4158 6212
333 315 454 379 389

1209 311 1309 371 DE
1354 309 1803 373 CElthUNlIS
1849 310 2086 373 AULIE
2142 309 2632 371 ΒΥΖΑΝΤΙΝιΕ
2674 310 2820 370 LlB.
2869 312 2919 370 Ι.
2966 324 2977 327 ‘

3632 309 3750 372 390

410 451 487 507 E'.
535 450 650 518 Τῆς
694 444 751 502 δὲ
802 444 946 510 θείας
989 443 1274 507 κοινωνίας
1320 442 1665 519 ἐγγιζοόσης,
1716 443 1991 519 προστάσ-

2178 445 2238 503 ν.
2291 444 2512 501 Divinas
2540 448 2738 502 autem
2787 442 3222 502 communionis
3254 449 3514 519 tempore
3560 447 3754 507 immi-

339 561 420 596 σει
474 540 502 594 6
552 536 916 611 πραιπόσιτος
965 534 1071 589 ἀπὸ
1117 532 1417 595 κελεῦσεως
1464 538 1545 606 τῷ
1591 541 1690 604 τῆς
1722 534 1994 589 καταστά-

342 650 501 695 σεως,
565 626 657 680 καὶ
714 621 1042 679 ἀποστέλλει
1111 619 1507 697 σιλεντιαρίους
1568 619 1664 676 δύο
1732 623 1867 698 πρὸς
1930 623 1992 678 τὸ

340 714 813 792 προσκαλέσασθαι
858 714 950 767 τὸν
1011 714 1387 790 πατριάρχην,
1418 712 1507 767 καὶ
1564 710 1852 788 ἀνάγουσιν
1903 713 1993 766 αὖ·

335 808 428 862 τὸν
461 805 549 860 διὰ
578 808 674 859 τοῦ
706 801 994 877 στυρακίου
1023 803 1077 854 ἐν
1128 799 1207 872 τῷ
1265 800 1556 875 εὐκτηρίῳ,
1592 800 1643 854 ἐν
1689 801 1735 872 ᾦ
1772 798 1990 856 ’ίσταται

339 897 368 949 6
418 891 694 971 βασιλεῦς.
734 892 1181 962 Κοινωνήσαντος
1242 886 1299 945 δὲ
1355 894 1450 945 τοῦ
1511 888 1784 964 βασιλέως
1848 889 1994 965 παρά

338 989 439 1039 τοῦ
469 983 813 1057 πατριάρχου
845 984 943 1036 τοῦ
990 979 1264 1054 ἀχράντου
1321 980 1575 1052 σώματος
1626 979 1716 1034 καὶ
1758 976 1990 1052 α’ίματος

337 1077 435 1129 τοῦ
468 1071 685 1146 Κυρίου,
711 1071 1013 1145 εἰσέρχεται
1059 1068 1109 1123 ἐν
1160 1074 1239 1141 τῷ
1269 1072 1518 1137 κοιτῶνι,
1550 1068 1639 1122 καὶ
1688 1069 1786 1123 εἶθ’
1819 1068 1993 1132 οὕτως

339 1159 679 1223 εἰσελθόντος
711 1158 985 1234 πατρίκιοί
1012 1179 1070 1214 τε
1106 1160 1194 1213 καὶ
1248 1157 1548 1233 στρατηγοὶ
1596 1155 1687 1211 καὶ
1738 1154 1994 1230 δομέστι-

339 1272 430 1306 κοι
461 1250 548 1305 καὶ
581 1251 633 1304 οἱ
672 1249 739 1303 τὰ
782 1251 973 1323 πρῶτα
1021 1245 1250 1326 όφφίκια
1297 1246 1646 1325 κατέχοντες,
1675 1250 1990 1302 κοινωνοῦσι

339 1340 431 1395 καὶ
475 1339 632 1396 αὐτοί
664 1337 723 1393 ἐκ
749 1341 855 1392 τῶν
889 1341 1094 1412 χειρῶν
1136 1341 1233 1391 τοῦ
1290 1336 1637 1411 πατριάρχου
1671 1352 1685 1368 ·
1725 1335 1815 1389 καὶ
1857 1335 1993 1391 πάν-

340 1453 449 1487 των
483 1427 807 1501 ἐξελθόντων
853 1427 941 1482 καὶ
988 1430 1086 1482 τοῦ
1133 1429 1481 1503 πατριάρχου
1523 1425 1826 1499 μέλλοντος
1866 1447 1993 1481 κατ-

344 1521 620 1600 ἔρχεσθαι,
657 1516 887 1579 ἑστῶτος
934 1521 1031 1572 τοῦ
1075 1514 1342 1592 βασιλέως
1390 1510 1692 1592 ἔμπροσθεν
1756 1523 1858 1585 τῆς
1899 1515 1995 1571 0-5-

346 1631 441 1687 ρας
499 1613 595 1665 τοῦ
662 1612 924 1669 κοιτῶνος
976 1606 1168 1677 αὐτοῦ,
1223 1610 1615 1683 προσκυνοῦσιν
1687 1606 1991 1682 ἀμφότεροι

346 1699 658 1771 ἀλλήλους,
711 1697 801 1753 καὶ
850 1696 1100 1752 ἀπελθὼν
1152 1698 1180 1750 ὁ
1229 1698 1584 1771 πατριάρχης
1634 1693 1843 1751 ἐκτελεῖ
1896 1697 1990 1765 τήν

344 1789 486 1845 Θείαν
540 1785 878 1863 λειτουργίαν
930 1787 1156 1841 ἅπασαν.
1204 1784 1562 1855 Τελεσθείσης
1605 1781 1662 1838 δὲ
1708 1791 1807 1853 τῆς
1849 1786 1994 1849 θείας

346 1875 713 1952 λειτουργίας,
756 1873 1035 1953 διέρχεται
1087 1874 1115 1928 6
1175 1872 1432 1948 βασιλεὺς
1482 1870 1842 1947 ἡλλαγμένος
1908 1871 1998 1928 διὰ

343 1972 442 2023 τοῦ
486 1965 771 2041 τρικλίνου
817 1971 920 2034 τῆς
963 1962 1149 2038 Ἀγίας
1214 1967 1411 2038 Σοροῦ,
1467 1963 1846 2038 βασταζόντων
1892 1966 1999 2017 τῶν

342 2051 822 2126 κουϐικουλαρίων
870 2052 937 2107 ta
993 2050 1162 2107 ἐκεῖσε
1210 2050 1336 2106 ὄντα
1382 2050 1531 2127 βῆλά
1570 2072 1630 2106 τε
1675 2052 1762 2105 καὶ
1813 2051 2001 2125 κορτί-

346 2165 447 2206 νας
479 2145 616 2218 (t3),
646 2143 735 2197 καὶ
767 2141 1052 2215 ἀνέρχεται
1086 2143 1114 2195 6
1149 2140 1401 2216 βασιλεὺς
1442 2138 1531 2195 διὰ
1559 2137 1656 2195 τοῦ
1692 2139 2000 2215 βισαλωτοῦ

347 2235 440 2289 καὶ
501 2236 600 2289 τοῦ
666 2230 923 2306 κοχλιοῦ,
973 2230 1063 2286 καὶ
1124 2229 1423 2305 εἰσέρχεται
1484 2228 1538 2285 ἐν
1583 2227 1663 2301 τῷ
1724 2225 2001 2302 Δανουῦίῳ

343 2320 633 2397 τρικλίνῳ,
704 2321 794 2375 καί
877 2318 1095 2377 ’ίσταται
1167 2321 1202 2388 ἡ
1277 2319 1438 2390 τιμία
1512 2319 1682 2373 αὐτοῦ
1765 2317 2005 2393 τράπεζα

2106 539 2300 603 nente,
2334 535 2674 606 praepositus
2705 551 2738 590 ιι
2770 535 3039 591 mandato
3081 534 3531 593 cerimoniarum
3560 541 3751 608 magi-

2105 628 2294 679 strum
2366 624 2553 694 jubet,
2613 628 2677 678 ut
2734 624 2878 679 duos
2937 623 3292 681 silentiarios
3358 626 3749 697 patriarcham

2103 718 2411 768 vocaturos
2446 711 2655 778 mittat,
2673 729 2846 783 quem
2872 727 2974 783 per
2990 712 3306 784 styracium
3331 714 3390 769 in
3412 716 3751 785 oratorium,

2109 802 2209 857 ubi
2239 802 2556 873 imperator
2597 808 2710 859 est.
2740 802 3057 856 adducunt.
3090 806 3407 874 Postquam
3443 804 3758 875 imperator

2102 907 2133 947 ο
2182 891 2520 960 patriarchas
2570 906 2746 947 manu
2786 908 2997 961 corpus
3041 895 3099 947 et
3144 894 3493 964 sanguinem
3526 894 3759 955 Domini

2102 980 2348 1052 accepit,
2380 979 2717 1035 cubiculum
2750 980 2945 1048 intrat,
2978 979 3038 1035 in
3069 996 3179 1049 quo
3204 982 3456 1052 patricii,
3490 988 3757 1058 etrategi,

2104 1069 2409 1125 domestici
2433 1074 2491 1124 et
2512 1068 2806 1140 supremis
2832 1068 3042 1124 ofﬁciis
3061 1069 3283 1125 admoti
3306 1088 3468 1127 sacra
3486 1089 3747 1130 commu-

2104 1158 2278 1215 nione
2306 1177 2338 1214 a
2368 1157 2698 1230 patriarcha
2738 1156 3152 1228 impertiuntur
3183 1175 3198 1215 :
3232 1161 3450 1231 quibus
3478 1165 3756 1222 omnibus

2102 1248 2373 1321 egressis,
2414 1249 2550 1303 dum
2601 1247 2950 1319 patriarcha,
3001 1247 3352 1321 imperatore
3399 1254 3469 1306 ad
3523 1259 3754 1324 portam

2102 1338 2359 1395 cubiculi
2408 1339 2495 1394 sui
2537 1338 2866 1405 constutito,
2898 1338 3252 1396 descendere
3275 1341 3423 1408 vult,
3448 1343 3552 1398 90
3578 1361 3642 1400 se
3671 1346 3759 1402 iu-

2102 1427 2290 1483 vieem
2340 1427 2602 1494 adorant,
2652 1425 2984 1499 patriarcha
3029 1427 3098 1481 ad
3160 1444 3391 1484 sacram
3442 1431 3752 1505 liturgiam

2103 1516 2510 1572 celebrandam
2531 1516 2671 1571 abit.
2704 1515 2828 1578 Qua
2856 1515 2926 1569 ad
2961 1515 3137 1571 finem
3172 1518 3471 1589 perducta,
3505 1521 3751 1593 impera.

2103 1612 2189 1661 tor
2239 1611 2461 1661 mutata
2491 1614 2641 1661 veste
2694 1622 2792 1676 per
2842 1604 3166 1660 triclinium
3199 1607 3398 1664 Sancti
3444 1610 3755 1681 Sepulchri

2102 1695 2333 1762 transit,
2366 1694 2742 1750 cubiculariis
2764 1692 2891 1749 vela
2919 1699 2977 1748 et
3001 1695 3279 1759 cortinas,
3314 1714 3441 1768 qua
3471 1699 3552 1754 ibi
3590 1705 3756 1769 sunt,

2106 1784 2499 1852 portantibus,
2547 1788 2604 1839 et
2644 1799 2742 1855 per
2772 1782 3081 1838 lateritiam
3122 1784 3611 1845 substructionem
3654 1807 3755 1846 co-

2105 1873 2449 1945 chleamque
2493 1873 2811 1929 triclinium
2842 1872 3172 1928 Danubium
3207 1873 3406 1941 intrat,
3458 1877 3557 1933 ubi
3587 1894 3756 1936 vene-

2108 1962 2291 2016 randa
2313 1977 2512 2016 mensa
2530 1962 2655 2032 ejus
2675 1961 3020 2034 reposita,et
3043 1965 3491 2034 protospatharii
3507 1965 3757 2038 barbati,

2109 2049 2707 2121 spatharocandidati,
2745 2050 3105 2105 manclavitaa
3144 2054 3452 2124 metarique
3500 2055 3758 2113 ministri

2112 2156 2318 2196 omnes
2364 2140 2697 2213 congregati
2726 2149 2906 2195 sunt:
2950 2154 3021 2193 ex
3057 2139 3173 2208 his,
3205 2158 3352 2211 quos
3398 2158 3574 2199 ccenas
3619 2148 3760 2202 adhi

2113 2228 2236 2284 beri
2260 2229 2336 2284 im
2346 2235 2576 2299 perator
2583 2229 2608 2299 j
2619 2228 2852 2298 usserit,
2884 2228 2988 2300 ibi,
3010 2230 3199 2285 caeteri
3232 2246 3517 2303 proceres,
3539 2233 3761 2306 singuli

2115 2319 2175 2374 in
2203 2336 2312 2374 suo
2357 2318 2649 2385 cubiculo,
2682 2324 2941 2377 manent.

349 2413 542 2482 ἐκεῖσε,
574 2410 664 2468 καὶ
719 2410 968 2485 μένουσιν
1020 2409 1191 2464 ἐκεῖσε
1246 2410 1735 2484 πρωτοσπαράριοι
1785 2404 2069 2483 βαρϐάτοι,
2122 2404 2678 2483 σπαθαροκανδιδάτοι
2727 2408 2817 2463 καὶ
2883 2410 2935 2463 οἱ
3004 2408 3092 2464 ἐπὶ
3147 2412 3245 2464 τοῦ
3316 2406 3630 2485 μαγλαόίου
3676 2414 3766 2467 καὶ

350 2504 536 2561 λοιποὶ
595 2499 823 2566 ἅπαντες
884 2502 1171 2569 οἷκειακοὶ,
1220 2501 1310 2555 καὶ
1358 2500 1481 2555 τότε
1527 2502 1579 2554 ot
1632 2501 1729 2573 μὲν
1775 2498 2071 2570 κληθέντες
2120 2499 2173 2570 ἑξ
2223 2497 2400 2555 αὐτῶν
2446 2496 2761 2573 ἐκδέχονται
2805 2499 3000 2569 ἐκεῖσε,
3051 2503 3105 2556 οἱ
3166 2498 3223 2556 δὲ
3271 2499 3461 2558 λοιποὶ
3504 2502 3767 2580 ἄρχοντες

348 2594 570 2657 ἕκαστος
601 2594 652 2650 ἐν
683 2599 764 2667 τῷ
792 2598 1016 2649 κοιτῶνι
1055 2591 1219 2648 αὐτοῦ
1250 2592 1316 2648 90.

416 2689 475 2757 ς’.
520 2687 581 2744 Ὀ
640 2683 698 2740 δὲ
756 2684 1012 2762 βασιλεὺς
1082 2681 1326 2747 ἀνελθὼν
1380 2681 1433 2737 ἐν
1476 2687 1555 2755 τῷ
1602 2684 2005 2755 Ἀναστασιακῷ

345 2775 606 2852 τρικλίνῳ
659 2776 749 2830 καὶ
802 2772 1140 2847 ἀπαλλάξας,
1195 2771 1337 2846 μένει
1393 2773 1526 2845 μετὰ
1572 2771 1636 2826 τὸ
1684 2767 2006 2843 ὃιϐητνςσιον

350 2868 549 2923 αὐτοῦ·
586 2868 636 2922 οἱ
688 2863 744 2921 δὲ
786 2866 1167 2940 σιλεντιαριοι,
1210 2860 1717 2938 προσκαλεσάμενοι
1765 2864 1857 2919 τὸν
1902 2883 2008 2918 πα-

341 2956 639 3032 τριάρχην,
676 2954 1024 3033 ἀναφέρουσιν
1074 2953 1237 3009 αὐτὸν
1291 2952 1458 3027 μέχρι
1497 2956 1594 3007 τοῦ
1624 2951 1883 3027 κοχλιοῦ,
1914 2951 2005 3007 καὶ

343 3045 564 3110 καθίσας
630 3043 801 3100 ἐκεῖσε
868 3041 1106 3113 πλησίον
1170 3044 1272 3107 τῆς
1340 3042 1664 3116 είσαγοόσης
1719 3041 1901 3111 πύλης
1950 3040 2003 3097 ἐν

342 3139 422 3206 τῷ
465 3133 750 3210 τρικλίνῳ,
803 3130 854 3186 ἐν
901 3131 946 3204 ᾧ
995 3134 1030 3201 ἡ
1080 3132 1318 3205 τράπεζα
1373 3127 1614 3200 ἵσταται,
1669 3130 1861 3204 μηνύει
1922 3131 2002 3203 τῷ

2181 2682 2273 2737 VI.
2310 2684 2631 2753 Imperator
2673 2684 2734 2740 in
2779 2683 3100 2742 triclinium
3144 2686 3433 2742 Anastasii
3477 2690 3762 2762 ascendit,

2109 2776 2185 2841 et,
2219 2772 2483 2828 vestibus
2514 2773 2727 2843 exutis,
2761 2773 2821 2828 in
2853 2791 2958 2831 suo
2993 2775 3277 2833 dibetesic
3308 2783 3505 2833 manet
3544 2794 3558 2835 :
3591 2778 3767 2836 silen-

2109 2860 2268 2916 tiarii
2314 2876 2447 2917 vero
2487 2862 2832 2918 advocatum
2892 2865 3282 2937 patriarcham
3347 2868 3420 2922 ad
3469 2868 3765 2925 cochleam

2110 2950 2355 3016 ducunt,
2389 2950 2513 3015 ubi,
2546 2952 2687 3005 dum
2721 2967 2900 3024 prope
2928 2959 3155 3023 portam
3185 2954 3246 3009 in
3279 2955 3628 3023 triclinium,
3665 2958 3762 3014 ubi

2111 3053 2318 3093 mensa
2339 3039 2525 3109 posita
2556 3042 2667 3104 est,
2699 3041 3027 3109 ducentem,
3051 3042 3287 3111 residet,
3322 3046 3673 3113 praepositus
3703 3045 3762 3100 id

2110 3125 2448 3198 imperatori
2479 3127 2721 3197 indicat,
2770 3128 2868 3198 qui
2901 3130 3279 3200 praepositum
3320 3131 3508 3201 jubet,
3545 3136 3610 3187 ut
3661 3149 3764 3203 pa-

352 3195 571 3298 βασιλεῖ
618 3224 646 3278 6
693 3221 1075 3295 πραιπόσιτος,
1136 3221 1163 3275 6
1215 3217 1271 3275 δὲ
1341 3218 1597 3295 βασιλεὺς
1655 3217 1864 3276 κελεύει
1919 3224 2001 3291 τῷ

2112 3195 2429 3271 triarcham
2451 3195 2739 3285 arcessat;
2772 3195 2898 3289 ipse
2919 3234 3055 3290 sago
3086 3235 3192 3275 suo
3216 3219 3561 3287 indutus,ad
3596 3237 3759 3278 meu-

356 3311 704 3384 πραιποσίτῳ
777 3308 1251 3383 προσκαλέσασθαι
1314 3307 1402 3362 τὸν
1481 3308 1850 3383 πατριάρχην,
1911 3305 2002 3361 καὶ

351 3397 563 3453 ἵσταται
613 3398 640 3452 6
696 3395 974 3472 βασιλεὺς,
1027 3400 1215 3471 φορῶν
1259 3396 1322 3451 τὸ
1363 3394 1542 3470 σαγίον
1593 3396 1782 3468 αὐτοῦ,
1833 3395 1883 3450 ἐν
1932 3398 2001 3469 τῇ

351 3486 592 3561 τραπέζῃ
646 3483 1003 3561 ἐκδεχόμενος
1051 3487 1143 3541 τὸν
1201 3484 1571 3559 πατριάρχην,
1632 3494 1720 3539 και
1767 3484 2004 3541 καταλα-

352 3570 542 3635 ϐόντος
607 3579 705 3629 τοῦ
768 3575 1132 3649 πατριάρχου,
1201 3572 1632 3647 προσκαλοῦνται
1701 3573 1846 3649 παρᾶ
1907 3578 2004 3628 τοῦ

350 3664 697 3742 πατριάρχου
753 3664 805 3717 οἱ
862 3664 1024 3737 ἱερεῖς
1077 3662 1168 3717 καὶ
1228 3666 1445 3716 ποιοῦσι
1493 3662 1583 3716 τὸν
1631 3663 1843 3738 στίχον.
1900 3662 2003 3718 Καὶ

353 3754 453 3818 εἶθ’
498 3755 672 3815 οὕτως
704 3755 731 3809 6
766 3753 862 3827 μὲν
917 3751 1174 3829 βασιλεὺς
1219 3747 1477 3807 ἐκϐάλλει
1508 3752 1570 3806 τὸ
1601 3753 1791 3828 σαγίον
1817 3751 2005 3824 αὐτοῦ,

353 3844 382 3898 6
415 3840 471 3898 δὲ
501 3863 853 3917 πατριαρχης
904 3843 966 3897 τὸ
1022 3842 1339 3919 ὡμονρόριον
1389 3840 1578 3907 αὐτοῦ,
1611 3842 1698 3895 καὶ
1748 3837 2003 3903 λαϐόντες

350 3930 484 3988 αὒτὸ
540 3935 592 3987 οἱ
647 3934 833 4008 ἱερεῖς,
883 3928 1219 4006 ἐξέρχονται.
1280 3931 1381 3987 Καὶ
1443 3929 1754 3994 καθίσαντες
1813 3928 1865 3984 ἐν
1935 3935 2004 4005 τῇ

351 4021 593 4097 τραπέζῃ
623 4023 652 4076 ὅ
680 4043 738 4077 τε
800 4020 1054 4098 βασιλεὺς
1085 4021 1176 4075 καὶ
1226 4021 1253 4075 6
1297 4018 1666 4096 πατριάρχης,
1700 4018 2006 4099 εἰσφέρουσι

350 4113 419 4167 τὰ
448 4112 825 4187 κουκουμάρια
864 4106 1319 4185 κουϐικουλάριοι
1353 4106 1470 4179 δύο,
1502 4110 1592 4164 καὶ
1626 4108 1839 4163 πίνουσι
1872 4110 2009 4183 πρὸς

355 4203 513 4273 ἅπαξ,
545 4202 635 4257 καὶ
668 4201 765 4257 εἶθ’
800 4201 977 4264 οὕτως
1008 4199 1349 4275 εἰσέρχονται
1381 4200 1432 4253 οἱ
1483 4196 1660 4276 φίλοι,
1693 4199 1780 4253 καὶ
1828 4197 2007 4254 ἐπιτε-

360 4292 535 4348 λεῖται
566 4294 601 4361 ἡ
634 4293 889 4362 συνήθεια
917 4296 1063 4348 πᾶσα
1088 4295 1186 4345 τοῦ
1204 4289 1518 4366 τραπεζίου*
1553 4290 1640 4344 καὶ
1670 4288 2005 4344 ἀναστάντων

356 4386 465 4436 τῶν
490 4380 666 4458 φίλων
697 4380 787 4435 καὶ
820 4378 1165 4451 ἐξελθόντων,
1194 4377 1339 4451 μένει
1373 4379 1403 4433 6'
1434 4399 1492 4434 τε
1540 4376 1798 4454 βασιλεὺς
1844 4378 1931 4434 καὶ
1979 4378 2007 4432 6

360 4471 729 4546 πατριάρχης,
770 4470 860 4524 καὶ
902 4468 1207 4548 εἰσῳέρουσι
1258 4467 1426 4524 πάλιν
1477 4468 1529 4522 οἱ
1559 4463 2008 4542 κουϐικουλάριοι

2109 3324 2233 3363 sam
2266 3306 2654 3379 patriarcham
2673 3308 2907 3380 excipit,
2931 3308 3028 3379 qui
3054 3310 3315 3380 veniens,
3336 3312 3668 3369 sacerdotes
3689 3313 3761 3369 ad

2108 3395 2365 3453 stichum
2397 3412 2500 3452 seu
2533 3396 2853 3454 orationem
2877 3398 3185 3455 dicendam
3219 3405 3406 3456 vocat.
3441 3403 3763 3474 Imperator

2107 3487 2317 3543 deinde
2349 3504 2564 3560 sagum
2594 3503 2784 3553 suum,
2821 3489 3153 3561 patriarcha
3186 3506 3321 3547 vero
3352 3493 3761 3565 omophorium

2111 3576 2369 3648 deponit,
2418 3579 2749 3633 sacerdotes
2806 3583 3120 3651 postquam
3180 3596 3471 3652 accepere,
3523 3582 3761 3640 abeunt.

2111 3664 2333 3721 Interea
2363 3666 2506 3721 dum
2560 3682 2775 3722 mensa:
2806 3666 3127 3737 imperator
3159 3673 3214 3722 et
3245 3670 3576 3739 patriarcha
3613 3673 3762 3729 assi-

2111 3755 2271 3825 dent,
2303 3756 2417 3809 duo
2448 3754 2792 3810 cubicularii
2823 3757 3162 3811 cucumaria
3193 3759 3466 3825 afferunt,
3490 3777 3553 3813 ac
3583 3762 3763 3817 semel

2113 3842 2345 3910 bibunt,
2371 3842 2600 3907 deinde,
2621 3842 2825 3897 amicis
2847 3842 3143 3913 ingressis,
3171 3845 3364 3899 omnis
3390 3862 3601 3901 meusaa
3624 3851 3762 3905 ordo

2115 3930 2445 4002 peragitur:
2472 3933 2780 4000 postquam
2800 3946 2933 3985 vero
2956 3946 3258 3987 surrexere
3278 3934 3449 3989 amici
3474 3939 3529 3989 et
3546 3938 3768 4007 egressi

2114 4024 2275 4090 sunt,
2301 4018 2619 4087 imperator
2641 4023 2698 4073 et
2720 4018 3053 4091 patriarcha
3077 4027 3401 4090 remanent,
3419 4024 3769 4082 cubicularii

2114 4125 2323 4166 rursus
2356 4108 2696 4165 cucumaria
2727 4108 2999 4177 afferunt,
3033 4113 3089 4165 et
3121 4119 3432 4184 postquam
3465 4114 3657 4170 adhuc
3681 4132 3767 4171 se-

2112 4199 2228 4256 mel
2262 4203 2464 4271 potum
2498 4214 2817 4269 sumpsere,
2849 4203 3117 4271 surgunt,
3142 4206 3199 4256 et
3230 4202 3559 4273 patriarcha
3596 4204 3767 4276 paulo

2112 4293 2246 4344 ante
2269 4304 2564 4361 egressus,
2582 4287 3012 4359 omophorium,
3028 4288 3341 4362 imperator
3363 4308 3566 4365 sagum
3592 4310 3766 4350 suum

2114 4378 2328 4448 induit,
2361 4377 2636 4450 dictaque
2654 4377 2935 4447 oratione,
2964 4379 3293 4449 patriarcha
3316 4381 3653 4453 imperatori
3676 4382 3771 4439 be-

2115 4468 2511 4525 nedictionem
2539 4467 2661 4538 dat,
2683 4468 3012 4524 sacerdotes
3041 4467 3276 4525 abeunt.
3299 4470 3613 4544 Postquam
3636 4488 3770 4528 vero

355 4559 422 4614 τὰ
450 4560 848 4633 κουκουμάρια,
870 4559 959 4614 καὶ
990 4559 1210 4620 πιόντες
1240 4554 1351 4613 παλ
1365 4579 1408 4612 ιν
1440 4558 1574 4633 πρὸς
1606 4553 1743 4627 ἅπαξ
1764 4556 2001 4612 ἀνίσταν-

2120 4558 2310 4613 adhuc
2340 4555 2977 4629 paulisperimperator
3008 4564 3063 4613 et
3095 4558 3427 4628 patriarcha
3443 4561 3771 4617 conversati

355 4670 466 4719 ται,
497 4649 587 4704 καὶ
620 4650 649 4705 6
682 4649 776 4722 μὲν
808 4647 1159 4727 πατριάρχης
1207 4648 1399 4723 μικρὸν
1445 4645 1768 4717 ὑπεξελθὼν,
1815 4644 2013 4722 βάλλει

359 4739 452 4795 τὸν
487 4739 807 4814 ὠμοοόριον
837 4737 1025 4807 αυτοῦ,
1058 4739 1086 4793 6
1127 4735 1183 4792 δὲ
1217 4735 1475 4813 βασιλεὺς
1515 4737 1577 4792 τὸ
1609 4757 1792 4811 σαγιον
1826 4734 2015 4807 αὔτοῦ,

364 4828 452 4883 καὶ
486 4829 731 4888 εἰπόντες
778 4829 872 4882 τὸν
914 4827 1124 4901 στίχον,
1156 4824 1445 4881 ἐπιδίδωσι
1486 4830 1564 4898 τῷ
1614 4826 1830 4902 βασιλεῖ
1856 4827 1882 4882 6
1913 4847 2020 4881 πα-

362 4919 634 4993 τριάρχης
684 4916 962 4992 εὐλογίας,
1021 4914 1109 4970 καὶ
1162 4914 1471 4992 ἐξέρχονται
1529 4916 1580 4970 οἱ
1638 4916 1820 4991 ἱερεῖς.
1881 4917 2020 4981 Καθ-

358 5005 541 5076 ἐζεται
599 5003 655 5058 ὂὶ
702 5002 733 5058 ὅ
783 5024 840 5058 τε
900 5001 1156 5077 βασιλεὺς
1202 5004 1294 5059 καὶ
1343 5005 1371 5058 6
1401 5004 1749 5079 πατριάρχης
1800 5006 2019 5080 μικρὸν,

2126 4653 2285 4715 sunt,
2320 4650 2453 4719 post
2490 4645 2886 4701 adorationem
2938 4652 2995 4701 et
3040 4646 3454 4706 salutationem
3505 4660 3770 4708 mutuam

2126 4736 2525 4808 egrediuntur,
2549 4739 2608 4789 et
2636 4734 3029 4805 patriarcham
3055 4736 3287 4807 quidem
3322 4739 3574 4810 prtefecti
3604 4740 3773 4797 cubi-

2127 4826 2245 4883 culi
2273 4826 2345 4881 ad
2377 4824 2695 4893 cochleam,
2735 4824 2874 4880 inde
2904 4826 3218 4882 silentiarii
3246 4828 3315 4883 ad
3350 4828 3619 4886 inferiora
3639 4846 3773 4887 cou-

2127 4917 2366 4983 dueunt,
2397 4913 2715 4985 imperator
2742 4929 2899 4986 vero,
2925 4914 3183 4988 quandiu
3214 4917 3376 4991 cupit
3404 4922 3461 4975 et
3487 4917 3665 4990 lubet,
3689 4919 3771 4976 ibi

2128 5007 2453 5078 permanet.

355 5095 681 5173 ὁμιλοῦντες
739 5095 875 5169 πρὸς
926 5092 1233 5169 ἀλλήλους,
1293 5096 1403 5151 εἶτα
1455 5096 1924 5172 προσκυνήσαντες
1979 5094 2265 5167 ἀλλήλους
2319 5093 2408 5149 καὶ
2464 5092 2857 5167 ἀσπασάμενοι,
2906 5091 3241 5174 ἐξέρχονται,
3298 5096 3388 5152 καὶ
3435 5098 3466 5154 6
3517 5098 3612 5172 μὶν
3666 5118 3774 5154 πα-

1728 5214 1969 5271 vasus
2010 5213 2424 5271 LECTIONES.
2580 5190 2584 5193 ’

429 5331 478 5367 ⁹⁰
509 5331 613 5390 Pro
644 5330 909 5410 ἄρχοντες
943 5362 1009 5373 -
1041 5330 1207 5387 αὐτοῦ
1239 5330 1304 5387 Β.
1333 5332 1481 5402 conj.
1528 5328 1655 5406 ἅρχ.
1691 5330 1908 5387 ἀπίασιν
1945 5327 2173 5394 ’ἕκαστος
2205 5331 2256 5387 ἐν
2296 5334 2376 5402 τῷ
2408 5327 2544 5403 οἷ’κῳ
2572 5328 2760 5389 αὐτοῦ.

1404 5445 1605 5503 JOAN.
1644 5449 1787 5504 JAC.
1841 5448 2103 5506 REISKII
2142 5446 2725 5506 COMMENTARIUS.
3326 5518 3329 5521 Α

429 5557 540 5629 (t3)
599 5556 787 5631 Quale
829 5558 1142 5631 discrimen
1192 5557 1266 5613 sit
1314 5554 1468 5611 inter
1503 5554 1628 5612 vela
1674 5559 1731 5613 et
1778 5556 2058 5627 cortinas,
2098 5558 2366 5631 equidem
2418 5574 2529 5615 non
2566 5556 2850 5630 intelligo.
2884 5561 3010 5617 Non
3041 5559 3198 5619 enim
3235 5560 3499 5619 videntur
3530 5561 3620 5619 hic
3662 5561 3783 5619 loci

363 5631 600 5688 cortinae
623 5631 743 5688 vela
777 5630 834 5689 in
863 5630 1131 5688 fenestris
1162 5645 1447 5701 suspensa
1478 5643 1626 5686 esse.
