4158 6212
303 311 420 400 δορᾷ

1143 337 1246 396 DE
1289 334 1744 397 CERIMONIIS
1787 334 2024 397 AULJE
2069 335 2544 397 ΒΥΖΑΝΤΙΝίΕ
2583 340 2739 398 LIB.
2785 341 2836 399 I.

3595 339 3714 405 394

301 475 436 527 Θεοῦ
478 467 757 525 ἐκτελέσαι
793 469 893 538 τὴν
934 462 1302 523 πανσέϐαστον
1334 467 1425 522 καὶ
1471 467 1629 540 ἁγίαν
1680 469 1948 542 Τετταρα-
1978 503 1990 543 Α

2076 469 2507 543 Iragesimalem
2532 471 2820 529 hortatur.
2844 474 2968 541 Quo
2992 472 3159 542 facto,
3183 476 3713 549 secretariusjussn

302 562 503 631 κοπτήν
545 559 614 596 9⁸³
677 559 774 613 Καὶ
822 557 919 614 εἶθ’
976 556 1149 620 οὕτως
1203 555 1481 628 ἐπιτρέπει
1530 557 1816 634 ἀσηκρήτῃ
1861 557 1956 612 καὶ

306 647 733 727 ἐπαναγινώσκει
787 647 850 702 τὸ
905 645 1373 723 ἐπαναγνωστικὸν
1422 650 1554 718 (18).
1611 645 1960 717 τελεσθείσης

303 741 362 799 δὲ
399 749 497 813 τῆς
530 739 904 818 ἀναγνώσεως,
939 739 1176 820 εὐφημεῖ
1202 744 1308 804 πᾶς
1339 742 1367 796 ὁ
1401 741 1532 804 λαὸς
1563 741 1656 796 τὸν
1704 739 1951 816 βασιλέα·

305 833 445 907 μετᾶ
475 830 532 886 δὲ
559 833 658 902 τήν
693 830 964 904 εὐφημίαν
1018 833 1115 886 τοῦ
1159 828 1298 885 λαοῦ
1341 829 1590 885 ἀποκινεῖ
1627 833 1668 868 ³⁷
1721 831 1749 885 ὁ
1803 830 1955 906 βασι-

307 921 436 985 λεὺς
499 920 588 977 καὶ
661 917 937 994 διέρχεται
995 916 1085 974 διὰ
1139 923 1236 975 τοῦ
1284 920 1567 993 εὐωνύμου
1611 919 1807 995 μέρους
1854 926 1955 989 τῆς

306 1009 635 1085 μανναύρας,
684 1008 772 1065 καὶ
815 1005 1242 1085 δηριγευόμενος
1295 1009 1398 1065 ὑπὸ
1439 1013 1538 1066 τοῦ
1584 1009 1954 1084 πραιποσίτου

304 1101 400 1155 καὶ
449 1103 557 1156 τῶν
609 1097 819 1155 λοιπῶν
850 1101 949 1152 τοῦ
977 1091 1375 1154 κουϐουκλείου
1417 1098 1507 1154 καὶ
1556 1099 1958 1174 πρωτοσπαθα-

307 1189 464 1266 ρῖων,
494 1189 584 1244 καὶ
638 1185 993 1263 διερχόμενος
1044 1188 1092 1224 ⁸³
1145 1185 1237 1242 διὰ
1291 1193 1400 1244 τῶν
1455 1183 1820 1244 ἐκσκουϐίτων
1865 1187 1955 1244 καὶ

300 1285 412 1337 τῶν
446 1279 691 1355 σχολῶν,
722 1276 811 1333 διὰ
838 1285 937 1348 τῆς
972 1282 1170 1352 μικρᾶς
1197 1276 1382 1350 πύλης
1405 1280 1502 1350 τῆς
1533 1276 1959 1354 χαλκῆς,είσέρ-

2067 560 2190 630 ejus
2223 562 2527 618 lectionem
2560 561 2776 628 recitat,
2809 577 2992 634 eaque
3025 563 3208 633 ﬁnita,
3243 564 3495 637 populus
3526 569 3716 624 fausta

2066 653 2286 726 quaevis
2315 652 2649 724 imperatori
2682 660 3029 725 apprecatur
3060 671 3073 709 :
3101 655 3198 727 qui
3230 663 3363 726 post
3392 656 3713 714 solemnem

2066 742 2547 800 acclamationem
2582 743 2774 814 pupuli
2807 743 2950 814 abit,
2983 760 3203 816 perque
3249 745 3552 803 sinistram
3598 765 3719 804 ma-

2065 850 2295 905 gnauraa
2349 836 2596 904 partem,
2646 831 2895 905 stipatus
2945 850 2978 888 a
3027 835 3331 906 praeposito
3381 837 3716 909 casterisque

2065 922 2445 979 cubiculariis
2466 927 2524 977 et
2546 921 3054 994 protospathariis,
3088 941 3188 995 per
3229 925 3503 981 excubias
3535 927 3716 984 scho-

2065 1012 2269 1084 lasque
2299 1010 2524 1081 transit,
2548 1027 2762 1084 perque
2784 1028 3019 1083 parvam
3044 1017 3270 1085 portam
3294 1031 3510 1070 aeneam
3535 1016 3606 1071 ad
3629 1033 3718 1073 θαι

2066 1115 2229 1158 crum
2251 1105 2490 1174 puteum
2516 1100 3062 1170 acceditcereosque
3077 1101 3360 1158 accendit.
3381 1103 3462 1158 Ibi
3480 1104 3718 1176 patriar-

2067 1191 2174 1248 cha
2205 1193 2398 1264 ipsum
2427 1190 2488 1247 in
2531 1192 2718 1262 janua
2748 1191 2820 1247 ad
2852 1191 3134 1265 templum
3183 1195 3430 1252 ducente
3478 1195 3715 1267 excipit,

2066 1282 2222 1338 unde
2251 1283 2424 1338 ambo
2457 1281 2528 1336 ad
2561 1295 2755 1336 sacras
2788 1285 2982 1354 portas
3016 1289 3287 1354 pergunt.

303 1391 466 1447 χεται
502 1371 552 1426 ἐν
593 1375 674 1442 τῷ
720 1368 862 1444 ἁγίῳ
910 1369 1098 1445 φρέατι
1148 1368 1240 1425 καὶ
1297 1371 1454 1425 ἅπτει
1500 1368 1745 1444 κηρούς·
1799 1369 1827 1424 ὁ
1868 1366 1925 1424 δὲ
1977 1370 2324 1447 πατριάρχης
2376 1368 2591 1446 δέχεται
2638 1369 2800 1426 αὐτὸν
2837 1371 2892 1426 ἐν
2938 1376 3019 1444 τῷ
3075 1372 3216 1450 ἁγίῳ
3282 1373 3492 1453 φρέατι,
3542 1373 3592 1430 ἐν
3650 1378 3720 1448 τῇ

303 1463 456 1536 πύλῃ
483 1466 552 1536 τῇ
592 1459 882 1536 εἷ’σαγούσῃ
921 1453 1071 1515 ἔνδον
1113 1464 1211 1515 τοῦ
1256 1464 1408 1533 ναοῦ,
1437 1461 1526 1516 καὶ
1577 1459 1920 1536 εἰσέρχονται
1971 1457 2274 1539 ἀμφότεροι
2323 1461 2491 1538 μέχρι
2540 1467 2650 1518 τῶν
2699 1462 2870 1536 ἁγίων
2916 1463 3109 1537 θυρῶν.

383 1556 455 1612 Β’.
495 1555 674 1626 ’Ἂψας
738 1547 796 1604 δὲ
846 1551 1052 1625 κηροὺς
1089 1550 1117 1604 ὁ
1165 1548 1421 1625 βασιλεὺς
1481 1550 1573 1606 καὶ
1635 1550 1952 1624 εὐξάμενος,

306 1639 623 1700 ἐπιδίδωσιν
680 1638 876 1702 αὐτοὺς
933 1644 1013 1712 τῷ
1070 1640 1433 1714 πραιποσίτῳ.
1490 1640 1586 1695 Καὶ
1646 1641 1956 1716 προσκυνή-

2141 1555 2208 1611 ΙΙ.
2242 1555 2383 1609 Cum
2417 1553 2600 1609 cereis
2629 1558 2825 1608 autem
2859 1554 3120 1610 accensis
3152 1559 3418 1626 precatus
3463 1557 3715 1628 impera-

2067 1647 2178 1707 tor,
2211 1658 2310 1699 eos
2343 1641 2650 1713 praeposito
2681 1642 2875 1710 tradit,
2906 1646 2963 1698 et
3010 1649 3320 1715 postquam
3370 1661 3430 1702 se
3469 1645 3718 1704 invicem

309 1752 495 1794 σαντες
547 1728 832 1800 ἀλλήλους
892 1724 920 1782 ὅ
973 1749 1031 1782 τε
1073 1727 1326 1803 βασιλεὺς
1375 1729 1466 1784 καὶ
1515 1730 1542 1783 ὁ
1589 1729 1990 1806 πατριάρχης,⁴

2076 1731 2381 1804 imperator
2411 1741 2464 1788 et
2497 1731 2820 1805 patriarcha
2853 1733 3102 1788 venerati
3162 1739 3319 1802 sunt,
3354 1734 3452 1791 ille
3498 1737 3573 1792 ad
3605 1754 3720 1792 me-

310 1822 610 1896 ἀπέρχεται
659 1817 710 1874 έν
763 1822 842 1889 τῷ
894 1817 1265 1890 μητατωρίῳ·
1305 1823 1374 1892 τῇ
1419 1819 1521 1894 γὰρ
1572 1821 1754 1892 ἡμέρᾳ
1778 1817 1954 1893 ἐκείνῃ

2076 1824 2341 1878 tatorium
2388 1821 2508 1877 abit
2553 1838 2566 1876 :
2617 1822 2718 1878 O2
2769 1821 2876 1878 hoc
2925 1821 3081 1878 enim
3114 1823 3206 1878 die
3237 1825 3558 1880 sacrarium
3603 1842 3716 1881 non

309 1911 346 1966 ὁ
380 1908 634 1976 βασιλεὺς
679 1905 781 1963 οῦκ
825 1906 1128 1980 εἰσέρχεται
1179 1907 1255 1968 εἰς
1312 1907 1376 1960 τὸ
1429 1909 1836 1981 θυσιαστήριον,
1866 1907 1958 1962 καὶ

305 1998 537 2060 τελέσας
565 1998 664 2066 τὴν
720 1993 1041 2070 τριτοέλτην
1075 1997 1207 2065 (19),
1240 1991 1512 2070 ἐξέρχεται
1546 1996 1606 2050 ἐκ
1647 1999 1742 2050 τοῦ
1786 2015 1960 2067 μητα-

299 2087 538 2163 τωρίου.
559 2085 663 2143 Καὶ
713 2085 1182 2159 προσκυνήσαντες
1233 2081 1518 2154 αλλήλους
1571 2085 1662 2140 καὶ
1719 2085 1964 2140 ἀσπασά-

309 2197 496 2252 μενοι,
538 2173 813 2251 διέρχεται
866 2175 959 2247 μὲν
1011 2174 1039 2228 ὁ
1093 2171 1347 2248 βασιλεὺς
1400 2171 1491 2229 διὰ
1517 2179 1619 2228 τοῦ
1651 2171 1826 2244 δεξιοῦ
1863 2175 1963 2248 μέ-

310 2287 442 2342 ρους
474 2268 570 2320 τοῦ
599 2267 751 2331 ναοῦ,
781 2266 881 2319 τοῦ
919 2262 1187 2337 νάρθηκος
1227 2262 1316 2318 καὶ
1347 2267 1444 2318 τοῦ
1493 2261 1827 2340 ὡρολογίου,
1870 2264 1956 2319 καὶ

305 2354 588 2430 ἐξέρχεται
639 2351 693 2408 ἐν
741 2355 808 2426 τῇ
858 2353 993 2426 πρὸς
1045 2348 1195 2406 δύσιν
1243 2348 1378 2427 οὔσῃ
1423 2352 1638 2428 μεγάλῃ
1689 2352 1838 2427 πύλῃ
1889 2355 1961 2426 τῇ

310 2442 575 2518 ἰξαγούσῃ
628 2439 715 2496 ἐπὶ
786 2441 880 2496 τὸν
953 2439 1176 2514 ἀθύραν,
1223 2441 1512 2505 Ἰππεύσας
1578 2439 1636 2496 δὲ
1694 2441 1799 2496 ἇπὸ
1857 2446 1962 2496 τῶν

309 2530 505 2602 ἐκεῖσε,
536 2528 812 2605 διέρχεται
846 2527 932 2584 διὰ
990 2533 1088 2584 τοῦ
1149 2528 1361 2602 μιλίου,
1393 2530 1564 2606 φόρου
1613 2551 1670 2585 τε
1715 2531 1805 2585 καὶ
1862 2532 1960 2585 τοῦ

321 2625 528 2696 μακροῦ
592 2613 837 2693 ἐμϐόλου
901 2623 996 2674 τοῦ
1064 2620 1379 2694 Μαυριανοῦ
1427 2619 1518 2673 καὶ
1565 2623 1661 2674 τοῦ
1711 2618 1959 2694 Πετρίου,

316 2713 406 2767 καὶ
438 2709 736 2786 ἀπέρχεται
770 2707 934 2783 μέχρι
963 2715 1065 2778 τῆς
1100 2708 1369 2785 Παναγίας
1409 2709 1680 2763 Θεοτόκου
1727 2708 1781 2764 ἐν
1829 2708 1964 2765 Βλα-

320 2801 565 2875 χέρναις.
617 2799 840 2853 Κὶκεῖσε
899 2791 1248 2865 καταλαϐὼν,
1301 2795 1628 2876 κατέρχεται
1686 2797 1792 2852 ἀπὸ
1864 2801 1962 2853 τοῦ

314 2887 490 2944 ἵππου
537 2887 628 2942 καὶ
676 2885 960 2961 ἀνέρχεται
1017 2883 1069 2940 ἐν
1114 2891 1234 2948 τοῖς
1277 2887 1761 2962 κατηχουμενίοις,
1813 2887 1963 2957 εύξά-

322 2997 481 3050 μενος
529 2973 586 3031 δὲ
625 2976 780 3032 ἅπτει
826 2974 1032 3051 κηροῦς
1092 2971 1144 3030 ἔν
1201 2995 1260 3031 τε
1307 2979 1388 3048 τῷ
1425 2981 1821 3050 παρακοπτικῷ
1866 2980 1966 3048 τῆς

318 3067 504 3142 Ἀγίας
538 3068 736 3142 Σοροῢ,
768 3063 821 3120 ἓν
849 3067 930 3136 τῷ
957 3064 1234 3139 εὐκτηρίφ
1262 3065 1352 3120 καὶ
1386 3064 1438 3120 έν
1465 3069 1546 3138 τῷ
1601 3059 1702 3136 ἔξω
1752 3070 1965 3142 σταυρῷ

2067 1912 2291 1967 intrat:
2327 1912 2489 1966 finito
2539 1911 2731 1967 ofﬁcio
2782 1911 2958 1968 tertias
3003 1916 3060 1967 et
3107 1920 3296 1981 sextis,
3331 1930 3361 1970 e
3415 1915 3720 1972 melatorio

2069 2000 2384 2073 egreditur.
2402 2000 2538 2055 Post
2555 2001 2887 2071 patriarcha
2905 1999 3312 2058 salutationem
3340 2018 3442 2074 per
3457 2007 3717 2059 dextram

2070 2090 2294 2161 templi,
2328 2090 2619 2145 narthecis
2649 2095 2706 2144 et
2735 2090 3019 2160 horologii
3053 2096 3271 2162 partem
3302 2093 3371 2147 ad
3396 2094 3720 2148 occidenta-

2070 2177 2183 2234 lem
2205 2195 2473 2248 magnam
2495 2183 2746 2250 portam,
2771 2195 2900 2249 quae
2922 2180 2979 2233 in
3003 2180 3264 2250 athyrem
3289 2181 3470 2244 ducit,
3491 2197 3720 2253 progre-

2071 2267 2252 2323 ditur.
2275 2268 2416 2323 lnde
2445 2283 2596 2340 equo
2618 2271 2821 2323 vectus
2851 2267 3186 2338 imperator,
3217 2285 3318 2340 per
3338 2267 3613 2336 millium,
3635 2270 3722 2326 fo-

2072 2373 2199 2413 rum
2221 2355 2567 2428 longamque
2590 2356 2875 2427 porticum
2900 2355 3181 2412 Mauriani
3206 2365 3258 2412 et
3279 2357 3454 2413 Petrii
3486 2358 3554 2413 ad
3579 2362 3719 2414 San-

2073 2451 2177 2503 cte
2199 2446 2456 2517 Deiparaa
2478 2445 2536 2501 in
2561 2445 2893 2501 Blacbernis
2911 2445 3182 2510 abil.Quo
3206 2452 3514 2516 postquam
3539 2447 3718 2518 venit,

2071 2551 2218 2606 equo
2249 2533 2547 2590 descendit
2579 2541 2631 2589 et
2680 2534 2748 2588 ad
2797 2534 3211 2590 catechumena
3261 2536 3404 2602 abit,
3455 2541 3720 2606 precatus

2069 2640 2202 2680 vero
2235 2640 2431 2680 cereos
2453 2624 2510 2678 in
2534 2623 2742 2678 throno
2765 2623 2960 2679 Sancti
2989 2623 3272 2694 Sepulcri,
3299 2625 3355 2680 in
3381 2626 3629 2682 oratorio
3655 2631 3719 2682 et

2070 2729 2239 2769 cruce
2268 2712 2535 2768 exteriori
2568 2712 3118 2768 cutechumenorum
3154 2715 3440 2782 accendit,
3469 2716 3720 2788 indeque

2071 2819 2356 2876 egressus,
2380 2803 2449 2857 ad
2489 2801 2807 2856 triclinium
2828 2803 3116 2858 Anastasii
3141 2803 3282 2869 abit,
3306 2810 3363 2858 et
3385 2804 3462 2860 ibi
3486 2820 3716 2878 quoque

2071 2889 2268 2946 omnia
2301 2889 2542 2961 peragit,
2567 2889 2789 2945 scilicet
2817 2896 3010 2946 vestes
3043 2895 3347 2945 mutantur
3365 2897 3422 2947 et
3444 2893 3725 2948 solemnis

2073 2978 2332 3050 exceptio
2363 2978 2447 3033 ﬁt.
2483 2977 2876 3034 Processionis
2908 2994 3042 3034 vero
3074 2995 3373 3047 occursus,
3407 2979 3617 3036 divina;
3661 2980 3735 3036 li-

2081 3067 2285 3137 turgite
2327 3065 2622 3136 introitus,
2655 3071 2712 3122 et
2742 3067 3112 3138 supplicatio,
3147 3072 3211 3123 ut
3239 3085 3417 3139 supra
3448 3069 3518 3124 de
3548 3068 3736 3140 prima

317 3133 427 3212 τῶν
465 3133 926 3229 κατηχούμενίων
951 3171 965 3186 ⁸
1001 3133 1231 3222 ἐξελθὼν
1259 3152 1366 3208 ἀπὸ
1421 3133 1529 3209 τῶν
1577 3133 1768 3222 ἐκεῖσε,
1806 3133 1975 3232 ἀπερ-

2086 3157 2351 3227 ejusdem
2384 3156 2516 3213 festi
2567 3155 2881 3212 cerimonia
2925 3156 3397 3212 animadversum
3449 3157 3574 3225 fuit,
3608 3173 3734 3230 per-

322 3263 480 3319 χεται
517 3242 573 3300 ἰν
624 3247 705 3316 τῷ
761 3243 1166 3315 ’Λναστασιακῷ
1230 3240 1515 3318 τρικλίνῳ,
1546 3244 1636 3298 καὶ
1668 3245 1763 3299 εἷθ’
1794 3245 1970 3309 οὕτως

2083 3248 2295 3320 agitur.

321 3334 532 3392 έκτελεῖ
579 3337 806 3403 ἅπαντα,
839 3337 954 3390 οἷον
998 3332 1065 3390 τά
1108 3354 1167 3389 τε
1213 3332 1494 3409 ἀλλάξιμα
1539 3335 1632 3390 καὶ
1683 3336 1737 3390 αἱ
1789 3332 1974 3412 δοχαί.
2024 3339 2095 3394 ’Ἠ
2134 3357 2192 3392 τε
2234 3339 2331 3398 τῆς
2381 3334 2540 3405 λιτῆς
2571 3333 2871 3406 ύπάντησις
2911 3335 3002 3391 καὶ
3049 3337 3085 3406 ἡ
3133 3343 3233 3407 τῆς
3284 3337 3429 3402 θείας
3486 3349 3737 3414 Λειτουρ-

323 3426 449 3502 γίας
496 3421 706 3487 εἴσοδός
751 3443 810 3480 τε
851 3423 944 3479 καὶ
989 3423 1293 3498 πρεσευχή,
1343 3423 1401 3478 ’ὸν
1449 3422 1652 3499 τρόπον
1698 3425 1948 3501 ἀνωτέρω
2005 3426 2058 3482 έν
2125 3428 2194 3500 τῇ
2256 3425 2451 3501 πρώτῃ
2518 3425 2840 3481 καταστάσει
2906 3430 3008 3496 τῆς
3069 3423 3238 3498 αὐτῆς
3306 3427 3500 3501 ἑορτῆς
3571 3425 3739 3499 ἐξεθέ·

332 3517 486 3589 μεθα.

936 3603 1202 3660 ΚΕΦΑΛ.
1245 3604 1371 3660 KH'.

328 3696 462 3750 Ὅσα
529 3690 612 3750 δεῖ
665 3691 1103 3838 παραφυλάτιὲειν
1159 3699 1275 3838 (Ξῖὸ)
1311 3693 1474 3769 ἱορτῇ
1548 3699 1649 3765 τῆς
1723 3692 1978 3770 Ὀρθοδο-

1040 3786 1120 3828 ιας
1283 3810 1296 3822 .

401 3857 484 3912 Λ’.
517 3855 848 3931 Ἀπέρχεται
907 3855 935 3910 ὁ
993 3767 1342 3930 Ξαζέιέῗρῖέλς
1393 3853 1493 3929 ὀψὲ
1548 3858 1646 3910 τοῦ
1696 3849 1980 3910 Σαϐὄάτου

332 3945 385 4001 ἐν
423 3950 503 4020 τῷ
543 3949 651 4018 ναῷ
686 3952 786 4016 τῆς
829 3943 1150 4021 Ὑπεραγίας
1202 3940 1467 4000 Θεοτόκου
1525 3943 1577 3999 έν
1619 3942 1982 4020 Βλαχέρναις,

2654 3604 2886 3662 CAPUT
2923 3604 3151 3662 XXVIII

2330 3695 2673 3752 Obseruando
2701 3693 2761 3751 in
2795 3693 3086 3751 Dominica
3126 3695 3499 3754 Orlhodoxz'ae.

2165 3855 2207 3911 Ι.
2243 3853 2580 3911 Patriarcha
2624 3853 2850 3924 vesperi
2901 3853 2992 3909 die
3036 3852 3276 3909 Babbati
3335 3854 3405 3908 ad
3455 3854 3742 3926 templum

2091 3942 2489 4003 Sanctissimae
2509 3940 2764 4013 Deipam
2787 3941 2845 3996 in
2871 3940 3230 4012 Blachernis,
3273 3958 3504 4015 unaque
3529 3949 3742 4002 metro-

1671 4044 1913 4102 VARI/ﬁ
1962 4043 2366 4101 LECTIONES.

405 4145 905 4222 θστετταρακοστήν
949 4146 1018 4204 R.
1065 4161 1134 4204 ex
1181 4144 1328 4219 sigla
1370 4145 1522 4211 cod.,
1564 4143 1756 4218 ἑορτὴν
1807 4145 1899 4201 ed.
1975 4142 2020 4180 ⁸⁷
2067 4140 2347 4218 ἀποκρίνει
2397 4141 2488 4199 ed.
2565 4138 2613 4175 ³⁸
2651 4137 2744 4194 καὶ
2793 4135 3150 4216 διερχόμενος
3199 4144 3291 4214 IL,
3331 4140 3423 4194 καὶ
3469 4137 3744 4216 διέρχεται

335 4237 488 4307 cod.,
520 4235 612 4291 καὶ
643 4253 762 4294 om.
794 4237 888 4294 ed.

1388 4341 1591 4400 JOAN.
1623 4344 1764 4402 JAC.
1802 4342 2064 4400 REISKII
2097 4339 2683 4400 COMMENTARIUS.

339 4444 1055 4519 cretariumimperatoris
1083 4443 1319 4519 nomine
1348 4443 1492 4500 tales
1524 4443 1980 4519 orationesreci-
2011 4453 2065 4519 ι)
2098 4447 2326 4515 quarta,
2377 4442 2592 4519 quinta.
2626 4445 2685 4497 et
2730 4444 2894 4519 sexta
2943 4440 3159 4497 cantari
3207 4439 3413 4519 _solen_t_
3431 4457 3445 4508 ;
3485 4439 3608 4519 yid.
3655 4443 3747 4519 pu

334 4522 513 4588 tasse,
568 4517 670 4572 sed
719 4509 1103 4588 dictasse,_id
1155 4522 1244 4573 est
1292 4516 1712 4588 composuisse.
1760 4517 1982 4572 Glossie
2011 4509 2057 4519 ”
2094 4509 2410 4588 Οδηεθ’ν.’
2455 4509 2965 4588 Κανὼν,μτριθέκτη
3016 4521 3072 4588 et
3134 4510 3316 4584 τρίτη.
3368 4511 3550 4588 Verba
3618 4512 3748 4588 eius

333 4587 587 4660 ljiomice
637 4588 780 4660 dant
830 4606 844 4645 :
921 4584 1202 4658 διαλαλία,
1246 4585 1559 4660 πρόσταξις.
1610 4585 1855 4660 Videtur
1919 4603 1989 4644 ex

339 4657 542 4732 Latina
568 4675 705 4732 voce
734 4659 1088 4718 interlocutio
1119 4657 1416 4727 manasse,
1459 4676 1578 4732 qua
1611 4659 1988 4716 Justinianus

339 4729 398 4785 in
430 4730 684 4804 Novellis
715 4735 920 4804 utitur,
955 4740 1200 4804 utraque
1237 4739 1430 4788 autem
1459 4729 1528 4804 ex
1561 4746 1650 4798 eo,
1677 4731 1832 4804 quod
1878 4732 1990 4786 im-

339 4809 575 4876 perator
604 4797 694 4856 δῖᾶ
727 4797 968 4874 μεσίτου,
1020 4797 1121 4876 per
1155 4801 1605 4868 internuntium,
1637 4797 1849 4874 alloqui
1883 4819 1992 4875 po-

342 4873 546 4945 pulum
578 4879 683 4928 aut
713 4873 979 4944 proceres
1021 4873 1235 4930 soleret
1278 4890 1376 4946 per
1428 4873 1797 4946 quaestorem,
1829 4873 1994 4930 man-

339 4946 631 5009 datorem,
664 4947 1061 5016 praepositum,
1093 4950 1203 5001 etc.
1229 4946 1392 5016 ;_vid_.
1427 4961 1484 5016 p.
1519 4945 1643 5016 154.

561 5011 722 5092 Quod
753 5011 841 5068 ἒπὶ
872 5018 942 5088 τῇ
969 5011 1318 5092 ,δήμηγορίᾳ-
1353 5011 1798 5092 ἀναγινώσκεται,
1848 5015 1995 5092 quod

340 5089 462 5158 post
491 5088 781 5158 recitatam
831 5089 1136 5143 orationem
1161 5087 1498 5143 'e'schedulo
1542 5089 1750 5156 scripto
1793 5090 1994 5143 recita-

343 5157 456 5213 tur.
491 5157 643 5223 Quid
674 5167 868 5212 autem
901 5158 1020 5213 haec
1052 5158 1321 5213 schedula
1363 5160 1584 5229 scripta
1623 5159 1994 5227 continuerit,

347 5245 461 5301 non
493 5231 714 5301 liquet;
739 5229 880 5285 forte
910 5229 1172 5285 ordinem
1189 5229 1400 5296 jejunii
1422 5229 1859 5297 demonstravit,
1882 5246 1995 5300 quo

347 5300 442 5354 die
486 5300 761 5372 incipere
809 5301 1058 5356 debeant
1103 5301 1517 5372 abstinentiam
1566 5317 1600 5356 a
1647 5317 1841 5369 carne,
1881 5318 1996 5372 quo

350 5371 762 5428 abstinentiam
793 5390 826 5427 a
854 5389 1022 5428 caseo
1052 5379 1109 5428 et
1138 5371 1310 5436 lacte,
1340 5381 1448 5426 etc.

422 5441 536 5515 (19)
567 5443 705 5516 seu.
728 5448 791 5499 ut
811 5461 954 5500 mss.
976 5443 1273 5510 exhibent,
1297 5437 1656 5516 cpi-rogaram
1681 5445 1766 5498 Ita
1794 5441 2000 5516 appel-

351 5512 794 5571 letur'ol’ficium
826 5517 1278 5572 ecclesiasticum
1321 5512 1469 5586 quod
1503 5512 1910 5586 inter_tertiam
1945 5517 2002 5586 ct

353 5592 577 5642 sextam
611 5587 810 5643 horam
863 5589 1109 5644 canitur.
1142 5589 1295 5644 Alias
1338 5580 1497 5659 τρίτη
1528 5580 1779 5659 καὶλὲκτη
1816 5584 2000 5659 ηοωίτ

354 5663 532 5732 natur
562 5660 778 5732 passim
806 5676 820 5726 ;
851 5660 938 5732 vel
971 5661 1131 5732 quod
1161 5664 1303 5714 tunc
1331 5655 1594 5732 canonis,
1627 5657 1682 5712 id
1713 5662 1803 5712 est
1832 5655 2002 5732 seriei

354 5727 709 5802 hymnorum
741 5729 801 5786 in
827 5727 1071 5789 ecclesia
1100 5729 1599 5787 decantandorum
1644 5733 1762 5786 uda
1809 5727 1999 5799 tertia,

676 5855 941 5921 ΡΑτιιοι.
987 5861 1102 5922 Gn.
1147 5857 1331 5928 CXII.

2089 4583 2297 4643 suntV:
2354 4587 2599 4642 Conone:
2651 4583 2980 4640 dividuntur
3026 4586 3086 4639 in
3132 4583 3321 4640 novem
3370 4583 3566 4638 odos...
3620 4585 3749 4638 Post

2125 4669 2346 4715 uartam
2424 4671 2598 4712 canon
2688 4655 3125 4728 interrumpitur
3195 4658 3316 4715 ταῖς
3393 4652 3746 4728 ἀναγνώσεσι.

2130 4747 2220 4785 um
2250 4731 2400 4784 enim
2435 4728 2694 4783 lectiones
2731 4731 2798 4783 de
2843 4726 3000 4783 vitiis
3048 4731 3390 4787 sanctarum.
3423 4726 3659 4796 queram
3690 4740 3750 4780 eo

2091 4802 2178 4858 die
2226 4797 2670 4856 commemoratio
2719 4800 3048 4865 celebratur,
3095 4805 3197 4854 aut
3242 4798 3309 4854 de
3354 4796 3472 4852 dici
3513 4796 3752 4853 historia

2092 4873 2287 4929 altiori
2334 4885 2457 4926 voce
2498 4887 2530 4924 a
2579 4869 2856 4925 sacerdote
2920 4869 3003 4926 vel
3052 4871 3162 4923 alio
3225 4868 3501 4939 leguntur,
3553 4868 3753 4940 quibus

2095 4945 2272 5014 ﬁnitis
2295 4941 2531 5014 reliquae
2559 4943 2787 5014 canonis
2814 4940 2931 5014 ode
2969 4944 3392 5014 percurruntur.

2167 5013 2283 5094 _(_20)
2309 5009 2686 5094 prthgdoxia,
2719 5016 2776 5068 et
2796 5013 3014 5094 festum
3054 5011 3422 5094 Orthodoaiae
3470 5009 3755 5094 appellata

2095 5081 2209 5143 fuit
2239 5081 2429 5156 prima
2462 5083 2995 5156 Dominicagjejunii
3028 5099 3130 5156 seu
3163 5081 3657 5156 Quadragesimaa,
3689 5081 3752 5156 in

2098 5175 2217 5238 qua
2243 5152 2575 5238 celebratur
2603 5152 2801 5238 apud
2827 5155 3054 5238 βεφορε
3104 5155 3316 5238 festum
3364 5152 3754 5238 restitutionis

2097 5225 2440 5301 imaginum
2459 5226 2568 5282 sub
2602 5225 2880 5301 Michaele
2899 5233 2955 5282 et
2973 5227 3276 5301 Theodore
3299 5227 3482 5301 imprp.
3507 5225 3755 5301 legitur-

2099 5295 2520 5373 que—synodico
2534 5300 2673 5373 m_in
2697 5297 2843 5373 hunc
2865 5314 2992 5373 r_em_
3005 5299 3249 5353 editum.
3273 5295 3486 5373 δῖοι-ῥα
3508 5295 3645 5373 sunt
3668 5295 3753 5350 Du

2100 5368 2300 5440 Cangii
2332 5370 2521 5426 Gloss.
2571 5368 2669 5424 Gr.
2723 5369 2781 5423 h.
2832 5369 2909 5439 v.)
2957 5370 3116 5425 Conl’.
3152 5369 3377 5440 (30min.
3413 5369 3752 5440 Theoplian.

2145 5484 2159 5498 .
2190 5438 2282 5513 98,
2329 5443 2437 5513 99;
2487 5442 2729 5513 Cedren.
2753 5457 2841 5513 Ap.
2889 5438 3021 5505 539,
3051 5446 3111 5513 et
3139 5439 3228 5513 ibi
3261 5440 3429 5513 Goar.
3465 5438 3754 5513 Menolog.

2102 5461 2159 5571 ﬁ.
2190 5461 2282 5513 νδ,
2329 5461 2437 5510 νυ;
2487 5461 2729 5498 υσατθιι.
2785 5461 2841 5503 p.
2889 5461 3021 5505 οσυ,
3053 5461 3111 5495 ει
3148 5461 3228 5495 ini
3261 5461 3429 5523 uoar.
3467 5461 3754 5520 meaning.

2151 5514 2273 5570 asil.
2309 5518 2348 5569 t.
2385 5511 2454 5578 II,
2481 5529 2535 5580 ρ·
2569 5512 2690 5569 181.
2723 5511 2991 5583 '[Pompa
3031 5511 3398 5566 Orthodoxu:
3436 5527 3623 5583 prima
3655 5510 3759 5564 Do-

2105 5587 2318 5642 minica
2347 5589 2690 5640 sanctorum
2734 5580 3118 5652 jejuni'orum.
3151 5583 3382 5638 Contin.
3437 5580 3656 5648 Teoph.
3700 5597 3753 5648 p.

2100 5658 2192 5721 96.
2221 5657 2312 5720 99,
2345 5655 2848 5726 Georg.fMonacb.
2883 5672 2939 5726 p.
2969 5655 3094 5710 527.
3145 5654 3320 5726 Sym.‘
3348 5652 3587 5724 Logoth.
3622 5665 3754 5720 pag.

2103 5729 2232 5786 432.
2264 5727 2373 5785 Th.
2406 5723 2623 5782 Sm’ith.
2650 5725 2722 5781 de
2749 5723 2959 5783 ecclés.
2991 5729 3088 5781 Gr.
3121 5723 3328 5797 p.'28]'

3362 5845 3436 5904 13
