4158 6212
307 409 424 473 39⁸⁵1

305 543 527 598 κάλεῖσε
579 535 768 598 λαϐὼν
826 536 1031 615 κηροὺς
1087 539 1116 594 6
1189 536 1447 614 βασιλεὺς
1505 535 1748 614 εὔχεται,

307 628 529 686 δίδωσιν
563 629 762 691 αὐτοὺς
790 632 872 700 τῷ
912 627 1285 702 πραιποσίτῳ.
1322 627 1420 683 Καὶ
1479 626 1768 698 ἀλλήλους
1801 645 1968 702 προσ-

1194 410 1295 470 DE
1341 405 1794 470 CERIMONIIS
1839 404 2076 467 AULJE
2119 406 2595 470 ΒΥΖΑΝΤΙΝιΕ
2637 410 2783 472 LIB.
2829 412 2878 474 Ι.

3602 422 3722 484 398

1843 536 1962 592 εἶτα
1991 539 2049 607 Α
2080 553 2199 609 rus,
2233 541 2597 599 metatoriam
2626 543 2807 616 petit:
2849 543 2960 602 hoc
2990 545 3146 602 enim
3177 546 3272 604 die
3292 551 3610 609 sacrarium
3639 553 3727 611 in-

2076 632 2233 685 trare
2261 646 2377 686 non
2409 630 2576 687 solet.

305 722 636 792 κυνήσαντες
683 718 714 773 6'
757 739 816 773 τε
867 715 1122 793 βασιλεὺς
1167 716 1258 806 καὶ
1301 718 1331 772 6
1371 717 1743 795 πατριάρχης,
1795 714 2095 806 εἰσέρχεται
2167 715 2243 806 εἰς
2293 717 2358 772 τὸ
2405 721 2789 794 θυσιαστήριον
2830 723 2966 798 πρὸς
3028 723 3092 779 τὸ
3133 726 3233 795 τήν
3283 724 3428 791 θείαν
3477 725 3725 806 λειτουρ.

302 811 428 886 γίαν
487 806 790 878 ἐκτελέσαι,
845 806 936 894 καῖ
973 807 1002 862 6
1061 804 1320 894 βασιλεὺς
1379 807 1680 885 ἀπέρχεται
1720 805 1930 894 εἱς-τᾷ
1990 805 2364 894 μητατώριον,
2425 806 2662 865 ἐκτελῶν
2737 809 2908 867 ἐκεῖσε
2973 814 3074 883 τήν
3147 815 3291 879 θείαν
3350 804 3724 894 λειρουργίαν,

307 895 363 952 έν
384 895 557 971 ταύτῃ
579 896 683 970 γάρ
713 899 785 969 τῇ
815 890 1000 968 ἡμέρᾳ
1029 893 1106 956 είς
1134 894 1199 949 τὸ
1231 896 1614 970 θυσιαστήριον
1646 894 1674 948 6
1709 889 1964 968 βασιλεὺς
1997 889 2096 946 οὐκ
2126 891 2452 968 εἰσέρχεται.

381 993 453 1046 I“.
494 988 614 1059 Χρή
657 982 715 1040 δὲ
757 983 980 1052 εἰδέναι,
1029 983 1114 1040 ὅτι
1164 983 1216 1040 ἓν
1275 985 1372 1058 μὲν
1435 987 1504 1058 τῇ
1535 979 1796 1058 προσόδῳ
1852 985 1963 1054 τῷν

308 1075 476 1151 ἀγίων
511 1074 602 1130 καὶ
656 1074 708 1130 έν
735 1077 805 1149 τῇ
848 1072 1036 1152 ἀγάπῃ
1077 1078 1185 1129 τῶν
1225 1074 1404 1149 θυρῶν
1442 1075 1556 1147 (22)
1609 1071 1708 1128 οὐκ
1751 1069 1965 1147 ἐξέρχεο

305 1186 421 1237 ται,
454 1165 507 1220 ἐν
559 1161 618 1219 δὲ
664 1166 733 1237 τῇ
779 1163 1039 1235 κοινωνίᾳ
1085 1162 1360 1239 ἰξέρχεται
1411 1162 1501 1218 καὶ
1548 1166 1827 1231 κοινωνεῖ,
1873 1159 1966 1214 καὶ

308 1260 412 1324 τῆς
458 1253 602 1315 θείας
648 1251 991 1329 λειτουργίας
1047 1250 1411 1323 τελεσθείσης,
1464 1249 1740 1328 ἐξέρχεται
1792 1251 1820 1304 6
1869 1249 1968 1325 βα-

313 1342 496 1405 σιλεὺς
530 1342 638 1398 ἀπὸ
677 1345 774 1397 τοῦ
809 1339 1162 1415 μητατωρὶου
1185 1341 1277 1396 καὶ
1309 1342 1518 1397 ἑνοῦται
1565 1344 1646 1413 τῷ
1701 1339 1968 1414 πατριάρ-

312 1454 411 1510 χῃ,
465 1431 555 1487 καὶ
636 1428 946 1506 διέρχονται
1027 1429 1326 1507 ἀμφότεροι
1399 1430 1564 1505 μέχρι
1630 1432 1727 1484 τοῦ
1803 1427 1966 1503 ἁγίου

315 1523 569 1602 φρέατος,
616 1522 1087 1594 προσκυνήσαντες
1137 1517 1194 1575 δὲ
1244 1517 1531 1590 ἀλλήλους
1571 1519 1663 1574 καὶ
1722 1517 1966 1574 ἀσπασά-

317 1633 495 1686 μενοι,
525 1609 799 1687 ἐξέρχεται
838 1610 866 1664 6
929 1606 1184 1685 βασιλεὺς
1216 1609 1323 1664 ἀπὸ
1352 1614 1460 1665 τῶν
1511 1607 1702 1679 ἐκεῖσε,
1736 1607 1826 1663 καὶ
1878 1603 1969 1662 διὰ

314 1704 412 1756 τοῦ
442 1703 614 1776 χυτοῦ
653 1705 755 1768 τῆς
806 1702 1006 1774 μικρᾶς
1054 1695 1238 1767 πύλης
1281 1704 1381 1767 τῆς
1424 1695 1644 1772 χαλκῆς
1677 1695 1966 1764 εἰσελθὼν,

320 1787 412 1846 διά
437 1810 497 1845 τε
524 1793 631 1844 τῶν
662 1785 887 1864 σχολῶν
915 1786 1006 1842 καὶ
1033 1790 1143 1842 τῶν
1177 1782 1538 1842 έκσκουϐίτων
1582 1784 1966 1863 διερχόμενος,

320 1877 576 1954 λέγοντος
605 1879 704 1930 τοῦ
732 1881 833 1944 τῆς
865 1874 1264 1936 καταστάσεως·
1298 1898 1327 1925 ‹‹
1360 1872 1635 1943 Καπλάτε,
1668 1874 1904 1948 Δόμηνι.
1940 1899 1962 1925 ι

319 1965 423 2022 Καὶ
492 1958 902 2024 καταλαϐόντος
958 1959 1010 2016 ἒν
1074 1966 1152 2033 τῷ
1205 1961 1600 2038 κονσιστωρίῳ,
1655 1964 1800 2034 μένει
1875 1963 1972 2035 μὶν

318 2053 496 2109 ἐκεῖσε
553 2055 589 2122 ἡ
644 2050 976 2126 σύγκλητος,
1030 2051 1444 2130 ὑπερευχομὶνη
1489 2053 1580 2106 τὸν
1645 2051 1897 2127 βασιλέα,
1945 2051 1973 2106 6

322 2141 384 2199 δὲ
448 2145 548 2212 τῆς
595 2140 970 2203 καταστάσεως
1026 2140 1117 2196 καὶ
1177 2142 1229 2196 οἱ
1294 2139 1648 2218 σιλεντιάριοι
1724 2139 1971 2216 μένουσιν

321 2233 402 2295 εἰς
449 2233 543 2288 τὸν
593 2227 851 2301 ὀνόποδα,
902 2231 1332 2306 ύπερευχόμενοι
1397 2231 1487 2286 καὶ
1527 2230 1682 2287 αύτοὶ
1740 2232 1973 2305 ὁμοίως.

319 2322 383 2379 Ὀ
430 2318 488 2376 δὲ
541 2316 802 2395 βασιλεύς
862 2317 1141 2398 διέρχεται
1192 2315 1280 2373 διὰ
1338 2324 1435 2376 τοῦ
1475 2319 1836 2397 αύγουστέως,
1885 2320 1976 2376 καὶ

323 2410 623 2486 εἷ’σέρχεται
675 2413 727 2469 ἐν
772 2417 852 2485 τῷ
899 2409 1175 2484 παλατίῳ,
1225 2414 1322 2466 τοῦ
1372 2407 1430 2465 δὲ
1475 2411 1793 2484 κκητῶρίου
1835 2431 1976 2466 στοι·

327 2497 610 2575 χηθέντος,
654 2500 893 2576 γίνονται
939 2499 1147 2574 μίνσαι,
1195 2499 1286 2554 καὶ
1333 2497 1534 2563 εύθὲως
1587 2496 1978 2555 ἀπαλλάσσου-

2145 983 2246 1041 Ill.
2279 985 2449 1044 Porro
2498 988 2830 1059 sciendum,
2862 990 2922 1047 in
2974 1007 3251 1065 processu
3301 999 3644 1054 sanctorum
3675 1001 3732 1054 et

2075 1089 2258 1147 agape
2285 1076 2698 1149 imperatorem
2729 1095 2797 1136 ex
2826 1080 3006 1152 portis
3038 1081 3159 1139 illis
3189 1100 3310 1142 non
3340 1086 3636 1158 progredi,
3668 1086 3730 1143 in

2075 1166 2492 1224 communione
2517 1176 2712 1225 autem
2731 1169 2962 1241 prodire
2977 1175 3034 1228 et
3052 1174 3492 1232 communicare
3513 1176 3724 1246 solere,

2076 1253 2360 1328 finitaque
2389 1256 2586 1314 divina
2616 1257 2875 1332 liturgia,
2905 1259 3012 1317 04
3057 1277 3127 1318 ex
3158 1263 3465 1322 metatorio
3497 1266 3729 1338 prodire

2077 1359 2255 1415 seque
2285 1345 2634 1416 patriarchas
2667 1348 3013 1423 adjungere,
3043 1350 3256 1408 deinde
3308 1358 3624 1424 utrumque
3656 1355 3728 1412 ad

2077 1449 2310 1490 sacrum
2341 1442 2584 1507 puteum
2616 1439 2952 1510 procedere,
2977 1443 3036 1496 et
3065 1446 3199 1512 post
3227 1446 3495 1500 mutuam
3526 1445 3735 1500 adora-

2076 1522 2291 1579 tionem
2313 1529 2370 1580 et
2398 1525 2813 1583 salutationem
2837 1527 3247 1600 imperatorem
3274 1547 3374 1604 per
3396 1531 3589 1590 locum
3609 1533 3736 1589 edi-

2077 1617 2195 1667 tum
2226 1630 2412 1683 parvae
2437 1615 2634 1686 janutn
2656 1632 2826 1674 enea:
2855 1618 3101 1688 intrare,
3125 1620 3336 1678 deinde
3368 1639 3471 1695 per
3501 1622 3735 1680 scholas

2076 1703 2132 1755 et
2161 1701 2439 1758 excubias
2488 1704 2759 1772 transire,
2791 1705 3022 1762 dicente
3071 1707 3483 1765 cerimoniario
3517 1726 3532 1767 :
3570 1733 3591 1759 ι
3626 1714 3736 1766 Ca-

2077 1787 2227 1859 plate
2259 1790 2510 1848 Domini.
2535 1813 2564 1842 »
2589 1793 2654 1849 In
2675 1793 3026 1851 consistorio
3051 1801 3294 1852 senatus
3319 1799 3732 1869 omnis,lausta

2081 1879 2419 1952 imperatori
2451 1881 2706 1937 venienti
2734 1899 3076 1955 apprecans,
3119 1888 3394 1958 magister
3421 1903 3558 1944 vero
3589 1887 3731 1943 ceri-

2085 1969 2438 2025 moniarium
2470 1975 2529 2026 et
2557 1970 2863 2028 silentiarii
2903 1974 2962 2030 in
2996 1977 3284 2046 onopode,
3316 1975 3486 2033 bonis
3517 1978 3734 2034 omini-

2083 2056 2192 2112 bus
2221 2073 2356 2112 eum
2408 2064 2853 2130 prosequentes,
2885 2069 3235 2120 consistunt.
3270 2065 3590 2137 Imperator
3632 2082 3736 2138 per

2085 2147 2393 2218 augustale
2441 2147 2721 2217 palatium
2754 2149 2956 2220 intrat,
2990 2152 3092 2207 ubi
3137 2153 3398 2209 c‘onvivio
3429 2155 3739 2223 instructo,

2085 2235 2306 2291 missus
2336 2235 3006 2310 atl‘eruntur,statimque
3031 2256 3237 2296 omnes
3268 2246 3460 2297 vestes
3492 2247 3737 2297 mutant.

2085 2322 2407 2395 Imperator
2439 2324 2498 2378 in
2548 2327 2954 2398 scaramangio
2985 2343 3149 2399 aeque
3192 2345 3260 2384 ac
3289 2328 3563 2398 convivae,
3598 2345 3742 2400 quos

2086 2412 2280 2468 vocari
2305 2412 2510 2483 jussit,
2545 2412 2814 2485 pretiosae
2845 2431 3059 2472 mensa:
3091 2418 3374 2487 assident,
3392 2417 3739 2475 cubicularii

2089 2507 2285 2558 autem
2315 2501 2422 2558 hoc
2452 2502 2545 2559 die
2576 2501 2629 2558 ei
2657 2520 2772 2560 non
2803 2511 2996 2562 astare
3025 2506 3236 2564 solent.

327 2609 408 2644 σιν
461 2589 712 2653 ἅπαντες.
749 2591 811 2648 Ὀ
877 2585 934 2644 δὲ
995 2585 1251 2664 βασιλεὺς
1305 2586 1584 2657 καθέζεται
1644 2587 1731 2643 ἐπὶ
1787 2595 1887 2658 τῆς
1953 2588 2144 2664 τιμίας
2214 2589 2380 2645 αὐτοῦ
2453 2588 2726 2664 τραπέζης
2781 2591 2886 2646 ἀπὸ
2972 2596 3410 2672 σκαραμαγγίου,
3469 2593 3559 2650 καὶ
3645 2594 3737 2656 eli:

327 2677 572 2735 ἐκέλευσε
627 2677 874 2750 καλέσαι,
933 2678 1022 2734 καὶ
1080 2677 1235 2734 αύτοί
1294 2675 1400 2734 ἀπὸ
1449 2678 1899 2754 σκαραμαγγίων,
1959 2680 2012 2734 οἱ
2061 2675 2118 2734 δὲ
2175 2683 2273 2735 τοῦ
2328 2674 2725 2736 κουϐουκλείου
2783 2681 2837 2737 ἐν
2893 2683 2961 2757 τῇ
3011 2680 3194 2759 ἡμέρᾳ
3241 2684 3417 2760 ἐκείνῃ
3458 2685 3743 2759 παραστά·

327 2791 488 2844 σιμον
520 2772 585 2827 οὐ
606 2774 878 2844 ποιοῦσιν,

437 2861 450 2879 ο
533 2861 546 2882 ι
791 2854 817 2878 ν
961 2859 974 2876 ς
1521 2861 1549 2873 ..
1737 2859 1749 2875 ,
1898 2857 1927 2878 ν

399 2869 474 2919 Δ.
553 2859 753 2930 Ιστὲον,
789 2880 874 2915 οτι
921 2880 984 2914 το
1033 2857 1269 2916 παλαιὸν
1321 2859 1348 2912 6
1395 2879 1650 2921 τοιουτος
1693 2879 1860 2922 τυπος
1891 2879 1977 2934 ην·

329 2955 418 3006 νῦν
452 2948 509 3007 δὲ
562 2953 590 3006 6
631 2949 884 3026 βασιλεὺς
928 2952 993 3006 τά
1032 2948 1178 3006 ἄλλα
1225 2951 1399 3005 πάντα
1447 2949 1649 3006 ἐκεῖλεῖ
1685 2949 1853 3026 μέχρι
1881 2957 1984 3020 τῆς

331 3039 544 3096 εἰσόδου
575 3043 618 3111 ε,
674 3041 852 3104 καθὼς
902 3039 1137 3116 εἴρηται.
1187 3040 1280 3101 Εἲς
1334 3036 1392 3094 δὲ
1444 3040 1546 3110 τὴν
1608 3037 1818 3094 εἴσοδον
1878 3039 1985 3095 εἷσ-

331 3130 552 3205 ἱρχεται
609 3129 684 3192 είς
727 3131 791 3185 τὸ
867 3129 1025 3204 βῆμα
1086 3124 1260 3199 ἔνδον,
1303 3127 1394 3183 καὶ
1448 3131 1812 3203 προσκυνοῦσι
1878 3128 1979 3197 τήν

332 3219 483 3295 ἀγίαν
530 3219 798 3295 τράπεζαν
848 3219 940 3274 καὶ
1001 3221 1102 3290 τήν
1152 3215 1402 3290 ἀνδυτήν,
1447 3217 1538 3273 καὶ
1590 3215 1680 3273 διὰ
1745 3216 1980 3292 πλαγίας

329 3313 426 3365 τοῦ
484 3307 870 3385 θυσιαστηρίου
927 3308 1146 3364 καὶτοῦ
1197 3306 1436 3384 κοχλιοῦ
1474 3312 1572 3363 τοῦ
1629 3306 1852 3372 ὄπισθεν
1881 3313 1982 3376 τῆς

330 3400 549 3478 κόγχης
611 3398 846 3456 ἀνελθὼν
903 3397 981 3461 εἰς
1029 3399 1094 3453 τὰ
1148 3394 1584 3474 κατηχουμένια,
1643 3397 1980 3473 εἰσέρχονται

334 3488 410 3550 sic
466 3487 529 3545 τὸ
589 3490 962 3565 μητατώριον,
1002 3486 1093 3543 καί
1167 3485 1582 3543 ἀπαλλάσσουσι
1627 3487 1725 3549 τὰς
1774 3486 1978 3542 ἑαυτῶν

333 3576 626 3654 χλαμύδας
664 3578 756 3634 καὶ
809 3577 995 3652 μόνον,
1042 3578 1134 3633 καὶ
1165 3576 1420 3633 ἀκούουσι
1459 3581 1557 3633 τοῦ
1603 3576 1749 3632 θείου
1797 3576 1980 3653 Εὐαγ-

333 3666 522 3744 γελίου
577 3669 669 3723 καὶ
715 3673 815 3738 τῆς
865 3665 1132 3738 ἐκτενοῦς,
1185 3667 1275 3722 καὶ
1341 3667 1478 3740 μετά
1521 3670 1688 3722 ταῦτα
1731 3665 1982 3743 εἰσέρχε-

332 3777 420 3812 ται
452 3758 480 3813 6
521 3763 622 3827 τῆς
671 3759 947 3832 τραπέζης
988 3755 1124 3830 μετά
1163 3761 1274 3812 τῶν
1323 3753 1681 3831 ἀρτοκλίνων,
1712 3755 1802 3811 καὶ
1835 3774 1978 3810 στοι-

333 3851 427 3925 χεῖ
469 3847 534 3901 :6
571 3843 909 3922 κλητώριον.
969 3846 1071 3902 Καὶ
1121 3843 1428 3920 ἐξέρχονται
1479 3844 1530 3898 0':
1589 3841 1845 3898 δεσπόται
1886 3843 1979 3898 καὶ

333 3935 666 4011 ἀπέρχονται
697 3934 773 3999 είς
818 3935 879 3990 τὸ
941 3934 1292 4007 μητατώριον
1346 3936 1442 3988 τοῦ
1495 3933 1862 4007 πατριάρχου,
1888 3930 1980 3987 καὶ

331 4024 486 4090 εὐθὺς
538 4021 776 4080 δίδονται
824 4024 1034 4097 μίνσαι,
1079 4019 1399 4096 ἐκθυόμενοι
1435 4021 1501 4077 τά
1558 4016 1851 4093 δίϐητήσια
1883 4021 1983 4076 αὑ-

330 4119 461 4183 τῶν,
493 4115 584 4169 καὶ
615 4112 932 4190 ἐκδέχονται
980 4116 1078 4169 τοῦ
1125 4108 1482 4181 τελειωθῆναι
1519 4112 1619 4180 τήν
1662 4112 1809 4175 θείαν
1862 4109 1980 4166 λει-

329 4203 585 4280 τουργίαν
629 4204 719 4258 καὶ
768 4199 1011 4258 ἀνελθεῖν
1051 4203 1142 4257 τὸν
1187 4200 1555 4278 πατριάρχην.
1603 4200 1669 4257 Οἱ
1702 4197 1758 4255 δὲ
1813 4220 1978 4275 πραι-

334 4294 547 4368 ρόσιτοι
604 4287 1074 4371 ἀπὲρχονται,καὶ
1123 4292 1440 4360 καθέζονται
1489 4288 1566 4351 εἶς
1613 4290 1712 4360 τὴν
1764 4284 1979 4360 ἄνοδον,

2163 2863 2258 2918 IV.
2293 2862 2608 2919 Sciendum
2632 2879 2864 2935 quoque
2892 2868 2982 2921 est
3011 2864 3120 2922 hos
3149 2865 3302 2924 ritus
3329 2865 3470 2924 olim
3502 2867 3744 2940 quidem

2091 2951 2613 3023 observatos,nuno
2632 2968 2765 3008 vero
2787 2953 2859 3008 ad
2879 2952 3186 3011 introitum
3212 2961 3489 3028 usque,ut
3521 2957 3747 3012 dictum

2092 3045 2201 3106 est,
2233 3039 2432 3096 omnia
2459 3039 2627 3096 aliter
2657 3041 2729 3096 ab
2780 3041 3133 3114 imperatore
3163 3044 3394 3101 institui
3441 3044 3644 3102 solere.
3679 3047 3743 3100 In

2093 3129 2334 3185 introitu
2365 3145 2496 3184 vero
2528 3129 3181 3204 bemaingreditur,ubi
3212 3138 3269 3190 et
3300 3148 3529 3190 sacram
3563 3148 3748 3188 mem-

2092 3234 2216 3274 sam
2248 3226 2302 3274 et
2350 3217 2666 3274 instratum
2716 3218 2920 3276 adorat
2966 3237 3181 3292 perque
3228 3222 3408 3278 latera
3457 3220 3658 3278 sacelli
3689 3227 3751 3278 et

2093 3307 2362 3376 cochlea,
2391 3324 2520 3379 qua:
2565 3323 2715 3380 pone
2739 3310 3024 3367 concham
3073 3315 3184 3380 est,
3220 3311 3278 3368 in
3329 3310 3749 3368 catechumena

2091 3396 2373 3464 ascendit,
2399 3395 2767 3452 metatorium
2790 3395 2991 3466 intrat,
3024 3399 3282 3456 tunicam
3315 3416 3485 3456 suam
3515 3403 3748 3456 tantum

2091 3491 2283 3542 mutat
2311 3501 2376 3541 ac
2403 3486 2665 3542 divinum
2699 3488 3073 3558 Evangelium
3118 3492 3176 3546 et
3204 3494 3499 3548 extensam
3533 3488 3693 3546 audit
3730 3504 3744 3544 :

2090 3576 2301 3632 deinde
2358 3575 2670 3648 praefectus
2729 3593 2941 3634 mensze
3000 3594 3118 3635 una
3189 3596 3322 3636 cum
3382 3576 3745 3637 tricliniariis

2089 3665 2292 3737 epulas
2348 3671 2528 3736 parat.
2589 3663 2815 3736 Egressi
2870 3670 3064 3724 autem
3141 3668 3365 3724 domini
3419 3669 3493 3724 ad
3553 3672 3742 3724 meta-

2089 3753 2302 3810 torium
2343 3754 2688 3826 patriarchas
2719 3755 2959 3824 abeunt,
2992 3756 3308 3828 statimque
3344 3757 3565 3812 missus
3596 3756 3736 3811 aifa-

2090 3847 2323 3908 runtur,
2354 3845 2496 3898 tunc
2525 3841 2801 3898 dibelesia
2845 3859 2954 3898 sua
2994 3847 3236 3908 exuunt,
3263 3851 3319 3899 et
3369 3857 3556 3914 usque
3587 3843 3729 3898 dum

2090 3930 2289 3986 divina
2316 3929 2549 4003 liturgia
2571 3929 2859 3987 celebrata
2887 3936 2976 3987 est
2998 3936 3056 3987 ct
3086 3931 3416 4002 patriarcha
3447 3932 3732 4001 ascendit,

2089 4023 2448 4091 exspectant.
2481 4018 2781 4092 Praepositi
2812 4019 2873 4074 in
2914 4020 3098 4088 aditu,
3132 4035 3232 4092 per
3279 4036 3456 4093 quem
3500 4020 3737 4078 advenit

2091 4107 2950 4182 patriarcha,consident,cujus
2965 4107 3327 4165 advenientis
3345 4125 3552 4164 manus
3567 4124 3734 4164 oscu-

2089 4197 2306 4268 lantur,
2338 4195 2550 4254 deinde
2580 4196 2796 4252 abeunt
2847 4212 3098 4269 eumque
3127 4197 3202 4253 ad
3247 4198 3519 4254 dominos
3550 4197 3740 4253 addu-

2091 4292 2250 4347 cunt.
2287 4287 2558 4358 Is,exutis
2589 4287 2854 4344 vestibus
2885 4289 3031 4358 suis,
3063 4288 3365 4361 egreditur
3393 4292 3449 4345 et
3479 4305 3613 4345 cum
3640 4287 3738 4345 do-

333 4379 398 4437 δι¹
426 4384 491 4455 ᾗς
523 4383 552 4437 6
599 4381 949 4461 πατριάρχης
989 4380 1298 4456 ἀνέρχεται,
1345 4379 1433 4435 καὶ
1482 4379 1546 4436 τὸ
1586 4381 1697 4453 (23)
1740 4377 1980 4435 ἀνελθεῖν

2093 4379 2270 4437 minis
2289 4393 2507 4435 mensa
2521 4375 3027 4446 accumbit,vocati
3047 4375 3122 4434 ad
3140 4377 3467 4434 convivium
3489 4377 3736 4446 intrant,

332 4471 494 4527 αὐτὸν
544 4475 803 4546 κρατοῦσι
861 4469 958 4534 τάς
998 4474 1190 4546 χεῖρας
1229 4469 1415 4541 αὐτοῦ,
1475 4467 1846 4542 ἀσπαζόμενοι
1896 4466 1987 4523 αύ-

2096 4475 2154 4527 et
2183 4485 2303 4525 una
2330 4483 2459 4524 cum
2492 4466 2584 4523 his
2615 4465 2947 4540 epulantur,
2981 4467 3199 4540 quibus
3227 4465 3738 4539 surgentibus,do-
3763 4481 3770 4488 ·

330 4559 446 4630 τάς,
507 4567 601 4616 καῖ
655 4560 980 4622 ἀπελθόντες
1046 4558 1353 4635 εἰσάγουσιν
1427 4559 1588 4614 αὐτὸν
1657 4559 1792 4633 πρὸς
1854 4557 1982 4621 τοὺς

333 4647 614 4714 δεσπότας.
669 4650 769 4710 Καὶ
821 4646 1068 4706 ἐκϐαλὼν
1129 4650 1158 4704 6
1225 4648 1574 4724 πατριάρχης
1631 4647 1698 4704 τά
1753 4647 1980 4722 ἀλλαξί-

335 4761 479 4812 ματα
529 4741 720 4812 αὑτοῦ,
752 4735 938 4795 λαϐὼν
985 4737 1112 4802 τοὺς
1161 4734 1448 4810 δεσπότας,
1499 4737 1728 4807 ἐξελθὼν
1778 4737 1984 4811 ἀκουμ-

331 4823 469 4898 Sita:
538 4831 677 4903 μεκὰ
731 4833 842 4884 τῶν
898 4829 922 4864 ³
977 4834 1078 4897 τῆς
1133 4826 1430 4904 τραπέζης,
1487 4826 1578 4882 καὶ
1638 4825 1981 4902 εἰσέρχονται

333 4918 384 4972 0':
413 4916 710 4990 κληθέντες
744 4918 837 4971 καὶ
865 4917 1144 4993 ἀριστοῦσι
1181 4917 1296 4990 μετ’
1338 4914 1539 4988 αὐτῶν,
1567 4915 1657 4971 καὶ
1703 4916 1795 4971 τὸν
1855 4915 1982 4971 ἀνα-

329 5013 526 5077 στῆναι
582 5003 804 5074 αύτοὺς,
873 5003 1208 5079 ἀπέρχονται
1265 5003 1430 5061 πάλιν
1481 5005 1533 5060 οἱ
1583 5002 1838 5062 δεσπόται
1893 5001 1984 5060 διὰ

2090 4557 2232 4616 mini
2291 4572 2492 4613 rursus
2550 4571 2652 4628 per
2718 4556 2982 4630 porticus
3036 4557 3107 4613 ad
3163 4556 3438 4630 palatium
3499 4555 3737 4612 abeunt.

2090 4648 2406 4706 Sciendum
2437 4650 2526 4704 est
2556 4646 2883 4719 magistros,
2911 4647 3254 4719 prtepositos
3283 4649 3342 4702 et
3373 4645 3646 4718 patricios
3671 4660 3740 4701 ex

2090 4736 2447 4795 mconomico
2477 4751 2698 4804 cereos,
2729 4734 2842 4792 sub
2891 4735 3128 4792 domino
3167 4733 3598 4807 Theophylacto
3630 4750 3739 4790 au-

2090 4829 2208 4882 tem
2240 4824 2418 4881 etiam
2448 4830 2749 4895 unguenta
2775 4823 2958 4880 odora
3002 4822 3284 4894 accipere.
3316 4822 3415 4880 95
3449 4821 3737 4879 Dominus

2089 4911 2564 4985 Tbeopbylactus
2613 4910 2946 4983 patriarcha
2973 4909 3035 4967 in
3084 4915 3251 4983 parte
3280 4909 3521 4968 oratorii
3551 4907 3742 4965 sancti

2089 4999 2507 5075 Theophylacti
2528 4999 2705 5058 etiam
2728 4999 3060 5059 convivium
3092 4998 3493 5070 instruxit,cui
3515 4995 3740 5056 domini

1696 5188 1786 5247 VA
1795 5188 1936 5248 RIE
1974 5186 2387 5245 LECTIONEB.

405 5347 429 5387 ί
460 5347 672 5407 ΣΧΟΛ.
709 5346 890 5407 Τοῦτο
917 5338 1150 5422 ἔσχατον
1180 5339 1454 5415 ἒτυπώθη.
1529 5345 1553 5381 ³
1583 5343 1718 5419 μετὰ
1743 5345 1852 5399 τῶν
1878 5342 1970 5416 R.,

2089 5339 2120 5397 ε’
2151 5337 2329 5395 αὐτῶν
2364 5337 2492 5396 cod.
2523 5341 2583 5395 et
2611 5337 2702 5395 ed.

1366 5509 1562 5573 JOAN.
1601 5513 1746 5573 JAC.
1788 5509 2046 5572 REISKII
2085 5509 2674 5568 COMMENTARIUS.

415 5689 531 5762 (22)
561 5692 782 5762 ljempe
805 5685 1368 5762 satra‘metatorium
1399 5681 1873 5762 nonprocedere:

417 5689 509 5758 (22
561 5692 782 5762 Nempe
805 5691 969 5745 extra
999 5689 1368 5744 metatorium
1399 5700 1513 5743 non
1546 5689 1873 5758 procedere.

417 5689 532 5835 (23;
561 5760 755 5820 Etiam
803 5760 945 5820 alibi
973 5758 1087 5818 hoc
1131 5760 1193 5816 in
1235 5757 1431 5817 codice
1476 5756 1539 5812 τό
1587 5771 1691 5830 pro
1741 5752 1877 5830 μετὰ
1919 5749 1984 5809 τό

2095 5680 2367 5754 occurrit.
2402 5678 2491 5754 Ita
2539 5673 2722 5754 paulo
2760 5681 2884 5754 post
2929 5671 3320 5754 ’τὸ-ἀναστῆναι
3373 5665 3656 5754 propnat
3687 5665 3750 5722 τὸ

2094 5751 2408 5819 ἀναστῆναι.
2442 5745 2593 5806 Salio
2622 5745 2798 5807 codex
2825 5745 2918 5803 hic
2946 5746 3192 5806 editioni
3220 5745 3532 5801 consentit.
