4158 6212
324 354 440 423 401

961 495 1223 553 ΚΕΦΑΛ.
1264 493 1347 552 Λ“.

1198 361 1301 424 DE
1346 359 1798 426 CERIMONIIS
1843 358 2084 423 AULJE
2125 356 2602 426 BYZANTINE
2644 361 2794 424 LIB.
2844 365 2890 423 Ι.

2007 498 2069 563 Α

3632 366 3752 428 402

2683 494 2918 554 CAPUT
2958 494 3137 554 XXX.

329 585 478 671 ’0εαὶ
557 580 646 671 δεῖ
712 582 1198 671 παραφυλάττειιίε-
1245 582 1290 639 εἶ
1353 584 1502 671 τύχη
1565 585 1606 671 ᾖ
1671 585 1832 671 ἑορτὴ
1897 587 1985 670 τοξ

2104 584 2478 671 Obseruando,
2503 585 2601 668 ubi
2629 584 3097 671 inciderit/estus.
3124 585 3242 643 diu
3291 586 3747 671 Αηηῃηιίᾳιίςηιὶε

408 653 836 746 ἓύαγγελισιίόῦ
874 653 885 663 ’
913 663 1038 746 Ιτῆς
1084 653 1529 746 ψ’(ξπφργίοξῇ
1559 653 1830 714 Θεοτὸκου

407 722 656 803 Κυρξακῇ
710 722 812 796 τῆς
863 722 1038 801 μέσης
1079 722 1388 802 ἑϐδομάδος
1417 731 1554 803 (31).

399 818 484 876 A'.
518 817 713 873 Ἰστέον
744 814 810 886 δή
846 817 938 872 καὶ
967 821 1152 887 τοῦτο,
1184 817 1292 888 ὅτι,
1338 817 1384 874 εί
1424 818 1522 891 μὲν
1553 817 1700 894 τύχη
1732 820 1767 887 ἡ
1801 815 1934 887 αύτή
1968 816 1992 851 ⁸

330 905 518 979 ἡμέρα
572 909 672 962 τοῦ
721 904 1149 982 Εύαγγελισμοῦ
1199 909 1268 980 τῇ
1337 910 1579 981 Κυριακῇ
1644 913 1746 976 τῆς
1820 905 1986 980 μέσης

339 989 651 1068 ἑϐδομάδος
687 999 792 1051 τῶν
823 999 1108 1070 νηστειῶν,
1155 994 1394 1052 τελεῖται
1445 997 1641 1060 οὓτως.
1678 997 1988 1074 Προέρχον·

330 1103 421 1138 ται
469 1084 696 1146 ἅπαντες
742 1083 986 1162 ἐννύχιοι
1029 1083 1082 1140 ἓν
1129 1089 1207 1157 τῷ
1246 1084 1522 1158 παλατίῳ,
1557 1087 1647 1142 καὶ
1677 1083 1987 1141 ἀλλάσσου-

336 1193 420 1227 σιν
451 1173 504 1228 οἱ
555 1173 653 1246 μὲν
701 1173 980 1248 πατρίκιοι
1024 1171 1288 1250 χλανίδιᾶ
1337 1173 1526 1247 λευκὰ,
1557 1170 1757 1254 ἔχοντα
1785 1169 1987 1231 ταὸλία

325 1261 435 1318 ἂπὸ
484 1263 647 1336 ὀξέων
703 1263 780 1335 (ἐν
837 1265 941 1341 γάρ
987 1265 1159 1341 ταύτῃ
1209 1269 1279 1340 τῇ
1329 1265 1492 1340 ἑορτῇ
1542 1264 1606 1322 ού
1653 1269 1881 1344 φοροῦσι
1917 1266 1984 1320 τά

333 1350 846 1429 ὖποχρυσοκλάόων
893 1357 913 1391 ⁷
942 1349 1185 1410 ταϐλίων
1227 1351 1535 1430 χλανίδια),
1584 1353 1843 1418 ὡσαύτως
1887 1355 1977 1411 καὶ

313 1445 355 1513 ἡ
419 1442 729 1518 σύγκλητος
776 1443 956 1499 ἅπασα
1002 1444 1109 1500 ἀπὸ
1183 1443 1393 1501 λευκῶν
1445 1439 1768 1519 χλανιδίων,
1817 1445 1867 1499 οἱ
1919 1441 1977 1499 δὲ

315 1533 677 1607 πραιπόσιτοι
715 1530 1050 1590 ἀλλάσσουσι
1103 1535 1242 1608 μετὰ
1287 1537 1385 1590 τοῦ
1430 1529 1852 1602 κουϐουκλείου,
1901 1533 1975 1594 ὡς

320 1620 547 1678 εἴθισται
603 1620 810 1687 αὐτοῖς.
863 1621 1206 1697 Ἀνοίξαντος
1267 1620 1324 1679 δὲ
1387 1625 1484 1679 τοῦ
1541 1620 1835 1685 παλατίου,
1871 1621 1971 1675 τάο

321 1732 450 1790 χιον
498 1711 606 1768 ἀπὸ
651 1710 952 1775 κελεύσεως
1001 1712 1340 1789 εἰσέρχονται
1390 1711 1641 1782 ἅπαντες,
1685 1711 1776 1766 καὶ
1829 1708 1974 1766 διελ-

319 1801 506 1866 θόντες
543 1797 632 1856 διὰ
679 1805 776 1857 τοῦ
827 1801 1312 1878 χρυσοτρικλίνου,
1371 1801 1708 1877 εἰσέρχονται
1757 1801 1832 1863 εἰς
1879 1800 1970 1856 τὸν

313 1889 437 1944 ναὸν
470 1896 573 1960 τῆς
599 1891 922 1966 ’Υπεραγίας
971 1890 1240 1948 Θεοτόκου
1289 1895 1385 1946 τοῦ
1436 1897 1645 1966 Φάρου,
1687 1891 1776 1944 καὶ
1807 1909 1971 1965 προσ·

320 1981 647 2050 κυνήσαντες
687 1981 756 2035 τὰ
799 1981 960 2052 τίμια
1008 1978 1164 2050 ξύλα,
1213 1975 1545 2056 ἐξέρχονται,
1609 1979 1698 2033 καὶ
1767 1979 1971 2042 εὐθέως

317 2067 430 2124 άπὸ
482 2066 784 2130 κελεύσεως
825 2065 1044 2136 ¹δίδοται
1097 2068 1514 2142 μεταστάσιμον.
1563 2066 1851 2138 Μεσούσης
1910 2064 1970 2120 δὲ

305 2163 420 2226 τῆς
465 2152 718 2232 δευτέρας
765 2156 936 2233 ὣρας,
979 2157 1258 2237 ἐξέρχεται
1305 2159 1334 2214 6
1389 2155 1644 2234 βασιλεὺς
1693 2155 1782 2211 καὶ
1828 2153 1972 2230 διέρ-

313 2263 478 2319 χεται
524 2240 615 2300 διὰ
667 2252 768 2316 τῆς
825 2243 1052 2324 δάφνης,
1129 2247 1312 2302 ἅπτων
1378 2245 1431 2302 έν
1483 2250 1602 2308 τοῖς
1660 2244 1970 2318 εύκτηρίοις

312 2335 543 2406 κηροὺς,
577 2333 652 2396 ὡς
684 2334 915 2392 εἴθισται
963 2336 1136 2408 αύτῷ,
1187 2335 1277 2390 καὶ
1325 2335 1628 2412 εἰσέρχεται
1661 2335 1713 2392 ἰν
1738 2339 1820 2408 τῷ
1851 2356 1972 2391 κοι-

316 2429 449 2480 τῶνι
489 2427 590 2480 τοῦ
641 2423 1006 2500 αύγουστέως,
1057 2423 1147 2480 καὶ
1197 2424 1517 2496 ὑπαλλάξας
1542 2425 1607 2481 τὸ
1639 2421 1970 2497 διϐητήσιον

320 2515 506 2583 αὐτοῦ,
557 2510 842 2588 ἐκδέχεται
886 2514 978 2569 τὸν
1028 2512 1237 2588 καιρόν.
1291 2515 1388 2569 Καὶ
1436 2517 1535 2569 τοῦ
1577 2517 1772 2589 καιροῦ
1801 2535 1965 2570 κατα-

317 2601 603 2677 λαϐόντος,
637 2604 909 2678 δηλωθεῖς
960 2607 990 2662 6
1037 2607 1397 2680 πραιπόσιτος
1425 2606 1572 2682 παρᾶ
1599 2611 1697 2664 τοῦ
1725 2613 1825 2677 τῆς
1873 2628 1965 2663 καο

311 2697 642 2765 ταστάσεως,
691 2694 950 2751 εἰσελθὼν
1011 2692 1180 2767 δηλοῖ
1225 2701 1305 2769 τῷ
1357 2695 1594 2772 βασιλεῖ.
1661 2698 1759 2752 Καὶ
1806 2717 1964 2753 πεπι-

311 2779 656 2860 εαλλόμενος
699 2785 728 2840 6
771 2785 1028 2862 βασιλεὺς
1075 2787 1175 2856 τὴν
1221 2783 1462 2865 χλανίδα
1493 2787 1681 2857 αὐτοῦ,
1711 2786 1891 2848 καθὼς
1921 2789 1958 2857 ἡ

311 2876 564 2945 συνήθεια
610 2868 752 2954 ἔχει,
795 2874 1073 2950 ἐξέρχεται
1121 2877 1210 2932 καὶ
1264 2872 1537 2952 διέρχεται
1587 2873 1677 2931 διά
1720 2880 1818 2932 τοῦ
1857 2877 1958 2932 αύ-

307 2965 603 3040 γουστέως,
663 2965 761 3020 εἶθ’
830 2964 1005 3028 οὕτως
1068 2963 1496 3043 δηριγευόμενος
1547 2966 1652 3022 ὑπὸ
1697 2971 1804 3022 τῶν
1855 2966 1954 3040 ἀρ-

304 3053 520 3130 χόντων
565 3058 664 3110 τοῦ
711 3049 1130 3127 κουϐουκΛείου,
1176 3053 1453 3132 διέρχεται
1505 3055 1593 3112 διὰ
1636 3060 1734 3114 τοῦ
1767 3062 1953 3113 στενοῦ

301 3150 404 3214 τῆς
441 3150 656 3219 χρυσῆς
695 3145 910 3220 χειρὸς,
949 3144 1040 3201 καὶ
1089 3144 1376 3222 ἀνέρχεται
1426 3146 1502 3209 εἰς
1548 3147 1638 3202 τὸν
1693 3143 1950 3218 ὀνόποδα,

2171 662 2377 784 sexta
2434 657 2692 730 Deiparce
2759 659 2819 714 in
2871 659 3218 715 Dominicam
3293 661 3496 715 media
3545 659 3744 717 hebdo-

2171 745 2224 784 m
2304 745 2369 784 ιε.

2170 745 2369 786 maau.

2171 820 2219 877 Ι.
2250 817 2566 876 Sciendum
2599 822 2708 881 est.
2743 817 2841 875 ubi
2872 819 3057 876 festus
3095 819 3574 876 Annuntiationis
3617 820 3741 878 dies

2097 907 2155 964 in
2187 907 2550 966 Dominicam
2584 908 2790 965 media
2812 909 3568 981 hebdomadisjejuniorum
3594 910 3738 966 inci-

2097 997 2268 1065 derit,
2299 999 2386 1054 sic
2427 1013 2561 1054 eum
2605 997 2903 1054 celebrari.
2960 997 3177 1055 Omnes
3225 1007 3571 1056 nocturnam
3604 1016 3738 1072 pro-

2094 1089 2416 1144 cessionem
2449 1087 2519 1142 ad
2554 1086 2832 1159 palatium
2865 1087 3208 1157 instituunt,
3241 1088 3471 1159 patricii
3503 1087 3735 1160 quidem

2093 1175 2309 1232 tunicis
2341 1175 2492 1232 albis
2539 1191 2673 1233 cum
2725 1175 3003 1233 orbiculis
3053 1175 3324 1234 violaceis
3374 1176 3564 1234 induti
3602 1179 3735 1248 (hoc

2092 1265 2248 1321 enim
2275 1265 2370 1320 die
2402 1264 2631 1323 tunicas
2658 1265 2854 1322 aureis
2903 1264 3083 1322 clavis
3126 1271 3431 1337 pretextas
3480 1283 3595 1322 non
3635 1283 3738 1340 ge-

2090 1357 2269 1427 runt),
2301 1355 2403 1410 98
2433 1365 2664 1412 senatus
2711 1370 2948 1427 quoque
3005 1353 3198 1411 omnis
3253 1355 3402 1411 albis
3449 1356 3732 1425 vestibus,

2091 1447 2381 1518 praepositi
2415 1449 2474 1501 et
2494 1444 2839 1502 cubicularii
2898 1449 2962 1500 ut
2999 1461 3232 1518 semper
3270 1446 3480 1502 solent.
3523 1448 3730 1516 Aperto

2087 1540 2282 1591 autem
2312 1533 2551 1607 palatio,
2593 1535 2783 1591 subito
2831 1551 3036 1591 omnes
3086 1552 3120 1592 a
3167 1536 3442 1592 mandato
3484 1535 3726 1605 intrant,

2086 1640 2301 1700 perque
2325 1640 2568 1681 aureum
2585 1623 2903 1680 triclinium
2926 1623 3209 1696 templum
3229 1625 3448 1680 Sanctai
3475 1625 3728 1697 Deiparaa

2081 1715 2253 1772 Phari
2282 1719 2508 1788 petunt,
2543 1713 2644 1770 ubi
2683 1713 3012 1770 venerando
3050 1715 3244 1770 crucis
3283 1713 3441 1785 ligno
3464 1714 3726 1780 adorato,

2083 1806 2280 1864 statim
2312 1821 2623 1878 processus
2652 1820 2721 1860 ex
2751 1805 3022 1861 mandato
3052 1803 3246 1859 datur.
3289 1805 3441 1859 Hora
3463 1806 3726 1862 secunda

2086 1896 2605 1968 mediaimperator
2627 1894 2974 1967 procedit,et
2997 1910 3099 1966 per
3119 1892 3438 1966 dapbnem,
3462 1895 3723 1951 accensis

2084 1987 2145 2041 ln
2199 1985 2328 2056 ejus
2369 1984 2622 2040 oratorio
2661 1985 2866 2049 cereis,
2917 1987 2984 2039 ut
3015 1983 3180 2053 solet,
3212 1983 3369 2039 venit
3396 1988 3454 2039 et
3475 1983 3722 2039 cubicu-

2081 2073 2207 2130 lum
2249 2072 2570 2144 augustalis
2625 2072 2952 2144 ingressus,
2999 2077 3218 2128 mutato
3277 2071 3557 2128 dibetesio
3589 2089 3718 2139 suo,

2082 2169 2315 2233 tempus
2341 2159 2725 2233 prestolatur.
2760 2160 2882 2224 Quo
2913 2161 3198 2226 veniente,
3231 2159 3542 2214 monitusa
3572 2160 3722 2216 ceri-

2079 2250 2412 2308 moniarum
2443 2249 2726 2322 magistro
2775 2248 3147 2322 praepositus,
3178 2249 3250 2303 ad
3304 2247 3718 2320 imperatorem

2079 2340 2404 2414 ingreditur
2432 2339 2604 2412 eique
2635 2344 2869 2411 tempus
2913 2339 3116 2395 adesse
3151 2337 3390 2394 indicat.
3437 2339 3490 2393 [s
3521 2337 3722 2393 tunica

2077 2447 2208 2499 sua,
2239 2436 2304 2488 ut
2332 2447 2458 2488 mos
2486 2433 2598 2498 est,
2629 2427 2895 2495 indutus,
2929 2427 3295 2500 progreditur
3332 2431 3389 2483 et
3411 2443 3514 2498 per
3541 2442 3722 2499 augu-

2074 2521 2224 2578 stale
2250 2519 2486 2590 transit,
2511 2519 2664 2575 unde
2685 2535 2719 2574 a
2741 2516 2995 2574 cubiculi
3018 2517 3298 2589 praefectis
3321 2516 3593 2588 stipatus,
3619 2531 3721 2588 per

2072 2621 2303 2671 stenum
2333 2628 2519 2670 aurea
2551 2627 2764 2668 manus
2801 2611 2874 2666 ad
2925 2608 3278 2682 onopodium
3327 2605 3592 2664 ascendit
3619 2624 3632 2664 :
3657 2608 3716 2664 in

2069 2712 2234 2776 porta
2261 2719 2423 2759 aenea
2452 2705 2706 2759 stantem
2740 2699 2970 2773 patricii
3001 2702 3057 2756 et
3087 2698 3344 2770 strategi,
3374 2699 3530 2754 inter
3568 2713 3716 2768 quos

2070 2795 2289 2851 medios
2311 2791 2751 2852 cerimoniarius
2774 2794 2946 2858 astat,
2969 2789 3282 2862 excipiunt,
3313 2791 3372 2844 et
3402 2792 3714 2860 postquam

2067 2899 2273 2940 omnes
2293 2882 2703 2953 imperatorem
2737 2879 3073 2948 adorarunt,
3094 2877 3442 2952 praepositus
3471 2893 3501 2932 a
3534 2893 3712 2933 man-

2067 2975 2201 3030 dato
2221 2972 2452 3044 signum
2475 2969 2882 3028 cerimoniario
2915 2969 3037 3038 dat,
3057 2967 3158 3041 qui
3180 2967 3350 3023 dicit:
3381 2987 3407 3018 ι
3439 2966 3710 3032 Jubete;»

2064 3061 2306 3134 posthac
2353 3061 2624 3117 universo
2671 3059 2904 3115 senatui
2933 3057 3127 3128 juncti
3176 3057 3249 3112 ad
3289 3055 3706 3112 consistorium

2063 3151 2299 3208 abeunt.
2327 3150 2646 3221 Imperator
2675 3145 2788 3202 sub
2841 3144 3198 3201 camelaucio
3243 3144 3301 3200 in
3345 3142 3536 3213 lapide
3574 3159 3712 3215 por-

304 3233 395 3288 καὶ
427 3253 653 3297 σταντος
699 3231 864 3290 αὺτοῦ
911 3232 964 3290 ἐν
1015 3238 1084 3310 τῇ
1114 3235 1262 3311 πύλῃ
1309 3238 1378 3311 τῇ
1429 3233 1640 3313 χαλκῇ,
1692 3233 1950 3312 δέχονται

2079 3238 2368 3311 phyretico
2397 3241 2536 3305 stat,
2567 3237 2824 3307 dumque
2854 3233 3081 3307 patricii
3119 3248 3248 3290 cum
3297 3236 3503 3288 senatu
3529 3231 3715 3304 proci—

305 3324 464 3380 αὐτὸν
528 3322 699 3381 ἆκεῖσε
748 3324 1027 3400 πατρίκιοι
1074 3327 1166 3382 καὶ
1215 3327 1531 3403 στρατηγοὶ,
1594 3327 1686 3381 καὶ
1745 3326 1958 3382 ἳσταται

311 3415 475 3489 μέσον
506 3413 686 3471 αὐτῶν
734 3415 763 3470 6
811 3418 910 3486 τῆς
948 3416 1352 3489 καταστάσεως,
1391 3416 1481 3472 καὶ
1529 3415 1741 3473 πάντων
1787 3437 1962 3492 προσ-

307 3503 679 3576 κυνησάντων,
726 3505 866 3561 νεύει
907 3505 936 3561 6
979 3507 1345 3581 πραιπόσιτος
1395 3507 1503 3562 ὰπὸ
1542 3503 1842 3570 κελεύσεως
1880 3510 1962 3578 τῷ

2073 3331 2247 3399 dunt,
2285 3327 2639 3401 praepositus
2691 3323 3016 3381 silentiario
3063 3340 3095 3380 e
3141 3322 3442 3390 mandato,
3497 3321 3560 3377 in
3589 3321 3717 3377 loco

2071 3417 2328 3477 inferiori
2390 3415 2726 3482 constituto,
2777 3413 3014 3486 signum
3071 3414 3192 3485 dat,
3243 3413 3296 3469 is
3325 3410 3513 3468 dicit:
3553 3432 3576 3464 ε
3607 3409 3718 3467 Ju-

2073 3507 2222 3563 bete.
2256 3525 2286 3553 »

310 3602 412 3666 τῆς
458 3595 859 3670 καταστάσεως,
905 3595 995 3652 καὶ
1044 3594 1213 3672 λέγει.
1267 3621 1297 3650 ‹‹
1338 3596 1637 3666 Κλεύσατε,
1683 3617 1712 3651 ι
1781 3597 1871 3652 καὶ
1947 3596 2047 3661 εἶθ’
2099 3594 2273 3657 οὕτως
2341 3589 2696 3668 κατέρχονται
2750 3587 2800 3642 οἱ
2849 3586 3002 3642 αὐτοὶ
3073 3585 3125 3641 ἐν
3185 3589 3264 3658 τῷ
3318 3583 3718 3660 κονσιστωρίῳ,

303 3684 587 3760 δνούμενοι
643 3689 714 3760 τῇ
779 3683 1073 3760 συγκλήτῳ
1147 3687 1345 3761 ἁπάσῃ.
1421 3686 1484 3744 Ὀ
1558 3683 1616 3741 δὲ
1695 3684 1950 3760 βασιλεὺς
2007 3681 2226 3740 ’ίσταται
2285 3680 2541 3737 ὑποκάτω
2587 3681 2688 3734 τοῦ
2745 3673 3116 3750 καμελαυκίου
3183 3673 3234 3728 έν
3300 3677 3379 3745 τῷ
3450 3677 3717 3749 πορφυρῷ

308 3772 471 3847 λίθῳ,
547 3773 636 3830 καὶ
711 3773 985 3830 πεσόντων
1084 3779 1192 3831 τῶν
1266 3776 1567 3850 πατρικίων
1647 3775 1782 3848 μετὰ
1869 3779 1972 3843 τῆς
2044 3771 2381 3847 συγκλήτου,
2457 3767 2597 3823 νεύει
2675 3768 2702 3822 6
2776 3765 3135 3840 πραιπόσιτος
3210 3766 3290 3833 τῷ
3366 3761 3714 3833 σιΛεντιαρίῳ

295 3864 404 3922 άπὸ
435 3863 734 3930 κελεύσεως
769 3869 851 3939 τῷ
890 3865 1085 3923 δστῶτι
1115 3863 1288 3939 κάτω,
1317 3867 1564 3930 κάκεῖνος
1597 3865 1762 3943 λέγει·
1798 3890 1826 3917 ‹‹
1862 3863 2183 3920 Κελεύσατε.
2217 3887 2247 3914 ››

370 3958 445 4013 B‘.
515 3955 616 4011 Καὶ
674 3954 1101 4031 δηριγευόμενος
1169 3956 1255 4012 ὑπ’
1325 3955 1499 4012 αὐτῶν
1570 3957 1599 4011 ὁ
1668 3951 1953 4030 βασιλεὺς,

300 4043 577 4122 διέρχεται
607 4042 699 4103 διὰ
741 4049 851 4101 τῶν
900 4040 1268 4102 ἰκσκουόίτων
1307 4047 1397 4102 καὶ
1435 4050 1546 4102 τῶν
1579 4044 1827 4123 σχολῶν,
1859 4046 1948 4100 καὶ

300 4132 575 4210 ὶξέρχεται
617 4135 718 4204 τήν
785 4131 1033 4210 μεγάλην
1083 4132 1268 4205 πύλην
1322 4140 1422 4205 τῆς
1489 4134 1734 4214 χαλκῆς,
1781 4135 1848 4190 τά
1895 4132 1954 4188 οὶ

307 4221 446 4299 μέρη
484 4220 722 4278 ἴστανται
751 4220 805 4279 ἕν
853 4227 974 4286 ταῖς
1033 4224 1278 4279 στάσεσιν
1337 4223 1538 4293 αὐτῶν,
1590 4223 1952 4302 σφραγίζοντα

299 4310 392 4366 τὸν
427 4310 654 4388 βασιλέα
717 4311 807 4368 καὶ
867 4311 1056 4386 μόνον,
1115 4311 1338 4388 λέγουσι
1388 4311 1445 4370 δὲ
1492 4313 1581 4370 καὶ
1622 4314 1676 4370 οἱ
1707 4314 1951 4389 νοτάριοι

294 4398 422 4463 τοὺς
452 4397 706 4474 ἷάμϐους.
759 4401 855 4457 Καὶ
911 4399 1170 4459 εἰσελθὼν
1219 4404 1248 4460 6
1303 4401 1558 4478 βασιλεὺς
1604 4402 1657 4460 ἐν
1703 4407 1772 4478 τῇ
1803 4402 1952 4477 πύλῃ

291 4491 391 4544 τοῦ
434 4489 590 4564 ἁγίου
638 4490 888 4568 φρέατος,
938 4491 1094 4546 ἅπτει
1148 4492 1358 4566 κηροὺς
1407 4493 1496 4548 καὶ
1529 4493 1771 4570 εὑχεταιο
1816 4494 1842 4549 6
1895 4491 1952 4548 δὲ

2133 3953 2202 4010 ll.
2219 3951 2304 4009 Ab
2317 3951 2408 4007 his
2419 3950 2675 4022 stipatus
2697 3948 3034 4020 imperator,
3050 3960 3152 4017 per
3169 3939 3710 4007 excubias,scholas

2061 4054 2449 4114 magnamque
2481 4041 2706 4110 portam
2737 4034 2969 4092 cbalces
3002 4030 3392 4106 progreditur,
3425 4029 3706 4087 factiones

2059 4132 2122 4189 in
2152 4130 2278 4188 suis
2309 4127 2682 4192 stationibus,
2702 4124 3110 4197 imperatorem
3131 4135 3300 4179 cruce
3329 4119 3634 4192 signantes
3653 4123 3712 4174 et

2061 4221 2206 4278 nihil
2241 4223 2518 4294 praeterea
2546 4221 2806 4289 agentes,
2839 4213 3077 4280 adsunt,
3109 4210 3318 4268 notarii
3349 4208 3527 4266 etiam
3559 4210 3710 4264 iam-

2061 4311 2165 4368 bos
2183 4310 2405 4368 dicunt.
2432 4309 2754 4379 Imperator
2766 4307 2988 4376 portam
3000 4300 3189 4360 sancti
3210 4300 3363 4374 putei
3379 4299 3702 4372 ingressus,

2060 4416 2259 4459 cereos
2288 4398 2559 4458 accendit
2597 4400 2653 4454 et
2701 4397 2992 4470 precatur,
3045 4389 3374 4466 patriarcha
3411 4405 3544 4446 vero
3575 4403 3706 4445 eum

2062 4493 2120 4548 in
2147 4497 2334 4564 porta,
2366 4506 2399 4544 a
2435 4503 2600 4544 sacro
2631 4491 2800 4558 puteo
2858 4484 2929 4541 ad
2985 4481 3264 4554 templum
3300 4480 3564 4550 ducente,
3612 4494 3704 4534 ex-

288 4567 657 4655 πατριάρχης
704 4576 924 4656 δέχεται
971 4580 1062 4636 τὸν
1123 4580 1352 4657 βασιλέα
1381 4581 1456 4645 εἰς
1497 4567 1606 4652 τήν
1623 4567 1810 4653 πύλην
1847 4583 1947 4651 τήν
1981 4638 1985 4647 ,

2079 4579 2386 4654 :ipit,unde
2397 4582 2530 4651 post
2543 4580 2809 4633 mutuam
2825 4571 3222 4630 adorationem
3235 4573 3292 4626 et
3303 4567 3704 4625 salutationem

295 4663 614 4746 εἰσάγουσαν
643 4666 749 4724 ἀπὸ
780 4672 877 4726 τοῦ
926 4669 1089 4744 ἁγίου
1121 4666 1350 4747 φρέατος
1396 4669 1475 4734 εἷς
1521 4669 1614 4727 τὸν
1669 4670 1817 4742 ναὸν,
1856 4672 1948 4727 καὶ

289 4759 768 4834 προσχυνήσαντες
814 4755 1106 4829 ἀλλήλους
1167 4759 1259 4814 καὶ
1326 4756 1722 4834 ἀσπασάμενοι,
1773 4760 1942 4837 εἰσέρο

293 4862 487 4923 χονται
517 4847 596 4910 εἷς
624 4848 717 4904 τὸν
765 4847 916 4906 ναόν.
948 4848 1011 4906 Ὀ
1061 4845 1120 4904 δὶ
1173 4847 1455 4924 βασιλεὺς,
1499 4852 1682 4907 ἅπτων
1715 4853 1941 4927 κηροὺς,

2059 4669 2347 4743 templum
2426 4665 2858 4740 ingrediuntur.
2949 4663 3274 4734 Imperator
3319 4658 3393 4714 ad
3466 4661 3700 4714 sanctas

2048 4763 2266 4834 januas
2311 4773 2448 4815 cum
2508 4755 2690 4814 cereis
2731 4751 2994 4810 accensis
3051 4755 3341 4823 precatur,
3377 4746 3701 4804 sacrarium

2055 4854 2260 4917 intrat,
2317 4849 2638 4918 sanctaque
2685 4858 2889 4900 mensa
2936 4841 3198 4907 adorata,
3257 4840 3528 4910 precatur
3565 4839 3624 4892 et
3667 4851 3700 4890 e

291 4933 518 5016 εὔχεται
555 4934 859 5011 ἔμπροσθεν
903 4939 1013 4991 τῶν
1064 4936 1236 5014 άγίων
1279 4943 1478 5015 θυρῶν,
1527 4941 1617 4994 καὶ
1657 4926 1941 5013 εὐξάμενος

2079 4945 2276 4995 »θωδιε
2291 4937 2430 5003 abit,
2463 4947 2680 5007 perque
2711 4930 2929 4988 soleam
2958 4927 3191 4986 transit.
3216 4926 3381 5016 Unde
3393 4939 3701 5016 egressura

291 5025 602 5102 εἰσέρχεται
669 5023 745 5086 εἷς
824 5025 886 5080 τὸ
949 5026 1354 5099 θυσιαστήριον,
1420 5027 1510 5083 καὶ
1561 5031 1942 5104 προσκυνήσας

286 5115 391 5185 τήν
450 5112 608 5190 ἁγίαν
663 5115 929 5190 τράπεζαν
989 5115 1077 5171 καὶ
1135 5115 1444 5193 εὐξάμενος,
1501 5117 1780 5198 ἐξέρχεται
1831 5117 1938 5175 ἀπό

2055 5027 2402 5104 ρτεροεὶιυε
2433 5038 2664 5081 cereum
2706 5017 3190 5096 processionalem
3236 5015 3436 5084 tradit,
3468 5014 3699 5072 statim-

2054 5135 2170 5194 que
2190 5114 2514 5190 troparium
2535 5109 2924 5188 processionis
2948 5125 2962 5166 :
2988 5130 3016 5160 «
3034 5106 3214 5165 Hodie
3243 5105 3450 5164 salutis
3480 5107 3690 5161 nostra:

1664 5293 1899 5353 VARle
1938 5291 2355 5353 LECTIONES.

353 5433 380 5469 ⁸
403 5433 438 5504 ἡ
469 5433 606 5506 αὓτη
636 5435 728 5494 ed.
804 5436 826 5472 ⁷
849 5432 953 5491 61:6
984 5431 1254 5512 χρυσοκλ.
1297 5437 1426 5495 cod.

1341 5591 1547 5650 JOAN.
1576 5593 1716 5652 ΜΟ.
1753 5591 2012 5652 REISKII
2049 5590 2628 5652 COMMENTARIUS.

352 5735 464 5808 (3t)
494 5736 712 5812 Nempe
733 5739 948 5811 jejunii
969 5737 1518 5814 quadragesimalis.
