  <div class='ocr_page' id='page_1' title='image "/cluster/home/n/w/nwhite01/storage/ocr_20150623/112/hvd.32044073502304/209.png"; bbox 0 0 4158 6212; ppageno 0'>
   <div class='ocr_carea' id='block_1_1' title="bbox 376 361 496 420">
    <p class='ocr_par' dir='ltr' id='par_1_1' title="bbox 376 361 496 420">
     <span class='ocr_line' id='line_1_1' title="bbox 376 361 496 420; baseline 0 -1"><span class='ocrx_word' id='word_1_1' title='bbox 376 361 496 420; x_wconf 75' lang='lat'>407</span> 
     </span>
    </p>
   </div>
   <div class='ocr_carea' id='block_1_2' title="bbox 1433 349 2713 414">
    <p class='ocr_par' dir='ltr' id='par_1_2' title="bbox 1433 349 2713 414">
     <span class='ocr_line' id='line_1_2' title="bbox 1433 349 2713 414; baseline 0 -3"><span class='ocrx_word' id='word_1_2' title='bbox 1433 349 1965 412; x_wconf 84' lang='lat' dir='ltr'>CONSTANTINI</span> <span class='ocrx_word' id='word_1_3' title='bbox 2006 349 2713 414; x_wconf 79' lang='lat' dir='ltr'>PORPHYROGENITI</span> 
     </span>
    </p>
   </div>
   <div class='ocr_carea' id='block_1_3' title="bbox 3661 352 3781 413">
    <p class='ocr_par' dir='ltr' id='par_1_3' title="bbox 3661 352 3781 413">
     <span class='ocr_line' id='line_1_3' title="bbox 3661 352 3781 413; baseline -0.008 0"><span class='ocrx_word' id='word_1_4' title='bbox 3661 352 3781 413; x_wconf 76' lang='grc'>408</span> 
     </span>
    </p>
   </div>
   <div class='ocr_carea' id='block_1_4' title="bbox 393 476 2032 560">
    <p class='ocr_par' dir='ltr' id='par_1_4' title="bbox 393 481 2025 559">
     <span class='ocr_line' id='line_1_4' title="bbox 393 481 2025 559; baseline -0.006 -11"><span class='ocrx_word' id='word_1_5' title='bbox 393 491 673 557; x_wconf 86' lang='lat' dir='ltr'><strong>recitans,</strong></span> <span class='ocrx_word' id='word_1_6' title='bbox 727 488 969 559; x_wconf 84' lang='lat' dir='ltr'><strong>excipit;</strong></span> <span class='ocrx_word' id='word_1_7' title='bbox 1020 485 1287 541; x_wconf 88' lang='lat' dir='ltr'><strong>tribunus</strong></span> <span class='ocrx_word' id='word_1_8' title='bbox 1332 484 1484 556; x_wconf 88' lang='lat' dir='ltr'><strong>ejus,</strong></span> <span class='ocrx_word' id='word_1_9' title='bbox 1542 499 1577 539; x_wconf 86' lang='lat' dir='ltr'>a</span> <span class='ocrx_word' id='word_1_10' title='bbox 1621 481 2025 539; x_wconf 88' lang='lat' dir='ltr'><strong>cerimoniario</strong></span> 
     </span>
    </p>
   </div>
   <div class='ocr_carea' id='block_1_5' title="bbox 2141 476 3785 560">
    <p class='ocr_par' dir='ltr' id='par_1_5' title="bbox 2141 476 3785 560">
     <span class='ocr_line' id='line_1_5' title="bbox 2141 476 3785 560; baseline 0.001 -22"><span class='ocrx_word' id='word_1_11' title='bbox 2141 482 2333 560; x_wconf 87' lang='grc' dir='ltr'>βεργία</span> <span class='ocrx_word' id='word_1_12' title='bbox 2359 488 2542 559; x_wconf 78' lang='grc' dir='ltr'>χρυσᾶ</span> <span class='ocrx_word' id='word_1_13' title='bbox 2572 479 2814 547; x_wconf 80' lang='grc' dir='ltr'>διάλιθα.</span> <span class='ocrx_word' id='word_1_14' title='bbox 2869 480 2968 536; x_wconf 79' lang='grc' dir='ltr'>Καὶ</span> <span class='ocrx_word' id='word_1_15' title='bbox 3027 476 3435 546; x_wconf 75' lang='grc' dir='ltr'>καταλαϐόντος</span> <span class='ocrx_word' id='word_1_16' title='bbox 3480 486 3581 540; x_wconf 88' lang='grc' dir='ltr'>τοῦ</span> <span class='ocrx_word' id='word_1_17' title='bbox 3633 485 3785 560; x_wconf 64' lang='grc' dir='ltr'>βασις</span> 
     </span>
    </p>
   </div>
   <div class='ocr_carea' id='block_1_6' title="bbox 386 571 2024 645">
    <p class='ocr_par' dir='ltr' id='par_1_6' title="bbox 386 571 2024 645">
     <span class='ocr_line' id='line_1_6' title="bbox 386 571 2024 645; baseline -0.007 -6"><span class='ocrx_word' id='word_1_18' title='bbox 386 584 775 643; x_wconf 89' lang='lat' dir='ltr'><strong>sustentatus,</strong></span> <span class='ocrx_word' id='word_1_19' title='bbox 807 578 877 632; x_wconf 89' lang='lat' dir='ltr'>ad</span> <span class='ocrx_word' id='word_1_20' title='bbox 911 576 1314 645; x_wconf 81' lang='lat' dir='ltr'>imperatorem</span> <span class='ocrx_word' id='word_1_21' title='bbox 1345 573 1486 641; x_wconf 90' lang='lat' dir='ltr'><strong>abit,</strong></span> <span class='ocrx_word' id='word_1_22' title='bbox 1535 571 1651 641; x_wconf 92' lang='lat' dir='ltr'><strong>cui,</strong></span> <span class='ocrx_word' id='word_1_23' title='bbox 1686 572 1860 645; x_wconf 89' lang='lat' dir='ltr'><strong>pedes</strong></span> <span class='ocrx_word' id='word_1_24' title='bbox 1899 572 2024 643; x_wconf 84' lang='lat' dir='ltr'>ejus</span> 
     </span>
    </p>
   </div>
   <div class='ocr_carea' id='block_1_7' title="bbox 386 660 2027 734">
    <p class='ocr_par' dir='ltr' id='par_1_7' title="bbox 386 660 2027 734">
     <span class='ocr_line' id='line_1_7' title="bbox 386 660 2027 734; baseline -0.005 -9"><span class='ocrx_word' id='word_1_25' title='bbox 386 663 1060 733; x_wconf 86' lang='lat' dir='ltr'><strong>osculatus,libellarium</strong></span> <span class='ocrx_word' id='word_1_26' title='bbox 1084 663 1269 719; x_wconf 81' lang='lat' dir='ltr'><strong>oti&#39;ert.</strong></span> <span class='ocrx_word' id='word_1_27' title='bbox 1288 663 1677 734; x_wconf 81' lang='lat' dir='ltr'><strong>Etpostqusm</strong></span> <span class='ocrx_word' id='word_1_28' title='bbox 1703 660 2027 718; x_wconf 82' lang='lat' dir='ltr'><strong>factionarii</strong></span> 
     </span>
    </p>
   </div>
   <div class='ocr_carea' id='block_1_8' title="bbox 383 749 2027 827">
    <p class='ocr_par' dir='ltr' id='par_1_8' title="bbox 383 749 2027 827">
     <span class='ocr_line' id='line_1_8' title="bbox 383 749 2027 827; baseline -0.005 -12"><span class='ocrx_word' id='word_1_29' title='bbox 383 756 585 815; x_wconf 83' lang='lat' dir='ltr'>omnia</span> <span class='ocrx_word' id='word_1_30' title='bbox 616 771 719 827; x_wconf 92' lang='lat' dir='ltr'>pro</span> <span class='ocrx_word' id='word_1_31' title='bbox 750 769 913 809; x_wconf 89' lang='lat' dir='ltr'><strong>more</strong></span> <span class='ocrx_word' id='word_1_32' title='bbox 944 768 1236 825; x_wconf 81' lang='lat' dir='ltr'><strong>peregere,</strong></span> <span class='ocrx_word' id='word_1_33' title='bbox 1270 754 1585 823; x_wconf 81' lang='lat' dir='ltr'>imperator</span> <span class='ocrx_word' id='word_1_34' title='bbox 1610 749 1914 824; x_wconf 77' lang='lat' dir='ltr'>paululum</span> <span class='ocrx_word' id='word_1_35' title='bbox 1937 751 2027 806; x_wconf 92' lang='lat' dir='ltr'><strong>di-</strong></span> 
     </span>
    </p>
   </div>
   <div class='ocr_carea' id='block_1_9' title="bbox 387 839 2032 919">
    <p class='ocr_par' dir='ltr' id='par_1_9' title="bbox 387 839 2032 919">
     <span class='ocr_line' id='line_1_9' title="bbox 387 839 2032 919; baseline -0.004 -18"><span class='ocrx_word' id='word_1_36' title='bbox 387 845 671 919; x_wconf 81' lang='lat' dir='ltr'>greditur,</span> <span class='ocrx_word' id='word_1_37' title='bbox 699 859 871 915; x_wconf 84' lang='lat' dir='ltr'><strong>quem</strong></span> <span class='ocrx_word' id='word_1_38' title='bbox 899 841 1239 897; x_wconf 80' lang='lat' dir='ltr'>transitoria</span> <span class='ocrx_word' id='word_1_39' title='bbox 1269 840 1646 899; x_wconf 86' lang='lat' dir='ltr'><strong>Prasinorum</strong></span> <span class='ocrx_word' id='word_1_40' title='bbox 1682 839 1855 897; x_wconf 79' lang='lat' dir='ltr'><strong>tactio</strong></span> <span class='ocrx_word' id='word_1_41' title='bbox 1885 839 2032 895; x_wconf 81' lang='lat' dir='ltr'><strong>exci-</strong></span> 
     </span>
    </p>
   </div>
   <div class='ocr_carea' id='block_1_10' title="bbox 386 926 2028 1007">
    <p class='ocr_par' dir='ltr' id='par_1_10' title="bbox 386 926 2028 1007">
     <span class='ocr_line' id='line_1_10' title="bbox 386 926 2028 1007; baseline -0.003 -19"><span class='ocrx_word' id='word_1_42' title='bbox 386 935 473 1007; x_wconf 89' lang='lat' dir='ltr'>pit</span> <span class='ocrx_word' id='word_1_43' title='bbox 514 932 743 999; x_wconf 90' lang='lat' dir='ltr'><strong>eadem,</strong></span> <span class='ocrx_word' id='word_1_44' title='bbox 774 946 904 1002; x_wconf 69' lang='lat' dir='ltr'><strong>quae</strong></span> <span class='ocrx_word' id='word_1_45' title='bbox 936 930 1154 993; x_wconf 83' lang='lat' dir='ltr'><strong>Veneti,</strong></span> <span class='ocrx_word' id='word_1_46' title='bbox 1205 930 1451 1001; x_wconf 89' lang='lat' dir='ltr'><strong>peragit,</strong></span> <span class='ocrx_word' id='word_1_47' title='bbox 1485 928 1759 985; x_wconf 86' lang='lat' dir='ltr'><strong>tribunus</strong></span> <span class='ocrx_word' id='word_1_48' title='bbox 1798 929 1927 998; x_wconf 86' lang='lat' dir='ltr'><strong>ejus</strong></span> <span class='ocrx_word' id='word_1_49' title='bbox 1958 926 2028 983; x_wconf 91' lang='lat' dir='ltr'><strong>li-</strong></span> 
     </span>
    </p>
   </div>
   <div class='ocr_carea' id='block_1_11' title="bbox 389 1019 2033 1091">
    <p class='ocr_par' dir='ltr' id='par_1_11' title="bbox 389 1019 2033 1091">
     <span class='ocr_line' id='line_1_11' title="bbox 389 1019 2033 1091; baseline -0.002 -14"><span class='ocrx_word' id='word_1_50' title='bbox 389 1021 611 1079; x_wconf 84' lang='lat' dir='ltr'><strong>bellum</strong></span> <span class='ocrx_word' id='word_1_51' title='bbox 646 1019 980 1091; x_wconf 75' lang='lat' dir='ltr'><strong>imperatori</strong></span> <span class='ocrx_word' id='word_1_52' title='bbox 1011 1019 1205 1084; x_wconf 84' lang='lat' dir='ltr'><strong>tradit,</strong></span> <span class='ocrx_word' id='word_1_53' title='bbox 1259 1034 1433 1090; x_wconf 89' lang='lat' dir='ltr'><strong>quem</strong></span> <span class='ocrx_word' id='word_1_54' title='bbox 1464 1019 1793 1090; x_wconf 91' lang='lat' dir='ltr'><strong>digressum</strong></span> <span class='ocrx_word' id='word_1_55' title='bbox 1831 1021 2033 1089; x_wconf 90' lang='lat' dir='ltr'><strong>postea</strong></span> 
     </span>
    </p>
   </div>
   <div class='ocr_carea' id='block_1_12' title="bbox 390 1107 2032 1183">
    <p class='ocr_par' dir='ltr' id='par_1_12' title="bbox 390 1107 2032 1183">
     <span class='ocr_line' id='line_1_12' title="bbox 390 1107 2032 1183; baseline -0.004 -14"><span class='ocrx_word' id='word_1_56' title='bbox 390 1112 451 1169; x_wconf 91' lang='lat' dir='ltr'>in</span> <span class='ocrx_word' id='word_1_57' title='bbox 481 1110 779 1183; x_wconf 87' lang='lat' dir='ltr'><strong>augustati</strong></span> <span class='ocrx_word' id='word_1_58' title='bbox 808 1108 1053 1165; x_wconf 89' lang='lat' dir='ltr'><strong>Prasina</strong></span> <span class='ocrx_word' id='word_1_59' title='bbox 1072 1107 1245 1164; x_wconf 85' lang='lat' dir='ltr'><strong>factio</strong></span> <span class='ocrx_word' id='word_1_60' title='bbox 1262 1109 1491 1179; x_wconf 79' lang='lat' dir='ltr'><strong>excipit,</strong></span> <span class='ocrx_word' id='word_1_61' title='bbox 1510 1113 1567 1165; x_wconf 90' lang='lat' dir='ltr'>et</span> <span class='ocrx_word' id='word_1_62' title='bbox 1582 1116 1885 1180; x_wconf 85' lang='lat' dir='ltr'><strong>postquam</strong></span> <span class='ocrx_word' id='word_1_63' title='bbox 1908 1122 2032 1163; x_wconf 89' lang='lat' dir='ltr'><strong>eos-</strong></span> 
     </span>
    </p>
   </div>
   <div class='ocr_carea' id='block_1_13' title="bbox 390 1195 2031 1269">
    <p class='ocr_par' dir='ltr' id='par_1_13' title="bbox 390 1195 2031 1269">
     <span class='ocr_line' id='line_1_13' title="bbox 390 1195 2031 1269; baseline -0.004 -11"><span class='ocrx_word' id='word_1_64' title='bbox 390 1202 520 1258; x_wconf 91' lang='lat' dir='ltr'><strong>dem</strong></span> <span class='ocrx_word' id='word_1_65' title='bbox 553 1201 702 1256; x_wconf 88' lang='lat' dir='ltr'><strong>ritus</strong></span> <span class='ocrx_word' id='word_1_66' title='bbox 732 1198 997 1265; x_wconf 84' lang='lat' dir='ltr'><strong>servavit,</strong></span> <span class='ocrx_word' id='word_1_67' title='bbox 1042 1198 1357 1269; x_wconf 87' lang='lat' dir='ltr'><strong>imperator</strong></span> <span class='ocrx_word' id='word_1_68' title='bbox 1385 1197 1456 1252; x_wconf 91' lang='lat' dir='ltr'>ab</span> <span class='ocrx_word' id='word_1_69' title='bbox 1502 1196 1645 1269; x_wconf 85' lang='lat' dir='ltr'><strong>ipsis</strong></span> <span class='ocrx_word' id='word_1_70' title='bbox 1683 1195 1823 1264; x_wconf 89' lang='lat' dir='ltr'><strong>abit,</strong></span> <span class='ocrx_word' id='word_1_71' title='bbox 1856 1211 2031 1267; x_wconf 89' lang='lat' dir='ltr'><strong>quem</strong></span> 
     </span>
    </p>
   </div>
   <div class='ocr_carea' id='block_1_14' title="bbox 383 1286 2032 1361">
    <p class='ocr_par' dir='ltr' id='par_1_14' title="bbox 383 1286 2032 1361">
     <span class='ocr_line' id='line_1_14' title="bbox 383 1286 2032 1361; baseline -0.003 -14"><span class='ocrx_word' id='word_1_72' title='bbox 383 1292 444 1348; x_wconf 92' lang='lat' dir='ltr'>in</span> <span class='ocrx_word' id='word_1_73' title='bbox 514 1288 711 1346; x_wconf 88' lang='lat' dir='ltr'><strong>chalce</strong></span> <span class='ocrx_word' id='word_1_74' title='bbox 769 1288 1041 1361; x_wconf 86' lang='lat' dir='ltr'><strong>princeps</strong></span> <span class='ocrx_word' id='word_1_75' title='bbox 1087 1286 1441 1343; x_wconf 87' lang='lat' dir='ltr'><strong>Venetorum</strong></span> <span class='ocrx_word' id='word_1_76' title='bbox 1517 1302 1619 1343; x_wconf 89' lang='lat' dir='ltr'>seu</span> <span class='ocrx_word' id='word_1_77' title='bbox 1678 1286 2032 1342; x_wconf 85' lang='lat' dir='ltr'><strong>domesticus</strong></span> 
     </span>
    </p>
   </div>
   <div class='ocr_carea' id='block_1_15' title="bbox 386 1374 2029 1447">
    <p class='ocr_par' dir='ltr' id='par_1_15' title="bbox 386 1374 2029 1447">
     <span class='ocr_line' id='line_1_15' title="bbox 386 1374 2029 1447; baseline -0.004 -10"><span class='ocrx_word' id='word_1_78' title='bbox 386 1378 718 1437; x_wconf 86' lang='lat' dir='ltr'><strong>scholarum</strong></span> <span class='ocrx_word' id='word_1_79' title='bbox 751 1392 881 1433; x_wconf 89' lang='lat' dir='ltr'>cum</span> <span class='ocrx_word' id='word_1_80' title='bbox 935 1374 1268 1432; x_wconf 89' lang='lat' dir='ltr'><strong>transitoria</strong></span> <span class='ocrx_word' id='word_1_81' title='bbox 1301 1392 1405 1431; x_wconf 90' lang='lat' dir='ltr'>sua</span> <span class='ocrx_word' id='word_1_82' title='bbox 1452 1375 1700 1431; x_wconf 83' lang='lat' dir='ltr'><strong>factione</strong></span> <span class='ocrx_word' id='word_1_83' title='bbox 1746 1374 2029 1447; x_wconf 88' lang='lat' dir='ltr'><strong>suscipit:</strong></span> 
     </span>
    </p>
   </div>
   <div class='ocr_carea' id='block_1_16' title="bbox 388 1463 2035 1541">
    <p class='ocr_par' dir='ltr' id='par_1_16' title="bbox 388 1463 2035 1541">
     <span class='ocr_line' id='line_1_16' title="bbox 388 1463 2035 1541; baseline -0.004 -16"><span class='ocrx_word' id='word_1_84' title='bbox 388 1486 518 1541; x_wconf 61' lang='lat' dir='ltr'><strong>qua</strong></span> <span class='ocrx_word' id='word_1_85' title='bbox 543 1472 853 1539; x_wconf 87' lang='lat' dir='ltr'><strong>postquam</strong></span> <span class='ocrx_word' id='word_1_86' title='bbox 886 1470 942 1521; x_wconf 90' lang='lat' dir='ltr'>et</span> <span class='ocrx_word' id='word_1_87' title='bbox 973 1465 1097 1537; x_wconf 89' lang='lat' dir='ltr'><strong>ipsa</strong></span> <span class='ocrx_word' id='word_1_88' title='bbox 1126 1464 1325 1520; x_wconf 89' lang='lat' dir='ltr'><strong>omnia</strong></span> <span class='ocrx_word' id='word_1_89' title='bbox 1358 1463 1615 1535; x_wconf 81' lang='lat' dir='ltr'><strong>perfecit,</strong></span> <span class='ocrx_word' id='word_1_90' title='bbox 1649 1467 1707 1519; x_wconf 85' lang='lat' dir='ltr'>et</span> <span class='ocrx_word' id='word_1_91' title='bbox 1729 1479 2035 1535; x_wconf 82' lang='lat' dir='ltr'><strong>organum,</strong></span> 
     </span>
    </p>
   </div>
   <div class='ocr_carea' id='block_1_17' title="bbox 346 1551 2035 1627">
    <p class='ocr_par' dir='ltr' id='par_1_17' title="bbox 346 1551 2035 1627">
     <span class='ocr_line' id='line_1_17' title="bbox 346 1551 2035 1627; baseline -0.004 -13"><span class='ocrx_word' id='word_1_92' title='bbox 346 1598 351 1603; x_wconf 64' lang='grc' dir='ltr'><strong><em>η</em></strong></span> <span class='ocrx_word' id='word_1_93' title='bbox 390 1558 473 1614; x_wconf 92' lang='lat' dir='ltr'>uti</span> <span class='ocrx_word' id='word_1_94' title='bbox 506 1557 566 1612; x_wconf 91' lang='lat' dir='ltr'>in</span> <span class='ocrx_word' id='word_1_95' title='bbox 599 1555 836 1627; x_wconf 87' lang='lat' dir='ltr'><strong>reliquis</strong></span> <span class='ocrx_word' id='word_1_96' title='bbox 878 1553 1066 1609; x_wconf 91' lang='lat' dir='ltr'><strong>tribus</strong></span> <span class='ocrx_word' id='word_1_97' title='bbox 1106 1552 1561 1624; x_wconf 89' lang='lat' dir='ltr'><strong>receptionibus,</strong></span> <span class='ocrx_word' id='word_1_98' title='bbox 1593 1551 1892 1624; x_wconf 86' lang='lat' dir='ltr'><strong>pulsatum</strong></span> <span class='ocrx_word' id='word_1_99' title='bbox 1925 1551 2035 1608; x_wconf 80' lang='lat' dir='ltr'><strong>fuit</strong></span> 
     </span>
    </p>
   </div>
   <div class='ocr_carea' id='block_1_18' title="bbox 388 1643 1076 1721">
    <p class='ocr_par' dir='ltr' id='par_1_18' title="bbox 388 1643 1076 1721">
     <span class='ocr_line' id='line_1_18' title="bbox 388 1643 1076 1721; baseline -0.009 -18"><span class='ocrx_word' id='word_1_100' title='bbox 388 1664 490 1721; x_wconf 90' lang='lat' dir='ltr'>per</span> <span class='ocrx_word' id='word_1_101' title='bbox 520 1645 777 1702; x_wconf 89' lang='lat' dir='ltr'><strong>cortinas</strong></span> <span class='ocrx_word' id='word_1_102' title='bbox 808 1643 1076 1699; x_wconf 84' lang='lat' dir='ltr'><strong>discedit.</strong></span> 
     </span>
    </p>
   </div>
   <div class='ocr_carea' id='block_1_19' title="bbox 2134 568 3783 649">
    <p class='ocr_par' dir='ltr' id='par_1_19' title="bbox 2134 568 3783 649">
     <span class='ocr_line' id='line_1_19' title="bbox 2134 568 3783 649; baseline 0.001 -22"><span class='ocrx_word' id='word_1_103' title='bbox 2134 568 2277 636; x_wconf 78' lang='grc' dir='ltr'>λέως</span> <span class='ocrx_word' id='word_1_104' title='bbox 2305 570 2457 645; x_wconf 85' lang='grc' dir='ltr'>ἐντῷ</span> <span class='ocrx_word' id='word_1_105' title='bbox 2488 570 2685 647; x_wconf 85' lang='grc' dir='ltr'>μιλίῳ,</span> <span class='ocrx_word' id='word_1_106' title='bbox 2715 568 2966 649; x_wconf 71' lang='grc' dir='ltr'>ὶέχονται</span> <span class='ocrx_word' id='word_1_107' title='bbox 2993 570 3153 627; x_wconf 80' lang='grc' dir='ltr'>αὐτὸν</span> <span class='ocrx_word' id='word_1_108' title='bbox 3188 572 3240 626; x_wconf 81' lang='grc' dir='ltr'>οί</span> <span class='ocrx_word' id='word_1_109' title='bbox 3284 576 3382 628; x_wconf 92' lang='grc' dir='ltr'>τοῦ</span> <span class='ocrx_word' id='word_1_110' title='bbox 3429 574 3627 648; x_wconf 79' lang='grc' dir='ltr'>μέρους</span> <span class='ocrx_word' id='word_1_111' title='bbox 3671 578 3783 630; x_wconf 89' lang='grc' dir='ltr'>τῶν</span> 
     </span>
    </p>
   </div>
   <div class='ocr_carea' id='block_1_20' title="bbox 2135 661 3781 739">
    <p class='ocr_par' dir='ltr' id='par_1_20' title="bbox 2135 661 3781 739">
     <span class='ocr_line' id='line_1_20' title="bbox 2135 661 3781 739; baseline 0.001 -22"><span class='ocrx_word' id='word_1_112' title='bbox 2135 662 2396 731; x_wconf 75' lang='grc' dir='ltr'>Βενέτων,</span> <span class='ocrx_word' id='word_1_113' title='bbox 2430 662 2678 739; x_wconf 81' lang='grc' dir='ltr'>λέγοντες</span> <span class='ocrx_word' id='word_1_114' title='bbox 2709 663 2774 716; x_wconf 73' lang='grc' dir='ltr'>τὰ</span> <span class='ocrx_word' id='word_1_115' title='bbox 2803 661 2938 716; x_wconf 84' lang='grc' dir='ltr'>κατὰ</span> <span class='ocrx_word' id='word_1_116' title='bbox 2989 662 3269 731; x_wconf 71' lang='grc' dir='ltr'>συνήθειαν</span> <span class='ocrx_word' id='word_1_117' title='bbox 3323 662 3507 726; x_wconf 77' lang='grc' dir='ltr'>αὐτοῖς</span> <span class='ocrx_word' id='word_1_118' title='bbox 3547 662 3699 718; x_wconf 77' lang='grc' dir='ltr'>ἄκτα’</span> <span class='ocrx_word' id='word_1_119' title='bbox 3753 666 3781 720; x_wconf 85' lang='lat'>6</span> 
     </span>
    </p>
   </div>
   <div class='ocr_carea' id='block_1_21' title="bbox 2136 748 3782 828">
    <p class='ocr_par' dir='ltr' id='par_1_21' title="bbox 2136 748 3782 828">
     <span class='ocr_line' id='line_1_21' title="bbox 2136 748 3782 828; baseline 0.003 -22"><span class='ocrx_word' id='word_1_120' title='bbox 2136 748 2194 806; x_wconf 73' lang='grc' dir='ltr'>δὲ</span> <span class='ocrx_word' id='word_1_121' title='bbox 2215 748 2529 828; x_wconf 74' lang='grc' dir='ltr'>δήμαρχος,</span> <span class='ocrx_word' id='word_1_122' title='bbox 2561 750 2937 827; x_wconf 77' lang='grc' dir='ltr'>κρατούμενος</span> <span class='ocrx_word' id='word_1_123' title='bbox 2971 752 3073 807; x_wconf 85' lang='lat'>61:6</span> <span class='ocrx_word' id='word_1_124' title='bbox 3102 756 3200 807; x_wconf 88' lang='grc' dir='ltr'>τοῦ</span> <span class='ocrx_word' id='word_1_125' title='bbox 3242 758 3343 822; x_wconf 82' lang='grc' dir='ltr'>τῆς</span> <span class='ocrx_word' id='word_1_126' title='bbox 3387 753 3782 825; x_wconf 77' lang='grc' dir='ltr'>καταστάσεως,</span> 
     </span>
    </p>
   </div>
   <div class='ocr_carea' id='block_1_22' title="bbox 2135 839 3785 920">
    <p class='ocr_par' dir='ltr' id='par_1_22' title="bbox 2135 839 3785 920">
     <span class='ocr_line' id='line_1_22' title="bbox 2135 839 3785 920; baseline 0.003 -25"><span class='ocrx_word' id='word_1_127' title='bbox 2135 839 2433 920; x_wconf 79' lang='grc' dir='ltr'>ἀπέρχεται</span> <span class='ocrx_word' id='word_1_128' title='bbox 2462 842 2599 912; x_wconf 80' lang='grc' dir='ltr'>πρὸς</span> <span class='ocrx_word' id='word_1_129' title='bbox 2647 840 2739 897; x_wconf 83' lang='grc' dir='ltr'>τὸν</span> <span class='ocrx_word' id='word_1_130' title='bbox 2796 840 3045 916; x_wconf 77' lang='grc' dir='ltr'>βασιλέα,</span> <span class='ocrx_word' id='word_1_131' title='bbox 3103 842 3193 897; x_wconf 81' lang='grc' dir='ltr'>καὶ</span> <span class='ocrx_word' id='word_1_132' title='bbox 3242 842 3621 917; x_wconf 75' lang='grc' dir='ltr'>ἀσπασάμενος</span> <span class='ocrx_word' id='word_1_133' title='bbox 3659 845 3785 906; x_wconf 87' lang='grc' dir='ltr'>τοὺς</span> 
     </span>
    </p>
   </div>
   <div class='ocr_carea' id='block_1_23' title="bbox 2136 925 3787 1006">
    <p class='ocr_par' dir='ltr' id='par_1_23' title="bbox 2136 925 3787 1006">
     <span class='ocr_line' id='line_1_23' title="bbox 2136 925 3787 1006; baseline 0.003 -22"><span class='ocrx_word' id='word_1_134' title='bbox 2136 927 2306 993; x_wconf 82' lang='grc' dir='ltr'>πόδας</span> <span class='ocrx_word' id='word_1_135' title='bbox 2338 928 2524 1001; x_wconf 78' lang='grc' dir='ltr'>αὐτοῦ,</span> <span class='ocrx_word' id='word_1_136' title='bbox 2566 927 2888 985; x_wconf 75' lang='grc' dir='ltr'>ἐπιδίδωσιν</span> <span class='ocrx_word' id='word_1_137' title='bbox 2949 930 3098 1003; x_wconf 83' lang='grc' dir='ltr'>αύτῷ</span> <span class='ocrx_word' id='word_1_138' title='bbox 3152 925 3531 1006; x_wconf 76' lang='grc' dir='ltr'>λιεελλάριον.</span> <span class='ocrx_word' id='word_1_139' title='bbox 3566 932 3668 991; x_wconf 78' lang='grc' dir='ltr'>Καὶ</span> <span class='ocrx_word' id='word_1_140' title='bbox 3701 954 3787 990; x_wconf 82' lang='grc' dir='ltr'>τε·</span> 
     </span>
    </p>
   </div>
   <div class='ocr_carea' id='block_1_24' title="bbox 2140 1016 3789 1098">
    <p class='ocr_par' dir='ltr' id='par_1_24' title="bbox 2140 1016 3789 1098">
     <span class='ocr_line' id='line_1_24' title="bbox 2140 1016 3789 1098; baseline 0.003 -25"><span class='ocrx_word' id='word_1_141' title='bbox 2140 1016 2393 1082; x_wconf 83' lang='grc' dir='ltr'>λέσαντος</span> <span class='ocrx_word' id='word_1_142' title='bbox 2449 1024 2547 1075; x_wconf 92' lang='grc' dir='ltr'>τοῦ</span> <span class='ocrx_word' id='word_1_143' title='bbox 2580 1032 2583 1087; x_wconf 67' lang='grc' dir='ltr'>ς</span> <span class='ocrx_word' id='word_1_144' title='bbox 2600 1018 2797 1094; x_wconf 85' lang='grc' dir='ltr'>μέρους</span> <span class='ocrx_word' id='word_1_145' title='bbox 2851 1018 2919 1075; x_wconf 82' lang='grc' dir='ltr'>τὰ</span> <span class='ocrx_word' id='word_1_146' title='bbox 2966 1020 3102 1075; x_wconf 85' lang='grc' dir='ltr'>κατὰ</span> <span class='ocrx_word' id='word_1_147' title='bbox 3151 1023 3460 1091; x_wconf 68' lang='grc' dir='ltr'>συνήθειαν,</span> <span class='ocrx_word' id='word_1_148' title='bbox 3512 1021 3789 1098; x_wconf 80' lang='grc' dir='ltr'>διέρχεται</span> 
     </span>
    </p>
   </div>
   <div class='ocr_carea' id='block_1_25' title="bbox 2142 1108 3792 1187">
    <p class='ocr_par' dir='ltr' id='par_1_25' title="bbox 2142 1108 3792 1187">
     <span class='ocr_line' id='line_1_25' title="bbox 2142 1108 3792 1187; baseline 0.003 -23"><span class='ocrx_word' id='word_1_149' title='bbox 2142 1110 2171 1164; x_wconf 97' lang='lat'>6</span> <span class='ocrx_word' id='word_1_150' title='bbox 2205 1108 2460 1185; x_wconf 80' lang='grc' dir='ltr'>βασιλεὺς</span> <span class='ocrx_word' id='word_1_151' title='bbox 2502 1109 2718 1184; x_wconf 79' lang='grc' dir='ltr'>μικρὸν,</span> <span class='ocrx_word' id='word_1_152' title='bbox 2762 1109 2851 1164; x_wconf 86' lang='grc' dir='ltr'>καὶ</span> <span class='ocrx_word' id='word_1_153' title='bbox 2885 1108 3138 1185; x_wconf 86' lang='grc' dir='ltr'>δέχονται</span> <span class='ocrx_word' id='word_1_154' title='bbox 3171 1110 3331 1166; x_wconf 85' lang='grc' dir='ltr'>αὐτὸν</span> <span class='ocrx_word' id='word_1_155' title='bbox 3380 1113 3431 1167; x_wconf 71' lang='grc' dir='ltr'>οἱ</span> <span class='ocrx_word' id='word_1_156' title='bbox 3476 1117 3572 1168; x_wconf 87' lang='grc' dir='ltr'>τοῦ</span> <span class='ocrx_word' id='word_1_157' title='bbox 3629 1133 3792 1187; x_wconf 90' lang='grc' dir='ltr'>περα-</span> 
     </span>
    </p>
   </div>
   <div class='ocr_carea' id='block_1_26' title="bbox 2140 1195 3795 1276">
    <p class='ocr_par' dir='ltr' id='par_1_26' title="bbox 2140 1195 3795 1276">
     <span class='ocr_line' id='line_1_26' title="bbox 2140 1195 3795 1276; baseline 0.003 -23"><span class='ocrx_word' id='word_1_158' title='bbox 2140 1202 2295 1253; x_wconf 88' lang='grc' dir='ltr'>τικοῦ</span> <span class='ocrx_word' id='word_1_159' title='bbox 2345 1195 2527 1271; x_wconf 73' lang='grc' dir='ltr'>δήμου</span> <span class='ocrx_word' id='word_1_160' title='bbox 2557 1203 2668 1255; x_wconf 86' lang='grc' dir='ltr'>τῶν</span> <span class='ocrx_word' id='word_1_161' title='bbox 2720 1200 3030 1273; x_wconf 85' lang='grc' dir='ltr'>Πρασίνων,</span> <span class='ocrx_word' id='word_1_162' title='bbox 3061 1200 3153 1254; x_wconf 85' lang='grc' dir='ltr'>καὶ</span> <span class='ocrx_word' id='word_1_163' title='bbox 3182 1199 3336 1255; x_wconf 82' lang='grc' dir='ltr'>αὐτοὶ</span> <span class='ocrx_word' id='word_1_164' title='bbox 3392 1202 3459 1256; x_wconf 78' lang='grc' dir='ltr'>τὰ</span> <span class='ocrx_word' id='word_1_165' title='bbox 3512 1201 3679 1276; x_wconf 76' lang='grc' dir='ltr'>ὅμοια</span> <span class='ocrx_word' id='word_1_166' title='bbox 3707 1224 3795 1258; x_wconf 90' lang='grc' dir='ltr'>τε-</span> 
     </span>
    </p>
   </div>
   <div class='ocr_carea' id='block_1_27' title="bbox 2143 1283 3795 1363">
    <p class='ocr_par' dir='ltr' id='par_1_27' title="bbox 2143 1283 3795 1363">
     <span class='ocr_line' id='line_1_27' title="bbox 2143 1283 3795 1363; baseline 0.004 -23"><span class='ocrx_word' id='word_1_167' title='bbox 2143 1283 2415 1357; x_wconf 84' lang='grc' dir='ltr'>λέσαντές,</span> <span class='ocrx_word' id='word_1_168' title='bbox 2448 1284 2792 1350; x_wconf 81' lang='grc' dir='ltr'>ἐπιδιδόντος</span> <span class='ocrx_word' id='word_1_169' title='bbox 2840 1288 2930 1342; x_wconf 84' lang='grc' dir='ltr'>καὶ</span> <span class='ocrx_word' id='word_1_170' title='bbox 2988 1292 3085 1343; x_wconf 91' lang='grc' dir='ltr'>τοῦ</span> <span class='ocrx_word' id='word_1_171' title='bbox 3134 1285 3488 1363; x_wconf 87' lang='grc' dir='ltr'>δημοκράτου</span> <span class='ocrx_word' id='word_1_172' title='bbox 3536 1285 3795 1347; x_wconf 65' lang='lat' dir='ltr'>Mena:—</span> 
     </span>
    </p>
   </div>
   <div class='ocr_carea' id='block_1_28' title="bbox 2143 1373 3793 1454">
    <p class='ocr_par' dir='ltr' id='par_1_28' title="bbox 2143 1373 3793 1454">
     <span class='ocr_line' id='line_1_28' title="bbox 2143 1373 3793 1454; baseline 0.004 -25"><span class='ocrx_word' id='word_1_173' title='bbox 2143 1394 2259 1450; x_wconf 89' lang='grc' dir='ltr'>ριον</span> <span class='ocrx_word' id='word_1_174' title='bbox 2286 1380 2367 1448; x_wconf 81' lang='grc' dir='ltr'>τῷ</span> <span class='ocrx_word' id='word_1_175' title='bbox 2408 1374 2644 1450; x_wconf 88' lang='grc' dir='ltr'>βασιλεῖ,</span> <span class='ocrx_word' id='word_1_176' title='bbox 2704 1373 3003 1450; x_wconf 74' lang='grc' dir='ltr'>διέρχεται,</span> <span class='ocrx_word' id='word_1_177' title='bbox 3045 1377 3135 1431; x_wconf 84' lang='grc' dir='ltr'>καὶ</span> <span class='ocrx_word' id='word_1_178' title='bbox 3186 1374 3440 1454; x_wconf 86' lang='grc' dir='ltr'>δέχονται</span> <span class='ocrx_word' id='word_1_179' title='bbox 3498 1379 3656 1435; x_wconf 74' lang='grc' dir='ltr'>αὐτόν</span> <span class='ocrx_word' id='word_1_180' title='bbox 3718 1381 3793 1444; x_wconf 77' lang='grc' dir='ltr'>εἷς</span> 
     </span>
    </p>
   </div>
   <div class='ocr_carea' id='block_1_29' title="bbox 2141 1464 3791 1545">
    <p class='ocr_par' dir='ltr' id='par_1_29' title="bbox 2141 1464 3791 1545">
     <span class='ocr_line' id='line_1_29' title="bbox 2141 1464 3791 1545; baseline 0.004 -26"><span class='ocrx_word' id='word_1_181' title='bbox 2141 1465 2233 1519; x_wconf 86' lang='grc' dir='ltr'>τὸν</span> <span class='ocrx_word' id='word_1_182' title='bbox 2290 1464 2590 1539; x_wconf 85' lang='grc' dir='ltr'>αύγουστέα</span> <span class='ocrx_word' id='word_1_183' title='bbox 2630 1466 2683 1521; x_wconf 72' lang='grc' dir='ltr'>οἳ</span> <span class='ocrx_word' id='word_1_184' title='bbox 2740 1469 2837 1521; x_wconf 92' lang='grc' dir='ltr'>τοῦ</span> <span class='ocrx_word' id='word_1_185' title='bbox 2899 1465 3103 1542; x_wconf 87' lang='grc' dir='ltr'>μέρους</span> <span class='ocrx_word' id='word_1_186' title='bbox 3177 1471 3282 1522; x_wconf 88' lang='grc' dir='ltr'>νῶν</span> <span class='ocrx_word' id='word_1_187' title='bbox 3342 1472 3642 1545; x_wconf 80' lang='grc' dir='ltr'>ΙΙρασίνων,</span> <span class='ocrx_word' id='word_1_188' title='bbox 3703 1470 3791 1525; x_wconf 80' lang='grc' dir='ltr'>καὶ</span> 
     </span>
    </p>
   </div>
   <div class='ocr_carea' id='block_1_30' title="bbox 2144 1551 3793 1633">
    <p class='ocr_par' dir='ltr' id='par_1_30' title="bbox 2144 1551 3793 1633">
     <span class='ocr_line' id='line_1_30' title="bbox 2144 1551 3793 1633; baseline 0.005 -25"><span class='ocrx_word' id='word_1_189' title='bbox 2144 1551 2318 1609; x_wconf 80' lang='grc' dir='ltr'>αὒτῶν</span> <span class='ocrx_word' id='word_1_190' title='bbox 2350 1556 2416 1611; x_wconf 81' lang='grc' dir='ltr'>τὰ</span> <span class='ocrx_word' id='word_1_191' title='bbox 2448 1556 2614 1629; x_wconf 83' lang='grc' dir='ltr'>ὅμοια</span> <span class='ocrx_word' id='word_1_192' title='bbox 2671 1558 3037 1627; x_wconf 85' lang='grc' dir='ltr'>ποιησάννων,</span> <span class='ocrx_word' id='word_1_193' title='bbox 3071 1553 3341 1633; x_wconf 77' lang='grc' dir='ltr'>διέρχεται</span> <span class='ocrx_word' id='word_1_194' title='bbox 3401 1560 3490 1615; x_wconf 83' lang='grc' dir='ltr'>ἀπ’</span> <span class='ocrx_word' id='word_1_195' title='bbox 3540 1561 3717 1616; x_wconf 82' lang='grc' dir='ltr'>αὐτῶν</span> <span class='ocrx_word' id='word_1_196' title='bbox 3765 1563 3793 1616; x_wconf 92' lang='lat'>6</span> 
     </span>
    </p>
   </div>
   <div class='ocr_carea' id='block_1_31' title="bbox 2150 1642 3795 1724">
    <p class='ocr_par' dir='ltr' id='par_1_31' title="bbox 2150 1642 3795 1724">
     <span class='ocr_line' id='line_1_31' title="bbox 2150 1642 3795 1724; baseline 0.006 -27"><span class='ocrx_word' id='word_1_197' title='bbox 2150 1642 2428 1718; x_wconf 80' lang='grc' dir='ltr'>βασιλεὺς,</span> <span class='ocrx_word' id='word_1_198' title='bbox 2474 1644 2565 1699; x_wconf 85' lang='grc' dir='ltr'>καὶ</span> <span class='ocrx_word' id='word_1_199' title='bbox 2603 1642 2820 1721; x_wconf 84' lang='grc' dir='ltr'>δέχεται</span> <span class='ocrx_word' id='word_1_200' title='bbox 2877 1645 3040 1701; x_wconf 80' lang='grc' dir='ltr'>αὐτὸν</span> <span class='ocrx_word' id='word_1_201' title='bbox 3090 1645 3144 1701; x_wconf 87' lang='grc' dir='ltr'>ἐν</span> <span class='ocrx_word' id='word_1_202' title='bbox 3194 1652 3262 1721; x_wconf 82' lang='grc' dir='ltr'>τῇ</span> <span class='ocrx_word' id='word_1_203' title='bbox 3316 1647 3498 1723; x_wconf 82' lang='grc' dir='ltr'>χαλκῇ</span> <span class='ocrx_word' id='word_1_204' title='bbox 3548 1651 3576 1704; x_wconf 88' lang='lat'>6</span> <span class='ocrx_word' id='word_1_205' title='bbox 3618 1647 3795 1724; x_wconf 84' lang='grc' dir='ltr'>δημο-</span> 
     </span>
    </p>
   </div>
   <div class='ocr_carea' id='block_1_32' title="bbox 388 1729 3795 1813">
    <p class='ocr_par' dir='ltr' id='par_1_32' title="bbox 388 1729 3795 1813">
     <span class='ocr_line' id='line_1_32' title="bbox 388 1729 3795 1813; baseline 0.001 -20"><span class='ocrx_word' id='word_1_206' title='bbox 388 1738 593 1813; x_wconf 85' lang='grc' dir='ltr'>κράτης</span> <span class='ocrx_word' id='word_1_207' title='bbox 622 1739 730 1792; x_wconf 86' lang='grc' dir='ltr'>τῶν</span> <span class='ocrx_word' id='word_1_208' title='bbox 759 1733 1014 1799; x_wconf 86' lang='grc' dir='ltr'>Βενέτων,</span> <span class='ocrx_word' id='word_1_209' title='bbox 1048 1733 1220 1810; x_wconf 72' lang='grc' dir='ltr'>ἤγουν</span> <span class='ocrx_word' id='word_1_210' title='bbox 1254 1734 1281 1787; x_wconf 93' lang='lat'>6</span> <span class='ocrx_word' id='word_1_211' title='bbox 1321 1729 1643 1805; x_wconf 69' lang='grc' dir='ltr'>δομέστιλος</span> <span class='ocrx_word' id='word_1_212' title='bbox 1671 1731 1778 1787; x_wconf 85' lang='grc' dir='ltr'>τῶν</span> <span class='ocrx_word' id='word_1_213' title='bbox 1810 1732 2032 1807; x_wconf 82' lang='grc' dir='ltr'>σχολῶν</span> <span class='ocrx_word' id='word_1_214' title='bbox 2065 1734 2198 1807; x_wconf 86' lang='grc' dir='ltr'>μετὰ</span> <span class='ocrx_word' id='word_1_215' title='bbox 2255 1739 2353 1790; x_wconf 91' lang='grc' dir='ltr'>τοῦ</span> <span class='ocrx_word' id='word_1_216' title='bbox 2399 1741 2693 1812; x_wconf 88' lang='grc' dir='ltr'>περατικοῦ</span> <span class='ocrx_word' id='word_1_217' title='bbox 2750 1736 2913 1792; x_wconf 81' lang='grc' dir='ltr'>αὐτοῦ</span> <span class='ocrx_word' id='word_1_218' title='bbox 2967 1735 3168 1811; x_wconf 72' lang='grc' dir='ltr'>δήμου.</span> <span class='ocrx_word' id='word_1_219' title='bbox 3228 1737 3546 1803; x_wconf 88' lang='grc' dir='ltr'>Τελέσαντες</span> <span class='ocrx_word' id='word_1_220' title='bbox 3606 1739 3662 1796; x_wconf 76' lang='grc' dir='ltr'>δὲ</span> <span class='ocrx_word' id='word_1_221' title='bbox 3700 1742 3795 1796; x_wconf 87' lang='grc' dir='ltr'>καὶ</span> 
     </span>
    </p>
   </div>
   <div class='ocr_carea' id='block_1_33' title="bbox 388 1822 3790 1904">
    <p class='ocr_par' dir='ltr' id='par_1_33' title="bbox 388 1822 3790 1904">
     <span class='ocr_line' id='line_1_33' title="bbox 388 1822 3790 1904; baseline 0.001 -23"><span class='ocrx_word' id='word_1_222' title='bbox 388 1826 539 1883; x_wconf 81' lang='grc' dir='ltr'>οὗτοὶ</span> <span class='ocrx_word' id='word_1_223' title='bbox 570 1826 763 1895; x_wconf 81' lang='grc' dir='ltr'>πάντα,</span> <span class='ocrx_word' id='word_1_224' title='bbox 799 1823 1099 1885; x_wconf 78' lang='grc' dir='ltr'>αὐλοῦντος</span> <span class='ocrx_word' id='word_1_225' title='bbox 1127 1823 1217 1877; x_wconf 85' lang='grc' dir='ltr'>καὶ</span> <span class='ocrx_word' id='word_1_226' title='bbox 1246 1826 1343 1878; x_wconf 91' lang='grc' dir='ltr'>τοῦ</span> <span class='ocrx_word' id='word_1_227' title='bbox 1374 1822 1605 1899; x_wconf 80' lang='grc' dir='ltr'>ὀργάνου</span> <span class='ocrx_word' id='word_1_228' title='bbox 1650 1823 1725 1885; x_wconf 88' lang='grc' dir='ltr'>ὡς</span> <span class='ocrx_word' id='word_1_229' title='bbox 1755 1823 1845 1877; x_wconf 84' lang='grc' dir='ltr'>καὶ</span> <span class='ocrx_word' id='word_1_230' title='bbox 1876 1822 1964 1878; x_wconf 84' lang='grc' dir='ltr'>ἐπὶ</span> <span class='ocrx_word' id='word_1_231' title='bbox 1993 1828 2102 1878; x_wconf 91' lang='grc' dir='ltr'>τῶν</span> <span class='ocrx_word' id='word_1_232' title='bbox 2133 1823 2346 1880; x_wconf 82' lang='grc' dir='ltr'>λοιπῶν</span> <span class='ocrx_word' id='word_1_233' title='bbox 2394 1831 2562 1899; x_wconf 81' lang='grc' dir='ltr'>τριῶν</span> <span class='ocrx_word' id='word_1_234' title='bbox 2619 1824 2829 1904; x_wconf 84' lang='grc' dir='ltr'>δοχῶν,</span> <span class='ocrx_word' id='word_1_235' title='bbox 2864 1823 3140 1903; x_wconf 90' lang='grc' dir='ltr'>διέρχιται</span> <span class='ocrx_word' id='word_1_236' title='bbox 3193 1825 3281 1882; x_wconf 73' lang='grc' dir='ltr'>διὰ</span> <span class='ocrx_word' id='word_1_237' title='bbox 3341 1834 3447 1884; x_wconf 89' lang='grc' dir='ltr'>τῶν</span> <span class='ocrx_word' id='word_1_238' title='bbox 3505 1834 3790 1904; x_wconf 88' lang='grc' dir='ltr'>κορτινῶν·</span> 
     </span>
    </p>
   </div>
   <div class='ocr_carea' id='block_1_34' title="bbox 463 1913 2032 2003">
    <p class='ocr_par' dir='ltr' id='par_1_34' title="bbox 463 1914 2032 1985">
     <span class='ocr_line' id='line_1_34' title="bbox 463 1914 2032 1985; baseline -0.001 -14"><span class='ocrx_word' id='word_1_239' title='bbox 463 1918 559 1974; x_wconf 88' lang='lat' dir='ltr'>Vl.</span> <span class='ocrx_word' id='word_1_240' title='bbox 594 1918 905 1973; x_wconf 87' lang='lat' dir='ltr'><strong>Sciendum</strong></span> <span class='ocrx_word' id='word_1_241' title='bbox 934 1921 1043 1985; x_wconf 88' lang='lat' dir='ltr'><strong>est,</strong></span> <span class='ocrx_word' id='word_1_242' title='bbox 1075 1915 1125 1971; x_wconf 89' lang='lat' dir='ltr'>si</span> <span class='ocrx_word' id='word_1_243' title='bbox 1157 1914 1509 1970; x_wconf 90' lang='lat' dir='ltr'><strong>domesticus</strong></span> <span class='ocrx_word' id='word_1_244' title='bbox 1554 1914 1888 1970; x_wconf 88' lang='lat' dir='ltr'><strong>scholarum</strong></span> <span class='ocrx_word' id='word_1_245' title='bbox 1920 1914 2032 1970; x_wconf 86' lang='lat' dir='ltr'><strong>im-</strong></span> 
     </span>
    </p>
   </div>
   <div class='ocr_carea' id='block_1_35' title="bbox 2141 1913 3794 2003">
    <p class='ocr_par' dir='ltr' id='par_1_35' title="bbox 2157 1913 3794 2003">
     <span class='ocr_line' id='line_1_35' title="bbox 2157 1913 3794 2003; baseline 0.002 -31"><span class='ocrx_word' id='word_1_246' title='bbox 2157 2000 2171 2003; x_wconf 69' lang='lat'>_</span> <span class='ocrx_word' id='word_1_247' title='bbox 2219 1915 2285 2003; x_wconf 65' lang='grc' dir='ltr'>ς·</span> <span class='ocrx_word' id='word_1_248' title='bbox 2318 1916 2437 1987; x_wconf 87' lang='grc' dir='ltr'>Χρὴ</span> <span class='ocrx_word' id='word_1_249' title='bbox 2472 1913 2529 1970; x_wconf 82' lang='grc' dir='ltr'>δὲ</span> <span class='ocrx_word' id='word_1_250' title='bbox 2586 1913 2800 1989; x_wconf 69' lang='grc' dir='ltr'>εἰδέναι,</span> <span class='ocrx_word' id='word_1_251' title='bbox 2851 1915 2956 1987; x_wconf 78' lang='grc' dir='ltr'>ὅτι,</span> <span class='ocrx_word' id='word_1_252' title='bbox 3006 1917 3167 1987; x_wconf 89' lang='grc' dir='ltr'>ἡνίκα</span> <span class='ocrx_word' id='word_1_253' title='bbox 3228 1917 3419 1992; x_wconf 89' lang='grc' dir='ltr'>μέλλει</span> <span class='ocrx_word' id='word_1_254' title='bbox 3466 1916 3709 1991; x_wconf 79' lang='grc' dir='ltr'>δέξασθαι</span> <span class='ocrx_word' id='word_1_255' title='bbox 3767 1922 3794 1976; x_wconf 92' lang='lat'>6</span> 
     </span>
    </p>
   </div>
   <div class='ocr_carea' id='block_1_36' title="bbox 392 2003 2040 2081">
    <p class='ocr_par' dir='ltr' id='par_1_36' title="bbox 392 2003 2040 2081">
     <span class='ocr_line' id='line_1_36' title="bbox 392 2003 2040 2081; baseline -0.002 -17"><span class='ocrx_word' id='word_1_256' title='bbox 392 2015 709 2081; x_wconf 89' lang='lat' dir='ltr'><strong>peratorem</strong></span> <span class='ocrx_word' id='word_1_257' title='bbox 741 2006 1002 2078; x_wconf 86' lang='lat' dir='ltr'><strong>excipere</strong></span> <span class='ocrx_word' id='word_1_258' title='bbox 1050 2005 1281 2071; x_wconf 86' lang='lat' dir='ltr'><strong>debeat,</strong></span> <span class='ocrx_word' id='word_1_259' title='bbox 1327 2020 1531 2060; x_wconf 87' lang='lat' dir='ltr'><strong>omnes</strong></span> <span class='ocrx_word' id='word_1_260' title='bbox 1562 2003 1804 2076; x_wconf 87' lang='lat' dir='ltr'><strong>pedibus</strong></span> <span class='ocrx_word' id='word_1_261' title='bbox 1836 2020 2040 2075; x_wconf 90' lang='lat' dir='ltr'><strong>proce-</strong></span> 
     </span>
    </p>
   </div>
   <div class='ocr_carea' id='block_1_37' title="bbox 395 2093 2038 2168">
    <p class='ocr_par' dir='ltr' id='par_1_37' title="bbox 395 2093 2038 2168">
     <span class='ocr_line' id='line_1_37' title="bbox 395 2093 2038 2168; baseline -0.002 -15"><span class='ocrx_word' id='word_1_262' title='bbox 395 2100 555 2166; x_wconf 89' lang='lat' dir='ltr'><strong>dere,</strong></span> <span class='ocrx_word' id='word_1_263' title='bbox 579 2097 769 2152; x_wconf 90' lang='lat' dir='ltr'><strong>solum</strong></span> <span class='ocrx_word' id='word_1_264' title='bbox 796 2096 1206 2168; x_wconf 90' lang='lat' dir='ltr'><strong>imperatorem</strong></span> <span class='ocrx_word' id='word_1_265' title='bbox 1222 2111 1371 2166; x_wconf 91' lang='lat' dir='ltr'><strong>equo</strong></span> <span class='ocrx_word' id='word_1_266' title='bbox 1391 2093 1543 2165; x_wconf 87' lang='lat' dir='ltr'><strong>vehi,</strong></span> <span class='ocrx_word' id='word_1_267' title='bbox 1561 2102 1614 2150; x_wconf 84' lang='lat' dir='ltr'>et</span> <span class='ocrx_word' id='word_1_268' title='bbox 1633 2094 1706 2150; x_wconf 92' lang='lat' dir='ltr'>ab</span> <span class='ocrx_word' id='word_1_269' title='bbox 1736 2094 1829 2149; x_wconf 89' lang='lat' dir='ltr'>his</span> <span class='ocrx_word' id='word_1_270' title='bbox 1852 2094 2038 2151; x_wconf 88' lang='lat' dir='ltr'><strong>omni-</strong></span> 
     </span>
    </p>
   </div>
   <div class='ocr_carea' id='block_1_38' title="bbox 397 2182 2041 2259">
    <p class='ocr_par' dir='ltr' id='par_1_38' title="bbox 397 2182 2041 2259">
     <span class='ocr_line' id='line_1_38' title="bbox 397 2182 2041 2259; baseline -0.002 -16"><span class='ocrx_word' id='word_1_271' title='bbox 397 2189 506 2243; x_wconf 88' lang='lat' dir='ltr'>bus</span> <span class='ocrx_word' id='word_1_272' title='bbox 532 2186 840 2259; x_wconf 82' lang='lat' dir='ltr'><strong>stipatum,</strong></span> <span class='ocrx_word' id='word_1_273' title='bbox 877 2204 909 2241; x_wconf 87' lang='lat' dir='ltr'>a</span> <span class='ocrx_word' id='word_1_274' title='bbox 948 2184 1146 2241; x_wconf 89' lang='lat' dir='ltr'><strong>chalce</strong></span> <span class='ocrx_word' id='word_1_275' title='bbox 1197 2185 1266 2239; x_wconf 90' lang='lat' dir='ltr'>ad</span> <span class='ocrx_word' id='word_1_276' title='bbox 1312 2183 1595 2255; x_wconf 91' lang='lat' dir='ltr'><strong>templum</strong></span> <span class='ocrx_word' id='word_1_277' title='bbox 1645 2182 1875 2239; x_wconf 90' lang='lat' dir='ltr'><strong>Domini</strong></span> <span class='ocrx_word' id='word_1_278' title='bbox 1908 2199 2041 2256; x_wconf 85' lang='lat' dir='ltr'><strong>pro-</strong></span> 
     </span>
    </p>
   </div>
   <div class='ocr_carea' id='block_1_39' title="bbox 391 2272 2038 2344">
    <p class='ocr_par' dir='ltr' id='par_1_39' title="bbox 391 2272 2038 2344">
     <span class='ocr_line' id='line_1_39' title="bbox 391 2272 2038 2344; baseline -0.001 -13"><span class='ocrx_word' id='word_1_279' title='bbox 391 2276 621 2343; x_wconf 81' lang='lat' dir='ltr'><strong>cedere,</strong></span> <span class='ocrx_word' id='word_1_280' title='bbox 674 2276 772 2330; x_wconf 90' lang='lat' dir='ltr'>ubi</span> <span class='ocrx_word' id='word_1_281' title='bbox 818 2282 1054 2330; x_wconf 87' lang='lat' dir='ltr'><strong>senatus</strong></span> <span class='ocrx_word' id='word_1_282' title='bbox 1104 2278 1235 2328; x_wconf 85' lang='lat' dir='ltr'><strong>ante</strong></span> <span class='ocrx_word' id='word_1_283' title='bbox 1268 2278 1382 2328; x_wconf 92' lang='lat' dir='ltr'><strong>tres</strong></span> <span class='ocrx_word' id='word_1_284' title='bbox 1434 2272 1761 2328; x_wconf 86' lang='lat' dir='ltr'><strong>consistorii</strong></span> <span class='ocrx_word' id='word_1_285' title='bbox 1819 2277 2038 2344; x_wconf 88' lang='lat' dir='ltr'><strong>portas,</strong></span> 
     </span>
    </p>
   </div>
   <div class='ocr_carea' id='block_1_40' title="bbox 385 2361 2038 2435">
    <p class='ocr_par' dir='ltr' id='par_1_40' title="bbox 385 2361 2038 2435">
     <span class='ocr_line' id='line_1_40' title="bbox 385 2361 2038 2435; baseline -0.001 -16"><span class='ocrx_word' id='word_1_286' title='bbox 385 2363 765 2435; x_wconf 87' lang='lat' dir='ltr'><strong>imperatori:</strong></span> <span class='ocrx_word' id='word_1_287' title='bbox 804 2385 831 2414; x_wconf 89' lang='grc'><em>‹‹</em></span> <span class='ocrx_word' id='word_1_288' title='bbox 866 2366 929 2419; x_wconf 92' lang='lat' dir='ltr'><strong>In</strong></span> <span class='ocrx_word' id='word_1_289' title='bbox 964 2362 1149 2418; x_wconf 89' lang='lat' dir='ltr'><strong>multa</strong></span> <span class='ocrx_word' id='word_1_290' title='bbox 1178 2363 1443 2430; x_wconf 87' lang='lat' dir='ltr'><strong>bonaque</strong></span> <span class='ocrx_word' id='word_1_291' title='bbox 1472 2366 1755 2433; x_wconf 87' lang='lat' dir='ltr'><strong>tempora,</strong></span> <span class='ocrx_word' id='word_1_292' title='bbox 1788 2380 1815 2413; x_wconf 74' lang='grc' dir='ltr'>ι</span> <span class='ocrx_word' id='word_1_293' title='bbox 1853 2361 2038 2417; x_wconf 88' lang='lat' dir='ltr'><strong>accla-</strong></span> 
     </span>
    </p>
   </div>
   <div class='ocr_carea' id='block_1_41' title="bbox 395 2452 2039 2526">
    <p class='ocr_par' dir='ltr' id='par_1_41' title="bbox 395 2452 2039 2526">
     <span class='ocr_line' id='line_1_41' title="bbox 395 2452 2039 2526; baseline -0.002 -15"><span class='ocrx_word' id='word_1_294' title='bbox 395 2472 589 2523; x_wconf 89' lang='lat' dir='ltr'><strong>mans,</strong></span> <span class='ocrx_word' id='word_1_295' title='bbox 656 2453 885 2526; x_wconf 88' lang='lat' dir='ltr'><strong>patricii</strong></span> <span class='ocrx_word' id='word_1_296' title='bbox 946 2470 1077 2509; x_wconf 90' lang='lat' dir='ltr'><strong>vero</strong></span> <span class='ocrx_word' id='word_1_297' title='bbox 1131 2458 1189 2509; x_wconf 87' lang='lat' dir='ltr'>et</span> <span class='ocrx_word' id='word_1_298' title='bbox 1244 2452 1513 2524; x_wconf 89' lang='lat' dir='ltr'><strong>strategi,</strong></span> <span class='ocrx_word' id='word_1_299' title='bbox 1574 2454 1765 2507; x_wconf 81' lang='lat' dir='ltr'><strong>fausta</strong></span> <span class='ocrx_word' id='word_1_300' title='bbox 1822 2452 2039 2524; x_wconf 69' lang='lat' dir='ltr'><strong>quaevis</strong></span> 
     </span>
    </p>
   </div>
   <div class='ocr_carea' id='block_1_42' title="bbox 396 2540 2040 2614">
    <p class='ocr_par' dir='ltr' id='par_1_42' title="bbox 396 2540 2040 2614">
     <span class='ocr_line' id='line_1_42' title="bbox 396 2540 2040 2614; baseline -0.001 -15"><span class='ocrx_word' id='word_1_301' title='bbox 396 2543 784 2614; x_wconf 87' lang='lat' dir='ltr'><strong>apprecaturi,</strong></span> <span class='ocrx_word' id='word_1_302' title='bbox 820 2548 982 2598; x_wconf 82' lang='lat' dir='ltr'><strong>extra</strong></span> <span class='ocrx_word' id='word_1_303' title='bbox 1028 2546 1252 2613; x_wconf 86' lang='lat' dir='ltr'><strong>portam</strong></span> <span class='ocrx_word' id='word_1_304' title='bbox 1308 2540 1513 2612; x_wconf 88' lang='lat' dir='ltr'><strong>templi</strong></span> <span class='ocrx_word' id='word_1_305' title='bbox 1561 2540 1793 2596; x_wconf 91' lang='lat' dir='ltr'><strong>Domini</strong></span> <span class='ocrx_word' id='word_1_306' title='bbox 1836 2558 2040 2612; x_wconf 84' lang='lat' dir='ltr'><strong>exspe-</strong></span> 
     </span>
    </p>
   </div>
   <div class='ocr_carea' id='block_1_43' title="bbox 400 2630 2040 2703">
    <p class='ocr_par' dir='ltr' id='par_1_43' title="bbox 400 2630 2040 2703">
     <span class='ocr_line' id='line_1_43' title="bbox 400 2630 2040 2703; baseline -0.002 -15"><span class='ocrx_word' id='word_1_307' title='bbox 400 2638 577 2688; x_wconf 89' lang='lat' dir='ltr'><strong>ctant.</strong></span> <span class='ocrx_word' id='word_1_308' title='bbox 617 2634 977 2703; x_wconf 89' lang='lat' dir='ltr'><strong>Imperatore</strong></span> <span class='ocrx_word' id='word_1_309' title='bbox 999 2636 1229 2702; x_wconf 89' lang='lat' dir='ltr'><strong>portam</strong></span> <span class='ocrx_word' id='word_1_310' title='bbox 1252 2632 1534 2700; x_wconf 85' lang='lat' dir='ltr'><strong>ingresso,</strong></span> <span class='ocrx_word' id='word_1_311' title='bbox 1554 2645 1681 2684; x_wconf 90' lang='lat' dir='ltr'>eam</span> <span class='ocrx_word' id='word_1_312' title='bbox 1698 2630 2040 2687; x_wconf 87' lang='lat' dir='ltr'><strong>cubicularii</strong></span> 
     </span>
    </p>
   </div>
   <div class='ocr_carea' id='block_1_44' title="bbox 400 2719 2041 2791">
    <p class='ocr_par' dir='ltr' id='par_1_44' title="bbox 400 2719 2041 2791">
     <span class='ocr_line' id='line_1_44' title="bbox 400 2719 2041 2791; baseline -0.001 -15"><span class='ocrx_word' id='word_1_313' title='bbox 400 2722 763 2789; x_wconf 90' lang='lat' dir='ltr'><strong>custodiunt,</strong></span> <span class='ocrx_word' id='word_1_314' title='bbox 796 2725 851 2776; x_wconf 90' lang='lat' dir='ltr'>et</span> <span class='ocrx_word' id='word_1_315' title='bbox 882 2721 1138 2775; x_wconf 81' lang='lat' dir='ltr'><strong>faustum</strong></span> <span class='ocrx_word' id='word_1_316' title='bbox 1169 2736 1236 2775; x_wconf 79' lang='lat' dir='ltr'>ao</span> <span class='ocrx_word' id='word_1_317' title='bbox 1267 2719 1615 2775; x_wconf 89' lang='lat' dir='ltr'><strong>diuturnum</strong></span> <span class='ocrx_word' id='word_1_318' title='bbox 1647 2719 1956 2791; x_wconf 88' lang='lat' dir='ltr'><strong>imperium</strong></span> <span class='ocrx_word' id='word_1_319' title='bbox 1987 2720 2041 2775; x_wconf 88' lang='lat' dir='ltr'>ei</span> 
     </span>
    </p>
   </div>
   <div class='ocr_carea' id='block_1_45' title="bbox 398 2808 2038 2880">
    <p class='ocr_par' dir='ltr' id='par_1_45' title="bbox 398 2808 2038 2880">
     <span class='ocr_line' id='line_1_45' title="bbox 398 2808 2038 2880; baseline -0.001 -15"><span class='ocrx_word' id='word_1_320' title='bbox 398 2814 810 2880; x_wconf 86' lang='lat' dir='ltr'><strong>apprecantur.</strong></span> <span class='ocrx_word' id='word_1_321' title='bbox 843 2808 1190 2879; x_wconf 74' lang='lat' dir='ltr'><strong>Praepositus</strong></span> <span class='ocrx_word' id='word_1_322' title='bbox 1221 2808 1292 2863; x_wconf 90' lang='lat' dir='ltr'>ab</span> <span class='ocrx_word' id='word_1_323' title='bbox 1326 2808 1692 2879; x_wconf 89' lang='lat' dir='ltr'><strong>imperatoris</strong></span> <span class='ocrx_word' id='word_1_324' title='bbox 1722 2808 1909 2879; x_wconf 90' lang='lat' dir='ltr'><strong>capite</strong></span> <span class='ocrx_word' id='word_1_325' title='bbox 1941 2825 2038 2864; x_wconf 85' lang='lat' dir='ltr'><strong>co-</strong></span> 
     </span>
    </p>
   </div>
   <div class='ocr_carea' id='block_1_46' title="bbox 396 2897 2039 2969">
    <p class='ocr_par' dir='ltr' id='par_1_46' title="bbox 396 2897 2039 2969">
     <span class='ocr_line' id='line_1_46' title="bbox 396 2897 2039 2969; baseline -0.001 -15"><span class='ocrx_word' id='word_1_326' title='bbox 396 2915 598 2955; x_wconf 89' lang='lat' dir='ltr'><strong>ronam</strong></span> <span class='ocrx_word' id='word_1_327' title='bbox 615 2898 917 2969; x_wconf 80' lang='lat' dir='ltr'><strong>demit,qui</strong></span> <span class='ocrx_word' id='word_1_328' title='bbox 938 2897 1216 2969; x_wconf 87' lang='lat' dir='ltr'><strong>templum</strong></span> <span class='ocrx_word' id='word_1_329' title='bbox 1231 2897 1458 2953; x_wconf 91' lang='lat' dir='ltr'><strong>Domini</strong></span> <span class='ocrx_word' id='word_1_330' title='bbox 1474 2897 1776 2969; x_wconf 88' lang='lat' dir='ltr'><strong>ingressus</strong></span> <span class='ocrx_word' id='word_1_331' title='bbox 1788 2913 2039 2969; x_wconf 87' lang='lat' dir='ltr'><strong>cumque</strong></span> 
     </span>
    </p>
   </div>
   <div class='ocr_carea' id='block_1_47' title="bbox 398 2990 2039 3061">
    <p class='ocr_par' dir='ltr' id='par_1_47' title="bbox 398 2990 2039 3061">
     <span class='ocr_line' id='line_1_47' title="bbox 398 2990 2039 3061; baseline -0.001 -15"><span class='ocrx_word' id='word_1_332' title='bbox 398 2990 575 3046; x_wconf 89' lang='lat' dir='ltr'><strong>cereis</strong></span> <span class='ocrx_word' id='word_1_333' title='bbox 629 2991 891 3046; x_wconf 88' lang='lat' dir='ltr'><strong>accensis</strong></span> <span class='ocrx_word' id='word_1_334' title='bbox 949 2994 1239 3061; x_wconf 86' lang='lat' dir='ltr'><strong>precatus,</strong></span> <span class='ocrx_word' id='word_1_335' title='bbox 1317 3006 1416 3045; x_wconf 90' lang='lat' dir='ltr'>eos</span> <span class='ocrx_word' id='word_1_336' title='bbox 1500 2990 1805 3061; x_wconf 72' lang='lat' dir='ltr'><strong>praeposito</strong></span> <span class='ocrx_word' id='word_1_337' title='bbox 1862 2990 2039 3046; x_wconf 87' lang='lat' dir='ltr'><strong>tradit</strong></span> 
     </span>
    </p>
   </div>
   <div class='ocr_carea' id='block_1_48' title="bbox 395 3078 2037 3152">
    <p class='ocr_par' dir='ltr' id='par_1_48' title="bbox 395 3078 2037 3152">
     <span class='ocr_line' id='line_1_48' title="bbox 395 3078 2037 3152; baseline 0.001 -17"><span class='ocrx_word' id='word_1_338' title='bbox 395 3096 611 3151; x_wconf 89' lang='lat' dir='ltr'><strong>perque</strong></span> <span class='ocrx_word' id='word_1_339' title='bbox 633 3081 888 3152; x_wconf 90' lang='lat' dir='ltr'><strong>porticus</strong></span> <span class='ocrx_word' id='word_1_340' title='bbox 925 3078 1151 3135; x_wconf 87' lang='lat' dir='ltr'><strong>Domini</strong></span> <span class='ocrx_word' id='word_1_341' title='bbox 1182 3078 1549 3135; x_wconf 89' lang='lat' dir='ltr'><strong>triconcbum</strong></span> <span class='ocrx_word' id='word_1_342' title='bbox 1596 3081 1796 3146; x_wconf 87' lang='lat' dir='ltr'><strong>intrat,</strong></span> <span class='ocrx_word' id='word_1_343' title='bbox 1830 3079 2037 3136; x_wconf 88' lang='lat' dir='ltr'><strong>deinde</strong></span> 
     </span>
    </p>
   </div>
   <div class='ocr_carea' id='block_1_49' title="bbox 393 3170 2034 3243">
    <p class='ocr_par' dir='ltr' id='par_1_49' title="bbox 393 3170 2034 3243">
     <span class='ocr_line' id='line_1_49' title="bbox 393 3170 2034 3243; baseline 0 -18"><span class='ocrx_word' id='word_1_344' title='bbox 393 3186 498 3243; x_wconf 91' lang='lat' dir='ltr'>per</span> <span class='ocrx_word' id='word_1_345' title='bbox 516 3170 773 3243; x_wconf 88' lang='lat' dir='ltr'><strong>porticus</strong></span> <span class='ocrx_word' id='word_1_346' title='bbox 792 3171 1176 3242; x_wconf 85' lang='lat' dir='ltr'><strong>quadraginta</strong></span> <span class='ocrx_word' id='word_1_347' title='bbox 1206 3175 1541 3225; x_wconf 89' lang='lat' dir='ltr'><strong>sanctorum</strong></span> <span class='ocrx_word' id='word_1_348' title='bbox 1565 3170 1635 3224; x_wconf 83' lang='lat' dir='ltr'>ad</span> <span class='ocrx_word' id='word_1_349' title='bbox 1668 3185 1909 3225; x_wconf 89' lang='lat' dir='ltr'><strong>aureum</strong></span> <span class='ocrx_word' id='word_1_350' title='bbox 1932 3171 2034 3225; x_wconf 90' lang='lat' dir='ltr'><strong>tri-</strong></span> 
     </span>
    </p>
   </div>
   <div class='ocr_carea' id='block_1_50' title="bbox 2152 2000 3793 2083">
    <p class='ocr_par' dir='ltr' id='par_1_50' title="bbox 2152 2000 3793 2083">
     <span class='ocr_line' id='line_1_50' title="bbox 2152 2000 3793 2083; baseline 0.004 -25"><span class='ocrx_word' id='word_1_351' title='bbox 2152 2000 2473 2077; x_wconf 82' lang='grc' dir='ltr'>δομέστικος</span> <span class='ocrx_word' id='word_1_352' title='bbox 2527 2010 2635 2060; x_wconf 87' lang='grc' dir='ltr'>τῶν</span> <span class='ocrx_word' id='word_1_353' title='bbox 2696 2004 2919 2081; x_wconf 82' lang='grc' dir='ltr'>σχολῶν</span> <span class='ocrx_word' id='word_1_354' title='bbox 2972 2006 3063 2062; x_wconf 87' lang='grc' dir='ltr'>τὸν</span> <span class='ocrx_word' id='word_1_355' title='bbox 3153 2008 3399 2083; x_wconf 86' lang='grc' dir='ltr'>βασιλέα,</span> <span class='ocrx_word' id='word_1_356' title='bbox 3480 2009 3793 2078; x_wconf 70' lang='grc' dir='ltr'>πεζεύουσιν</span> 
     </span>
    </p>
   </div>
   <div class='ocr_carea' id='block_1_51' title="bbox 2150 2092 3793 2176">
    <p class='ocr_par' dir='ltr' id='par_1_51' title="bbox 2150 2092 3793 2176">
     <span class='ocr_line' id='line_1_51' title="bbox 2150 2092 3793 2176; baseline 0.004 -27"><span class='ocrx_word' id='word_1_357' title='bbox 2150 2094 2403 2163; x_wconf 78' lang='grc' dir='ltr'>ἅπαντες,</span> <span class='ocrx_word' id='word_1_358' title='bbox 2435 2097 2524 2150; x_wconf 80' lang='grc' dir='ltr'>καὶ</span> <span class='ocrx_word' id='word_1_359' title='bbox 2560 2095 2703 2170; x_wconf 80' lang='grc' dir='ltr'>μένει</span> <span class='ocrx_word' id='word_1_360' title='bbox 2753 2092 2989 2176; x_wconf 74' lang='grc' dir='ltr'>ἔφιππος</span> <span class='ocrx_word' id='word_1_361' title='bbox 3034 2098 3201 2171; x_wconf 85' lang='grc' dir='ltr'>μόνος</span> <span class='ocrx_word' id='word_1_362' title='bbox 3238 2103 3277 2136; x_wconf 77' lang='grc' dir='ltr'>ιί</span> <span class='ocrx_word' id='word_1_363' title='bbox 3326 2099 3351 2153; x_wconf 90' lang='grc' dir='ltr'>ὁ</span> <span class='ocrx_word' id='word_1_364' title='bbox 3406 2099 3681 2175; x_wconf 82' lang='grc' dir='ltr'>βασιλεὺς,</span> <span class='ocrx_word' id='word_1_365' title='bbox 3705 2100 3793 2155; x_wconf 84' lang='grc' dir='ltr'>καὶ</span> 
     </span>
    </p>
   </div>
   <div class='ocr_carea' id='block_1_52' title="bbox 2148 2183 3793 2265">
    <p class='ocr_par' dir='ltr' id='par_1_52' title="bbox 2148 2183 3793 2265">
     <span class='ocr_line' id='line_1_52' title="bbox 2148 2183 3793 2265; baseline 0.004 -27"><span class='ocrx_word' id='word_1_366' title='bbox 2148 2183 2255 2239; x_wconf 83' lang='grc' dir='ltr'>ἀπὸ</span> <span class='ocrx_word' id='word_1_367' title='bbox 2283 2192 2384 2254; x_wconf 72' lang='grc' dir='ltr'>τῆς</span> <span class='ocrx_word' id='word_1_368' title='bbox 2431 2186 2674 2264; x_wconf 80' lang='grc' dir='ltr'>χαλκῆς,</span> <span class='ocrx_word' id='word_1_369' title='bbox 2718 2184 3141 2265; x_wconf 86' lang='grc' dir='ltr'>δηριγευόμενος</span> <span class='ocrx_word' id='word_1_370' title='bbox 3189 2189 3293 2243; x_wconf 84' lang='grc' dir='ltr'>ὑπὸ</span> <span class='ocrx_word' id='word_1_371' title='bbox 3349 2190 3566 2244; x_wconf 83' lang='grc' dir='ltr'>πάντων</span> <span class='ocrx_word' id='word_1_372' title='bbox 3596 2189 3793 2259; x_wconf 80' lang='grc' dir='ltr'>αὐτῶν,</span> 
     </span>
    </p>
   </div>
   <div class='ocr_carea' id='block_1_53' title="bbox 2149 2272 3795 2352">
    <p class='ocr_par' dir='ltr' id='par_1_53' title="bbox 2149 2272 3795 2352">
     <span class='ocr_line' id='line_1_53' title="bbox 2149 2272 3795 2352; baseline 0.004 -24"><span class='ocrx_word' id='word_1_373' title='bbox 2149 2272 2447 2349; x_wconf 80' lang='grc' dir='ltr'>ἀπέρχεται</span> <span class='ocrx_word' id='word_1_374' title='bbox 2491 2276 2660 2350; x_wconf 71' lang='grc' dir='ltr'>μέχρι</span> <span class='ocrx_word' id='word_1_375' title='bbox 2722 2280 2817 2330; x_wconf 90' lang='grc' dir='ltr'>τοῦ</span> <span class='ocrx_word' id='word_1_376' title='bbox 2867 2278 3087 2351; x_wconf 83' lang='grc' dir='ltr'>Κυρίου,</span> <span class='ocrx_word' id='word_1_377' title='bbox 3165 2278 3253 2333; x_wconf 83' lang='grc' dir='ltr'>καὶ</span> <span class='ocrx_word' id='word_1_378' title='bbox 3315 2278 3461 2352; x_wconf 87' lang='grc' dir='ltr'>μένει</span> <span class='ocrx_word' id='word_1_379' title='bbox 3541 2277 3712 2334; x_wconf 78' lang='grc' dir='ltr'>ἐκεῖσε</span> <span class='ocrx_word' id='word_1_380' title='bbox 3762 2282 3795 2349; x_wconf 93' lang='grc' dir='ltr'>ἡ</span> 
     </span>
    </p>
   </div>
   <div class='ocr_carea' id='block_1_54' title="bbox 2150 2360 3799 2442">
    <p class='ocr_par' dir='ltr' id='par_1_54' title="bbox 2150 2360 3799 2442">
     <span class='ocr_line' id='line_1_54' title="bbox 2150 2360 3799 2442; baseline 0.004 -24"><span class='ocrx_word' id='word_1_381' title='bbox 2150 2362 2461 2439; x_wconf 81' lang='grc' dir='ltr'>σύγκλητος</span> <span class='ocrx_word' id='word_1_382' title='bbox 2503 2360 2803 2439; x_wconf 79' lang='grc' dir='ltr'>ἔμπροσθεν</span> <span class='ocrx_word' id='word_1_383' title='bbox 2862 2366 2969 2420; x_wconf 81' lang='grc' dir='ltr'>τῶν</span> <span class='ocrx_word' id='word_1_384' title='bbox 3022 2371 3190 2442; x_wconf 87' lang='grc' dir='ltr'>τριῶν</span> <span class='ocrx_word' id='word_1_385' title='bbox 3232 2366 3420 2422; x_wconf 89' lang='grc' dir='ltr'>πυλῶν</span> <span class='ocrx_word' id='word_1_386' title='bbox 3476 2372 3573 2423; x_wconf 87' lang='grc' dir='ltr'>τοῦ</span> <span class='ocrx_word' id='word_1_387' title='bbox 3619 2389 3799 2425; x_wconf 85' lang='grc' dir='ltr'>κονσι-</span> 
     </span>
    </p>
   </div>
   <div class='ocr_carea' id='block_1_55' title="bbox 2151 2452 3793 2530">
    <p class='ocr_par' dir='ltr' id='par_1_55' title="bbox 2151 2452 3793 2530">
     <span class='ocr_line' id='line_1_55' title="bbox 2151 2452 3793 2530; baseline 0.003 -21"><span class='ocrx_word' id='word_1_388' title='bbox 2151 2452 2407 2528; x_wconf 81' lang='grc' dir='ltr'>στωρίου,</span> <span class='ocrx_word' id='word_1_389' title='bbox 2434 2454 2847 2530; x_wconf 80' lang='grc' dir='ltr'>ὑπερευχομένη</span> <span class='ocrx_word' id='word_1_390' title='bbox 2903 2456 2993 2511; x_wconf 85' lang='grc' dir='ltr'>τὸν</span> <span class='ocrx_word' id='word_1_391' title='bbox 3050 2455 3302 2530; x_wconf 84' lang='grc' dir='ltr'>βασιλέα·</span> <span class='ocrx_word' id='word_1_392' title='bbox 3343 2481 3371 2509; x_wconf 93' lang='grc'>‹‹</span> <span class='ocrx_word' id='word_1_393' title='bbox 3405 2456 3499 2523; x_wconf 79' lang='grc' dir='ltr'>Εἰς</span> <span class='ocrx_word' id='word_1_394' title='bbox 3546 2457 3793 2521; x_wconf 86' lang='grc' dir='ltr'>πολλοὺς</span> 
     </span>
    </p>
   </div>
   <div class='ocr_carea' id='block_1_56' title="bbox 2147 2543 3793 2624">
    <p class='ocr_par' dir='ltr' id='par_1_56' title="bbox 2147 2543 3793 2624">
     <span class='ocr_line' id='line_1_56' title="bbox 2147 2543 3793 2624; baseline 0.004 -26"><span class='ocrx_word' id='word_1_395' title='bbox 2147 2544 2239 2598; x_wconf 88' lang='grc' dir='ltr'>καὶ</span> <span class='ocrx_word' id='word_1_396' title='bbox 2270 2543 2500 2620; x_wconf 82' lang='grc' dir='ltr'>ἀγαθοὺς</span> <span class='ocrx_word' id='word_1_397' title='bbox 2551 2545 2807 2620; x_wconf 81' lang='grc' dir='ltr'>χρόνους’</span> <span class='ocrx_word' id='word_1_398' title='bbox 2844 2570 2872 2599; x_wconf 90' lang='grc'><strong>››</strong></span> <span class='ocrx_word' id='word_1_399' title='bbox 2931 2548 2983 2601; x_wconf 76' lang='grc' dir='ltr'>οἱ</span> <span class='ocrx_word' id='word_1_400' title='bbox 3041 2545 3095 2602; x_wconf 76' lang='grc' dir='ltr'>δὲ</span> <span class='ocrx_word' id='word_1_401' title='bbox 3152 2549 3429 2619; x_wconf 76' lang='grc' dir='ltr'>πατρίκιοι</span> <span class='ocrx_word' id='word_1_402' title='bbox 3475 2549 3564 2604; x_wconf 80' lang='grc' dir='ltr'>καὶ</span> <span class='ocrx_word' id='word_1_403' title='bbox 3603 2570 3793 2624; x_wconf 86' lang='grc' dir='ltr'>στρατ-</span> 
     </span>
    </p>
   </div>
   <div class='ocr_carea' id='block_1_57' title="bbox 2150 2632 3796 2713">
    <p class='ocr_par' dir='ltr' id='par_1_57' title="bbox 2150 2632 3796 2713">
     <span class='ocr_line' id='line_1_57' title="bbox 2150 2632 3796 2713; baseline 0.005 -27"><span class='ocrx_word' id='word_1_404' title='bbox 2150 2632 2280 2707; x_wconf 78' lang='grc' dir='ltr'>ηγοὶ</span> <span class='ocrx_word' id='word_1_405' title='bbox 2332 2634 2583 2706; x_wconf 83' lang='grc' dir='ltr'>μένουσιν</span> <span class='ocrx_word' id='word_1_406' title='bbox 2642 2633 2743 2707; x_wconf 76' lang='grc' dir='ltr'>ἔξω</span> <span class='ocrx_word' id='word_1_407' title='bbox 2788 2638 2888 2709; x_wconf 82' lang='grc' dir='ltr'>τῇς</span> <span class='ocrx_word' id='word_1_408' title='bbox 2938 2636 3123 2703; x_wconf 81' lang='grc' dir='ltr'>πύλης</span> <span class='ocrx_word' id='word_1_409' title='bbox 3189 2642 3286 2693; x_wconf 91' lang='grc' dir='ltr'>τοῦ</span> <span class='ocrx_word' id='word_1_410' title='bbox 3353 2638 3577 2712; x_wconf 85' lang='grc' dir='ltr'>Κυρίου,</span> <span class='ocrx_word' id='word_1_411' title='bbox 3631 2640 3796 2713; x_wconf 80' lang='grc' dir='ltr'>ὑπερ-</span> 
     </span>
    </p>
   </div>
   <div class='ocr_carea' id='block_1_58' title="bbox 2150 2720 3801 2803">
    <p class='ocr_par' dir='ltr' id='par_1_58' title="bbox 2150 2720 3801 2803">
     <span class='ocr_line' id='line_1_58' title="bbox 2150 2720 3801 2803; baseline 0.004 -26"><span class='ocrx_word' id='word_1_412' title='bbox 2150 2720 2445 2799; x_wconf 83' lang='grc' dir='ltr'>ευχόμενοι</span> <span class='ocrx_word' id='word_1_413' title='bbox 2490 2723 2580 2777; x_wconf 76' lang='grc' dir='ltr'>καὶ</span> <span class='ocrx_word' id='word_1_414' title='bbox 2614 2722 2767 2779; x_wconf 81' lang='grc' dir='ltr'>αὐτοὶ</span> <span class='ocrx_word' id='word_1_415' title='bbox 2798 2725 2888 2779; x_wconf 88' lang='grc' dir='ltr'>τὸν</span> <span class='ocrx_word' id='word_1_416' title='bbox 2931 2722 3174 2800; x_wconf 82' lang='grc' dir='ltr'>βασιλέᾶ.</span> <span class='ocrx_word' id='word_1_417' title='bbox 3233 2730 3346 2784; x_wconf 89' lang='grc' dir='ltr'>Τοῦ</span> <span class='ocrx_word' id='word_1_418' title='bbox 3404 2725 3463 2783; x_wconf 76' lang='grc' dir='ltr'>δὲ</span> <span class='ocrx_word' id='word_1_419' title='bbox 3533 2727 3801 2803; x_wconf 84' lang='grc' dir='ltr'>βασιλέως</span> 
     </span>
    </p>
   </div>
   <div class='ocr_carea' id='block_1_59' title="bbox 2150 2808 3800 2893">
    <p class='ocr_par' dir='ltr' id='par_1_59' title="bbox 2150 2808 3800 2893">
     <span class='ocr_line' id='line_1_59' title="bbox 2150 2808 3800 2893; baseline 0.005 -28"><span class='ocrx_word' id='word_1_420' title='bbox 2150 2810 2490 2877; x_wconf 74' lang='grc' dir='ltr'>εἰσελθόντος</span> <span class='ocrx_word' id='word_1_421' title='bbox 2520 2808 2667 2869; x_wconf 81' lang='grc' dir='ltr'>ἔνδον</span> <span class='ocrx_word' id='word_1_422' title='bbox 2690 2821 2789 2884; x_wconf 81' lang='grc' dir='ltr'>τῆς</span> <span class='ocrx_word' id='word_1_423' title='bbox 2838 2814 3046 2886; x_wconf 79' lang='grc' dir='ltr'>πύλης,</span> <span class='ocrx_word' id='word_1_424' title='bbox 3111 2814 3501 2893; x_wconf 72' lang='grc' dir='ltr'>ἇσφαλίζουσιν</span> <span class='ocrx_word' id='word_1_425' title='bbox 3563 2818 3614 2873; x_wconf 86' lang='lat' dir='ltr'><strong>o&#39;:</strong></span> <span class='ocrx_word' id='word_1_426' title='bbox 3664 2839 3800 2873; x_wconf 88' lang='grc' dir='ltr'>κου-</span> 
     </span>
    </p>
   </div>
   <div class='ocr_carea' id='block_1_60' title="bbox 2150 2895 3788 2980">
    <p class='ocr_par' dir='ltr' id='par_1_60' title="bbox 2150 2895 3788 2980">
     <span class='ocr_line' id='line_1_60' title="bbox 2150 2895 3788 2980; baseline 0.004 -26"><span class='ocrx_word' id='word_1_427' title='bbox 2150 2895 2499 2975; x_wconf 84' lang='grc' dir='ltr'>6ικουλάριοι</span> <span class='ocrx_word' id='word_1_428' title='bbox 2555 2904 2654 2971; x_wconf 73' lang='grc' dir='ltr'>τὴν</span> <span class='ocrx_word' id='word_1_429' title='bbox 2720 2902 2925 2975; x_wconf 86' lang='grc' dir='ltr'>πύλην,</span> <span class='ocrx_word' id='word_1_430' title='bbox 2989 2905 3419 2980; x_wconf 80' lang='grc' dir='ltr'>ὑπερευχόμενοι</span> <span class='ocrx_word' id='word_1_431' title='bbox 3469 2908 3560 2962; x_wconf 80' lang='grc' dir='ltr'>καὶ</span> <span class='ocrx_word' id='word_1_432' title='bbox 3610 2908 3788 2962; x_wconf 80' lang='grc' dir='ltr'>αὐτοί·</span> 
     </span>
    </p>
   </div>
   <div class='ocr_carea' id='block_1_61' title="bbox 2150 2988 3797 3068">
    <p class='ocr_par' dir='ltr' id='par_1_61' title="bbox 2150 2988 3797 3068">
     <span class='ocr_line' id='line_1_61' title="bbox 2150 2988 3797 3068; baseline 0.007 -28"><span class='ocrx_word' id='word_1_433' title='bbox 2150 2989 2277 3051; x_wconf 75' lang='grc' dir='ltr'>«Εἰς</span> <span class='ocrx_word' id='word_1_434' title='bbox 2311 2988 2559 3053; x_wconf 82' lang='grc' dir='ltr'>πολλοὺς</span> <span class='ocrx_word' id='word_1_435' title='bbox 2588 2991 2677 3046; x_wconf 84' lang='grc' dir='ltr'>καὶ</span> <span class='ocrx_word' id='word_1_436' title='bbox 2738 2992 2974 3067; x_wconf 78' lang='grc' dir='ltr'>ἀγαθοὺς</span> <span class='ocrx_word' id='word_1_437' title='bbox 3011 2993 3263 3068; x_wconf 89' lang='grc' dir='ltr'>χρόνους.</span> <span class='ocrx_word' id='word_1_438' title='bbox 3303 3018 3331 3046; x_wconf 82' lang='grc'><strong>››</strong></span> <span class='ocrx_word' id='word_1_439' title='bbox 3388 2996 3494 3051; x_wconf 82' lang='grc' dir='ltr'>Καὶ</span> <span class='ocrx_word' id='word_1_440' title='bbox 3552 2990 3738 3051; x_wconf 75' lang='grc' dir='ltr'>λαϐὼν</span> <span class='ocrx_word' id='word_1_441' title='bbox 3769 2998 3797 3051; x_wconf 87' lang='lat'>6</span> 
     </span>
    </p>
   </div>
   <div class='ocr_carea' id='block_1_62' title="bbox 2147 3079 3798 3161">
    <p class='ocr_par' dir='ltr' id='par_1_62' title="bbox 2147 3079 3798 3161">
     <span class='ocr_line' id='line_1_62' title="bbox 2147 3079 3798 3161; baseline 0.003 -28"><span class='ocrx_word' id='word_1_442' title='bbox 2147 3079 2506 3152; x_wconf 84' lang='grc' dir='ltr'>πραιπόσιτος</span> <span class='ocrx_word' id='word_1_443' title='bbox 2536 3081 2597 3136; x_wconf 85' lang='grc' dir='ltr'>τὸ</span> <span class='ocrx_word' id='word_1_444' title='bbox 2632 3082 2845 3154; x_wconf 84' lang='grc' dir='ltr'>στέμμα</span> <span class='ocrx_word' id='word_1_445' title='bbox 2893 3081 2998 3137; x_wconf 83' lang='grc' dir='ltr'>ἀπὸ</span> <span class='ocrx_word' id='word_1_446' title='bbox 3061 3088 3162 3152; x_wconf 75' lang='grc' dir='ltr'>τῆς</span> <span class='ocrx_word' id='word_1_447' title='bbox 3208 3082 3452 3161; x_wconf 76' lang='grc' dir='ltr'>κεφαλῆς</span> <span class='ocrx_word' id='word_1_448' title='bbox 3499 3089 3597 3140; x_wconf 89' lang='grc' dir='ltr'>τοῦ</span> <span class='ocrx_word' id='word_1_449' title='bbox 3648 3087 3798 3161; x_wconf 73' lang='grc' dir='ltr'>βασιο</span> 
     </span>
    </p>
   </div>
   <div class='ocr_carea' id='block_1_63' title="bbox 2150 3164 3787 3246">
    <p class='ocr_par' dir='ltr' id='par_1_63' title="bbox 2150 3164 3787 3246">
     <span class='ocr_line' id='line_1_63' title="bbox 2150 3164 3787 3246; baseline 0.004 -26"><span class='ocrx_word' id='word_1_450' title='bbox 2150 3164 2312 3236; x_wconf 84' lang='grc' dir='ltr'>λέως,</span> <span class='ocrx_word' id='word_1_451' title='bbox 2338 3167 2639 3243; x_wconf 84' lang='grc' dir='ltr'>εἰσέρχεται</span> <span class='ocrx_word' id='word_1_452' title='bbox 2669 3170 2696 3223; x_wconf 91' lang='lat'>6</span> <span class='ocrx_word' id='word_1_453' title='bbox 2722 3168 2977 3244; x_wconf 82' lang='grc' dir='ltr'>βασιλεὺς</span> <span class='ocrx_word' id='word_1_454' title='bbox 3008 3169 3059 3225; x_wconf 80' lang='grc' dir='ltr'>ἐν</span> <span class='ocrx_word' id='word_1_455' title='bbox 3108 3173 3187 3242; x_wconf 78' lang='grc' dir='ltr'>τῷ</span> <span class='ocrx_word' id='word_1_456' title='bbox 3240 3175 3353 3242; x_wconf 63' lang='grc' dir='ltr'>»αῷ</span> <span class='ocrx_word' id='word_1_457' title='bbox 3409 3176 3506 3225; x_wconf 89' lang='grc' dir='ltr'>τοῦ</span> <span class='ocrx_word' id='word_1_458' title='bbox 3564 3171 3787 3246; x_wconf 81' lang='grc' dir='ltr'>Κυρίου,</span> 
     </span>
    </p>
   </div>
   <div class='ocr_carea' id='block_1_64' title="bbox 392 3252 2032 3360">
    <p class='ocr_par' dir='ltr' id='par_1_64' title="bbox 392 3260 2032 3329">
     <span class='ocr_line' id='line_1_64' title="bbox 392 3260 2032 3329; baseline -0.001 -15"><span class='ocrx_word' id='word_1_459' title='bbox 392 3260 634 3315; x_wconf 90' lang='lat' dir='ltr'><strong>clinium</strong></span> <span class='ocrx_word' id='word_1_460' title='bbox 685 3260 827 3327; x_wconf 89' lang='lat' dir='ltr'><strong>abit,</strong></span> <span class='ocrx_word' id='word_1_461' title='bbox 872 3261 1098 3329; x_wconf 88' lang='lat' dir='ltr'><strong>patricii</strong></span> <span class='ocrx_word' id='word_1_462' title='bbox 1146 3276 1279 3314; x_wconf 90' lang='lat' dir='ltr'><strong>vero</strong></span> <span class='ocrx_word' id='word_1_463' title='bbox 1326 3268 1382 3314; x_wconf 88' lang='lat' dir='ltr'>et</span> <span class='ocrx_word' id='word_1_464' title='bbox 1420 3260 1612 3315; x_wconf 56' lang='lat' dir='ltr'><strong>caeteri</strong></span> <span class='ocrx_word' id='word_1_465' title='bbox 1657 3275 1758 3329; x_wconf 92' lang='lat' dir='ltr'>per</span> <span class='ocrx_word' id='word_1_466' title='bbox 1790 3261 2032 3327; x_wconf 88' lang='lat' dir='ltr'><strong>januam</strong></span> 
     </span>
    </p>
   </div>
   <div class='ocr_carea' id='block_1_65' title="bbox 2141 3252 3785 3360">
    <p class='ocr_par' dir='ltr' id='par_1_65' title="bbox 2147 3252 3785 3332">
     <span class='ocr_line' id='line_1_65' title="bbox 2147 3252 3785 3332; baseline 0.002 -21"><span class='ocrx_word' id='word_1_467' title='bbox 2147 3257 2237 3311; x_wconf 85' lang='grc' dir='ltr'>καὶ</span> <span class='ocrx_word' id='word_1_468' title='bbox 2271 3252 2454 3311; x_wconf 78' lang='grc' dir='ltr'>λαϐὼν</span> <span class='ocrx_word' id='word_1_469' title='bbox 2499 3259 2704 3332; x_wconf 74' lang='grc' dir='ltr'>κηροὺς</span> <span class='ocrx_word' id='word_1_470' title='bbox 2753 3258 2843 3313; x_wconf 83' lang='grc' dir='ltr'>καὶ</span> <span class='ocrx_word' id='word_1_471' title='bbox 2888 3258 3202 3331; x_wconf 80' lang='grc' dir='ltr'>εὐξάμενος,</span> <span class='ocrx_word' id='word_1_472' title='bbox 3235 3257 3546 3315; x_wconf 79' lang='grc' dir='ltr'>ἐπιδίδωσιν</span> <span class='ocrx_word' id='word_1_473' title='bbox 3594 3260 3785 3324; x_wconf 79' lang='grc' dir='ltr'>αὐτοὺς</span> 
     </span>
    </p>
   </div>
   <div class='ocr_carea' id='block_1_66' title="bbox 392 3347 2031 3421">
    <p class='ocr_par' dir='ltr' id='par_1_66' title="bbox 392 3347 2031 3421">
     <span class='ocr_line' id='line_1_66' title="bbox 392 3347 2031 3421; baseline 0 -17"><span class='ocrx_word' id='word_1_474' title='bbox 392 3350 579 3404; x_wconf 68' lang='lat' dir='ltr'><strong>erarii</strong></span> <span class='ocrx_word' id='word_1_475' title='bbox 608 3349 929 3405; x_wconf 89' lang='lat' dir='ltr'><strong>lausiacum</strong></span> <span class='ocrx_word' id='word_1_476' title='bbox 954 3349 1380 3421; x_wconf 89' lang='lat' dir='ltr'><strong>ingrediuntur.</strong></span> <span class='ocrx_word' id='word_1_477' title='bbox 1407 3347 1690 3418; x_wconf 86' lang='lat' dir='ltr'><strong>Tempore</strong></span> <span class='ocrx_word' id='word_1_478' title='bbox 1718 3350 2031 3419; x_wconf 84' lang='lat' dir='ltr'><strong>apprOpin-</strong></span> 
     </span>
    </p>
   </div>
   <div class='ocr_carea' id='block_1_67' title="bbox 389 3436 2029 3510">
    <p class='ocr_par' dir='ltr' id='par_1_67' title="bbox 389 3436 2029 3510">
     <span class='ocr_line' id='line_1_67' title="bbox 389 3436 2029 3510; baseline -0.001 -18"><span class='ocrx_word' id='word_1_479' title='bbox 389 3446 624 3510; x_wconf 87' lang='lat' dir='ltr'><strong>quante,</strong></span> <span class='ocrx_word' id='word_1_480' title='bbox 688 3438 1004 3509; x_wconf 88' lang='lat' dir='ltr'><strong>imperator</strong></span> <span class='ocrx_word' id='word_1_481' title='bbox 1054 3437 1315 3507; x_wconf 89' lang='lat' dir='ltr'><strong>procedit</strong></span> <span class='ocrx_word' id='word_1_482' title='bbox 1363 3451 1617 3507; x_wconf 89' lang='lat' dir='ltr'><strong>cumque</strong></span> <span class='ocrx_word' id='word_1_483' title='bbox 1675 3436 2029 3504; x_wconf 90' lang='lat' dir='ltr'><strong>proceribus,</strong></span> 
     </span>
    </p>
   </div>
   <div class='ocr_carea' id='block_1_68' title="bbox 386 3526 2032 3598">
    <p class='ocr_par' dir='ltr' id='par_1_68' title="bbox 386 3526 2032 3598">
     <span class='ocr_line' id='line_1_68' title="bbox 386 3526 2032 3598; baseline -0.002 -16"><span class='ocrx_word' id='word_1_484' title='bbox 386 3544 529 3598; x_wconf 92' lang='lat' dir='ltr'><strong>quos</strong></span> <span class='ocrx_word' id='word_1_485' title='bbox 560 3544 626 3582; x_wconf 90' lang='lat' dir='ltr'>eo</span> <span class='ocrx_word' id='word_1_486' title='bbox 657 3527 749 3580; x_wconf 88' lang='lat' dir='ltr'>die</span> <span class='ocrx_word' id='word_1_487' title='bbox 781 3526 1010 3580; x_wconf 85' lang='lat' dir='ltr'><strong>invitari</strong></span> <span class='ocrx_word' id='word_1_488' title='bbox 1056 3528 1321 3596; x_wconf 86' lang='lat' dir='ltr'><strong>jusserit,</strong></span> <span class='ocrx_word' id='word_1_489' title='bbox 1366 3526 1634 3595; x_wconf 83' lang='lat' dir='ltr'><strong>pretiosae</strong></span> <span class='ocrx_word' id='word_1_490' title='bbox 1669 3539 1880 3579; x_wconf 65' lang='lat' dir='ltr'><strong>mensa</strong></span> <span class='ocrx_word' id='word_1_491' title='bbox 1914 3540 2032 3579; x_wconf 67' lang='lat' dir='ltr'><strong>suae</strong></span> 
     </span>
    </p>
   </div>
   <div class='ocr_carea' id='block_1_69' title="bbox 385 3613 2033 3684">
    <p class='ocr_par' dir='ltr' id='par_1_69' title="bbox 385 3613 2033 3684">
     <span class='ocr_line' id='line_1_69' title="bbox 385 3613 2033 3684; baseline -0.001 -13"><span class='ocrx_word' id='word_1_492' title='bbox 385 3616 624 3672; x_wconf 90' lang='lat' dir='ltr'><strong>assidet.</strong></span> <span class='ocrx_word' id='word_1_493' title='bbox 667 3616 822 3670; x_wconf 65' lang='grc' dir='ltr'>Ἰοθ</span> <span class='ocrx_word' id='word_1_494' title='bbox 870 3613 1310 3669; x_wconf 87' lang='lat' dir='ltr'><strong>Observandum</strong></span> <span class='ocrx_word' id='word_1_495' title='bbox 1362 3629 1494 3669; x_wconf 88' lang='lat' dir='ltr'><strong>vero</strong></span> <span class='ocrx_word' id='word_1_496' title='bbox 1542 3621 1627 3669; x_wconf 91' lang='lat' dir='ltr'>est</span> <span class='ocrx_word' id='word_1_497' title='bbox 1670 3613 1946 3684; x_wconf 87' lang='lat' dir='ltr'><strong>patricios</strong></span> <span class='ocrx_word' id='word_1_498' title='bbox 1976 3617 2033 3669; x_wconf 89' lang='lat' dir='ltr'>et</span> 
     </span>
    </p>
   </div>
   <div class='ocr_carea' id='block_1_70' title="bbox 384 3700 2031 3774">
    <p class='ocr_par' dir='ltr' id='par_1_70' title="bbox 384 3700 2031 3774">
     <span class='ocr_line' id='line_1_70' title="bbox 384 3700 2031 3774; baseline -0.002 -12"><span class='ocrx_word' id='word_1_499' title='bbox 384 3705 650 3762; x_wconf 77' lang='lat' dir='ltr'><strong>convivas</strong></span> <span class='ocrx_word' id='word_1_500' title='bbox 674 3721 878 3761; x_wconf 92' lang='lat' dir='ltr'><strong>omnes</strong></span> <span class='ocrx_word' id='word_1_501' title='bbox 902 3703 959 3759; x_wconf 93' lang='lat' dir='ltr'>in</span> <span class='ocrx_word' id='word_1_502' title='bbox 985 3704 1317 3759; x_wconf 90' lang='lat' dir='ltr'><strong>mutatoriis</strong></span> <span class='ocrx_word' id='word_1_503' title='bbox 1337 3703 1456 3759; x_wconf 90' lang='lat' dir='ltr'><strong>sive</strong></span> <span class='ocrx_word' id='word_1_504' title='bbox 1481 3702 1697 3759; x_wconf 90' lang='lat' dir='ltr'><strong>tunicis</strong></span> <span class='ocrx_word' id='word_1_505' title='bbox 1727 3704 1795 3757; x_wconf 89' lang='lat' dir='ltr'>ad</span> <span class='ocrx_word' id='word_1_506' title='bbox 1828 3700 2031 3774; x_wconf 88' lang='lat' dir='ltr'><strong>epulas</strong></span> 
     </span>
    </p>
   </div>
   <div class='ocr_carea' id='block_1_71' title="bbox 386 3791 2027 3865">
    <p class='ocr_par' dir='ltr' id='par_1_71' title="bbox 386 3791 2027 3865">
     <span class='ocr_line' id='line_1_71' title="bbox 386 3791 2027 3865; baseline -0.003 -14"><span class='ocrx_word' id='word_1_507' title='bbox 386 3797 600 3861; x_wconf 88' lang='lat' dir='ltr'><strong>venire,</strong></span> <span class='ocrx_word' id='word_1_508' title='bbox 623 3793 892 3850; x_wconf 92' lang='lat' dir='ltr'><strong>cubiculo</strong></span> <span class='ocrx_word' id='word_1_509' title='bbox 910 3810 1041 3849; x_wconf 92' lang='lat' dir='ltr'><strong>vero</strong></span> <span class='ocrx_word' id='word_1_510' title='bbox 1063 3794 1358 3863; x_wconf 67' lang='lat' dir='ltr'><strong>praefectos</strong></span> <span class='ocrx_word' id='word_1_511' title='bbox 1380 3792 1539 3865; x_wconf 86' lang='lat' dir='ltr'><strong>sagis</strong></span> <span class='ocrx_word' id='word_1_512' title='bbox 1562 3791 1751 3848; x_wconf 88' lang='lat' dir='ltr'><strong>rubris</strong></span> <span class='ocrx_word' id='word_1_513' title='bbox 1774 3792 2027 3849; x_wconf 91' lang='lat' dir='ltr'><strong>indutos.</strong></span> 
     </span>
    </p>
   </div>
   <div class='ocr_carea' id='block_1_72' title="bbox 382 3881 2031 3956">
    <p class='ocr_par' dir='ltr' id='par_1_72' title="bbox 382 3881 2031 3956">
     <span class='ocr_line' id='line_1_72' title="bbox 382 3881 2031 3956; baseline -0.002 -15"><span class='ocrx_word' id='word_1_514' title='bbox 382 3884 675 3956; x_wconf 89' lang='lat' dir='ltr'><strong>duplicem</strong></span> <span class='ocrx_word' id='word_1_515' title='bbox 710 3884 1161 3956; x_wconf 89' lang='lat' dir='ltr'><strong>parastasimum</strong></span> <span class='ocrx_word' id='word_1_516' title='bbox 1209 3899 1275 3938; x_wconf 90' lang='lat' dir='ltr'>eo</span> <span class='ocrx_word' id='word_1_517' title='bbox 1309 3882 1405 3938; x_wconf 88' lang='lat' dir='ltr'>die</span> <span class='ocrx_word' id='word_1_518' title='bbox 1438 3884 1644 3950; x_wconf 81' lang='lat' dir='ltr'><strong>facere,</strong></span> <span class='ocrx_word' id='word_1_519' title='bbox 1677 3897 1778 3938; x_wconf 90' lang='lat' dir='ltr'>seu</span> <span class='ocrx_word' id='word_1_520' title='bbox 1810 3881 1901 3937; x_wconf 92' lang='lat' dir='ltr'>bis</span> <span class='ocrx_word' id='word_1_521' title='bbox 1928 3898 2031 3937; x_wconf 85' lang='lat' dir='ltr'><strong>so-</strong></span> 
     </span>
    </p>
   </div>
   <div class='ocr_carea' id='block_1_73' title="bbox 384 3972 2030 4045">
    <p class='ocr_par' dir='ltr' id='par_1_73' title="bbox 384 3972 2030 4045">
     <span class='ocr_line' id='line_1_73' title="bbox 384 3972 2030 4045; baseline -0.001 -16"><span class='ocrx_word' id='word_1_522' title='bbox 384 3972 565 4030; x_wconf 88' lang='lat' dir='ltr'><strong>lemni</strong></span> <span class='ocrx_word' id='word_1_523' title='bbox 601 3974 713 4030; x_wconf 90' lang='lat' dir='ltr'><strong>ritu</strong></span> <span class='ocrx_word' id='word_1_524' title='bbox 745 3973 1077 4045; x_wconf 90' lang='lat' dir='ltr'><strong>imperatori</strong></span> <span class='ocrx_word' id='word_1_525' title='bbox 1096 3982 1306 4029; x_wconf 88' lang='lat' dir='ltr'><strong>astare.</strong></span> <span class='ocrx_word' id='word_1_526' title='bbox 1342 3972 1638 4040; x_wconf 68' lang='lat' dir='ltr'><strong>Preterea,</strong></span> <span class='ocrx_word' id='word_1_527' title='bbox 1662 3972 1709 4027; x_wconf 90' lang='lat' dir='ltr'>si</span> <span class='ocrx_word' id='word_1_528' title='bbox 1728 3988 1826 4028; x_wconf 87' lang='lat' dir='ltr'>aer</span> <span class='ocrx_word' id='word_1_529' title='bbox 1853 3988 1918 4028; x_wconf 93' lang='lat' dir='ltr'>eo</span> <span class='ocrx_word' id='word_1_530' title='bbox 1937 3972 2030 4028; x_wconf 91' lang='lat' dir='ltr'>die</span> 
     </span>
    </p>
   </div>
   <div class='ocr_carea' id='block_1_74' title="bbox 382 4061 2028 4135">
    <p class='ocr_par' dir='ltr' id='par_1_74' title="bbox 382 4061 2028 4135">
     <span class='ocr_line' id='line_1_74' title="bbox 382 4061 2028 4135; baseline -0.002 -16"><span class='ocrx_word' id='word_1_531' title='bbox 382 4063 654 4119; x_wconf 89' lang='lat' dir='ltr'><strong>turbidus</strong></span> <span class='ocrx_word' id='word_1_532' title='bbox 698 4068 806 4132; x_wconf 89' lang='lat' dir='ltr'><strong>est,</strong></span> <span class='ocrx_word' id='word_1_533' title='bbox 838 4080 940 4135; x_wconf 88' lang='lat' dir='ltr'>per</span> <span class='ocrx_word' id='word_1_534' title='bbox 961 4063 1246 4133; x_wconf 87' lang='lat' dir='ltr'><strong>porticum</strong></span> <span class='ocrx_word' id='word_1_535' title='bbox 1272 4064 1341 4117; x_wconf 90' lang='lat' dir='ltr'>ad</span> <span class='ocrx_word' id='word_1_536' title='bbox 1359 4068 1623 4117; x_wconf 86' lang='lat' dir='ltr'><strong>senatum</strong></span> <span class='ocrx_word' id='word_1_537' title='bbox 1646 4062 1775 4133; x_wconf 87' lang='lat' dir='ltr'><strong>(hoc</strong></span> <span class='ocrx_word' id='word_1_538' title='bbox 1796 4061 2028 4117; x_wconf 67' lang='lat' dir='ltr'><strong>aedificii</strong></span> 
     </span>
    </p>
   </div>
   <div class='ocr_carea' id='block_1_75' title="bbox 386 4152 2027 4225">
    <p class='ocr_par' dir='ltr' id='par_1_75' title="bbox 386 4152 2027 4225">
     <span class='ocr_line' id='line_1_75' title="bbox 386 4152 2027 4225; baseline -0.002 -14"><span class='ocrx_word' id='word_1_539' title='bbox 386 4171 599 4211; x_wconf 91' lang='lat' dir='ltr'><strong>nomen</strong></span> <span class='ocrx_word' id='word_1_540' title='bbox 630 4156 741 4225; x_wconf 91' lang='lat' dir='ltr'><strong>est)</strong></span> <span class='ocrx_word' id='word_1_541' title='bbox 773 4154 831 4209; x_wconf 94' lang='lat' dir='ltr'>in</span> <span class='ocrx_word' id='word_1_542' title='bbox 867 4154 989 4209; x_wconf 85' lang='lat' dir='ltr'><strong>foro</strong></span> <span class='ocrx_word' id='word_1_543' title='bbox 1020 4153 1257 4221; x_wconf 87' lang='lat' dir='ltr'><strong>abeunt,</strong></span> <span class='ocrx_word' id='word_1_544' title='bbox 1307 4156 1365 4207; x_wconf 90' lang='lat' dir='ltr'>et</span> <span class='ocrx_word' id='word_1_545' title='bbox 1392 4152 1805 4207; x_wconf 85' lang='lat' dir='ltr'><strong>antimensium</strong></span> <span class='ocrx_word' id='word_1_546' title='bbox 1845 4152 1902 4205; x_wconf 92' lang='lat' dir='ltr'>in</span> <span class='ocrx_word' id='word_1_547' title='bbox 1936 4167 2027 4207; x_wconf 86' lang='lat' dir='ltr'>se-</span> 
     </span>
    </p>
   </div>
   <div class='ocr_carea' id='block_1_76' title="bbox 387 4240 2028 4314">
    <p class='ocr_par' dir='ltr' id='par_1_76' title="bbox 387 4240 2028 4314">
     <span class='ocr_line' id='line_1_76' title="bbox 387 4240 2028 4314; baseline -0.002 -17"><span class='ocrx_word' id='word_1_548' title='bbox 387 4252 522 4299; x_wconf 91' lang='lat' dir='ltr'><strong>natu</strong></span> <span class='ocrx_word' id='word_1_549' title='bbox 559 4248 805 4314; x_wconf 89' lang='lat' dir='ltr'><strong>ponunt,</strong></span> <span class='ocrx_word' id='word_1_550' title='bbox 841 4250 1047 4297; x_wconf 64' lang='lat' dir='ltr'><strong>catera</strong></span> <span class='ocrx_word' id='word_1_551' title='bbox 1082 4240 1301 4305; x_wconf 91' lang='lat' dir='ltr'><strong>omnia,</strong></span> <span class='ocrx_word' id='word_1_552' title='bbox 1354 4256 1481 4310; x_wconf 75' lang='lat' dir='ltr'><strong>quis</strong></span> <span class='ocrx_word' id='word_1_553' title='bbox 1514 4240 1793 4295; x_wconf 88' lang='lat' dir='ltr'><strong>hactenus</strong></span> <span class='ocrx_word' id='word_1_554' title='bbox 1824 4240 2028 4295; x_wconf 86' lang='lat' dir='ltr'><strong>ordine</strong></span> 
     </span>
    </p>
   </div>
   <div class='ocr_carea' id='block_1_77' title="bbox 385 4328 2029 4402">
    <p class='ocr_par' dir='ltr' id='par_1_77' title="bbox 385 4328 2029 4402">
     <span class='ocr_line' id='line_1_77' title="bbox 385 4328 2029 4402; baseline -0.002 -15"><span class='ocrx_word' id='word_1_555' title='bbox 385 4334 787 4402; x_wconf 80' lang='lat' dir='ltr'><strong>exposuimus,</strong></span> <span class='ocrx_word' id='word_1_556' title='bbox 821 4331 1229 4396; x_wconf 90' lang='lat' dir='ltr'><strong>observantur,</strong></span> <span class='ocrx_word' id='word_1_557' title='bbox 1260 4335 1318 4383; x_wconf 89' lang='lat' dir='ltr'>et</span> <span class='ocrx_word' id='word_1_558' title='bbox 1348 4328 1661 4397; x_wconf 83' lang='lat' dir='ltr'><strong>imperator</strong></span> <span class='ocrx_word' id='word_1_559' title='bbox 1692 4346 1896 4385; x_wconf 88' lang='lat' dir='ltr'><strong>rursus</strong></span> <span class='ocrx_word' id='word_1_560' title='bbox 1930 4345 2029 4399; x_wconf 87' lang='lat' dir='ltr'>per</span> 
     </span>
    </p>
   </div>
   <div class='ocr_carea' id='block_1_78' title="bbox 385 4418 2027 4491">
    <p class='ocr_par' dir='ltr' id='par_1_78' title="bbox 385 4418 2027 4491">
     <span class='ocr_line' id='line_1_78' title="bbox 385 4418 2027 4491; baseline -0.002 -15"><span class='ocrx_word' id='word_1_561' title='bbox 385 4423 648 4476; x_wconf 87' lang='lat' dir='ltr'><strong>eamdem</strong></span> <span class='ocrx_word' id='word_1_562' title='bbox 674 4424 951 4491; x_wconf 82' lang='lat' dir='ltr'><strong>porticum</strong></span> <span class='ocrx_word' id='word_1_563' title='bbox 971 4436 1185 4491; x_wconf 89' lang='lat' dir='ltr'><strong>perque</strong></span> <span class='ocrx_word' id='word_1_564' title='bbox 1211 4418 1437 4473; x_wconf 82' lang='lat' dir='ltr'><strong>lausum</strong></span> <span class='ocrx_word' id='word_1_565' title='bbox 1460 4418 1780 4486; x_wconf 80' lang='lat' dir='ltr'><strong>descendit,</strong></span> <span class='ocrx_word' id='word_1_566' title='bbox 1802 4426 1859 4472; x_wconf 86' lang='lat' dir='ltr'>et</span> <span class='ocrx_word' id='word_1_567' title='bbox 1880 4418 2027 4472; x_wconf 89' lang='lat' dir='ltr'><strong>sini-</strong></span> 
     </span>
    </p>
   </div>
   <div class='ocr_carea' id='block_1_79' title="bbox 382 4506 2024 4576">
    <p class='ocr_par' dir='ltr' id='par_1_79' title="bbox 382 4506 2024 4576">
     <span class='ocr_line' id='line_1_79' title="bbox 382 4506 2024 4576; baseline -0.002 -11"><span class='ocrx_word' id='word_1_568' title='bbox 382 4515 664 4566; x_wconf 89' lang='lat' dir='ltr'><strong>strorsum</strong></span> <span class='ocrx_word' id='word_1_569' title='bbox 684 4508 996 4573; x_wconf 89' lang='lat' dir='ltr'><strong>inclinans,</strong></span> <span class='ocrx_word' id='word_1_570' title='bbox 1019 4509 1087 4563; x_wconf 92' lang='lat' dir='ltr'>ad</span> <span class='ocrx_word' id='word_1_571' title='bbox 1110 4506 1508 4576; x_wconf 88' lang='lat' dir='ltr'><strong>Cbalcopratia</strong></span> <span class='ocrx_word' id='word_1_572' title='bbox 1522 4508 1663 4561; x_wconf 88' lang='lat' dir='ltr'><strong>abit.</strong></span> <span class='ocrx_word' id='word_1_573' title='bbox 1690 4506 2024 4574; x_wconf 85' lang='lat' dir='ltr'><strong>Sciendum,</strong></span> 
     </span>
    </p>
   </div>
   <div class='ocr_carea' id='block_1_80' title="bbox 378 4596 2027 4667">
    <p class='ocr_par' dir='ltr' id='par_1_80' title="bbox 378 4596 2027 4667">
     <span class='ocr_line' id='line_1_80' title="bbox 378 4596 2027 4667; baseline -0.003 -14"><span class='ocrx_word' id='word_1_574' title='bbox 378 4598 502 4654; x_wconf 68' lang='lat' dir='ltr'><strong>haec</strong></span> <span class='ocrx_word' id='word_1_575' title='bbox 534 4599 733 4653; x_wconf 92' lang='lat' dir='ltr'><strong>omnia</strong></span> <span class='ocrx_word' id='word_1_576' title='bbox 761 4597 1078 4661; x_wconf 82' lang='lat' dir='ltr'><strong>observari,</strong></span> <span class='ocrx_word' id='word_1_577' title='bbox 1111 4601 1491 4667; x_wconf 68' lang='lat' dir='ltr'><strong>praeterquam</strong></span> <span class='ocrx_word' id='word_1_578' title='bbox 1526 4596 1679 4666; x_wconf 92' lang='lat' dir='ltr'><strong>quod</strong></span> <span class='ocrx_word' id='word_1_579' title='bbox 1714 4596 2027 4665; x_wconf 67' lang='lat' dir='ltr'><strong>imperator</strong></span> 
     </span>
    </p>
   </div>
   <div class='ocr_carea' id='block_1_81' title="bbox 2144 3344 3788 3423">
    <p class='ocr_par' dir='ltr' id='par_1_81' title="bbox 2144 3344 3788 3423">
     <span class='ocr_line' id='line_1_81' title="bbox 2144 3344 3788 3423; baseline 0.004 -24"><span class='ocrx_word' id='word_1_580' title='bbox 2144 3350 2224 3417; x_wconf 80' lang='grc' dir='ltr'>τῷ</span> <span class='ocrx_word' id='word_1_581' title='bbox 2284 3346 2649 3420; x_wconf 69' lang='grc' dir='ltr'>πραιποσίτῳ,</span> <span class='ocrx_word' id='word_1_582' title='bbox 2683 3344 2957 3423; x_wconf 77' lang='grc' dir='ltr'>διέρχεται</span> <span class='ocrx_word' id='word_1_583' title='bbox 3017 3346 3105 3401; x_wconf 83' lang='grc' dir='ltr'>διὰ</span> <span class='ocrx_word' id='word_1_584' title='bbox 3152 3353 3260 3402; x_wconf 89' lang='grc' dir='ltr'>τῶν</span> <span class='ocrx_word' id='word_1_585' title='bbox 3314 3344 3641 3405; x_wconf 78' lang='grc' dir='ltr'>διαϐατικῶν</span> <span class='ocrx_word' id='word_1_586' title='bbox 3690 3356 3788 3407; x_wconf 85' lang='grc' dir='ltr'>τοῦ</span> 
     </span>
    </p>
   </div>
   <div class='ocr_carea' id='block_1_82' title="bbox 2140 3433 3786 3513">
    <p class='ocr_par' dir='ltr' id='par_1_82' title="bbox 2140 3433 3786 3513">
     <span class='ocr_line' id='line_1_82' title="bbox 2140 3433 3786 3513; baseline 0.003 -24"><span class='ocrx_word' id='word_1_587' title='bbox 2140 3433 2371 3503; x_wconf 80' lang='grc' dir='ltr'>Κυρίου,</span> <span class='ocrx_word' id='word_1_588' title='bbox 2405 3435 2496 3489; x_wconf 79' lang='grc' dir='ltr'>καὶ</span> <span class='ocrx_word' id='word_1_589' title='bbox 2524 3435 2827 3510; x_wconf 83' lang='grc' dir='ltr'>εἰσέρχεται</span> <span class='ocrx_word' id='word_1_590' title='bbox 2860 3434 2911 3490; x_wconf 82' lang='grc' dir='ltr'>ἐν</span> <span class='ocrx_word' id='word_1_591' title='bbox 2958 3442 3038 3509; x_wconf 77' lang='grc' dir='ltr'>τῷ</span> <span class='ocrx_word' id='word_1_592' title='bbox 3093 3434 3402 3513; x_wconf 87' lang='grc' dir='ltr'>τρικόγχῳ.</span> <span class='ocrx_word' id='word_1_593' title='bbox 3454 3440 3574 3496; x_wconf 74' lang='grc' dir='ltr'>Εἴθ’</span> <span class='ocrx_word' id='word_1_594' title='bbox 3616 3440 3786 3502; x_wconf 65' lang='grc' dir='ltr'>οὕτως</span> 
     </span>
    </p>
   </div>
   <div class='ocr_carea' id='block_1_83' title="bbox 2143 3521 3789 3603">
    <p class='ocr_par' dir='ltr' id='par_1_83' title="bbox 2143 3521 3789 3603">
     <span class='ocr_line' id='line_1_83' title="bbox 2143 3521 3789 3603; baseline 0.002 -24"><span class='ocrx_word' id='word_1_595' title='bbox 2143 3521 2420 3599; x_wconf 80' lang='grc' dir='ltr'>διέρχεται</span> <span class='ocrx_word' id='word_1_596' title='bbox 2476 3524 2542 3580; x_wconf 75' lang='grc' dir='ltr'>τὰ</span> <span class='ocrx_word' id='word_1_597' title='bbox 2600 3521 2890 3580; x_wconf 73' lang='grc' dir='ltr'>διαϐατικα</span> <span class='ocrx_word' id='word_1_598' title='bbox 2963 3530 3071 3580; x_wconf 87' lang='grc' dir='ltr'>τῶν</span> <span class='ocrx_word' id='word_1_599' title='bbox 3117 3526 3284 3599; x_wconf 78' lang='grc' dir='ltr'>ἁγίων</span> <span class='ocrx_word' id='word_1_600' title='bbox 3338 3529 3411 3599; x_wconf 84' lang='grc' dir='ltr'>μ’,</span> <span class='ocrx_word' id='word_1_601' title='bbox 3481 3529 3567 3583; x_wconf 79' lang='grc' dir='ltr'>καὶ</span> <span class='ocrx_word' id='word_1_602' title='bbox 3622 3529 3789 3603; x_wconf 81' lang='grc' dir='ltr'>εἰσέρ-</span> 
     </span>
    </p>
   </div>
   <div class='ocr_carea' id='block_1_84' title="bbox 2138 3614 3785 3692">
    <p class='ocr_par' dir='ltr' id='par_1_84' title="bbox 2138 3614 3785 3692">
     <span class='ocr_line' id='line_1_84' title="bbox 2138 3614 3785 3692; baseline 0.003 -23"><span class='ocrx_word' id='word_1_603' title='bbox 2138 3633 2295 3689; x_wconf 82' lang='grc' dir='ltr'>χεται</span> <span class='ocrx_word' id='word_1_604' title='bbox 2326 3614 2402 3677; x_wconf 88' lang='grc' dir='ltr'>είς</span> <span class='ocrx_word' id='word_1_605' title='bbox 2431 3615 2523 3670; x_wconf 87' lang='grc' dir='ltr'>τὸν</span> <span class='ocrx_word' id='word_1_606' title='bbox 2568 3614 3024 3689; x_wconf 86' lang='grc' dir='ltr'>χρυσοτρίκλινον</span> <span class='ocrx_word' id='word_1_607' title='bbox 3056 3618 3120 3686; x_wconf 63' lang='grc'>⁸³,</span> <span class='ocrx_word' id='word_1_608' title='bbox 3156 3618 3206 3671; x_wconf 76' lang='grc' dir='ltr'>οἱ</span> <span class='ocrx_word' id='word_1_609' title='bbox 3265 3615 3321 3673; x_wconf 73' lang='grc' dir='ltr'>δὲ</span> <span class='ocrx_word' id='word_1_610' title='bbox 3362 3618 3637 3692; x_wconf 85' lang='grc' dir='ltr'>πατρίκιοι</span> <span class='ocrx_word' id='word_1_611' title='bbox 3695 3620 3785 3674; x_wconf 84' lang='grc' dir='ltr'>καὶ</span> 
     </span>
    </p>
   </div>
   <div class='ocr_carea' id='block_1_85' title="bbox 2137 3700 3784 3779">
    <p class='ocr_par' dir='ltr' id='par_1_85' title="bbox 2137 3700 3784 3779">
     <span class='ocr_line' id='line_1_85' title="bbox 2137 3700 3784 3779; baseline 0.002 -22"><span class='ocrx_word' id='word_1_612' title='bbox 2137 3705 2189 3757; x_wconf 76' lang='grc' dir='ltr'>οἱ</span> <span class='ocrx_word' id='word_1_613' title='bbox 2227 3702 2416 3759; x_wconf 83' lang='grc' dir='ltr'>λοιποὶ</span> <span class='ocrx_word' id='word_1_614' title='bbox 2468 3702 2807 3779; x_wconf 78' lang='grc' dir='ltr'>εἰσέρχονται</span> <span class='ocrx_word' id='word_1_615' title='bbox 2869 3700 2957 3758; x_wconf 85' lang='grc' dir='ltr'>διὰ</span> <span class='ocrx_word' id='word_1_616' title='bbox 3014 3709 3111 3760; x_wconf 92' lang='grc' dir='ltr'>τοῦ</span> <span class='ocrx_word' id='word_1_617' title='bbox 3177 3702 3334 3769; x_wconf 80' lang='grc' dir='ltr'>ὄντος</span> <span class='ocrx_word' id='word_1_618' title='bbox 3390 3706 3464 3769; x_wconf 79' lang='grc' dir='ltr'>είς</span> <span class='ocrx_word' id='word_1_619' title='bbox 3508 3708 3572 3762; x_wconf 87' lang='grc' dir='ltr'>τὸ</span> <span class='ocrx_word' id='word_1_620' title='bbox 3613 3704 3784 3763; x_wconf 78' lang='grc' dir='ltr'>ίδιιιὸν</span> 
     </span>
    </p>
   </div>
   <div class='ocr_carea' id='block_1_86' title="bbox 2140 3791 3787 3873">
    <p class='ocr_par' dir='ltr' id='par_1_86' title="bbox 2140 3791 3787 3873">
     <span class='ocr_line' id='line_1_86' title="bbox 2140 3791 3787 3873; baseline 0.003 -26"><span class='ocrx_word' id='word_1_621' title='bbox 2140 3792 2445 3865; x_wconf 83' lang='grc' dir='ltr'>μονοθύρου</span> <span class='ocrx_word' id='word_1_622' title='bbox 2510 3791 2564 3848; x_wconf 86' lang='grc' dir='ltr'>ἐν</span> <span class='ocrx_word' id='word_1_623' title='bbox 2602 3798 2681 3866; x_wconf 81' lang='grc' dir='ltr'>τῷ</span> <span class='ocrx_word' id='word_1_624' title='bbox 2732 3793 3028 3865; x_wconf 83' lang='grc' dir='ltr'>λαυσιακῷ.</span> <span class='ocrx_word' id='word_1_625' title='bbox 3073 3794 3176 3852; x_wconf 82' lang='grc' dir='ltr'>Καὶ</span> <span class='ocrx_word' id='word_1_626' title='bbox 3251 3800 3350 3850; x_wconf 83' lang='grc' dir='ltr'>τοῦ</span> <span class='ocrx_word' id='word_1_627' title='bbox 3392 3802 3584 3870; x_wconf 83' lang='grc' dir='ltr'>καιροῦ</span> <span class='ocrx_word' id='word_1_628' title='bbox 3647 3797 3787 3873; x_wconf 70' lang='grc' dir='ltr'>ἐγγίο</span> 
     </span>
    </p>
   </div>
   <div class='ocr_carea' id='block_1_87' title="bbox 2138 3881 3788 3957">
    <p class='ocr_par' dir='ltr' id='par_1_87' title="bbox 2138 3881 3788 3957">
     <span class='ocr_line' id='line_1_87' title="bbox 2138 3881 3788 3957; baseline 0.004 -22"><span class='ocrx_word' id='word_1_629' title='bbox 2138 3902 2346 3953; x_wconf 82' lang='grc' dir='ltr'>σαντος,</span> <span class='ocrx_word' id='word_1_630' title='bbox 2380 3882 2653 3957; x_wconf 80' lang='grc' dir='ltr'>ἐξέρχεται</span> <span class='ocrx_word' id='word_1_631' title='bbox 2704 3883 2733 3936; x_wconf 94' lang='lat'>6</span> <span class='ocrx_word' id='word_1_632' title='bbox 2776 3881 3032 3957; x_wconf 80' lang='grc' dir='ltr'>βασιλεὺς</span> <span class='ocrx_word' id='word_1_633' title='bbox 3074 3883 3166 3937; x_wconf 82' lang='grc' dir='ltr'>καὶ</span> <span class='ocrx_word' id='word_1_634' title='bbox 3218 3884 3496 3955; x_wconf 74' lang='grc' dir='ltr'>καθέζεται</span> <span class='ocrx_word' id='word_1_635' title='bbox 3553 3884 3639 3941; x_wconf 80' lang='grc' dir='ltr'>ἐπὶ</span> <span class='ocrx_word' id='word_1_636' title='bbox 3687 3890 3788 3951; x_wconf 84' lang='grc' dir='ltr'>τῆς</span> 
     </span>
    </p>
   </div>
   <div class='ocr_carea' id='block_1_88' title="bbox 2134 3970 3782 4049">
    <p class='ocr_par' dir='ltr' id='par_1_88' title="bbox 2134 3970 3782 4049">
     <span class='ocr_line' id='line_1_88' title="bbox 2134 3970 3782 4049; baseline 0.003 -24"><span class='ocrx_word' id='word_1_637' title='bbox 2134 3970 2319 4043; x_wconf 88' lang='grc' dir='ltr'>τιμίας</span> <span class='ocrx_word' id='word_1_638' title='bbox 2376 3970 2543 4027; x_wconf 83' lang='grc' dir='ltr'>αὐτοῦ</span> <span class='ocrx_word' id='word_1_639' title='bbox 2580 3971 2851 4043; x_wconf 83' lang='grc' dir='ltr'>τραπέζης</span> <span class='ocrx_word' id='word_1_640' title='bbox 2911 3972 3046 4045; x_wconf 82' lang='grc' dir='ltr'>μετᾶ</span> <span class='ocrx_word' id='word_1_641' title='bbox 3109 3976 3216 4028; x_wconf 87' lang='grc' dir='ltr'>τῶν</span> <span class='ocrx_word' id='word_1_642' title='bbox 3304 3971 3607 4049; x_wconf 76' lang='grc' dir='ltr'>ἀρχόντων,</span> <span class='ocrx_word' id='word_1_643' title='bbox 3689 3975 3782 4037; x_wconf 89' lang='grc' dir='ltr'>οὑς</span> 
     </span>
    </p>
   </div>
   <div class='ocr_carea' id='block_1_89' title="bbox 2137 4058 3786 4135">
    <p class='ocr_par' dir='ltr' id='par_1_89' title="bbox 2137 4058 3786 4135">
     <span class='ocr_line' id='line_1_89' title="bbox 2137 4058 3786 4135; baseline 0.002 -21"><span class='ocrx_word' id='word_1_644' title='bbox 2137 4058 2384 4115; x_wconf 78' lang='grc' dir='ltr'>ἐκέλευσε</span> <span class='ocrx_word' id='word_1_645' title='bbox 2403 4065 2472 4133; x_wconf 80' lang='grc' dir='ltr'>τῇ</span> <span class='ocrx_word' id='word_1_646' title='bbox 2504 4059 2641 4133; x_wconf 67' lang='grc' dir='ltr'>αὐτῇ</span> <span class='ocrx_word' id='word_1_647' title='bbox 2686 4062 2871 4135; x_wconf 81' lang='grc' dir='ltr'>ἡμέρᾳ</span> <span class='ocrx_word' id='word_1_648' title='bbox 2922 4058 3167 4118; x_wconf 84' lang='grc' dir='ltr'>καλέσαι.</span> <span class='ocrx_word' id='word_1_649' title='bbox 3221 4063 3412 4119; x_wconf 77' lang='grc' dir='ltr'>’ἰστέον</span> <span class='ocrx_word' id='word_1_650' title='bbox 3465 4061 3541 4131; x_wconf 73' lang='grc' dir='ltr'>δὲ,</span> <span class='ocrx_word' id='word_1_651' title='bbox 3600 4065 3684 4118; x_wconf 81' lang='grc' dir='ltr'>ὅτι</span> <span class='ocrx_word' id='word_1_652' title='bbox 3732 4065 3786 4119; x_wconf 77' lang='grc' dir='ltr'>οἱ</span> 
     </span>
    </p>
   </div>
   <div class='ocr_carea' id='block_1_90' title="bbox 2138 4148 3782 4229">
    <p class='ocr_par' dir='ltr' id='par_1_90' title="bbox 2138 4148 3782 4229">
     <span class='ocr_line' id='line_1_90' title="bbox 2138 4148 3782 4229; baseline 0.002 -25"><span class='ocrx_word' id='word_1_653' title='bbox 2138 4151 2231 4221; x_wconf 76' lang='grc' dir='ltr'>μὲν</span> <span class='ocrx_word' id='word_1_654' title='bbox 2254 4150 2533 4224; x_wconf 86' lang='grc' dir='ltr'>πατρίκιοι</span> <span class='ocrx_word' id='word_1_655' title='bbox 2558 4152 2649 4204; x_wconf 85' lang='grc' dir='ltr'>καὶ</span> <span class='ocrx_word' id='word_1_656' title='bbox 2707 4150 2758 4204; x_wconf 83' lang='grc' dir='ltr'>οί</span> <span class='ocrx_word' id='word_1_657' title='bbox 2805 4148 3100 4219; x_wconf 75' lang='grc' dir='ltr'>κληθέντες</span> <span class='ocrx_word' id='word_1_658' title='bbox 3161 4153 3387 4216; x_wconf 79' lang='grc' dir='ltr'>ἅπαντες</span> <span class='ocrx_word' id='word_1_659' title='bbox 3433 4152 3782 4229; x_wconf 74' lang='grc' dir='ltr'>ἡλλαγμένοι</span> 
     </span>
    </p>
   </div>
   <div class='ocr_carea' id='block_1_91' title="bbox 2134 4238 3785 4318">
    <p class='ocr_par' dir='ltr' id='par_1_91' title="bbox 2134 4238 3785 4318">
     <span class='ocr_line' id='line_1_91' title="bbox 2134 4238 3785 4318; baseline 0.003 -25"><span class='ocrx_word' id='word_1_660' title='bbox 2134 4238 2476 4318; x_wconf 81' lang='grc' dir='ltr'>εἰσέρχονται</span> <span class='ocrx_word' id='word_1_661' title='bbox 2508 4239 2583 4301; x_wconf 81' lang='grc' dir='ltr'>είς</span> <span class='ocrx_word' id='word_1_662' title='bbox 2614 4239 2676 4293; x_wconf 89' lang='grc' dir='ltr'>τὸ</span> <span class='ocrx_word' id='word_1_663' title='bbox 2723 4238 3036 4312; x_wconf 80' lang='grc' dir='ltr'>κλητώριον</span> <span class='ocrx_word' id='word_1_664' title='bbox 3082 4238 3205 4293; x_wconf 76' lang='grc' dir='ltr'>ἄνευ</span> <span class='ocrx_word' id='word_1_665' title='bbox 3264 4239 3584 4315; x_wconf 73' lang='grc' dir='ltr'>χλανιδίων,</span> <span class='ocrx_word' id='word_1_666' title='bbox 3618 4242 3674 4297; x_wconf 68' lang='grc' dir='ltr'>οἲ</span> <span class='ocrx_word' id='word_1_667' title='bbox 3728 4241 3785 4298; x_wconf 68' lang='grc' dir='ltr'>δὲ</span> 
     </span>
    </p>
   </div>
   <div class='ocr_carea' id='block_1_92' title="bbox 2130 4324 3787 4403">
    <p class='ocr_par' dir='ltr' id='par_1_92' title="bbox 2130 4324 3787 4403">
     <span class='ocr_line' id='line_1_92' title="bbox 2130 4324 3787 4403; baseline 0.001 -20"><span class='ocrx_word' id='word_1_668' title='bbox 2130 4332 2227 4383; x_wconf 88' lang='grc' dir='ltr'>τοῦ</span> <span class='ocrx_word' id='word_1_669' title='bbox 2266 4324 2660 4382; x_wconf 79' lang='grc' dir='ltr'>κουϐουκλείου</span> <span class='ocrx_word' id='word_1_670' title='bbox 2718 4326 3005 4401; x_wconf 76' lang='grc' dir='ltr'>ἄρχοντες,</span> <span class='ocrx_word' id='word_1_671' title='bbox 3057 4332 3349 4403; x_wconf 77' lang='grc' dir='ltr'>φοροῦντες</span> <span class='ocrx_word' id='word_1_672' title='bbox 3406 4327 3638 4397; x_wconf 80' lang='grc' dir='ltr'>ἀληθινᾶ</span> <span class='ocrx_word' id='word_1_673' title='bbox 3696 4352 3787 4385; x_wconf 84' lang='grc' dir='ltr'>σα-</span> 
     </span>
    </p>
   </div>
   <div class='ocr_carea' id='block_1_93' title="bbox 2129 4413 3782 4492">
    <p class='ocr_par' dir='ltr' id='par_1_93' title="bbox 2129 4413 3782 4492">
     <span class='ocr_line' id='line_1_93' title="bbox 2129 4413 3782 4492; baseline 0.001 -21"><span class='ocrx_word' id='word_1_674' title='bbox 2129 4417 2241 4491; x_wconf 85' lang='grc' dir='ltr'>γία,</span> <span class='ocrx_word' id='word_1_675' title='bbox 2272 4420 2340 4489; x_wconf 78' lang='grc' dir='ltr'>τῇ</span> <span class='ocrx_word' id='word_1_676' title='bbox 2372 4415 2507 4487; x_wconf 79' lang='grc' dir='ltr'>αὐτῇ</span> <span class='ocrx_word' id='word_1_677' title='bbox 2567 4415 2750 4490; x_wconf 85' lang='grc' dir='ltr'>ἡμέρᾳ</span> <span class='ocrx_word' id='word_1_678' title='bbox 2805 4415 3023 4470; x_wconf 87' lang='grc' dir='ltr'>τελοῦσι</span> <span class='ocrx_word' id='word_1_679' title='bbox 3083 4413 3310 4470; x_wconf 87' lang='grc' dir='ltr'>διπλοῦν</span> <span class='ocrx_word' id='word_1_680' title='bbox 3345 4417 3782 4492; x_wconf 85' lang='grc' dir='ltr'>παραστάσιμον.</span> 
     </span>
    </p>
   </div>
   <div class='ocr_carea' id='block_1_94' title="bbox 2132 4502 3781 4582">
    <p class='ocr_par' dir='ltr' id='par_1_94' title="bbox 2132 4502 3781 4582">
     <span class='ocr_line' id='line_1_94' title="bbox 2132 4502 3781 4582; baseline 0.001 -19"><span class='ocrx_word' id='word_1_681' title='bbox 2132 4507 2251 4579; x_wconf 87' lang='grc' dir='ltr'>Χρὴ</span> <span class='ocrx_word' id='word_1_682' title='bbox 2287 4503 2343 4560; x_wconf 78' lang='grc' dir='ltr'>δὲ</span> <span class='ocrx_word' id='word_1_683' title='bbox 2375 4502 2595 4569; x_wconf 80' lang='grc' dir='ltr'>εἰδέναι,</span> <span class='ocrx_word' id='word_1_684' title='bbox 2623 4503 2730 4569; x_wconf 77' lang='grc' dir='ltr'>ὅτι,</span> <span class='ocrx_word' id='word_1_685' title='bbox 2769 4503 2815 4558; x_wconf 87' lang='grc' dir='ltr'>εί</span> <span class='ocrx_word' id='word_1_686' title='bbox 2849 4505 2945 4576; x_wconf 81' lang='grc' dir='ltr'>μὶν</span> <span class='ocrx_word' id='word_1_687' title='bbox 2987 4503 3135 4580; x_wconf 76' lang='grc' dir='ltr'>τύχῃ</span> <span class='ocrx_word' id='word_1_688' title='bbox 3164 4509 3233 4577; x_wconf 78' lang='grc' dir='ltr'>τῇ</span> <span class='ocrx_word' id='word_1_689' title='bbox 3266 4506 3405 4581; x_wconf 81' lang='grc' dir='ltr'>αὐτῇ</span> <span class='ocrx_word' id='word_1_690' title='bbox 3442 4507 3625 4582; x_wconf 78' lang='grc' dir='ltr'>ἡμέρᾳ</span> <span class='ocrx_word' id='word_1_691' title='bbox 3651 4508 3781 4580; x_wconf 80' lang='grc' dir='ltr'>ἀὴρ,</span> 
     </span>
    </p>
   </div>
   <div class='ocr_carea' id='block_1_95' title="bbox 2133 4588 3781 4670">
    <p class='ocr_par' dir='ltr' id='par_1_95' title="bbox 2133 4588 3781 4670">
     <span class='ocr_line' id='line_1_95' title="bbox 2133 4588 3781 4670; baseline 0.003 -21"><span class='ocrx_word' id='word_1_692' title='bbox 2133 4591 2437 4649; x_wconf 80' lang='grc' dir='ltr'>διοδεύουσι</span> <span class='ocrx_word' id='word_1_693' title='bbox 2464 4590 2551 4648; x_wconf 83' lang='grc' dir='ltr'>διὰ</span> <span class='ocrx_word' id='word_1_694' title='bbox 2574 4596 2669 4649; x_wconf 86' lang='grc' dir='ltr'>τοῦ</span> <span class='ocrx_word' id='word_1_695' title='bbox 2698 4588 2967 4665; x_wconf 77' lang='grc' dir='ltr'>ἐμϐόλου,</span> <span class='ocrx_word' id='word_1_696' title='bbox 2993 4595 3086 4649; x_wconf 86' lang='grc' dir='ltr'>καὶ</span> <span class='ocrx_word' id='word_1_697' title='bbox 3137 4593 3455 4670; x_wconf 82' lang='grc' dir='ltr'>ἀνέρχονται</span> <span class='ocrx_word' id='word_1_698' title='bbox 3484 4594 3539 4651; x_wconf 82' lang='grc' dir='ltr'>ἐν</span> <span class='ocrx_word' id='word_1_699' title='bbox 3566 4602 3647 4670; x_wconf 81' lang='grc' dir='ltr'>τῷ</span> <span class='ocrx_word' id='word_1_700' title='bbox 3684 4604 3781 4654; x_wconf 92' lang='grc' dir='ltr'>τοῦ</span> 
     </span>
    </p>
   </div>
   <div class='ocr_carea' id='block_1_96' title="bbox 378 4660 2032 4761">
    <p class='ocr_par' dir='ltr' id='par_1_96' title="bbox 378 4682 2023 4754">
     <span class='ocr_line' id='line_1_96' title="bbox 378 4682 2023 4754; baseline -0.002 -11"><span class='ocrx_word' id='word_1_701' title='bbox 378 4704 540 4743; x_wconf 88' lang='lat' dir='ltr'><strong>nunc</strong></span> <span class='ocrx_word' id='word_1_702' title='bbox 573 4688 644 4742; x_wconf 90' lang='lat' dir='ltr'>ad</span> <span class='ocrx_word' id='word_1_703' title='bbox 694 4685 1117 4743; x_wconf 84' lang='lat' dir='ltr'><strong>catechumena</strong></span> <span class='ocrx_word' id='word_1_704' title='bbox 1162 4700 1277 4740; x_wconf 90' lang='lat' dir='ltr'>non</span> <span class='ocrx_word' id='word_1_705' title='bbox 1328 4683 1520 4751; x_wconf 86' lang='lat' dir='ltr'><strong>abeat,</strong></span> <span class='ocrx_word' id='word_1_706' title='bbox 1570 4683 1665 4739; x_wconf 85' lang='lat' dir='ltr'>sed</span> <span class='ocrx_word' id='word_1_707' title='bbox 1704 4682 1761 4738; x_wconf 94' lang='lat' dir='ltr'>in</span> <span class='ocrx_word' id='word_1_708' title='bbox 1804 4684 2023 4754; x_wconf 87' lang='lat' dir='ltr'><strong>tropice</strong></span> 
     </span>
    </p>
   </div>
   <div class='ocr_carea' id='block_1_97' title="bbox 2141 4660 3780 4761">
    <p class='ocr_par' dir='ltr' id='par_1_97' title="bbox 2141 4680 3780 4761">
     <span class='ocr_line' id='line_1_97' title="bbox 2141 4680 3780 4761; baseline 0.002 -22"><span class='ocrx_word' id='word_1_709' title='bbox 2141 4684 2307 4761; x_wconf 69' lang='grc' dir='ltr'>φόρου</span> <span class='ocrx_word' id='word_1_710' title='bbox 2346 4684 2566 4755; x_wconf 84' lang='grc' dir='ltr'>σινάτῳ,</span> <span class='ocrx_word' id='word_1_711' title='bbox 2615 4682 2707 4737; x_wconf 90' lang='grc' dir='ltr'>καὶ</span> <span class='ocrx_word' id='word_1_712' title='bbox 2732 4680 2947 4737; x_wconf 65' lang='grc' dir='ltr'>’ίσταται</span> <span class='ocrx_word' id='word_1_713' title='bbox 2998 4684 3042 4721; x_wconf 79' lang='grc'>¹³</span> <span class='ocrx_word' id='word_1_714' title='bbox 3094 4683 3401 4757; x_wconf 75' lang='grc' dir='ltr'>ἀντιμίσιον</span> <span class='ocrx_word' id='word_1_715' title='bbox 3444 4685 3541 4742; x_wconf 71' lang='grc' dir='ltr'>ἀνὰ</span> <span class='ocrx_word' id='word_1_716' title='bbox 3586 4688 3780 4761; x_wconf 80' lang='grc' dir='ltr'>μεταξὺ</span> 
     </span>
    </p>
   </div>
   <div class='ocr_carea' id='block_1_98' title="bbox 376 4772 2032 4849">
    <p class='ocr_par' dir='ltr' id='par_1_98' title="bbox 376 4772 2023 4849">
     <span class='ocr_line' id='line_1_98' title="bbox 376 4772 2023 4849; baseline -0.003 -15"><span class='ocrx_word' id='word_1_717' title='bbox 376 4779 572 4834; x_wconf 88' lang='lat' dir='ltr'><strong>Sancti</strong></span> <span class='ocrx_word' id='word_1_718' title='bbox 594 4776 859 4849; x_wconf 88' lang='lat' dir='ltr'><strong>Sepulcri</strong></span> <span class='ocrx_word' id='word_1_719' title='bbox 886 4780 1071 4843; x_wconf 87' lang='lat' dir='ltr'><strong>stans,</strong></span> <span class='ocrx_word' id='word_1_720' title='bbox 1091 4772 1341 4830; x_wconf 82' lang='lat' dir='ltr'><strong>divinam</strong></span> <span class='ocrx_word' id='word_1_721' title='bbox 1358 4772 1651 4846; x_wconf 88' lang='lat' dir='ltr'><strong>liturgiam</strong></span> <span class='ocrx_word' id='word_1_722' title='bbox 1671 4772 1943 4842; x_wconf 85' lang='lat' dir='ltr'><strong>celebret,</strong></span> <span class='ocrx_word' id='word_1_723' title='bbox 1967 4778 2023 4831; x_wconf 89' lang='lat' dir='ltr'>et</span> 
     </span>
    </p>
   </div>
   <div class='ocr_carea' id='block_1_99' title="bbox 2141 4772 3782 4849">
    <p class='ocr_par' dir='ltr' id='par_1_99' title="bbox 2141 4772 3782 4845">
     <span class='ocr_line' id='line_1_99' title="bbox 2141 4772 3782 4845; baseline 0.001 -14"><span class='ocrx_word' id='word_1_724' title='bbox 2141 4779 2229 4831; x_wconf 80' lang='grc' dir='ltr'>τοῦ</span> <span class='ocrx_word' id='word_1_725' title='bbox 2259 4776 2495 4845; x_wconf 86' lang='grc' dir='ltr'>σινάτου,</span> <span class='ocrx_word' id='word_1_726' title='bbox 2527 4773 2617 4829; x_wconf 86' lang='grc' dir='ltr'>καὶ</span> <span class='ocrx_word' id='word_1_727' title='bbox 2646 4772 2795 4831; x_wconf 84' lang='grc' dir='ltr'>τελεῖ</span> <span class='ocrx_word' id='word_1_728' title='bbox 2832 4778 2899 4829; x_wconf 76' lang='grc' dir='ltr'>τὰ</span> <span class='ocrx_word' id='word_1_729' title='bbox 2956 4774 3164 4830; x_wconf 63' lang='grc' dir='ltr'>ἅπαντα</span> <span class='ocrx_word' id='word_1_730' title='bbox 3194 4776 3240 4811; x_wconf 82' lang='grc'>¹⁴</span> <span class='ocrx_word' id='word_1_731' title='bbox 3295 4774 3486 4845; x_wconf 80' lang='grc' dir='ltr'>ἐκεῖσε,</span> <span class='ocrx_word' id='word_1_732' title='bbox 3531 4778 3603 4831; x_wconf 85' lang='grc' dir='ltr'>ῶν</span> <span class='ocrx_word' id='word_1_733' title='bbox 3659 4776 3782 4833; x_wconf 79' lang='grc' dir='ltr'>ἀκο-</span> 
     </span>
    </p>
   </div>
   <div class='ocr_carea' id='block_1_100' title="bbox 376 4862 2032 4940">
    <p class='ocr_par' dir='ltr' id='par_1_100' title="bbox 376 4864 2024 4940">
     <span class='ocr_line' id='line_1_100' title="bbox 376 4864 2024 4940; baseline -0.002 -17"><span class='ocrx_word' id='word_1_734' title='bbox 376 4868 435 4924; x_wconf 88' lang='lat' dir='ltr'>in</span> <span class='ocrx_word' id='word_1_735' title='bbox 479 4867 759 4940; x_wconf 90' lang='lat' dir='ltr'><strong>palatium</strong></span> <span class='ocrx_word' id='word_1_736' title='bbox 809 4865 1109 4936; x_wconf 88' lang='lat' dir='ltr'><strong>ingressus</strong></span> <span class='ocrx_word' id='word_1_737' title='bbox 1149 4864 1274 4920; x_wconf 91' lang='lat' dir='ltr'><strong>sine</strong></span> <span class='ocrx_word' id='word_1_738' title='bbox 1324 4864 1678 4932; x_wconf 88' lang='lat' dir='ltr'><strong>mutatoriis,</strong></span> <span class='ocrx_word' id='word_1_739' title='bbox 1719 4869 1876 4919; x_wconf 88' lang='lat' dir='ltr'><strong>veste</strong></span> <span class='ocrx_word' id='word_1_740' title='bbox 1914 4880 2024 4920; x_wconf 89' lang='lat' dir='ltr'>sua</span> 
     </span>
    </p>
   </div>
   <div class='ocr_carea' id='block_1_101' title="bbox 2141 4862 3780 4940">
    <p class='ocr_par' dir='ltr' id='par_1_101' title="bbox 2141 4862 3780 4940">
     <span class='ocr_line' id='line_1_101' title="bbox 2141 4862 3780 4940; baseline 0.002 -20"><span class='ocrx_word' id='word_1_741' title='bbox 2141 4865 2348 4929; x_wconf 81' lang='grc' dir='ltr'>λούθως</span> <span class='ocrx_word' id='word_1_742' title='bbox 2377 4865 2692 4940; x_wconf 70' lang='grc' dir='ltr'>εἰρήκαμεν,</span> <span class='ocrx_word' id='word_1_743' title='bbox 2721 4865 2810 4919; x_wconf 87' lang='grc' dir='ltr'>καὶ</span> <span class='ocrx_word' id='word_1_744' title='bbox 2848 4862 3012 4920; x_wconf 84' lang='grc' dir='ltr'>πάλιν</span> <span class='ocrx_word' id='word_1_745' title='bbox 3060 4862 3150 4919; x_wconf 75' lang='grc' dir='ltr'>διὰ</span> <span class='ocrx_word' id='word_1_746' title='bbox 3189 4869 3285 4919; x_wconf 89' lang='grc' dir='ltr'>τοῦ</span> <span class='ocrx_word' id='word_1_747' title='bbox 3316 4864 3480 4920; x_wconf 85' lang='grc' dir='ltr'>αὐτοῦ</span> <span class='ocrx_word' id='word_1_748' title='bbox 3536 4863 3780 4939; x_wconf 78' lang='grc' dir='ltr'>ἐμϐόλου</span> 
     </span>
    </p>
   </div>
   <div class='ocr_carea' id='block_1_102' title="bbox 373 4952 2032 5031">
    <p class='ocr_par' dir='ltr' id='par_1_102' title="bbox 373 4954 2022 5027">
     <span class='ocr_line' id='line_1_102' title="bbox 373 4954 2022 5027; baseline -0.002 -13"><span class='ocrx_word' id='word_1_749' title='bbox 373 4958 642 5027; x_wconf 89' lang='lat' dir='ltr'><strong>indutus,</strong></span> <span class='ocrx_word' id='word_1_750' title='bbox 695 4970 910 5012; x_wconf 64' lang='lat' dir='ltr'><strong>mensas</strong></span> <span class='ocrx_word' id='word_1_751' title='bbox 959 4954 1260 5010; x_wconf 86' lang='lat' dir='ltr'><strong>assideat:</strong></span> <span class='ocrx_word' id='word_1_752' title='bbox 1311 4970 1499 5026; x_wconf 90' lang='lat' dir='ltr'><strong>neque</strong></span> <span class='ocrx_word' id='word_1_753' title='bbox 1545 4969 1677 5009; x_wconf 89' lang='lat' dir='ltr'><strong>vero</strong></span> <span class='ocrx_word' id='word_1_754' title='bbox 1725 4957 1869 5011; x_wconf 90' lang='lat' dir='ltr'><strong>tunc</strong></span> <span class='ocrx_word' id='word_1_755' title='bbox 1921 4970 2022 5011; x_wconf 88' lang='lat' dir='ltr'><strong>cu-</strong></span> 
     </span>
    </p>
   </div>
   <div class='ocr_carea' id='block_1_103' title="bbox 2141 4952 3781 5031">
    <p class='ocr_par' dir='ltr' id='par_1_103' title="bbox 2141 4952 3781 5031">
     <span class='ocr_line' id='line_1_103' title="bbox 2141 4952 3781 5031; baseline 0 -22"><span class='ocrx_word' id='word_1_756' title='bbox 2141 4953 2456 5031; x_wconf 70' lang='grc' dir='ltr'>κατέρχεται</span> <span class='ocrx_word' id='word_1_757' title='bbox 2481 4954 2572 5010; x_wconf 87' lang='grc' dir='ltr'>καὶ</span> <span class='ocrx_word' id='word_1_758' title='bbox 2603 4959 2700 5009; x_wconf 92' lang='grc' dir='ltr'>τοῦ</span> <span class='ocrx_word' id='word_1_759' title='bbox 2750 4953 2976 5023; x_wconf 85' lang='grc' dir='ltr'>λαύσου,</span> <span class='ocrx_word' id='word_1_760' title='bbox 3024 4956 3113 5009; x_wconf 86' lang='grc' dir='ltr'>καὶ</span> <span class='ocrx_word' id='word_1_761' title='bbox 3174 4952 3453 5030; x_wconf 84' lang='grc' dir='ltr'>ἀριστερὸν</span> <span class='ocrx_word' id='word_1_762' title='bbox 3508 4953 3781 5029; x_wconf 82' lang='grc' dir='ltr'>ἐκκλίνας,</span> 
     </span>
    </p>
   </div>
   <div class='ocr_carea' id='block_1_104' title="bbox 376 5041 2032 5124">
    <p class='ocr_par' dir='ltr' id='par_1_104' title="bbox 376 5042 1876 5117">
     <span class='ocr_line' id='line_1_104' title="bbox 376 5042 1876 5117; baseline -0.001 -13"><span class='ocrx_word' id='word_1_763' title='bbox 376 5046 637 5104; x_wconf 91' lang='lat' dir='ltr'><strong>biculum</strong></span> <span class='ocrx_word' id='word_1_764' title='bbox 665 5045 916 5103; x_wconf 81' lang='lat' dir='ltr'><strong>solemni</strong></span> <span class='ocrx_word' id='word_1_765' title='bbox 948 5044 1062 5100; x_wconf 90' lang='lat' dir='ltr'><strong>ritu</strong></span> <span class='ocrx_word' id='word_1_766' title='bbox 1096 5042 1249 5100; x_wconf 87' lang='lat' dir='ltr'><strong>latus</strong></span> <span class='ocrx_word' id='word_1_767' title='bbox 1277 5043 1641 5115; x_wconf 80' lang='lat' dir='ltr'><strong>imperatoris</strong></span> <span class='ocrx_word' id='word_1_768' title='bbox 1671 5044 1876 5117; x_wconf 89' lang='lat' dir='ltr'><strong>cingit.</strong></span> 
     </span>
    </p>
   </div>
   <div class='ocr_carea' id='block_1_105' title="bbox 2141 5041 3781 5124">
    <p class='ocr_par' dir='ltr' id='par_1_105' title="bbox 2141 5041 3781 5124">
     <span class='ocr_line' id='line_1_105' title="bbox 2141 5041 3781 5124; baseline 0.001 -25"><span class='ocrx_word' id='word_1_769' title='bbox 2141 5044 2431 5124; x_wconf 66' lang='grc' dir='ltr'>ἐπέρχεται</span> <span class='ocrx_word' id='word_1_770' title='bbox 2474 5043 2549 5106; x_wconf 83' lang='grc' dir='ltr'>είς</span> <span class='ocrx_word' id='word_1_771' title='bbox 2594 5045 2663 5100; x_wconf 78' lang='grc' dir='ltr'>τὰ</span> <span class='ocrx_word' id='word_1_772' title='bbox 2713 5041 3153 5117; x_wconf 82' lang='grc' dir='ltr'>Χαλκοπράτεια.</span> <span class='ocrx_word' id='word_1_773' title='bbox 3214 5042 3425 5112; x_wconf 81' lang='grc' dir='ltr'>Ἰστέον,</span> <span class='ocrx_word' id='word_1_774' title='bbox 3475 5043 3557 5099; x_wconf 82' lang='grc' dir='ltr'>ὅτι</span> <span class='ocrx_word' id='word_1_775' title='bbox 3612 5049 3781 5101; x_wconf 88' lang='grc' dir='ltr'>ταῦτα</span> 
     </span>
    </p>
   </div>
   <div class='ocr_carea' id='block_1_106' title="bbox 375 5128 3779 5209">
    <p class='ocr_par' dir='ltr' id='par_1_106' title="bbox 375 5128 3779 5209">
     <span class='ocr_line' id='line_1_106' title="bbox 375 5128 3779 5209; baseline -0 -19"><span class='ocrx_word' id='word_1_776' title='bbox 375 5135 550 5191; x_wconf 86' lang='grc' dir='ltr'>πάντα</span> <span class='ocrx_word' id='word_1_777' title='bbox 578 5132 1003 5203; x_wconf 80' lang='grc' dir='ltr'>τελεῖται,πλήν</span> <span class='ocrx_word' id='word_1_778' title='bbox 1035 5133 1063 5189; x_wconf 93' lang='lat'>6</span> <span class='ocrx_word' id='word_1_779' title='bbox 1099 5128 1353 5206; x_wconf 74' lang='grc' dir='ltr'>βασιλεὺς</span> <span class='ocrx_word' id='word_1_780' title='bbox 1385 5132 1488 5187; x_wconf 88' lang='grc' dir='ltr'>ούκ</span> <span class='ocrx_word' id='word_1_781' title='bbox 1516 5132 1803 5206; x_wconf 81' lang='grc' dir='ltr'>ἀνέρχεται</span> <span class='ocrx_word' id='word_1_782' title='bbox 1849 5134 1965 5187; x_wconf 82' lang='grc' dir='ltr'>νυνὶ</span> <span class='ocrx_word' id='word_1_783' title='bbox 2014 5132 2067 5189; x_wconf 77' lang='grc' dir='ltr'>έν</span> <span class='ocrx_word' id='word_1_784' title='bbox 2121 5138 2246 5190; x_wconf 92' lang='grc' dir='ltr'>τοῖσ</span> <span class='ocrx_word' id='word_1_785' title='bbox 2277 5133 2765 5209; x_wconf 80' lang='grc' dir='ltr'>κατηχουμενίοις,</span> <span class='ocrx_word' id='word_1_786' title='bbox 2824 5131 2952 5188; x_wconf 73' lang='grc' dir='ltr'>ἀλλ’</span> <span class='ocrx_word' id='word_1_787' title='bbox 3000 5132 3076 5194; x_wconf 81' lang='grc' dir='ltr'>εἷς</span> <span class='ocrx_word' id='word_1_788' title='bbox 3128 5138 3229 5201; x_wconf 84' lang='grc' dir='ltr'>τῆν</span> <span class='ocrx_word' id='word_1_789' title='bbox 3286 5133 3553 5205; x_wconf 75' lang='grc' dir='ltr'>τροπικήν</span> <span class='ocrx_word' id='word_1_790' title='bbox 3612 5132 3779 5196; x_wconf 76' lang='grc' dir='ltr'>ἑστὼς</span> 
     </span>
    </p>
   </div>
   <div class='ocr_carea' id='block_1_107' title="bbox 375 5221 3777 5301">
    <p class='ocr_par' dir='ltr' id='par_1_107' title="bbox 375 5221 3777 5301">
     <span class='ocr_line' id='line_1_107' title="bbox 375 5221 3777 5301; baseline -0.001 -19"><span class='ocrx_word' id='word_1_791' title='bbox 375 5232 477 5295; x_wconf 82' lang='grc' dir='ltr'>τῆς</span> <span class='ocrx_word' id='word_1_792' title='bbox 506 5224 695 5301; x_wconf 81' lang='grc' dir='ltr'>Ἀγίας</span> <span class='ocrx_word' id='word_1_793' title='bbox 719 5228 917 5300; x_wconf 85' lang='grc' dir='ltr'>Σοροῦ,</span> <span class='ocrx_word' id='word_1_794' title='bbox 944 5221 1113 5279; x_wconf 74' lang='grc' dir='ltr'>ἒκεῖσε</span> <span class='ocrx_word' id='word_1_795' title='bbox 1139 5221 1288 5277; x_wconf 87' lang='grc' dir='ltr'>τελεῖ</span> <span class='ocrx_word' id='word_1_796' title='bbox 1317 5225 1414 5292; x_wconf 77' lang='grc' dir='ltr'>τῆν</span> <span class='ocrx_word' id='word_1_797' title='bbox 1447 5223 1590 5288; x_wconf 84' lang='grc' dir='ltr'>θείαν</span> <span class='ocrx_word' id='word_1_798' title='bbox 1624 5222 1990 5300; x_wconf 78' lang='grc' dir='ltr'>λειτουργίαν,</span> <span class='ocrx_word' id='word_1_799' title='bbox 2020 5224 2112 5280; x_wconf 81' lang='grc' dir='ltr'>καὶ</span> <span class='ocrx_word' id='word_1_800' title='bbox 2144 5224 2309 5280; x_wconf 79' lang='grc' dir='ltr'>πάλιν</span> <span class='ocrx_word' id='word_1_801' title='bbox 2344 5224 2418 5286; x_wconf 80' lang='grc' dir='ltr'>είς</span> <span class='ocrx_word' id='word_1_802' title='bbox 2450 5225 2527 5287; x_wconf 80' lang='grc' dir='ltr'>¹τὸ</span> <span class='ocrx_word' id='word_1_803' title='bbox 2575 5221 2841 5279; x_wconf 87' lang='grc' dir='ltr'>παλάτιον</span> <span class='ocrx_word' id='word_1_804' title='bbox 2890 5221 3170 5291; x_wconf 77' lang='grc' dir='ltr'>εἰσελθὼν,</span> <span class='ocrx_word' id='word_1_805' title='bbox 3201 5223 3379 5299; x_wconf 88' lang='grc' dir='ltr'>χωρὶς</span> <span class='ocrx_word' id='word_1_806' title='bbox 3438 5227 3547 5279; x_wconf 87' lang='grc' dir='ltr'>τῶν</span> <span class='ocrx_word' id='word_1_807' title='bbox 3604 5222 3777 5280; x_wconf 81' lang='grc' dir='ltr'>ἀλλα-</span> 
     </span>
    </p>
   </div>
   <div class='ocr_carea' id='block_1_108' title="bbox 376 5307 3779 5391">
    <p class='ocr_par' dir='ltr' id='par_1_108' title="bbox 376 5307 3779 5391">
     <span class='ocr_line' id='line_1_108' title="bbox 376 5307 3779 5391; baseline 0 -20"><span class='ocrx_word' id='word_1_808' title='bbox 376 5317 549 5391; x_wconf 79' lang='grc' dir='ltr'>ξίμων</span> <span class='ocrx_word' id='word_1_809' title='bbox 582 5317 688 5372; x_wconf 85' lang='grc' dir='ltr'>ἀπὸ</span> <span class='ocrx_word' id='word_1_810' title='bbox 719 5316 941 5389; x_wconf 71' lang='grc' dir='ltr'>ἱματίου</span> <span class='ocrx_word' id='word_1_811' title='bbox 971 5316 1086 5387; x_wconf 70' lang='grc'><strong>(34)</strong></span> <span class='ocrx_word' id='word_1_812' title='bbox 1112 5314 1390 5382; x_wconf 87' lang='grc' dir='ltr'>καθέζεται</span> <span class='ocrx_word' id='word_1_813' title='bbox 1422 5312 1509 5369; x_wconf 75' lang='grc' dir='ltr'>ἐπὶ</span> <span class='ocrx_word' id='word_1_814' title='bbox 1529 5319 1629 5383; x_wconf 83' lang='grc' dir='ltr'>τῆς</span> <span class='ocrx_word' id='word_1_815' title='bbox 1662 5316 1704 5352; x_wconf 70' lang='grc' dir='ltr'>ιι</span> <span class='ocrx_word' id='word_1_816' title='bbox 1758 5312 2053 5387; x_wconf 84' lang='grc' dir='ltr'>τραπέζης·</span> <span class='ocrx_word' id='word_1_817' title='bbox 2115 5312 2242 5369; x_wconf 80' lang='grc' dir='ltr'>ἀλλ’</span> <span class='ocrx_word' id='word_1_818' title='bbox 2302 5310 2424 5370; x_wconf 68' lang='grc' dir='ltr'>οὔτε</span> <span class='ocrx_word' id='word_1_819' title='bbox 2482 5311 2540 5369; x_wconf 78' lang='grc' dir='ltr'>δὶ</span> <span class='ocrx_word' id='word_1_820' title='bbox 2592 5314 2654 5370; x_wconf 85' lang='grc' dir='ltr'>τὸ</span> <span class='ocrx_word' id='word_1_821' title='bbox 2702 5307 3090 5369; x_wconf 76' lang='grc' dir='ltr'>κουϐούκλειον</span> <span class='ocrx_word' id='word_1_822' title='bbox 3145 5311 3555 5388; x_wconf 79' lang='grc' dir='ltr'>παραστάσιμον</span> <span class='ocrx_word' id='word_1_823' title='bbox 3612 5320 3779 5372; x_wconf 71' lang='grc' dir='ltr'>ποιεῖ.</span> 
     </span>
    </p>
   </div>
   <div class='ocr_carea' id='block_1_109' title="bbox 1723 5403 2413 5461">
    <p class='ocr_par' dir='ltr' id='par_1_109' title="bbox 1723 5403 2413 5461">
     <span class='ocr_line' id='line_1_109' title="bbox 1723 5403 2413 5461; baseline 0.003 -4"><span class='ocrx_word' id='word_1_824' title='bbox 1723 5403 1813 5457; x_wconf 76' lang='lat' dir='ltr'><strong>VA</strong></span> <span class='ocrx_word' id='word_1_825' title='bbox 1825 5403 1960 5459; x_wconf 67' lang='grc' dir='ltr'>ΒΙΑΣ</span> <span class='ocrx_word' id='word_1_826' title='bbox 1999 5403 2413 5461; x_wconf 80' lang='lat' dir='ltr'>LECTIONES.</span> 
     </span>
    </p>
   </div>
   <div class='ocr_carea' id='block_1_110' title="bbox 451 5498 3483 5579">
    <p class='ocr_par' dir='ltr' id='par_1_110' title="bbox 451 5498 3483 5579">
     <span class='ocr_line' id='line_1_110' title="bbox 451 5498 3483 5579; baseline -0.002 -19"><span class='ocrx_word' id='word_1_827' title='bbox 451 5506 493 5540; x_wconf 77' lang='lat'>“</span> <span class='ocrx_word' id='word_1_828' title='bbox 530 5506 691 5579; x_wconf 88' lang='grc' dir='ltr'>μόνον</span> <span class='ocrx_word' id='word_1_829' title='bbox 723 5505 814 5562; x_wconf 86' lang='lat' dir='ltr'>ed.</span> <span class='ocrx_word' id='word_1_830' title='bbox 890 5505 935 5541; x_wconf 86' lang='grc'>¹²</span> <span class='ocrx_word' id='word_1_831' title='bbox 965 5502 1027 5557; x_wconf 88' lang='grc' dir='ltr'>τὸ</span> <span class='ocrx_word' id='word_1_832' title='bbox 1061 5518 1320 5575; x_wconf 84' lang='grc' dir='ltr'>χρυσοτρ,</span> <span class='ocrx_word' id='word_1_833' title='bbox 1352 5502 1441 5557; x_wconf 91' lang='lat' dir='ltr'>ed.</span> <span class='ocrx_word' id='word_1_834' title='bbox 1522 5500 1567 5536; x_wconf 80' lang='grc'>¹³</span> <span class='ocrx_word' id='word_1_835' title='bbox 1585 5499 1833 5556; x_wconf 68' lang='grc' dir='ltr'>’ίστανται</span> <span class='ocrx_word' id='word_1_836' title='bbox 1862 5502 1951 5558; x_wconf 84' lang='lat' dir='ltr'>ed.</span> <span class='ocrx_word' id='word_1_837' title='bbox 2030 5498 2078 5537; x_wconf 73' lang='lat'>“</span> <span class='ocrx_word' id='word_1_838' title='bbox 2102 5499 2342 5556; x_wconf 85' lang='grc' dir='ltr'>τελεῖται</span> <span class='ocrx_word' id='word_1_839' title='bbox 2373 5501 2465 5559; x_wconf 79' lang='grc' dir='ltr'>ἃπ.</span> <span class='ocrx_word' id='word_1_840' title='bbox 2498 5505 2649 5575; x_wconf 86' lang='lat' dir='ltr'><strong>conj.</strong></span> <span class='ocrx_word' id='word_1_841' title='bbox 2684 5504 2751 5559; x_wconf 82' lang='lat' dir='ltr'><strong>R.</strong></span> <span class='ocrx_word' id='word_1_842' title='bbox 2834 5504 2875 5540; x_wconf 78' lang='grc'><strong><em>³⁵</em></strong></span> <span class='ocrx_word' id='word_1_843' title='bbox 2904 5501 2993 5555; x_wconf 85' lang='grc' dir='ltr'>καὶ</span> <span class='ocrx_word' id='word_1_844' title='bbox 3025 5499 3111 5555; x_wconf 84' lang='grc' dir='ltr'>ἐπὶ</span> <span class='ocrx_word' id='word_1_845' title='bbox 3143 5506 3241 5569; x_wconf 85' lang='grc' dir='ltr'>τῆς</span> <span class='ocrx_word' id='word_1_846' title='bbox 3272 5520 3356 5576; x_wconf 88' lang='grc' dir='ltr'>τρ.</span> <span class='ocrx_word' id='word_1_847' title='bbox 3390 5502 3483 5559; x_wconf 86' lang='lat' dir='ltr'>ed.</span> 
     </span>
    </p>
   </div>
   <div class='ocr_carea' id='block_1_111' title="bbox 1417 5599 2740 5660">
    <p class='ocr_par' dir='ltr' id='par_1_111' title="bbox 1417 5599 2740 5660">
     <span class='ocr_line' id='line_1_111' title="bbox 1417 5599 2740 5660; baseline -0.002 -1"><span class='ocrx_word' id='word_1_848' title='bbox 1417 5602 1616 5659; x_wconf 83' lang='lat' dir='ltr'><strong>JOAN.</strong></span> <span class='ocrx_word' id='word_1_849' title='bbox 1649 5602 1793 5657; x_wconf 85' lang='lat' dir='ltr'>JAC.</span> <span class='ocrx_word' id='word_1_850' title='bbox 1834 5599 2101 5657; x_wconf 82' lang='lat' dir='ltr'><strong>REISKII</strong></span> <span class='ocrx_word' id='word_1_851' title='bbox 2137 5601 2740 5660; x_wconf 81' lang='lat' dir='ltr'>COMMENTARIUS.</span> 
     </span>
    </p>
   </div>
   <div class='ocr_carea' id='block_1_112' title="bbox 457 5690 2021 5767">
    <p class='ocr_par' dir='ltr' id='par_1_112' title="bbox 457 5690 2021 5767">
     <span class='ocr_line' id='line_1_112' title="bbox 457 5690 2021 5767; baseline -0.004 -15"><span class='ocrx_word' id='word_1_852' title='bbox 457 5695 571 5767; x_wconf 74' lang='grc'>(54)</span> <span class='ocrx_word' id='word_1_853' title='bbox 628 5694 895 5767; x_wconf 75' lang='lat' dir='ltr'><strong>Recurrit</strong></span> <span class='ocrx_word' id='word_1_854' title='bbox 940 5693 1065 5767; x_wconf 65' lang='lat' dir='ltr'><strong>hinc</strong></span> <span class='ocrx_word' id='word_1_855' title='bbox 1121 5691 1400 5767; x_wconf 90' lang='lat' dir='ltr'><strong>dictio_p.</strong></span> <span class='ocrx_word' id='word_1_856' title='bbox 1442 5690 2021 5767; x_wconf 57' lang='lat' dir='ltr'><strong>10§,__signiti_catque</strong></span> 
     </span>
    </p>
   </div>
   <div class='ocr_carea' id='block_1_113' title="bbox 390 5759 2018 5840">
    <p class='ocr_par' dir='ltr' id='par_1_113' title="bbox 390 5759 2018 5840">
     <span class='ocr_line' id='line_1_113' title="bbox 390 5759 2018 5840; baseline -0.006 -15"><span class='ocrx_word' id='word_1_857' title='bbox 390 5759 752 5840; x_wconf 46' lang='lat' dir='ltr'><strong>idem-atque</strong></span> <span class='ocrx_word' id='word_1_858' title='bbox 797 5764 903 5821; x_wconf 72' lang='grc' dir='ltr'>ἀπὸ</span> <span class='ocrx_word' id='word_1_859' title='bbox 951 5764 1035 5837; x_wconf 78' lang='lat' dir='ltr'><strong>[id</strong></span> <span class='ocrx_word' id='word_1_860' title='bbox 1082 5769 1165 5823; x_wconf 86' lang='lat' dir='ltr'>cst</span> <span class='ocrx_word' id='word_1_861' title='bbox 1201 5759 1474 5836; x_wconf 66' lang='grc' dir='ltr'>μετὰἰόι</span> <span class='ocrx_word' id='word_1_862' title='bbox 1514 5759 1621 5833; x_wconf 62' lang='lat'>615:]</span> <span class='ocrx_word' id='word_1_863' title='bbox 1668 5759 2018 5838; x_wconf 63' lang='grc' dir='ltr'>χιτῶνος,’ἰη</span> 
     </span>
    </p>
   </div>
   <div class='ocr_carea' id='block_1_114' title="bbox 2132 5688 3783 5763">
    <p class='ocr_par' dir='ltr' id='par_1_114' title="bbox 2132 5688 3783 5763">
     <span class='ocr_line' id='line_1_114' title="bbox 2132 5688 3783 5763; baseline 0 -18"><span class='ocrx_word' id='word_1_864' title='bbox 2132 5692 2344 5763; x_wconf 73' lang='lat' dir='ltr'><strong>tunica,</strong></span> <span class='ocrx_word' id='word_1_865' title='bbox 2380 5696 2670 5763; x_wconf 90' lang='lat' dir='ltr'><strong>quatenus</strong></span> <span class='ocrx_word' id='word_1_866' title='bbox 2692 5691 3004 5763; x_wconf 78' lang='lat' dir='ltr'><strong>opponitur</strong></span> <span class='ocrx_word' id='word_1_867' title='bbox 3024 5688 3317 5763; x_wconf 79' lang='lat' dir='ltr'><strong>cblamydi</strong></span> <span class='ocrx_word' id='word_1_868' title='bbox 3333 5692 3435 5763; x_wconf 85' lang='lat' dir='ltr'>aut</span> <span class='ocrx_word' id='word_1_869' title='bbox 3451 5705 3783 5763; x_wconf 71' lang='lat' dir='ltr'><strong>scarsman-</strong></span> 
     </span>
    </p>
   </div>
   <div class='ocr_carea' id='block_1_115' title="bbox 2134 5758 3777 5834">
    <p class='ocr_par' dir='ltr' id='par_1_115' title="bbox 2134 5758 3777 5834">
     <span class='ocr_line' id='line_1_115' title="bbox 2134 5758 3777 5834; baseline -0.004 -15"><span class='ocrx_word' id='word_1_870' title='bbox 2134 5762 2246 5834; x_wconf 84' lang='lat' dir='ltr'><strong>gio,</strong></span> <span class='ocrx_word' id='word_1_871' title='bbox 2294 5758 2573 5833; x_wconf 77' lang='lat' dir='ltr'><strong>omnique</strong></span> <span class='ocrx_word' id='word_1_872' title='bbox 2622 5758 2789 5817; x_wconf 44' lang='lat' dir='ltr'><strong>vesti“</strong></span> <span class='ocrx_word' id='word_1_873' title='bbox 2814 5760 3101 5831; x_wconf 82' lang='lat' dir='ltr'><strong>exteriori,</strong></span> <span class='ocrx_word' id='word_1_874' title='bbox 3154 5758 3490 5829; x_wconf 81' lang='lat' dir='ltr'><strong>mutatorio,</strong></span> <span class='ocrx_word' id='word_1_875' title='bbox 3541 5758 3777 5831; x_wconf 82' lang='grc' dir='ltr'>ἆλλαξί-</span> 
     </span>
    </p>
   </div>
  </div>
