4158 6212
406 363 524 426 413

1269 366 1370 428 DE
1412 363 1867 428 cssmouus
1911 345 2150 424 Λωίδι
2193 363 2669 428 BYZANTINIE
2710 367 2860 428 LlB.
2907 369 2953 430 1.

3694 375 3812 435 4H

407 495 618 569 ὁμοίως
657 495 751 551 καὶ
775 497 827 552 οἱ
857 499 1138 571 πατρίκιοι
1167 497 1256 553 καὶ
1285 498 1348 553 τὸ
1386 493 1800 554 κουϐούκλειον.
1827 494 1928 550 Καὶ
1959 492 2060 548 είσ-

2176 496 2486 553 triclinium
2505 499 2794 571 processio
2815 501 2895 569 ﬁt,
2917 518 3032 574 quo
3054 501 3560 575 orphanotrophus
3582 521 3812 579 quoque

407 580 678 640 ελθὸντων
730 583 909 640 αὐτῶν
951 585 1160 663 γίνεται
1198 587 1231 654 ἡ
1276 584 1600 660 προέλευσις
1645 583 1698 639 ἐν
1730 588 1809 655 τῷ
1842 584 2064 640 Ἰουστι-

407 680 595 730 νιανοῦ
623 674 911 751 τρικλίνῳ,
952 675 1042 733 καὶ
1074 675 1330 731 εἰσελθὼν
1375 677 1403 730 6
1444 677 1846 754 όρφανοτρόφος
1895 672 1946 728 ἐν
1990 673 2060 744 τῇ

405 763 756 840 προελεύσει,
797 762 1088 820 ἐπιδίδωσι
1128 766 1193 820 τὰ
1225 760 1481 837 σύμϐολα
1522 767 1632 837 (43)
1659 769 1776 825 τοῖς
1826 762 1876 834 ἐξ
1907 759 2059 822 ἔθους

407 849 757 926 λαμϐάνουσι
797 854 886 909 καὶ
917 851 1218 930 ἐξέρχεται.
1243 854 1358 912 Εἶθ’
1410 854 1584 917 οὕτως
1634 853 1977 931 εῗσὲρχονται
2008 851 2060 905 οἱ

407 942 696 1019 δήμαρχοι
740 943 827 998 καὶ
876 940 1179 999 ἐπιδιδοῦσι
1215 945 1344 1006 τοὺς
1384 942 1790 1020 προρῥηθὲντας
1835 941 2060 1013 πάντας,

408 1033 766 1108 μαγίστρους,
814 1031 1213 1105 πραιποσίτους
1263 1034 1354 1088 καὶ
1417 1033 1734 1107 πατρικίους
1791 1031 1882 1086 καὶ
1936 1029 2059 1086 λοι-

405 1120 541 1184 ποὺς
592 1120 720 1184 τοὺς
780 1121 1002 1195 τιμίους
1036 1122 1324 1198 σταυροὺς,
1358 1123 1583 1185 ὁποίους
1623 1125 1658 1192 ἠ
1710 1123 1807 1190 τῆς
1859 1121 2058 1194 ἑορτῆς

400 1211 552 1279 τάξις
608 1211 847 1269 ἀπαιτεῖ.
900 1206 1332 1284 Καταλαϐούςης
1399 1209 1456 1267 δὲ
1510 1219 1613 1281 τῆς
1662 1209 1831 1285 ὥρας,
1883 1209 2059 1265 ὑπαλ-

402 1296 590 1354 λάσσει
632 1298 660 1353 6
707 1297 962 1374 βασιλεὺς
1005 1295 1327 1372 διϐητήσιον
1377 1301 1468 1357 καὶ
1516 1297 1775 1377 χλανίδα,
1807 1297 1897 1354 καὶ
1926 1299 2055 1353 καθ-

400 1388 577 1458 έζεται
615 1387 704 1443 ἐπὶ
761 1387 860 1444 τοῦ
907 1390 1092 1459 σένζου
1141 1390 1216 1452 εἰς
1261 1391 1324 1446 τὸ
1365 1388 1848 1466 χρυοοτρίκλινον,
1907 1389 1959 1443 οἱ
1999 1385 2057 1443 δὲ

389 1481 495 1532 τοῦ
525 1473 921 1534 κουϐουκλείου
953 1481 1183 1542 ἅπαντες
1210 1478 1455 1536 ’ίστανται
1502 1477 1650 1535 ἔνθεν
1712 1479 1945 1550 κάκεῖσε,
1980 1479 2053 1540 ὡς

393 1565 622 1622 εἴθισται
655 1566 860 1632 αὐτοῖς.
895 1567 994 1624 Καὶ
1055 1563 1240 1625 λαϐὼν
1283 1573 1456 1643 νεῦμα
1487 1570 1565 1643 [ὁ]
1615 1567 1896 1642 ὀστιάριος
1948 1567 2052 1622 ἀπὸ

391 1653 693 1719 κελεύσεως
747 1657 894 1734 παρᾶ
963 1662 1059 1713 τοῦ
1116 1660 1505 1734 πραιποσίτου,
1562 1657 1863 1737 ἐξέρχεται,
1921 1677 2052 1732 κρα-

394 1748 504 1801 τῶν
559 1744 780 1822 βεργίον
813 1751 1054 1825 χρυσοῦν
1109 1744 1381 1820 διάλιθον,
1412 1749 1504 1803 καῖ
1545 1747 1739 1821 εἰσάγει
1775 1745 1951 1822 βῆλον
1982 1748 2050 1816 α’,

2172 601 2303 641 cum
2335 587 2580 644 solemni
2607 607 2820 662 pompa
2851 591 3093 656 venit,et
3114 593 3398 663 symbolis
3418 596 3690 652 omnibus
3713 596 3808 665 iis,

2170 673 2383 743 quibus
2420 674 2538 731 haec
2577 677 2851 732 distribui
2893 677 3098 746 solent,
3130 677 3355 748 divisis,
3383 697 3585 736 rursus
3622 682 3810 738 disce-

2171 761 2276 817 dit.
2320 769 2453 820 Post
2481 781 2615 820 eum
2656 765 2878 822 tribuni
2912 767 3228 823 factionum
3259 784 3358 824 seu
3391 769 3685 825 demarchi
3717 772 3813 827 in-

2170 855 2351 920 trant,
2405 858 2463 908 et
2514 854 2684 910 dictis
2741 856 3034 923 omnibus,
3084 857 3403 929 magistris,
3461 861 3809 931 praepositis,

2169 942 2416 1008 ceteris,
2431 947 2514 999 tot
2526 946 2883 1001 venerandus
2905 962 3124 1017 cruces,
3141 955 3282 1018 quot
3301 948 3440 1003 ordo
3465 948 3594 1004 festi
3617 951 3810 1021 requi-

2169 1031 2268 1100 rit,
2291 1032 2668 1090 distribuunt.
2701 1036 2983 1107 Tempore
3010 1041 3202 1092 autem
3234 1037 3524 1104 veniente,
3555 1037 3809 1110 impera-

2169 1125 2260 1177 tor
2307 1123 2590 1180 dibetesio
2638 1128 2694 1180 et
2742 1124 2942 1180 tunica
2990 1142 3099 1180 sua
3155 1125 3424 1192 indutus,
3480 1127 3540 1182 in
3597 1127 3809 1184 throno

2165 1211 2619 1284 chrysotriclinii
2642 1213 2827 1281 sedet,
2853 1231 2886 1270 a
2907 1214 3307 1282 cubiculariis,
3334 1225 3399 1270 ut
3421 1232 3550 1272 mos
3570 1221 3679 1286 est,
3701 1217 3810 1274 cir-

2166 1302 2499 1358 cumdatus.
2522 1303 2688 1358 Tunc
2710 1302 2984 1358 ostiarius
3015 1320 3049 1358 a
3080 1304 3374 1372 mandato,
3399 1304 3563 1375 signo
3595 1323 3628 1361 a
3658 1323 3808 1378 prte-

2166 1389 2354 1461 posito
2388 1390 2544 1459 dato,
2567 1391 2881 1462 egreditur,
2905 1396 2961 1448 et
2987 1392 3210 1464 virgam
3237 1409 3476 1448 auream
3513 1393 3806 1466 lapidibus

2166 1477 2437 1550 pretiosis
2476 1484 2737 1535 ornatam
2779 1483 3010 1549 tenens,
3045 1481 3235 1536 velum
3279 1483 3558 1554 primum,
3590 1484 3809 1556 orpha-

2165 1568 2541 1639 notrophum,
2563 1569 2895 1642 symbolum
2921 1570 3051 1625 lidei
3072 1571 3412 1642 imperatori
3436 1572 3802 1642 offerentem,

2164 1656 2436 1713 adducit:
2461 1660 2512 1712 is
2544 1657 2975 1728 imperatorem,
3008 1675 3124 1716 non
3158 1676 3336 1731 prono
3369 1665 3563 1718 tamen
3595 1662 3654 1718 in
3685 1667 3802 1719 ter-

2161 1764 2284 1804 ram
2307 1763 2569 1819 corpore,
2590 1748 2729 1820 quia
2760 1747 3026 1820 symbola
3055 1752 3263 1820 gestat,
3287 1750 3514 1808 adorat.
3546 1752 3804 1809 Reducto

391 1833 483 1889 τὸν
537 1836 974 1914 άρφανοτρότρον,
1030 1837 1326 1910 κομίζοντα
1397 1841 1478 1910 τῷ
1548 1835 1765 1912 βασιλεῖ
1828 1838 1890 1892 τὸ
1949 1840 2049 1902 τῆς

2159 1843 2374 1906 autem,
2399 1838 2556 1909 quod
2579 1854 2935 1910 suspensum
2954 1843 3059 1908 est,
3085 1838 3228 1905 velo,
3255 1840 3397 1896 dum
3430 1842 3804 1912 orphanotro-

398 1922 631 1986 πίστεως
665 1919 969 1998 σύμϐολον,
1018 1925 1108 1979 καὶ
1159 1923 1416 1981 εἰσελθὼν
1457 1929 1748 2000 προσκυνεῖ
1804 1925 1896 1980 τὸν
1953 1927 2052 2000 βα-

392 2010 572 2078 σιλέα,
619 2013 696 2084 μὴ
743 2011 946 2075 τελέως
984 2011 1198 2068 πίπτων
1246 2015 1416 2082 κάτω,
1449 2013 1564 2069 ἀνθ’
1594 2015 1669 2068 ὤν
1701 2017 1814 2088 44)
1847 2012 2052 2089 βαστά-

394 2106 485 2170 ζει
513 2101 581 2155 τὰ
620 2096 897 2174 σύμϐολα.
937 2106 1048 2159 Τοῦ
1078 2099 1137 2157 δὲ
1167 2107 1366 2178 συρτοῦ
1401 2103 1579 2178 βήλου
1627 2104 1929 2179 συρομένου
1958 2104 2047 2159 καὶ

387 2192 491 2243 τοῦ
545 2188 957 2268 όρφανοτρόφου
1016 2189 1455 2268 ἐμφανιζομένου
1518 2195 1598 2264 τῷ
1657 2190 1895 2266 βασιλεῖ,
1958 2192 2048 2245 ἄν-

395 2275 608 2332 ίσταται
639 2279 752 2351 (45)
785 2279 813 2332 6
845 2278 1103 2354 βασιλεὺς
1144 2280 1250 2334 ὰπὸ
1290 2285 1388 2336 τοῦ
1436 2279 1654 2353 θρόνου,
1688 2277 2046 2358 ἐκδεχόμενος

391 2365 636 2439 δέξασθαι
666 2369 730 2423 τὸ
766 2374 867 2438 τῆς
924 2368 1158 2432 πίστέως
1207 2364 1514 2444 σύμϐολον,
1546 2370 1636 2426 καὶ
1691 2374 1852 2426 τοῦτο
1903 2367 2045 2441 δεξά-

391 2477 547 2531 μενος
595 2457 686 2512 καὶ
733 2457 1135 2532 ἀσπασάμενος,
1185 2456 1470 2514 ἐπιδίδωσι
1527 2464 1608 2532 τῷ
1676 2460 2042 2534 πραιποσίτῳ,

390 2547 480 2602 καὶ
545 2546 770 2610 τελέσας
829 2550 940 2620 (46)
995 2548 1090 2610 τὰς
1139 2549 1190 2619 ἐξ
1221 2543 1376 2611 ἔθους
1422 2553 1572 2625 τρεῖς
1626 2552 2042 2624 προσκυνήσεις,

2161 1927 2314 1998 phus
2335 1931 2654 1998 comparet,
2680 1926 2998 1999 imperator
3030 1943 3062 1983 a
3091 1927 3302 1985 throno
3333 1930 3544 1998 surgit,
3567 1930 3808 1987 inteme-

2161 2018 2298 2070 ratae
2343 2023 2674 2086 sanctasque
2703 2013 2837 2071 ﬁdei
2867 2014 3200 2087 symbolum
3241 2022 3614 2089 excepturus,
3647 2021 3804 2090 quod

2151 2106 2462 2174 postquam
2511 2103 2736 2176 accepit
2783 2107 2842 2159 et
2885 2104 3180 2162 osculatus
3229 2109 3340 2176 est,
3380 2106 3438 2160 id
3490 2107 3801 2178 praeposito

2150 2192 2324 2247 tradit
2347 2209 2361 2248 :
2385 2191 2484 2246 ille
2515 2196 2644 2262 post
2673 2200 2898 2247 ternam
2915 2193 3315 2248 adorationem
3337 2194 3606 2265 symbols
3626 2196 3802 2267 impe-

2151 2281 2326 2338 ratori
2380 2281 2594 2350 reddit,
2649 2296 2892 2336 manum
2946 2282 3076 2352 ejus
3134 2283 3454 2351 osculatur,
3515 2288 3594 2352 et,
3643 2300 3805 2342 versa

2151 2387 2382 2443 semper
2408 2371 2478 2426 ad
2498 2385 2631 2426 eum
2656 2368 2821 2438 facie,
2847 2369 3255 2439 discedens,in
3283 2370 3474 2426 medio
3508 2371 3799 2440 subsistit,

2151 2461 2560 2533 imperatorem
2598 2475 2780 2530 prono
2812 2458 2872 2514 in
2903 2463 3111 2516 terram
3137 2459 3298 2515 vultu
3331 2462 3563 2529 adorat,
3586 2462 3802 2519 fausta-

2150 2565 2262 2622 que
2291 2548 2489 2604 omnia
2520 2548 2632 2620 ipsi
2665 2554 3035 2620 apprecatus,
3066 2548 3334 2604 discedit.

390 2634 674 2693 ἐπιδίδωσι
728 2642 810 2711 τῷ
868 2638 1088 2714 βασιλεῖ
1131 2639 1197 2696 τὰ
1253 2635 1530 2713 σύμϐολα,
1563 2639 1938 2714 ἀσπαζόμενος
1993 2641 2097 2710 τήν
2159 2643 2323 2717 χεῖρα
2380 2639 2571 2710 αὐτοῦ,
2607 2636 2698 2692 καὶ
2755 2635 3006 2692 ἀπελθὼν
3045 2636 3692 2715 ὀπισθοφανῶς,⁹ίσταται
3747 2638 3798 2695 ἐν

387 2733 465 2802 τῷ
508 2727 678 2803 μέσῳ,
711 2730 799 2785 καὶ
830 2731 1208 2806 προσκυνήσας
1237 2731 1332 2786 τὸν
1363 2729 1610 2805 βασιλέα,
1643 2729 1827 2786 πίπτει
1857 2730 2028 2799 κάτω,
2059 2729 2150 2784 καὶ
2183 2727 2610 2803 ὑπερευξάμενος
2643 2725 2826 2794 αὐτὸν,
2857 2726 3156 2805 ἐξέρχεται,

459 2825 531 2876 B'.
571 2819 701 2884 Eii)"
754 2819 926 2882 οὕτως
989 2815 1261 2893 λαμϐάνει
1317 2825 1488 2894 νεῦμα
1537 2822 1565 2876 6
1607 2819 1881 2896 ὀστιάριος
1951 2818 2042 2874 καὶ

389 2907 592 2986 εΐσάγει
626 2907 801 2984 βῆλον
837 2911 906 2984 β’,
936 2910 1028 2965 τὸν
1062 2908 1428 2985 σακελλάριον
1455 2918 1559 2980 τῆς
1588 2910 1778 2987 Ἀγίας
1813 2912 2038 2986 Σοφίας,

385 2997 762 3076 προσφέροντα
799 3003 876 3070 τῷ
926 2997 1147 3074 βασιλεῖ
1201 3001 1488 3069 σταυροὺς,
1529 2997 1910 3074 ἐπικειμένους
1961 3005 2042 3072 τῷ

383 3088 646 3162 ἀριστερῷ
678 3088 846 3143 αὐτοῦ
877 3086 1038 3161 ὤμῳ,
1083 3087 1137 3143 ἐν
1169 3085 1226 3144 δὲ
1256 3093 1327 3164 τῇ
1371 3085 1517 3160 δεξιᾷ
1547 3091 1697 3167 χειρί
1736 3093 2042 3162 κρατοῦντα

382 3177 608 3251 σταυρὸν
639 3173 752 3245 ἕνα,
783 3178 869 3232 καὶ
932 3176 1190 3233 εἰσελθὼν
1227 3183 1524 3253 προσκυνεῖ
1570 3179 1660 3234 καὶ
1705 3178 1868 3242 αὐτὸς
1915 3178 2035 3253 τρί-

381 3285 500 3332 τον,
532 3265 605 3327 ὠς
637 3267 671 3335 ἡ
702 3265 849 3338 τάξις
879 3264 1018 3341 ἔχει,
1050 3267 1141 3320 καὶ
1197 3263 1514 3322 ἐπιδίδωσιν
1575 3266 1629 3322 ἐν
1665 3269 1908 3341 πρώτοις
1958 3271 2038 3339 τῷ

386 3351 609 3429 βασιλεῖ
652 3353 742 3410 τὸν
800 3357 1049 3430 σταυρὸν,
1082 3355 1139 3410 ’ὸν
1190 3359 1411 3432 κατέχει
1459 3356 1514 3410 ἐν
1558 3361 1627 3429 τῇ
1671 3355 1818 3430 δεξιᾷ
1867 3353 2037 3431 χειρί,

383 3444 759 3516 ἀσπαζόμενος
805 3446 904 3516 τήν
949 3450 1112 3524 χεῖρα
1161 3446 1349 3502 αὐτοῦ.
1383 3447 1446 3503 Ὀ
1479 3443 1535 3502 δὲ
1585 3445 1843 3520 βασιλεὺς
1887 3444 2040 3517 δεξά-

387 3553 548 3607 μενος
574 3533 667 3589 τὸν
719 3535 976 3608 σταυρὸν,
1010 3534 1305 3605 ἀσπάζεται
1363 3535 1548 3606 αὐτὸν,
1580 3535 1669 3591 καὶ
1720 3532 2036 3591 ἐπιδίδωσιν

387 3623 548 3679 αὐτὸν
577 3629 657 3697 τῷ
687 3625 1160 3700 πραιποσίτῳ,καὶ
1188 3627 1288 3690 εἶθ’
1319 3625 1496 3691 οὕτως
1524 3623 1808 3682 ἐπιδίδωσι
1838 3630 1916 3698 τῷ
1940 3627 2040 3701 βα-

390 3710 535 3768 σιλεῖ
561 3715 652 3768 καὶ
683 3714 810 3778 τοὺς
839 3713 1068 3777 λοιποὺς
1101 3713 1487 3789 σταυροὺς,καὶ
1519 3711 1807 3787 δεξάμενος
1836 3713 2037 3777 αὐτοὺς

387 3800 702 3873 ἀσπάζεται,
733 3803 822 3858 καὶ
853 3800 1138 3859 ἐπιδίδωσι
1168 3802 1258 3858 καὶ
1307 3803 1505 3864 αὐτοὺς
1543 3808 1621 3874 τῷ
1667 3805 2034 3876 πραιποσίτῳ.

390 3889 490 3948 Καὶ
538 3889 792 3956 ἃπελθὼν
845 3893 873 3947 6
931 3891 1090 3955 αὐτὸς
1149 3890 1514 3967 σακελλάριος
1577 3889 1796 3948 ’ίσταται
1855 3891 1909 3947 ἐν
1958 3896 2037 3964 τῷ

390 3981 560 4054 μέσῳ,
591 3983 681 4037 καὶ
738 3982 916 4037 πεσὼν
967 3984 1118 4038 κάτω
1168 3988 1463 4057 προσκυνεὶ
1509 3982 1604 4037 τὸν
1661 3980 1916 4056 βασιλέα,
1945 3982 2036 4036 καὶ

387 4070 814 4146 ὑπερευξάμενος
845 4071 1030 4141 αὐτὸν,
1058 4070 1337 4148 ἐξέρχεται
1365 4090 1378 4103 ⁸
1417 4075 1580 4128 τοῦτο
1612 4068 1670 4126 δὲ
1695 4075 1913 4127 ποιοῦσι
1943 4073 2033 4127 καὶ

385 4159 437 4214 οἱ
485 4158 684 4216 λοιποὶ
736 4157 982 4230 ἅπαντες,
1016 4161 1398 4241 εἰσερχόμενοι
1453 4161 1587 4236 μετὰ
1637 4166 1868 4238 σταυροῦ
1915 4163 2034 4226 καθ’

379 4247 586 4323 Evam)
614 4247 840 4306 ἕκαστον
895 4249 1092 4327 βῆλον.
1128 4251 1226 4307 Καὶ
1271 4251 1508 4323 ἐξελθὼν
1565 4249 1732 4307 πάλιν
1779 4251 1806 4306 6
1853 4251 2038 4306 όστιά-

387 4357 522 4410 ριος,
569 4339 771 4414 είσάγει
818 4341 924 4397 ἀπὸ
972 4340 1274 4404 κελεύσεως
1331 4341 1506 4417 βῆλον
1544 4342 1610 4416 γ’,
1632 4341 1723 4397 τὸν
1771 4341 2038 4418 σκευοφύ-

2223 2820 2296 2876 II.
2322 2819 2549 2875 Rursus
2570 2818 2738 2892 signo
2760 2824 3016 2888 accepto,
3039 2817 3347 2874 ostiarium
3379 2818 3566 2876 velum
3590 2835 3796 2876 secun-

2153 2910 2318 2976 dum,
2334 2907 2700 2965 sacellarium
2718 2907 2940 2963 Sanctae
2955 2907 3205 2978 Sophia,
3223 2907 3554 2978 imperatori
3570 2925 3795 2978 cruces,

2154 2999 2398 3054 sinistro
2422 2998 2667 3052 humero
2690 2997 3014 3065 impositas,
3036 2996 3398 3062 oblaturum,
3422 2997 3574 3051 102
3597 2997 3796 3052 dextra

2153 3094 2352 3144 autem
2393 3102 2628 3142 crucem
2671 3085 2843 3141 aliam
2889 3088 3242 3156 gestantem,
3271 3086 3529 3152 adducit,
3564 3087 3664 3158 qui
3705 3087 3794 3142 in-

2149 3192 2388 3250 gressus
2434 3191 2592 3243 eum,
2631 3175 2714 3228 uti
2752 3173 3176 3230 consuetudine
3225 3178 3523 3242 receptum
3567 3178 3676 3241 est,
3709 3179 3796 3229 ter

2148 3267 2373 3335 adorat,
2405 3270 2464 3320 et
2511 3280 2701 3329 cruce,
2750 3279 2927 3335 quam
2973 3262 3172 3318 dextra
3207 3276 3382 3318 manu
3429 3266 3634 3334 portat,
3672 3263 3794 3334 prio

2151 3372 2308 3412 mum
2358 3353 2694 3426 imperatori
2743 3351 2974 3418 tradita,
3006 3353 3132 3420 ejus
3187 3367 3422 3406 manum
3471 3351 3791 3408 osculatur.

2149 3445 2466 3516 Imperator
2487 3458 2720 3498 crucem
2742 3442 3042 3498 osculatur
3065 3457 3309 3512 eamque
3333 3440 3637 3512 praeposito
3667 3441 3789 3511 dat,

2147 3535 2246 3591 ille
2284 3541 2421 3591 tunc
2453 3541 2511 3589 et
2553 3532 2805 3604 reliquas
2845 3547 3046 3588 cruces
3088 3531 3424 3604 imperatori
3458 3531 3644 3600 offert,
3693 3532 3794 3603 qui

2146 3639 2244 3680 eas
2274 3622 2594 3690 osculatus,
2623 3621 2936 3694 praeposito
2979 3620 3179 3677 tradit.
3214 3619 3564 3678 Sacellarius
3594 3621 3790 3677 disce-

2146 3714 2290 3768 dens
2312 3715 2369 3768 in
2396 3712 2587 3768 medio
2611 3711 2906 3775 subsistit,
2942 3713 3000 3766 et
3030 3711 3442 3781 procumbens,
3479 3709 3790 3778 imperato-

2147 3818 2268 3858 rem
2294 3801 2516 3870 adorat,
2533 3800 2702 3870 eique
2724 3798 2915 3854 felicia
2934 3803 3300 3867 apprecatus,
3324 3796 3443 3851 abit
3467 3811 3480 3849 :
3508 3797 3613 3850 hoc
3634 3796 3788 3850 idem

2147 3890 2382 3962 reliqui,
2432 3904 2567 3946 cum
2617 3903 2790 3944 cruce
2843 3886 2902 3941 in
2953 3898 3307 3956 unoquoque
3357 3882 3479 3939 velo
3517 3882 3787 3954 ingressi,

2145 3979 2387 4034 faciunt.
2447 3974 2739 4032 Ostiarius
2805 3991 2839 4029 a
2897 3974 3174 4029 mandato
3237 3987 3438 4028 rursus
3493 3986 3788 4044 egressus,

2143 4067 2337 4123 velum
2387 4064 2643 4131 tertium,
2703 4062 3000 4118 custodem
3061 4076 3326 4116 vasorum
3395 4060 3790 4116 Sacrosanctas

2151 4156 2406 4228 Deiparm
2453 4153 2512 4208 in
2547 4149 2879 4207 Blachernis
2922 4165 3055 4205 cum
3087 4147 3439 4204 chartulario
3480 4149 3667 4204 sancti
3699 4163 3789 4204 se-

2145 4246 2363 4320 pulcri;
2387 4249 2683 4316 quartum,
2699 4239 3112 4314 hospitalarem
3135 4237 3472 4310 Theophili;
3496 4237 3787 4309 quintum,

2145 4336 2439 4410 principes
2470 4333 2830 4399 factionum;
2863 4336 3115 4398 sextum,
3161 4328 3573 4400 hospitalarem
3616 4327 3785 4383 Sam-

387 4422 527 4481 λακα
554 4433 656 4496 τῆς
685 4428 1012 4505 ’Τπεραγίας
1061 4415 1338 4487 Θεοτόκου-
1367 4434 1475 4485 τῶν
1529 4428 1858 4506 Βλαχερνῶν
1901 4415 2037 4502 μετᾶ

2157 4425 2348 4499 psonis
2369 4442 2383 4493 ;
2408 4423 2745 4496 septimum,
2772 4418 3190 4492 hospitalarem
3221 4418 3433 4476 Eubuli
3458 4422 3787 4488 ;octavum,

1739 4528 1979 4586 VARUS
2019 4524 2431 4585 LECTIONES.

461 4616 507 4652 ¹⁶
527 4619 648 4674 κατ’
667 4613 760 4674 ἕνα
787 4621 879 4678 ed.
961 4691 965 4694 ι

1419 4711 1616 4768 JOAN.
1658 4711 1796 4766 JAC.
1843 4710 2108 4768 REISKlI
2157 4702 2756 4766 COMMENTARIUS.

460 4809 1046 4881 (43)_Enuntiavitin
1096 4809 1326 4881 plurali,
1359 4809 1500 4880 quia
1555 4809 1723 4880 plura
1779 4809 2046 4880 ejusdem

392 4879 681 4968 immolre,
710 4881 970 4968 Symboli
999 4879 1131 4968 ﬁdei
1155 4879 1838 4968 Niczg_nigputa,’exempla
1855 4886 2042 4968 erant.

388 4950 637 5024 Quiqngn
668 4945 880 5024 autem
923 4952 1137 5024 fuerint
1175 4951 1227 5006 οἱ
1275 4949 1323 5020 ἐξ
1367 4945 1939 5024 ἔδουςίλαμϐάνοντες
1975 4949 2038 5024 τά

391 5014 671 5094 σύμϐολα,
698 5021 810 5094 illi,
845 5022 942 5094 qui
965 5038 996 5078 ο
1029 5024 1202 5078 veteri
1237 5014 1794 5094 institutoSymboli
1819 5023 2035 5078 Nicmni

390 5091 769 5167 exemplaria
791 5091 1122 5167 acciperent
1151 5091 1915 5167 abnorphanotr'opheorum
1947 5095 2036 5150 in-

387 5169 652 5238 spectore
703 5163 816 5238 sibi
883 5163 1135 5238 tradita,
1170 5165 1316 5238 mihi
1340 5163 1480 5223 'non
1540 5163 1791 5232 constat,
1847 5181 2036 5238 neque

390 5234 636 5293 memini
667 5235 993 5308 quidquam
1022 5236 1182 5310 _al_ibi
1215 5236 1287 5293 de
1333 5237 1643 5310 hocimore
1683 5234 2040 5310 exemplaria

386 5323 563 5365 manu
604 5306 848 5365 exarata
887 5306 1289 5381 symbolarum
1339 5309 1472 5365 ﬁdei
1519 5306 1907 5366 distribuendi
1952 5308 2037 5366 le-

430 5395 547 5435 61⁵6.

388 5395 569 5523 μῖξί)
601 5451 899 5523 Propterea
929 5450 1088 5523 quod.
1124 5451 1189 5505 In
1217 5448 1568 5523 Anlhologia
1601 5451 1819 5523 inedita
1844 5452 2037 5506 Carm.

383 5521 510 5588 649,
557 5521 720 5591 quod
762 5521 953 5578 etiam‘
981 5539 1050 5578 ex
1094 5523 1349 5594 Gruteroﬁ
1402 5521 1579 5594 apud,
1624 5522 2039 5579 Fleedwodum

389 5595 450 5650 in
479 5594 714 5668 Sylloge
740 5593 1192 5668 inscriptionum
1222 5599 1279 5668 et
1298 5593 1688 5668 Mura_toriur_n_
1715 5594 1966 5666 legitur:

477 5660 606 5744 510'
736 5660 794 5720 δὶ
824 5660 1398 5744 χρᾷνίσαςιζφετήσιον
1427 5661 1528 5722 οὒκ
1559 5660 1827 5736 ἆπὲδωκὶ,
1857 5668 1967 5724 etc.

467 5733 752 5813 ’Δλγήσας
781 5733 936 5814 φρῖσὶ
966 5733 1220 5796 πολλᾶζ..
1264 5733 1274 5736 ⁷
1541 5748 1544 5750 ⁷

2155 4807 2235 4862 De
2283 4820 2442 4860 more
2490 4801 2698 4858 diebus
2745 4799 3062 4857 Dominicis
3103 4806 3202 4856 aut
3232 4798 3394 4856 festis
3446 4797 3786 4869 majoribus,

2153 4879 2292 4934 item
2316 4876 2363 4933 si
2388 4875 2518 4945 quis
2548 4889 2776 4945 sacrum
2812 4872 2950 4944 quid
2978 4887 3217 4945 corpore
3247 4872 3438 4945 ferret,
3461 4886 3654 4945 coram
3687 4885 3786 4924 su-

2145 4949 2371 5077 periore
2400 4940 2515 5001 non
2549 4940 2912 5027 procidendi,
2944 4945 3030 5013 egi
3061 4940 3132 4998 ad
3159 4959 3289 5016 pag.
3313 4943 3437 5012 240,
3463 4942 3562 4998 ubi
3591 4940 3785 4997 locum

2192 5037 2305 5075 unc
2335 5032 2598 5077 exnosui.

2192 5037 2305 5075 unc
2335 5032 2598 5080 εκοοειιι.

2217 5092 2332 5162 (45)
2378 5089 2626 5162 Honoris
2670 5085 3043 5162 significandi
3075 5101 3273 5153 causa,
3315 5101 3488 5157 quem
3519 5080 3785 5156 symbolo

2149 5157 2282 5219 ﬁdei
2314 5157 2602 5227 exhibeat,
2638 5157 2788 5230 cum
2811 5157 2966 5214 alias
3007 5173 3196 5230 neque
3240 5172 3564 5227 procerum,
3586 5169 3787 5230 neque

2149 5234 2520 5308 principum,
2541 5245 2741 5308 neque
2777 5226 3466 5304 legatorum'exterorum
3507 5226 3784 5298 cuiquam

2147 5303 2478 5374 assurgeret
2507 5303 2882 5374 imperator...

2222 5369 2335 5450 (46)
2350 5377 2514 5432 Redit
2535 5372 3194 5456 ad..orphanotro_phum‘.
3209 5372 3526 5456 Postquam
3541 5369 3787 5456 dixisset

2150 5440 2372 5517 auctor,
2435 5463 2560 5520 quas
2608 5440 2921 5517 imperator
2970 5440 3186 5501 faceret
3232 5440 3466 5513 accepto
3523 5440 3787 5516 symbolo

2150 5519 2568 5589 fidei,subjicit
2597 5533 2723 5589 qua
2756 5517 3262 5588 orphanotrophus
3293 5516 3466 5589 faciat
3493 5514 3637 5589 illud
3671 5517 3788 5589 tra-

2149 5577 2360 5650 dendo.
2389 5577 3126 5660 Similis'constr'uctioest'
3144 5604 3289 5660 pag.
3319 5588 3438 5660 102,
3475 5577 3788 5660 ub_i_é1:_z8{-

2150 5660 2295 5736 δωσι
2308 5663 2524 5736 pariter
2545 5677 2660 5719 non
2679 5663 2746 5718 ad
2772 5655 3169 5734 praepositum]
3194 5655 3296 5717 scd
3321 5659 3390 5715 ad
3413 5655 3783 5715 sacellarium

2152 5735 2424 5809 pertinet.
