4158 6212
332 379 450 441 415

1427 371 1948 436 CONSTANTINI
1988 373 2677 437 PORPHYHOGENITI

3627 384 3743 445 416

330 511 954 586 hospitalaremlrenes
975 526 1253 579 ;nonum,
1268 509 1685 582 bospitalarem
1709 507 1964 566 Narsetie

2086 511 2183 563 τοῦ
2216 508 2632 583 χαρτουλαρίου
2674 515 2775 580 τῆς
2828 510 3021 587 ’Δγῐας
3064 512 3281 586 Σορσῖν
3336 508 3511 587 βῆλον
3554 508 3618 582 δ’,
3648 515 3740 570 τὸν

332 607 648 671 decimum,
674 602 1080 674 bospitalarem
1101 606 1319 658 Sancta
1340 601 1563 672 Irenes;
1594 600 1971 657 undecimum

331 691 549 760 velum,
582 693 883 746 senatores
937 688 1118 756 urbis,
1167 689 1428 745 adducit.
1462 688 1534 745 Hi
1578 704 1804 754 omnes,
1837 703 1970 743 cum

329 780 605 838 crucibus
662 776 933 850 ingressi,
992 793 1060 833 ea
1116 794 1244 849 quea
1300 794 1482 851 supra
1536 774 1973 834 observavimus

276 908 283 911 -
328 872 636 941 peragunt.

2086 595 2371 673 ξενοδόχον
2401 601 2516 673 (47)
2542 603 2651 655 τῶν
2698 599 3012 679 Θεοφίλου·
3060 598 3238 674 βῆλον
3289 602 3347 671 ε’,
3387 602 3515 664 τοὺς
3566 599 3743 675 δημο-

2084 686 2284 762 κράτας
2330 692 2441 742 τῶν
2480 692 2782 761 περατικῶν
2830 685 3061 760 δήμων*
3118 688 3295 764 βῆλον
3346 690 3411 758 ς’,
3455 690 3548 746 τὸν
3601 691 3747 762 ξενο-

2085 773 2254 851 δόχον
2285 780 2395 832 τῶν
2425 780 2667 851 Σαμψὼν
2694 796 2707 810 ·
2748 777 2926 852 βῆλον
2964 782 3030 846 ζ’,
3060 777 3153 832 τὸν
3184 774 3473 855 ξενοδόχον
3499 783 3609 834 τῶν
3644 779 3744 838 Εὗ-

2084 859 2313 921 6ον5λου·
2342 866 2514 941 βῆλον
2533 867 2711 935 η’,τὸν
2736 862 3029 945 ξενοδόχον
3052 869 3160 922 τῶν
3185 867 3446 941 Εἰρήνηςο
3476 867 3656 944 βῆλον
3676 871 3739 939 θ’,

328 956 420 1011 τὸν
454 951 742 1031 ξενοδόχον
769 957 877 1009 τῶν
911 955 1129 1027 Ναρσοῦ
1154 973 1169 988 ο
1224 953 1398 1031 βῆλον
1434 954 1489 1025 ι’,
1517 954 1610 1009 τὸν
1640 948 1929 1033 ξενοδὸχον
1962 956 2068 1008 τῶν
2098 959 2197 1024 τῆς
2235 952 2424 1030 Ἀγίας
2466 954 2734 1030 Εἰρήνης·
2774 954 2947 1030 βῆλον
2984 961 3069 1022 ια’,
3097 954 3226 1018 τοὺς
3266 952 3593 1032 δημάρχους
3641 963 3741 1027 τῆς

333 1045 647 1115 πολιτικῆς.
679 1048 950 1108 ’Ἀπαντες
983 1042 1041 1101 δὲ
1072 1046 1220 1101 οὗτοι
1252 1045 1650 1122 εἰσερχόμενοι,
1687 1044 2040 1119 βαστάζοντες
2069 1047 2352 1115 σταυροὺς,
2394 1045 2644 1102 τελοῦσιν
2670 1046 2893 1114 ἅπαντα,
2925 1046 3000 1110 ὡς
3030 1046 3283 1123 ἀνωτέρω
3312 1046 3546 1123 εἴρηται.

398 1140 496 1194 ΙΙΙ.
533 1140 656 1204 Quo
699 1139 871 1207 facto,
905 1138 1223 1210 imperator
1267 1138 1669 1210 praepositum,
1702 1137 1795 1192 hic
1826 1136 1971 1193 ceri-

328 1227 680 1285 moniarium
696 1227 888 1298 jubet,
906 1230 989 1294 ut,
1007 1245 1108 1298 pro
1124 1243 1283 1283 more
1297 1227 1639 1283 accedentes
1654 1241 1971 1299 crucesque

324 1336 394 1375 ex
414 1316 782 1388 imperatoris
805 1316 1078 1372 manibus
1102 1324 1443 1387 sumpturos
1475 1333 1580 1372 suo
1612 1316 1816 1371 ordine
1847 1316 1971 1371 col-

321 1407 492 1475 locet,
517 1410 581 1462 ut
618 1405 833 1479 singuli
867 1406 1191 1462 secundum
1229 1406 1495 1462 ordinem
1529 1422 1594 1461 ac
1626 1406 1967 1478 dignitatem

319 1513 489 1555 suam
514 1496 932 1569 ingrediantur.
959 1496 1072 1566 Sic,
1104 1496 1150 1551 si
1174 1496 1409 1565 adsunt,
1436 1495 1683 1567 patricii,
1708 1496 1965 1566 strategi,

322 1587 588 1644 cubiculo
615 1586 881 1655 praefecti,
910 1585 1236 1653 domestici,
1263 1584 1468 1657 primis
1508 1584 1719 1641 ofﬁciis
1750 1585 1967 1641 admoti

321 1682 379 1734 et
410 1676 628 1744 vicarii,
656 1674 873 1746 singuli
912 1691 1012 1746 pro
1045 1690 1226 1739 more,
1255 1674 1314 1728 in
1358 1690 1703 1745 unoquoque
1738 1674 1861 1729 velo
1897 1675 1965 1729 ad

322 1765 730 1835 imperatorem
795 1764 1037 1818 intrant.
1091 1764 1399 1834 Postquam
1442 1777 1575 1818 vero
1629 1762 1688 1817 in
1748 1766 1965 1818 terram

322 1853 771 1928 procumbentes
830 1869 964 1907 eum
1024 1852 1364 1919 adorarunt,
1426 1851 1673 1923 singulis
1733 1868 1962 1907 crucem

322 1944 521 2010 donat,
560 1941 620 1996 bi
660 1940 847 1996 felicia
876 1942 1211 2012 imperatori
1243 1941 1561 2013 apprecati,
1604 1942 1833 1996 abeunt.
1870 1941 1963 1997 Sic

323 2046 553 2103 quoque
602 2046 913 2102 processus
962 2029 1021 2084 in
1075 2030 1330 2085 lausiaco
1386 2046 1418 2083 a
1470 2030 1739 2084 mandato
1799 2029 1970 2085 insti-

322 2120 528 2189 tuitur,
562 2135 880 2190 omnesque
926 2135 1025 2189 per
1068 2118 1499 2189 monothyram,
1535 2134 1661 2190 quis
1711 2119 1782 2173 ad
1825 2135 1965 2174 tera-

322 2208 471 2264 rium
517 2208 805 2280 privatum
847 2206 905 2260 in
953 2207 1149 2276 phiala
1197 2215 1420 2262 secreta
1455 2206 1738 2262 triconchi
1784 2207 1964 2265 ducit.

321 2314 516 2355 cereos
574 2296 1031 2368 processionales
1088 2301 1405 2368 gestantes,
1455 2298 1799 2368 procedunt,
1856 2296 1968 2352 im-

321 2393 553 2460 perator
584 2384 1119 2459 cbrysotriclinium
1152 2385 1311 2457 petit,
1347 2386 1699 2453 sacerdotes,
1733 2402 1963 2442 crucem

322 2477 576 2533 ecclesia:
618 2476 1010 2547 praeferentes,
1050 2492 1080 2531 e
1114 2475 1328 2547 templo
1368 2475 1536 2532 Phari
1572 2477 1879 2548 prodeunt,
1909 2480 1969 2532 et

321 2569 543 2624 interea
574 2567 893 2639 troparium
930 2567 1353 2638 processiouis:
1399 2589 1427 2616 «
1460 2570 1839 2622 Communem
1871 2582 1966 2622 re-

324 2657 758 2722 surrectionem,
792 2678 819 2707 »
855 2656 1256 2712 exordiuntur.
1291 2657 1630 2727 Imperator,
1661 2654 1968 2711 cubicula-

322 2748 426 2803 riis
461 2746 898 2809 comitantibus,
925 2746 1352 2817 processionem
1389 2746 1653 2813 sequitur
1691 2749 1746 2801 et
1777 2744 1963 2800 hemi-

321 2836 545 2909 cyclum
583 2834 789 2905 phialae
822 2833 1102 2890 triconchi
1128 2836 1287 2905 petit,
1313 2834 1412 2888 ubi
1446 2833 1695 2903 patricii,
1729 2838 1966 2889 senatus

318 2926 627 2996 omnisque
668 2941 881 2997 pompa
916 2940 1050 2980 eum
1084 2922 1331 2993 excipit:
1368 2923 1524 2978 unde
1566 2924 1636 2979 ad
1671 2924 1964 2995 daphnem

315 3016 756 3089 pergens,103
781 3014 1072 3086 templum
1095 3013 1312 3068 Sancta:
1341 3012 1591 3085 Deiparaa
1616 3014 1963 3086 ingreditur,

315 3122 565 3178 cumque
587 3106 771 3162 cereis
810 3103 1072 3160 accensis
1116 3108 1403 3175 precatus,
1431 3116 1724 3159 extensum
1766 3103 1846 3159 ibi
1875 3120 1966 3159 ca-

316 3193 424 3260 nit,
460 3196 529 3250 ad
581 3210 782 3250 cruces
816 3192 1059 3259 accedit,
1099 3198 1483 3263 precatusque
1516 3209 1618 3264 per
1646 3190 1962 3248 triclinium

2153 1136 2225 1191 I".
2261 1135 2381 1200 Εἶθ’
2415 1136 2589 1198 οὕτως
2627 1134 2838 1191 κελεύει
2874 1137 2902 1191 6
2955 1135 3211 1211 βασιλεὺς
3259 1142 3340 1210 τῷ
3385 1138 3739 1215 πραιποσίτιρ

2082 1226 2330 1288 κάκεῖνος
2383 1230 2463 1298 τῷ
2512 1233 2613 1296 τῆς
2668 1227 3068 1295 καταστάσεως,
3106 1227 3259 1292 ὅπως
3321 1228 3450 1293 τοὺς
3491 1229 3543 1302 ἐξ
3590 1223 3743 1292 ἔθους

2082 1314 2506 1391 εἷσερχομένους
2567 1316 2657 1371 καὶ
2733 1312 3117 1388 λαμϐάνοντας
3191 1317 3459 1393 σταυροὺς
3516 1318 3576 1373 ἐκ
3631 1322 3739 1373 τῶν

2082 1409 2284 1481 χειρῶν
2344 1410 2442 1460 τοῦ
2517 1404 2789 1480 βασιλέως
2843 1404 3162 1482 διευθετήσῃ
3208 1410 3270 1477 ³⁷,
3322 1407 3473 1469 ὅπως
3512 1404 3739 1470 ἕκαστος

2079 1494 2255 1549 αὐτῶν
2301 1495 2438 1549 κατά
2483 1496 2581 1564 τήν
2642 1493 2807 1550 αὐτοῦ
2853 1495 3000 1566 τάξιν
3050 1497 3139 1551 καὶ
3188 1498 3359 1570 τιμὴν
3427 1495 3734 1562 εἰσέλθωσι.

2079 1584 2182 1640 Καὶ
2216 1583 2560 1662 εἰσέρχονται
2610 1585 2917 1658 πατρίκιοι,
2949 1585 2994 1639 εἷ
3040 1584 3277 1661 τύχωσι,
3309 1585 3401 1640 καὶ
3439 1588 3734 1663 στρατηγοί

2078 1673 2166 1727 καὶ
2201 1672 2256 1726 οἳ
2288 1673 2552 1748 ἄρχοντες
2594 1678 2692 1728 τοὺ
2742 1669 3166 1748 κουόουκλείου,
3204 1673 3515 1749 δομέστικοί
3544 1696 3601 1730 τε
3644 1673 3733 1730 καί

2079 1762 2129 1818 oi
2167 1761 2235 1816 τὰ
2282 1767 2474 1836 πρῶτα
2532 1763 2760 1843 ὀφφίκια
2811 1762 3146 1842 κατέχοντες
3202 1765 3291 1819 καὶ
3332 1765 3730 1840 τοποτηρηταὲ,

2078 1852 2128 1906 οἱ
2164 1853 2411 1922 συνήθως
2444 1852 2823 1927 εἰσερχόμενοι
2856 1852 3051 1914 πάντες
3074 1852 3127 1909 ἐν
3153 1854 3224 1908 ivi
3252 1854 3411 1928 βήλῳ
3443 1851 3730 1929 στιχηδόν.

2080 1942 2354 1996 Πεσόντων
2408 1938 2463 1995 δὲ
2507 1942 2595 1995 καὶ
2644 1944 3138 2014 προσκυνησάντων
3185 1944 3276 1997 τὸν
3321 1942 3572 2018 βασιλέα,
3615 1940 3734 1998 ἐπι-

2080 2027 2299 2084 δίδωσιν
2329 2030 2404 2085 ἒνῖ
2440 2031 2648 2102 ἑκάστῳ
2691 2031 2718 2085 6
2771 2030 3026 2107 βασιλεὺς
3057 2030 3157 2087 ἀνά
3196 2031 3423 2105 σταυρὸν
3472 2030 3563 2088 ἕνα
3594 2034 3731 2106 (48),

2078 2119 2169 2173 καὶ
2230 2122 2646 2194 ὑπερευξάμενοι
2739 2121 2833 2175 τὸν
2923 2120 3170 2194 βασιλέα,
3249 2120 3584 2196 ἐξέρχονται,
3642 2121 3730 2176 καὶ

2079 2207 2175 2262 εἶθ’
2226 2208 2398 2271 οὕτως
2449 2207 2657 2265 δίδοται
2711 2209 2815 2264 ἀπὸ
2862 2209 3165 2272 κελεύσεως
3224 2212 3629 2284 μεταστάσιμον
3677 2210 3727 2265 ἐν

2075 2302 2156 2369 τῷ
2187 2296 2493 2369 λαυσιακῷ.
2530 2299 2633 2353 Καὶ
2688 2298 3023 2375 ἀπέρχονται
3073 2302 3302 2363 ἅπαντες
3352 2297 3442 2355 διὰ
3486 2303 3586 2355 τοῦ
3637 2320 3732 2373 μο-

2076 2387 2305 2463 νοθύρου
2335 2393 2432 2444 τοῦ
2475 2385 2629 2451 ὄντος
2687 2388 2775 2444 ἐπὶ
2828 2390 2919 2444 τὸν
2955 2390 3003 2428 ¹⁸
3032 2387 3231 2445 είδικὸν
3278 2389 3333 2445 ἐν
3379 2391 3451 2462 τῇ
3491 2392 3727 2463 μυστικῇ

2078 2476 2250 2557 φιάλῃ
2318 2482 2415 2533 τοῦ
2472 2480 2803 2554 τρικόγχου,
2857 2478 3210 2555 βαστάζοντες
3272 2481 3502 2544 ἅπαντες
3550 2479 3725 2534 αὐτῶν

2076 2571 2244 2642 κηρία
2271 2574 2372 2636 τῆς
2413 2566 2596 2638 λιτῆς,
2631 2569 2657 2623 6
2693 2567 2747 2623 δὲ
2782 2569 3040 2646 βασιλεὺς
3073 2569 3347 2645 ἐξέρχεται
3380 2569 3433 2625 ἒν
3474 2574 3554 2642 τῷ
3594 2589 3730 2645 χρυ⁹

2078 2656 2432 2730 σοτρικλίνῳ,
2485 2656 2795 2732 ἐξέρχονται
2867 2655 2926 2713 δὲ
2995 2659 3084 2715 καὶ
3156 2660 3209 2714 οἳ
3273 2661 3439 2733 ἱερεῖς
3486 2659 3592 2713 ἀπὸ
3633 2665 3732 2728 τῆς

2077 2743 2369 2817 ἐκκλησίας
2448 2750 2544 2801 τοῦ
2610 2747 2823 2821 Φάρου,
2892 2748 3251 2822 βαστάζοντες
3330 2749 3420 2803 τὸν
3507 2748 3731 2822 σταυρὸν

2074 2841 2173 2904 τῆς
2223 2832 2539 2903 ἐκκλησίας,
2589 2835 2677 2889 καὶ
2737 2836 2862 2909 παρ’
2912 2835 3050 2892 αὖτά
3108 2832 3374 2912 ἄρχονται
3413 2837 3475 2892 τὸ
3523 2837 3731 2912 τροπάο

2078 2945 2194 2999 ριον
2225 2930 2324 2993 τῆς
2374 2923 2554 2994 λιτῆς,
2582 2946 2611 2976 ‹‹
2660 2926 2774 2994 Τήν
2822 2928 3015 2995 κοινὴν
3046 2924 3353 2982 ἀνάστασιν.
3383 2950 3411 2978 ››
3441 2926 3545 2983 Καὶ
3578 2924 3729 3000 δηρι-

2074 3013 2368 3087 γευόμενος
2434 3014 2461 3068 6
2526 3012 2783 3088 βασιλεὺς
2851 3015 2954 3069 ὑπὸ
3016 3019 3125 3070 τῶν
3180 3020 3279 3071 τοῦ
3335 3013 3730 3071 κουϐουκλείου

2081 3103 2355 3168 ἁπάντων,
2390 3099 2667 3179 διέρχεται
2700 3103 2919 3158 ὄπισθεν
2966 3106 3064 3172 τῆς
3112 3103 3270 3173 λιτῆς
3318 3104 3407 3160 καὶ
3454 3103 3731 3179 ἐξέρχεται

2079 3190 2131 3245 ἐν
2162 3197 2241 3264 τῷ
2274 3190 2597 3265 ἡμικυκλίῳ
2630 3191 2835 3269 φιάλης
2864 3197 2962 3248 τοῦ
2991 3192 3318 3273 τρικόγχου,
3340 3193 3431 3249 καὶ
3473 3191 3729 3269 δέχονται

313 3284 647 3357 augustalis
670 3283 953 3353 templum
980 3281 1176 3337 Sancti
1196 3282 1366 3353 primi
1392 3281 1665 3354 martyris
1690 3282 1964 3353 Stephani

2080 3279 2240 3335 αὐτὸν
2296 3280 2467 3336 ἐκεῖσε
2524 3281 2798 3355 πατρίκιοι
2848 3284 2937 3337 καὶ
2996 3280 3302 3358 σύγκλητος
3351 3283 3441 3339 καὶ
3491 3290 3634 3339 πᾶσα
3691 3286 3727 3353 ἡ

316 3374 514 3438 intrat,
533 3377 590 3426 et
612 3376 882 3441 precatus
906 3378 1200 3424 extensam
1227 3370 1304 3423 ibi
1329 3370 1505 3431 canit,
1523 3386 1652 3425 mox
1670 3371 1740 3425 ab
1758 3369 1964 3426 iisdem

313 3462 586 3532 stipatus,
614 3476 712 3530 per
735 3459 1039 3531 augustale
1060 3465 1116 3514 et
1142 3458 1425 3515 triconchi
1451 3458 1714 3530 apsidem
1759 3462 1966 3517 transit

314 3549 374 3604 in
431 3550 600 3618 cuius
658 3549 858 3619 apside
915 3547 1203 3602 triconchi
1261 3548 1633 3618 imperatoris
1686 3549 1961 3617 ministri,

315 3639 511 3694 fausta
540 3638 778 3692 domino
802 3636 1188 3709 apprecaturi,
1222 3637 1458 3692 adsunt.

2075 3370 2418 3445 προέλευσις,
2448 3372 2694 3426 κάκεῖθεν
2726 3371 3026 3451 ἀπέρχεται
3077 3372 3376 3429 λιτανεύων
3418 3371 3470 3428 ἐν
3515 3378 3584 3448 τῇ
3635 3371 3733 3428 δά-

2076 3481 2204 3537 φνῃ,
2237 3460 2325 3515 καὶ
2360 3458 2661 3535 εἰσέρχεται
2695 3462 2770 3524 είς
2810 3463 2903 3517 τὸν
2955 3467 3082 3518 ναὸν
3123 3469 3225 3533 τῆς
3253 3463 3574 3540 ’Υπεραγίας
3605 3470 3734 3519 Θεο-

2072 3549 2260 3618 τόκου,
2294 3548 2381 3604 καὶ
2437 3551 2575 3623 ἅψας
2620 3550 2827 3625 κηροὺς
2875 3552 2966 3606 καὶ
3019 3553 3334 3625 εὐξάμενος,
3365 3551 3513 3608 τελεῖ
3561 3552 3729 3608 ἐκεῖσε

2070 3639 2170 3706 τὴν
2231 3637 2439 3708 ἐκτενῆ,
2491 3640 2579 3693 καὶ
2642 3638 2945 3714 ἀπέρχεται
2994 3642 3073 3703 εἰς
3124 3644 3254 3705 τοὺς
3308 3643 3590 3717 σταυροὺς,
3640 3642 3727 3696 καί

316 3726 604 3799 εὐξάμενος
665 3723 941 3800 διέρχεται
1002 3721 1092 3779 διὰ
1144 3728 1241 3780 τοῦ
1271 3723 1552 3801 τρικλίνου
1601 3730 1696 3782 τοῦ
1744 3725 2111 3801 αὐγουστέως,
2133 3729 2221 3782 καὶ
2266 3727 2568 3803 εἰσέρχεται
2602 3728 2679 3792 είς
2709 3730 2799 3784 τὸν
2827 3729 2955 3785 νᾶὸν
2994 3735 3092 3786 τοῦ
3121 3730 3302 3807 ’Λγίου
3333 3730 3728 3808 πρωτομᾶρτυ-

311 3838 405 3895 ρος
462 3818 760 3895 Στεφάνου,
793 3818 948 3872 κάκεῖ
1000 3813 1290 3890 εὺξάμενος
1334 3816 1486 3874 τελεῖ
1536 3815 1708 3873 ἐκεῖσε
1754 3819 1851 3887 τήν
1900 3817 2109 3887 ἐκτενῆ,
2161 3819 2250 3872 καὶ
2321 3816 2751 3896 δηριγευόμενος
2812 3820 2884 3876 δι’
2941 3819 3137 3891 αὐτῶν,
3170 3820 3445 3897 διέρχεται
3500 3818 3589 3877 διὰ
3632 3824 3728 3877 τοῦ

312 3908 655 3985 αὖγουστὲως
705 3907 795 3962 καὶ
842 3919 943 3976 τῆς
1006 3904 1200 3980 ἀψίδος
1250 3911 1345 3963 τοὺ
1395 3909 1721 3984 τρικόγχου,
1771 3907 1861 3963 καὶ
1932 3908 2181 3982 μένουσιν
2248 3909 2298 3964 οἳ
2352 3906 2631 3985 βασιλικοὶ
2683 3910 2734 3966 ἐν
2774 3914 2844 3985 τῇ
2894 3911 3030 3987 αὐτῇ
3069 3910 3222 3987 ἀψίδι
3265 3916 3365 3968 τοῦ
3399 3912 3727 3989 τρικόγχου.

312 4000 741 4075 ὓπερευχόμενοι
774 3998 866 4053 τὸν
910 3996 1159 4072 βασιλέα.

388 4091 480 4149 IV.
508 4094 561 4147 Is
584 4107 754 4163 porro
777 4107 810 4147 ιι
832 4090 1114 4162 praefectis
1151 4089 1427 4161 cubiculi,
1454 4090 1735 4161 patriciis,
1768 4093 1962 4163 proto-

321 4181 641 4251 spatbariis
691 4187 745 4236 et
774 4185 1002 4245 senatu,
1038 4179 1663 4252 spatharocandidatis,
1704 4179 1962 4235 mancla-

324 4272 457 4327 vitis
480 4282 530 4327 et
573 4269 797 4327 caeteris
838 4269 1172 4326 domesticis
1204 4270 1453 4337 cinctus,
1486 4284 1588 4340 per
1614 4269 1961 4351 januamﬁd

321 4360 524 4415 fiscum
576 4360 859 4430 privntum
921 4360 1231 4414 ducentem
1262 4357 1472 4413 transit
1513 4373 1729 4428 perque
1779 4356 1963 4412 scalas

318 4448 564 4505 lausiaci
596 4447 912 4503 descendit.
952 4447 1037 4501 Ad
1079 4451 1337 4513 senatus,
1380 4446 1961 4517 spatbarocanditati,

320 4534 675 4593 manclavitaa
694 4534 993 4603 ceterique
1016 4533 1321 4590 domestici
1339 4532 1684 4605 utrinquein
1708 4533 1959 4590 lausiaco

2145 4097 2215 4147 A'.
2247 4090 2306 4144 '0
2347 4086 2402 4145 δὲ
2460 4090 2716 4164 βασιλεὺς
2748 4089 3181 4168 δηριγευόμενος
3215 4092 3320 4148 ὺπὸ
3367 4097 3477 4150 τῶν
3524 4091 3726 4173 ἀρχόν-

2080 4197 2187 4231 των
2215 4181 2312 4232 τοῦ
2353 4174 2779 4248 κουϐουκλείου,
2819 4179 3119 4255 πατρικίων
3154 4200 3213 4235 τε
3259 4181 3349 4235 καὶ
3393 4201 3723 4255 πρωτοσπαο

2074 4266 2275 4341 θαρίων
2334 4266 2425 4321 καὶ
2474 4273 2575 4337 τῆς
2634 4267 2965 4342 συγκλήτου,
3020 4266 3598 4342 σπαθαροκανδιδάτων
3664 4290 3723 4325 τε

2072 4355 2161 4409 καὶ
2230 4354 2315 4409 ἐπὶ
2372 4359 2470 4409 τοῦ
2548 4351 2857 4430 μαγλαϐίου
2906 4356 2997 4410 καὶ
3034 4354 3245 4411 λοιπῶν
3297 4355 3606 4427 οἶκειακῶν,
3639 4354 3720 4411 δι·

2074 4444 2294 4518 έρχεται
2326 4440 2415 4498 διὰ
2469 4448 2567 4499 τοῦ
2622 4443 2924 4519 μονοθύρου
2970 4448 3069 4501 τοῦ
3120 4443 3209 4499 ἐπὶ
3262 4444 3356 4499 τὸν
3396 4448 3441 4483 ³⁸
3496 4442 3719 4514 εἷδικὸν,

2069 4532 2159 4587 καὶ
2207 4534 2532 4610 κατέρχεται
2581 4532 2648 4587 τὰ
2698 4530 2963 4608 βαθμίδια
3018 4538 3117 4589 τοῦ
3158 4534 3478 4595 λαυσιακοῦ.
3538 4535 3606 4593 Οἱ
3660 4532 3718 4590 δὲ

317 4625 666 4694 subsistunt,
685 4623 1022 4695 imperatori
1043 4621 1456 4691 acclamantes,
1480 4622 1580 4695 qui
1609 4640 1641 4677 a
1659 4623 1955 4695 praesenti-

2079 4628 2166 4691 τῆς
2222 4619 2552 4695 συγκλήτου,
2598 4620 3159 4697 σπαθαροκανδιδάτοι
3212 4623 3304 4679 καὶ
3366 4624 3420 4679 οἳ
3467 4628 3567 4680 τοῦ
3608 4643 3717 4697 μα-

317 4715 429 4772 bus
450 4713 720 4785 stipatus,
754 4714 1124 4786 tripelonem,
1147 4711 1246 4768 ubi
1270 4711 1746 4785 protospatbarii,
1770 4714 1958 4769 fausta

318 4803 369 4861 ei
416 4808 815 4876 apprecantes,
876 4802 1116 4869 adsunt,
1162 4800 1506 4876 ingreditur.
1556 4801 1777 4860 Deinde
1819 4818 1954 4859 cum

316 4891 689 4951 cubiculariis
726 4896 784 4951 et
830 4890 1096 4966 patriciis
1135 4890 1672 4965 cbrysotriclinium
1703 4892 1868 4966 petit,
1900 4896 1957 4949 et

313 4984 615 5051 abiens,in
644 4985 844 5041 dextro
876 4982 1061 5039 latere
1100 4983 1226 5055 ejus
1260 4997 1438 5055 prope
1468 4990 1522 5039 et
1554 4983 1722 5055 quasi
1754 4983 1824 5039 ad
1859 4999 1953 5040 ca-

316 5090 537 5133 meram
568 5075 629 5133 in
659 5074 997 5133 cubiculum
1040 5073 1353 5131 ducentem
1384 5073 1672 5141 subsistit,
1723 5072 1952 5146 patricii

2066 4704 2301 4785 γλαϐίου
2354 4709 2444 4765 καὶ
2502 4710 2690 4766 λοιποὶ
2754 4710 3018 4768 οἷκειακοὶ
3069 4713 3317 4786 μένουσιν
3360 4709 3412 4768 ἐν
3449 4717 3530 4786 τῷ
3579 4710 3713 4769 λαυ-

2065 4804 2236 4873 σιακῷ
2295 4795 2435 4855 ἔνθεν
2516 4801 2751 4873 κάκεῖσε,
2814 4802 3245 4879 ὑπεριυχόμενοι
3303 4803 3397 4859 τὸν
3450 4799 3709 4879 βασιλέα.

2065 4891 2155 4945 καὶ
2215 4886 2643 4967 δηριγευόμενος
2675 4892 2703 4947 ὁ
2757 4891 3012 4968 βασιλεὺς
3066 4892 3175 4949 ἀπὸ
3226 4896 3334 4949 τῶν
3381 4890 3573 4959 ἐκεῖσε,
3608 4890 3712 4947 sic.

2067 4984 2285 5059 έρχεται
2335 4982 2387 5039 ἐν
2446 4986 2526 5056 τῷ
2573 4981 2887 5059 τριπέτωνι,
2942 4984 3031 5040 καὶ
3106 4986 3355 5058 μένουσιν
3429 4982 3600 5039 ἐκεῖσε
3656 4982 3707 5037 οἱ

2064 5072 2547 5151 πρωτοσπαθάριοι
2609 5073 3043 5152 ὗπερευχόμινοι
3095 5074 3190 5131 τὸν
3249 5071 3494 5149 βασιλέα.
3553 5073 3609 5127 ’0
3652 5067 3712 5128 δὶ

1678 5170 1929 5228 VARUE
1968 5169 2380 5229 LECTIONES.

384 5264 431 5306 ιτ
460 5260 760 5340 διευθετίσῃ
789 5266 881 5323 ed.
960 5263 1006 5305 ¹⁸
1032 5258 1119 5319 ἐπὶ
1147 5262 1210 5318 τὸ
1241 5263 1333 5321 ed.
1409 5261 1457 5297 ‘9
1485 5259 1573 5316 ἐπὶ
1601 5260 1664 5316 τὸ
1693 5261 1785 5318 ed.

1339 5360 1535 5419 JOAN.
1577 5360 1719 5418 JAC.
1762 5359 2052 5418 REISKII.
2094 5360 2678 5421 COMMENTARIUS.

385 5456 497 5527 (4⁸7)
536 5453 907 5513 Xenodochia
951 5458 1009 5511 et
1058 5468 1312 5527 xenones
1355 5454 1520 5509 erant
1557 5450 1816 5527 hospitia
1854 5466 1957 5527 pro

314 5522 525 5601 vetulis
556 5527 809 5584 infirmis
840 5527 1007 5601 aegris
1047 5525 1410 5601 corporibus,
1444 5539 1587 5601 quos
1635 5522 1959 5601 xenodocbi

314 5599 694 5674 recipiebant,
734 5594 1035 5674 curabant,
1066 5594 1321 5674 alebant,
1372 5595 1719 5674 vestiebant,
1753 5594 1960 5651 buma-

316 5668 479 5739 bant,
527 5676 594 5729 ut
624 5675 779 5743 patet
819 5686 888 5728 ex
933 5670 1275 5743 Theophan.
1308 5685 1366 5742 p.
1409 5668 1533 5732 157,
1566 5669 1957 5743 et_Asseman.

322 5749 366 5801 t.
400 5746 445 5817 Ι,
468 5739 852 5803 Βίὺι.”οτἱεηι.
879 5759 937 5817 p.
959 5739 1392 5800 27l.\’ident'ur
1422 5739 1794 5814 parabolanis
1826 5755 1960 5796 suc-

2067 5451 2339 5525 cessisse,
2354 5451 2443 5525 Ade
2490 5451 2705 5525 quibus
2734 5450 2851 5510 vid.
2884 5450 3259 5525 Harsnbergii
3288 5450 3431 5509 diss.
3462 5447 3707 5508 Miscell.

2066 5523 2218 5597 Lips,
2245 5527 2304 5597 t._
2320 5523 2441 5592 VII,
2475 5523 2638 5597 parte
2665 5526 2722 5584 4.

2140 5595 2253 5679 (ξὸ)
2284 5595 2369 5653 ita
2393 5593 2633 5679 {neque
2649 5597 2850 5665 codex,
2863 5604 2927 5679 et
2951 5596 3133 5679 proba
3158 5598 3441 5679 sciatque
3471 5593 3712 5679 antiqua

2071 5683 2136 5739 ea
2174 5666 2376 5739 forma.
2409 5666 2578 5739 Solet
2608 5672 2815 5739 tamen
2863 5666 3074 5726 Noster
3119 5666 3306 5727 multo
3350 5666 3710 5739 frequentius

2074 5738 2175 5796 illa
2206 5737 2387 5797 altera
2418 5743 2505 5798 uti
2533 5737 2631 5794 ἀνὰ
2663 5736 2781 5802 ἒνὸς
2812 5741 3066 5813 σταυροῦ.
