4158 6212
382 370 499 430 417

1226 370 1330 430 DE
1371 368 1820 432 GERIMONIIS
1863 369 2099 432 AUL/E
2140 369 2618 432 BYZANTINxE
2664 371 2808 434 LIB.
2856 372 2906 432 Ῑ.

3671 369 3790 429 H8

387 500 644 577 βασιλεὺς
676 499 986 578 εἷσέρχεται
1043 502 1178 575 μετὰ
1222 505 1320 558 τοῦ
1366 497 1765 558 κουϐουκλείου
1802 503 1892 559 καὶ
1924 522 2032 559 πα·
2062 565 2065 573 η

2159 473 2425 562 autem‘in
2482 505 2728 562 sinistro
2773 504 2953 561 latere
2995 502 3261 574 ejusdem
3293 501 3532 558 triclinii
3579 503 3790 560 throno

385 594 612 670 τρικίων
658 591 710 647 έν
758 594 841 663 τῷ
887 590 1350 668 χρυσοτρικλίνῳ,
1393 593 1486 648 καὶ
1533 590 1786 648 ἀπελθὼν
1821 594 1850 648 6
1882 594 2042 664 βασι-

387 682 515 746 λεὺς
540 680 759 739 ’ίσταται
808 681 861 738 ἐν
892 686 972 755 τῷ
1001 677 1160 754 δεξιῷ
1209 680 1362 756 μέρει
1420 685 1518 738 τοῦ
1578 681 2038 758 χρυσοτρικλίνου

386 769 632 844 πλησίον
677 771 754 834 ὡς
796 771 932 846 πρὸς
980 772 1080 840 τὴν
1129 771 1378 846 καμάραν
1423 771 1523 841 τὴν
1555 771 1872 849 εἰσάγουσαν
1903 772 2040 846 πρὸς

385 865 480 919 τὸν
531 865 791 932 κοιτῶνα,
845 862 898 917 οἱ
948 859 1006 917 δὲ
1043 860 1326 936 πατρίκιοι
1370 861 1620 918 ἳστανται
1672 861 1724 918 ἐν
1775 866 1854 935 τῷ
1918 862 2043 937 ἀρι-

389 956 566 1027 στερῷ
599 951 750 1027 μέρει
778 954 875 1006 τοῦ
924 948 1093 1005 αὐτοῦ
1133 949 1612 1030 χρυσστρικλίνου,
1657 953 1746 1007 καὶ
1798 951 2040 1008 ἵστανται

390 1038 698 1118 ἔμπροσθεν
742 1043 840 1096 τοῦ
886 1040 1098 1111 σένζου,
1140 1040 1495 1115 βαστάζοντες
1541 1040 1609 1096 τά
1650 1061 1709 1096 τε
1767 1039 2042 1098 λιτανίκια

393 1129 568 1186 αὐτῶν
617 1129 786 1203 κηρία
829 1128 921 1184 καὶ
977 1129 1107 1192 τοὺς
1156 1133 1420 1204 σταυροὺς
1460 1129 1513 1185 οἱ
1561 1127 1618 1185 δέ
1666 1131 1829 1204 ἱερεῖς
1887 1130 2042 1206 ἀνέρ-

391 1240 584 1299 χονται
633 1218 796 1294 μέσον
857 1215 946 1274 διὰ
985 1222 1083 1274 τοῦ
1133 1215 1616 1295 χρυσοτρικλίνου,
1663 1220 1754 1274 καὶ
1795 1217 2039 1275 ’ίστανται

390 1308 632 1379 πλησίον
679 1311 776 1363 τοῦ
827 1305 1036 1378 σένζου.
1070 1307 1132 1364 Ὁ
1163 1304 1221 1362 δὲ
1261 1304 1511 1368 διάκονος
1540 1307 1722 1377 τίθησι
1769 1309 1832 1363 τὸ
1866 1306 2042 1384 Εὐαγ-

389 1399 576 1475 γέλιον
607 1396 661 1453 έν
691 1401 770 1469 τῷ
803 1395 1076 1474 βασιλικῷ
1115 1397 1311 1473 θρόνῳ,
1360 1397 1451 1452 καὶ
1499 1396 1707 1471 γίνεται
1738 1397 1773 1467 ἡ
1807 1400 2042 1468 συνήθης

397 1488 609 1560 ἐκτενὴ,
654 1489 748 1545 καὶ
794 1487 1090 1565 ἀπέρχεται
1142 1487 1170 1542 6
1231 1485 1487 1563 βασιλεὺς
1527 1488 1661 1561 μετὰ
1687 1491 1785 1543 τοῦ
1815 1483 2043 1542 κουϐου-

397 1577 585 1633 κλείου
633 1578 722 1634 καὶ
771 1582 878 1632 τῶν
923 1575 1111 1652 ἱερέων
1163 1575 1239 1639 εἷς
1282 1577 1376 1632 τὸν
1425 1578 1549 1632 ναὸν
1597 1583 1699 1647 τῆς
1727 1576 2042 1652 Ὑπεραγίας

396 1667 661 1723 Θεοτόκου
716 1666 768 1722 έν
817 1670 895 1740 τῷ
944 1667 1138 1741 Φάρῳ,
1188 1666 1241 1722 οἱ
1310 1663 1367 1721 δὲ
1428 1667 1711 1734 πατρίκιοι
1762 1667 2043 1742 ὑπερευξά-

400 1775 554 1829 μενοι
602 1756 696 1812 τὸν
747 1752 974 1832 βασιλέα
1032 1753 1374 1830 ἐξέρχονται.
1423 1755 1530 1810 Καὶ
1579 1755 1680 1818 εἶθ’
1739 1755 1934 1822 οὕτως,
1996 1753 2045 1810 εί

391 1843 602 1902 κελεύει
636 1846 664 1900 6
705 1843 984 1920 βασιλεὺς,
1035 1842 1470 1919 προσκαλοῦνται
1523 1842 1651 1906 τοὺς
1701 1845 2040 1918 πατρικίους,

390 1935 481 1990 καὶ
515 1933 1005 2009 συλλειτουργοῦσι
1035 1936 1116 2005 τῷ
1147 1930 1364 2008 βασιλεῖ
1394 1931 1444 1986 έν
1471 1936 1553 2003 τῷ
1581 1936 1697 2004 ναῷ
1723 1939 1823 2001 τῆς
1855 1933 2042 2008 Ὑπερ-

2150 598 2364 666 astant,
2397 592 2858 667 processionales
2905 607 3104 650 cereos
3133 596 3189 648 et
3232 607 3434 648 cruces
3480 596 3788 663 gestantes,

2149 685 2479 741 sacerdotes
2511 701 2612 757 per
2642 683 2901 740 medium
2924 699 3128 740 eorum
3159 682 3228 738 ad
3262 679 3576 737 triclinium
3601 698 3794 739 ascen-

2149 774 2300 830 dunt
2327 778 2384 831 et
2414 791 2589 846 prope
2621 775 2894 830 thronum
2923 773 3270 829 consistunt.
3299 771 3585 827 Diaconus
3607 770 3792 828 Evan-

2151 862 2370 935 gelium
2393 863 2454 919 in
2485 864 2694 920 throno
2726 863 3094 934 imperatoris
3117 861 3365 932 reponit,
3389 859 3511 932 qui,
3546 859 3794 918 solemni

2151 958 2387 1010 extensa
2415 958 2669 1022 cantata,
2700 968 2830 1008 cum
2885 950 3151 1007 cubiculo
3189 955 3243 1006 et
3294 948 3696 1006 sacerdotibus
3725 949 3800 1006 ad

2151 1040 2433 1111 templum
2464 1042 2690 1099 Sancte
2713 1041 2967 1111 Deiparaa
2998 1039 3172 1096 Phari
3189 1039 3346 1108 abit;
3382 1038 3609 1110 patricii
3639 1055 3796 1112 vero,

2151 1131 2343 1188 fausta
2370 1131 2423 1188 ei
2455 1131 2694 1205 precati,
2728 1130 3054 1187 discedunt.
3087 1130 3180 1186 Sic
3229 1135 3448 1202 postea,
3481 1129 3531 1185 si
3557 1128 3802 1199 jusserit

2151 1222 2487 1294 imperator,
2519 1227 2894 1280 arcessuntur
2925 1221 3173 1293 patricii,
3209 1237 3438 1292 unaque
3477 1236 3609 1276 cum
3642 1235 3708 1276 eo
3739 1221 3799 1276 in

2151 1312 2371 1384 templo
2397 1313 2622 1368 Sancta
2645 1311 2902 1382 Deiparaa
2920 1310 3100 1368 sacris
3119 1309 3412 1366 intersunt
3433 1327 3446 1377 ;
3473 1311 3566 1366 sin
3584 1311 3800 1381 minus,

2151 1406 2314 1460 extra
2341 1403 2627 1474 templum
2668 1402 2728 1459 in
2767 1401 2966 1458 Sancti
3009 1401 3290 1472 Stephani
3321 1403 3379 1457 in
3416 1400 3802 1474 hippodromo

2152 1507 2350 1549 sacros
2381 1493 2526 1548 ritus
2558 1491 2868 1548 celebrant.
2891 1493 3098 1548 Parato
3116 1507 3248 1546 vero
3272 1490 3556 1557 convivio,
3582 1490 3802 1546 missus

2153 1581 2495 1652 afferuntur,
2543 1586 2601 1638 et
2648 1586 2878 1654 peracta
2929 1581 3125 1637 divina
3180 1579 3439 1652 liturgia,
3489 1579 3805 1652 imperator

2153 1670 2426 1739 discedit,
2459 1686 2527 1726 ac
2568 1671 2908 1726 venerandis
2958 1685 3171 1725 mensae
3205 1685 3326 1725 sua:
3371 1669 3429 1724 in
3482 1667 3804 1724 Justiniani

2076 1781 2122 1846 Β
2151 1758 2408 1814 triclinio
2439 1758 2497 1813 in
2539 1757 2973 1828 scaramangio,
3023 1772 3138 1828 quo
3187 1755 3358 1812 etiam
3411 1757 3660 1812 convivae
3703 1755 3803 1811 in-

2151 1847 2299 1904 dulti
2331 1853 2492 1915 sunt,
2525 1847 2749 1904 assidet
2780 1865 2792 1903 :
2827 1852 2962 1904 ante
3002 1845 3438 1918 processionem
3488 1844 3640 1902 enim
3673 1861 3805 1901 om-

2152 1953 2257 1994 nes
2279 1937 2627 1994 mutatorias
2659 1942 2926 1993 sumunt.

393 2023 554 2103 αγίας
604 2023 895 2091 Θεοτόκου,
935 2023 970 2092 ἢ
1022 2023 1112 2077 καὶ
1170 2021 1318 2098 οὐχὶ,
1383 2019 1794 2097 λειτουργοῦσιν
1853 2021 1954 2092 ἔξω
2005 2023 2082 2087 εἷς
2129 2025 2220 2079 τὸν
2268 2027 2456 2100 ’Ἀγιον
2510 2027 2781 2103 Στέφανον
2831 2030 2928 2081 τοῦ
2977 2023 3350 2100 ἱπποδρόμου.
3394 2023 3797 2100 Στοιχηθέντος

394 2111 452 2168 δὲ
517 2117 618 2168 τοῦ
665 2111 1002 2187 κλητωρίου,
1049 2109 1291 2188 γίνονται
1344 2111 1546 2184 μίνσαι,
1595 2111 1686 2166 καὶ
1729 2112 1862 2185 μετὰ
1911 2113 2011 2181 τὴν
2069 2111 2333 2169 ἀπόλυσιν
2389 2119 2489 2180 τῆς
2539 2117 2685 2175 Θείας
2731 2114 3072 2188 λειτουργίας
3131 2113 3409 2191 ἐξέρχεται
3459 2116 3486 2168 6
3548 2114 3804 2188 βασιλεὺς

391 2201 486 2257 καὶ
519 2202 793 2272 καθέζεται
828 2201 913 2257 ἐπὶ
945 2208 1045 2270 τῆς
1073 2201 1266 2275 τιμίας
1294 2201 1463 2256 αὑτοῦ
1511 2200 1782 2274 τραπέζης
1829 2199 1880 2256 έν
1926 2206 2007 2274 τῷ
2046 2203 2410 2274 Ἰουστινιανῷ
2436 2201 2694 2279 τρικλίνῳ
2724 2204 2828 2259 ἀπὸ
2862 2201 3295 2279 σκαραμαγγίου,
3329 2201 3588 2264 ὡσαύτως
3626 2203 3718 2257 καὶ
3750 2203 3804 2256 οἱ

391 2289 706 2361 κληθέντες’
738 2291 843 2346 ἀπὸ
871 2292 972 2367 γὰρ
1002 2296 1102 2360 τῆς
1135 2287 1294 2359 λιτῆς
1317 2289 1510 2351 πάντες
1533 2288 1916 2348 ὰλλάσσουσιν.

466 2383 544 2439 E'.
574 2381 692 2457 Χρὴ
745 2378 801 2435 δὲ
845 2378 1062 2448 εἰδέναι,
1108 2379 1217 2452 ὅτι,
1267 2379 1314 2435 εί
1368 2381 1462 2454 μὲν
1507 2381 1654 2455 τύχῃ
1687 2379 1739 2435 έν
1772 2380 1941 2455 ταύτῃ
1974 2386 2044 2456 τῇ

394 2471 557 2546 έορτῆ
605 2471 633 2524 6
681 2467 1096 2546 Εὐαγγελισμὸς
1139 2475 1242 2539 τῆς
1293 2469 1589 2546 ὑπιραγίας
1637 2471 1926 2539 Θεοτόκου,
1957 2491 2047 2526 τε·-

393 2557 568 2616 λεῖται
621 2558 812 2620 οὕτως·
865 2557 1144 2614 Λιτανεύει
1179 2559 1208 2613 6
1253 2556 1533 2633 βασιλεὺς,
1575 2559 1650 2621 ὡς
1681 2560 1936 2634 ἀνωτέρω
1968 2557 2044 2615 εἷ’-

396 2656 578 2724 ρηταί,
612 2645 845 2703 ἐκτελῶν
902 2647 1106 2702 ἅπαντα
1155 2645 1471 2703 ἀκολούθως
1505 2647 1556 2702 ἐν
1587 2652 1702 2710 τοῖς
1732 2647 2042 2724 εὐκτηρίοις

395 2745 497 2808 τῆς
546 2735 770 2815 δάφνης,
817 2735 1040 2799 τελέσας
1095 2733 1154 2792 δέ
1201 2737 1430 2806 ἅπαντα,
1481 2736 1555 2800 ὡς
1607 2737 1833 2792 ε’ἰθισται
1896 2737 2045 2810 αύτῷ

397 2831 464 2902 τῇ
495 2831 602 2882 τῶν
632 2825 809 2883 Βαίων
855 2827 1036 2901 ἡμέρᾳ
1073 2825 1276 2884 τελεῖν.
1324 2828 1392 2884 Οἱ
1436 2827 1528 2899 μὲν
1574 2828 1760 2901 ἱερεῖς,
1815 2827 1950 2900 μετὰ
1979 2827 2043 2883 τὸ

401 2914 673 2972 ἐκτελέσαι
720 2917 894 2972 πάντα
941 2915 1264 2980 ἀκολούθως
1301 2913 1352 2969 έν
1400 2919 1484 2987 τῷ
1531 2914 1698 2992 Ἀγίῳ
1766 2914 2039 2994 Στεφάνῳ,

400 3006 730 3081 ἀπέρχονται
764 3004 918 3061 αὐτοὶ
951 3005 1112 3078 μόνον
1159 3003 1211 3059 έν
1257 3009 1336 3078 τῷ
1365 3003 1622 3078 παλατίῳ
1653 3003 2044 3074 λιτανεύοντες,

404 3095 431 3149 6
492 3092 549 3150 δὲ
599 3093 856 3171 βασιλεὺς
903 3092 1204 3170 εἷσέρχεται
1260 3092 1312 3148 έν
1360 3094 1439 3166 τῷ
1488 3114 1710 3150 κοιτωνι
1747 3096 1934 3164 αὐτοῦ,
1970 3093 2052 3150 ἐκ·

2226 2385 2292 2441 ν.
2315 2385 2626 2442 Sciendum
2660 2389 2768 2452 est,
2813 2385 2860 2442 si
2919 2385 2980 2442 in
3027 2401 3159 2441 eum
3206 2385 3359 2441 diem
3418 2383 3805 2440 Annuntiatio

2156 2476 2537 2532 sanctissimas
2569 2476 2825 2548 Virginis
2876 2475 3170 2543 inciderit,
3201 2491 3329 2530 eam
3371 2475 3452 2530 ita
3482 2473 3758 2531 celebrari
3790 2489 3803 2530 :

2155 2567 2310 2621 104
2342 2566 2679 2638 Imperator,
2739 2565 2894 2621 sicut
2949 2581 3128 2636 supra
3179 2565 3648 2620 demonstratum
3695 2567 3803 2632 est,

2154 2654 2429 2725 procedit,
2479 2656 2674 2710 omnia
2722 2656 2924 2711 ordine
2977 2657 3034 2710 in
3077 2653 3343 2710 oratoriis
3374 2653 3639 2725 dapbnes
3672 2669 3806 2722 per-

2153 2761 2352 2817 agens,
2385 2745 2702 2801 observatis
2725 2745 2798 2800 iis
2830 2745 3059 2810 ritibus,
3093 2760 3241 2816 quos
3272 2743 3419 2800 solet
3447 2745 3506 2799 in
3539 2743 3633 2799 die
3666 2743 3804 2798 Pal-

2157 2851 2385 2890 marum
2434 2835 2760 2890 observare.
2812 2834 3148 2889 Sacerdotes
3199 2838 3452 2902 tantum,
3503 2833 3688 2889 sacris
3745 2832 3806 2889 in

2155 2925 2349 2980 Sancti
2365 2924 2644 2996 Stephani
2659 2924 3050 2991 celebratis,in
3066 2923 3437 2995 processione
3450 2924 3519 2978 ad
3537 2921 3809 2994 palatium

2157 3014 2408 3075 abeunt:
2467 3013 2786 3085 imperator
2833 3018 3026 3068 autem
3080 3014 3150 3068 ad
3211 3028 3383 3068 suum
3441 3011 3804 3080 cubiculum,

2159 3109 2392 3173 tempus
2420 3107 2886 3170 exspectaturus,
2931 3117 2994 3157 se
3041 3101 3281 3156 confert.
3316 3103 3440 3164 Quo
3488 3100 3808 3170 appropin-

404 3163 699 3258 δεχόμενος
747 3185 839 3239 τὸν
886 3163 1097 3258 καιρόν..
1133 3163 1551 3246 Καταλαϐόντος
1589 3181 1647 3238 δὲ
1693 3188 1790 3240 τοῦ
1831 3187 2046 3260 καιροῦ,

2163 3195 2398 3261 quanto,
2432 3188 2880 3246 cerimoniarius
2932 3188 3331 3261 praepositum,
3382 3188 3472 3242 hic
3502 3187 3808 3259 imperato-

413 3274 608 3346 μηνύει
639 3274 667 3326 6
696 3279 795 3343 τῆς
817 3278 1195 3335 καταστάσεως
1227 3277 1307 3345 τῷ
1336 3271 1708 3347 πραιποσίτῳ,
1741 3275 1768 3328 6
1803 3272 1861 3329 δὲ
1890 3295 2055 3348 πραι-

404 3357 629 3424 πόσιτος
677 3360 847 3433 δηλοῖ
893 3366 972 3435 τῷ
1023 3362 1262 3438 βασιλεῖ,
1309 3363 1398 3418 καὶ
1447 3361 1679 3434 ἐξελθὼν
1719 3363 1747 3418 ὁ
1796 3361 2055 3438 βασιλεὺς

400 3451 456 3508 έν
504 3456 584 3526 τῷ
629 3452 946 3528 ὀκταγώνῳ,
991 3448 1384 3528 περιϐάλλεται
1441 3455 1541 3524 τήν
1603 3452 1838 3529 χλανίδα
1888 3456 2054 3510 αὑτοῦ

406 3539 495 3598 διὰ
540 3546 650 3598 τῶν
703 3543 1074 3619 βεστητόρων,
1121 3543 1299 3604 καθὼς
1353 3541 1603 3614 εἴθισται,
1645 3545 1734 3599 καὶ
1766 3541 2055 3620 δηριγευό-

408 3651 566 3709 μενος
599 3633 703 3688 ὑπὸ
731 3636 840 3688 τῶν
888 3635 986 3688 τοῦ
1032 3629 1428 3689 κουϐουκλείου
1478 3632 1784 3708 ἀρχόντων,
1834 3632 2052 3709 ἐξέρχεο

402 3740 490 3776 ται
541 3717 630 3776 διὰ
688 3725 786 3778 τοῦ
838 3722 1211 3798 αὐγουστέως,
1278 3721 1370 3778 καὶ
1439 3719 1667 3778 διελθὼν
1727 3725 1788 3778 τὸ
1850 3723 2052 3794 στενὸν,

401 3810 574 3889 ἤγουν
606 3812 707 3882 τὴν
739 3819 952 3888 χρυσῆν
1001 3817 1182 3888 χεῖρα,
1215 3811 1504 3890 ἀνέρχεται
1547 3811 1623 3874 εἷς
1662 3813 1755 3868 τὸν
1793 3809 2054 3881 ὀνόποδα,

402 3902 495 3958 καὶ
527 3900 652 3966 στάς
682 3901 737 3957 έν
773 3905 843 3976 τῇ
895 3899 1083 3977 χαλκῇ
1134 3900 1283 3976 πύλῃ
1337 3905 1434 3956 τοῦ
1474 3898 1768 3967 ὁνόποδος,
1799 3899 2054 3976 δέχονται

405 3990 566 4048 αὐτὸν
615 3990 788 4048 ἐκεῖσε
825 3991 877 4047 οἱ
925 3993 974 4029 ³ο
1019 3989 1299 4066 πατρίκιοι
1345 3991 1436 4046 καὶ
1497 3989 1818 4066 στρατηγοίο
1868 3989 2056 4046 πεσόνο

405 4101 513 4137 των
574 4079 633 4138 δὶ
692 4080 784 4137 καί
840 4080 1356 4156 προσκυνησάντων,
1421 4079 1558 4136 νεύει
1609 4080 1638 4134 6
1694 4079 2052 4155 πραιπόσιτος

407 4176 486 4246 τῷ
519 4179 620 4244 τῆς
666 4171 1042 4234 καταστάσεως
1088 4171 1195 4226 ἀπὸ
1241 4169 1564 4240 κελεύσεως,
1606 4170 1850 4234 κάκεῖνος
1879 4169 2051 4246 λέγει’

403 4284 433 4313 κ
485 4260 805 4320 Κιλεύσατε.
860 4284 889 4314 ››
939 4259 1080 4319 ’Δπὸ
1131 4257 1189 4316 δὲ
1227 4265 1334 4316 τῶν
1378 4258 1491 4316 ἐκεῖ
1531 4256 1834 4340 διέρχεται,
1875 4258 2052 4316 τελῶν

403 4347 541 4404 ἅπαν
572 4345 917 4415 ἀκολούθως,
961 4344 1019 4400 6’v
1064 4342 1265 4420 τρόπον
1309 4343 1560 4422 ἀνωτέρω
1591 4343 1642 4400 έν
1677 4350 1747 4420 τῇ
1790 4345 2057 4422 προελεύ-

402 4457 482 4492 σει
528 4439 625 4491 τοῦ
671 4433 1092 4512 Εὐαγγελισμοῦ
1137 4434 1225 4490 ἐπὶ
1273 4438 1448 4506 ςεπτῷ
1494 4432 1799 4508 έξεθέμεθα.
1830 4436 2052 4507 Ἰστέον,

2160 3296 2281 3336 rem
2316 3280 2608 3345 admonet,
2637 3280 2733 3347 qui
2769 3287 3106 3350 octagonum
3142 3279 3462 3350 ingressus,
3487 3277 3682 3331 tunica
3705 3293 3810 3332 sua

2161 3385 2259 3440 per
2297 3369 2620 3436 vestitores,
2673 3372 2738 3423 ut
2786 3384 2913 3423 mos
2971 3376 3079 3436 est,
3112 3367 3392 3435 induitur,
3435 3372 3492 3422 et
3525 3364 3807 3436 praefectis

2159 3458 2424 3515 cubiculo
2457 3461 2648 3530 ipsum
2671 3457 3111 3525 comitantibus,
3136 3473 3238 3528 per
3258 3454 3808 3528 augustaletransit,

2158 3565 2372 3620 perque
2402 3552 2633 3603 stenum
2665 3563 2768 3602 seu
2812 3563 3053 3603 auream
3107 3562 3347 3601 manum
3379 3545 3701 3617 digressus,
3737 3543 3810 3599 ad

2159 3639 2481 3710 onopodem
2506 3635 2848 3701 ascendit,in
2872 3639 3041 3708 cujus
3064 3653 3224 3692 aenea
3241 3641 3406 3706 porta
3427 3637 3810 3691 constitutum

2157 3728 2383 3800 patricii
2415 3733 2472 3783 et
2492 3727 2738 3798 strategi
2768 3725 3084 3798 excipiunt.
3115 3727 3258 3780 Dum
3283 3730 3478 3780 autem
3505 3724 3814 3795 procidunt

2159 3820 2217 3871 et
2245 3816 2512 3881 adorant,
2546 3814 2891 3886 praepositus
2922 3812 3328 3869 cerimoniario
3358 3829 3391 3866 a
3430 3813 3708 3866 mandato
3739 3810 3814 3865 si-

2159 3920 2342 3976 gnum
2373 3905 2492 3970 dat,
2526 3903 2576 3958 is
2606 3903 2748 3957 dicit
2782 3918 2796 3956 :
2840 3924 2868 3952 ‹‹
2899 3902 3128 3957 Jubete.
3164 3925 3187 3953 ι
3243 3901 3366 3956 lnle
3398 3900 3674 3955 omnibus
3707 3899 3813 3954 rite

2160 3991 2426 4065 peractis,
2457 4007 2586 4064 qua
2617 4007 2795 4062 supra
2827 3991 2883 4045 in
2931 3989 3301 4061 processione
3332 3987 3812 4046 Annuntiationis

2161 4083 2407 4138 breviter
2462 4080 2868 4151 explicuimus,
2929 4079 3200 4135 discedit.
3259 4077 3603 4145 Sciendum,
3663 4078 3811 4134 festo

2161 4171 2491 4227 Palmarum
2540 4169 2634 4225 die
2688 4172 3012 4242 Augustam
3067 4184 3298 4240 quoque
3327 4167 3473 4236 vela,
3525 4181 3689 4238 aeque
3745 4181 3813 4223 ac

2160 4262 2591 4334 imperatorem,
2617 4259 2944 4324 admittere,
2971 4263 3028 4314 et
3057 4259 3200 4314 dum
3237 4257 3310 4313 ab
3343 4257 3534 4329 ipsam
3567 4272 3632 4312 eo
3672 4254 3814 4325 ritu,

2162 4368 2276 4424 quo
2307 4351 2378 4407 ad
2411 4350 2819 4421 imperatorem
2865 4348 3297 4421 ingrediuntur,
3331 4347 3402 4404 ab
3433 4347 3579 4419 ipsis
3611 4361 3813 4403 cruces

2163 4441 2425 4513 accipere
2455 4439 2658 4496 solere.

406 4525 491 4583 ὅτι
520 4531 589 4603 τῇ
619 4527 757 4603 αὐτῇ
799 4527 983 4602 ἡμέρᾳ
1011 4529 1118 4582 τῶν
1155 4526 1326 4581 Βαΐων
1355 4525 1446 4580 καὶ
1482 4527 1518 4596 ἡ
1552 4523 1842 4602 Αὖγοῦστα
1893 4523 2106 4603 δέχεται
2153 4531 2222 4588 τὰ
2271 4529 2418 4607 βῆλα
2448 4531 2559 4602 (49)
2591 4528 2802 4602 ὁμοίως
2849 4532 2931 4601 τῷ
2981 4525 3216 4603 βασιλεῖ,
3264 4527 3354 4582 καὶ
3390 4525 3517 4591 τοὺς
3547 4523 3810 4602 σταυροὺς

405 4611 675 4692 λαμϐάνει
705 4617 765 4673 ίκ
791 4621 901 4672 τῶν
930 4615 1067 4673 κατὰ
1094 4614 1263 4672 τύπον
1295 4615 1693 4691 εἷσερχομένων
1742 4614 1830 4671 ἐπὶ
1871 4620 1969 4671 τοῦ
2004 4618 2277 4695 βασιλέως
2309 4618 2482 4682 οὕτως
2511 4619 2599 4673 καὶ
2634 4616 2720 4672 ἔπ’
2749 4615 2938 4687 αὐτῆς.

1010 4709 1266 4764 ΚΕΦΑΛ.
1319 4706 1440 4762 AI".

397 4799 534 4875 ,Οσα
608 4795 690 4875 δεῖ
719 4794 1199 4875 ⁸τιξαραφυλάττειλι
1290 4797 1359 4875 τῇ
1454 4794 1578 4869 ἀγίᾳ
1641 4795 1754 4875 ⁸καὶ
1818 4795 2048 4875 ,μεγάλῃ

473 4871 509 4924 ε’
558 4869 646 4923 καὶ
717 4868 805 4923 ἰπὶ
842 4862 955 4937 ’τῆς
1003 4869 1101 4922 τοῦ
1163 4862 1440 4941 βασιλέως
1496 4862 1758 4944 περιόδου
1815 4862 1870 4924 ἓν
1916 4862 2050 4932 ’τοῖς

474 4944 890 5018 γηροκομείοις.

474 5027 788 5102 ,Εεὲρχεται
854 5026 883 5080 δ
948 5023 1201 5100 βασιλεὺς
1268 5027 1374 5082 ἀπὸ
1437 5030 1535 5082 τοῦ
1591 5025 1865 5083 παλατίου
1935 5029 2052 5104 ὥρᾳ

401 5116 600 5191 πρώτῃ
648 5116 684 5185 ἢ
731 5115 820 5170 καὶ
864 5111 1088 5188 δευτέρᾳ
1135 5115 1308 5188 ἕνα-τῷ
1358 5112 1732 5192 ἰπποδρομίῳ.
1763 5117 2051 5182 Ἰππεύσας

401 5202 458 5262 δὶ
506 5201 701 5274 ἐκεῖσε,
751 5199 1178 5279 δηριγιυόμενος
1226 5203 1330 5259 ὑπὸ
1376 5208 1486 5260 τῶν
1551 5205 1688 5260 κατὰ
1735 5207 2043 5282 συνήθειαν,

2085 4717 2134 4779 D

2724 4709 2957 4766 CAPUT
2997 4707 3250 4765 XXXIII.

2162 4799 2522 4860 Obseruando
2554 4801 2614 4855 in
2662 4805 2858 4855 sancta
2896 4805 2948 4854 et
2991 4815 3195 4869 magna
3235 4796 3384 4868 feria
3417 4797 3632 4868 quinta,
3671 4799 3719 4852 et
3749 4793 3818 4851 de

2443 4873 2792 4944 imperatoris
2820 4871 3063 4927 circuitu
3091 4873 3151 4925 in
3181 4870 3526 4938 gerocomiis.

2232 5037 2546 5106 Imperator
2573 5049 2607 5089 a
2637 5031 2851 5105 palatio
2899 5031 3042 5086 hora
3073 5029 3259 5102 prima
3302 5033 3406 5084 aut
3454 5027 3710 5084 secunda
3739 5027 3813 5082 ad

2160 5123 2610 5196 hippodromum
2634 5121 2916 5194 procedit.
2943 5120 3107 5193 Equo
3139 5123 3334 5174 autem
3359 5117 3442 5173 ibi
3473 5131 3813 5187 conscenso,

2157 5212 2578 5269 comitantibus
2612 5227 2768 5280 eum,
2809 5209 2909 5282 qui
2939 5209 3152 5278 solent,
3207 5207 3280 5263 ad
3310 5205 3640 5278 gerocomia
3670 5205 3816 5276 abit,

1767 5305 2000 5365 νΑιιΙιΕ
2040 5308 2450 5369 LECTIONES.

475 5396 523 5434 ³ο
553 5394 604 5452 οἱ
635 5411 753 5456 om.
785 5396 877 5454 ed.

1440 5490 1641 5550 JOAN.
1680 5495 1828 5552 JAC.
1875 5495 2139 5556 REISKII
2179 5499 2774 5559 COMMENTARIUS.

478 5587 593 5662 (49)
618 5586 842 5661 Nempe
911 5599 1124 5642 uxores
1184 5581 1433 5662 illorum
1480 5598 1809 5662 procerum,

1851 5585 2060 5661 quibus
2169 5595 2226 5646 et
2255 5592 2328 5647 ab
2361 5591 2570 5649 iisdem
2601 5591 2762 5658 viris,
2794 5585 3271 5661 orphanotropho
3293 5597 3502 5661 nempe
3532 5586 3708 5661 atque
3724 5598 3818 5640 xe-

405 5655 723 5736 imperator
770 5655 982 5736 cruces
1030 5664 1334 5736 argenteas
1379 5655 1683 5736 distribuit
1715 5671 1730 5713 :
1763 5663 1831 5736 et‘
1857 5655 2061 5716 eodem
2170 5663 2457 5733 nodocbo,
2488 5664 2701 5736 accipit
2744 5655 3013 5734 Aug'usta
3058 5655 3285 5730 cru—cos,
3317 5673 3352 5715 a
3383 5655 3819 5728 quibus’impe-

403 5725 612 5791 ordine
652 5731 1042 5790 admlttuntur
1064 5725 1348 5788 fe'minina
1375 5725 1524 5795 vela,
1563 5731 1739 5801 atque
1783 5729 2062 5805 virorum,
2170 5738 2331 5792 rator
2360 5725 2677 5807 acceperat.
