  <div class='ocr_page' id='page_1' title='image "/cluster/home/n/w/nwhite01/storage/ocr_20150623/112/hvd.32044073502304/215.png"; bbox 0 0 4158 6212; ppageno 0'>
   <div class='ocr_carea' id='block_1_1' title="bbox 355 381 470 440">
    <p class='ocr_par' dir='ltr' id='par_1_1' title="bbox 355 381 470 440">
     <span class='ocr_line' id='line_1_1' title="bbox 355 381 470 440; baseline 0.017 -2"><span class='ocrx_word' id='word_1_1' title='bbox 355 381 470 440; x_wconf 73' lang='grc'><strong>419</strong></span> 
     </span>
    </p>
   </div>
   <div class='ocr_carea' id='block_1_2' title="bbox 1425 371 2696 438">
    <p class='ocr_par' dir='ltr' id='par_1_2' title="bbox 1425 371 2696 438">
     <span class='ocr_line' id='line_1_2' title="bbox 1425 371 2696 438; baseline -0.002 -1"><span class='ocrx_word' id='word_1_2' title='bbox 1425 375 1956 438; x_wconf 84' lang='lat' dir='ltr'><strong>CONSTANTINI</strong></span> <span class='ocrx_word' id='word_1_3' title='bbox 2000 371 2696 436; x_wconf 81' lang='lat' dir='ltr'><strong>PORPHYROGENITI</strong></span> 
     </span>
    </p>
   </div>
   <div class='ocr_carea' id='block_1_3' title="bbox 3643 388 3762 450">
    <p class='ocr_par' dir='ltr' id='par_1_3' title="bbox 3643 388 3762 450">
     <span class='ocr_line' id='line_1_3' title="bbox 3643 388 3762 450; baseline 0.034 -4"><span class='ocrx_word' id='word_1_4' title='bbox 3643 388 3762 450; x_wconf 69' lang='lat'><strong>420</strong></span> 
     </span>
    </p>
   </div>
   <div class='ocr_carea' id='block_1_4' title="bbox 355 502 1995 594">
    <p class='ocr_par' dir='ltr' id='par_1_4' title="bbox 355 508 1991 583">
     <span class='ocr_line' id='line_1_4' title="bbox 355 508 1991 583; baseline -0.002 -14"><span class='ocrx_word' id='word_1_5' title='bbox 355 519 419 569; x_wconf 93' lang='lat' dir='ltr'><strong>ut</strong></span> <span class='ocrx_word' id='word_1_6' title='bbox 447 514 621 570; x_wconf 90' lang='lat' dir='ltr'><strong>verba</strong></span> <span class='ocrx_word' id='word_1_7' title='bbox 653 530 684 568; x_wconf 92' lang='lat' dir='ltr'><strong>a</strong></span> <span class='ocrx_word' id='word_1_8' title='bbox 732 510 1038 582; x_wconf 74' lang='lat' dir='ltr'><strong>Propheta,</strong></span> <span class='ocrx_word' id='word_1_9' title='bbox 1081 514 1178 566; x_wconf 89' lang='lat' dir='ltr'><strong>aut</strong></span> <span class='ocrx_word' id='word_1_10' title='bbox 1209 508 1399 581; x_wconf 87' lang='lat' dir='ltr'><strong>potius</strong></span> <span class='ocrx_word' id='word_1_11' title='bbox 1426 526 1457 565; x_wconf 90' lang='lat' dir='ltr'><strong>a</strong></span> <span class='ocrx_word' id='word_1_12' title='bbox 1488 510 1736 567; x_wconf 91' lang='lat' dir='ltr'><strong>Domino</strong></span> <span class='ocrx_word' id='word_1_13' title='bbox 1768 511 1991 583; x_wconf 89' lang='lat' dir='ltr'><strong>prolata</strong></span> 
     </span>
    </p>
   </div>
   <div class='ocr_carea' id='block_1_5' title="bbox 2105 502 3759 594">
    <p class='ocr_par' dir='ltr' id='par_1_5' title="bbox 2105 502 3759 594">
     <span class='ocr_line' id='line_1_5' title="bbox 2105 502 3759 594; baseline 0.01 -35"><span class='ocrx_word' id='word_1_14' title='bbox 2105 505 2400 579; x_wconf 74' lang='grc' dir='ltr'><strong>ἀπέρχεται</strong></span> <span class='ocrx_word' id='word_1_15' title='bbox 2432 502 2483 560; x_wconf 82' lang='grc' dir='ltr'>ἐν</span> <span class='ocrx_word' id='word_1_16' title='bbox 2513 508 2631 567; x_wconf 89' lang='grc' dir='ltr'>τοῖς</span> <span class='ocrx_word' id='word_1_17' title='bbox 2679 507 3096 594; x_wconf 81' lang='grc' dir='ltr'>γηροκομείοις,</span> <span class='ocrx_word' id='word_1_18' title='bbox 3147 506 3443 587; x_wconf 78' lang='grc' dir='ltr'><strong>ἐκπληρῶν</strong></span> <span class='ocrx_word' id='word_1_19' title='bbox 3482 516 3582 585; x_wconf 85' lang='grc' dir='ltr'><strong>τήν</strong></span> <span class='ocrx_word' id='word_1_20' title='bbox 3612 518 3759 594; x_wconf 84' lang='grc' dir='ltr'>παρᾶ</span> 
     </span>
    </p>
   </div>
   <div class='ocr_carea' id='block_1_6' title="bbox 354 600 1994 675">
    <p class='ocr_par' dir='ltr' id='par_1_6' title="bbox 354 600 1994 675">
     <span class='ocr_line' id='line_1_6' title="bbox 354 600 1994 675; baseline -0.001 -17"><span class='ocrx_word' id='word_1_21' title='bbox 354 602 597 673; x_wconf 82' lang='lat' dir='ltr'><strong>impleat</strong></span> <span class='ocrx_word' id='word_1_22' title='bbox 626 618 640 656; x_wconf 91' lang='lat'><strong>:</strong></span> <span class='ocrx_word' id='word_1_23' title='bbox 677 622 706 652; x_wconf 86' lang='lat'><strong><em>«</em></strong></span> <span class='ocrx_word' id='word_1_24' title='bbox 735 600 960 672; x_wconf 76' lang='lat' dir='ltr'><strong>Sparsit</strong></span> <span class='ocrx_word' id='word_1_25' title='bbox 1007 615 1271 667; x_wconf 88' lang='lat' dir='ltr'><strong>munera,</strong></span> <span class='ocrx_word' id='word_1_26' title='bbox 1304 600 1460 675; x_wconf 87' lang='lat' dir='ltr'><strong>dedit</strong></span> <span class='ocrx_word' id='word_1_27' title='bbox 1492 600 1872 673; x_wconf 82' lang='lat' dir='ltr'><strong>pauperibus,</strong></span> <span class='ocrx_word' id='word_1_28' title='bbox 1897 601 1994 672; x_wconf 89' lang='lat' dir='ltr'><strong>ju-</strong></span> 
     </span>
    </p>
   </div>
   <div class='ocr_carea' id='block_1_7' title="bbox 353 688 1996 761">
    <p class='ocr_par' dir='ltr' id='par_1_7' title="bbox 353 688 1996 761">
     <span class='ocr_line' id='line_1_7' title="bbox 353 688 1996 761; baseline -0.001 -15"><span class='ocrx_word' id='word_1_29' title='bbox 353 690 511 747; x_wconf 88' lang='lat' dir='ltr'><strong>stitia</strong></span> <span class='ocrx_word' id='word_1_30' title='bbox 550 690 677 761; x_wconf 86' lang='lat' dir='ltr'><strong>ejus</strong></span> <span class='ocrx_word' id='word_1_31' title='bbox 734 690 793 745; x_wconf 91' lang='lat' dir='ltr'><strong>in</strong></span> <span class='ocrx_word' id='word_1_32' title='bbox 842 688 1055 745; x_wconf 65' lang='lat' dir='ltr'><strong>saecula</strong></span> <span class='ocrx_word' id='word_1_33' title='bbox 1114 688 1457 746; x_wconf 66' lang='lat' dir='ltr'><strong>seculorum</strong></span> <span class='ocrx_word' id='word_1_34' title='bbox 1517 693 1760 745; x_wconf 89' lang='lat' dir='ltr'><strong>manet:</strong></span> <span class='ocrx_word' id='word_1_35' title='bbox 1804 690 1996 745; x_wconf 89' lang='lat' dir='ltr'><strong>ditans</strong></span> 
     </span>
    </p>
   </div>
   <div class='ocr_carea' id='block_1_8' title="bbox 278 768 1996 849">
    <p class='ocr_par' dir='ltr' id='par_1_8' title="bbox 278 768 1996 849">
     <span class='ocr_line' id='line_1_8' title="bbox 278 768 1996 849; baseline -0.001 -14"><span class='ocrx_word' id='word_1_36' title='bbox 278 768 281 771; x_wconf 60' lang='grc'><em>’</em></span> <span class='ocrx_word' id='word_1_37' title='bbox 348 795 551 835; x_wconf 89' lang='lat' dir='ltr'><strong>omnes</strong></span> <span class='ocrx_word' id='word_1_38' title='bbox 582 783 639 834; x_wconf 84' lang='lat' dir='ltr'><strong>et</strong></span> <span class='ocrx_word' id='word_1_39' title='bbox 668 779 982 835; x_wconf 89' lang='lat' dir='ltr'><strong>sublevans</strong></span> <span class='ocrx_word' id='word_1_40' title='bbox 1015 794 1084 834; x_wconf 83' lang='lat' dir='ltr'><strong>ex</strong></span> <span class='ocrx_word' id='word_1_41' title='bbox 1113 778 1481 836; x_wconf 82' lang='lat' dir='ltr'><strong>inexhaustis</strong></span> <span class='ocrx_word' id='word_1_42' title='bbox 1511 777 1824 843; x_wconf 78' lang='lat' dir='ltr'><strong>thesauris,</strong></span> <span class='ocrx_word' id='word_1_43' title='bbox 1849 794 1996 849; x_wconf 90' lang='lat' dir='ltr'><strong>quos</strong></span> 
     </span>
    </p>
   </div>
   <div class='ocr_carea' id='block_1_9' title="bbox 346 867 1994 942">
    <p class='ocr_par' dir='ltr' id='par_1_9' title="bbox 346 867 1994 942">
     <span class='ocr_line' id='line_1_9' title="bbox 346 867 1994 942; baseline 0.001 -18"><span class='ocrx_word' id='word_1_44' title='bbox 346 870 455 942; x_wconf 87' lang='lat' dir='ltr'><strong>ipsi</strong></span> <span class='ocrx_word' id='word_1_45' title='bbox 488 868 638 924; x_wconf 88' lang='lat' dir='ltr'><strong>Deus</strong></span> <span class='ocrx_word' id='word_1_46' title='bbox 679 869 937 924; x_wconf 88' lang='lat' dir='ltr'><strong>donavit.</strong></span> <span class='ocrx_word' id='word_1_47' title='bbox 968 890 996 918; x_wconf 83' lang='grc'><strong>››</strong></span> <span class='ocrx_word' id='word_1_48' title='bbox 1038 867 1347 934; x_wconf 81' lang='lat' dir='ltr'><strong>Omnibus,</strong></span> <span class='ocrx_word' id='word_1_49' title='bbox 1398 885 1529 940; x_wconf 76' lang='lat' dir='ltr'><strong>quae</strong></span> <span class='ocrx_word' id='word_1_50' title='bbox 1567 868 1753 925; x_wconf 81' lang='lat' dir='ltr'><strong>solent</strong></span> <span class='ocrx_word' id='word_1_51' title='bbox 1783 868 1843 924; x_wconf 90' lang='lat' dir='ltr'><strong>in</strong></span> <span class='ocrx_word' id='word_1_52' title='bbox 1874 868 1994 925; x_wconf 83' lang='lat' dir='ltr'><strong>sin-</strong></span> 
     </span>
    </p>
   </div>
   <div class='ocr_carea' id='block_1_10' title="bbox 346 957 1996 1030">
    <p class='ocr_par' dir='ltr' id='par_1_10' title="bbox 346 957 1996 1030">
     <span class='ocr_line' id='line_1_10' title="bbox 346 957 1996 1030; baseline 0.001 -17"><span class='ocrx_word' id='word_1_53' title='bbox 346 957 499 1030; x_wconf 82' lang='lat' dir='ltr'><strong>gulis</strong></span> <span class='ocrx_word' id='word_1_54' title='bbox 529 957 876 1030; x_wconf 90' lang='lat' dir='ltr'><strong>gerocomiis</strong></span> <span class='ocrx_word' id='word_1_55' title='bbox 902 959 1115 1030; x_wconf 78' lang='lat' dir='ltr'><strong>peragi,</strong></span> <span class='ocrx_word' id='word_1_56' title='bbox 1140 959 1481 1027; x_wconf 82' lang='lat' dir='ltr'><strong>observatis,</strong></span> <span class='ocrx_word' id='word_1_57' title='bbox 1506 959 1576 1015; x_wconf 82' lang='lat' dir='ltr'><strong>ad</strong></span> <span class='ocrx_word' id='word_1_58' title='bbox 1604 958 1883 1028; x_wconf 85' lang='lat' dir='ltr'><strong>palatium</strong></span> <span class='ocrx_word' id='word_1_59' title='bbox 1909 974 1996 1014; x_wconf 87' lang='lat' dir='ltr'><strong>re-</strong></span> 
     </span>
    </p>
   </div>
   <div class='ocr_carea' id='block_1_11' title="bbox 346 1048 1995 1119">
    <p class='ocr_par' dir='ltr' id='par_1_11' title="bbox 346 1048 1995 1119">
     <span class='ocr_line' id='line_1_11' title="bbox 346 1048 1995 1119; baseline 0.001 -18"><span class='ocrx_word' id='word_1_60' title='bbox 346 1048 612 1114; x_wconf 84' lang='lat' dir='ltr'><strong>vertitur,</strong></span> <span class='ocrx_word' id='word_1_61' title='bbox 646 1048 1043 1119; x_wconf 88' lang='lat' dir='ltr'><strong>instructoque</strong></span> <span class='ocrx_word' id='word_1_62' title='bbox 1088 1048 1371 1115; x_wconf 84' lang='lat' dir='ltr'><strong>convivio,</strong></span> <span class='ocrx_word' id='word_1_63' title='bbox 1405 1049 1624 1103; x_wconf 87' lang='lat' dir='ltr'><strong>missus</strong></span> <span class='ocrx_word' id='word_1_64' title='bbox 1657 1048 1995 1113; x_wconf 71' lang='lat' dir='ltr'><strong>afferuntur,</strong></span> 
     </span>
    </p>
   </div>
   <div class='ocr_carea' id='block_1_12' title="bbox 348 1137 1997 1210">
    <p class='ocr_par' dir='ltr' id='par_1_12' title="bbox 348 1137 1997 1210">
     <span class='ocr_line' id='line_1_12' title="bbox 348 1137 1997 1210; baseline 0 -17"><span class='ocrx_word' id='word_1_65' title='bbox 348 1145 405 1193; x_wconf 89' lang='lat' dir='ltr'><strong>et</strong></span> <span class='ocrx_word' id='word_1_66' title='bbox 436 1138 664 1193; x_wconf 87' lang='lat' dir='ltr'><strong>invitati</strong></span> <span class='ocrx_word' id='word_1_67' title='bbox 697 1138 933 1210; x_wconf 88' lang='lat' dir='ltr'><strong>quidem</strong></span> <span class='ocrx_word' id='word_1_68' title='bbox 974 1137 1145 1193; x_wconf 87' lang='lat' dir='ltr'><strong>amici</strong></span> <span class='ocrx_word' id='word_1_69' title='bbox 1187 1142 1511 1205; x_wconf 83' lang='lat' dir='ltr'><strong>remanent,</strong></span> <span class='ocrx_word' id='word_1_70' title='bbox 1545 1138 1735 1194; x_wconf 69' lang='lat' dir='ltr'><strong>caeteri</strong></span> <span class='ocrx_word' id='word_1_71' title='bbox 1770 1153 1897 1193; x_wconf 89' lang='lat' dir='ltr'><strong>vero</strong></span> <span class='ocrx_word' id='word_1_72' title='bbox 1927 1138 1997 1193; x_wconf 83' lang='lat' dir='ltr'><strong>ad</strong></span> 
     </span>
    </p>
   </div>
   <div class='ocr_carea' id='block_1_13' title="bbox 346 1224 1995 1297">
    <p class='ocr_par' dir='ltr' id='par_1_13' title="bbox 346 1224 1995 1297">
     <span class='ocr_line' id='line_1_13' title="bbox 346 1224 1995 1297; baseline 0 -16"><span class='ocrx_word' id='word_1_73' title='bbox 346 1242 452 1281; x_wconf 87' lang='lat' dir='ltr'><strong>sua</strong></span> <span class='ocrx_word' id='word_1_74' title='bbox 483 1226 780 1282; x_wconf 90' lang='lat' dir='ltr'><strong>domicilia</strong></span> <span class='ocrx_word' id='word_1_75' title='bbox 809 1227 1040 1283; x_wconf 87' lang='lat' dir='ltr'><strong>abeunt.</strong></span> <span class='ocrx_word' id='word_1_76' title='bbox 1087 1226 1241 1283; x_wconf 87' lang='lat' dir='ltr'><strong>Hora</strong></span> <span class='ocrx_word' id='word_1_77' title='bbox 1279 1235 1468 1282; x_wconf 88' lang='lat' dir='ltr'><strong>autem</strong></span> <span class='ocrx_word' id='word_1_78' title='bbox 1501 1227 1709 1281; x_wconf 74' lang='lat' dir='ltr'><strong>divinae</strong></span> <span class='ocrx_word' id='word_1_79' title='bbox 1746 1224 1995 1297; x_wconf 67' lang='lat' dir='ltr'><strong>liturgiae</strong></span> 
     </span>
    </p>
   </div>
   <div class='ocr_carea' id='block_1_14' title="bbox 343 1315 1997 1388">
    <p class='ocr_par' dir='ltr' id='par_1_14' title="bbox 343 1315 1997 1388">
     <span class='ocr_line' id='line_1_14' title="bbox 343 1315 1997 1388; baseline 0.001 -18"><span class='ocrx_word' id='word_1_80' title='bbox 343 1316 625 1385; x_wconf 84' lang='lat' dir='ltr'><strong>instante,</strong></span> <span class='ocrx_word' id='word_1_81' title='bbox 648 1316 933 1388; x_wconf 88' lang='lat' dir='ltr'><strong>templum</strong></span> <span class='ocrx_word' id='word_1_82' title='bbox 949 1316 1339 1371; x_wconf 72' lang='lat' dir='ltr'><strong>Sanctissimae</strong></span> <span class='ocrx_word' id='word_1_83' title='bbox 1362 1315 1609 1386; x_wconf 66' lang='lat' dir='ltr'><strong>Deiparas</strong></span> <span class='ocrx_word' id='word_1_84' title='bbox 1630 1315 1802 1371; x_wconf 89' lang='lat' dir='ltr'><strong>Phari</strong></span> <span class='ocrx_word' id='word_1_85' title='bbox 1821 1316 1997 1386; x_wconf 87' lang='lat' dir='ltr'><strong>impe-</strong></span> 
     </span>
    </p>
   </div>
   <div class='ocr_carea' id='block_1_15' title="bbox 348 1402 1999 1474">
    <p class='ocr_par' dir='ltr' id='par_1_15' title="bbox 348 1402 1999 1474">
     <span class='ocr_line' id='line_1_15' title="bbox 348 1402 1999 1474; baseline -0.001 -14"><span class='ocrx_word' id='word_1_86' title='bbox 348 1412 504 1460; x_wconf 89' lang='lat' dir='ltr'><strong>rator</strong></span> <span class='ocrx_word' id='word_1_87' title='bbox 533 1420 831 1460; x_wconf 87' lang='lat' dir='ltr'><strong>sacrorum</strong></span> <span class='ocrx_word' id='word_1_88' title='bbox 856 1406 1073 1459; x_wconf 89' lang='lat' dir='ltr'><strong>rituum</strong></span> <span class='ocrx_word' id='word_1_89' title='bbox 1105 1402 1583 1459; x_wconf 80' lang='lat' dir='ltr'><strong>celebrandarum</strong></span> <span class='ocrx_word' id='word_1_90' title='bbox 1613 1419 1788 1459; x_wconf 91' lang='lat' dir='ltr'><strong>causa</strong></span> <span class='ocrx_word' id='word_1_91' title='bbox 1816 1402 1999 1474; x_wconf 85' lang='lat' dir='ltr'><strong>ingre-</strong></span> 
     </span>
    </p>
   </div>
   <div class='ocr_carea' id='block_1_16' title="bbox 349 1491 1998 1564">
    <p class='ocr_par' dir='ltr' id='par_1_16' title="bbox 349 1491 1998 1564">
     <span class='ocr_line' id='line_1_16' title="bbox 349 1491 1998 1564; baseline 0.001 -17"><span class='ocrx_word' id='word_1_92' title='bbox 349 1493 528 1562; x_wconf 90' lang='lat' dir='ltr'><strong>ditur,</strong></span> <span class='ocrx_word' id='word_1_93' title='bbox 548 1497 604 1549; x_wconf 88' lang='lat' dir='ltr'><strong>et</strong></span> <span class='ocrx_word' id='word_1_94' title='bbox 623 1494 873 1563; x_wconf 87' lang='lat' dir='ltr'><strong>sijubet,</strong></span> <span class='ocrx_word' id='word_1_95' title='bbox 899 1494 1047 1550; x_wconf 76' lang='lat'><strong>105</strong></span> <span class='ocrx_word' id='word_1_96' title='bbox 1086 1491 1313 1564; x_wconf 87' lang='lat' dir='ltr'><strong>patricii</strong></span> <span class='ocrx_word' id='word_1_97' title='bbox 1344 1497 1645 1561; x_wconf 89' lang='lat' dir='ltr'><strong>vocantur,</strong></span> <span class='ocrx_word' id='word_1_98' title='bbox 1662 1497 1718 1548; x_wconf 90' lang='lat' dir='ltr'><strong>et</strong></span> <span class='ocrx_word' id='word_1_99' title='bbox 1749 1492 1850 1564; x_wconf 91' lang='lat' dir='ltr'><strong>qui</strong></span> <span class='ocrx_word' id='word_1_100' title='bbox 1883 1509 1998 1549; x_wconf 84' lang='lat' dir='ltr'><strong>una</strong></span> 
     </span>
    </p>
   </div>
   <div class='ocr_carea' id='block_1_17' title="bbox 352 1581 1994 1653">
    <p class='ocr_par' dir='ltr' id='par_1_17' title="bbox 352 1581 1994 1653">
     <span class='ocr_line' id='line_1_17' title="bbox 352 1581 1994 1653; baseline -0.001 -15"><span class='ocrx_word' id='word_1_101' title='bbox 352 1597 485 1638; x_wconf 88' lang='lat' dir='ltr'><strong>cum</strong></span> <span class='ocrx_word' id='word_1_102' title='bbox 518 1583 643 1653; x_wconf 89' lang='lat' dir='ltr'><strong>ipso</strong></span> <span class='ocrx_word' id='word_1_103' title='bbox 673 1599 838 1638; x_wconf 88' lang='lat' dir='ltr'><strong>sacra</strong></span> <span class='ocrx_word' id='word_1_104' title='bbox 870 1582 1202 1649; x_wconf 89' lang='lat' dir='ltr'><strong>celebrant;</strong></span> <span class='ocrx_word' id='word_1_105' title='bbox 1228 1582 1320 1636; x_wconf 84' lang='lat' dir='ltr'><strong>sin</strong></span> <span class='ocrx_word' id='word_1_106' title='bbox 1355 1581 1573 1648; x_wconf 89' lang='lat' dir='ltr'><strong>minus,</strong></span> <span class='ocrx_word' id='word_1_107' title='bbox 1601 1583 1670 1637; x_wconf 87' lang='lat' dir='ltr'><strong>ad</strong></span> <span class='ocrx_word' id='word_1_108' title='bbox 1706 1581 1994 1653; x_wconf 75' lang='lat' dir='ltr'><strong>templum</strong></span> 
     </span>
    </p>
   </div>
   <div class='ocr_carea' id='block_1_18' title="bbox 349 1670 1997 1744">
    <p class='ocr_par' dir='ltr' id='par_1_18' title="bbox 349 1670 1997 1744">
     <span class='ocr_line' id='line_1_18' title="bbox 349 1670 1997 1744; baseline -0.002 -17"><span class='ocrx_word' id='word_1_109' title='bbox 349 1672 541 1727; x_wconf 86' lang='lat' dir='ltr'><strong>Sancti</strong></span> <span class='ocrx_word' id='word_1_110' title='bbox 577 1672 749 1744; x_wconf 88' lang='lat' dir='ltr'><strong>primi</strong></span> <span class='ocrx_word' id='word_1_111' title='bbox 801 1671 1072 1741; x_wconf 82' lang='lat' dir='ltr'><strong>martyris</strong></span> <span class='ocrx_word' id='word_1_112' title='bbox 1123 1670 1403 1742; x_wconf 82' lang='lat' dir='ltr'><strong>Stephani</strong></span> <span class='ocrx_word' id='word_1_113' title='bbox 1457 1671 1771 1742; x_wconf 80' lang='lat' dir='ltr'><strong>progressi,</strong></span> <span class='ocrx_word' id='word_1_114' title='bbox 1805 1687 1997 1726; x_wconf 86' lang='lat' dir='ltr'><strong>sacras</strong></span> 
     </span>
    </p>
   </div>
   <div class='ocr_carea' id='block_1_19' title="bbox 350 1759 1999 1831">
    <p class='ocr_par' dir='ltr' id='par_1_19' title="bbox 350 1759 1999 1831">
     <span class='ocr_line' id='line_1_19' title="bbox 350 1759 1999 1831; baseline -0.001 -16"><span class='ocrx_word' id='word_1_115' title='bbox 350 1761 432 1815; x_wconf 90' lang='lat' dir='ltr'><strong>ibi</strong></span> <span class='ocrx_word' id='word_1_116' title='bbox 464 1761 808 1816; x_wconf 86' lang='lat' dir='ltr'><strong>cerimonias</strong></span> <span class='ocrx_word' id='word_1_117' title='bbox 840 1764 1147 1831; x_wconf 89' lang='lat' dir='ltr'><strong>peragunt,</strong></span> <span class='ocrx_word' id='word_1_118' title='bbox 1180 1767 1231 1815; x_wconf 88' lang='lat' dir='ltr'><strong>ct</strong></span> <span class='ocrx_word' id='word_1_119' title='bbox 1263 1760 1305 1814; x_wconf 91' lang='lat' dir='ltr'><strong>si</strong></span> <span class='ocrx_word' id='word_1_120' title='bbox 1341 1760 1423 1814; x_wconf 89' lang='lat' dir='ltr'><strong>ita</strong></span> <span class='ocrx_word' id='word_1_121' title='bbox 1452 1759 1787 1829; x_wconf 86' lang='lat' dir='ltr'><strong>imperatori</strong></span> <span class='ocrx_word' id='word_1_122' title='bbox 1812 1760 1999 1814; x_wconf 83' lang='lat' dir='ltr'><strong>visum</strong></span> 
     </span>
    </p>
   </div>
   <div class='ocr_carea' id='block_1_20' title="bbox 348 1848 2070 1943">
    <p class='ocr_par' dir='ltr' id='par_1_20' title="bbox 348 1848 2070 1943">
     <span class='ocr_line' id='line_1_20' title="bbox 348 1848 2070 1943; baseline -0.002 -38"><span class='ocrx_word' id='word_1_123' title='bbox 348 1850 543 1913; x_wconf 82' lang='lat' dir='ltr'><strong>fuerit,</strong></span> <span class='ocrx_word' id='word_1_124' title='bbox 578 1850 805 1916; x_wconf 78' lang='lat' dir='ltr'><strong>patricii</strong></span> <span class='ocrx_word' id='word_1_125' title='bbox 854 1850 1225 1905; x_wconf 87' lang='lat' dir='ltr'><strong>advocantur.</strong></span> <span class='ocrx_word' id='word_1_126' title='bbox 1272 1848 1477 1904; x_wconf 86' lang='lat' dir='ltr'><strong>Divina</strong></span> <span class='ocrx_word' id='word_1_127' title='bbox 1516 1853 1710 1904; x_wconf 84' lang='lat' dir='ltr'><strong>autem</strong></span> <span class='ocrx_word' id='word_1_128' title='bbox 1760 1848 1996 1920; x_wconf 88' lang='lat' dir='ltr'><strong>liturgia</strong></span> <span class='ocrx_word' id='word_1_129' title='bbox 2024 1879 2070 1943; x_wconf 84' lang='lat' dir='ltr'><strong>B</strong></span> 
     </span>
    </p>
   </div>
   <div class='ocr_carea' id='block_1_21' title="bbox 350 1937 1990 2009">
    <p class='ocr_par' dir='ltr' id='par_1_21' title="bbox 350 1937 1990 2009">
     <span class='ocr_line' id='line_1_21' title="bbox 350 1937 1990 2009; baseline -0.001 -16"><span class='ocrx_word' id='word_1_130' title='bbox 350 1937 541 2007; x_wconf 83' lang='lat' dir='ltr'><strong>ﬁnita,</strong></span> <span class='ocrx_word' id='word_1_131' title='bbox 569 1938 619 1994; x_wconf 90' lang='lat' dir='ltr'><strong>is</strong></span> <span class='ocrx_word' id='word_1_132' title='bbox 650 1940 708 1994; x_wconf 88' lang='lat' dir='ltr'><strong>in</strong></span> <span class='ocrx_word' id='word_1_133' title='bbox 744 1939 1014 1994; x_wconf 87' lang='lat' dir='ltr'><strong>narthece</strong></span> <span class='ocrx_word' id='word_1_134' title='bbox 1041 1939 1166 2009; x_wconf 89' lang='lat' dir='ltr'><strong>ejus</strong></span> <span class='ocrx_word' id='word_1_135' title='bbox 1208 1938 1408 2008; x_wconf 88' lang='lat' dir='ltr'><strong>templi</strong></span> <span class='ocrx_word' id='word_1_136' title='bbox 1440 1939 1497 1993; x_wconf 91' lang='lat' dir='ltr'><strong>in</strong></span> <span class='ocrx_word' id='word_1_137' title='bbox 1533 1954 1773 1993; x_wconf 88' lang='lat' dir='ltr'><strong>scamno</strong></span> <span class='ocrx_word' id='word_1_138' title='bbox 1806 1939 1990 2006; x_wconf 88' lang='lat' dir='ltr'><strong>sedet,</strong></span> 
     </span>
    </p>
   </div>
   <div class='ocr_carea' id='block_1_22' title="bbox 348 2026 1993 2099">
    <p class='ocr_par' dir='ltr' id='par_1_22' title="bbox 348 2026 1993 2099">
     <span class='ocr_line' id='line_1_22' title="bbox 348 2026 1993 2099; baseline -0.001 -16"><span class='ocrx_word' id='word_1_139' title='bbox 348 2034 402 2083; x_wconf 86' lang='lat' dir='ltr'><strong>et</strong></span> <span class='ocrx_word' id='word_1_140' title='bbox 434 2026 717 2099; x_wconf 82' lang='lat' dir='ltr'><strong>magistri,</strong></span> <span class='ocrx_word' id='word_1_141' title='bbox 742 2027 989 2099; x_wconf 87' lang='lat' dir='ltr'><strong>patricii,</strong></span> <span class='ocrx_word' id='word_1_142' title='bbox 1016 2027 1305 2098; x_wconf 65' lang='lat' dir='ltr'><strong>praepositi</strong></span> <span class='ocrx_word' id='word_1_143' title='bbox 1342 2032 1398 2081; x_wconf 85' lang='lat' dir='ltr'><strong>et</strong></span> <span class='ocrx_word' id='word_1_144' title='bbox 1429 2026 1627 2096; x_wconf 87' lang='lat' dir='ltr'><strong>reliqui</strong></span> <span class='ocrx_word' id='word_1_145' title='bbox 1660 2026 1929 2098; x_wconf 90' lang='lat' dir='ltr'><strong>ingressi,</strong></span> <span class='ocrx_word' id='word_1_146' title='bbox 1962 2041 1993 2082; x_wconf 92' lang='lat' dir='ltr'><strong>e</strong></span> 
     </span>
    </p>
   </div>
   <div class='ocr_carea' id='block_1_23' title="bbox 348 2116 1994 2189">
    <p class='ocr_par' dir='ltr' id='par_1_23' title="bbox 348 2116 1994 2189">
     <span class='ocr_line' id='line_1_23' title="bbox 348 2116 1994 2189; baseline -0.001 -17"><span class='ocrx_word' id='word_1_147' title='bbox 348 2134 526 2172; x_wconf 88' lang='lat' dir='ltr'><strong>manu</strong></span> <span class='ocrx_word' id='word_1_148' title='bbox 561 2118 688 2188; x_wconf 88' lang='lat' dir='ltr'><strong>ejus</strong></span> <span class='ocrx_word' id='word_1_149' title='bbox 720 2118 935 2189; x_wconf 83' lang='lat' dir='ltr'><strong>singuli</strong></span> <span class='ocrx_word' id='word_1_150' title='bbox 966 2118 1080 2171; x_wconf 90' lang='lat' dir='ltr'><strong>duo</strong></span> <span class='ocrx_word' id='word_1_151' title='bbox 1102 2132 1274 2187; x_wconf 90' lang='lat' dir='ltr'><strong>poma</strong></span> <span class='ocrx_word' id='word_1_152' title='bbox 1295 2124 1347 2170; x_wconf 92' lang='lat' dir='ltr'><strong>et</strong></span> <span class='ocrx_word' id='word_1_153' title='bbox 1378 2118 1816 2171; x_wconf 87' lang='lat' dir='ltr'><strong>cinnamomum</strong></span> <span class='ocrx_word' id='word_1_154' title='bbox 1839 2116 1994 2172; x_wconf 89' lang='lat' dir='ltr'><strong>acci-</strong></span> 
     </span>
    </p>
   </div>
   <div class='ocr_carea' id='block_1_24' title="bbox 347 2204 1994 2276">
    <p class='ocr_par' dir='ltr' id='par_1_24' title="bbox 347 2204 1994 2276">
     <span class='ocr_line' id='line_1_24' title="bbox 347 2204 1994 2276; baseline 0.001 -16"><span class='ocrx_word' id='word_1_155' title='bbox 347 2206 534 2276; x_wconf 90' lang='lat' dir='ltr'><strong>piunt.</strong></span> <span class='ocrx_word' id='word_1_156' title='bbox 554 2207 615 2261; x_wconf 91' lang='lat' dir='ltr'><strong>Si</strong></span> <span class='ocrx_word' id='word_1_157' title='bbox 637 2222 766 2261; x_wconf 89' lang='lat' dir='ltr'><strong>vero</strong></span> <span class='ocrx_word' id='word_1_158' title='bbox 797 2207 874 2261; x_wconf 89' lang='lat' dir='ltr'><strong>ibi</strong></span> <span class='ocrx_word' id='word_1_159' title='bbox 908 2206 1212 2261; x_wconf 88' lang='lat' dir='ltr'><strong>considere</strong></span> <span class='ocrx_word' id='word_1_160' title='bbox 1242 2205 1574 2276; x_wconf 86' lang='lat' dir='ltr'><strong>imperatori</strong></span> <span class='ocrx_word' id='word_1_161' title='bbox 1599 2221 1714 2260; x_wconf 90' lang='lat' dir='ltr'><strong>non</strong></span> <span class='ocrx_word' id='word_1_162' title='bbox 1738 2204 1994 2275; x_wconf 89' lang='lat' dir='ltr'><strong>libuerit,</strong></span> 
     </span>
    </p>
   </div>
   <div class='ocr_carea' id='block_1_25' title="bbox 347 2293 1997 2366">
    <p class='ocr_par' dir='ltr' id='par_1_25' title="bbox 347 2293 1997 2366">
     <span class='ocr_line' id='line_1_25' title="bbox 347 2293 1997 2366; baseline 0 -17"><span class='ocrx_word' id='word_1_163' title='bbox 347 2294 471 2350; x_wconf 83' lang='lat' dir='ltr'><strong>abit</strong></span> <span class='ocrx_word' id='word_1_164' title='bbox 494 2296 564 2350; x_wconf 92' lang='lat' dir='ltr'><strong>ad</strong></span> <span class='ocrx_word' id='word_1_165' title='bbox 591 2295 1019 2366; x_wconf 83' lang='lat' dir='ltr'><strong>imperatoriam</strong></span> <span class='ocrx_word' id='word_1_166' title='bbox 1044 2310 1335 2349; x_wconf 87' lang='lat' dir='ltr'><strong>cameram</strong></span> <span class='ocrx_word' id='word_1_167' title='bbox 1352 2293 1780 2365; x_wconf 81' lang='lat' dir='ltr'><strong>chrysotriclini</strong></span> <span class='ocrx_word' id='word_1_168' title='bbox 1801 2294 1997 2366; x_wconf 90' lang='lat' dir='ltr'><strong>ibique</strong></span> 
     </span>
    </p>
   </div>
   <div class='ocr_carea' id='block_1_26' title="bbox 346 2383 1996 2453">
    <p class='ocr_par' dir='ltr' id='par_1_26' title="bbox 346 2383 1996 2453">
     <span class='ocr_line' id='line_1_26' title="bbox 346 2383 1996 2453; baseline 0.001 -15"><span class='ocrx_word' id='word_1_169' title='bbox 346 2383 408 2438; x_wconf 89' lang='lat' dir='ltr'><strong>in</strong></span> <span class='ocrx_word' id='word_1_170' title='bbox 441 2400 677 2439; x_wconf 88' lang='lat' dir='ltr'><strong>scamno</strong></span> <span class='ocrx_word' id='word_1_171' title='bbox 723 2383 1003 2451; x_wconf 83' lang='lat' dir='ltr'><strong>considet,</strong></span> <span class='ocrx_word' id='word_1_172' title='bbox 1052 2399 1255 2439; x_wconf 88' lang='lat' dir='ltr'><strong>omnes</strong></span> <span class='ocrx_word' id='word_1_173' title='bbox 1303 2383 1607 2453; x_wconf 70' lang='lat' dir='ltr'><strong>praedictas</strong></span> <span class='ocrx_word' id='word_1_174' title='bbox 1647 2384 1996 2439; x_wconf 85' lang='lat' dir='ltr'><strong>cerimonias</strong></span> 
     </span>
    </p>
   </div>
   <div class='ocr_carea' id='block_1_27' title="bbox 347 2471 1992 2543">
    <p class='ocr_par' dir='ltr' id='par_1_27' title="bbox 347 2471 1992 2543">
     <span class='ocr_line' id='line_1_27' title="bbox 347 2471 1992 2543; baseline 0 -15"><span class='ocrx_word' id='word_1_175' title='bbox 347 2473 683 2528; x_wconf 88' lang='lat' dir='ltr'><strong>observans.</strong></span> <span class='ocrx_word' id='word_1_176' title='bbox 713 2472 801 2528; x_wconf 93' lang='lat' dir='ltr'><strong>Illi</strong></span> <span class='ocrx_word' id='word_1_177' title='bbox 842 2488 995 2539; x_wconf 91' lang='lat' dir='ltr'><strong>vero,</strong></span> <span class='ocrx_word' id='word_1_178' title='bbox 1048 2471 1291 2528; x_wconf 89' lang='lat' dir='ltr'><strong>osculati</strong></span> <span class='ocrx_word' id='word_1_179' title='bbox 1340 2471 1714 2543; x_wconf 87' lang='lat' dir='ltr'><strong>imperatoris</strong></span> <span class='ocrx_word' id='word_1_180' title='bbox 1766 2487 1992 2540; x_wconf 90' lang='lat' dir='ltr'><strong>manus,</strong></span> 
     </span>
    </p>
   </div>
   <div class='ocr_carea' id='block_1_28' title="bbox 345 2560 1996 2633">
    <p class='ocr_par' dir='ltr' id='par_1_28' title="bbox 345 2560 1996 2633">
     <span class='ocr_line' id='line_1_28' title="bbox 345 2560 1996 2633; baseline -0.001 -16"><span class='ocrx_word' id='word_1_181' title='bbox 345 2569 473 2633; x_wconf 89' lang='lat' dir='ltr'><strong>post</strong></span> <span class='ocrx_word' id='word_1_182' title='bbox 524 2567 743 2617; x_wconf 84' lang='lat' dir='ltr'><strong>taustas</strong></span> <span class='ocrx_word' id='word_1_183' title='bbox 796 2561 1238 2617; x_wconf 82' lang='lat' dir='ltr'><strong>acclamationes</strong></span> <span class='ocrx_word' id='word_1_184' title='bbox 1296 2561 1626 2626; x_wconf 89' lang='lat' dir='ltr'><strong>discedunt,</strong></span> <span class='ocrx_word' id='word_1_185' title='bbox 1659 2564 1716 2615; x_wconf 90' lang='lat' dir='ltr'><strong>et</strong></span> <span class='ocrx_word' id='word_1_186' title='bbox 1755 2560 1996 2631; x_wconf 85' lang='lat' dir='ltr'><strong>posthac</strong></span> 
     </span>
    </p>
   </div>
   <div class='ocr_carea' id='block_1_29' title="bbox 344 2648 1994 2721">
    <p class='ocr_par' dir='ltr' id='par_1_29' title="bbox 344 2648 1994 2721">
     <span class='ocr_line' id='line_1_29' title="bbox 344 2648 1994 2721; baseline 0.001 -17"><span class='ocrx_word' id='word_1_187' title='bbox 344 2648 465 2719; x_wconf 91' lang='lat' dir='ltr'><strong>ipse</strong></span> <span class='ocrx_word' id='word_1_188' title='bbox 492 2649 810 2721; x_wconf 91' lang='lat' dir='ltr'><strong>imperator</strong></span> <span class='ocrx_word' id='word_1_189' title='bbox 840 2650 962 2705; x_wconf 90' lang='lat' dir='ltr'><strong>abit</strong></span> <span class='ocrx_word' id='word_1_190' title='bbox 1012 2664 1253 2720; x_wconf 71' lang='lat' dir='ltr'><strong>suaeque</strong></span> <span class='ocrx_word' id='word_1_191' title='bbox 1297 2649 1562 2720; x_wconf 69' lang='lat' dir='ltr'><strong>pretiosae</strong></span> <span class='ocrx_word' id='word_1_192' title='bbox 1612 2665 1826 2705; x_wconf 68' lang='lat' dir='ltr'><strong>mensae</strong></span> <span class='ocrx_word' id='word_1_193' title='bbox 1860 2665 1994 2705; x_wconf 89' lang='lat' dir='ltr'><strong>cum</strong></span> 
     </span>
    </p>
   </div>
   <div class='ocr_carea' id='block_1_30' title="bbox 346 2737 1994 2811">
    <p class='ocr_par' dir='ltr' id='par_1_30' title="bbox 346 2737 1994 2811">
     <span class='ocr_line' id='line_1_30' title="bbox 346 2737 1994 2811; baseline 0 -16"><span class='ocrx_word' id='word_1_194' title='bbox 346 2737 575 2805; x_wconf 84' lang='lat' dir='ltr'><strong>amicis,</strong></span> <span class='ocrx_word' id='word_1_195' title='bbox 608 2755 754 2811; x_wconf 85' lang='lat' dir='ltr'><strong>quos</strong></span> <span class='ocrx_word' id='word_1_196' title='bbox 784 2754 850 2795; x_wconf 89' lang='lat' dir='ltr'><strong>eo</strong></span> <span class='ocrx_word' id='word_1_197' title='bbox 880 2739 970 2793; x_wconf 90' lang='lat' dir='ltr'><strong>die</strong></span> <span class='ocrx_word' id='word_1_198' title='bbox 1018 2738 1247 2793; x_wconf 88' lang='lat' dir='ltr'><strong>invitari</strong></span> <span class='ocrx_word' id='word_1_199' title='bbox 1293 2737 1490 2809; x_wconf 87' lang='lat' dir='ltr'><strong>jussit,</strong></span> <span class='ocrx_word' id='word_1_200' title='bbox 1522 2738 1763 2794; x_wconf 89' lang='lat' dir='ltr'><strong>assidet.</strong></span> <span class='ocrx_word' id='word_1_201' title='bbox 1796 2739 1994 2795; x_wconf 83' lang='lat' dir='ltr'><strong>Scien-</strong></span> 
     </span>
    </p>
   </div>
   <div class='ocr_carea' id='block_1_31' title="bbox 348 2826 1994 2898">
    <p class='ocr_par' dir='ltr' id='par_1_31' title="bbox 348 2826 1994 2898">
     <span class='ocr_line' id='line_1_31' title="bbox 348 2826 1994 2898; baseline -0.001 -15"><span class='ocrx_word' id='word_1_202' title='bbox 348 2828 488 2883; x_wconf 90' lang='lat' dir='ltr'><strong>dum</strong></span> <span class='ocrx_word' id='word_1_203' title='bbox 532 2832 725 2883; x_wconf 87' lang='lat' dir='ltr'><strong>autem</strong></span> <span class='ocrx_word' id='word_1_204' title='bbox 780 2833 888 2898; x_wconf 88' lang='lat' dir='ltr'><strong>est,</strong></span> <span class='ocrx_word' id='word_1_205' title='bbox 957 2828 1307 2882; x_wconf 90' lang='lat' dir='ltr'><strong>mutatorias</strong></span> <span class='ocrx_word' id='word_1_206' title='bbox 1350 2826 1454 2881; x_wconf 91' lang='lat' dir='ltr'><strong>hoc</strong></span> <span class='ocrx_word' id='word_1_207' title='bbox 1504 2826 1598 2882; x_wconf 89' lang='lat' dir='ltr'><strong>die</strong></span> <span class='ocrx_word' id='word_1_208' title='bbox 1658 2843 1772 2882; x_wconf 89' lang='lat' dir='ltr'><strong>non</strong></span> <span class='ocrx_word' id='word_1_209' title='bbox 1827 2827 1994 2883; x_wconf 89' lang='lat' dir='ltr'><strong>indui</strong></span> 
     </span>
    </p>
   </div>
   <div class='ocr_carea' id='block_1_32' title="bbox 349 2915 554 2971">
    <p class='ocr_par' dir='ltr' id='par_1_32' title="bbox 349 2915 554 2971">
     <span class='ocr_line' id='line_1_32' title="bbox 349 2915 554 2971; baseline -0.005 -1"><span class='ocrx_word' id='word_1_210' title='bbox 349 2915 554 2971; x_wconf 83' lang='lat' dir='ltr'><strong>solere.</strong></span> 
     </span>
    </p>
   </div>
   <div class='ocr_carea' id='block_1_33' title="bbox 2101 592 3762 681">
    <p class='ocr_par' dir='ltr' id='par_1_33' title="bbox 2101 592 3762 681">
     <span class='ocr_line' id='line_1_33' title="bbox 2101 592 3762 681; baseline 0.009 -32"><span class='ocrx_word' id='word_1_211' title='bbox 2101 596 2198 649; x_wconf 88' lang='grc' dir='ltr'><strong>τοῦ</strong></span> <span class='ocrx_word' id='word_1_212' title='bbox 2242 595 2554 669; x_wconf 78' lang='grc' dir='ltr'><strong>προφήτου,</strong></span> <span class='ocrx_word' id='word_1_213' title='bbox 2617 592 2831 667; x_wconf 86' lang='grc' dir='ltr'>μᾶλλον</span> <span class='ocrx_word' id='word_1_214' title='bbox 2897 593 2956 651; x_wconf 72' lang='grc' dir='ltr'>δὲ</span> <span class='ocrx_word' id='word_1_215' title='bbox 3019 601 3117 652; x_wconf 84' lang='grc' dir='ltr'><strong>τοῦ</strong></span> <span class='ocrx_word' id='word_1_216' title='bbox 3191 600 3413 673; x_wconf 80' lang='grc' dir='ltr'><strong>Κυρίου,</strong></span> <span class='ocrx_word' id='word_1_217' title='bbox 3464 592 3762 681; x_wconf 76' lang='grc' dir='ltr'>εἰρημένην</span> 
     </span>
    </p>
   </div>
   <div class='ocr_carea' id='block_1_34' title="bbox 2105 684 3755 768">
    <p class='ocr_par' dir='ltr' id='par_1_34' title="bbox 2105 684 3755 768">
     <span class='ocr_line' id='line_1_34' title="bbox 2105 684 3755 768; baseline 0.008 -31"><span class='ocrx_word' id='word_1_218' title='bbox 2105 686 2313 758; x_wconf 77' lang='grc' dir='ltr'>φωτήν·</span> <span class='ocrx_word' id='word_1_219' title='bbox 2370 708 2389 734; x_wconf 84' lang='grc' dir='ltr'><strong>ιι</strong></span> <span class='ocrx_word' id='word_1_220' title='bbox 2425 684 2778 757; x_wconf 79' lang='grc' dir='ltr'><strong>Ἐσκόρπισεν</strong></span> <span class='ocrx_word' id='word_1_221' title='bbox 2828 688 2958 759; x_wconf 81' lang='grc'>(50),</span> <span class='ocrx_word' id='word_1_222' title='bbox 3025 684 3194 744; x_wconf 78' lang='grc' dir='ltr'>ἔδωκε</span> <span class='ocrx_word' id='word_1_223' title='bbox 3248 696 3365 754; x_wconf 89' lang='grc' dir='ltr'>τοῖς</span> <span class='ocrx_word' id='word_1_224' title='bbox 3418 696 3669 766; x_wconf 86' lang='grc' dir='ltr'>πένησιν,</span> <span class='ocrx_word' id='word_1_225' title='bbox 3719 700 3755 768; x_wconf 78' lang='grc' dir='ltr'>ἠ</span> 
     </span>
    </p>
   </div>
   <div class='ocr_carea' id='block_1_35' title="bbox 2104 769 3752 847">
    <p class='ocr_par' dir='ltr' id='par_1_35' title="bbox 2104 769 3752 847">
     <span class='ocr_line' id='line_1_35' title="bbox 2104 769 3752 847; baseline 0.01 -21"><span class='ocrx_word' id='word_1_226' title='bbox 2104 769 2418 842; x_wconf 75' lang='grc' dir='ltr'><strong>δικαιοσύνη</strong></span> <span class='ocrx_word' id='word_1_227' title='bbox 2470 772 2637 827; x_wconf 74' lang='grc' dir='ltr'>αὐτοῦ</span> <span class='ocrx_word' id='word_1_228' title='bbox 2697 772 2844 845; x_wconf 85' lang='grc' dir='ltr'>μένει</span> <span class='ocrx_word' id='word_1_229' title='bbox 2892 775 2967 839; x_wconf 88' lang='grc' dir='ltr'><strong>εἰς</strong></span> <span class='ocrx_word' id='word_1_230' title='bbox 3024 776 3114 831; x_wconf 85' lang='grc' dir='ltr'><strong>τὸν</strong></span> <span class='ocrx_word' id='word_1_231' title='bbox 3165 777 3340 835; x_wconf 79' lang='grc' dir='ltr'>αἰῶνα</span> <span class='ocrx_word' id='word_1_232' title='bbox 3384 786 3483 838; x_wconf 87' lang='grc' dir='ltr'><strong>τοῦ</strong></span> <span class='ocrx_word' id='word_1_233' title='bbox 3534 784 3752 847; x_wconf 69' lang='grc' dir='ltr'>αἰῶνος*</span> 
     </span>
    </p>
   </div>
   <div class='ocr_carea' id='block_1_36' title="bbox 2105 858 3755 941">
    <p class='ocr_par' dir='ltr' id='par_1_36' title="bbox 2105 858 3755 941">
     <span class='ocr_line' id='line_1_36' title="bbox 2105 858 3755 941; baseline 0.006 -25"><span class='ocrx_word' id='word_1_234' title='bbox 2105 858 2491 916; x_wconf 87' lang='grc' dir='ltr'>πλουτοποιῶν</span> <span class='ocrx_word' id='word_1_235' title='bbox 2542 862 2779 924; x_wconf 75' lang='grc' dir='ltr'>ἅπαντας</span> <span class='ocrx_word' id='word_1_236' title='bbox 2837 862 2927 917; x_wconf 83' lang='grc' dir='ltr'>καὶ</span> <span class='ocrx_word' id='word_1_237' title='bbox 2993 867 3493 941; x_wconf 85' lang='grc' dir='ltr'>παραμυθούμενος</span> <span class='ocrx_word' id='word_1_238' title='bbox 3543 873 3603 928; x_wconf 80' lang='grc' dir='ltr'>ἐκ</span> <span class='ocrx_word' id='word_1_239' title='bbox 3648 880 3755 930; x_wconf 83' lang='grc' dir='ltr'><strong>τῶν</strong></span> 
     </span>
    </p>
   </div>
   <div class='ocr_carea' id='block_1_37' title="bbox 2103 947 3753 1036">
    <p class='ocr_par' dir='ltr' id='par_1_37' title="bbox 2103 947 3753 1036">
     <span class='ocr_line' id='line_1_37' title="bbox 2103 947 3753 1036; baseline 0.007 -29"><span class='ocrx_word' id='word_1_240' title='bbox 2103 951 2249 1027; x_wconf 78' lang='grc' dir='ltr'>παρὰ</span> <span class='ocrx_word' id='word_1_241' title='bbox 2279 956 2398 1023; x_wconf 85' lang='grc' dir='ltr'><strong>Θεῷ</strong></span> <span class='ocrx_word' id='word_1_242' title='bbox 2430 953 2545 1024; x_wconf 84' lang='grc'>(51)</span> <span class='ocrx_word' id='word_1_243' title='bbox 2577 947 2976 1026; x_wconf 85' lang='grc' dir='ltr'>δεδωρημένων</span> <span class='ocrx_word' id='word_1_244' title='bbox 3024 955 3174 1028; x_wconf 85' lang='grc' dir='ltr'>αῦτῷ</span> <span class='ocrx_word' id='word_1_245' title='bbox 3216 957 3618 1032; x_wconf 72' lang='grc' dir='ltr'>ἀνεξαντλήτων</span> <span class='ocrx_word' id='word_1_246' title='bbox 3654 966 3753 1036; x_wconf 85' lang='grc' dir='ltr'>θη-</span> 
     </span>
    </p>
   </div>
   <div class='ocr_carea' id='block_1_38' title="bbox 2105 1037 3755 1123">
    <p class='ocr_par' dir='ltr' id='par_1_38' title="bbox 2105 1037 3755 1123">
     <span class='ocr_line' id='line_1_38' title="bbox 2105 1037 3755 1123; baseline 0.008 -28"><span class='ocrx_word' id='word_1_247' title='bbox 2105 1045 2339 1115; x_wconf 87' lang='grc' dir='ltr'>σαυρῶν.</span> <span class='ocrx_word' id='word_1_248' title='bbox 2374 1064 2403 1091; x_wconf 91' lang='grc'><strong>››</strong></span> <span class='ocrx_word' id='word_1_249' title='bbox 2456 1037 2777 1103; x_wconf 81' lang='grc' dir='ltr'>Ἐκτελέσας</span> <span class='ocrx_word' id='word_1_250' title='bbox 2828 1038 2884 1097; x_wconf 76' lang='grc' dir='ltr'>δὲ</span> <span class='ocrx_word' id='word_1_251' title='bbox 2934 1043 3142 1100; x_wconf 76' lang='grc' dir='ltr'>ἅπαντα</span> <span class='ocrx_word' id='word_1_252' title='bbox 3188 1047 3256 1101; x_wconf 72' lang='grc' dir='ltr'><strong>τὰ</strong></span> <span class='ocrx_word' id='word_1_253' title='bbox 3304 1051 3440 1105; x_wconf 88' lang='grc' dir='ltr'>κατᾶ</span> <span class='ocrx_word' id='word_1_254' title='bbox 3473 1054 3755 1123; x_wconf 77' lang='grc' dir='ltr'>συνήθειαν</span> 
     </span>
    </p>
   </div>
   <div class='ocr_carea' id='block_1_39' title="bbox 2105 1130 3753 1217">
    <p class='ocr_par' dir='ltr' id='par_1_39' title="bbox 2105 1130 3753 1217">
     <span class='ocr_line' id='line_1_39' title="bbox 2105 1130 3753 1217; baseline 0.008 -32"><span class='ocrx_word' id='word_1_255' title='bbox 2105 1131 2155 1185; x_wconf 82' lang='grc' dir='ltr'>ἐν</span> <span class='ocrx_word' id='word_1_256' title='bbox 2208 1130 2415 1203; x_wconf 74' lang='grc' dir='ltr'>ἑκάστῳ</span> <span class='ocrx_word' id='word_1_257' title='bbox 2463 1131 2841 1205; x_wconf 84' lang='grc' dir='ltr'>γηροκομείῳ,</span> <span class='ocrx_word' id='word_1_258' title='bbox 2891 1132 3213 1213; x_wconf 76' lang='grc' dir='ltr'><strong>ὑποστρέφει</strong></span> <span class='ocrx_word' id='word_1_259' title='bbox 3256 1135 3317 1193; x_wconf 83' lang='grc' dir='ltr'><strong>ἐκ</strong></span> <span class='ocrx_word' id='word_1_260' title='bbox 3365 1144 3441 1212; x_wconf 81' lang='grc' dir='ltr'>τῷ</span> <span class='ocrx_word' id='word_1_261' title='bbox 3483 1139 3753 1217; x_wconf 85' lang='grc' dir='ltr'>παλατίῳ,</span> 
     </span>
    </p>
   </div>
   <div class='ocr_carea' id='block_1_40' title="bbox 2104 1220 3755 1306">
    <p class='ocr_par' dir='ltr' id='par_1_40' title="bbox 2104 1220 3755 1306">
     <span class='ocr_line' id='line_1_40' title="bbox 2104 1220 3755 1306; baseline -0.002 -19"><span class='ocrx_word' id='word_1_262' title='bbox 2104 1221 2192 1275; x_wconf 77' lang='grc' dir='ltr'><strong>καῖ</strong></span> <span class='ocrx_word' id='word_1_263' title='bbox 2227 1220 2613 1295; x_wconf 81' lang='grc' dir='ltr'>στοιχηθέντος</span> <span class='ocrx_word' id='word_1_264' title='bbox 2642 1224 2740 1275; x_wconf 70' lang='grc' dir='ltr'><strong>τοῦ</strong></span> <span class='ocrx_word' id='word_1_265' title='bbox 2770 1222 3106 1298; x_wconf 82' lang='grc' dir='ltr'>κγητωρίου,</span> <span class='ocrx_word' id='word_1_266' title='bbox 3136 1228 3373 1301; x_wconf 87' lang='grc' dir='ltr'>γίνονται</span> <span class='ocrx_word' id='word_1_267' title='bbox 3408 1230 3590 1303; x_wconf 85' lang='grc' dir='ltr'>μίνσαι</span> <span class='ocrx_word' id='word_1_268' title='bbox 3623 1235 3755 1306; x_wconf 73' lang='grc'>(52),</span> 
     </span>
    </p>
   </div>
   <div class='ocr_carea' id='block_1_41' title="bbox 2104 1308 3753 1387">
    <p class='ocr_par' dir='ltr' id='par_1_41' title="bbox 2104 1308 3753 1387">
     <span class='ocr_line' id='line_1_41' title="bbox 2104 1308 3753 1387; baseline 0.008 -23"><span class='ocrx_word' id='word_1_269' title='bbox 2104 1309 2192 1364; x_wconf 84' lang='grc' dir='ltr'><strong>καὶ</strong></span> <span class='ocrx_word' id='word_1_270' title='bbox 2243 1311 2293 1363; x_wconf 75' lang='grc' dir='ltr'>οἱ</span> <span class='ocrx_word' id='word_1_271' title='bbox 2348 1309 2443 1383; x_wconf 73' lang='grc' dir='ltr'>μὲν</span> <span class='ocrx_word' id='word_1_272' title='bbox 2497 1308 2791 1379; x_wconf 83' lang='grc' dir='ltr'>κληθέντες</span> <span class='ocrx_word' id='word_1_273' title='bbox 2840 1311 2992 1386; x_wconf 73' lang='grc' dir='ltr'>φίλοι</span> <span class='ocrx_word' id='word_1_274' title='bbox 3044 1313 3313 1387; x_wconf 82' lang='grc' dir='ltr'>μένουσιν,</span> <span class='ocrx_word' id='word_1_275' title='bbox 3360 1319 3411 1373; x_wconf 71' lang='grc' dir='ltr'>οἱ</span> <span class='ocrx_word' id='word_1_276' title='bbox 3461 1317 3517 1375; x_wconf 72' lang='grc' dir='ltr'>δὲ</span> <span class='ocrx_word' id='word_1_277' title='bbox 3566 1319 3753 1378; x_wconf 79' lang='grc' dir='ltr'>λοιποὶ</span> 
     </span>
    </p>
   </div>
   <div class='ocr_carea' id='block_1_42' title="bbox 2106 1397 3757 1473">
    <p class='ocr_par' dir='ltr' id='par_1_42' title="bbox 2106 1397 3757 1473">
     <span class='ocr_line' id='line_1_42' title="bbox 2106 1397 3757 1473; baseline 0.01 -22"><span class='ocrx_word' id='word_1_278' title='bbox 2106 1399 2436 1473; x_wconf 76' lang='grc' dir='ltr'>ἀπέρχονται</span> <span class='ocrx_word' id='word_1_279' title='bbox 2467 1397 2519 1453; x_wconf 82' lang='grc' dir='ltr'><strong>έν</strong></span> <span class='ocrx_word' id='word_1_280' title='bbox 2551 1404 2668 1461; x_wconf 87' lang='grc' dir='ltr'>τοῖς</span> <span class='ocrx_word' id='word_1_281' title='bbox 2715 1397 2881 1463; x_wconf 77' lang='grc' dir='ltr'>ἰδίοις</span> <span class='ocrx_word' id='word_1_282' title='bbox 2931 1400 3106 1458; x_wconf 72' lang='grc' dir='ltr'>αὐτῶν</span> <span class='ocrx_word' id='word_1_283' title='bbox 3152 1406 3367 1470; x_wconf 86' lang='grc' dir='ltr'>τόποις.</span> <span class='ocrx_word' id='word_1_284' title='bbox 3399 1407 3757 1466; x_wconf 76' lang='grc' dir='ltr'>Καταλαϐού-</span> 
     </span>
    </p>
   </div>
   <div class='ocr_carea' id='block_1_43' title="bbox 2106 1486 3750 1575">
    <p class='ocr_par' dir='ltr' id='par_1_43' title="bbox 2106 1486 3750 1575">
     <span class='ocr_line' id='line_1_43' title="bbox 2106 1486 3750 1575; baseline 0.01 -35"><span class='ocrx_word' id='word_1_285' title='bbox 2106 1508 2205 1557; x_wconf 88' lang='grc' dir='ltr'><strong>σης</strong></span> <span class='ocrx_word' id='word_1_286' title='bbox 2245 1486 2301 1542; x_wconf 75' lang='grc' dir='ltr'>δὲ</span> <span class='ocrx_word' id='word_1_287' title='bbox 2344 1494 2443 1558; x_wconf 84' lang='grc' dir='ltr'><strong>τῆς</strong></span> <span class='ocrx_word' id='word_1_288' title='bbox 2490 1486 2635 1563; x_wconf 81' lang='grc' dir='ltr'>ὥρας</span> <span class='ocrx_word' id='word_1_289' title='bbox 2684 1496 2784 1558; x_wconf 85' lang='grc' dir='ltr'><strong>τῆς</strong></span> <span class='ocrx_word' id='word_1_290' title='bbox 2837 1490 2983 1552; x_wconf 89' lang='grc' dir='ltr'>θείας</span> <span class='ocrx_word' id='word_1_291' title='bbox 3040 1490 3405 1569; x_wconf 76' lang='grc' dir='ltr'>λειτουργίας,</span> <span class='ocrx_word' id='word_1_292' title='bbox 3447 1497 3750 1575; x_wconf 70' lang='grc' dir='ltr'>εἰσέρχεται</span> 
     </span>
    </p>
   </div>
   <div class='ocr_carea' id='block_1_44' title="bbox 2106 1574 3754 1658">
    <p class='ocr_par' dir='ltr' id='par_1_44' title="bbox 2106 1574 3754 1658">
     <span class='ocr_line' id='line_1_44' title="bbox 2106 1574 3754 1658; baseline 0.01 -29"><span class='ocrx_word' id='word_1_293' title='bbox 2106 1577 2134 1630; x_wconf 91' lang='lat'><strong>6</strong></span> <span class='ocrx_word' id='word_1_294' title='bbox 2169 1574 2427 1650; x_wconf 75' lang='grc' dir='ltr'>βασιλεὺς</span> <span class='ocrx_word' id='word_1_295' title='bbox 2475 1575 2524 1630; x_wconf 81' lang='grc' dir='ltr'>ἐν</span> <span class='ocrx_word' id='word_1_296' title='bbox 2565 1581 2646 1648; x_wconf 79' lang='grc' dir='ltr'>τῷ</span> <span class='ocrx_word' id='word_1_297' title='bbox 2693 1581 2806 1649; x_wconf 79' lang='grc' dir='ltr'>ναῷ</span> <span class='ocrx_word' id='word_1_298' title='bbox 2851 1585 2953 1648; x_wconf 84' lang='grc' dir='ltr'><strong>τῆς</strong></span> <span class='ocrx_word' id='word_1_299' title='bbox 2998 1581 3317 1658; x_wconf 81' lang='grc' dir='ltr'>Ὑπεραγίας</span> <span class='ocrx_word' id='word_1_300' title='bbox 3359 1574 3633 1643; x_wconf 75' lang='grc' dir='ltr'>Θεοτόκου</span> <span class='ocrx_word' id='word_1_301' title='bbox 3655 1595 3754 1646; x_wconf 85' lang='grc' dir='ltr'><strong>τοῦ</strong></span> 
     </span>
    </p>
   </div>
   <div class='ocr_carea' id='block_1_45' title="bbox 2106 1665 3751 1751">
    <p class='ocr_par' dir='ltr' id='par_1_45' title="bbox 2106 1665 3751 1751">
     <span class='ocr_line' id='line_1_45' title="bbox 2106 1665 3751 1751; baseline 0.01 -32"><span class='ocrx_word' id='word_1_302' title='bbox 2106 1668 2291 1740; x_wconf 75' lang='grc' dir='ltr'>Φάρου</span> <span class='ocrx_word' id='word_1_303' title='bbox 2322 1666 2462 1740; x_wconf 87' lang='grc' dir='ltr'>πρὸς</span> <span class='ocrx_word' id='word_1_304' title='bbox 2499 1666 2562 1721; x_wconf 84' lang='grc' dir='ltr'><strong>τὸ</strong></span> <span class='ocrx_word' id='word_1_305' title='bbox 2612 1665 2883 1722; x_wconf 74' lang='grc' dir='ltr'><strong>ἐκτελέσαι</strong></span> <span class='ocrx_word' id='word_1_306' title='bbox 2930 1670 3032 1738; x_wconf 77' lang='grc' dir='ltr'>τήν</span> <span class='ocrx_word' id='word_1_307' title='bbox 3078 1671 3223 1727; x_wconf 84' lang='grc' dir='ltr'>θείαν</span> <span class='ocrx_word' id='word_1_308' title='bbox 3265 1671 3626 1751; x_wconf 74' lang='grc' dir='ltr'>λειτουργίανο</span> <span class='ocrx_word' id='word_1_309' title='bbox 3658 1680 3751 1735; x_wconf 86' lang='grc' dir='ltr'><strong>καὶ</strong></span> 
     </span>
    </p>
   </div>
   <div class='ocr_carea' id='block_1_46' title="bbox 2106 1753 3749 1841">
    <p class='ocr_par' dir='ltr' id='par_1_46' title="bbox 2106 1753 3749 1841">
     <span class='ocr_line' id='line_1_46' title="bbox 2106 1753 3749 1841; baseline 0.009 -31"><span class='ocrx_word' id='word_1_310' title='bbox 2106 1755 2152 1810; x_wconf 82' lang='grc' dir='ltr'>εἷ</span> <span class='ocrx_word' id='word_1_311' title='bbox 2201 1753 2408 1810; x_wconf 77' lang='grc' dir='ltr'>κελεύει</span> <span class='ocrx_word' id='word_1_312' title='bbox 2464 1755 2490 1809; x_wconf 90' lang='lat'><strong>6</strong></span> <span class='ocrx_word' id='word_1_313' title='bbox 2536 1754 2813 1830; x_wconf 79' lang='grc' dir='ltr'>βασιλεὺς,</span> <span class='ocrx_word' id='word_1_314' title='bbox 2864 1758 3304 1830; x_wconf 82' lang='grc' dir='ltr'>προσκαλοῦνται</span> <span class='ocrx_word' id='word_1_315' title='bbox 3354 1765 3404 1819; x_wconf 77' lang='grc' dir='ltr'>οἱ</span> <span class='ocrx_word' id='word_1_316' title='bbox 3442 1768 3749 1841; x_wconf 80' lang='grc' dir='ltr'>πατρίκιοι,</span> 
     </span>
    </p>
   </div>
   <div class='ocr_carea' id='block_1_47' title="bbox 2106 1841 3754 1932">
    <p class='ocr_par' dir='ltr' id='par_1_47' title="bbox 2106 1841 3754 1932">
     <span class='ocr_line' id='line_1_47' title="bbox 2106 1841 3754 1932; baseline 0.003 -36"><span class='ocrx_word' id='word_1_317' title='bbox 2106 1844 2193 1897; x_wconf 87' lang='grc' dir='ltr'><strong>καὶ</strong></span> <span class='ocrx_word' id='word_1_318' title='bbox 2222 1841 2768 1932; x_wconf 74' lang='grc' dir='ltr'>συλλειτουργοῦντες</span> <span class='ocrx_word' id='word_1_319' title='bbox 2820 1846 2864 1880; x_wconf 84' lang='grc' dir='ltr'>²ί</span> <span class='ocrx_word' id='word_1_320' title='bbox 2914 1845 3088 1919; x_wconf 81' lang='grc' dir='ltr'>αὐτῷ,</span> <span class='ocrx_word' id='word_1_321' title='bbox 3138 1849 3181 1903; x_wconf 82' lang='grc' dir='ltr'><strong>εἰ</strong></span> <span class='ocrx_word' id='word_1_322' title='bbox 3215 1846 3271 1905; x_wconf 77' lang='grc' dir='ltr'>δὲ</span> <span class='ocrx_word' id='word_1_323' title='bbox 3306 1853 3467 1927; x_wconf 74' lang='grc' dir='ltr'>μήγε,</span> <span class='ocrx_word' id='word_1_324' title='bbox 3498 1853 3754 1932; x_wconf 64' lang='grc' dir='ltr'>ἐξέρχον-</span> 
     </span>
    </p>
   </div>
   <div class='ocr_carea' id='block_1_48' title="bbox 2099 1931 3753 2024">
    <p class='ocr_par' dir='ltr' id='par_1_48' title="bbox 2099 1931 3753 2024">
     <span class='ocr_line' id='line_1_48' title="bbox 2099 1931 3753 2024; baseline 0.01 -37"><span class='ocrx_word' id='word_1_325' title='bbox 2099 1953 2186 1987; x_wconf 91' lang='grc' dir='ltr'><strong>ται</strong></span> <span class='ocrx_word' id='word_1_326' title='bbox 2221 1932 2271 1987; x_wconf 78' lang='grc' dir='ltr'>ἐν</span> <span class='ocrx_word' id='word_1_327' title='bbox 2303 1938 2381 2005; x_wconf 76' lang='grc' dir='ltr'>τῷ</span> <span class='ocrx_word' id='word_1_328' title='bbox 2418 1931 2527 2005; x_wconf 80' lang='grc' dir='ltr'>ναῷ</span> <span class='ocrx_word' id='word_1_329' title='bbox 2574 1938 2670 1988; x_wconf 89' lang='grc' dir='ltr'><strong>τοῦ</strong></span> <span class='ocrx_word' id='word_1_330' title='bbox 2717 1934 2905 2010; x_wconf 83' lang='grc' dir='ltr'>Ἀγίου</span> <span class='ocrx_word' id='word_1_331' title='bbox 2935 1940 3405 2017; x_wconf 76' lang='grc' dir='ltr'>πρωτομάρτυρος</span> <span class='ocrx_word' id='word_1_332' title='bbox 3453 1931 3753 2024; x_wconf 74' lang='grc' dir='ltr'>Στεφάνου,</span> 
     </span>
    </p>
   </div>
   <div class='ocr_carea' id='block_1_49' title="bbox 2103 2018 3759 2107">
    <p class='ocr_par' dir='ltr' id='par_1_49' title="bbox 2103 2018 3759 2107">
     <span class='ocr_line' id='line_1_49' title="bbox 2103 2018 3759 2107; baseline 0.011 -33"><span class='ocrx_word' id='word_1_333' title='bbox 2103 2018 2273 2075; x_wconf 78' lang='grc' dir='ltr'>ἐκεῖσε</span> <span class='ocrx_word' id='word_1_334' title='bbox 2338 2019 2622 2083; x_wconf 80' lang='grc' dir='ltr'>τελοῦντες</span> <span class='ocrx_word' id='word_1_335' title='bbox 2670 2024 2717 2058; x_wconf 59' lang='lat' dir='ltr'><strong>ﬂ</strong></span> <span class='ocrx_word' id='word_1_336' title='bbox 2759 2024 2858 2093; x_wconf 75' lang='grc' dir='ltr'><strong>τήν</strong></span> <span class='ocrx_word' id='word_1_337' title='bbox 2926 2024 3069 2080; x_wconf 83' lang='grc' dir='ltr'>Θείαν</span> <span class='ocrx_word' id='word_1_338' title='bbox 3139 2025 3501 2107; x_wconf 86' lang='grc' dir='ltr'>λειτουργίαν,</span> <span class='ocrx_word' id='word_1_339' title='bbox 3568 2018 3658 2090; x_wconf 78' lang='grc' dir='ltr'><strong>καὶ</strong></span> <span class='ocrx_word' id='word_1_340' title='bbox 3710 2018 3759 2092; x_wconf 73' lang='grc' dir='ltr'><strong>εί</strong></span> 
     </span>
    </p>
   </div>
   <div class='ocr_carea' id='block_1_50' title="bbox 2103 2107 3751 2197">
    <p class='ocr_par' dir='ltr' id='par_1_50' title="bbox 2103 2107 3751 2197">
     <span class='ocr_line' id='line_1_50' title="bbox 2103 2107 3751 2197; baseline 0.013 -34"><span class='ocrx_word' id='word_1_341' title='bbox 2103 2107 2310 2164; x_wconf 82' lang='grc' dir='ltr'>κελεύει</span> <span class='ocrx_word' id='word_1_342' title='bbox 2371 2112 2398 2164; x_wconf 97' lang='lat'><strong>6</strong></span> <span class='ocrx_word' id='word_1_343' title='bbox 2481 2109 2758 2185; x_wconf 74' lang='grc' dir='ltr'>βασιλεὺς,</span> <span class='ocrx_word' id='word_1_344' title='bbox 2837 2114 3275 2187; x_wconf 82' lang='grc' dir='ltr'>προσκαλοῦνται</span> <span class='ocrx_word' id='word_1_345' title='bbox 3344 2120 3396 2175; x_wconf 79' lang='grc' dir='ltr'>οἴ</span> <span class='ocrx_word' id='word_1_346' title='bbox 3453 2124 3751 2197; x_wconf 77' lang='grc' dir='ltr'>πατρίκιοι.</span> 
     </span>
    </p>
   </div>
   <div class='ocr_carea' id='block_1_51' title="bbox 2104 2196 3751 2282">
    <p class='ocr_par' dir='ltr' id='par_1_51' title="bbox 2104 2196 3751 2282">
     <span class='ocr_line' id='line_1_51' title="bbox 2104 2196 3751 2282; baseline 0.012 -31"><span class='ocrx_word' id='word_1_347' title='bbox 2104 2203 2215 2268; x_wconf 77' lang='grc' dir='ltr'>Τῆς</span> <span class='ocrx_word' id='word_1_348' title='bbox 2259 2196 2316 2253; x_wconf 76' lang='grc' dir='ltr'>δὶ</span> <span class='ocrx_word' id='word_1_349' title='bbox 2360 2198 2501 2260; x_wconf 84' lang='grc' dir='ltr'>θείας</span> <span class='ocrx_word' id='word_1_350' title='bbox 2561 2199 2907 2276; x_wconf 77' lang='grc' dir='ltr'>λειτουργίας</span> <span class='ocrx_word' id='word_1_351' title='bbox 2963 2202 3331 2281; x_wconf 78' lang='grc' dir='ltr'>τελεσθείσης,</span> <span class='ocrx_word' id='word_1_352' title='bbox 3378 2196 3660 2282; x_wconf 83' lang='grc' dir='ltr'>καθέζεται</span> <span class='ocrx_word' id='word_1_353' title='bbox 3700 2212 3751 2270; x_wconf 79' lang='grc' dir='ltr'>ἐν</span> 
     </span>
    </p>
   </div>
   <div class='ocr_carea' id='block_1_52' title="bbox 2103 2288 3757 2374">
    <p class='ocr_par' dir='ltr' id='par_1_52' title="bbox 2103 2288 3757 2374">
     <span class='ocr_line' id='line_1_52' title="bbox 2103 2288 3757 2374; baseline 0.004 -32"><span class='ocrx_word' id='word_1_354' title='bbox 2103 2291 2182 2359; x_wconf 81' lang='grc' dir='ltr'><strong>τῷ</strong></span> <span class='ocrx_word' id='word_1_355' title='bbox 2220 2288 2446 2363; x_wconf 79' lang='grc' dir='ltr'>νάρθηκι</span> <span class='ocrx_word' id='word_1_356' title='bbox 2486 2292 2583 2344; x_wconf 90' lang='grc' dir='ltr'><strong>τοῦ</strong></span> <span class='ocrx_word' id='word_1_357' title='bbox 2630 2289 2795 2345; x_wconf 85' lang='grc' dir='ltr'>αὐτοῦ</span> <span class='ocrx_word' id='word_1_358' title='bbox 2844 2295 2970 2346; x_wconf 89' lang='grc' dir='ltr'>ναοῦ</span> <span class='ocrx_word' id='word_1_359' title='bbox 3013 2292 3063 2347; x_wconf 85' lang='grc' dir='ltr'>ἐν</span> <span class='ocrx_word' id='word_1_360' title='bbox 3111 2300 3189 2368; x_wconf 80' lang='grc' dir='ltr'><strong>τῷ</strong></span> <span class='ocrx_word' id='word_1_361' title='bbox 3235 2299 3481 2374; x_wconf 83' lang='grc' dir='ltr'>σκάμνῳ,</span> <span class='ocrx_word' id='word_1_362' title='bbox 3522 2303 3612 2357; x_wconf 84' lang='grc' dir='ltr'><strong>καὶ</strong></span> <span class='ocrx_word' id='word_1_363' title='bbox 3652 2304 3757 2359; x_wconf 75' lang='grc' dir='ltr'>εἰσ.</span> 
     </span>
    </p>
   </div>
   <div class='ocr_carea' id='block_1_53' title="bbox 2105 2375 3756 2466">
    <p class='ocr_par' dir='ltr' id='par_1_53' title="bbox 2105 2375 3756 2466">
     <span class='ocr_line' id='line_1_53' title="bbox 2105 2375 3756 2466; baseline 0.011 -36"><span class='ocrx_word' id='word_1_364' title='bbox 2105 2375 2355 2441; x_wconf 86' lang='grc' dir='ltr'>ελθόντες</span> <span class='ocrx_word' id='word_1_365' title='bbox 2403 2378 2459 2434; x_wconf 76' lang='grc' dir='ltr'>ο⁹ί</span> <span class='ocrx_word' id='word_1_366' title='bbox 2507 2402 2565 2436; x_wconf 87' lang='grc' dir='ltr'><strong>τε</strong></span> <span class='ocrx_word' id='word_1_367' title='bbox 2618 2382 2900 2459; x_wconf 79' lang='grc' dir='ltr'>μάγίστροι</span> <span class='ocrx_word' id='word_1_368' title='bbox 2960 2387 3051 2441; x_wconf 85' lang='grc' dir='ltr'><strong>καὶ</strong></span> <span class='ocrx_word' id='word_1_369' title='bbox 3108 2389 3409 2463; x_wconf 83' lang='grc' dir='ltr'>πατρίκιοι,</span> <span class='ocrx_word' id='word_1_370' title='bbox 3461 2392 3756 2466; x_wconf 82' lang='grc' dir='ltr'>πραιπόσι-</span> 
     </span>
    </p>
   </div>
   <div class='ocr_carea' id='block_1_54' title="bbox 2102 2466 3756 2556">
    <p class='ocr_par' dir='ltr' id='par_1_54' title="bbox 2102 2466 3756 2556">
     <span class='ocr_line' id='line_1_54' title="bbox 2102 2466 3756 2556; baseline 0.01 -35"><span class='ocrx_word' id='word_1_371' title='bbox 2102 2487 2189 2521; x_wconf 89' lang='grc' dir='ltr'><strong>τοι</strong></span> <span class='ocrx_word' id='word_1_372' title='bbox 2219 2467 2310 2523; x_wconf 82' lang='grc' dir='ltr'><strong>καὶ</strong></span> <span class='ocrx_word' id='word_1_373' title='bbox 2352 2466 2563 2539; x_wconf 82' lang='grc' dir='ltr'>λοιποὶ,</span> <span class='ocrx_word' id='word_1_374' title='bbox 2597 2467 2939 2545; x_wconf 77' lang='grc' dir='ltr'>λαμϐάνουσι</span> <span class='ocrx_word' id='word_1_375' title='bbox 2973 2473 3062 2530; x_wconf 77' lang='grc' dir='ltr'><strong>διὰ</strong></span> <span class='ocrx_word' id='word_1_376' title='bbox 3110 2479 3300 2555; x_wconf 88' lang='grc' dir='ltr'>χειρὸς</span> <span class='ocrx_word' id='word_1_377' title='bbox 3344 2484 3441 2534; x_wconf 83' lang='grc' dir='ltr'><strong>τοῦ</strong></span> <span class='ocrx_word' id='word_1_378' title='bbox 3485 2482 3756 2556; x_wconf 77' lang='grc' dir='ltr'>βασιλέως</span> 
     </span>
    </p>
   </div>
   <div class='ocr_carea' id='block_1_55' title="bbox 2104 2555 3751 2640">
    <p class='ocr_par' dir='ltr' id='par_1_55' title="bbox 2104 2555 3751 2640">
     <span class='ocr_line' id='line_1_55' title="bbox 2104 2555 3751 2640; baseline 0.012 -31"><span class='ocrx_word' id='word_1_379' title='bbox 2104 2555 2203 2610; x_wconf 81' lang='grc' dir='ltr'>ἀνὰ</span> <span class='ocrx_word' id='word_1_380' title='bbox 2257 2558 2451 2631; x_wconf 80' lang='grc' dir='ltr'>μήλων</span> <span class='ocrx_word' id='word_1_381' title='bbox 2500 2556 2595 2615; x_wconf 90' lang='grc' dir='ltr'><strong>δύο</strong></span> <span class='ocrx_word' id='word_1_382' title='bbox 2642 2562 2731 2615; x_wconf 89' lang='grc' dir='ltr'>καὶ</span> <span class='ocrx_word' id='word_1_383' title='bbox 2780 2564 2893 2626; x_wconf 76' lang='grc' dir='ltr'>ἑνὸς</span> <span class='ocrx_word' id='word_1_384' title='bbox 2940 2568 3319 2640; x_wconf 79' lang='grc' dir='ltr'>κινναμώμου.</span> <span class='ocrx_word' id='word_1_385' title='bbox 3370 2569 3433 2626; x_wconf 80' lang='grc' dir='ltr'><strong>Εἰ</strong></span> <span class='ocrx_word' id='word_1_386' title='bbox 3486 2555 3543 2625; x_wconf 69' lang='grc' dir='ltr'>δὲ</span> <span class='ocrx_word' id='word_1_387' title='bbox 3592 2572 3639 2608; x_wconf 74' lang='grc'><strong>³³</strong></span> <span class='ocrx_word' id='word_1_388' title='bbox 3689 2572 3751 2628; x_wconf 79' lang='grc' dir='ltr'>οὗ</span> 
     </span>
    </p>
   </div>
   <div class='ocr_carea' id='block_1_56' title="bbox 2108 2645 3754 2739">
    <p class='ocr_par' dir='ltr' id='par_1_56' title="bbox 2108 2645 3754 2739">
     <span class='ocr_line' id='line_1_56' title="bbox 2108 2645 3754 2739; baseline 0.01 -39"><span class='ocrx_word' id='word_1_389' title='bbox 2108 2645 2378 2702; x_wconf 86' lang='grc' dir='ltr'>κελεύειὸ</span> <span class='ocrx_word' id='word_1_390' title='bbox 2432 2648 2685 2723; x_wconf 83' lang='grc' dir='ltr'>βασιλεὺς</span> <span class='ocrx_word' id='word_1_391' title='bbox 2728 2653 3042 2709; x_wconf 81' lang='grc' dir='ltr'>καθεστάναι</span> <span class='ocrx_word' id='word_1_392' title='bbox 3086 2654 3140 2710; x_wconf 84' lang='grc' dir='ltr'>ἐν</span> <span class='ocrx_word' id='word_1_393' title='bbox 3187 2663 3303 2720; x_wconf 88' lang='grc' dir='ltr'>τοῖς</span> <span class='ocrx_word' id='word_1_394' title='bbox 3349 2658 3541 2731; x_wconf 81' lang='grc' dir='ltr'>ἐκεῖσε,</span> <span class='ocrx_word' id='word_1_395' title='bbox 3592 2660 3754 2739; x_wconf 81' lang='grc' dir='ltr'>ἀπέρ-</span> 
     </span>
    </p>
   </div>
   <div class='ocr_carea' id='block_1_57' title="bbox 2104 2734 3749 2824">
    <p class='ocr_par' dir='ltr' id='par_1_57' title="bbox 2104 2734 3749 2824">
     <span class='ocr_line' id='line_1_57' title="bbox 2104 2734 3749 2824; baseline 0.009 -33"><span class='ocrx_word' id='word_1_396' title='bbox 2104 2756 2263 2812; x_wconf 81' lang='grc' dir='ltr'>χεται</span> <span class='ocrx_word' id='word_1_397' title='bbox 2312 2734 2362 2790; x_wconf 83' lang='grc' dir='ltr'>ἐν</span> <span class='ocrx_word' id='word_1_398' title='bbox 2411 2736 2481 2811; x_wconf 73' lang='grc' dir='ltr'>τῇ</span> <span class='ocrx_word' id='word_1_399' title='bbox 2548 2739 2809 2815; x_wconf 84' lang='grc' dir='ltr'>βασιλικῇ</span> <span class='ocrx_word' id='word_1_400' title='bbox 2858 2744 3077 2819; x_wconf 67' lang='grc' dir='ltr'>καμάρα</span> <span class='ocrx_word' id='word_1_401' title='bbox 3124 2751 3221 2800; x_wconf 83' lang='grc' dir='ltr'><strong>τοῦ</strong></span> <span class='ocrx_word' id='word_1_402' title='bbox 3270 2734 3749 2824; x_wconf 74' lang='grc' dir='ltr'>χρυσοτρικλίνου,</span> 
     </span>
    </p>
   </div>
   <div class='ocr_carea' id='block_1_58' title="bbox 2104 2825 3753 2909">
    <p class='ocr_par' dir='ltr' id='par_1_58' title="bbox 2104 2825 3753 2909">
     <span class='ocr_line' id='line_1_58' title="bbox 2104 2825 3753 2909; baseline 0.011 -31"><span class='ocrx_word' id='word_1_403' title='bbox 2104 2831 2193 2879; x_wconf 83' lang='grc' dir='ltr'><strong>καῖ</strong></span> <span class='ocrx_word' id='word_1_404' title='bbox 2222 2825 2497 2896; x_wconf 73' lang='grc' dir='ltr'>καθέζεται</span> <span class='ocrx_word' id='word_1_405' title='bbox 2545 2831 2590 2864; x_wconf 70' lang='grc'>³⁸</span> <span class='ocrx_word' id='word_1_406' title='bbox 2637 2828 2689 2884; x_wconf 83' lang='grc' dir='ltr'>ἐν</span> <span class='ocrx_word' id='word_1_407' title='bbox 2738 2834 2817 2903; x_wconf 79' lang='grc' dir='ltr'>τῷ</span> <span class='ocrx_word' id='word_1_408' title='bbox 2863 2831 3035 2887; x_wconf 78' lang='grc' dir='ltr'>ἐκεῖσε</span> <span class='ocrx_word' id='word_1_409' title='bbox 3089 2833 3199 2889; x_wconf 82' lang='grc' dir='ltr'>ὄντι</span> <span class='ocrx_word' id='word_1_410' title='bbox 3234 2837 3458 2909; x_wconf 67' lang='grc' dir='ltr'>σκάμνῳ</span> <span class='ocrx_word' id='word_1_411' title='bbox 3490 2838 3753 2896; x_wconf 83' lang='grc' dir='ltr'>ἐπιτελῶν</span> 
     </span>
    </p>
   </div>
   <div class='ocr_carea' id='block_1_59' title="bbox 2103 2917 3758 2997">
    <p class='ocr_par' dir='ltr' id='par_1_59' title="bbox 2103 2917 3758 2997">
     <span class='ocr_line' id='line_1_59' title="bbox 2103 2917 3758 2997; baseline 0.01 -26"><span class='ocrx_word' id='word_1_412' title='bbox 2103 2920 2274 2971; x_wconf 79' lang='grc' dir='ltr'>πᾶσαν</span> <span class='ocrx_word' id='word_1_413' title='bbox 2320 2918 2418 2987; x_wconf 79' lang='grc' dir='ltr'>τὴν</span> <span class='ocrx_word' id='word_1_414' title='bbox 2468 2917 2869 2997; x_wconf 62' lang='grc' dir='ltr'>προρρηθεῖσαν</span> <span class='ocrx_word' id='word_1_415' title='bbox 2921 2920 3207 2996; x_wconf 75' lang='grc' dir='ltr'>διανομήν.</span> <span class='ocrx_word' id='word_1_416' title='bbox 3263 2924 3423 2982; x_wconf 72' lang='grc' dir='ltr'><strong>Αὖτοῖ</strong></span> <span class='ocrx_word' id='word_1_417' title='bbox 3476 2927 3533 2983; x_wconf 72' lang='grc' dir='ltr'>δὲ</span> <span class='ocrx_word' id='word_1_418' title='bbox 3588 2930 3758 2986; x_wconf 83' lang='grc' dir='ltr'>ἀσπα-</span> 
     </span>
    </p>
   </div>
   <div class='ocr_carea' id='block_1_60' title="bbox 348 3000 3757 3095">
    <p class='ocr_par' dir='ltr' id='par_1_60' title="bbox 348 3000 3757 3095">
     <span class='ocr_line' id='line_1_60' title="bbox 348 3000 3757 3095; baseline 0.006 -38"><span class='ocrx_word' id='word_1_419' title='bbox 348 3002 563 3077; x_wconf 84' lang='grc' dir='ltr'>ζόμενοι</span> <span class='ocrx_word' id='word_1_420' title='bbox 614 3000 709 3064; x_wconf 74' lang='grc' dir='ltr'><strong>τὰς</strong></span> <span class='ocrx_word' id='word_1_421' title='bbox 756 3007 853 3058; x_wconf 89' lang='grc' dir='ltr'><strong>τοῦ</strong></span> <span class='ocrx_word' id='word_1_422' title='bbox 906 3001 1177 3079; x_wconf 80' lang='grc' dir='ltr'>βασιλέως</span> <span class='ocrx_word' id='word_1_423' title='bbox 1246 3008 1456 3078; x_wconf 84' lang='grc' dir='ltr'>χεῖρας,</span> <span class='ocrx_word' id='word_1_424' title='bbox 1527 3002 1839 3079; x_wconf 73' lang='grc' dir='ltr'>ἐξέρχοντιοι</span> <span class='ocrx_word' id='word_1_425' title='bbox 1911 3007 2342 3082; x_wconf 80' lang='grc' dir='ltr'>ὑπερευχόμενοι</span> <span class='ocrx_word' id='word_1_426' title='bbox 2392 3008 2574 3081; x_wconf 80' lang='grc' dir='ltr'>αὐτὸν,</span> <span class='ocrx_word' id='word_1_427' title='bbox 2616 3009 2705 3063; x_wconf 85' lang='grc' dir='ltr'><strong>καὶ</strong></span> <span class='ocrx_word' id='word_1_428' title='bbox 2773 3013 2907 3084; x_wconf 84' lang='grc' dir='ltr'><strong>μετὰ</strong></span> <span class='ocrx_word' id='word_1_429' title='bbox 2952 3017 3118 3068; x_wconf 88' lang='grc' dir='ltr'>ταῦτα</span> <span class='ocrx_word' id='word_1_430' title='bbox 3185 3013 3458 3093; x_wconf 81' lang='grc' dir='ltr'>ἐξέρχεται</span> <span class='ocrx_word' id='word_1_431' title='bbox 3517 3020 3545 3074; x_wconf 92' lang='lat'><strong>6</strong></span> <span class='ocrx_word' id='word_1_432' title='bbox 3607 3022 3757 3095; x_wconf 85' lang='grc' dir='ltr'>βασι-</span> 
     </span>
    </p>
   </div>
   <div class='ocr_carea' id='block_1_61' title="bbox 347 3090 3753 3181">
    <p class='ocr_par' dir='ltr' id='par_1_61' title="bbox 347 3090 3753 3181">
     <span class='ocr_line' id='line_1_61' title="bbox 347 3090 3753 3181; baseline 0.004 -34"><span class='ocrx_word' id='word_1_433' title='bbox 347 3090 471 3153; x_wconf 77' lang='grc' dir='ltr'>λευς</span> <span class='ocrx_word' id='word_1_434' title='bbox 518 3091 609 3146; x_wconf 80' lang='grc' dir='ltr'><strong>καὶ</strong></span> <span class='ocrx_word' id='word_1_435' title='bbox 647 3092 926 3162; x_wconf 75' lang='grc' dir='ltr'>καθέζεται</span> <span class='ocrx_word' id='word_1_436' title='bbox 975 3090 1061 3148; x_wconf 76' lang='grc' dir='ltr'>ἐπὶ</span> <span class='ocrx_word' id='word_1_437' title='bbox 1108 3098 1209 3162; x_wconf 82' lang='grc' dir='ltr'>τῆς</span> <span class='ocrx_word' id='word_1_438' title='bbox 1251 3092 1437 3166; x_wconf 85' lang='grc' dir='ltr'>τιμίας</span> <span class='ocrx_word' id='word_1_439' title='bbox 1486 3091 1649 3148; x_wconf 80' lang='grc' dir='ltr'>αὐτοῦ</span> <span class='ocrx_word' id='word_1_440' title='bbox 1699 3096 1973 3169; x_wconf 75' lang='grc' dir='ltr'>τραπέζης</span> <span class='ocrx_word' id='word_1_441' title='bbox 2023 3094 2155 3169; x_wconf 80' lang='grc' dir='ltr'>μετὰ</span> <span class='ocrx_word' id='word_1_442' title='bbox 2204 3094 2401 3173; x_wconf 74' lang='grc' dir='ltr'>φίλων,</span> <span class='ocrx_word' id='word_1_443' title='bbox 2452 3097 2547 3159; x_wconf 75' lang='grc' dir='ltr'><strong>οὕς</strong></span> <span class='ocrx_word' id='word_1_444' title='bbox 2595 3095 2653 3152; x_wconf 77' lang='grc' dir='ltr'><strong>ἂν</strong></span> <span class='ocrx_word' id='word_1_445' title='bbox 2704 3097 2949 3156; x_wconf 82' lang='grc' dir='ltr'>ἐκέλευσε</span> <span class='ocrx_word' id='word_1_446' title='bbox 2996 3105 3063 3176; x_wconf 82' lang='grc' dir='ltr'><strong>τῇ</strong></span> <span class='ocrx_word' id='word_1_447' title='bbox 3118 3090 3468 3181; x_wconf 12' lang='grc' dir='ltr'>αύτῇνῆμέρᾳ</span> <span class='ocrx_word' id='word_1_448' title='bbox 3504 3090 3753 3168; x_wconf 76' lang='grc' dir='ltr'>καλέσαι,</span> 
     </span>
    </p>
   </div>
   <div class='ocr_carea' id='block_1_62' title="bbox 336 3177 1973 3255">
    <p class='ocr_par' dir='ltr' id='par_1_62' title="bbox 336 3177 1973 3255">
     <span class='ocr_line' id='line_1_62' title="bbox 336 3177 1973 3255; baseline 0.004 -21"><span class='ocrx_word' id='word_1_449' title='bbox 336 3180 536 3235; x_wconf 84' lang='grc' dir='ltr'>Ἰστέον</span> <span class='ocrx_word' id='word_1_450' title='bbox 571 3177 650 3254; x_wconf 75' lang='grc' dir='ltr'>δὲ,</span> <span class='ocrx_word' id='word_1_451' title='bbox 683 3180 766 3236; x_wconf 79' lang='grc' dir='ltr'><strong>ὅτι</strong></span> <span class='ocrx_word' id='word_1_452' title='bbox 798 3180 850 3235; x_wconf 81' lang='grc' dir='ltr'>ὲν</span> <span class='ocrx_word' id='word_1_453' title='bbox 876 3180 1045 3254; x_wconf 80' lang='grc' dir='ltr'>ταύτῃ</span> <span class='ocrx_word' id='word_1_454' title='bbox 1078 3183 1145 3254; x_wconf 80' lang='grc' dir='ltr'><strong>τῇ</strong></span> <span class='ocrx_word' id='word_1_455' title='bbox 1177 3180 1359 3254; x_wconf 78' lang='grc' dir='ltr'>ἡμέρᾳ</span> <span class='ocrx_word' id='word_1_456' title='bbox 1381 3178 1658 3255; x_wconf 81' lang='grc' dir='ltr'>άλλάξιμα</span> <span class='ocrx_word' id='word_1_457' title='bbox 1689 3182 1792 3237; x_wconf 80' lang='grc' dir='ltr'><strong>οὐκ</strong></span> <span class='ocrx_word' id='word_1_458' title='bbox 1823 3181 1973 3241; x_wconf 73' lang='grc' dir='ltr'>εἰσίν.</span> 
     </span>
    </p>
   </div>
   <div class='ocr_carea' id='block_1_63' title="bbox 904 3279 1426 3337">
    <p class='ocr_par' dir='ltr' id='par_1_63' title="bbox 904 3279 1426 3337">
     <span class='ocr_line' id='line_1_63' title="bbox 904 3279 1426 3337; baseline 0 -1"><span class='ocrx_word' id='word_1_459' title='bbox 904 3279 1137 3336; x_wconf 86' lang='lat' dir='ltr'><strong>CAPUT</strong></span> <span class='ocrx_word' id='word_1_460' title='bbox 1191 3280 1426 3337; x_wconf 84' lang='lat' dir='ltr'><strong>XXXIV.</strong></span> 
     </span>
    </p>
   </div>
   <div class='ocr_carea' id='block_1_64' title="bbox 348 3369 1991 3496">
    <p class='ocr_par' dir='ltr' id='par_1_64' title="bbox 348 3369 1991 3496">
     <span class='ocr_line' id='line_1_64' title="bbox 348 3369 1991 3496; baseline 0.001 -70"><span class='ocrx_word' id='word_1_461' title='bbox 348 3370 692 3427; x_wconf 75' lang='lat' dir='ltr'><strong>Observanda</strong></span> <span class='ocrx_word' id='word_1_462' title='bbox 737 3373 793 3427; x_wconf 80' lang='lat' dir='ltr'><strong>in</strong></span> <span class='ocrx_word' id='word_1_463' title='bbox 831 3387 1035 3441; x_wconf 84' lang='lat' dir='ltr'><strong>magna</strong></span> <span class='ocrx_word' id='word_1_464' title='bbox 1077 3369 1291 3496; x_wconf 55' lang='grc' dir='ltr'>υἰρίιῖα,</span> <span class='ocrx_word' id='word_1_465' title='bbox 1324 3379 1375 3427; x_wconf 81' lang='lat' dir='ltr'><strong>et</strong></span> <span class='ocrx_word' id='word_1_466' title='bbox 1412 3370 1677 3442; x_wconf 87' lang='lat' dir='ltr'><strong>quomodo</strong></span> <span class='ocrx_word' id='word_1_467' title='bbox 1715 3371 1991 3427; x_wconf 78' lang='lat' dir='ltr'><strong>celebrari</strong></span> 
     </span>
     <span class='ocr_line' id='line_1_65' title="bbox 1068 3458 1254 3496; baseline 0 0"><span class='ocrx_word' id='word_1_468' title='bbox 1068 3458 1126 3496; x_wconf 76' lang='lat' dir='ltr'><strong>so</strong></span> <span class='ocrx_word' id='word_1_469' title='bbox 1151 3458 1212 3496; x_wconf 82' lang='lat' dir='ltr'><strong>ea</strong></span> <span class='ocrx_word' id='word_1_470' title='bbox 1243 3483 1254 3496; x_wconf 93' lang='lat'><em>.</em></span> 
     </span>
    </p>
   </div>
   <div class='ocr_carea' id='block_1_65' title="bbox 1068 3458 1254 3499">
    <p class='ocr_par' dir='ltr' id='par_1_65' title="bbox 1068 3458 1254 3499">
     <span class='ocr_line' id='line_1_66' title="bbox 1068 3458 1254 3499; baseline -0.005 -2"><span class='ocrx_word' id='word_1_471' title='bbox 1068 3458 1254 3499; x_wconf 76' lang='grc' dir='ltr'>δοιεαι.</span> 
     </span>
    </p>
   </div>
   <div class='ocr_carea' id='block_1_66' title="bbox 415 3531 1990 3604">
    <p class='ocr_par' dir='ltr' id='par_1_66' title="bbox 415 3531 1990 3604">
     <span class='ocr_line' id='line_1_67' title="bbox 415 3531 1990 3604; baseline 0.001 -18"><span class='ocrx_word' id='word_1_472' title='bbox 415 3531 580 3588; x_wconf 87' lang='lat' dir='ltr'><strong>Circa</strong></span> <span class='ocrx_word' id='word_1_473' title='bbox 607 3531 811 3588; x_wconf 90' lang='lat' dir='ltr'><strong>horam</strong></span> <span class='ocrx_word' id='word_1_474' title='bbox 839 3532 1157 3588; x_wconf 90' lang='lat' dir='ltr'><strong>secundam</strong></span> <span class='ocrx_word' id='word_1_475' title='bbox 1182 3531 1494 3603; x_wconf 87' lang='lat' dir='ltr'><strong>imperator</strong></span> <span class='ocrx_word' id='word_1_476' title='bbox 1512 3532 1731 3588; x_wconf 91' lang='lat' dir='ltr'><strong>circum</strong></span> <span class='ocrx_word' id='word_1_477' title='bbox 1766 3532 1990 3604; x_wconf 85' lang='lat' dir='ltr'><strong>ingres-</strong></span> 
     </span>
    </p>
   </div>
   <div class='ocr_carea' id='block_1_67' title="bbox 345 3620 1993 3694">
    <p class='ocr_par' dir='ltr' id='par_1_67' title="bbox 345 3620 1993 3694">
     <span class='ocr_line' id='line_1_68' title="bbox 345 3620 1993 3694; baseline 0.001 -18"><span class='ocrx_word' id='word_1_478' title='bbox 345 3637 470 3688; x_wconf 89' lang='lat' dir='ltr'><strong>sus,</strong></span> <span class='ocrx_word' id='word_1_479' title='bbox 503 3637 717 3693; x_wconf 90' lang='lat' dir='ltr'><strong>equum</strong></span> <span class='ocrx_word' id='word_1_480' title='bbox 749 3621 1082 3677; x_wconf 88' lang='lat' dir='ltr'><strong>conscendit</strong></span> <span class='ocrx_word' id='word_1_481' title='bbox 1112 3626 1170 3676; x_wconf 90' lang='lat' dir='ltr'><strong>et</strong></span> <span class='ocrx_word' id='word_1_482' title='bbox 1219 3620 1570 3677; x_wconf 89' lang='lat' dir='ltr'><strong>Blachernas</strong></span> <span class='ocrx_word' id='word_1_483' title='bbox 1609 3621 1775 3689; x_wconf 91' lang='lat' dir='ltr'><strong>petit,</strong></span> <span class='ocrx_word' id='word_1_484' title='bbox 1796 3620 1993 3694; x_wconf 87' lang='lat' dir='ltr'><strong>ibique</strong></span> 
     </span>
    </p>
   </div>
   <div class='ocr_carea' id='block_1_68' title="bbox 345 3709 1989 3783">
    <p class='ocr_par' dir='ltr' id='par_1_68' title="bbox 345 3709 1989 3783">
     <span class='ocr_line' id='line_1_69' title="bbox 345 3709 1989 3783; baseline -0.001 -16"><span class='ocrx_word' id='word_1_485' title='bbox 345 3710 625 3780; x_wconf 89' lang='lat' dir='ltr'><strong>templum</strong></span> <span class='ocrx_word' id='word_1_486' title='bbox 650 3709 953 3782; x_wconf 83' lang='lat' dir='ltr'><strong>ingressus</strong></span> <span class='ocrx_word' id='word_1_487' title='bbox 976 3711 1047 3765; x_wconf 89' lang='lat' dir='ltr'><strong>ad</strong></span> <span class='ocrx_word' id='word_1_488' title='bbox 1070 3710 1492 3781; x_wconf 87' lang='lat' dir='ltr'><strong>sacrasjanuas</strong></span> <span class='ocrx_word' id='word_1_489' title='bbox 1513 3711 1825 3783; x_wconf 90' lang='lat' dir='ltr'><strong>pergit,ubi</strong></span> <span class='ocrx_word' id='word_1_490' title='bbox 1857 3727 1989 3767; x_wconf 92' lang='lat' dir='ltr'><strong>cum</strong></span> 
     </span>
    </p>
   </div>
   <div class='ocr_carea' id='block_1_69' title="bbox 344 3798 1990 3871">
    <p class='ocr_par' dir='ltr' id='par_1_69' title="bbox 344 3798 1990 3871">
     <span class='ocr_line' id='line_1_70' title="bbox 344 3798 1990 3871; baseline 0 -15"><span class='ocrx_word' id='word_1_491' title='bbox 344 3799 526 3856; x_wconf 88' lang='lat' dir='ltr'><strong>cereis</strong></span> <span class='ocrx_word' id='word_1_492' title='bbox 575 3800 914 3856; x_wconf 89' lang='lat' dir='ltr'><strong>ardentibus</strong></span> <span class='ocrx_word' id='word_1_493' title='bbox 954 3803 1242 3871; x_wconf 88' lang='lat' dir='ltr'><strong>precatus,</strong></span> <span class='ocrx_word' id='word_1_494' title='bbox 1274 3798 1591 3855; x_wconf 89' lang='lat' dir='ltr'><strong>oratorium</strong></span> <span class='ocrx_word' id='word_1_495' title='bbox 1646 3799 1990 3871; x_wconf 84' lang='lat' dir='ltr'><strong>ingreditur,</strong></span> 
     </span>
    </p>
   </div>
   <div class='ocr_carea' id='block_1_70' title="bbox 343 3888 1993 3961">
    <p class='ocr_par' dir='ltr' id='par_1_70' title="bbox 343 3888 1993 3961">
     <span class='ocr_line' id='line_1_71' title="bbox 343 3888 1993 3961; baseline -0.001 -14"><span class='ocrx_word' id='word_1_496' title='bbox 343 3894 399 3947; x_wconf 91' lang='lat' dir='ltr'><strong>et</strong></span> <span class='ocrx_word' id='word_1_497' title='bbox 426 3894 661 3961; x_wconf 91' lang='lat' dir='ltr'><strong>sumpto</strong></span> <span class='ocrx_word' id='word_1_498' title='bbox 692 3888 1019 3959; x_wconf 90' lang='lat' dir='ltr'><strong>thuribulo,</strong></span> <span class='ocrx_word' id='word_1_499' title='bbox 1052 3888 1195 3944; x_wconf 89' lang='lat' dir='ltr'><strong>illud</strong></span> <span class='ocrx_word' id='word_1_500' title='bbox 1246 3888 1575 3945; x_wconf 86' lang='lat' dir='ltr'><strong>circulatim</strong></span> <span class='ocrx_word' id='word_1_501' title='bbox 1621 3888 1902 3956; x_wconf 86' lang='lat' dir='ltr'><strong>incensat,</strong></span> <span class='ocrx_word' id='word_1_502' title='bbox 1936 3894 1993 3946; x_wconf 91' lang='lat' dir='ltr'><strong>et</strong></span> 
     </span>
    </p>
   </div>
   <div class='ocr_carea' id='block_1_71' title="bbox 342 3978 1990 4052">
    <p class='ocr_par' dir='ltr' id='par_1_71' title="bbox 342 3978 1990 4052">
     <span class='ocr_line' id='line_1_72' title="bbox 342 3978 1990 4052; baseline -0.002 -17"><span class='ocrx_word' id='word_1_503' title='bbox 342 3990 654 4052; x_wconf 88' lang='lat' dir='ltr'><strong>postquam</strong></span> <span class='ocrx_word' id='word_1_504' title='bbox 687 3996 835 4035; x_wconf 88' lang='lat' dir='ltr'><strong>novo</strong></span> <span class='ocrx_word' id='word_1_505' title='bbox 863 3981 1106 4035; x_wconf 86' lang='lat' dir='ltr'><strong>instrato</strong></span> <span class='ocrx_word' id='word_1_506' title='bbox 1154 3995 1381 4034; x_wconf 87' lang='lat' dir='ltr'><strong>sacram</strong></span> <span class='ocrx_word' id='word_1_507' title='bbox 1434 3995 1697 4035; x_wconf 89' lang='lat' dir='ltr'><strong>mensam</strong></span> <span class='ocrx_word' id='word_1_508' title='bbox 1743 3978 1990 4047; x_wconf 87' lang='lat' dir='ltr'><strong>vestivit,</strong></span> 
     </span>
    </p>
   </div>
   <div class='ocr_carea' id='block_1_72' title="bbox 340 4066 1994 4141">
    <p class='ocr_par' dir='ltr' id='par_1_72' title="bbox 340 4066 1994 4141">
     <span class='ocr_line' id='line_1_73' title="bbox 340 4066 1994 4141; baseline -0.004 -15"><span class='ocrx_word' id='word_1_509' title='bbox 340 4070 741 4141; x_wconf 88' lang='lat' dir='ltr'><strong>apocombium</strong></span> <span class='ocrx_word' id='word_1_510' title='bbox 758 4069 900 4125; x_wconf 89' lang='lat' dir='ltr'><strong>inibi</strong></span> <span class='ocrx_word' id='word_1_511' title='bbox 914 4068 1377 4140; x_wconf 90' lang='lat' dir='ltr'><strong>reponit,perque</strong></span> <span class='ocrx_word' id='word_1_512' title='bbox 1390 4066 1787 4137; x_wconf 88' lang='lat' dir='ltr'><strong>obliquitatem</strong></span> <span class='ocrx_word' id='word_1_513' title='bbox 1803 4083 1994 4137; x_wconf 83' lang='lat' dir='ltr'><strong>egres-</strong></span> 
     </span>
    </p>
   </div>
   <div class='ocr_carea' id='block_1_73' title="bbox 343 4156 1989 4231">
    <p class='ocr_par' dir='ltr' id='par_1_73' title="bbox 343 4156 1989 4231">
     <span class='ocr_line' id='line_1_74' title="bbox 343 4156 1989 4231; baseline -0.004 -15"><span class='ocrx_word' id='word_1_514' title='bbox 343 4176 469 4230; x_wconf 90' lang='lat' dir='ltr'><strong>sus,</strong></span> <span class='ocrx_word' id='word_1_515' title='bbox 495 4159 775 4231; x_wconf 76' lang='lat' dir='ltr'><strong>templum</strong></span> <span class='ocrx_word' id='word_1_516' title='bbox 791 4157 1219 4229; x_wconf 87' lang='lat' dir='ltr'><strong>SacriSepulcri</strong></span> <span class='ocrx_word' id='word_1_517' title='bbox 1236 4158 1397 4228; x_wconf 82' lang='lat' dir='ltr'><strong>petit,</strong></span> <span class='ocrx_word' id='word_1_518' title='bbox 1422 4166 1473 4211; x_wconf 91' lang='lat' dir='ltr'><strong>et</strong></span> <span class='ocrx_word' id='word_1_519' title='bbox 1489 4157 1670 4213; x_wconf 89' lang='lat' dir='ltr'><strong>cereis</strong></span> <span class='ocrx_word' id='word_1_520' title='bbox 1690 4157 1766 4210; x_wconf 90' lang='lat' dir='ltr'><strong>ibi</strong></span> <span class='ocrx_word' id='word_1_521' title='bbox 1785 4156 1842 4209; x_wconf 93' lang='lat' dir='ltr'><strong>in</strong></span> <span class='ocrx_word' id='word_1_522' title='bbox 1861 4171 1989 4226; x_wconf 86' lang='lat' dir='ltr'><strong>pre-</strong></span> 
     </span>
    </p>
   </div>
   <div class='ocr_carea' id='block_1_74' title="bbox 340 4246 1988 4319">
    <p class='ocr_par' dir='ltr' id='par_1_74' title="bbox 340 4246 1988 4319">
     <span class='ocr_line' id='line_1_75' title="bbox 340 4246 1988 4319; baseline -0.004 -13"><span class='ocrx_word' id='word_1_523' title='bbox 340 4251 593 4315; x_wconf 88' lang='lat' dir='ltr'><strong>catione,</strong></span> <span class='ocrx_word' id='word_1_524' title='bbox 627 4258 686 4304; x_wconf 91' lang='lat' dir='ltr'><strong>ut</strong></span> <span class='ocrx_word' id='word_1_525' title='bbox 716 4248 831 4319; x_wconf 91' lang='lat' dir='ltr'><strong>ipsi</strong></span> <span class='ocrx_word' id='word_1_526' title='bbox 867 4264 992 4303; x_wconf 90' lang='lat' dir='ltr'><strong>mos</strong></span> <span class='ocrx_word' id='word_1_527' title='bbox 1023 4252 1131 4313; x_wconf 88' lang='lat' dir='ltr'><strong>est,</strong></span> <span class='ocrx_word' id='word_1_528' title='bbox 1165 4251 1301 4301; x_wconf 90' lang='lat' dir='ltr'><strong>ante</strong></span> <span class='ocrx_word' id='word_1_529' title='bbox 1331 4262 1526 4301; x_wconf 90' lang='lat' dir='ltr'><strong>sacras</strong></span> <span class='ocrx_word' id='word_1_530' title='bbox 1559 4246 1768 4314; x_wconf 84' lang='lat' dir='ltr'><strong>ianuas</strong></span> <span class='ocrx_word' id='word_1_531' title='bbox 1791 4260 1988 4299; x_wconf 83' lang='lat' dir='ltr'><strong>accen-</strong></span> 
     </span>
    </p>
   </div>
   <div class='ocr_carea' id='block_1_75' title="bbox 336 4332 1989 4409">
    <p class='ocr_par' dir='ltr' id='par_1_75' title="bbox 336 4332 1989 4409">
     <span class='ocr_line' id='line_1_76' title="bbox 336 4332 1989 4409; baseline -0.002 -16"><span class='ocrx_word' id='word_1_532' title='bbox 336 4338 626 4409; x_wconf 88' lang='lat' dir='ltr'><strong>sis,inque</strong></span> <span class='ocrx_word' id='word_1_533' title='bbox 638 4338 957 4394; x_wconf 87' lang='lat' dir='ltr'><strong>sacrarium</strong></span> <span class='ocrx_word' id='word_1_534' title='bbox 975 4336 1295 4407; x_wconf 87' lang='lat' dir='ltr'><strong>ingressus,</strong></span> <span class='ocrx_word' id='word_1_535' title='bbox 1316 4341 1550 4404; x_wconf 89' lang='lat' dir='ltr'><strong>sumpto</strong></span> <span class='ocrx_word' id='word_1_536' title='bbox 1566 4332 1885 4397; x_wconf 89' lang='lat' dir='ltr'><strong>thuribulo,</strong></span> <span class='ocrx_word' id='word_1_537' title='bbox 1900 4349 1989 4389; x_wconf 89' lang='lat' dir='ltr'><strong>sa-</strong></span> 
     </span>
    </p>
   </div>
   <div class='ocr_carea' id='block_1_76' title="bbox 2708 3287 3140 3350">
    <p class='ocr_par' dir='ltr' id='par_1_76' title="bbox 2708 3287 3140 3350">
     <span class='ocr_line' id='line_1_77' title="bbox 2708 3287 3140 3350; baseline 0.019 -9"><span class='ocrx_word' id='word_1_538' title='bbox 2708 3287 2970 3345; x_wconf 82' lang='grc' dir='ltr'><strong>ΚΕΦΔΛ.</strong></span> <span class='ocrx_word' id='word_1_539' title='bbox 3022 3291 3140 3350; x_wconf 84' lang='grc' dir='ltr'><strong>ΛΔ’.</strong></span> 
     </span>
    </p>
   </div>
   <div class='ocr_carea' id='block_1_77' title="bbox 2168 3366 3670 3461">
    <p class='ocr_par' dir='ltr' id='par_1_77' title="bbox 2168 3366 3670 3461">
     <span class='ocr_line' id='line_1_78' title="bbox 2168 3366 3670 3461; baseline 0.009 -34"><span class='ocrx_word' id='word_1_540' title='bbox 2168 3371 2307 3427; x_wconf 89' lang='grc' dir='ltr'>Ὅσα</span> <span class='ocrx_word' id='word_1_541' title='bbox 2338 3366 2420 3426; x_wconf 87' lang='grc' dir='ltr'><strong>δεῖ</strong></span> <span class='ocrx_word' id='word_1_542' title='bbox 2468 3373 2903 3461; x_wconf 53' lang='grc' dir='ltr'>παραφυλάττειν</span> <span class='ocrx_word' id='word_1_543' title='bbox 2931 3381 3020 3461; x_wconf 47' lang='grc' dir='ltr'><strong>,τῇ</strong></span> <span class='ocrx_word' id='word_1_544' title='bbox 3061 3378 3275 3461; x_wconf 72' lang='grc' dir='ltr'>μεγάλῃ</span> <span class='ocrx_word' id='word_1_545' title='bbox 3331 3386 3670 3461; x_wconf 73' lang='grc' dir='ltr'>Παρασκευῇ,</span> 
     </span>
    </p>
   </div>
   <div class='ocr_carea' id='block_1_78' title="bbox 2520 3445 3309 3523">
    <p class='ocr_par' dir='ltr' id='par_1_78' title="bbox 2520 3445 3309 3523">
     <span class='ocr_line' id='line_1_79' title="bbox 2520 3445 3309 3523; baseline 0.011 -24"><span class='ocrx_word' id='word_1_546' title='bbox 2520 3445 2607 3500; x_wconf 77' lang='grc' dir='ltr'><strong>καὶ</strong></span> <span class='ocrx_word' id='word_1_547' title='bbox 2629 3445 2639 3452; x_wconf 81' lang='grc'><em>’</em></span> <span class='ocrx_word' id='word_1_548' title='bbox 2663 3445 2761 3501; x_wconf 84' lang='grc' dir='ltr'>ὅσα</span> <span class='ocrx_word' id='word_1_549' title='bbox 2801 3447 2854 3503; x_wconf 78' lang='grc' dir='ltr'>ἐν</span> <span class='ocrx_word' id='word_1_550' title='bbox 2886 3445 3022 3523; x_wconf 82' lang='grc' dir='ltr'><strong>αύτῇ</strong></span> <span class='ocrx_word' id='word_1_551' title='bbox 3054 3445 3309 3510; x_wconf 70' lang='grc' dir='ltr'>τελεῖται.</span> 
     </span>
    </p>
   </div>
   <div class='ocr_carea' id='block_1_79' title="bbox 2173 3529 3751 3620">
    <p class='ocr_par' dir='ltr' id='par_1_79' title="bbox 2173 3529 3751 3620">
     <span class='ocr_line' id='line_1_80' title="bbox 2173 3529 3751 3620; baseline 0.011 -36"><span class='ocrx_word' id='word_1_552' title='bbox 2173 3530 2301 3620; x_wconf 83' lang='grc' dir='ltr'>Περὶ</span> <span class='ocrx_word' id='word_1_553' title='bbox 2350 3529 2495 3606; x_wconf 82' lang='grc' dir='ltr'>ὥραν</span> <span class='ocrx_word' id='word_1_554' title='bbox 2546 3532 2795 3609; x_wconf 77' lang='grc' dir='ltr'>δευτέραν</span> <span class='ocrx_word' id='word_1_555' title='bbox 2870 3535 3100 3607; x_wconf 78' lang='grc' dir='ltr'>ἐξελθὼν</span> <span class='ocrx_word' id='word_1_556' title='bbox 3144 3542 3172 3596; x_wconf 91' lang='lat'><strong>6</strong></span> <span class='ocrx_word' id='word_1_557' title='bbox 3244 3542 3498 3618; x_wconf 81' lang='grc' dir='ltr'>βασιλεὺς</span> <span class='ocrx_word' id='word_1_558' title='bbox 3561 3544 3612 3601; x_wconf 84' lang='grc' dir='ltr'><strong>έν</strong></span> <span class='ocrx_word' id='word_1_559' title='bbox 3669 3550 3751 3620; x_wconf 77' lang='grc' dir='ltr'><strong>τῷ</strong></span> 
     </span>
    </p>
   </div>
   <div class='ocr_carea' id='block_1_80' title="bbox 2099 3617 3755 3708">
    <p class='ocr_par' dir='ltr' id='par_1_80' title="bbox 2099 3617 3755 3708">
     <span class='ocr_line' id='line_1_81' title="bbox 2099 3617 3755 3708; baseline 0.011 -35"><span class='ocrx_word' id='word_1_560' title='bbox 2099 3617 2479 3694; x_wconf 73' lang='grc' dir='ltr'>ἱπποδρομίῳ,</span> <span class='ocrx_word' id='word_1_561' title='bbox 2526 3623 2742 3679; x_wconf 73' lang='grc' dir='ltr'>ἱππεύει</span> <span class='ocrx_word' id='word_1_562' title='bbox 2792 3624 2963 3682; x_wconf 79' lang='grc' dir='ltr'>ἐκεῖσε</span> <span class='ocrx_word' id='word_1_563' title='bbox 3010 3630 3102 3683; x_wconf 82' lang='grc' dir='ltr'><strong>καὶ</strong></span> <span class='ocrx_word' id='word_1_564' title='bbox 3161 3629 3459 3708; x_wconf 85' lang='grc' dir='ltr'>ἀπέρχεται</span> <span class='ocrx_word' id='word_1_565' title='bbox 3508 3634 3563 3689; x_wconf 80' lang='grc' dir='ltr'>ἐν</span> <span class='ocrx_word' id='word_1_566' title='bbox 3611 3617 3755 3694; x_wconf 81' lang='grc' dir='ltr'>Βλα-</span> 
     </span>
    </p>
   </div>
   <div class='ocr_carea' id='block_1_81' title="bbox 2102 3709 3758 3802">
    <p class='ocr_par' dir='ltr' id='par_1_81' title="bbox 2102 3709 3758 3802">
     <span class='ocr_line' id='line_1_82' title="bbox 2102 3709 3758 3802; baseline 0.011 -39"><span class='ocrx_word' id='word_1_567' title='bbox 2102 3709 2322 3787; x_wconf 88' lang='grc' dir='ltr'>χέρναις</span> <span class='ocrx_word' id='word_1_568' title='bbox 2372 3712 2578 3802; x_wconf 6' lang='lat' dir='ltr'><strong>ﬁgurati</strong></span> <span class='ocrx_word' id='word_1_569' title='bbox 2624 3712 2877 3770; x_wconf 69' lang='grc' dir='ltr'>εἴσελθὼν</span> <span class='ocrx_word' id='word_1_570' title='bbox 2929 3714 2981 3771; x_wconf 79' lang='grc' dir='ltr'>ἐν</span> <span class='ocrx_word' id='word_1_571' title='bbox 3025 3722 3105 3790; x_wconf 79' lang='grc' dir='ltr'><strong>τῷ</strong></span> <span class='ocrx_word' id='word_1_572' title='bbox 3151 3724 3284 3792; x_wconf 80' lang='grc' dir='ltr'>ναῷ,</span> <span class='ocrx_word' id='word_1_573' title='bbox 3334 3722 3635 3802; x_wconf 80' lang='grc' dir='ltr'>ἀπέρχεται</span> <span class='ocrx_word' id='word_1_574' title='bbox 3670 3725 3758 3798; x_wconf 78' lang='grc' dir='ltr'>μέο</span> 
     </span>
    </p>
   </div>
   <div class='ocr_carea' id='block_1_82' title="bbox 2100 3800 3758 3887">
    <p class='ocr_par' dir='ltr' id='par_1_82' title="bbox 2100 3800 3758 3887">
     <span class='ocr_line' id='line_1_83' title="bbox 2100 3800 3758 3887; baseline 0.011 -36"><span class='ocrx_word' id='word_1_575' title='bbox 2100 3817 2198 3873; x_wconf 82' lang='grc' dir='ltr'>χρι</span> <span class='ocrx_word' id='word_1_576' title='bbox 2230 3802 2339 3853; x_wconf 87' lang='grc' dir='ltr'><strong>τῶν</strong></span> <span class='ocrx_word' id='word_1_577' title='bbox 2373 3800 2548 3875; x_wconf 83' lang='grc' dir='ltr'>ἁγίων</span> <span class='ocrx_word' id='word_1_578' title='bbox 2608 3807 2809 3877; x_wconf 80' lang='grc' dir='ltr'>θυρῶν,</span> <span class='ocrx_word' id='word_1_579' title='bbox 2856 3806 2948 3860; x_wconf 89' lang='grc' dir='ltr'><strong>καὶ</strong></span> <span class='ocrx_word' id='word_1_580' title='bbox 2999 3807 3139 3881; x_wconf 73' lang='grc' dir='ltr'>ἅψας</span> <span class='ocrx_word' id='word_1_581' title='bbox 3177 3810 3384 3885; x_wconf 83' lang='grc' dir='ltr'>κηροὺς</span> <span class='ocrx_word' id='word_1_582' title='bbox 3411 3800 3758 3887; x_wconf 11' lang='grc' dir='ltr'>καγὶίεύξάμε-</span> 
     </span>
    </p>
   </div>
   <div class='ocr_carea' id='block_1_83' title="bbox 2103 3888 3758 3973">
    <p class='ocr_par' dir='ltr' id='par_1_83' title="bbox 2103 3888 3758 3973">
     <span class='ocr_line' id='line_1_84' title="bbox 2103 3888 3758 3973; baseline 0.01 -32"><span class='ocrx_word' id='word_1_583' title='bbox 2103 3907 2217 3956; x_wconf 89' lang='grc' dir='ltr'>νος,</span> <span class='ocrx_word' id='word_1_584' title='bbox 2251 3888 2558 3965; x_wconf 80' lang='grc' dir='ltr'>εἰσέρχεται</span> <span class='ocrx_word' id='word_1_585' title='bbox 2598 3891 2676 3953; x_wconf 82' lang='grc' dir='ltr'><strong>εἷς</strong></span> <span class='ocrx_word' id='word_1_586' title='bbox 2730 3894 2793 3948; x_wconf 89' lang='grc' dir='ltr'>τὸ</span> <span class='ocrx_word' id='word_1_587' title='bbox 2851 3899 3255 3973; x_wconf 77' lang='grc' dir='ltr'>θυσιαστήριον,</span> <span class='ocrx_word' id='word_1_588' title='bbox 3310 3901 3399 3955; x_wconf 85' lang='grc' dir='ltr'><strong>καὶ</strong></span> <span class='ocrx_word' id='word_1_589' title='bbox 3452 3897 3636 3957; x_wconf 76' lang='grc' dir='ltr'>λαϐὼν</span> <span class='ocrx_word' id='word_1_590' title='bbox 3665 3906 3758 3958; x_wconf 81' lang='grc' dir='ltr'>θυ-</span> 
     </span>
    </p>
   </div>
   <div class='ocr_carea' id='block_1_84' title="bbox 2106 3977 3758 4067">
    <p class='ocr_par' dir='ltr' id='par_1_84' title="bbox 2106 3977 3758 4067">
     <span class='ocr_line' id='line_1_85' title="bbox 2106 3977 3758 4067; baseline 0.011 -37"><span class='ocrx_word' id='word_1_591' title='bbox 2106 3977 2328 4067; x_wconf 83' lang='grc' dir='ltr'>μιατὸν,</span> <span class='ocrx_word' id='word_1_592' title='bbox 2391 3980 2560 4052; x_wconf 84' lang='grc' dir='ltr'>θυμιᾷ</span> <span class='ocrx_word' id='word_1_593' title='bbox 2628 3980 2912 4050; x_wconf 86' lang='grc' dir='ltr'>κυκλόθεν,</span> <span class='ocrx_word' id='word_1_594' title='bbox 2964 3987 3053 4041; x_wconf 85' lang='grc' dir='ltr'><strong>καὶ</strong></span> <span class='ocrx_word' id='word_1_595' title='bbox 3099 3986 3414 4060; x_wconf 81' lang='grc' dir='ltr'>ὑπαλλάξας</span> <span class='ocrx_word' id='word_1_596' title='bbox 3454 3993 3555 4060; x_wconf 80' lang='grc' dir='ltr'><strong>τήν</strong></span> <span class='ocrx_word' id='word_1_597' title='bbox 3604 3994 3758 4067; x_wconf 84' lang='grc' dir='ltr'>ἁγίαν</span> 
     </span>
    </p>
   </div>
   <div class='ocr_carea' id='block_1_85' title="bbox 2101 4065 3752 4155">
    <p class='ocr_par' dir='ltr' id='par_1_85' title="bbox 2101 4065 3752 4155">
     <span class='ocr_line' id='line_1_86' title="bbox 2101 4065 3752 4155; baseline 0.01 -35"><span class='ocrx_word' id='word_1_598' title='bbox 2101 4065 2389 4155; x_wconf 79' lang='grc' dir='ltr'>τράπεζαν,</span> <span class='ocrx_word' id='word_1_599' title='bbox 2433 4070 2652 4141; x_wconf 87' lang='grc' dir='ltr'>τίθησιν</span> <span class='ocrx_word' id='word_1_600' title='bbox 2698 4071 2751 4128; x_wconf 71' lang='grc' dir='ltr'>ἐν</span> <span class='ocrx_word' id='word_1_601' title='bbox 2800 4075 2939 4148; x_wconf 79' lang='grc' dir='ltr'>αὐτῇ</span> <span class='ocrx_word' id='word_1_602' title='bbox 2993 4075 3358 4151; x_wconf 77' lang='grc' dir='ltr'>ἀποκόμϐιον,</span> <span class='ocrx_word' id='word_1_603' title='bbox 3404 4082 3494 4136; x_wconf 84' lang='grc' dir='ltr'><strong>καὶ</strong></span> <span class='ocrx_word' id='word_1_604' title='bbox 3526 4065 3752 4155; x_wconf 73' lang='grc' dir='ltr'>ἐξελθὼν</span> 
     </span>
    </p>
   </div>
   <div class='ocr_carea' id='block_1_86' title="bbox 2102 4152 3752 4247">
    <p class='ocr_par' dir='ltr' id='par_1_86' title="bbox 2102 4152 3752 4247">
     <span class='ocr_line' id='line_1_87' title="bbox 2102 4152 3752 4247; baseline 0.01 -38"><span class='ocrx_word' id='word_1_605' title='bbox 2102 4152 2192 4210; x_wconf 81' lang='grc' dir='ltr'><strong>διὰ</strong></span> <span class='ocrx_word' id='word_1_606' title='bbox 2222 4160 2324 4222; x_wconf 78' lang='grc' dir='ltr'><strong>τῆς</strong></span> <span class='ocrx_word' id='word_1_607' title='bbox 2354 4157 2616 4235; x_wconf 87' lang='grc' dir='ltr'>πλαγίας,</span> <span class='ocrx_word' id='word_1_608' title='bbox 2667 4161 2973 4241; x_wconf 74' lang='grc' dir='ltr'>εἰσέρχεται</span> <span class='ocrx_word' id='word_1_609' title='bbox 3003 4164 3083 4227; x_wconf 69' lang='grc' dir='ltr'>εἷς</span> <span class='ocrx_word' id='word_1_610' title='bbox 3114 4168 3206 4222; x_wconf 87' lang='grc' dir='ltr'>τὸν</span> <span class='ocrx_word' id='word_1_611' title='bbox 3237 4169 3362 4222; x_wconf 84' lang='grc' dir='ltr'>ναὸν</span> <span class='ocrx_word' id='word_1_612' title='bbox 3413 4177 3514 4239; x_wconf 79' lang='grc' dir='ltr'><strong>τῆς</strong></span> <span class='ocrx_word' id='word_1_613' title='bbox 3563 4152 3752 4247; x_wconf 53' lang='grc' dir='ltr'><strong>ἱΑγίας</strong></span> 
     </span>
    </p>
   </div>
   <div class='ocr_carea' id='block_1_87' title="bbox 2101 4249 3751 4335">
    <p class='ocr_par' dir='ltr' id='par_1_87' title="bbox 2101 4249 3751 4335">
     <span class='ocr_line' id='line_1_88' title="bbox 2101 4249 3751 4335; baseline 0.01 -36"><span class='ocrx_word' id='word_1_614' title='bbox 2101 4251 2302 4320; x_wconf 90' lang='grc' dir='ltr'>Σοροῦ,</span> <span class='ocrx_word' id='word_1_615' title='bbox 2356 4249 2447 4303; x_wconf 80' lang='grc' dir='ltr'><strong>καὶ</strong></span> <span class='ocrx_word' id='word_1_616' title='bbox 2507 4249 2644 4324; x_wconf 57' lang='lat' dir='ltr'><strong>aea;</strong></span> <span class='ocrx_word' id='word_1_617' title='bbox 2689 4253 2893 4328; x_wconf 87' lang='grc' dir='ltr'>κηροὺς</span> <span class='ocrx_word' id='word_1_618' title='bbox 2939 4253 3015 4314; x_wconf 75' lang='grc' dir='ltr'>εἷς</span> <span class='ocrx_word' id='word_1_619' title='bbox 3066 4255 3159 4309; x_wconf 88' lang='grc' dir='ltr'><strong>τὸν</strong></span> <span class='ocrx_word' id='word_1_620' title='bbox 3209 4257 3372 4311; x_wconf 80' lang='grc' dir='ltr'>αὐτὸν</span> <span class='ocrx_word' id='word_1_621' title='bbox 3412 4259 3535 4312; x_wconf 88' lang='grc' dir='ltr'>ναὸν</span> <span class='ocrx_word' id='word_1_622' title='bbox 3584 4258 3639 4313; x_wconf 74' lang='grc' dir='ltr'>ἑν</span> <span class='ocrx_word' id='word_1_623' title='bbox 3681 4265 3751 4335; x_wconf 79' lang='grc' dir='ltr'><strong>τῇ</strong></span> 
     </span>
    </p>
   </div>
   <div class='ocr_carea' id='block_1_88' title="bbox 2099 4338 3748 4421">
    <p class='ocr_par' dir='ltr' id='par_1_88' title="bbox 2099 4338 3748 4421">
     <span class='ocr_line' id='line_1_89' title="bbox 2099 4338 3748 4421; baseline 0.008 -32"><span class='ocrx_word' id='word_1_624' title='bbox 2099 4341 2385 4412; x_wconf 81' lang='grc' dir='ltr'>προσευχῇ</span> <span class='ocrx_word' id='word_1_625' title='bbox 2433 4340 2546 4410; x_wconf 88' lang='grc'>(53)</span> <span class='ocrx_word' id='word_1_626' title='bbox 2595 4338 2782 4409; x_wconf 78' lang='grc' dir='ltr'>αὐτοῦ,</span> <span class='ocrx_word' id='word_1_627' title='bbox 2835 4340 2909 4403; x_wconf 84' lang='grc' dir='ltr'>ὡς</span> <span class='ocrx_word' id='word_1_628' title='bbox 2953 4340 3180 4398; x_wconf 71' lang='grc' dir='ltr'>εἴθισται</span> <span class='ocrx_word' id='word_1_629' title='bbox 3229 4344 3393 4417; x_wconf 78' lang='grc' dir='ltr'>αὐτῷ,</span> <span class='ocrx_word' id='word_1_630' title='bbox 3445 4340 3748 4421; x_wconf 78' lang='grc' dir='ltr'>ἔμπροσθεν</span> 
     </span>
    </p>
   </div>
   <div class='ocr_carea' id='block_1_89' title="bbox 1692 4431 2389 4493">
    <p class='ocr_par' dir='ltr' id='par_1_89' title="bbox 1692 4431 2389 4493">
     <span class='ocr_line' id='line_1_90' title="bbox 1692 4431 2389 4493; baseline 0.011 -8"><span class='ocrx_word' id='word_1_631' title='bbox 1692 4431 1937 4489; x_wconf 74' lang='grc' dir='ltr'>νΑΒΙΕ</span> <span class='ocrx_word' id='word_1_632' title='bbox 1978 4433 2389 4493; x_wconf 77' lang='lat' dir='ltr'><strong>LECTlONES.</strong></span> 
     </span>
    </p>
   </div>
   <div class='ocr_carea' id='block_1_90' title="bbox 412 4518 3164 4605">
    <p class='ocr_par' dir='ltr' id='par_1_90' title="bbox 412 4518 3164 4605">
     <span class='ocr_line' id='line_1_91' title="bbox 412 4518 3164 4605; baseline 0.004 -27"><span class='ocrx_word' id='word_1_633' title='bbox 412 4527 457 4562; x_wconf 73' lang='grc'>²¹</span> <span class='ocrx_word' id='word_1_634' title='bbox 507 4522 1057 4600; x_wconf 81' lang='grc' dir='ltr'>συλλειτουργοῦντες</span> <span class='ocrx_word' id='word_1_635' title='bbox 1105 4523 1196 4593; x_wconf 81' lang='lat' dir='ltr'><strong>R.,</strong></span> <span class='ocrx_word' id='word_1_636' title='bbox 1248 4518 1706 4597; x_wconf 87' lang='grc' dir='ltr'>συλλειτουργοῦν</span> <span class='ocrx_word' id='word_1_637' title='bbox 1754 4526 2153 4598; x_wconf 84' lang='lat' dir='ltr'><strong>superscripto</strong></span> <span class='ocrx_word' id='word_1_638' title='bbox 2194 4547 2224 4580; x_wconf 91' lang='grc' dir='ltr'><strong>τ</strong></span> <span class='ocrx_word' id='word_1_639' title='bbox 2274 4528 2426 4593; x_wconf 90' lang='lat' dir='ltr'><strong>cod.,</strong></span> <span class='ocrx_word' id='word_1_640' title='bbox 2477 4524 3021 4605; x_wconf 86' lang='grc' dir='ltr'>συλλειτουργοῦνται</span> <span class='ocrx_word' id='word_1_641' title='bbox 3071 4533 3164 4591; x_wconf 86' lang='lat' dir='ltr'><strong>ed.</strong></span> 
     </span>
    </p>
   </div>
   <div class='ocr_carea' id='block_1_91' title="bbox 3258 4533 3751 4599">
    <p class='ocr_par' dir='ltr' id='par_1_91' title="bbox 3258 4533 3751 4599">
     <span class='ocr_line' id='line_1_92' title="bbox 3258 4533 3751 4599; baseline 0.004 -10"><span class='ocrx_word' id='word_1_642' title='bbox 3258 4534 3306 4570; x_wconf 76' lang='grc'>²²</span> <span class='ocrx_word' id='word_1_643' title='bbox 3350 4533 3631 4599; x_wconf 87' lang='grc' dir='ltr'>τελοῦντες</span> <span class='ocrx_word' id='word_1_644' title='bbox 3683 4538 3751 4598; x_wconf 71' lang='grc' dir='ltr'>Β,</span> 
     </span>
    </p>
   </div>
   <div class='ocr_carea' id='block_1_92' title="bbox 341 4607 3779 4701">
    <p class='ocr_par' dir='ltr' id='par_1_92' title="bbox 341 4607 3779 4701">
     <span class='ocr_line' id='line_1_93' title="bbox 341 4607 3779 4701; baseline 0.003 -28"><span class='ocrx_word' id='word_1_645' title='bbox 341 4632 410 4673; x_wconf 83' lang='lat' dir='ltr'><strong>ex</strong></span> <span class='ocrx_word' id='word_1_646' title='bbox 439 4615 641 4672; x_wconf 87' lang='lat' dir='ltr'><strong>eodem</strong></span> <span class='ocrx_word' id='word_1_647' title='bbox 686 4615 814 4670; x_wconf 90' lang='lat' dir='ltr'><strong>cod.</strong></span> <span class='ocrx_word' id='word_1_648' title='bbox 866 4607 1566 4701; x_wconf 12' lang='lat' dir='ltr'><strong>compendio,rrs)to‘6vtat</strong></span> <span class='ocrx_word' id='word_1_649' title='bbox 1618 4614 1709 4669; x_wconf 90' lang='lat' dir='ltr'><strong>ed.</strong></span> <span class='ocrx_word' id='word_1_650' title='bbox 1786 4614 1833 4647; x_wconf 73' lang='grc'><strong>³³</strong></span> <span class='ocrx_word' id='word_1_651' title='bbox 1878 4610 1913 4681; x_wconf 72' lang='grc' dir='ltr'><strong>ἢ</strong></span> <span class='ocrx_word' id='word_1_652' title='bbox 1960 4610 2017 4668; x_wconf 68' lang='grc' dir='ltr'>δὲ</span> <span class='ocrx_word' id='word_1_653' title='bbox 2054 4615 2145 4671; x_wconf 88' lang='lat' dir='ltr'><strong>ed.</strong></span> <span class='ocrx_word' id='word_1_654' title='bbox 2226 4614 2275 4651; x_wconf 83' lang='grc'><strong>²⁴</strong></span> <span class='ocrx_word' id='word_1_655' title='bbox 2320 4615 2632 4684; x_wconf 74' lang='grc' dir='ltr'>καθέζονται</span> <span class='ocrx_word' id='word_1_656' title='bbox 2686 4620 2813 4676; x_wconf 91' lang='lat' dir='ltr'><strong>cod.</strong></span> <span class='ocrx_word' id='word_1_657' title='bbox 2891 4622 2935 4657; x_wconf 78' lang='grc'>³⁵</span> <span class='ocrx_word' id='word_1_658' title='bbox 2982 4623 3201 4680; x_wconf 87' lang='lat' dir='ltr'><strong>Verba:</strong></span> <span class='ocrx_word' id='word_1_659' title='bbox 3235 4623 3287 4679; x_wconf 79' lang='grc' dir='ltr'>ἐν</span> <span class='ocrx_word' id='word_1_660' title='bbox 3318 4621 3660 4701; x_wconf 81' lang='grc' dir='ltr'>Βλαχέρναις</span> <span class='ocrx_word' id='word_1_661' title='bbox 3687 4639 3779 4670; x_wconf 85' lang='lat'><strong>—-&#39;</strong></span> 
     </span>
    </p>
   </div>
   <div class='ocr_carea' id='block_1_93' title="bbox 338 4700 1523 4781">
    <p class='ocr_par' dir='ltr' id='par_1_93' title="bbox 338 4700 1523 4781">
     <span class='ocr_line' id='line_1_94' title="bbox 338 4700 1523 4781; baseline 0 -23"><span class='ocrx_word' id='word_1_662' title='bbox 338 4702 637 4781; x_wconf 79' lang='grc' dir='ltr'>ἀπέρχεται</span> <span class='ocrx_word' id='word_1_663' title='bbox 668 4720 784 4761; x_wconf 89' lang='lat' dir='ltr'><strong>om.</strong></span> <span class='ocrx_word' id='word_1_664' title='bbox 818 4704 933 4770; x_wconf 87' lang='lat' dir='ltr'><strong>ed.,</strong></span> <span class='ocrx_word' id='word_1_665' title='bbox 962 4703 1121 4759; x_wconf 89' lang='lat' dir='ltr'><strong>addit</strong></span> <span class='ocrx_word' id='word_1_666' title='bbox 1152 4706 1218 4757; x_wconf 84' lang='lat' dir='ltr'><strong>R.</strong></span> <span class='ocrx_word' id='word_1_667' title='bbox 1254 4700 1311 4757; x_wconf 89' lang='lat' dir='ltr'><strong>in</strong></span> <span class='ocrx_word' id='word_1_668' title='bbox 1345 4702 1523 4758; x_wconf 91' lang='lat' dir='ltr'><strong>notis.</strong></span> 
     </span>
    </p>
   </div>
   <div class='ocr_carea' id='block_1_94' title="bbox 1407 4788 2685 4854">
    <p class='ocr_par' dir='ltr' id='par_1_94' title="bbox 1407 4788 2685 4854">
     <span class='ocr_line' id='line_1_95' title="bbox 1407 4788 2685 4854; baseline 0.006 -8"><span class='ocrx_word' id='word_1_669' title='bbox 1407 4790 1599 4849; x_wconf 85' lang='lat' dir='ltr'><strong>JOAN.</strong></span> <span class='ocrx_word' id='word_1_670' title='bbox 1637 4792 1782 4848; x_wconf 83' lang='lat' dir='ltr'><strong>JAC.</strong></span> <span class='ocrx_word' id='word_1_671' title='bbox 1824 4788 2084 4851; x_wconf 84' lang='lat' dir='ltr'><strong>RElSKlI</strong></span> <span class='ocrx_word' id='word_1_672' title='bbox 2122 4792 2685 4854; x_wconf 83' lang='lat' dir='ltr'><strong>COMMENTARIUS</strong></span> 
     </span>
    </p>
   </div>
   <div class='ocr_carea' id='block_1_95' title="bbox 410 4880 3751 4967">
    <p class='ocr_par' dir='ltr' id='par_1_95' title="bbox 410 4880 3751 4967">
     <span class='ocr_line' id='line_1_96' title="bbox 410 4880 3751 4967; baseline 0.003 -27"><span class='ocrx_word' id='word_1_673' title='bbox 410 4883 964 4967; x_wconf 41' lang='lat' dir='ltr'><strong>(5Q)nProcla\mabat</strong></span> <span class='ocrx_word' id='word_1_674' title='bbox 995 4898 1194 4967; x_wconf 45' lang='lat' dir='ltr'><strong>praeco.</strong></span> <span class='ocrx_word' id='word_1_675' title='bbox 1218 4881 1339 4937; x_wconf 68' lang='lat' dir='ltr'><strong>haec</strong></span> <span class='ocrx_word' id='word_1_676' title='bbox 1370 4880 1700 4967; x_wconf 38' lang='lat' dir='ltr'><strong>ipsa.verba</strong></span> <span class='ocrx_word' id='word_1_677' title='bbox 1729 4884 1901 4967; x_wconf 78' lang='lat' dir='ltr'><strong>etiam</strong></span> <span class='ocrx_word' id='word_1_678' title='bbox 1933 4886 1993 4941; x_wconf 92' lang='lat' dir='ltr'><strong>in</strong></span> <span class='ocrx_word' id='word_1_679' title='bbox 2027 4887 2072 4952; x_wconf 90' lang='lat' dir='ltr'><strong>D</strong></span> <span class='ocrx_word' id='word_1_680' title='bbox 2103 4882 2352 4967; x_wconf 73' lang='lat' dir='ltr'><strong>genibus</strong></span> <span class='ocrx_word' id='word_1_681' title='bbox 2386 4900 2583 4967; x_wconf 72' lang='lat' dir='ltr'><strong>preces</strong></span> <span class='ocrx_word' id='word_1_682' title='bbox 2604 4887 3120 4967; x_wconf 36' lang='lat' dir='ltr'><strong>.Dcoupersolvunt,</strong></span> <span class='ocrx_word' id='word_1_683' title='bbox 3153 4895 3254 4967; x_wconf 89' lang='lat' dir='ltr'><strong>qui</strong></span> <span class='ocrx_word' id='word_1_684' title='bbox 3285 4900 3383 4953; x_wconf 91' lang='lat' dir='ltr'><strong>aut</strong></span> <span class='ocrx_word' id='word_1_685' title='bbox 3410 4912 3527 4954; x_wconf 90' lang='lat' dir='ltr'><strong>non</strong></span> <span class='ocrx_word' id='word_1_686' title='bbox 3557 4899 3751 4956; x_wconf 79' lang='lat' dir='ltr'><strong>valent</strong></span> 
     </span>
    </p>
   </div>
   <div class='ocr_carea' id='block_1_96' title="bbox 342 4954 1994 5027">
    <p class='ocr_par' dir='ltr' id='par_1_96' title="bbox 342 4954 1994 5027">
     <span class='ocr_line' id='line_1_97' title="bbox 342 4954 1994 5027; baseline 0.001 -15"><span class='ocrx_word' id='word_1_687' title='bbox 342 4954 681 5026; x_wconf 77' lang='lat' dir='ltr'><strong>pontificum</strong></span> <span class='ocrx_word' id='word_1_688' title='bbox 734 4954 1129 5027; x_wconf 89' lang='lat' dir='ltr'><strong>Romanorum</strong></span> <span class='ocrx_word' id='word_1_689' title='bbox 1179 4954 1656 5027; x_wconf 80' lang='lat' dir='ltr'><strong>inauguratione,</strong></span> <span class='ocrx_word' id='word_1_690' title='bbox 1690 4961 1757 5011; x_wconf 90' lang='lat' dir='ltr'><strong>ut</strong></span> <span class='ocrx_word' id='word_1_691' title='bbox 1786 4954 1994 5027; x_wconf 82' lang='lat' dir='ltr'><strong>legisse</strong></span> 
     </span>
    </p>
   </div>
   <div class='ocr_carea' id='block_1_97' title="bbox 339 5020 1537 5099">
    <p class='ocr_par' dir='ltr' id='par_1_97' title="bbox 339 5020 1537 5099">
     <span class='ocr_line' id='line_1_98' title="bbox 339 5020 1537 5099; baseline 0 -15"><span class='ocrx_word' id='word_1_692' title='bbox 339 5020 400 5084; x_wconf 82' lang='lat' dir='ltr'><strong>in</strong></span> <span class='ocrx_word' id='word_1_693' title='bbox 433 5028 796 5084; x_wconf 91' lang='lat' dir='ltr'><strong>cerimoniali</strong></span> <span class='ocrx_word' id='word_1_694' title='bbox 828 5027 925 5082; x_wconf 88' lang='lat' dir='ltr'><strong>tali</strong></span> <span class='ocrx_word' id='word_1_695' title='bbox 960 5026 1215 5099; x_wconf 90' lang='lat' dir='ltr'><strong>quodam</strong></span> <span class='ocrx_word' id='word_1_696' title='bbox 1244 5020 1537 5084; x_wconf 51' lang='lat' dir='ltr'><strong>rec—ardor.</strong></span> 
     </span>
    </p>
   </div>
   <div class='ocr_carea' id='block_1_98' title="bbox 411 5099 1403 5172">
    <p class='ocr_par' dir='ltr' id='par_1_98' title="bbox 411 5099 1403 5172">
     <span class='ocr_line' id='line_1_99' title="bbox 411 5099 1403 5172; baseline -0.002 -18"><span class='ocrx_word' id='word_1_697' title='bbox 411 5101 524 5172; x_wconf 91' lang='grc'>(51)</span> <span class='ocrx_word' id='word_1_698' title='bbox 557 5103 721 5155; x_wconf 82' lang='lat' dir='ltr'><strong>Ratio</strong></span> <span class='ocrx_word' id='word_1_699' title='bbox 752 5100 969 5172; x_wconf 65' lang='lat' dir='ltr'><strong>lingua:</strong></span> <span class='ocrx_word' id='word_1_700' title='bbox 1002 5099 1220 5172; x_wconf 72' lang='lat' dir='ltr'><strong>ﬂagitat</strong></span> <span class='ocrx_word' id='word_1_701' title='bbox 1245 5099 1403 5172; x_wconf 67' lang='grc' dir='ltr'>Θεοῦ.</span> 
     </span>
    </p>
   </div>
   <div class='ocr_carea' id='block_1_99' title="bbox 410 5102 1988 5243">
    <p class='ocr_par' dir='ltr' id='par_1_99' title="bbox 410 5102 1988 5243">
     <span class='ocr_line' id='line_1_100' title="bbox 411 5102 1403 5172; baseline -0.002 -18"><span class='ocrx_word' id='word_1_702' title='bbox 411 5102 495 5172; x_wconf 91' lang='grc'><strong>(51</strong></span> <span class='ocrx_word' id='word_1_703' title='bbox 557 5103 721 5155; x_wconf 82' lang='lat' dir='ltr'><strong>Ratio</strong></span> <span class='ocrx_word' id='word_1_704' title='bbox 752 5102 966 5170; x_wconf 72' lang='lat' dir='ltr'><strong>lingua:</strong></span> <span class='ocrx_word' id='word_1_705' title='bbox 1002 5102 1220 5163; x_wconf 70' lang='lat' dir='ltr'><strong>ﬂagitat</strong></span> <span class='ocrx_word' id='word_1_706' title='bbox 1250 5102 1403 5152; x_wconf 85' lang='grc' dir='ltr'>Θεοῦ.</span> 
     </span>
     <span class='ocr_line' id='line_1_101' title="bbox 410 5102 1988 5243; baseline -0.001 -16"><span class='ocrx_word' id='word_1_707' title='bbox 410 5102 679 5242; x_wconf 61' lang='grc' dir='ltr'><strong>(52)]ιιω</strong></span> <span class='ocrx_word' id='word_1_708' title='bbox 732 5171 1041 5243; x_wconf 86' lang='lat' dir='ltr'><strong>aliquoties</strong></span> <span class='ocrx_word' id='word_1_709' title='bbox 1078 5168 1415 5243; x_wconf 86' lang='lat' dir='ltr'><strong>habuimus.</strong></span> <span class='ocrx_word' id='word_1_710' title='bbox 1469 5168 1650 5224; x_wconf 75' lang='lat' dir='ltr'><strong>missa:</strong></span> <span class='ocrx_word' id='word_1_711' title='bbox 1703 5168 1870 5240; x_wconf 78' lang='lat' dir='ltr'><strong>ﬁunt,</strong></span> <span class='ocrx_word' id='word_1_712' title='bbox 1930 5170 1988 5225; x_wconf 90' lang='lat' dir='ltr'><strong>id</strong></span> 
     </span>
    </p>
   </div>
   <div class='ocr_carea' id='block_1_100' title="bbox 340 5242 1986 5312">
    <p class='ocr_par' dir='ltr' id='par_1_100' title="bbox 340 5242 1986 5312">
     <span class='ocr_line' id='line_1_102' title="bbox 340 5242 1986 5312; baseline -0.001 -14"><span class='ocrx_word' id='word_1_713' title='bbox 340 5249 429 5299; x_wconf 87' lang='lat' dir='ltr'><strong>est</strong></span> <span class='ocrx_word' id='word_1_714' title='bbox 486 5244 836 5299; x_wconf 90' lang='lat' dir='ltr'><strong>consistoria</strong></span> <span class='ocrx_word' id='word_1_715' title='bbox 884 5257 1209 5312; x_wconf 87' lang='lat' dir='ltr'><strong>procerum,</strong></span> <span class='ocrx_word' id='word_1_716' title='bbox 1270 5242 1364 5310; x_wconf 91' lang='lat' dir='ltr'><strong>qui</strong></span> <span class='ocrx_word' id='word_1_717' title='bbox 1431 5245 1833 5309; x_wconf 88' lang='lat' dir='ltr'><strong>processerant</strong></span> <span class='ocrx_word' id='word_1_718' title='bbox 1888 5256 1986 5312; x_wconf 89' lang='lat' dir='ltr'><strong>seu</strong></span> 
     </span>
    </p>
   </div>
   <div class='ocr_carea' id='block_1_101' title="bbox 337 5311 1987 5382">
    <p class='ocr_par' dir='ltr' id='par_1_101' title="bbox 337 5311 1987 5382">
     <span class='ocr_line' id='line_1_103' title="bbox 337 5311 1987 5382; baseline -0.001 -14"><span class='ocrx_word' id='word_1_719' title='bbox 337 5313 397 5369; x_wconf 90' lang='lat' dir='ltr'><strong>in</strong></span> <span class='ocrx_word' id='word_1_720' title='bbox 431 5315 565 5369; x_wconf 89' lang='lat' dir='ltr'><strong>aula</strong></span> <span class='ocrx_word' id='word_1_721' title='bbox 613 5311 1019 5379; x_wconf 85' lang='lat' dir='ltr'><strong>convenerant,</strong></span> <span class='ocrx_word' id='word_1_722' title='bbox 1070 5313 1488 5377; x_wconf 84' lang='lat' dir='ltr'><strong>dimittuntur;</strong></span> <span class='ocrx_word' id='word_1_723' title='bbox 1531 5328 1647 5382; x_wconf 90' lang='lat' dir='ltr'><strong>quo</strong></span> <span class='ocrx_word' id='word_1_724' title='bbox 1680 5314 1849 5379; x_wconf 84' lang='lat' dir='ltr'><strong>facto,</strong></span> <span class='ocrx_word' id='word_1_725' title='bbox 1883 5311 1987 5367; x_wconf 89' lang='lat' dir='ltr'><strong>ab-</strong></span> 
     </span>
    </p>
   </div>
   <div class='ocr_carea' id='block_1_102' title="bbox 339 5383 1985 5509">
    <p class='ocr_par' dir='ltr' id='par_1_102' title="bbox 339 5383 1985 5509">
     <span class='ocr_line' id='line_1_104' title="bbox 339 5383 1985 5509; baseline -0.001 -69"><span class='ocrx_word' id='word_1_726' title='bbox 339 5391 482 5509; x_wconf 67' lang='lat' dir='ltr'><strong>eunlt</strong></span> <span class='ocrx_word' id='word_1_727' title='bbox 513 5385 718 5468; x_wconf 80' lang='lat' dir='ltr'><strong>aliqui,</strong></span> <span class='ocrx_word' id='word_1_728' title='bbox 749 5385 847 5441; x_wconf 90' lang='lat' dir='ltr'><strong>alii</strong></span> <span class='ocrx_word' id='word_1_729' title='bbox 879 5390 1138 5449; x_wconf 89' lang='lat' dir='ltr'><strong>manent,</strong></span> <span class='ocrx_word' id='word_1_730' title='bbox 1159 5384 1312 5456; x_wconf 84' lang='lat' dir='ltr'><strong>jussi</strong></span> <span class='ocrx_word' id='word_1_731' title='bbox 1345 5398 1552 5451; x_wconf 90' lang='lat' dir='ltr'><strong>nempe</strong></span> <span class='ocrx_word' id='word_1_732' title='bbox 1584 5399 1717 5437; x_wconf 90' lang='lat' dir='ltr'><strong>cum</strong></span> <span class='ocrx_word' id='word_1_733' title='bbox 1749 5383 1985 5439; x_wconf 91' lang='lat' dir='ltr'><strong>domino</strong></span> 
     </span>
     <span class='ocr_line' id='line_1_105' title="bbox 339 5472 579 5509; baseline 0 0"><span class='ocrx_word' id='word_1_734' title='bbox 339 5472 445 5509; x_wconf 83' lang='lat' dir='ltr'><strong>enu</strong></span> <span class='ocrx_word' id='word_1_735' title='bbox 476 5473 579 5509; x_wconf 83' lang='lat' dir='ltr'><strong>ari.</strong></span> 
     </span>
    </p>
   </div>
   <div class='ocr_carea' id='block_1_103' title="bbox 334 5472 579 5512">
    <p class='ocr_par' dir='ltr' id='par_1_103' title="bbox 334 5472 579 5512">
     <span class='ocr_line' id='line_1_106' title="bbox 334 5472 579 5512; baseline 0.004 -1"><span class='ocrx_word' id='word_1_736' title='bbox 334 5472 579 5512; x_wconf 71' lang='lat' dir='ltr'><strong>BDUIRPI.</strong></span> 
     </span>
    </p>
   </div>
   <div class='ocr_carea' id='block_1_104' title="bbox 369 5474 1982 5599">
    <p class='ocr_par' dir='ltr' id='par_1_104' title="bbox 369 5474 1982 5599">
     <span class='ocr_line' id='line_1_107' title="bbox 369 5474 1982 5599; baseline -0.012 -12"><span class='ocrx_word' id='word_1_737' title='bbox 369 5474 655 5599; x_wconf 56' lang='grc' dir='ltr'><strong>Ρῖέὲἷιὲει</strong></span> <span class='ocrx_word' id='word_1_738' title='bbox 701 5527 852 5584; x_wconf 84' lang='lat' dir='ltr'><strong>idem</strong></span> <span class='ocrx_word' id='word_1_739' title='bbox 893 5531 1069 5599; x_wconf 84' lang='lat' dir='ltr'><strong>atque</strong></span> <span class='ocrx_word' id='word_1_740' title='bbox 1115 5519 1536 5599; x_wconf 82' lang='grc' dir='ltr'>προσευχάδιον,</span> <span class='ocrx_word' id='word_1_741' title='bbox 1589 5539 1797 5594; x_wconf 76' lang='lat' dir='ltr'><strong>nempe</strong></span> <span class='ocrx_word' id='word_1_742' title='bbox 1854 5541 1982 5582; x_wconf 63' lang='grc' dir='ltr'><strong>εοά.</strong></span> 
     </span>
    </p>
   </div>
   <div class='ocr_carea' id='block_1_105' title="bbox 336 5595 1978 5672">
    <p class='ocr_par' dir='ltr' id='par_1_105' title="bbox 336 5595 1978 5672">
     <span class='ocr_line' id='line_1_108' title="bbox 336 5595 1978 5672; baseline 0 -19"><span class='ocrx_word' id='word_1_743' title='bbox 336 5595 577 5666; x_wconf 84' lang='lat' dir='ltr'><strong>bellum,</strong></span> <span class='ocrx_word' id='word_1_744' title='bbox 612 5598 781 5672; x_wconf 79' lang='lat' dir='ltr'><strong>quale</strong></span> <span class='ocrx_word' id='word_1_745' title='bbox 812 5595 1277 5672; x_wconf 11' lang='lat' dir='ltr'><strong>prazfixumg&#39;est</strong></span> <span class='ocrx_word' id='word_1_746' title='bbox 1308 5595 1585 5672; x_wconf 76' lang='lat' dir='ltr'><strong>altarium</strong></span> <span class='ocrx_word' id='word_1_747' title='bbox 1642 5602 1978 5672; x_wconf 74' lang='lat' dir='ltr'><strong>nostrorum</strong></span> 
     </span>
    </p>
   </div>
   <div class='ocr_carea' id='block_1_106' title="bbox 333 5668 1981 5743">
    <p class='ocr_par' dir='ltr' id='par_1_106' title="bbox 333 5668 1981 5743">
     <span class='ocr_line' id='line_1_109' title="bbox 333 5668 1981 5743; baseline -0.001 -16"><span class='ocrx_word' id='word_1_748' title='bbox 333 5668 931 5743; x_wconf 55' lang='grc' dir='ltr'>ιιωὺοουίπλαγίαις,</span> <span class='ocrx_word' id='word_1_749' title='bbox 964 5678 1041 5743; x_wconf 10' lang='lat' dir='ltr'><strong>et,</strong></span> <span class='ocrx_word' id='word_1_750' title='bbox 1070 5668 1177 5734; x_wconf 91' lang='lat' dir='ltr'><strong>illi,</strong></span> <span class='ocrx_word' id='word_1_751' title='bbox 1222 5668 1321 5724; x_wconf 90' lang='lat' dir='ltr'><strong>ubi</strong></span> <span class='ocrx_word' id='word_1_752' title='bbox 1370 5683 1582 5737; x_wconf 89' lang='lat' dir='ltr'><strong>corpus</strong></span> <span class='ocrx_word' id='word_1_753' title='bbox 1639 5668 1881 5743; x_wconf 68' lang='lat' dir='ltr'><strong>Christi,</strong></span> <span class='ocrx_word' id='word_1_754' title='bbox 1923 5673 1981 5743; x_wconf 85' lang='lat' dir='ltr'><strong>et</strong></span> 
     </span>
    </p>
   </div>
   <div class='ocr_carea' id='block_1_107' title="bbox 332 5740 1978 5815">
    <p class='ocr_par' dir='ltr' id='par_1_107' title="bbox 332 5740 1978 5815">
     <span class='ocr_line' id='line_1_110' title="bbox 332 5740 1978 5815; baseline -0.001 -16"><span class='ocrx_word' id='word_1_755' title='bbox 332 5742 439 5813; x_wconf 89' lang='lat' dir='ltr'><strong>illi,</strong></span> <span class='ocrx_word' id='word_1_756' title='bbox 471 5743 570 5800; x_wconf 91' lang='lat' dir='ltr'><strong>ubi</strong></span> <span class='ocrx_word' id='word_1_757' title='bbox 599 5740 840 5815; x_wconf 78' lang='lat' dir='ltr'><strong>sanguis</strong></span> <span class='ocrx_word' id='word_1_758' title='bbox 863 5743 989 5814; x_wconf 85' lang='lat' dir='ltr'><strong>ejus</strong></span> <span class='ocrx_word' id='word_1_759' title='bbox 1011 5740 1421 5813; x_wconf 83' lang='lat' dir='ltr'><strong>dispensatur;</strong></span> <span class='ocrx_word' id='word_1_760' title='bbox 1455 5755 1634 5813; x_wconf 86' lang='lat' dir='ltr'><strong>super</strong></span> <span class='ocrx_word' id='word_1_761' title='bbox 1663 5756 1781 5813; x_wconf 88' lang='lat' dir='ltr'><strong>quo</strong></span> <span class='ocrx_word' id='word_1_762' title='bbox 1812 5740 1978 5800; x_wconf 82' lang='lat' dir='ltr'><strong>ﬂexis</strong></span> 
     </span>
    </p>
   </div>
   <div class='ocr_carea' id='block_1_108' title="bbox 2103 4955 3749 5041">
    <p class='ocr_par' dir='ltr' id='par_1_108' title="bbox 2103 4955 3749 5041">
     <span class='ocr_line' id='line_1_111' title="bbox 2103 4955 3749 5041; baseline 0.01 -31"><span class='ocrx_word' id='word_1_763' title='bbox 2103 4955 2475 5041; x_wconf 55' lang='lat' dir='ltr'><strong>obcorporis</strong></span> <span class='ocrx_word' id='word_1_764' title='bbox 2518 4955 3206 5041; x_wconf 55' lang='lat' dir='ltr'><strong>imbecillitatemhumé</strong></span> <span class='ocrx_word' id='word_1_765' title='bbox 3243 4983 3306 5024; x_wconf 89' lang='lat' dir='ltr'><strong>se</strong></span> <span class='ocrx_word' id='word_1_766' title='bbox 3336 4974 3617 5041; x_wconf 88' lang='lat' dir='ltr'><strong>sternere,</strong></span> <span class='ocrx_word' id='word_1_767' title='bbox 3650 4955 3749 5027; x_wconf 80' lang='lat' dir='ltr'><strong>aut</strong></span> 
     </span>
    </p>
   </div>
   <div class='ocr_carea' id='block_1_109' title="bbox 2104 5028 3748 5111">
    <p class='ocr_par' dir='ltr' id='par_1_109' title="bbox 2104 5028 3748 5111">
     <span class='ocr_line' id='line_1_112' title="bbox 2104 5028 3748 5111; baseline 0.011 -30"><span class='ocrx_word' id='word_1_768' title='bbox 2104 5028 2703 5111; x_wconf 35' lang='lat' dir='ltr'><strong>qui‘salvaﬁignitate</strong></span> <span class='ocrx_word' id='word_1_769' title='bbox 2730 5050 2843 5090; x_wconf 93' lang='lat' dir='ltr'><strong>non</strong></span> <span class='ocrx_word' id='word_1_770' title='bbox 2885 5036 3440 5111; x_wconf 81' lang='lat' dir='ltr'><strong>a_uden_t._Typicum</strong></span> <span class='ocrx_word' id='word_1_771' title='bbox 3478 5028 3748 5098; x_wconf 54' lang='lat' dir='ltr'><strong>ms.&#39;Mo-</strong></span> 
     </span>
    </p>
   </div>
   <div class='ocr_carea' id='block_1_110' title="bbox 2101 5098 3748 5184">
    <p class='ocr_par' dir='ltr' id='par_1_110' title="bbox 2101 5098 3748 5184">
     <span class='ocr_line' id='line_1_113' title="bbox 2101 5098 3748 5184; baseline 0.01 -33"><span class='ocrx_word' id='word_1_772' title='bbox 2101 5100 2343 5184; x_wconf 64' lang='lat' dir='ltr'><strong>nasterii</strong></span> <span class='ocrx_word' id='word_1_773' title='bbox 2367 5098 2874 5184; x_wconf 69' lang='lat' dir='ltr'><strong>Kecharilomenes</strong></span> <span class='ocrx_word' id='word_1_774' title='bbox 2906 5107 3084 5184; x_wconf 76' lang='lat' dir='ltr'><strong>(apud</strong></span> <span class='ocrx_word' id='word_1_775' title='bbox 3126 5098 3232 5184; x_wconf 61' lang='lat' dir='ltr'><strong>Du&#39;</strong></span> <span class='ocrx_word' id='word_1_776' title='bbox 3253 5098 3446 5184; x_wconf 69' lang='lat' dir='ltr'><strong>Cange</strong></span> <span class='ocrx_word' id='word_1_777' title='bbox 3483 5128 3538 5169; x_wconf 93' lang='lat' dir='ltr'><strong>v.</strong></span> <span class='ocrx_word' id='word_1_778' title='bbox 3572 5116 3748 5177; x_wconf 83' lang='grc' dir='ltr'>Προσ-</span> 
     </span>
    </p>
   </div>
   <div class='ocr_carea' id='block_1_111' title="bbox 2101 5166 3751 5253">
    <p class='ocr_par' dir='ltr' id='par_1_111' title="bbox 2101 5166 3751 5253">
     <span class='ocr_line' id='line_1_114' title="bbox 2101 5166 3751 5253; baseline 0.012 -33"><span class='ocrx_word' id='word_1_779' title='bbox 2101 5166 2430 5253; x_wconf 59' lang='grc' dir='ltr'>ευχάδιονμ</span> <span class='ocrx_word' id='word_1_780' title='bbox 2470 5172 2605 5253; x_wconf 76' lang='grc' dir='ltr'><strong>μετά</strong></span> <span class='ocrx_word' id='word_1_781' title='bbox 2654 5176 2754 5253; x_wconf 80' lang='grc' dir='ltr'><strong>τῄν</strong></span> <span class='ocrx_word' id='word_1_782' title='bbox 2814 5166 2985 5253; x_wconf 58' lang='grc' dir='ltr'>εὐχῆν</span> <span class='ocrx_word' id='word_1_783' title='bbox 3027 5181 3267 5253; x_wconf 14' lang='grc' dir='ltr'>γᾼνεσθαι</span> <span class='ocrx_word' id='word_1_784' title='bbox 3500 5166 3751 5253; x_wconf 53' lang='grc' dir='ltr'>συνήθεις</span> 
     </span>
    </p>
   </div>
   <div class='ocr_carea' id='block_1_112' title="bbox 2138 5237 3753 5381">
    <p class='ocr_par' dir='ltr' id='par_1_112' title="bbox 2138 5237 3753 5381">
     <span class='ocr_line' id='line_1_115' title="bbox 2138 5237 3753 5381; baseline 0.014 -90"><span class='ocrx_word' id='word_1_785' title='bbox 2138 5237 2595 5330; x_wconf 46' lang='grc' dir='ltr'>ονὐκλισ’ίας¹’τὰς</span> <span class='ocrx_word' id='word_1_786' title='bbox 2656 5237 2751 5318; x_wconf 57' lang='grc' dir='ltr'><strong>μέν</strong></span> <span class='ocrx_word' id='word_1_787' title='bbox 2813 5237 3180 5325; x_wconf 54' lang='grc' dir='ltr'>δυνατωτέρας</span> <span class='ocrx_word' id='word_1_788' title='bbox 3238 5237 3753 5381; x_wconf 34' lang='grc' dir='ltr'><strong>ἓεοίιίωοηὶιίίθδέ</strong></span> 
     </span>
     <span class='ocr_line' id='line_1_116' title="bbox 2138 5317 3723 5381; baseline 0.011 -18"><span class='ocrx_word' id='word_1_789' title='bbox 2138 5330 2202 5364; x_wconf 88' lang='grc' dir='ltr'><strong>πο</strong></span> <span class='ocrx_word' id='word_1_790' title='bbox 2263 5331 2368 5381; x_wconf 89' lang='grc' dir='ltr'><strong>γης</strong></span> <span class='ocrx_word' id='word_1_791' title='bbox 2424 5335 2547 5371; x_wconf 84' lang='grc' dir='ltr'>ανευ</span> <span class='ocrx_word' id='word_1_792' title='bbox 2606 5317 3019 5381; x_wconf 82' lang='grc' dir='ltr'>προσευγαδίου</span> <span class='ocrx_word' id='word_1_793' title='bbox 3068 5322 3163 5379; x_wconf 78' lang='grc' dir='ltr'>τὰς</span> <span class='ocrx_word' id='word_1_794' title='bbox 3277 5326 3619 5381; x_wconf 74' lang='grc' dir='ltr'>σθινεστέοας</span> <span class='ocrx_word' id='word_1_795' title='bbox 3696 5324 3723 5381; x_wconf 90' lang='grc' dir='ltr'><strong>δ</strong></span> 
     </span>
    </p>
   </div>
   <div class='ocr_carea' id='block_1_113' title="bbox 2132 5312 3723 5402">
    <p class='ocr_par' dir='ltr' id='par_1_113' title="bbox 2132 5312 3723 5402">
     <span class='ocr_line' id='line_1_117' title="bbox 2132 5312 3723 5402; baseline 0.011 -39"><span class='ocrx_word' id='word_1_796' title='bbox 2132 5312 2202 5402; x_wconf 62' lang='grc' dir='ltr'><strong>πρ</strong></span> <span class='ocrx_word' id='word_1_797' title='bbox 2263 5317 2371 5401; x_wconf 66' lang='grc' dir='ltr'><strong>γῆς</strong></span> <span class='ocrx_word' id='word_1_798' title='bbox 2424 5312 2547 5371; x_wconf 77' lang='grc' dir='ltr'>ἄνευ</span> <span class='ocrx_word' id='word_1_799' title='bbox 2606 5312 3019 5402; x_wconf 76' lang='grc' dir='ltr'>προσευχαδίου</span> <span class='ocrx_word' id='word_1_800' title='bbox 3068 5312 3175 5379; x_wconf 73' lang='grc' dir='ltr'>τὰς</span> <span class='ocrx_word' id='word_1_801' title='bbox 3238 5312 3619 5402; x_wconf 74' lang='grc' dir='ltr'>ἇσθινεστέρας</span> <span class='ocrx_word' id='word_1_802' title='bbox 3649 5312 3723 5402; x_wconf 63' lang='grc' dir='ltr'><strong>⁸δ</strong></span> 
     </span>
    </p>
   </div>
   <div class='ocr_carea' id='block_1_114' title="bbox 2094 5391 3756 5472">
    <p class='ocr_par' dir='ltr' id='par_1_114' title="bbox 2094 5391 3756 5472">
     <span class='ocr_line' id='line_1_118' title="bbox 2094 5391 3756 5472; baseline 0.01 -35"><span class='ocrx_word' id='word_1_803' title='bbox 2094 5391 2185 5437; x_wconf 87' lang='grc' dir='ltr'><strong>καί</strong></span> <span class='ocrx_word' id='word_1_804' title='bbox 2249 5391 2384 5472; x_wconf 50' lang='grc' dir='ltr'>μετα</span> <span class='ocrx_word' id='word_1_805' title='bbox 2421 5407 2589 5472; x_wconf 44' lang='grc' dir='ltr'>,τινος</span> <span class='ocrx_word' id='word_1_806' title='bbox 2646 5391 3122 5472; x_wconf 72' lang='grc' dir='ltr'>ὑποστηρίγματος</span> <span class='ocrx_word' id='word_1_807' title='bbox 3184 5400 3444 5451; x_wconf 86' lang='grc' dir='ltr'>ταπεινοῦ</span> <span class='ocrx_word' id='word_1_808' title='bbox 3499 5391 3590 5452; x_wconf 71' lang='grc' dir='ltr'><strong>καί</strong></span> <span class='ocrx_word' id='word_1_809' title='bbox 3643 5399 3756 5472; x_wconf 80' lang='grc' dir='ltr'><strong>βή-</strong></span> 
     </span>
    </p>
   </div>
   <div class='ocr_carea' id='block_1_115' title="bbox 2098 5457 3757 5542">
    <p class='ocr_par' dir='ltr' id='par_1_115' title="bbox 2098 5457 3757 5542">
     <span class='ocr_line' id='line_1_119' title="bbox 2098 5457 3757 5542; baseline 0.013 -35"><span class='ocrx_word' id='word_1_810' title='bbox 2098 5457 2757 5542; x_wconf 36' lang='grc' dir='ltr'>ματοςηςζειὶιιᾳυοουθ</span> <span class='ocrx_word' id='word_1_811' title='bbox 2789 5457 3047 5542; x_wconf 66' lang='grc' dir='ltr'><strong>ερἑῴξιια</strong></span> <span class='ocrx_word' id='word_1_812' title='bbox 3080 5470 3457 5542; x_wconf 81' lang='lat' dir='ltr'><strong>suppedanea</strong></span> <span class='ocrx_word' id='word_1_813' title='bbox 3488 5457 3757 5528; x_wconf 66' lang='lat' dir='ltr'><strong>serviunt</strong></span> 
     </span>
    </p>
   </div>
   <div class='ocr_carea' id='block_1_116' title="bbox 2095 5529 3752 5614">
    <p class='ocr_par' dir='ltr' id='par_1_116' title="bbox 2095 5529 3752 5614">
     <span class='ocr_line' id='line_1_120' title="bbox 2095 5529 3752 5614; baseline 0.011 -33"><span class='ocrx_word' id='word_1_814' title='bbox 2095 5529 2461 5614; x_wconf 77' lang='lat' dir='ltr'><strong>nostratibus</strong></span> <span class='ocrx_word' id='word_1_815' title='bbox 2490 5529 2555 5587; x_wconf 75' lang='lat' dir='ltr'><strong>in</strong></span> <span class='ocrx_word' id='word_1_816' title='bbox 2580 5529 3072 5614; x_wconf 67' lang='lat' dir='ltr'><strong>confessionibus,</strong></span> <span class='ocrx_word' id='word_1_817' title='bbox 3099 5529 3171 5594; x_wconf 56' lang='lat' dir='ltr'><strong>ut&#39;</strong></span> <span class='ocrx_word' id='word_1_818' title='bbox 3192 5529 3311 5597; x_wconf 85' lang='lat' dir='ltr'><strong>illis</strong></span> <span class='ocrx_word' id='word_1_819' title='bbox 3338 5557 3527 5614; x_wconf 84' lang='lat' dir='ltr'><strong>genua</strong></span> <span class='ocrx_word' id='word_1_820' title='bbox 3562 5543 3752 5614; x_wconf 85' lang='lat' dir='ltr'><strong>impo-</strong></span> 
     </span>
    </p>
   </div>
   <div class='ocr_carea' id='block_1_117' title="bbox 2093 5604 3747 5684">
    <p class='ocr_par' dir='ltr' id='par_1_117' title="bbox 2093 5604 3747 5684">
     <span class='ocr_line' id='line_1_121' title="bbox 2093 5604 3747 5684; baseline 0.011 -31"><span class='ocrx_word' id='word_1_821' title='bbox 2093 5604 2238 5684; x_wconf 68' lang='lat' dir='ltr'><strong>nant</strong></span> <span class='ocrx_word' id='word_1_822' title='bbox 2279 5616 2472 5684; x_wconf 69' lang='lat' dir='ltr'><strong>coram</strong></span> <span class='ocrx_word' id='word_1_823' title='bbox 2523 5608 2982 5684; x_wconf 77' lang='lat' dir='ltr'><strong>confessionario</strong></span> <span class='ocrx_word' id='word_1_824' title='bbox 3039 5624 3144 5684; x_wconf 86' lang='lat' dir='ltr'><strong>suo</strong></span> <span class='ocrx_word' id='word_1_825' title='bbox 3194 5604 3593 5684; x_wconf 72' lang='lat' dir='ltr'><strong>paenitentiam</strong></span> <span class='ocrx_word' id='word_1_826' title='bbox 3652 5604 3747 5671; x_wconf 72' lang='grc' dir='ltr'><strong>’ἰα-</strong></span> 
     </span>
    </p>
   </div>
   <div class='ocr_carea' id='block_1_118' title="bbox 2092 5676 3746 5759">
    <p class='ocr_par' dir='ltr' id='par_1_118' title="bbox 2092 5676 3746 5759">
     <span class='ocr_line' id='line_1_122' title="bbox 2092 5676 3746 5759; baseline 0.011 -34"><span class='ocrx_word' id='word_1_827' title='bbox 2092 5676 2350 5759; x_wconf 64' lang='lat' dir='ltr'><strong>cientes;</strong></span> <span class='ocrx_word' id='word_1_828' title='bbox 2379 5676 2523 5759; x_wconf 75' lang='lat' dir='ltr'><strong>item</strong></span> <span class='ocrx_word' id='word_1_829' title='bbox 2574 5677 2631 5759; x_wconf 76' lang='lat' dir='ltr'><strong>in</strong></span> <span class='ocrx_word' id='word_1_830' title='bbox 2677 5680 2886 5759; x_wconf 79' lang='lat' dir='ltr'><strong>diebus</strong></span> <span class='ocrx_word' id='word_1_831' title='bbox 2912 5676 3435 5759; x_wconf 58' lang='lat' dir='ltr'><strong>_poauite_n&#39;tialibus</strong></span> <span class='ocrx_word' id='word_1_832' title='bbox 3468 5685 3746 5759; x_wconf 77' lang='lat' dir='ltr'><strong>publicis,</strong></span> 
     </span>
    </p>
   </div>
   <div class='ocr_carea' id='block_1_119' title="bbox 2092 5744 3741 5832">
    <p class='ocr_par' dir='ltr' id='par_1_119' title="bbox 2092 5744 3741 5832">
     <span class='ocr_line' id='line_1_123' title="bbox 2092 5744 3741 5832; baseline 0.01 -33"><span class='ocrx_word' id='word_1_833' title='bbox 2092 5744 2330 5815; x_wconf 86' lang='lat' dir='ltr'><strong>quando</strong></span> <span class='ocrx_word' id='word_1_834' title='bbox 2362 5745 2659 5805; x_wconf 89' lang='lat' dir='ltr'><strong>dominica</strong></span> <span class='ocrx_word' id='word_1_835' title='bbox 2691 5751 2876 5807; x_wconf 87' lang='lat' dir='ltr'><strong>oratio</strong></span> <span class='ocrx_word' id='word_1_836' title='bbox 2908 5744 2967 5807; x_wconf 78' lang='lat' dir='ltr'><strong>in</strong></span> <span class='ocrx_word' id='word_1_837' title='bbox 2998 5753 3265 5821; x_wconf 75' lang='lat' dir='ltr'><strong>gentibus</strong></span> <span class='ocrx_word' id='word_1_838' title='bbox 3294 5771 3329 5812; x_wconf 90' lang='lat' dir='ltr'><strong>a</strong></span> <span class='ocrx_word' id='word_1_839' title='bbox 3359 5744 3487 5814; x_wconf 72' lang='lat' dir='ltr'><strong>toto</strong></span> <span class='ocrx_word' id='word_1_840' title='bbox 3521 5744 3741 5832; x_wconf 74' lang='lat' dir='ltr'><strong>populo</strong></span> 
     </span>
    </p>
   </div>
  </div>
