4158 6212
346 377 463 437 495

1210 375 1310 434 DE
1351 351 1818 436 CERIMONIIS
1864 370 2100 432 auus
2141 373 2610 434 BYZANTlN/E
2655 374 2802 436 [ΑΒ.
2851 379 2899 436 1.

3631 384 3754 445 426

348 499 726 581 χρυσόταϐλα.
760 502 867 560 Καὶ
896 499 1300 567 καταλαϐόντος
1328 508 1426 561 τοῦ
1483 508 1696 582 κοιροῦ,
1728 498 1994 580 περιϐαλ-
2024 553 2032 572 ,

2121 504 2374 564 stitutum
2407 507 2632 578 patricii
2663 512 2722 563 et
2750 508 2989 580 strategi
3011 509 3326 582 excipiunt,
3360 515 3418 569 et
3446 521 3754 588 postquam

350 593 582 668 λόμενος
616 595 645 648 6
688 592 946 667 βασιλεὺς
1004 589 1325 665 διϐητήσιον
1385 596 1448 651 τὸ
1500 595 1738 669 παγανὸν
1769 596 1880 666 (65)
1911 593 1998 648 καὶ

350 681 591 762 χλανίδα
645 685 736 739 τὸν
786 684 1060 759 όψίμαρον
1099 687 1237 758 (66),
1285 686 1374 740 καὶ
1428 682 1855 762 δηριγευόμενος
1897 681 2001 737 ὑπό

347 794 407 829 τε
451 777 560 828 τῶν
611 775 987 848 πραιποσίτων
1029 775 1120 830 καὶ
1154 774 1366 830 λοιπῶν
1397 775 1684 850 ἂρχόντων
1731 777 1828 828 106
1872 792 2001 842 κουέ

350 858 668 934 ϐουκλείου,
701 861 978 939 διέρχεται
1012 861 1102 919 διά
1129 885 1187 920 τε
1241 869 1339 920 τοῦ
1385 862 1729 941 αὐγουστέως
1775 862 1865 918 καὶ
1912 862 2004 917 τὸν

2111 593 2172 650 in
2216 599 2434 651 terram
2483 598 2863 669 procubuere,
2897 601 3240 672 praepositus
3285 604 3691 681 cerimoniario
3722 624 3758 665 a

2113 684 2384 741 mandato
2416 685 2651 758 signum
2681 687 2800 753 dat,
2825 687 2874 744 is
2903 688 3045 745 dicit
3071 705 3085 744 :
3121 712 3149 741 ‹‹
3179 691 3401 759 Jubote,
3432 713 3461 744 n
3493 693 3609 766 ipsi
3642 695 3759 753 im-

2113 775 2368 847 peratori
2415 780 2845 848 apprecantur:
2897 777 3024 836 «In
3076 778 3256 838 multa
3304 782 3572 856 bonaque
3615 793 3766 842 tem-

2115 879 2277 936 pora,
2309 869 2422 920 etc.
2460 886 2488 914 »

350 957 558 1020 στενοῦ,
618 951 784 1029 ἤγουν
842 960 941 1022 τῆς
1002 961 1213 1029 χρυσῆς
1279 955 1486 1030 χειρὸς,
1544 954 1632 1009 καὶ
1712 951 2008 1031 ἀπέρχεται
2065 951 2141 1016 εἷς
2216 952 2307 1007 τὸν
2376 949 2636 1021 ὀνόποδα,
2686 956 2776 1010 καὶ
2827 955 3048 1020 στάντος
3114 958 3283 1014 αὐτοῦ
3340 959 3392 1015 ἰν
3451 963 3519 1034 τῇ
3579 962 3766 1038 χαλκῇ

351 1041 499 1117 πύλῃ
556 1047 652 1099 106
707 1043 994 1116 όνόποδος,
1046 1042 1299 1120 δέχονται
1361 1044 1518 1100 αὐτὸν
1579 1043 1750 1100 ἐκεῖσε
1797 1041 2072 1117 πατρίκιοι
2130 1041 2218 1096 καὶ
2277 1043 2596 1120 στρατηγοὶ,
2655 1046 2744 1100 καὶ
2801 1049 3070 1103 πεσόντων
3119 1049 3259 1105 νεύει
3317 1051 3346 1105 6
3407 1051 3765 1126 πραιπόσιτος

353 1137 432 1206 τῷ
480 1140 580 1203 τῆς
651 1135 1025 1198 καταστάσεως
1070 1135 1178 1191 ἀπὸ
1252 1135 1571 1204 κελεύσεως,
1621 1134 1711 1189 καὶ
1776 1131 1942 1209 λέγει,
2003 1156 2030 1182 ‹‹

361 1249 380 1275 ι
415 1223 510 1287 Εἷς
542 1223 790 1288 πολλοὺς
821 1227 911 1281 καὶ
944 1225 1175 1303 ἀγαθοὺς
1206 1227 1459 1302 χρόνους.
1496 1252 1519 1282 ι

425 1319 498 1372 B'.
534 1316 633 1372 Καὶ
700 1314 1118 1393 δηριγευόμενος
1175 1319 1267 1373 ὑπ’
1325 1317 1502 1373 αὐτῶν
1561 1317 1802 1384 πάντων,
1851 1313 2005 1388 ἐξέρ-

356 1425 515 1484 χεται
557 1404 611 1460 ἐν
667 1411 744 1478 τῷ
799 1406 1200 1480 κονσιστωρίῳ,
1259 1409 1350 1462 καὶ
1410 1407 1634 1468 στάντος
1683 1404 1736 1460 ἐν
1785 1409 1864 1476 τῷ
1909 1423 2006 1458 κα-

361 1494 639 1568 μελαυκίῳ
669 1494 757 1550 ἐπὶ
795 1501 896 1551 106
945 1500 1228 1576 πορφυροῧ
1282 1495 1463 1563 λίθου,
1507 1497 1797 1551 πίπτουσιν
1852 1490 2006 1557 αὖθις

359 1585 412 1640 οἱ
465 1587 742 1660 πατρίκιοι
793 1587 881 1642 καὶ
927 1589 962 1657 ἡ
1011 1585 1341 1661 σύγκλητος,
1373 1587 1463 1642 καὶ
1522 1582 1708 1643 λαϐὼν
1759 1589 1930 1659 νεῦμα
1979 1582 2008 1637 6

356 1675 712 1750 πραιπόσιτος
746 1675 891 1750 παρὰ
941 1681 1037 1731 τοῦ
1091 1675 1382 1752 βασιλέως,
1426 1676 1564 1731 νεύει
1611 1679 1691 1748 τῷ
1740 1675 2009 1731 σιλεντια-

357 1766 482 1840 ρίῳ,
512 1767 761 1827 κάκεῖνος
823 1763 966 1841 λέγει
993 1784 1006 1797 ’
1044 1790 1072 1817 ι(
1106 1765 1410 1822 Κελεύσατε
1433 1785 1446 1799 ο
1484 1789 1510 1816 ››
1541 1764 1697 1821 αὐτοὶ
1753 1761 1810 1819 δὲ
1844 1765 2006 1838 ὑπερ-

359 1851 616 1926 εύχονται
673 1854 764 1909 τὸν
819 1854 1085 1930 βασιλέαο
1120 1878 1148 1906 ‹‹
1183 1854 1276 1916 Εἷς
1336 1853 1583 1916 πολλοὺς
1630 1853 1718 1908 καὶ
1777 1853 2010 1926 ἀγαθοὺς

359 1943 619 2016 χρόνους.
658 1968 685 1994 ››
720 1945 972 2007 Κάκεῖθεν
1005 1941 1436 2021 δηριγευόμενος
1497 1943 1599 1998 ὑπὸ
1653 1943 1865 1997 πάντων
1913 1941 2010 1996 αὖ·

355 2036 486 2101 τῶν,
519 2031 798 2108 διέρχεται
860 2029 948 2086 διά
1001 2053 1060 2088 τε
1113 2037 1220 2087 τὼν
1283 2035 1327 2069 ²⁸
1375 2028 1700 2103 έξκουὸίτων
1753 2031 1841 2086 καὶ
1903 2033 2009 2084 τῶν

361 2121 616 2201 σχολῶν,
665 2123 757 2178 καὶ
810 2122 1086 2198 ἐξέρχεται
1139 2119 1229 2176 διὰ
1272 2129 1375 2191 τῆς
1427 2127 1625 2195 μικρᾶς
1674 2119 1858 2191 πύλης
1913 2121 2012 2188 τῆς

355 2211 583 2287 χαλκῆς
615 2214 662 2248 ²⁹
689 2215 786 2267 106
821 2217 1013 2287 χυτοῦ,
1044 2211 1133 2268 καὶ
1173 2211 1468 2288 διπέρχεται
1522 2208 1686 2286 μέχρι
1718 2214 1814 2265 τοῦ
1859 2209 2013 2284 ἁγίου

358 2302 610 2380 φρέατος.
647 2302 731 2358 Τὰ
785 2298 843 2356 δὲ
891 2301 1031 2377 μέρη
1083 2298 1339 2377 δέχονται
1376 2301 1468 2356 τὸν
1514 2298 1742 2368 βασιλέα
1794 2296 1845 2354 ἒν
1891 2303 2011 2360 ταῖς

362 2391 606 2446 στάσεσιν
663 2390 858 2459 αὐτῶν,
909 2391 1268 2472 σφραγίζοντα
1317 2392 1407 2445 τὸν
1476 2389 1704 2466 βασιλέα
1766 2388 1856 2444 καὶ
1909 2387 2014 2463 μό-

365 2501 476 2550 νον,
509 2479 728 2558 λέγουσι
763 2478 820 2536 δὲ
847 2482 938 2536 καὶ
988 2481 1040 2536 oi
1088 2489 1334 2556 νοταριοι
1369 2481 1457 2535 καὶ
1502 2481 1552 2535 οἱ
1599 2477 1907 2555 μα’ίστορες,
1940 2481 2015 2540 ὡς

362 2567 591 2634 εἴθισται
623 2571 830 2634 αὐτοῖς,
861 2569 987 2634 τοὺς
1038 2566 1292 2644 ἰάμϐους.
1325 2570 1382 2624 Ὀ
1432 2569 1488 2624 δὲ
1536 2569 1788 2645 βασιλεὺς
1836 2566 2014 2624 εἰσελ-

365 2660 472 2724 θὼν
527 2658 578 2714 ἐν
638 2664 718 2730 τῷ
777 2658 919 2735 άγίῳ
967 2661 1154 2737 φρέατι
1202 2665 1294 2714 καῖ
1341 2659 1480 2733 ἅψας
1533 2657 1758 2734 κηροὺς,
1795 2654 2012 2732 δέχεται

364 2750 511 2825 παρᾶ
555 2753 652 2804 106
683 2769 1029 2824 πατριαρχου
1070 2746 1121 2803 ἒν
1163 2749 1242 2821 τῷ
1293 2748 1436 2824 ἁγίῳ
1480 2748 1690 2826 φρέατι,
1721 2747 1810 2802 καὶ
1842 2767 2015 2819 προσ-

360 2839 688 2909 κυνήσαντες
762 2838 1064 2918 ἀμφότεροι
1123 2836 1412 2909 ἀλλήλους
1471 2837 1561 2892 καὶ
1619 2838 2012 2910 ἀσπασάμενοι,

361 2925 702 3003 εἰσέρχονται
738 2925 814 2990 εἷς
839 2930 929 2983 τὸν
979 2927 1129 2996 ναὸν,
1161 2927 1251 2982 καὶ
1308 2925 1635 2988 ἀπελθόντες
1687 2924 1850 3000 μέχρι
1903 2929 2009 2980 τῶν

363 3018 529 3093 ἁγίων
591 3020 791 3093 θυρῶν,
841 3019 869 3073 6
914 3017 1008 3090 μὲν
1065 3015 1412 3092 πατριάρχης
1463 3015 1770 3094 εἰσέρχεται
1817 3015 1893 3076 εἷς
1948 3015 2011 3071 τὸ

364 3109 775 3180 θυσιαστήριον,
835 3108 862 3162 ὁ
921 3105 978 3162 δὲ
1029 3104 1309 3181 βασιλεὺς,
1369 3106 1496 3170 στὰς
1543 3104 1843 3181 ἔμπροσθεν
1903 3109 2010 3160 τῶν

2040 1817 2087 1882 Β

2103 1130 2433 1188 Κελεύσατε·
2497 1157 2526 1185 ››
2585 1134 2673 1190 καὶ
2721 1135 2874 1192 αὐτοὶ
2937 1138 3328 1216 ὑπερεύχονται
3385 1142 3476 1198 τὸν
3530 1141 3762 1216 βασιλέα

2188 1315 2260 1372 Il.
2307 1317 2522 1375 Deinde
2561 1319 2632 1376 ab
2677 1319 2770 1376 his
2819 1321 3092 1379 omnibus
3136 1324 3407 1396 stipatus,
3451 1327 3523 1384 ad
3569 1327 3766 1385 consi-

2117 1406 2364 1461 storium
2379 1407 2674 1471 abin“)!
2694 1417 2750 1466 et
2769 1410 3034 1467 dumsub
3059 1412 3417 1470 camelaucio
3435 1415 3494 1470 in
3522 1417 3766 1490 porphy-

2119 1494 2298 1550 retico
2333 1495 2520 1568 lapide
2550 1503 2688 1566 stat,
2723 1516 2931 1556 rursus
2961 1501 3187 1572 patricii
3221 1508 3279 1559 et
3307 1509 3604 1562 senatores
3638 1521 3769 1577 pro-

2118 1583 2406 1654 cidunt,et
2436 1593 2746 1660 postquam
2772 1591 3116 1662 praepositus
3145 1593 3381 1664 signum
3414 1593 3486 1649 ab
3521 1595 3766 1666 impera-

2125 1681 2243 1730 torc
2273 1677 2843 1746 accepit,silentiario
2875 1681 3210 1750 annuit,qui
3241 1681 3414 1739 dicit:
3442 1683 3763 1751 «Jubete,»

2117 1765 2309 1821 caeteri
2358 1766 2608 1822 faustum
2643 1784 2710 1824 ac
2749 1769 3096 1826 diuturnum
3146 1770 3459 1843 imperium
3517 1772 3766 1844 principi

2119 1861 2523 1924 apprecantur.
2561 1857 2720 1926 lnde,
2755 1858 2848 1914 his
2879 1860 3156 1916 omnibus
3187 1861 3629 1927 comitantibus,
3663 1878 3768 1934 per

2117 1945 2394 2000 excubias
2425 1947 2774 2020 scholasque
2805 1949 3257 2023 transit,perque
3281 1968 3514 2023 parvam
3546 1967 3765 2007 aeneam

2122 2039 2348 2103 portam
2381 2036 2536 2106 cbyti
2567 2036 2642 2091 ad
2684 2047 2953 2094 sanctum
2988 2052 3231 2111 puteum
3254 2041 3430 2096 venit.
3459 2041 3764 2097 Factiones

2122 2119 2530 2191 imperatorem
2564 2125 2621 2178 in
2655 2126 2780 2180 suis
2811 2128 3162 2183 stationibus
3193 2129 3512 2200 accipiunt,
3547 2137 3604 2186 et
3633 2140 3766 2186 tan-

2123 2212 2246 2264 tum
2279 2226 2447 2266 cruce
2477 2211 2954 2282 signant,notarii
2986 2232 3117 2271 vero
3147 2223 3205 2271 et
3237 2217 3592 2288 magistri,ut
3620 2218 3766 2286 ipsis

2124 2315 2248 2354 mos
2277 2305 2386 2368 est,
2410 2300 2636 2356 iambos
2659 2302 3254 2375 recitant.Imperator
3273 2322 3502 2361 sacrum
3526 2310 3767 2377 puteum

2123 2388 2650 2461 ingressus,cereos
2682 2394 3032 2460 accendit,et
3061 2411 3094 2450 a
3118 2395 3442 2467 patriarcha
3471 2395 3530 2451 in
3563 2400 3767 2452 sancto

2125 2490 2298 2555 puteo
2329 2483 2629 2554 excipitur,
2663 2484 2784 2553 ubi,
2835 2491 3142 2558 postquam
3180 2501 3244 2541 se
3279 2485 3526 2542 invicem
3560 2486 3766 2543 adora-

2125 2577 2262 2627 runt
2291 2589 2358 2628 ac
2387 2573 2742 2640 salutarunt,
2779 2573 3063 2644 templum
3099 2576 3406 2644 intrant,et
3435 2576 3503 2632 ad
3536 2579 3768 2632 sanctas

2114 2661 2332 2731 januas
2364 2663 2674 2734 progressi,
2709 2661 3042 2734 patriarcha
3071 2665 3391 2720 sacrarium
3427 2665 3622 2720 intrat.
3649 2664 3767 2721 Im-

2124 2757 2354 2822 perator
2384 2749 2456 2806 ad
2489 2767 2686 2806 sacras
2706 2751 2922 2822 januas
2952 2752 3536 2818 constitutus,cereos
3569 2769 3767 2810 accen-

2123 2840 2228 2908 dit,
2259 2844 2316 2895 et
2343 2847 2616 2911 precatus
2645 2841 2969 2897 sacrarium
3019 2843 3218 2912 intrat,
3252 2847 3591 2914 mutatoque
3616 2842 3767 2899 sacri

2121 2931 2322 2988 altaris
2355 2934 2624 2999 instrato,
2655 2951 2688 2989 a
2711 2935 3019 3005 praposito
3040 2939 3275 2990 centum
3306 2935 3486 2990 libras
3516 2936 3642 2991 auri
3672 2951 3765 2992 su-

2124 3023 2250 3084 mit,
2286 3021 2387 3093 qui
2417 3039 2516 3078 eas
2548 3024 2606 3077 in
2632 3024 2815 3094 gradu
2847 3025 3096 3092 ponit,in
3131 3039 3248 3095 quo
3280 3024 3598 3094 imperator
3625 3029 3765 3092 stat,

2125 3126 2392 3181 novoque
2412 3110 2655 3166 instrato
2681 3110 3137 3182 imposito,aliud
3171 3111 3763 3182 apocombium,quod

365 3195 539 3271 ἁγίων
588 3199 781 3272 θυρῶν,
827 3195 917 3252 καὶ
962 3196 1100 3270 ἅψας
1135 3194 1346 3270 κηροὺσ
1391 3194 1481 3250 καὶ
1526 3194 1838 3267 εὐξάμενος,
1900 3193 2009 3248 εἰσ·-

2121 3204 2177 3257 et
2206 3200 2404 3273 ipsum
2437 3199 2759 3256 admodum
2791 3199 3111 3271 pretiosum
3141 3203 3291 3264 est,a
3322 3200 3631 3272 preposito
3663 3217 3766 3256 su-

367 3287 588 3362 έρχεται
637 3287 713 3350 εἷς
758 3288 822 3343 τὸ
870 3287 1274 3360 θυσιαστήριον,
1308 3284 1396 3340 καὶ
1460 3285 1591 3358 μετὰ
1637 3285 1700 3340 τὸ
1761 3281 2010 3339 ὑπαλλά-

365 3377 451 3446 ξαι
505 3379 606 3447 τήν
665 3377 816 3453 ἁγίαν
876 3375 1139 3451 τράπεζαν
1197 3375 1292 3439 τὰς
1324 3374 1491 3444 αὐτῆς
1519 3371 1756 3444 ἐνδυτᾶς,
1791 3369 2007 3446 λαμϐά-

364 3487 438 3522 νει
497 3467 642 3542 παρὰ
696 3471 793 3522 106
849 3466 1216 3542 πραιποσίτου
1273 3466 1502 3541 χρυσίου
1570 3463 1757 3538 λίτρας
1818 3465 1884 3536 ρ’,
1915 3463 2005 3519 καὶ

362 3557 575 3629 τίθησιν
614 3556 776 3619 αύτάς
822 3556 899 3621 εἲς
939 3558 1041 3626 τὴν
1088 3557 1247 3632 ἁγίαν
1301 3554 1568 3632 τράπεζαν
1605 3553 1657 3610 ἐν
1683 3558 1762 3626 τῷ
1813 3555 2008 3629 βασμι-

365 3644 487 3719 δίῳ,
522 3645 575 3700 ἐν
629 3647 674 3719 ᾧ
725 3647 752 3702 6
786 3644 1043 3722 βασιλεὺς
1095 3647 1330 3716 ἵσταται,
1361 3646 1451 3700 καὶ
1508 3644 1666 3715 ἡνίκα
1725 3641 2010 3718 ὑπαλλάξῃ

362 3737 460 3806 τήν
529 3736 683 3811 ἁγίαν
759 3738 1053 3812 τράπεζαν,
1113 3731 1300 3790 λαϐὼν
1381 3729 1730 3808 ἀποκόμόιον
1802 3730 2006 3808 ἕτερον,

362 3822 495 3905 ἕχον
551 3828 642 3881 καὶ
702 3825 828 3881 αότὸ
887 3828 1153 3902 χρήματα
1181 3822 1490 3898 πάμπολλα
1519 3825 1664 3893 παρᾶ
1691 3829 1788 3878 106
1844 3843 2012 3899 πραι-

364 3917 614 3985 ποσίτου,
645 3915 859 3988 τίθησιν
916 3915 1045 3971 αὐτὸ
1095 3916 1170 3978 εἷς
1221 3916 1320 3984 τήν
1381 3915 1538 3987 ἁγίαν
1575 3915 1864 3988 τράπεζαν,
1898 3913 2014 3968 εἶτα

367 4003 552 4065 λαϐὼν
597 4009 740 4083 παρά
809 4011 913 4063 106
984 4008 1328 4083 πατριάρχου
1401 4005 1682 4078 θυμιατὸν,
1723 4006 1890 4077 θυμιᾷ
1954 4003 2014 4059 in

365 4097 553 4172 τρίτου
635 4098 698 4154 τὸ
765 4099 1144 4173 θυσιαστήριον
1231 4093 1518 4162 κυκλόθεν,
1568 4095 1655 4149 καὶ
1738 4092 2012 4170 ἐξέρχεται

369 4187 459 4246 διὰ
505 4195 603 4246 106
660 4191 942 4265 ἀριστεροῦ
987 4190 1186 4265 μέρους
1214 4189 1314 4258 τής
1346 4185 1606 4262 πλαγίας,
1637 4188 1726 4241 καί
1769 4185 2012 4261 ἀπέρχε-

365 4300 454 4336 ται
485 4278 562 4340 sic
591 4278 654 4333 τὸ
704 4275 1155 4356 σκευοφυλάκιον.
1193 4273 1464 4333 Εἰσελθὼν
1494 4271 1552 4328 δὲ
1580 4273 1671 4328 καὶ
1726 4274 1865 4347 ἅψας
1903 4293 2008 4344 κη-

2123 3289 2226 3346 mit
2252 3289 2432 3360 inque
2460 3304 2624 3345 sacra
2656 3303 2860 3344 mensa
2881 3287 3069 3356 oii'ert,
3103 3288 3312 3345 deinde
3344 3287 3704 3346 sufﬁmentis
3734 3307 3767 3345 a

2119 3378 2452 3451 patriarcha
2481 3376 3083 3449 acceptis,sacrarium
3107 3378 3166 3433 in
3200 3378 3421 3435 circulo
3451 3382 3535 3434 ter
3566 3377 3768 3435 incen-

2119 3473 2452 3541 sat,perque
2482 3468 2786 3524 sinistram
2817 3466 3182 3539 obliquitatis
3217 3473 3440 3541 partem
3469 3470 3539 3525 ad
3574 3470 3767 3526 locum

2121 3556 2222 3614 ubi
2252 3574 2390 3613 vasa
2421 3556 2965 3626 aseervanlur,abit.
2995 3557 3307 3626 Ingressus
3338 3575 3472 3616 vero
3505 3574 3636 3614 cum
3666 3573 3766 3614 ce-

2120 3647 2234 3703 reis
2265 3647 3138 3718 ardentibus,precatur,deinde
3165 3664 3304 3703 vasa
3332 3648 3530 3704 omnia
3561 3649 3763 3704 incen-

2121 3742 2212 3794 sat
2240 3743 2298 3792 et
2330 3735 2630 3809 paululum
2680 3753 2813 3792 cum
2848 3736 3174 3806 patriarcha
3203 3737 3483 3792 considet.
3517 3737 3763 3792 Posthac

2120 3826 2463 3882 cubicularii
2487 3831 2545 3881 et
2567 3825 2776 3896 reliqui
2809 3825 3189 3896 prafecti,qui
3222 3841 3323 3895 pro
3357 3841 3514 3879 more
3545 3826 3760 3880 intrare

2121 3917 2328 3984 solent,
2360 3913 2630 3984 ingressi,
2663 3931 2697 3968 a
2739 3913 3098 3969 thesaurario
3147 3914 3391 3968 nardum
3439 3913 3757 3983 accipiunt,

2119 4007 2438 4078 imperatur
2466 4019 2600 4059 vero
2632 4003 2838 4074 surgit,
2872 4007 2928 4056 et
2958 4020 2990 4057 a
3021 4002 3464 4074 sceuopbylacio
3496 4018 3768 4067 egressus

2122 4113 2226 4169 per
2272 4108 2605 4167 gynaeceum
2657 4090 2972 4158 narthecis,
3015 4091 3116 4145 ubi
3170 4093 3400 4147 solitam
3449 4091 3765 4146 stationem

2121 4200 2287 4242 suam
2337 4183 2677 4239 diaconissaa
2717 4180 2933 4249 Magnas
2966 4179 3239 4236 Ecclesiae
3293 4179 3530 4248 habent,
3563 4180 3775 4235 transit

2121 4272 2650 4346 perquesinistram
2676 4269 2923 4326 bematis
2957 4275 3450 4342 portam,acccpto
3469 4287 3501 4325 a
3531 4267 3776 4340 patriar-

369 4370 498 4445 ροὺς
548 4367 785 4446 εὔχεται,
816 4369 908 4424 καὶ
956 4367 1243 4442 εὐξάμενος
1300 4367 1470 4440 θυμιᾷ
1515 4364 1582 4421 τὶ
1624 4364 1786 4435 σκεύη
1847 4365 2012 4420 ἅπαν-

2122 4365 2231 4423 cha
2263 4361 2688 4429 benedictione,
2721 4359 3036 4431 egreditur.

366 4483 453 4531 τα,
491 4463 582 4518 καὶ
637 4462 912 4532 καθέζιται
975 4460 1168 4536 μικρὸν
1247 4458 1380 4532 μετὰ
1442 4461 1540 4512 τοῦ
1610 4456 1977 4533 πατριάρχου.
2036 4455 2156 4514 Εἴθ’
2214 4454 2390 4514 οὕτως
2450 4448 2792 4528 εἰσέρχονται
2851 4448 2903 4504 οἱ
2951 4451 3056 4505 106
3125 4446 3517 4507 κουϐουκλείου
3575 4447 3665 4506 καὶ
3723 4449 3779 4504 οἱ

369 4553 556 4610 λοιποὶ
614 4555 874 4630 ἄρχοντες
928 4554 979 4610 0i
1025 4553 1161 4610 κατὰ
1230 4551 1514 4622 συνήθειαν
1602 4549 1885 4617 εἰσιόντες,
1953 4542 2300 4622 λαμϐάνουσι
2359 4544 2504 4618 παρὰ
2580 4545 2677 4598 106
2763 4539 3173 4619 σκευοφύλακος
3229 4539 3448 4616 νάρδον,
3498 4539 3590 4598 καὶ
3675 4540 3777 4604 εἶθ’

368 4644 541 4710 οὕτως
600 4645 875 4702 ἀνίσταται
925 4646 954 4700 6
1006 4641 1283 4720 βασιλεὺς,
1341 4641 1431 4698 καὶ
1490 4638 1721 4713 ἒξελθὼν
1781 4639 1888 4696 άπὸ
1942 4643 2039 4694 106
2097 4635 2550 4716 σκευοφυλακίου,
2603 4631 2877 4709 διέρχειαι
2943 4631 3031 4688 διὰ
3101 4638 3201 4690 106
3266 4631 3578 4710 γυναικίτου
3646 4631 3778 4707 νάρ-

369 4748 536 4806 θηκος
601 4740 740 4813 (67),
778 4736 831 4794 ἑν
881 4736 927 4809 ᾧ
990 4737 1080 4793 καὶ
1123 4738 1222 4807 τὴν
1285 4736 1489 4808 συνήθη
1549 4734 1731 4791 στάσιν
1772 4734 2061 4804 κέκτηνται
2118 4731 2172 4786 αἱ
2223 4736 2324 4799 τῆς
2382 4727 2553 4797 αὐτῆς
2608 4725 2867 4802 Μεγάλης
2899 4726 3229 4798 Ἐκκλησίας
3298 4723 3653 4796 διακόνισσαι,
3685 4725 3776 4779 καὶ

1723 4883 1963 4940 VARI/E-
2005 4876 2418 4936 LECTIONES.

443 5005 495 5042 ²⁸
522 5000 612 5060 διὰ
639 5007 747 5060 τῶν
781 5006 874 5062 ed.
949 5005 995 5042 ²⁹
1017 5002 1200 5076 πύλης
1229 5005 1320 5061 καὶ
1353 5003 1522 5080 χαλκ.
1563 5006 1656 5062 ed.

1431 5143 1631 5200 JOAN.
1665 5139 1811 5198 JAC.
1841 5135 2103 5196 REISKII
2133 5127 2726 5192 COMMENTARIUS.

450 5271 565 5341 (65)
637 5266 1002 5336 Dibitisium,
1079 5283 1267 5341 genus
1341 5264 1838 5341 superhumeralis
1894 5279 2014 5341 _nou

368 5358 430 5398 va
445 5336 806 5414 ide—prolixi,
841 5336 1159 5414 paganum,
1193 5339 1297 5414 hoc
1328 5336 1590 5414 est'auro
1611 5343 1678 5414 et
1705 5336 2017 5414 splendore

370 5415 530 5488 omni
561 5406 971 5488 carens,'q'uaic
1002 5411 1313 5488 geritur__in
1336 5409 1518 5488 luctu,
1549 5409 1628 5479 (et
1657 5406 1792 5488 sane
1815 5406 2017 5488 luctus

371 5480 836 5542 Christianorum
880 5480 1170 5539 maximus
1200 5481 1297 5536 ille
1345 5485 1454 5549 est,
1488 5495 1662 5551 quem
1706 5480 1779 5534 ob
1810 5480 2020 5532 Christi

373 5556 1014 5627 tuortemginstituunt),
1039 5563 1090 5610 et
1122 5555 1359 5626 quando
1389 5552 1704 5622 imperator
1727 5563 2018 5627 paganus,

373 5626 481 5684 hoc
510 5636 598 5686 est
628 5624 803 5695 λιτός,
835 5628 908 5684 ab
937 5620 1099 5684 omni
1129 5620 1343 5700 pompa
1369 5620 2024 5694 remotus,velutlatere

375 5700 927 5775 cupierns‘procedit.
1635 5766 1648 5775 _
1727 5769 1736 5775 _
1971 5760 1985 5775 ο

467 5771 563 5843 66)
602 5766 750 5838 Οἱιὶιί
781 5772 906 5828 haec
937 5787 1041 5827 vox
1071 5770 1184 5827 sibi
1210 5769 1370 5839 velit,
1402 5785 1473 5826 ne
1519 5766 1856 5838 conjectura
1887 5766 2023 5834 qui-

654 5900 918 5960 ΡΑτιιοῐ..
966 5901 1081 5959 Gn.
1129 5898 1313 5958 CXII.

2123 5260 2255 5314 dom
2289 5269 2588 5327 assequar.
2632 5252 2913 5327 Quamvis
2957 5251 3116 5327 enim
3149 5255 3480 5327 succurrat,
3513 5252 3661 5308 forte
3689 5251 3782 5327 sic

2125 5331 2344 5386 dictam
2375 5321 2502 5382 esse
2533 5325 2692 5380 illam
2725 5324 3116 5396 chlamydem,
3160 5324 3316 5395 quod
3364 5341 3641 5396 vesperae,
3681 5321 3780 5396 ὀψὲ

2123 5407 2222 5470 τῆς
2267 5399 2894 5472 ἡμέραςηεοειαιυθὶιιιι,
2944 5396 3139 5452 obstat
3169 5403 3385 5465 tamen,
3442 5397 3594 5468 quod
3649 5396 3778 5452 haec

2129 5470 2453 5529 mane'ﬁeri
2488 5470 2784 5525 dicantur.

2200 5544 2310 5613 (67)
2367 5539 2562 5597 Nihilo
2622 5541 2752 5610 plus
2805 5542 3082 5613 praestant
3138 5538 3213 5594 M.
3267 5554 3280 5606 ;
3331 5540 3520 5613 nihilo
3579 5543 3778 5613 tamen

2131 5609 2330 5672 minus
2358 5615 2560 5670 deesse
2592 5609 2858 5684 quadam
2892 5609 3070 5667 dubio
3101 5619 3284 5681 vacat,
3319 5612 3469 5668 forte
3498 5626 3564 5666 ex
3595 5626 3651 5681 p.
3675 5609 3780 5664 110

2131 5685 2484 5742 supplenda.

2131 5701 2484 5760 supplenda.

3389 5880 3463 5936 M-
