4158 6212
399 396 517 458 427
1442 364 1963 442 CONSTANTINI
2009 366 2702 442 PORPHYROGENITI
3704 368 3833 440 428
3934 322 3941 327 6

400 529 673 603 ἐξέρχεται
760 516 848 573 διὰ
919 520 1021 584 τῆς
1092 511 1371 587 ἀριστερᾶς
1443 511 1623 582 πύλης
1677 513 1775 565 τοῦ
1841 510 2090 584 βήματος
2165 511 2280 583 (68)
2354 510 2444 563 καὶ
2502 506 2825 566 ἐπιδίδωσιν
2894 506 3042 581 αὒτῷ
3119 508 3147 563 6
3215 504 3572 583 πατριάριίης
3647 509 3829 565 εὐλο-

402 620 568 763 will.
606 704 920 771 Postquam
962 696 1131 754 ambo
1162 713 1262 769 per
1308 703 1615 770 angustam
1664 691 1950 765 porticum
1983 691 2039 745 S.

2224 690 2296 746 I".
2360 689 2456 743 Kui
2533 688 2843 751 διελθόντες
2920 688 3227 768 ἀμφότεροι
3287 687 3380 744 8ιὰ
3437 693 3536 744 τοῦ
3595 685 3823 754 ὄπισθεν

400 792 640 862 Nicolai,
673 806 800 861 quia
834 803 982 858 pone
1014 790 1184 843 bema
1217 793 1323 857 est,
1349 784 1649 851 transiere,
1673 784 1745 838 ad
1777 785 2046 837 sanctum

2174 779 2253 830 τοῦ
2287 777 2534 851 βήματος
2564 782 2752 833 στενοῦ
2794 773 3116 833 διαϐατικοῦ
3145 780 3244 833 τοῦ
3274 776 3468 853 Ἀγίου
3519 776 3823 847 Νικολάου,

397 893 637 957 puteum
666 878 907 943 abeunt,
945 875 1045 930 ubi
1094 876 1423 945 patriarcha
1453 871 1791 945 imperatori
1842 884 2049 926 rursus

2174 865 2492 957 ίπέρχονται
2537 866 2705 943 μέχρι
2743 870 2846 923 τοῦ
2886 866 3046 942 ἁγίου
3078 868 3330 943 φρέατος,
3364 864 3455 922 καὶ
3500 864 3652 930 αὖθις
3700 868 3821 923 ἐπι-

400 966 860 1027 benedictionem
880 963 981 1019 dat
1000 979 1013 1016 :
1030 969 1159 1034 post
1178 968 1441 1019 mutuam
1460 978 1595 1019 vero
1616 958 2049 1024 salutationem,

2160 951 2286 1017 δοὺς
2321 957 2349 1019 6
2379 956 2730 1032 πατριάρχης
2795 961 2877 1029 τῷ
2924 956 3146 1032 βασιλεῖ
3202 955 3482 1031 εὐλογίας,
3514 957 3606 1014 καί
3637 956 3819 1032 ἀμφό-

400 1057 679 1115 omnibus
711 1052 1153 1123 comitantibus,
1170 1054 1484 1123 imperator
1510 1049 2051 1123 egreditur,perque

2174 1064 2307 1119 τεροι
2362 1044 2648 1115 ἀλλήλους
2706 1044 3412 1121 ἀσπασάμενοι,ἐξέρχεται
3465 1046 3561 1120 μὲν
3602 1046 3631 1101 6
3663 1048 3828 1120 βασε-

401 1163 636 1223 parvam
670 1149 899 1216 portam
924 1158 1144 1199 teneam
1170 1144 1240 1199 ad
1265 1141 1675 1199 consistorium
1706 1154 1895 1210 usque
1916 1153 2047 1210 pro-

402 1237 578 1304 cedit,
609 1234 762 1290 108
815 1232 915 1287 ubi
958 1235 1275 1302 senatores,
1330 1233 1515 1286 fausta
1562 1228 1675 1299 ipsi
1725 1230 2049 1299 precantes,

402 1326 634 1382 adsunt.
668 1324 813 1379 Cum
846 1337 979 1376 vero
1010 1322 1075 1375 ad
1110 1325 1337 1376 stenum
1372 1316 1781 1390 venit,patricii
1807 1316 1886 1372 ibi
1914 1331 2051 1371 con-

404 1412 620 1485 gregati
644 1410 834 1466 felicia
861 1408 1430 1480 apprecantur,unde
1454 1407 1516 1462 in
1546 1404 1827 1478 palatium
1858 1403 2052 1475 ingre-

406 1503 583 1572 ditur,
616 1500 740 1565 ubi,
772 1496 1040 1554 convivio
1076 1502 1296 1567 parato,
1332 1496 1549 1552 missus
1579 1494 2053 1563 aﬂ‘eruntur,om-

410 1605 631 1661 nesque
662 1585 1007 1643 mutatorias
1038 1585 1543 1658 deponunt,amici
1572 1583 1759 1640 vocati
1791 1585 2052 1647 manent,

411 1678 602 1735 casteri
636 1692 768 1733 vero
800 1676 869 1732 ad
902 1691 1038 1730 suas
1068 1676 1319 1747 quisque
1349 1675 1501 1731 aedes
1542 1671 2053 1729 discedunt.Cubi-

412 1767 611 1824 culum
643 1766 794 1821 circa
823 1764 1025 1819 horam
1052 1779 1265 1820 nonam
1287 1768 1478 1820 vestes
1510 1766 1774 1832 mutat,et
1798 1766 2057 1833 tempore

413 1854 594 1910 divini
627 1845 804 1910 ofﬁcii
836 1852 1357 1925 appropinquante,
1380 1852 1695 1924 imperator
1723 1850 1795 1905 ad
1828 1864 2054 1907 sacram

415 1944 661 2000 missam
692 1940 1101 1997 celebrandam
1133 1941 1192 1996 in
1226 1940 1476 2013 pharum
1509 1939 1650 2007 abit,
1680 1946 1756 2006 et,
1789 1938 1839 1995 si
1865 1939 2056 2010 jusse-

416 2029 982 2103 rit,patriciiintrant
1003 2045 1235 2103 unaque
1250 2046 1385 2085 cum
1408 2029 1535 2101 ipso
1556 2045 1722 2085 sacra
1742 2027 2056 2096 celebrant,

418 2076 637 2103 “"I"“"
654 2076 868 2087 "'"'“"
883 2076 982 2086 '""
1006 2076 1385 2103 “”“-“ι“νν·”·-·
1410 2076 1532 2101 ἰ’-ν
1556 2076 1722 2085 ”“’“”“’
1746 2076 2056 2096 """'"_'!

418 2123 510 2178 sin
541 2120 761 2197 minus,
795 2120 861 2175 ad
910 2118 1129 2175 circum
1182 2120 1395 2174 abeunt
1425 2122 1481 2173 et
1528 2117 1609 2172 ibi
1656 2117 1715 2173 in
1748 2116 1966 2188 templo
1997 2116 2056 2173 S.
2090 2076 2137 2140 Β

415 2207 861 2283 protomartyris
873 2208 1389 2280 Stephanisacram
1412 2206 1715 2279 liturgiam
1739 2206 2058 2264 celebrant.

418 2302 563 2355 Cum
593 2314 727 2354 vero
780 2296 1034 2352 Psaltes:
1067 2320 1095 2347 «
1131 2297 1305 2366 Deus,
1341 2312 1571 2369 resurgo
1602 2317 1632 2346 »
1681 2295 2061 2352 inchoaturus

418 2393 529 2456 est,
554 2385 894 2444 cubicularii
925 2394 1085 2442 extra
1107 2402 1309 2443 aureas
1340 2386 1592 2443 cortinas
1620 2402 1910 2458 suspensa
1939 2383 2062 2441 vela

418 2481 706 2545 tenentes,
738 2480 1014 2542 astant,et
1042 2476 1180 2532 dum
1197 2477 1512 2548 hymnum:
1542 2497 1561 2524 ι
1590 2479 2058 2547 ῡουε,ι·εευι·εε,ι

422 2565 973 2637 orditur,aequaliter
993 2564 1516 2631 extendentes,vela
1535 2566 1817 2621 exteriora
1847 2562 2065 2620 tollunt

422 2660 779 2728 manentque
824 2657 1053 2711 tantum
1083 2670 1276 2711 aurea.
1310 2653 1514 2709 Divino
1566 2652 1756 2709 ofﬁcio
1805 2656 2059 2723 peracto,

422 2752 731 2820 postquam
763 2744 841 2799 ibi
864 2745 1193 2818 congregati
1225 2742 1659 2800 exclamarunt:
1691 2764 1718 2793 «
1751 2744 2063 2799 Conservet

422 2837 573 2894 Deus
603 2837 1014 2907 imperatorem
1069 2837 1323 2890 nostrum
1345 2833 1373 2887 ?
1405 2854 1433 2881 ››
1466 2830 1659 2888 statim
1691 2846 1971 2902 organum
1999 2831 2058 2888 in

413 2927 705 2999 tripetone
735 2924 1081 2981 collocatum
1105 2925 1392 2996 pulsatur,
1425 2922 1737 2994 imperator
1766 2936 2058 2993 egressus,

410 3015 749 3073 venerandae
805 3029 1022 3069 mensas
1061 3030 1203 3080 suis,
1255 3010 1656 3083 scaramangio
1702 3010 1833 3066 albo
1883 3009 2061 3066 clavis

410 3108 601 3164 aureis
632 3106 1295 3173 indutus,assidet,cum
1330 3120 1442 3177 quo
1473 3102 1647 3159 amici
1675 3101 1905 3159 invitati
1928 3116 2059 3173 par-

410 3196 515 3253 tim
544 3196 938 3269 albis,partim
968 3194 1282 3268 variegatis
1313 3192 1732 3266 scaramangiis
1762 3191 1954 3247 induti
1974 3206 2063 3246 as-

414 3288 605 3342 sident
638 3303 651 3341 :
686 3286 937 3357 praefecti
972 3285 1175 3353 cubili,
1208 3284 1481 3355 depositis
1512 3281 2060 3348 mutatoriis,disce-

413 3373 1213 3443 dunt,spatharocubicularii
1245 3389 1375 3428 vero
1406 3375 1463 3427 et
1490 3369 2056 3435 cubicularii,muta-

411 3461 575 3516 toriis
610 3462 815 3522 exutis.
849 3460 909 3515 in
954 3460 1373 3532 scaramangiis
1405 3458 1738 3530 imperatori
1772 3461 1986 3515 astant.

2161 1131 2308 1205 λεὺς,
2343 1131 2767 1209 δηριγευόμενος
2809 1134 2914 1190 ὑπὸ
2955 1139 3065 1190 τῶν
3108 1136 3528 1210 προειρημένων
3580 1138 3825 1206 πάντων,

2160 1222 2249 1277 καὶ
2282 1223 2581 1299 εἰσέρχεται
2626 1222 2717 1279 διά
2779 1232 2880 1295 τῆς
2932 1229 3131 1299 μικρᾶς
3191 1224 3377 1297 πύλης
3426 1227 3530 1297 τῆς
3572 1224 3824 1303 χαλκῆς,

2160 1310 2251 1366 καὶ
2294 1314 2460 1388 μέχρι
2514 1313 2612 1368 τοῦ
2651 1314 3046 1391 κονσιστωρίου
3106 1313 3306 1388 ἐλθὼν,
3344 1314 3600 1389 μένουσιν
3651 1315 3825 1372 ἐκεῖσε

2163 1403 2219 1457 oi
2275 1410 2376 1473 τῆς
2432 1402 2765 1480 συγκλήτου,
2808 1403 3239 1481 ὑπερευχόμενοι
3289 1406 3381 1461 τὸν
3438 1407 3686 1482 βασιλέα.
3722 1408 3824 1464 Καὶ

2162 1489 2570 1557 καταλαϐόντος
2624 1496 2793 1550 αὐτοῦ
2858 1495 2922 1550 τὸ
2991 1496 3199 1566 στενὸν,
3245 1494 3492 1569 μένουσιν
3552 1497 3726 1554 ἐκεῖσε
3774 1498 3826 1553 οἱ

2163 1582 2470 1656 πατρίκιοι,
2529 1583 2969 1660 ὑπερευχόμενοι
3018 1584 3108 1639 καὶ
3149 1583 3327 1657 αὐτοὶ,
3382 1585 3472 1640 xui
3544 1585 3652 1641 ἀπὸ
3720 1591 3827 1642 τῶν

2166 1670 2336 1727 ἐκεῖσε
2392 1672 2696 1747 εἰσέρχεται
2746 1673 2774 1727 6
2826 1672 3086 1749 βασιλεὺς
3128 1673 3203 1735 εἷς
3259 1675 3323 1729 τὸ
3378 1673 3670 1747 παλάτιον,
3732 1677 3824 1731 καὶ

2165 1763 2551 1837 στοιχηθέντος
2602 1765 2700 1816 τοῦ
2777 1760 3120 1837 κλητωρίου,
3164 1762 3408 1838 γίνονται
3471 1763 3671 1837 μίνσαι,
3732 1764 3825 1820 καὶ

2166 1847 2607 1906 ἀπαλλάσσουσιν
2675 1852 2923 1921 ἅπαντες,
2965 1851 3056 1906 καὶ
3126 1853 3178 1907 οἱ
3239 1854 3334 1925 μὲν
3377 1852 3670 1924 κληθέντες
3732 1853 3827 1933 φί-

2167 1937 2258 1995 λοι
2310 1938 2581 2013 μένουσιν,
2638 1941 2690 1995 οἱ
2750 1938 2807 1996 δὲ
2863 1940 3199 2017 ἀπέρχονται
3237 1939 3464 2004 ’ἕκαστος
3523 1944 3705 1999 αὐτῶν
3750 1943 3827 2006 εἷς

2167 2030 2260 2086 τὸν
2294 2030 2445 2084 οἶκον
2494 2031 2682 2086 αὐτοῦ.
2718 2031 2818 2087 Καὶ
2870 2031 2995 2105 περὶ
3047 2030 3192 2106 ὥραν
3228 2033 3271 2097 θ’
3296 2030 3558 2087 ἀλλάσσει
3590 2034 3654 2089 τὸ
3699 2034 3830 2088 κού-

2170 2115 2478 2189 6ούκλειον,
2527 2118 2617 2174 καὶ
2683 2114 3105 2191 καταλαϐούσης
3161 2128 3263 2191 τῆς
3321 2119 3468 2198 ὥρας
3525 2125 3625 2188 τῆς
3683 2124 3826 2186 θείας

2171 2208 2534 2284 λειτουργίας,
2569 2207 2870 2284 εἰσέρχεται
2925 2209 2953 2263 6
3010 2209 3269 2283 βασιλεὺς
3325 2211 3461 2287 πρὸς
3500 2212 3562 2267 τὸ
3610 2210 3825 2268 ἐκτελέ-

2171 2319 2258 2352 σαι
2311 2299 2410 2367 τὴν
2460 2298 2601 2362 θείαν
2639 2298 3025 2374 μυσταγωγίαν
3066 2296 3118 2353 ἒν
3153 2304 3233 2372 τῷ
3271 2300 3451 2378 φάρῳ,
3484 2302 3574 2356 καὶ
3623 2302 3669 2356 εί
3730 2302 3825 2375 μὲν

2170 2385 2414 2443 κελεύσει
2453 2386 2794 2465 εἰσέρχονται
2856 2388 2947 2442 xui
3006 2390 3288 2465 πατρίκιοι
3346 2394 3438 2447 καί
3479 2389 3828 2466 συλλειτουρ-

2170 2480 2391 2551 γοῦνται
2448 2474 2617 2548 αὐτῷ,
2649 2477 2694 2531 εἰ
2736 2473 2792 2530 δὲ
2845 2479 3007 2552 μήγε,
3048 2478 3360 2558 ἐξέρχονται
3393 2480 3440 2517 ³ο
3479 2478 3557 2543 εἷς
3594 2481 3686 2536 τὸν
3734 2482 3826 2537 ἱπ-

2171 2562 2589 2641 πόδρομον,καὶ
2644 2565 3054 2643 λειτουργοῦσιν
3117 2568 3290 2624 ἐκεῖσε
3331 2569 3384 2625 ἐν
3431 2576 3511 2643 τῷ
3557 2576 3671 2645 ναῷ
3728 2576 3824 2627 τοῦ

2172 2654 2326 2729 ἁγίου
2374 2656 2839 2731 πρωτομάρτυρος
2882 2658 3175 2734 Στεφάνου.
3220 2659 3321 2717 Καὶ
3372 2658 3678 2732 μέλλοντος
3727 2665 3824 2717 τοῦ

2171 2740 2383 2817 ψάλτου
2432 2739 2684 2816 ἄρξασθαι
2734 2744 2821 2812 τὸ,
2854 2768 2881 2797 ‹‹
2918 2745 3153 2801 Ἀνάστα
3204 2748 3231 2801 ὁ
3282 2748 3434 2818 Θεὸς,
3492 2772 3521 2800 ››
3576 2747 3825 2805 ’ἵστανται

2170 2826 2641 2907 κουϐικουλάριοι,
2681 2837 3009 2908 κρατοῦντες
3064 2835 3133 2889 τὰ
3199 2833 3391 2905 ἔξωθεν
3438 2842 3545 2892 τῶν
3607 2844 3822 2914 χρυσῶν

2174 2920 2363 2996 βήλων
2443 2921 2757 2997 κρεμάμενα
2827 2922 2996 2998 βῆλα,
3055 2925 3146 2979 xui
3214 2924 3379 2995 ἡνίκα
3464 2924 3694 3001 ἄρξηται
3759 2930 3827 2984 τὸ

2170 3033 2200 3063 ‹‹
2239 3010 2471 3068 Ἀνάστα
2528 3012 2555 3066 6
2616 3013 2768 3080 Θεὸς,
2816 3036 2842 3063 ››
2891 3015 3130 3089 παρευθὺ
3185 3017 3509 3079 τανύσαντες
3568 3015 3619 3088 ἐξ
3680 3015 3826 3086 ἷ’σου,

2169 3097 2382 3173 αἶ’ρουσι
2448 3101 2515 3155 τὰ
2571 3095 2763 3171 ἔξωθεν
2849 3102 3015 3177 βῆλα,
3066 3103 3158 3159 καὶ
3238 3104 3455 3178 μένουσι
3521 3108 3588 3161 τὰ
3646 3112 3826 3186 χρυσᾶ

2175 3188 2322 3263 βῆλα
2375 3190 2464 3243 xui
2527 3191 2715 3263 μόνον.
2750 3192 2855 3247 Καὶ
2913 3199 3013 3262 τῆς
3091 3192 3233 3255 θείας
3276 3193 3626 3272 λειτουργίας
3670 3197 3826 3253 τελε-

2170 3279 2409 3347 σθείσης,
2441 3277 2528 3333 xui
2574 3278 2961 3355 ἀνακράξαντες
2996 3282 3048 3336 οἱ
3089 3279 3141 3336 ἐν
3189 3287 3305 3345 τοῖς
3365 3283 3534 3340 ἐκεῖσε
3558 3305 3571 3317 ·
3612 3310 3641 3339 ι(
3692 3293 3830 3343 Στε-

2172 3367 2360 3441 ρεώσει
2402 3367 2429 3421 6
2461 3368 2592 3429 Θεὸς
2620 3369 2712 3423 τὸν
2764 3369 2992 3445 βασιλέα
3036 3373 3232 3445 ἡμῶνί
3269 3396 3296 3423 ››
3351 3371 3507 3438 εὐθὺς
3558 3375 3715 3432 αὐλεῖ
3761 3378 3827 3432 τὸ

2089 3441 2132 3508 C
2172 3452 2420 3530 ὄργανον,
2455 3454 2485 3509 6'
2528 3441 2851 3514 'ioru'rui‘év
2917 3464 2999 3533 τῷ
3035 3441 3350 3537 τριπέτωνι,
3377 3463 3464 3517 xui
3521 3462 3754 3534 ἐξελθὼν
3796 3467 3824 3521 6

415 3544 671 3623 βασιλεὺς
732 3547 1008 3615 καθέζεται
1075 3545 1162 3601 ἐπὶ
1220 3553 1320 3617 τῆς
1373 3545 1561 3619 τιμίας
1626 3545 1792 3600 αὐτοῦ
1848 3542 2142 3620 τραπέζης,
2200 3544 2381 3623 φορῶν
2433 3547 2844 3624 σκαραμάγγιον
2904 3546 3167 3626 δίασπρον
3228 3548 3632 3626 χρυσόκλαϐον,
3692 3556 3821 3610 καθ-

413 3634 623 3707 έζονται
679 3636 769 3691 καὶ
801 3638 852 3692 οἱ
883 3635 1170 3708 κληθέντες
1201 3635 1375 3716 φίλοι,
1410 3637 1462 3691 οἱ
1516 3637 1610 3710 μὲν
1664 3634 1771 3691 ἀπὸ
1822 3635 2249 3712 σκαραμαγγίων
2301 3632 2531 3706 λευκῶν,
2582 3637 2633 3691 οἳ
2681 3634 2741 3692 δὲ
2798 3644 3051 3715 χροακῶν
3083 3643 3242 3715 (68⁶),
3276 3641 3472 3707 εὐθέως
3518 3640 3574 3699 δὲ
3622 3645 3674 3698 οἱ
3726 3647 3825 3719 μὲν

414 3727 676 3807 ἄρχοντες
736 3730 833 3781 τοῦ
914 3720 1307 3782 κουϐουκλείου
1392 3723 1795 3796 ἀπαλλάξαντες
1887 3725 2261 3803 ἀναχωροῦσι,
2349 3725 2400 3779 οἱ
2483 3723 2539 3780 δὲ
2626 3726 3333 3807 σπαθαρακουϐικουλάριοι
3390 3731 3481 3787 καὶ
3539 3728 3832 3790 κουϐικου-

419 3815 601 3891 λάριοι
628 3815 1057 3887 ἀπαλλάξαντες,
1089 3816 1444 3891 παρίστανται
1474 3816 1580 3871 ἀπὸ
1613 3814 2052 3891 σκαραμαγγίων.

496 3910 587 3964 ιν.
622 3909 937 3965 Sciendum
971 3913 1078 3979 est,
1130 3908 1182 3965 si
1216 3909 1427 3964 festum
1479 3906 1958 3962 Annuntiationis
2010 3905 2071 3961 in

422 3999 687 4057 eamdem
719 3998 872 4055 diem
906 3999 1091 4055 sancti
1122 3998 1365 4054 Sabbati
1396 3997 2071 4069 incidat,imperatorem

426 4090 496 4146 ad
526 4089 586 4146 S.
623 4089 848 4161 Sophia)
881 4089 1060 4156 abire,
1091 4098 1143 4144 et
1173 4087 1255 4143 ibi
1286 4087 1438 4142 ritus
1470 4103 1675 4143 omnes
1702 4086 1901 4159 magni
1934 4086 2075 4141 Sab-

427 4180 547 4236 bati
578 4197 755 4251 supra
772 4179 1090 4236 recensitos
1121 4183 1245 4234 tum
1267 4177 1325 4233 in
1346 4186 1557 4233 sancta:
1580 4192 1796 4232 mensas
1827 4176 2076 4232 instrato

426 4268 856 4337 mutando,tum
876 4269 934 4323 in
967 4267 1205 4325 sacrarii
1228 4267 1619 4324 incensatione
1640 4268 1883 4338 aurique
1913 4263 2077 4322 obla-

426 4359 585 4414 tione
624 4374 871 4426 servare,
905 4361 962 4413 et
990 4357 1128 4413 inde
1157 4372 1483 4431 egressum,
1518 4362 1584 4413 ut
1614 4357 1665 4413 ei
1712 4373 1836 4413 mos
1873 4362 1980 4422 est,
2001 4356 2073 4412 ad

433 4447 763 4504 custodiam
793 4464 1067 4504 vasorum
1102 4447 1278 4504 abire.
1314 4447 1399 4503 Ibi
1429 4447 1583 4504 enim
1616 4451 1926 4519 postquam
1958 4461 2078 4501 om-

432 4538 551 4605 nia,
585 4555 712 4610 quas
740 4555 917 4610 supra
936 4536 1558 4610 tradidimus,peregit,
1592 4554 1696 4609 per
1723 4552 1900 4607 supra
1921 4551 2077 4591 com-

2250 3905 2334 3962 A'.
2368 3906 2494 3981 Χρή
2539 3904 2597 3960 δὲ
2638 3904 2857 3977 εἰδέναι,
2892 3908 2998 3979 ὅτι,
3040 3908 3084 3963 εί
3136 3910 3232 3983 μὲν
3280 3912 3427 3986 τύχῃ
3455 3913 3488 3980 ἡ
3533 3912 3693 3987 ὶορτὴ
3736 3916 3834 3967 τοῦ

2179 3993 2602 4070 Εὐαγγελισμοῦ
2657 4001 2727 4070 τῇ
2778 3995 2913 4072 αὐτῇ
2955 3999 3137 4073 ἡμέρᾳ
3172 4004 3271 4055 τοῦ
3327 4000 3489 4076 ἁγίου
3522 3994 3835 4069 Σαϐϐάτου,

2181 4083 2481 4161 ἀπέρχεται
2541 4086 2569 4140 6
2630 4084 2888 4162 βασιλεὺς
2948 4088 3023 4148 είς
3082 4088 3183 4156 τήν
3209 4088 3400 4165 Ἀγίαν
3470 4089 3703 4166 Σοφίαν,
3744 4094 3840 4145 καῖ

2184 4173 2394 4230 ἐκτελεῖ
2424 4176 2631 4230 ἅπαντα
2667 4176 2733 4229 τὰ
2770 4179 2865 4230 τοῦ
2919 4176 3165 4253 μεγάλου
3213 4172 3517 4247 Σαϐϐάτου,
3574 4180 3647 4241 ὡς
3696 4180 3835 4234 ἀνω-

2189 4264 2329 4339 τέρω
2380 4265 2592 4342 εἶ’ρηται
2628 4286 2641 4299 ο
2692 4266 2781 4321 xui
2840 4266 2889 4321 ἐν
2932 4270 2999 4339 τῇ
3052 4264 3341 4341 ὑπαλλαγῇ
3392 4274 3492 4335 τῆς
3532 4269 3686 4342 ἁγίας
3714 4289 3841 4345 τρα-

2182 4353 2351 4425 πέζης
2399 4357 2492 4409 καί
2540 4353 2591 4409 ἐν
2642 4357 2711 4428 τῇ
2772 4354 3030 4427 θυμιάσει
3085 4358 3181 4408 τοῦ
3214 4356 3605 4429 θυσιαστηρίου
3636 4358 3727 4412 xui
3787 4356 3841 4414 ἐν

2181 4448 2250 4517 τῇ
2300 4440 2590 4517 εἰσκομιδῇ
2631 4447 2728 4499 τοῦ
2762 4442 3016 4518 χρυσίου,
3050 4442 3139 4498 xui
3190 4442 3447 4517 ἐξελθὼν,
3478 4445 3555 4508 ὡς
3612 4445 3842 4503 εἴθισται

2183 4531 2353 4605 αύτῷ,
2382 4532 2687 4611 ἀπέρχεται
2748 4530 2802 4587 ἐν
2856 4537 2935 4605 τῷ
2993 4531 3430 4612 σκευοφυλακίῳ.
3465 4536 3563 4590 Καὶ
3618 4534 3844 4600 τελέσας

430 4633 811 4685 memoratam
830 4632 1060 4700 portam
1092 4628 1485 4699 egreditur,et
1513 4624 1920 4683 benedictione
1949 4623 2062 4680 ibi:

2184 4619 2355 4676 ἐκεῖσε
2405 4617 2637 4692 ἅπαντα,
2699 4621 2773 4685 ὡς
2845 4622 3191 4698 προείρηται,
3253 4621 3527 4700 ἐξέρχεται
3588 4623 3676 4681 διὰ
3737 4632 3841 4698 τῆς

428 4717 759 4789 patriarcha
788 4721 1046 4790 accepta,
1081 4733 1181 4789 per
1212 4720 1523 4788 angustam
1559 4716 1618 4772 S.
1651 4712 1873 4770 Nicolai
1907 4712 2077 4785 porti-

428 4825 562 4864 cum
613 4809 681 4864 ad
735 4823 963 4865 sacrum
1017 4810 1259 4877 puteum
1298 4805 1440 4873 abit,
1474 4808 1829 4876 acceptaque
1872 4817 2075 4859 rursus

431 4898 859 4965 benedictione,
882 4896 953 4952 ad
980 4895 1331 4963 mediam,ob
1354 4894 1569 4949 festum
1600 4891 2075 4948 Annuntiationis

430 4986 488 5042 in
524 4987 807 5060 palatium
856 4985 1144 5049 abiturus,
1181 4983 1334 5038 109
1381 4998 1495 5037 non
1543 4980 1820 5051 procedit,
1854 4981 1955 5036 sed
1988 4996 2075 5036 re-

430 5094 653 5147 versus,
705 5090 939 5149 parvam
987 5080 1211 5146 portam
1266 5072 1325 5126 in
1376 5076 1580 5126 sancto
1626 5074 1822 5140 puteo,
1877 5070 1972 5125 ubi
2020 5070 2079 5125 in

2190 4709 2445 4784 ἀνωτέρω
2486 4709 2781 4786 εἷ’ρημένης
2836 4709 3055 4783 πύλης’
3110 4712 3200 4767 xui
3231 4707 3415 4769 λαϐὼν
3470 4713 3641 4770 ἐκεῖσε
3693 4715 3839 4791 παρὰ

2180 4801 2276 4852 τοῦ
2308 4800 2650 4874 πατριάρχου
2684 4798 2959 4875 εὐλογίας,
2994 4797 3083 4856 διὰ
3134 4804 3231 4857 τοῦ
3273 4805 3459 4858 στενοῦ
3514 4806 3611 4858 τοῦ
3640 4804 3839 4879 ’Ἀγίου

2186 4885 2465 4944 Νικολάου
2515 4883 2834 4945 διαϐατικοῦ
2883 4888 3183 4966 ἀπέρχεται
3234 4890 3285 4946 ἐν
3331 4896 3409 4965 τῷ
3448 4892 3585 4967 ἁγίῳ
3625 4895 3841 4973 φρέατι,

2186 4978 2277 5033 xui
2309 4974 2492 5033 λαϐὼν
2522 4978 2667 5053 πᾶρά
2704 4983 2801 5034 τοῦ
2838 4980 3187 5059 πατριάρχου
3237 4980 3517 5058 εὐλογίας,
3565 4982 3664 5038 οὐκ
3702 4981 3847 5059 ἐξέρ-

2188 5087 2343 5143 χεται
2376 5068 2428 5122 ἐν
2455 5072 2523 5141 τῇ
2554 5068 2690 5143 μέσῃ
2724 5069 2860 5145 πρὸς
2888 5070 2951 5125 τὸ
2981 5069 3237 5135 ἀπελθεῖν
3281 5071 3443 5127 αὐτὸν
3489 5070 3543 5127 ἐν
3600 5076 3683 5145 τῷ
3747 5092 3849 5128 πα-

1794 5219 2031 5277 VARI/E
2068 5220 2485 5277 LECTIONES.

502 5357 549 5393 ³ο
575 5351 918 5427 εἰσέρχονται
950 5351 1041 5407 ed.

1498 5472 1702 5533 JOAN.
1734 5475 1852 5532 JAC
1895 5474 2161 5533 REISKII
2199 5471 2777 5536 COMMENTARIUS.

528 5606 620 5676 68)
650 5604 1025 5677 Significatur
1048 5610 1243 5677 porta
1273 5616 1445 5677 none
1487 5600 1732 5677 tribune
1778 5601 1839 5659 in
1870 5602 2077 5677 Naum,

436 5672 536 5733 sed
567 5672 610 5732 θ’
645 5672 1098 5747 Sceuophylacio
1130 5689 1231 5747 seu
1273 5673 1541 5747 sacristia
1569 5679 1729 5731 extra
1776 5675 2077 5734 ecclesiam

439 5750 499 5807 in
534 5748 665 5805 atrii
696 5744 934 5819 plagam
954 5744 1245 5802 borealem
1276 5746 1545 5804 educens.

2190 5603 2816 5748 Μ((ἒῖὲὲξὶιιροιιιιιιιιιι·
2860 5605 3086 5664 colores:
3116 5610 3307 5664 vestes
3336 5606 3506 5669 albis.
3539 5609 3679 5669 Vide
3710 5615 3832 5669 not.
