4158 6212
404 340 517 399 431

1479 329 1998 392 CONSTANTINI
2036 325 2734 390 PORPHYROGENITI

3694 328 3815 388 432

404 472 586 526 dsunt
633 472 824 525 autem
869 482 955 534 eo,
1008 464 1106 535 qui
1156 464 1215 519 in
1266 461 1509 535 reliquis
1563 460 2039 534 processionibus

2171 466 2250 528 ἰῆς
2282 458 2449 523 αὐτῆς
2491 456 2789 527 ἐκκλησίας
2842 458 2933 512 καὶ
2974 460 3069 512 τοῦ
3113 456 3401 533 νάρθηκος,
3442 456 3532 512 καὶ
3579 456 3819 514 ἀποδόν-

404 563 682 621 serVatur,
719 555 939 611 ordine.

2154 570 2240 611 τες
2271 547 2442 603 ἐκεῖσε
2471 548 2572 618 τήν
2621 554 2722 618 τῆς
2763 546 2926 617 λιτῆς
2966 544 3316 618 ἀκολουθίαν,
3369 546 3583 623 γίνεται
3624 550 3660 617 ἡ
3704 547 3822 603 εἲσ-

404 645 552 716 οδος,
585 644 671 699 καὶ
701 639 957 697 εἷσοδεύει
985 642 1013 696 ὁ
1048 639 1297 715 βασιλεὺς
1326 643 1415 697 καὶ
1448 643 1475 697 ὁ
1506 640 1854 719 πατριάρχης
1888 641 2022 716 μετὰ
2048 642 2139 696 καὶ
2165 640 2382 695 πάντων
2413 643 2520 694 τῶν
2550 637 2760 714 ἱερέων.
2784 638 2868 697 Τὰ
2891 634 2948 694 δὲ
2967 642 3067 706 τῆς
3102 639 3453 718 ὑποστροφῆς
3485 637 3815 696 ἐπιτελεῖται

400 737 577 796 καθὼς
606 734 693 790 καὶ
724 734 775 789 ἐν
804 738 919 795 ταῖς
942 731 1163 797 λοιπαῖς
1190 734 1569 809 προελεύσεσι.

949 832 1181 913 CAPUT
1220 833 1497 891 xxxvu.

407 922 835 996 Observatiode
880 924 1139 990 vestibus,
1192 924 1461 996 quomodo
1509 924 1576 979 ab
1626 923 2050 995 imperatoribus

545 997 606 1051 in
632 994 791 1066 leuis
822 996 1016 1051 diebus
1046 1012 1110 1051 ac
1136 994 1576 1068 processionibus
1604 994 1905 1052 mutentur.

476 1088 521 1141 Ι.
546 1089 612 1140 In
635 1090 840 1140 sancta
861 1089 917 1140 et
941 1102 1153 1157 magna
1173 1086 1475 1143 Dominica
1498 1084 2053 1153 Pascbatis,domini

402 1172 677 1230 violaceis
703 1174 1127 1245 scaramangiis
1160 1181 1214 1230 et
1237 1174 1394 1246 sagis
1422 1190 1561 1230 auro
1594 1174 1887 1247 praetextis
1907 1190 1938 1229 e
1959 1190 2054 1245 pa-

404 1263 545 1318 latio
578 1263 1050 1335 progrediuntur,
1086 1263 1143 1319 in
1175 1262 1442 1319 cubiculo
1473 1263 1737 1337 dapbnes
1764 1263 1969 1319 loricas
1999 1265 2056 1317 et

406 1352 669 1407 tzitzacia
702 1356 953 1420 mutant,
985 1352 1165 1424 ﬁtque
1196 1352 1275 1407 ibi
1310 1351 1591 1409 solemnis
1624 1352 1684 1409 in
1716 1368 1927 1425 magno
1947 1350 2051 1406 tri-

407 1441 582 1497 clinio
604 1440 722 1495 XIX
740 1441 1113 1497 accubituum
1140 1439 1435 1510 salutatio,
1458 1459 1573 1514 qua
1593 1449 1846 1515 peracta,
1863 1440 2056 1497 tzitza-

408 1531 513 1587 ciis
547 1532 848 1603 depositis,
880 1532 1006 1588 lora
1036 1540 1089 1588 et
1129 1549 1394 1600 coronas,
1430 1532 1593 1589 albas
1642 1532 1774 1588 illas
1819 1532 2054 1604 quidem

407 1625 507 1676 aut
522 1621 753 1690 rubras,
776 1626 1041 1688 sumunt,
1070 1637 1247 1676 manu
1264 1622 1507 1678 sinistra
1520 1622 1809 1694 scipiones
1826 1637 2052 1685 aureos,

407 1710 657 1782 gemmis
686 1715 743 1777 et
776 1710 1107 1783 margaritis
1140 1715 1397 1778 ornatos,
1418 1711 1611 1767 dextra
1632 1726 1768 1766 vero
1799 1710 2056 1766 acaciam

408 1801 675 1855 fuerunt:
701 1800 784 1855 sic
804 1801 1119 1872 processio,
1138 1804 1199 1855 ut
1215 1817 1396 1872 supra
1417 1800 1875 1867 observavimus,
1890 1797 2057 1854 insti-

406 1888 611 1943 tuitur.
631 1888 944 1944 Sciendum
969 1894 1076 1956 est,
1100 1889 1387 1955 dominos,
1414 1889 1696 1961 templum
1718 1905 1784 1945 ac
1808 1892 2057 1944 metato-
2089 1920 2137 1986 Β

407 1976 556 2032 rium
589 1994 691 2048 pro
724 1994 883 2033 more
909 1977 1230 2049 ingressos,
1266 1977 1389 2034 lora
1412 1978 1720 2049 deponere,
1743 1982 1801 2034 et
1832 1994 1965 2033 cum
1989 1978 2059 2033 ad

408 2065 535 2123 loca
549 2067 1217 2133 sacra,communionem
1235 2072 1847 2139 sanctamquecoenam
1866 2066 2057 2139 prodi-

408 2171 467 2211 re
498 2155 724 2225 volunt,
747 2172 863 2211 non
888 2156 1010 2211 lora
1032 2157 1132 2212 sed
1167 2156 1504 2227 chlamydes
1537 2157 1798 2214 induere.
1825 2155 2061 2213 Reversi

410 2246 598 2299 autem
638 2245 708 2299 ad
755 2243 1062 2314 palatium,
1088 2246 1212 2301 lora
1246 2249 1303 2301 et
1334 2262 1577 2303 coronas
1607 2248 1871 2313 sumunt,
1905 2244 1953 2301 si
1984 2243 2061 2301 al-

409 2332 543 2387 bam
569 2348 759 2401 mane,
794 2333 851 2387 in
879 2333 1068 2390 reditu
1096 2334 1358 2400 rubram,
1384 2335 1433 2391 si
1464 2336 1701 2391 rubram
1725 2334 1958 2405 egressi,
1984 2332 2063 2390 al-

409 2422 545 2476 bam
580 2422 892 2478 redeuntes
922 2422 1097 2493 capiti
1124 2423 1456 2495 imponunt.
1492 2428 1671 2480 Porro
1703 2422 1925 2481 domini
1969 2422 2062 2479 die

308 2562 309 2565 η
412 2514 670 2567 secunda
690 2511 1084 2568 renovationis
1104 2529 1134 2568 e
1151 2512 1365 2584 palatio
1390 2513 1628 2585 egressi,
1650 2512 1782 2570 alba
1803 2528 2061 2584 auroque

414 2598 638 2655 intexta
668 2600 1078 2672 scaramangia
1108 2605 1164 2656 et
1190 2601 1439 2672 gemmis
1460 2606 1697 2658 ornatos
1719 2600 1941 2672 gladios
1961 2616 2059 2672 ge-

418 2691 595 2744 stant.
624 2687 687 2743 In
713 2688 929 2760 templo
952 2693 1146 2744 autem
1162 2691 1649 2746 Dominicoronas
1666 2690 1859 2745 viriles
1886 2689 2061 2759 capiti

422 2775 667 2843 addunt,
721 2779 777 2831 et
820 2776 889 2830 ad
939 2780 995 2832 S.
1048 2777 1105 2833 S.
1156 2776 1559 2848 Apostolorum
1609 2778 1793 2833 aedem
1824 2777 2060 2847 abeunt,

421 2884 663 2940 eamque
695 2868 995 2925 dibetesiis
1027 2868 1177 2927 albis
1208 2887 1272 2926 ac
1300 2871 1515 2926 tunicis
1559 2871 1683 2927 suis
1733 2870 1938 2937 induti,
1980 2870 2065 2925 in-

420 2962 602 3026 trant,
637 2958 879 3013 reduces
910 2958 1136 3031 vesperi
1175 2958 1405 3017 colobia
1436 2964 1493 3015 et
1539 2959 1787 3033 gemmis
1830 2963 2065 3016 ornatos

422 3046 649 3120 gladios
681 3055 737 3103 et
763 3046 925 3103 albas
954 3064 1198 3106 coronas
1243 3055 1527 3120 sumunt;
1577 3050 1670 3106 sin
1700 3066 1830 3106 vero
1861 3049 2067 3106 tiaram

424 3152 528 3193 seu
559 3136 804 3209 tupham
838 3137 1018 3211 capiti
1051 3138 1352 3211 imponere
1403 3139 1657 3208 malunt,
1688 3139 1797 3195 hoc
1841 3154 2071 3210 quoque

2768 831 3036 887 ΚΕΦΔΛ.
3086 831 3208 889 ΛΖ’.

2163 921 2282 996 Χρή
2319 917 2541 989 εἰδέναι,
2577 921 2693 996 πῶς
2750 915 3136 996 ἀλλάσσουσινΔ
3177 920 3229 996 οἱ
3282 916 3540 976 δεσπόται
3590 919 3645 976 ἐν
3690 925 3810 985 ταῖς

2617 990 2830 1065 ἑορταῖς
2858 991 2948 1046 καὶ
2981 988 3359 1066 προελεύσεσι.

2231 1084 2314 1151 A',
2347 1085 2432 1156 Τῇ
2464 1080 2592 1159 ἁγίᾳ
2630 1080 2720 1135 καὶ
2755 1078 2972 1157 μεγάλῃ
3020 1084 3261 1155 Κυριακῇ
3302 1086 3401 1136 τοῦ
3440 1083 3639 1158 Πάσχα
3668 1081 3813 1158 ἐξὲρ..

2162 1194 2355 1252 γονται
2409 1174 2461 1227 οἱ
2520 1171 2774 1227 δεσπόται
2834 1171 2938 1225 ἀπὸ
2994 1173 3092 1226 τοῦ
3149 1169 3418 1226 παλατίου
3471 1174 3605 1245 μετά
3653 1172 3813 1243 ὀξεων

2164 1262 2589 1339 σκαραμαγγίων
2648 1262 2740 1316 καὶ
2806 1260 3381 1336 χρυσοπερικλεὶστων
3442 1260 3663 1339 σαγίων,
3722 1260 3809 1317 καὶ

2160 1356 2217 1409 ἓν
2268 1358 2346 1425 τῷ
2392 1356 2612 1408 κοιτῶνι
2664 1352 2764 1421 τῆς
2816 1348 3022 1430 δάφνης
3071 1348 3406 1406 ἀλλάσσουσι
3436 1352 3502 1406 τὰ
3548 1352 3811 1426 θωράκια,

2164 1438 2594 1518 περιϐάλλονται
2650 1437 2705 1495 δὲ
2770 1440 2861 1495 καὶ
2926 1439 2993 1494 τά
3035 1440 3339 1510 τζιτζάκια,
3390 1440 3480 1495 καὶ
3526 1440 3732 1518 γίνεται
3784 1441 3810 1495 ὁ

2164 1518 2448 1604 ἀσπασμὸς
2500 1532 2611 1603 (71)
2660 1527 2712 1583 ἐν
2751 1532 2831 1601 τῷ
2874 1527 3097 1603 μεγάλῳ
3147 1526 3407 1603 τρικλίνῳ
3453 1533 3560 1584 τῶν
3611 1530 3677 1583 ιϐ’
3720 1527 3815 1584 ἀκ-

2165 1616 2462 1690 κουϐίτων,
2523 1618 2613 1673 καὶ
2668 1617 2803 1692 μετά
2850 1618 2943 1672 τὸν
3012 1617 3295 1691 ἀσπασμὸν
3368 1613 3700 1673 ἐκϐάλλουσι
3750 1616 3818 1673 τὰ

2164 1708 2444 1779 τζιτζάκια
2474 1707 2564 1761 καὶ
2594 1701 3029 1779 περιϐάλλονται
3080 1706 3206 1768 τοὺς
3259 1704 3474 1780 λώρους
3506 1707 3597 1761 καὶ
3649 1708 3816 1778 στὲμ-

2171 1818 2335 1871 ματα,
2366 1797 2411 1852 εἰ
2457 1794 2766 1867 κελεύουσι,
2830 1793 2997 1850 λευκὰ
3056 1794 3164 1851 εἴτε
3224 1795 3431 1869 ῥούσια,
3489 1796 3578 1851 καὶ
3631 1793 3683 1850 ἐν
3718 1796 3815 1868 μὶν

2164 1887 2235 1962 τῇ
2296 1886 2565 1959 εὐωνύμῳ
2614 1884 2762 1961 χειρὶ
2818 1888 3076 1960 κρατοῦσι
3129 1884 3419 1955 σκηπίονας
3468 1889 3707 1961 χρυσοῦς
3759 1883 3820 1940 ἐκ

2170 1976 2340 2032 λίθων
2385 1974 2476 2031 καὶ
2528 1974 2819 2051 μαργάρων
2869 1974 3297 2051 ἠμφιεσμένους,
3350 1996 3402 2029 εν
3457 1972 3513 2029 δὶ
3558 1978 3630 2049 τῇ
3677 1973 3822 2045 δεξιᾷ

2169 2066 2316 2143 χειρὶ
2366 2067 2465 2135 τὴν
2514 2065 2871 2138 ἀνεξικακίαν·
2924 2065 2991 2119 τὰ
3048 2063 3104 2120 δὶ
3149 2071 3249 2134 τῆς
3289 2064 3665 2141 προελεύσεως
3703 2064 3823 2118 ἐπι-

2164 2156 2428 2224 τελεῖται,
2469 2153 2649 2218 καθὼς
2698 2154 3012 2231 εἰρήκαμεν.
3066 2154 3287 2226 Ἰστέον,
3338 2152 3444 2225 δτι,
3485 2158 3591 2209 τῶν
3626 2150 3821 2209 δεσπο-

2165 2246 2273 2301 τῶν
2319 2240 2732 2299 εἷσοδευσάντων
2782 2243 2920 2298 κατᾶ
2974 2243 3035 2297 τὸ
3095 2243 3287 2307 εἰωθὸς
3341 2243 3431 2297 καὶ
3462 2240 3815 2307 εἰσελθόντων

2167 2332 2219 2391 ἐν
2268 2338 2347 2406 τῷ
2400 2353 2746 2407 μητατωριῇ,
2798 2326 3129 2387 ἐκϐάλλουσι
3173 2333 3301 2393 τοὺς
3346 2330 3583 2408 λώρους,
3626 2331 3716 2386 καὶ
3749 2328 3815 2401 δὴ

2168 2419 2505 2483 ἐκϐαίνοντες
2544 2421 2618 2482 εἷς
2667 2422 2731 2474 τὰ
2764 2420 2887 2496 ’ἀγια
2931 2424 3044 2495 (72)
3093 2421 3183 2475 καὶ
3234 2421 3308 2482 εἷς
3338 2423 3440 2491 τήν
3480 2420 3694 2498 ἀγάπην
3726 2422 3816 2475 καὶ

2170 2513 2243 2575 εἷς
2294 2513 2391 2581 τήν
2438 2510 2747 2577 κοινωνίαν,
2799 2507 2864 2564 οὑ
2922 2504 3353 2585 περιϐάλλονται
3401 2510 3525 2573 τοὺς
3576 2509 3814 2586 λώρους,

2167 2601 2311 2656 ἀλλὰ
2342 2597 2656 2675 χλαμύδαςο
2708 2597 2759 2653 ἐν
2812 2598 2869 2654 δε
2912 2604 2992 2673 τῷ
3042 2600 3393 2677 ὑποστρέφειν
3428 2599 3621 2662 αὐτοὺς
3659 2598 3711 2654 ἐν
3736 2603 3817 2671 τῷ

2168 2688 2441 2762 παλατίῳ,
2474 2683 2905 2764 περιϐάλλονται
2935 2688 3061 2751 τοὺς
3113 2689 3329 2766 λώρους
3367 2688 3457 2745 καὶ
3514 2688 3815 2764 στέμματα,

2170 2778 2215 2834 εἷ
2250 2779 2343 2851 μὲν
2376 2776 2426 2832 ἐν
2458 2781 2537 2849 τῷ
2566 2778 2713 2852 πρωὶ
2753 2775 2942 2847 λευκά,
2998 2776 3050 2833 ἐν
3103 2784 3171 2853 τῇ
3227 2778 3546 2856 ὑποστροφῇ
3606 2777 3819 2855 ῥοὺσια,

2171 2868 2214 2924 εἰ
2271 2865 2327 2922 δὲ
2384 2868 2463 2939 τῷ
2520 2867 2667 2941 πρωῒ
2734 2866 2945 2942 ρούσια,
3002 2864 3053 2921 ἐν
3110 2870 3180 2941 τῇ
3244 2868 3561 2942 ὑποστροφῇ
3630 2864 3819 2926 λευκά.

2173 2957 2387 3027 Ἰστέον,
2426 2957 2531 3027 ὅτι,
2564 2959 2671 3010 τῶν
2703 2953 2979 3012 δεσποτῶν
3024 2958 3093 3030 τῇ
3144 2953 3365 3031 δευτέρᾳ
3402 2962 3504 3025 τῆς
3537 2953 3822 3026 διακαινη-

2175 3046 2340 3119 σίμου
2382 3043 2607 3101 ἀπὸτοῦ
2653 3043 2922 3100 παλατίου
2969 3042 3361 3123 ἐξερχομένων,
3394 3042 3826 3120 περιϐάλλονται

2175 3133 2242 3189 τὰ
2266 3133 2434 3190 λευκὰ
2461 3139 2637 3209 χρυσᾶ
2664 3134 3052 3209 σκαραμάγγια
3082 3134 3171 3189 καὶ
3203 3134 3267 3189 τὰ
3298 3131 3517 3190 διαλιοα
3546 3134 3755 3191 τούτων
3786 3135 3833 3170 ³⁸

424 3244 457 3281 a
500 3226 926 3301 consuetudine
978 3244 1094 3283 non
1143 3227 1397 3284 alienum
1448 3229 1716 3284 habetur.
1751 3230 1894 3283 III
1955 3228 2061 3282 Ilac

2179 3223 2397 3288 σπαοία.
2452 3225 2537 3280 Ἐν
2587 3221 2643 3277 δὲ
2706 3226 2775 3296 τῇ
2837 3223 2934 3277 τοῦ
2995 3223 3194 3298 Κυρίου
3242 3221 3505 3295 ἐκκλησίᾳ
3558 3218 3831 3298 περιϐάλ-

423 3316 735 3383 septimana
749 3296 1139 3370 reniovationis
1155 3316 1433 3372 dibetcsia
1446 3315 1922 3382 albainduunt,si
1939 3331 2061 3371 vero

2180 3315 2369 3370 λονται
2427 3311 2710 3386 στέμματα
2789 3313 3042 3386 πράσινα,
3100 3313 3190 3367 καὶ
3252 3315 3579 3389 ἂπὲρχονται
3639 3312 3690 3368 ἐν
3756 3316 3825 3387 τῇ

420 3402 858 3473 processionem
892 3404 964 3457 ad
993 3403 1298 3473 templum,
1332 3410 1434 3460 aut
1463 3422 1751 3475 pompam,
1778 3408 1877 3459 aut
1909 3420 2067 3460 rece-

419 3489 681 3561 ptionem
704 3490 1159 3560 instituijubent
1184 3491 1244 3548 in
1268 3492 2063 3564 palatio,tzitzaciainduunt.

418 3578 723 3635 Dominica
771 3595 920 3635 nova
968 3596 1069 3635 seu
1116 3580 1451 3638 clausarum
1510 3587 1813 3653 portarum
1863 3582 2066 3639 eodem

421 3668 592 3724 modo
642 3668 990 3724 celebratur.
1046 3670 1209 3742 Saepe
1257 3672 1454 3743 etiam,
1505 3673 1551 3727 si
1600 3672 1855 3728 dominis
1905 3671 2066 3738 libet,

421 3754 533 3811 hoc
565 3756 707 3813 festo
761 3773 861 3827 pro
892 3757 1041 3813 albis
1086 3775 1347 3832 auroque
1388 3759 1624 3817 intextis
1653 3760 2067 3831 scaramangiis

417 3861 713 3917 purpurea
734 3862 876 3902 auro
898 3856 1103 3903 ornata
1130 3849 1405 3905 induunt.
1433 3850 1492 3905 In
1519 3851 1666 3906 {esto
1688 3850 1890 3906 medias
1912 3854 2067 3906 Pen-

418 3939 667 3991 tecostes
700 3935 990 3993 similibus
1025 3939 1355 3995 mutatoriis
1390 3944 1651 3996 utuntur.
1678 3940 1739 3996 In
1774 3941 1921 3996 festo
1955 3944 2064 3997 As-

418 4024 706 4082 censionis
737 4026 965 4082 Domini
996 4028 1415 4101 scaramangiis
1446 4029 1757 4086 triblalteis
1788 4046 1818 4085 e
1854 4029 2067 4101 palatio

417 4115 989 4188 progressi,celocem
1006 4118 1476 4175 conscenduntet
1490 4119 1563 4175 ad
1576 4127 1801 4191 portam
1828 4135 2065 4176 auream

417 4206 655 4276 abeunt,
682 4205 779 4261 ubi
802 4206 995 4262 aureis
1018 4209 1446 4281 gemmatisque
1466 4208 1679 4281 gladiis
1700 4209 1899 4279 cincti,
1916 4226 2066 4281 equo

413 4295 771 4350 ornamentis
807 4294 959 4351 circa
992 4295 1207 4351 collum
1240 4296 1525 4353 instructo
1557 4298 1871 4365 vehuntur,
1905 4304 1960 4354 et
1993 4299 2066 4354 ad

2180 3400 2441 3473 ἐκκλησίᾳ
2472 3408 2578 3456 τῶν
2611 3400 2810 3476 ’Δγίων
2840 3400 3219 3474 Ἀποστόλων,
3250 3403 3340 3458 καὶ
3389 3398 3824 3479 περιϐάλλονται

2176 3493 2243 3547 τά
2308 3492 2509 3546 ἐαυτων
2572 3489 2737 3545 λευκά
2790 3486 3086 3562 διϐητήσια
3139 3492 3227 3547 καὶ
3284 3494 3352 3549 τὰ
3410 3490 3666 3568 χλανίδια
3737 3493 3825 3548 καὶ

2179 3578 2534 3650 εἷσοδεύουσι,
2568 3577 2757 3643 δείλης
2782 3578 2839 3635 δὲ
2860 3579 2911 3634 ἐν
2939 3584 3007 3653 τῇ
3043 3582 3357 3661 ὑποστροφῇ
3390 3577 3825 3657 περιϐάλλονται

2177 3670 2242 3725 τὰ
2271 3664 2542 3739 κολώϐια,
2586 3665 2753 3742 ἤγουν
2803 3670 2931 3730 τοὺς
2970 3669 3157 3744 κριοὺς
3204 3675 3339 3743 (73),
3379 3672 3469 3726 καὶ
3507 3671 3574 3727 τὰ
3606 3668 3826 3726 διάλιθα

2182 3758 2445 3829 ζωστίκια
2474 3756 2670 3813 σπαθία
2698 3756 2786 3811 καὶ
2833 3759 3113 3833 στέμματα
3146 3758 3333 3830 λευκὰ,
3367 3757 3473 3815 εἷδέ
3509 3760 3825 3834 βουληθῶσι

2182 3846 2409 3924 βάλλειν
2443 3846 2538 3911 τὰς
2568 3846 2785 3921 τιάρας,
2814 3844 2982 3922 ἤγουν
3010 3848 3106 3911 τὰς
3144 3848 3368 3928 τοὺφας,
3399 3844 3828 3925 περιϐάλλονται

2177 3938 2364 4001 αὐτάς.
2411 3936 2629 4008 Ἰστὲον,
2684 3936 2766 3993 ὅτι
2816 3937 2984 4013 ταύτῃ
3034 3942 3102 4012 τῇ
3152 3933 3417 4013 ἑϐδομάδι
3462 3946 3561 4009 τῆς
3620 3936 3831 3993 διακαισ

2176 4028 2413 4102 νησίμου
2454 4032 2713 4105 φοροῦσιν
2765 4029 2817 4083 οἱ
2868 4025 3125 4084 δεσπόται
3173 4036 3239 4084 τα
3287 4028 3463 4104 ἄσπρα
3510 4025 3829 4101 διϐητήσια,

2178 4117 2227 4174 εἴ
2258 4116 2314 4173 δὲ
2355 4117 2676 4193 βουληθῶσι
2725 4125 2953 4187 ποιῆσαι
3002 4118 3037 4188 ἢ
3088 4119 3383 4194 πρόκενσον
3441 4118 3492 4174 ἐν
3543 4118 3829 4191 ἐκκλησίᾳ,

2179 4208 2287 4262 εἴτε
2318 4206 2478 4276 λιτὴν
2512 4206 2618 4261 ε’ἰτε
2658 4204 2831 4282 δογὴν
2876 4206 2929 4261 ἐν
2966 4210 3043 4278 τῷ
3072 4204 3350 4280 παλατίῳ,
3399 4202 3828 4281 περιϐάλλονται

2174 4297 2243 4352 τά
2285 4295 2584 4367 τζιτζάκια.
2638 4293 2852 4366 Ἰστέον,
2918 4294 3000 4351 ὅτι
3057 4298 3127 4369 τῇ
3183 4299 3343 4369 καινῇ
3390 4301 3633 4372 Κυριακῇ
3692 4300 3830 4369 (74⁸,

1776 4423 2015 4481 νΑΒΙιΕ
2055 4422 2465 4483 LECTIONES.

483 4509 529 4543 ³⁴
557 4507 767 4564 τούτων
797 4527 910 4567 om.
944 4512 1041 4567 ed.

1462 4630 1661 4686 JOAN.
1702 4630 1846 4687 JAC.
1887 4631 2145 4689 REISKII
2185 4626 2772 4688 COMMENTARIUS.

485 4757 595 4827 (7i)
624 4756 683 4812 Id
714 4760 805 4813 est
834 4754 1125 4831 veneratio
1159 4755 1405 4831 Augusti
1424 4757 1851 4831 etgratulatio,
1876 4776 1991 4831 qua

485 4775 595 4827 my
624 4775 683 4812 ια
714 4775 805 4813 est
834 4775 1125 4812 veneratio
1159 4775 1405 4827 augusu
1435 4775 1491 4814 et
1520 4775 1851 4829 gratulatio,
1876 4775 2053 4831 quam

414 4829 524 4898 ipsi
559 4844 825 4899 proceres
847 4828 918 4884 ob
941 4828 1153 4884 festum
1181 4829 1333 4884 diem
1361 4830 1605 4888 feliciter
1625 4831 1849 4887 aditum
1882 4837 1937 4887 et
1959 4831 2055 4887 ab-
2086 4799 2131 4863 D

412 4900 751 4974 solvendum
764 4900 1110 4974 ,szepiusque
1125 4901 1398 4974 deinceps
1412 4902 1739 4959 iterandum
1758 4908 2051 4974 prmstant.

483 4972 596 5042 (72)
616 4968 921 5046 subintell.
948 4968 1116 5046 δῶρα.
1159 4968 1372 5046 Tripek
1404 4976 1498 5046 hic
1533 4968 1889 5032 memoratur
1920 4992 2056 5046 pro—-

410 5060 613 5099 cessus
644 5044 1180 5112 imperatoris,dum
1218 5044 1272 5098 in
1308 5045 1549 5101 ecclesia
1580 5053 1687 5112 est,
1731 5064 1763 5102 e
1795 5064 1899 5103 suo
1922 5044 2056 5104 ‘me-

411 5116 619 5171 tatorio
654 5132 666 5169 :
704 5116 756 5185 1)
787 5112 861 5187 εἰς
894 5114 960 5167 τά
980 5116 1129 5187 ἅγια,
1162 5120 1388 5184 quando
1422 5118 1603 5174 sacris
1636 5117 1893 5174 nondum
1918 5136 2052 5174 con-

411 5186 669 5247 secratis.
702 5186 802 5242 sed
834 5203 965 5241 mox
996 5186 1426 5257 cnnsecrandis,
1458 5189 1683 5245 obviam
1718 5192 1782 5254 it,
1815 5194 1954 5244 dum
1988 5207 2056 5246 ea

412 5258 470 5311 in
506 5258 742 5312 introitu
776 5274 986 5329 magno
1019 5259 1102 5312 sic
1134 5258 1291 5312 dicto
1325 5276 1423 5327 per
1454 5262 1761 5316 ecclesiam
1796 5261 2052 5316 circum-

409 5329 677 5403 feruntur
725 5330 1057 5403 adoranda;
1094 5330 1161 5403 _2)
1210 5330 1279 5383 ad
1328 5333 1589 5403 Agapen,
1630 5348 1733 5387 seu
1783 5334 2052 5388 osculum

410 5400 588 5469 pacis.
618 5401 673 5469 3)
705 5400 777 5454 ad
808 5400 1302 5455 communionem.

480 5470 587 5541 (73)
644 5471 806 5526 Forte
855 5472 924 5527 ab
972 5478 1192 5526 intexta
1242 5472 1428 5537 ﬁgura
1471 5474 1716 5529 arietum
1769 5474 1851 5530 sic
1896 5476 2052 5532 dicta

406 5542 640 5597 fuerunt
662 5542 791 5615 haec
814 5544 1056 5599 colobia.
1086 5541 1353 5597 Ζωστίκια
1387 5543 1586 5599 σπαθία
1607 5545 1879 5602 videntur
1899 5564 2047 5615 esse,

408 5630 534 5683 qua:
578 5630 607 5669 c
654 5614 888 5671 balthco
938 5620 1261 5690 gestantur,
1293 5634 1428 5690 cum
1474 5616 1598 5673 alis:
1648 5619 1869 5690 spathae
1910 5620 2049 5690 sint,

406 5682 532 5757 qua:
567 5702 777 5755 manu;
823 5682 1198 5761 παρᾶζωνίδια
1244 5682 1499 5762 appellat
1536 5682 1849 5748 Athenaeus
1883 5690 1917 5746 Ι.
1954 5682 2048 5747 IV.

2242 4758 2353 4833 (74)
2387 4756 2560 4812 Varia
2594 4755 2833 4833 nomina
2862 4756 3040 4833 habet
3053 4757 3158 4833 big
3181 4758 3304 4833 dies
3340 4758 3699 4833 Domi_nicus,
3725 4761 3827 4833 qui

2173 4830 2475 4903 proximus
2493 4844 2597 4903 seu
2623 4832 2823 4883 octava
2845 4834 2933 4903 est
2954 4848 2986 4886 a
3010 4830 3103 4887 die
3123 4829 3447 4903 Pascbatis.
3470 4830 3617 4903 Nam
3640 4832 3675 4899 ἡ
3708 4829 3828 4885 και-

2164 4896 2254 4972 φὴ,
2307 4905 2448 4957 item
2481 4900 2514 4966 ἡ
2546 4896 2637 4974 ν-έα
2671 4899 2937 4974 Κυριακή,
2972 4906 3035 4957 ut
3067 4906 3124 4974 ei,
3166 4901 3200 4970 ἠ
3252 4896 3675 4974 διακαινιςσιμος
3722 4919 3825 4972 ap.

2166 4969 2440 5048 pellatur,
2473 4978 2530 5048 et
2559 4971 2594 5039 ἡ
2626 4969 2758 5048 τῶν-’
2783 4972 2958 5043 Θυρῶν
2988 4969 3410 5048 κεκλεισμένων,
3463 4969 3599 5046 quia
3641 4969 3823 5048 evan-

2164 5044 2383 5118 gelium
2418 5059 2432 5099 :
2468 5044 2535 5098 Et
2564 5059 2689 5118 cum
2709 5044 3112 5118 junuzjreissent
3138 5046 3362 5113 clausae,
3396 5044 3519 5118 tum
3557 5044 3823 5118 prazlegi-

2163 5113 2273 5173 tur.
2299 5116 2361 5171 Ἠ
2391 5113 2830 5188 ’Διακαινήσιμος
2864 5117 3099 5188 dicitur,
3135 5118 3269 5187 quia
3294 5113 3645 5188 necpboti’sti
3681 5113 3817 5172 tunc

2164 5207 2267 5261 pro
2299 5186 2507 5261 ultima
2531 5187 2661 5261 _vice
2710 5188 2769 5261 in
2812 5187 2953 5261 albis
3004 5186 3415 5261 procedebant,
3464 5194 3822 5261 quapropter

2162 5257 2334 5315 etiam
2363 5259 2420 5332 in
2442 5257 2625 5332 latina
2646 5257 2889 5332 ecclesia
2912 5257 3030 5332 haec
3050 5260 3346 5315 dominica
3372 5260 3434 5315 in
3456 5257 3605 5316 Ᾱιὺίἐ
3626 5257 3824 5332 appel-

2163 5332 2357 5396 latur;
2388 5330 2423 5396 ὴ
2474 5328 2563 5402 vis
2594 5329 2774 5402 Δαυῑὴ
2827 5330 2985 5399 καινή
3036 5346 3189 5399 vero,
3235 5334 3372 5402 quia
3419 5339 3511 5387 est
3561 5328 3822 5400 proiims

2162 5405 2361 5458 futura
2384 5400 2675 5455 dominica
2702 5406 2826 5463 post
2850 5402 3217 5457 Dominicam
3242 5400 3453 5458 eximie
3477 5403 3559 5458 sic
3580 5404 3818 5471 iictam,

2161 5475 2218 5531 id
2250 5478 2340 5530 est
2368 5473 2522 5527 diem
2553 5472 2874 5546 Paschalis.
2905 5473 3092 5529 Simili
3120 5475 3289 5546 modo
3325 5491 3685 5546 usurpamus
3714 5491 3823 5531 nos

2159 5561 2357 5602 vocem
2389 5560 2497 5599 neu
2547 5545 2605 5598 in
2639 5559 2909 5600 sermone
2941 5550 3138 5601 nostro
3173 5560 3187 5601 τ
3220 5545 3309 5601 die
3338 5545 3487 5603 neue,
3513 5547 3705 5603 Woche
3734 5550 3822 5602 est

2161 5617 2487 5691 septimana
2503 5615 2763 5691 progime
2786 5616 3001 5686 futura,
3020 5616 3360 5676 imminens.
3377 5618 3505 5674 Vid.
3532 5619 3820 5691 DuCange

2160 5687 2347 5748 Gloss.
2380 5687 2479 5745 Gr.
2515 5702 2571 5759 p.
2602 5687 2733 5741 769.
