4158 6212
371 364 489 431 435

1419 353 1941 416 CONSTANTINI
1982 318 2680 420 PORPHYROGENITI

3664 354 3786 418 436

373 501 432 557 in
470 499 623 555 circo
646 513 873 569 pagana
903 493 1244 548 vestimenta
1272 505 1536 562 proceres
1566 488 1906 545 atrahaticas
1927 490 2013 541 tu-

2133 485 2219 541 οἶα
2248 484 2670 559 κελεύουσι,καὶ
2714 489 2819 543 ἄπὸ
2858 491 2954 543 τοῦ
3006 486 3350 565 Εὐαγγελίου
3403 485 3783 565 ὑποστρέφου-

374 593 534 647 nicas
564 592 817 659 gestant.
838 586 899 638 In
919 580 1340 639 certaminibus
1358 581 1729 650 equestribus
1752 576 2021 632 omnibus

381 694 674 751 purpurea
697 674 977 729 dihctesia
995 678 1046 727 et
1069 670 1407 743 chlamydes
1429 684 1771 739 purpureas,
1798 672 1856 722 et
1874 682 2022 736 quas

378 768 577 824 volunt
610 780 873 821 coronas.
897 763 956 818 In
993 766 1137 817 festo
1160 766 1493 817 sanctorum
1511 759 1823 814 Luminum
1849 758 1905 811 in
1921 773 2020 811 cu-

374 854 569 912 biculo
583 853 733 923 daph
744 868 843 907 nes
861 856 1067 921 praeter
1083 849 1375 905 debetesia
1387 854 1443 903 et
1458 848 1682 902 tunicas
1703 858 2023 916 purpureas

370 945 625 1001 Venetas
655 958 917 1007 coronas,
950 940 1009 995 in
1043 940 1227 994 reditu
1260 938 1445 1003 albas,
1475 941 1736 991 sumunt.
1780 936 1844 989 In
1876 934 2020 989 testo

380 1050 662 1091 occursus
693 1048 792 1088 seu
826 1028 1254 1086 Puriﬁcalionis
1284 1029 1345 1083 B.
1400 1026 1591 1082 Mariae
1620 1025 1874 1080 violacea
1913 1039 2022 1078 sua

379 1124 781 1190 scaramangia
821 1122 1074 1184 mutant,
1128 1125 1184 1172 et
1217 1116 1407 1171 celoce
1456 1117 1525 1171 ad
1576 1113 1858 1184 templum
1901 1116 2017 1167 ter-

376 1216 595 1269 sanctaa
626 1210 888 1280 Deiparas
910 1207 968 1261 in
998 1205 1330 1261 blachernis
1361 1205 1667 1272 vehuntur,
1699 1203 1872 1273 inque
1894 1202 2020 1273 ejus

376 1300 647 1358 cubiculo
682 1312 977 1371 purpurea
1029 1295 1306 1351 dibetesia
1336 1299 1393 1349 et
1434 1293 1652 1349 similes
1684 1292 2021 1366 chlamydes

375 1390 651 1447 induunt.
680 1387 992 1455 Dominica,
1014 1384 1236 1441 sanctis
1253 1383 1611 1455 Imaginibus
1634 1383 1915 1437 restitutis
1928 1399 2020 1437 sa-

376 1497 494 1548 cra,
536 1495 566 1535 e
597 1476 810 1549 palatio
849 1474 1121 1531 violaceis
1154 1473 1579 1545 scaramangiis
1624 1472 1748 1527 suis
1779 1475 1836 1525 et
1866 1470 2022 1542 sagis

375 1584 516 1624 auro
540 1567 776 1622 intextis
798 1564 1065 1626 veniunt,
1093 1566 1149 1617 et
1187 1562 1256 1615 ad
1285 1561 1701 1617 catechumena
1724 1559 2021 1629 S.SOphiaa

350 1706 353 1713 ι
371 1658 687 1730 progressi,
706 1653 1320 1729 purpureadibetesia,
1338 1662 1383 1707 et
1408 1669 1537 1722 quae
1552 1653 1622 1705 ad
1650 1668 1711 1706 ea
1731 1652 2024 1721 pertinent

374 1746 710 1818 chlamydes
739 1744 1012 1811 induunt,
1045 1747 1265 1796 etcum
1300 1739 1547 1795 solemni
1582 1756 1794 1811 pompa
1826 1740 2026 1810 ingre—

290 1842 299 1846 ⁴
373 1837 653 1901 diuntur;
684 1834 896 1888 deinde
933 1847 1098 1886 sacro
1131 1829 1436 1901 Evangelia
1479 1830 1535 1884 in
1586 1828 2023 1884 catechumenis

374 1925 599 1990 audito,
620 1924 691 1978 ad
725 1922 878 1977 mdes
934 1918 1347 1990 patriarchales
1378 1918 1710 1972 discedunt.
1768 1921 1833 1973 In
1880 1918 2019 1971 festo

360 2010 854 2072 ‘Annuntiationis
877 2008 1264 2066 sanctissimas
1283 2007 1539 2078 Virginis
1561 2007 1819 2077 Deiparas
1841 2008 1898 2061 in
1918 2023 2017 2062 cu-

374 2102 570 2159 biculo
592 2101 853 2171 daphnes
882 2098 1164 2154 dibetesia
1196 2112 1486 2168 purpurea
1516 2113 1581 2151 ac
1603 2096 1828 2152 similes
1852 2096 2020 2150 tuni-

376 2206 477 2248 cas
516 2190 728 2252 induti,
763 2205 894 2244 cum
948 2187 1315 2259 processione
1343 2186 1413 2241 ad
1462 2186 1675 2253 forum,
1728 2186 1861 2241 inde
1892 2192 2023 2257 post

374 2285 671 2335 extensam
697 2278 766 2333 ad
803 2276 1079 2349 templum
1114 2276 1171 2332 S.
1199 2275 1448 2346 Ueiparaa
1481 2274 2021 2346 chalc0prateorum

379 2369 852 2441 progrediuntur,
877 2367 975 2421 ubi
1010 2366 1319 2436 purpureis
1349 2365 1660 2436 aUreisque
1693 2381 2023 2421 scaraman-

374 2458 485 2531 giis
510 2456 722 2524 induti,
746 2456 985 2525 suisque
1008 2454 1239 2525 gladiis,
1263 2460 1315 2508 et
1336 2454 1553 2525 quibus
1577 2453 2024 2511 voluntcoronis

377 2548 575 2615 cincti,
609 2549 845 2614 adsunt,
880 2544 1143 2615 praelecto
1166 2561 1297 2600 vero
1322 2544 1651 2616 Evangelio,
1686 2545 1851 2616 equis
1874 2547 2026 2601 circa

375 2638 591 2691 collum
625 2634 866 2703 pulchre
896 2634 1119 2688 ornatis
1173 2635 1413 2687 domum
1460 2633 1773 2688 vehuntur.

2129 597 2211 631 σιν
2264 572 2491 655 ἔφιπποι
2543 580 2679 652 μετά
2725 584 2833 634 τῶν
2895 579 3231 654 χιωμάτων.
3294 578 3521 647 ἰστὲον,
3579 577 3663 633 ὅτι
3715 580 3784 651 τῇ

2128 668 2288 740 ἑορτῇ
2318 674 2417 737 τῆς
2446 669 2731 743 Ὑψώσεως
2762 667 3133 724 ἀλλάσσουσιν
3169 668 3221 723 οἱ
3254 663 3508 722 δεσπόται
3540 668 3607 722 τὰ
3648 686 3783 742 πορ⁸

2128 761 2269 833 φυρᾶ
2308 753 2605 829 διϐητήσια
2645 758 2735 814 καὶ
2781 760 2876 821 τάς
2942 758 3158 814 τούτων
3202 755 3515 833 χλαμύδας.
3567 758 3782 826 Ἰστὲον,

2127 844 2309 920 ὅτιτῇ
2366 849 2528 923 ἑορτῇ
2575 852 2671 903 τοῦ
2723 848 2876 923 ἁγίου
2938 849 3261 922 Δημητρίου
3322 846 3689 903 ἀλλάσσουσιν
3732 848 3782 902 οἱ

2127 934 2379 992 δεσπόται
2401 940 2465 993 τὰ
2490 945 2741 1018 πορφυρᾶ
2781 936 3081 1011 διϐητήσια
3113 941 3204 995 καὶ
3237 941 3334 1001 τὰς
3381 940 3587 994 τούτων
3642 937 3784 1014 χλα-

2129 1024 2321 1100 μύδας.
2381 1027 2602 1100 Ἰστέον,
2664 1031 2746 1084 ὅτι
2798 1034 2866 1104 τῇ
2930 1030 3098 1105 ἑορτῇ
3148 1033 3244 1086 τοῦ
3312 1031 3782 1103 ’Λρχιστρατήγου

2127 1114 2490 1173 ἀλλάσσουσιν
2523 1120 2574 1174 οἱ
2621 1117 2877 1196 δεσπφται
2924 1118 2991 1174 τά
3048 1124 3304 1197 πορφυρᾶ
3357 1114 3655 1188 διὸητήσια
3692 1118 3784 1173 καὶ

2126 1204 2222 1266 τὰς
2267 1208 2474 1276 τούτων
2544 1208 2856 1284 χλαμύδας.
2923 1209 3152 1279 Ἰστὲον,
3212 1209 3405 1282 ὅτιτῇ
3464 1208 3627 1279 ἑορτῇ
3676 1212 3784 1262 τῶν

2124 1296 2568 1371 Χριστουγέννων
2601 1296 2655 1352 ἐν
2686 1303 2765 1371 τῷ
2804 1302 3028 1353 κοιτῶνι
3058 1305 3159 1367 τῆς
3208 1295 3413 1376 δάφνης
3467 1296 3785 1352 ἀλλάσσου-

2129 1403 2209 1439 σιν
2240 1386 2291 1440 oi
2324 1383 2582 1443 δεσπόται
2653 1390 2721 1443 τά
2772 1389 3023 1468 πορφυρά
3062 1384 3359 1458 διϐητήσια
3389 1388 3602 1449 καὶτὰς
3659 1386 3784 1441 τού-

2131 1496 2239 1530 των
2268 1474 2563 1551 χλαμύδας
2586 1478 2675 1533 καὶ
2727 1477 3008 1551 πέμματα
3057 1477 3312 1551 πράσινα,
3344 1477 3395 1531 ἐν
3433 1474 3488 1532 δὲ
3527 1480 3593 1550 τῇ
3650 1476 3785 1531 ὑπο-

2132 1569 2342 1639 στροφῇ
2394 1566 2679 1641 στέμματα
2748 1566 2933 1623 λευκά.
3005 1568 3219 1637 Ἱστὲον,
3263 1568 3347 1622 δτι
3375 1566 3443 1641 τῇ
3473 1566 3657 1639 ἡμέρᾳ
3685 1569 3784 1622 τοῦ

2131 1654 2376 1709 Beroe”
2424 1659 2533 1729 (78)
2584 1658 2636 1712 ἑν
2692 1662 2772 1730 τῷ
2843 1654 3201 1733 ἱπποδρομίῳ
3278 1654 3641 1711 ἀλλάσσουσιν
3730 1656 3785 1711 οἱ

2136 1741 2389 1799 δεσπόται
2427 1744 2494 1799 τά
2552 1746 2783 1821 παγανὰ,
2833 1746 2921 1800 καὶ
2955 1747 3005 1801 οἱ
3046 1745 3313 1821 ἄρχοντες
3357 1745 3423 1800 τά
3452 1740 3785 1820 ἀτραϐατικὰ

2141 1830 2420 1907 χλανίδια.
2481 1835 2811 1904 Ἰστὲον,δτι
2842 1834 2892 1890 ἐν
2933 1841 3049 1897 τοῖς
3103 1836 3352 1897 ἱππικοῖς
3419 1838 3576 1888 πᾶσιν
3621 1835 3784 1889 ἱππο-

2141 1919 2389 1997 δρομίοις
2413 1925 2525 1997 (79)
2584 1922 2952 1979 ἀλλάσσουσιν
3006 1925 3058 1979 οἱ
3116 1922 3370 1980 δεσπόται
3424 1924 3491 1978 τά
3536 1929 3787 2003 πορφυρᾶ

2130 2007 2427 2083 διϐηττςσια
2450 2013 2539 2066 καὶ
2571 2012 2665 2077 τὰς
2710 2014 2921 2070 τούτων
2991 2012 3282 2089 χλαμύδας
3336 2013 3428 2067 καὶ
3483 2012 3786 2086 στέμματα.

2130 2104 2218 2156 οἷα
2276 2099 2609 2157 κελεύουσιν.
2668 2102 2884 2173 ¹Ιστέον,
2936 2103 3021 2157 ὅτι
3075 2106 3144 2176 τῇ
3204 2102 3366 2176 ἑορτῇ
3425 2105 3535 2157 τῶν
3619 2100 3785 2179 ἁγίων

2130 2188 2339 2244 Φώτων
2373 2186 2424 2243 ἒν
2476 2189 2555 2261 τῷ
2604 2194 2832 2244 κοιτῶνι
2891 2196 2992 2259 τῆς
3052 2186 3258 2267 δάφνης
3314 2187 3683 2243 ἀλλάσσουσιν
3731 2189 3784 2243 οἱ

2131 2275 2386 2333 δεσπόται
2433 2279 2499 2333 τὰ
2552 2283 2803 2355 πορφυρᾶ
2875 2273 3173 2350 διϐητήσια
3237 2278 3325 2333 καὶ
3398 2278 3494 2339 τάς
3573 2276 3781 2332 τούτων

2134 2365 2426 2443 χλαμύδας
2456 2368 2545 2421 καὶ
2597 2366 2883 2440 στέμματα
2915 2367 3124 2442 βένετα,
3156 2365 3207 2422 ἐν
3248 2363 3305 2421 δὲ
3348 2370 3417 2441 τῇ
3469 2366 3786 2444 ὑποστροφῇ

2131 2454 2414 2530 στέμματα
2454 2453 2642 2510 λευκά·
2675 2455 2890 2524 Ἰστὲον,
2925 2456 3007 2512 ὅτι
3040 2461 3107 2531 τῇ
3141 2457 3302 2531 ἑορτῇ
3358 2462 3458 2524 τῆς
3508 2456 3783 2511 ’Υπαπαν-

2129 2551 2228 2613 τῆς
2285 2542 2655 2600 ἀλλάσσουσιν
2714 2546 2765 2599 οἱ
2817 2542 3071 2600 δεσπόται
3129 2545 3236 2600 ἀπὸ
3318 2549 3414 2600 τοῦ
3504 2543 3776 2600 παλατίου

2129 2633 2195 2689 τά
2247 2634 2367 2703 όξέα
2418 2633 2593 2688 αὐτῶν
2664 2636 3066 2710 σκαραμάγγια,
3126 2636 3216 2690 καὶ
3269 2636 3648 2710 εἰσερχόμενοι
3715 2634 3792 2700 εἰς

374 2723 465 2778 τὸν
525 2719 807 2795 δρόμωνα,
857 2719 1197 2798 ἀπέρχονται
1246 2718 1298 2774 ἐν
1351 2724 1455 2791 τῷμ
1493 2724 1605 2791 ναῷ
1670 2724 1769 2785 τῆς
1831 2721 2444 2805 ὑπεραγίαςιθεοτόκου
2489 2720 2544 2776 ἒν
2616 2723 2983 2799 Βλαχὲρναις,
3051 2724 3103 2778 ἐν
3153 2721 3209 2778 δὲ
3240 2729 3319 2797 τῷ
3373 2724 3543 2779 ἐκεῖσε
3572 2724 3793 2779 κοίτῶνι

376 2810 715 2868 ἀλλάσσουσι
778 2812 845 2866 τὰ
903 2810 1177 2888 πορφορά,
1248 2805 1541 2881 διϐητήσια
1598 2809 1686 2863 καὶ
1745 2810 1839 2873 τὰς
1883 2812 2089 2867 τούτων
2142 2810 2456 2888 χλαμύδας.
2516 2811 2736 2881 Ἰστὲον,
2792 2814 2879 2870 ὅτι
2932 2818 3001 2888 τῇ
3037 2818 3276 2889 Κυριακῇ
3306 2816 3405 2883 τῆς
3441 2812 3790 2891 Ὀρθοδοξίας

376 2899 749 2956 ἀλλάσσουσιν
783 2901 834 2955 οἱ
868 2897 1123 2955 δεσπόται
1156 2900 1260 2954 ἀπὸ
1297 2902 1395 2954 τοῦ
1440 2897 1706 2954 παλατίου
1752 2901 1819 2955 τὰ
1885 2900 2006 2971 ὀξέα
2063 2902 2272 2958 τούτων
2334 2903 2717 2977 σκαραμάγγια
2773 2903 2862 2957 καὶ
2914 2903 2979 2958 τά
3032 2902 3562 2979 χρυσοπερίκλειστα
3613 2903 3792 2979 σαγία,

376 2991 464 3044 καὶ
517 2988 844 3065 ἀνέρχονται
906 2988 957 3043 ἐν
996 2993 1115 3049 τοῖς
1167 2987 1665 3062 κατηγουμενείοις
1722 2992 1821 3053 τῆς
1880 2990 2067 3065 Ἀγίας
2116 2990 2338 3067 Σοφίας,
2405 2990 2620 3046 κάκεῖσε
2671 2990 3008 3047 ἀλλάσσουσι
3064 2992 3131 3047 τά
3176 2997 3427 3069 πορφυρᾶ
3494 2988 3789 3062 διϐητήσια

377 3079 595 3139 καὶτὰς
651 3079 859 3133 τούτων
919 3076 1757 3153 χλαμύδας,καὶλιτανεύοντες
1802 3076 2165 3134 εἷσοδεύουσιν
2204 3082 2340 3153 (80).
2402 3079 2518 3143 Εἴθ’
2585 3081 2759 3142 οὓτως
2826 3081 3185 3156 ἀνερχόμενοι
3235 3080 3287 3138 ἐν
3342 3087 3459 3144 τοὶς
3513 3102 3789 3157 κατηχου-

383 3168 917 3243 μενείοις,άκοόουσι
948 3172 1050 3224 τοῦ
1072 3168 1231 3242 ἁγίου
1264 3168 1601 3244 Εὐαγγελίου
1629 3167 1719 3223 καὶ
1750 3166 2083 3244 ἀπέρχονται
2121 3166 2173 3222 ἒν
2220 3172 2301 3240 τῷ
2348 3168 2748 3244 πατριαρχείῳ.
2801 3167 3016 3239 Ἰστέον,
3077 3172 3161 3225 ὅτι
3217 3170 3287 3245 τῇ
3332 3174 3402 3245 τῇ
3461 3169 3625 3245 ἑορτῇ
3689 3175 3789 3225 τοῦ

380 3257 798 3335 Εὐαγγελισμοῦ
844 3265 944 3328 τῆς
994 3258 1287 3335 ὑπεραγίας
1352 3258 1616 3313 Θεοτόκου
1665 3258 1715 3313 ἐν
1778 3263 1858 3330 τῷ
1914 3262 2136 3315 κοιτῶνι
2190 3265 2290 3328 τῆς
2354 3255 2555 3335 δάφνης
2606 3257 2971 3315 ἀλλάσσουσιν
3028 3261 3080 3316 οἱ
3150 3257 3406 3316 δεσπόται
3489 3255 3789 3331 διϐητήσια

381 3352 637 3424 πορφυρᾶ
685 3349 772 3402 καὶ
832 3348 929 3410 τὰς
986 3350 1192 3403 τούτων
1226 3345 1540 3421 χλαμύδας,
1571 3347 1661 3402 καὶ
1694 3348 2018 3422 ἀνέρχονται
2068 3348 2204 3420 μετὰ
2249 3354 2350 3417 τῆς
2409 3346 2571 3418 λιτῆς
2607 3346 2712 3411 ἓως
2769 3353 2866 3404 τοῦ
2915 3351 3106 3428 φόρου,
3150 3352 3237 3406 καὶ
3272 3351 3377 3405 ἀπὸ
3416 3356 3517 3419 τῆς
3545 3348 3788 3413 ἐκτενοῦς

381 3436 736 3510 κατέρχονται
785 3439 921 3509 μετὰ
968 3444 1069 3506 τῆς
1119 3437 1279 3507 λιτῆς
1343 3433 1445 3499 ἕως
1491 3442 1588 3493 τοῦ
1643 3442 1775 3492 ναοῦ
1825 3445 1933 3505 τῆς.
1986 3437 2273 3514 ὑπεραγίας
2322 3440 2589 3494 Θεοτόκου
2656 3443 2765 3495 τῶν
2804 3438 3281 3515 χαλκοπρατείων,
3336 3442 3552 3497 κακεῖσε
3580 3440 3790 3498 ἀλλάσ-

383 3526 623 3578 σουσιτά
651 3531 902 3603 πορφυρᾶ
922 3530 1099 3600 χρυσᾶ
1129 3527 1535 3601 σκαραμάγγια,
1566 3523 2035 3601 περιϐαλλόμενοι
2082 3527 2172 3583 καὶ
2232 3529 2298 3583 τὰ
2342 3527 2548 3584 τούτων
2591 3529 2791 3585 σπαθία
2828 3530 2918 3585 καὶ
2977 3532 3282 3606 στέμματα,
3336 3532 3425 3587 οἶα
3478 3531 3787 3605 κελεύουσι,

382 3614 473 3667 καὶ
499 3612 606 3667 ἀπὸ
635 3617 733 3668 τοῦ
762 3612 1099 3690 Βύαγγελίου
1134 3615 1558 3692 ὑποστρέφουσιν
1586 3610 1812 3694 ἔφιπποι
1850 3617 1986 3690 μετᾶ
2004 3622 2112 3673 τῶν
2144 3617 2471 3692 χιωμάτων.

924 3704 1153 3762 CAPUT
1190 3706 1501 3764 XXXVIII.

586 3792 937 3849 Observanda
967 3795 1029 3851 in
1064 3799 1412 3852 coronatione
1444 3798 1815 3867 imperatoris.

453 3882 609 3938 11³
641 3882 684 3938 I.
718 3885 935 3940 Omnes
968 3886 1026 3940 in
1077 3885 1406 3941 mutatoriis
1452 3888 1787 3958 procedunt,
1819 3890 2032 3944 vestes-

383 3987 497 4043 que
526 3978 766 4030 senatus
796 3975 1010 4043 omnis,
1040 3991 1306 4047 proceres
1330 3975 1660 4032 scholarum
1694 3994 1760 4033 ac
1798 3982 2032 4035 caetero-

382 4078 513 4116 rum
546 4061 874 4119 officiorum
900 4070 1151 4130 mutant,
1175 4074 1227 4121 et
1252 4082 1389 4123 vasa
1420 4083 1522 4122 seu
1542 4084 1722 4138 arma,
1756 4067 2028 4124 dominos

382 4150 744 4217 comitaturi,
769 4153 1139 4225 depromunt.
1159 4154 1685 4222 Peratisomnibus,
1712 4157 2031 4229 imperator

383 4243 790 4313 scaramangio
821 4259 927 4297 suo
959 4250 1016 4298 et
1040 4260 1179 4314 sago
1212 4261 1501 4315 purpureo
1528 4245 1794 4312 indutus,
1826 4264 1895 4302 ex
1923 4264 2025 4302 au-

384 4330 593 4397 gustali
627 4331 909 4401 procedit,
942 4334 998 4387 et
1028 4331 1401 4389 cubiculariis
1422 4349 1556 4389 eum
1588 4335 2027 4406 comitantibus,

2059 3712 2110 3777 Ο

2745 3712 3008 3775 ΚΕΦΑΛ,
3051 3715 3183 3768 ΑΠ’.

2234 3801 2374 3858 ’Όσα
2403 3797 2485 3855 δεῖ
2510 3799 2947 3875 παραφυλάττειν
2977 3802 3065 3858 ἐπὶ
3098 3803 3345 3879 στεψίμῳ
3379 3802 3681 3867 Βασιλέως.

2209 3891 2281 3946 Λ’.
2342 3889 2719 3966 Προὲρχονται
2773 3891 2968 3954 πάντες
3043 3893 3179 3966 μετά
3273 3890 3616 3967 ἀλλαξίμων,
3696 3893 3788 3948 καὶ

2134 3974 2398 4033 ἀλλάσσει
2458 3982 2601 4034 πᾶσα
2653 3982 2688 4051 ἡ
2744 3978 3051 4055 σύγκλητος
3106 3980 3197 4037 καὶ
3240 3983 3309 4037 τά
3363 3982 3649 4055 ἀξιώματα
3677 3986 3787 4037 τῶν

2136 4065 2356 4141 σχολῶν
2385 4068 2475 4121 καὶ
2518 4072 2624 4121 τῶν
2673 4066 2886 4123 λοιπῶν
2934 4069 3250 4144 ταγμάτων,
3309 4070 3396 4125 καὶ
3455 4063 3788 4143 προλαμϐά-

2131 4176 2282 4210 νουσι
2334 4156 2403 4211 τά
2466 4159 2627 4226 σκεύη
2702 4159 2839 4231 πρὸς
2867 4158 2929 4213 τὸ
2992 4158 3273 4232 ὀψικεῦσαι
3339 4160 3467 4222 τοὺς
3497 4157 3783 4221 δεσπότας.

2133 4246 2230 4301 Καὶ
2255 4246 2343 4301 ’ὀτε
2373 4247 2552 4302 πάντα
2585 4246 3003 4319 ἑτοιμασθῶσιν,
3037 4248 3310 4323 ἐξέρχεται
3340 4248 3368 4301 ὁ
3434 4249 3693 4323 βασιλεὺς
3730 4246 3789 4303 ἐκ

2128 4340 2226 4391 τοῦ
2281 4337 2645 4411 αὐγουστὲως,
2691 4341 2874 4415 φορῶν
2925 4338 2987 4392 τὸ
3042 4337 3453 4414 σκαραμάγγιον
3498 4337 3663 4393 αὑτοῦ
3693 4337 3785 4395 καὶ

1732 4430 1973 4489 νΑιιιίΕ
2016 4435 2435 4492 LECTIONES.

456 4512 506 4549 ³⁸
528 4515 626 4567 τοῦ
647 4513 803 4588 ἁγίου
826 4513 1115 4571 Βασιλείου
1142 4517 1235 4573 ed.
1267 4533 1368 4589 pro
1397 4520 1497 4573 τοῦ
1528 4512 1693 4589 βότου
1722 4522 1874 4589 quod
1898 4522 2058 4578 dedit
2082 4526 2148 4581 Η.
2178 4524 2237 4579 in
2270 4525 2440 4580 notis.

1417 4615 1619 4673 JUAN.
1660 4618 1810 4674 JAC.
1864 4619 2129 4677 REISKII
2167 4621 2756 4681 COMMENTARIUS.

457 4711 569 4783 (78)
598 4711 696 4768 Die
720 4713 850 4781 voti,
884 4727 998 4784 quo
1016 4717 1226 4785 votum
1276 4714 1686 4785 peragebatur,
1720 4733 1822 4773 seu
1867 4724 2028 4774 voto-

386 4799 541 4861 rum.
576 4784 801 4861 scilicet
823 4801 923 4861 pro
946 4784 1133 4861 salute
1155 4784 1595 4861 imperatorum,
1632 4791 2027 4861 nuncupatio;

386 4858 494 4929 qui
505 4856 829 4929 festusdies
847 4856 905 4911 in
922 4858 1155 4913 tertium
1183 4856 1375 4915 Nonas
1391 4856 1699 4916 Ianuarias
1716 4856 2028 4929 incidebat,

385 4931 444 4981 et
482 4926 641 5007 lu_d_is
660 4927 1020 5007 circensibus
1042 4930 1439 5007 d_e_corabatur._
1472 4935 1773 5007 Propterea
1808 4935 1867 4989 tit
1890 4926 2033 5007 quo;

387 4998 625 5074 quehic
655 5000 1018 5074 locimentio
1071 5002 1465 5074 hippodromi,
1499 4998 1600 5059 cui'
1629 5020 1762 5059 cum
1798 4998 1943 5061 testo
1973 5007 2027 5062 S.

386 5069 604 5139 Basilii,
638 5072 792 5145 quod
818 5072 873 5126 in
900 5069 1192 5145 Kalendas
1210 5073 1521 5131 Januarias
1545 5076 1858 5145 incidebat,
1882 5094 2033 5133 com-

387 5156 563 5218 mune
609 5142 769 5218 nihil
820 5150 962 5200 erat.
1026 5144 1170 5218 Vid.
1210 5161 1385 5211 supra
1438 5162 1563 5218 cap.
1613 5147 1810 5212 XXIV,
1846 5142 1907 5204 et
1952 5155 2032 5204 Du

387 5213 580 5339 glasge
597 5214 785 5273 Gloss.
813 5221 1081 5288 utroque.
1097 5215 1326 5274 Miraris
1341 5213 1563 5273 tantam
1583 5219 2035 5290 discrepantiam

416 5301 479 5339 ec
514 5302 737 5339 tonum.

416 5301 737 5344 ecuonum.

460 5357 576 5431 (79)
606 5359 935 5431 Absurdum
969 5363 1026 5415 et
1050 5359 1373 5431 ridiculum
1403 5359 1581 5416 videri
1623 5364 1819 5431 queat,
1858 5366 1915 5416 et
1948 5366 2038 5417 est

388 5426 651 5495 omnino,
686 5428 885 5503 ἱππικά
903 5426 1247 5503 ἱπποδρόμια
1279 5432 1494 5503 dicere,
1537 5426 1686 5503 eiad
1723 5426 2036 5502 puritatem

385 5503 644 5575 veterum
676 5507 733 5557 et
761 5501 1016 5575 indolem
1040 5501 1253 5573 linguae
1270 5502 1555 5575 exegeris.
1578 5502 1687 5558 Sed
1722 5501 1805 5558 Sic
1834 5503 2034 5573 loque-

386 5569 565 5646 batur
594 5572 957 5646 Constantini
989 5569 1291 5641 saeculum,
1320 5569 1663 5646 ἱπῖτσδρόμια
1693 5569 2033 5646 appellans,

390 5642 589 5723 omnia
602 5644 954 5723 spectacula,
987 5662 1348 5723 quaecunque
1369 5644 1423 5700 ἐν
1446 5641 1524 5718 τῷ
1545 5641 1907 5723 ἱπποδρόμῳ,
1931 5641 2036 5705 seu

390 5717 543 5771 circo
574 5717 1018 5786 exhiberentur,
1054 5717 1282 5777 etiamsi
1323 5719 1617 5793 equestria
1657 5717 1773 5776 non
1814 5725 2034 5793 essent,

2140 4724 2205 4800 ut
2244 4736 2571 4800 cursorum,
2621 4722 3124 4800 funambulorum,
3183 4725 3611 4800 θαυματουργῶν
3658 4743 3791 4800 om-

2142 4792 2306 4870 nium
2335 4809 2348 4859 ;
2385 4799 2448 4870 ut
2468 4800 2691 4850 veteres
2716 4793 3045 4870 ἀκροάματα
3067 4792 3437 4867 appellabant
3458 4792 3793 4870 spectacula

2140 4865 2337 4918 omnia
2356 4864 2617 4921 animum
2644 4864 3050 4934 exhil‘arantia,
3069 4864 3459 4925 etiamsinihil
3486 4864 3788 4935 haberent,

2141 4937 2292 5012 quod
2336 4937 2657 5012 audiretur.
2707 4940 2827 5012 Erit
2874 4940 3070 5010 itaque
3111 4957 3228 4996 non
3277 4942 3642 5012 superﬂuum
3674 4945 3790 5012 τοῖς

2140 5006 2413 5081 ξιππικοῖς,
2449 5010 2727 5081 ut_videri
2759 5006 3109 5081 possin—sed
3141 5006 3491 5081 signiﬁcabit
3521 5012 3695 5069 dictio
3724 5011 3792 5066 τὰ

2140 5078 2340 5154 ἱππικά
2373 5076 2716 5154 ἰπποδρόμια
2756 5076 3049 5153 equestria
3099 5076 3385 5140 circensis
3416 5101 3518 5140 seu
3551 5085 3608 5141 in
3640 5084 3792 5141 circo

2150 5151 2381 5223 edenda
2406 5151 2756 5223 spectaCula.

2220 5222 2340 5298 (80)_
2368 5222 2937 5298 In’solenlnilitania
2957 5240 3058 5298 seu
3073 5227 3456 5298 processione
3480 5243 3581 5298 per
3610 5224 3791 5282 eccle-

2147 5293 2303 5369 siam
2329 5294 2505 5349 intrat
2527 5296 2585 5350 in
2616 5296 2958 5369 Tribunum.
2977 5293 3204 5353 Scilicet
3227 5303 3388 5369 prius
3410 5293 3581 5369 quam
3615 5298 3796 5354 intra-

2148 5368 2235 5418 ret
2289 5363 2605 5433 imperator
2651 5368 2709 5421 in
2742 5366 2946 5423 Navim
2999 5363 3278 5435 ecclesias,
3339 5363 3685 5425 ascendebat
3731 5370 3791 5425 In

2146 5435 2604 5513 Catechume‘nia
2633 5438 2903 5513 protinus
2935 5454 2965 5495 e
2995 5440 3298 5510 Narthece,
3333 5442 3531 5513 ibique
3563 5445 3798 5511 sumpto

2146 5512 2355 5582 ornatu
2377 5509 2434 5563 in
2451 5510 2612 5566 illum
2632 5512 2782 5566 diem
2804 5526 3083 5582 congruo,
3103 5509 3513 5582 descendebat,
3534 5509 3797 5568 intrabat

2144 5578 2203 5655 i_n
2224 5578 2525 5655 _Naum,et
2558 5598 2659 5655 per
2671 5597 2801 5638 eum
2824 5581 2882 5636 in
2903 5578 3149 5638 solemni
3167 5578 3533 5655 processione
3549 5584 3807 5640 intrabat

2147 5648 2420 5727 deinceps
2446 5652 2504 5707 in
2526 5648 2867 5727 Tribunam,
2899 5657 2956 5707 et
2984 5669 3054 5709 ex
3080 5670 3151 5727 ea
3167 5648 3276 5726 per
3303 5656 3563 5727 Cyclium
3596 5671 3798 5712 ascen-

2147 5721 2321 5779 debat
2354 5721 2556 5780 rursus
2589 5725 2646 5780 in
2678 5724 3148 5782 Catechumenia.
