4158 6212
393 362 512 425 439

1456 357 1985 422 CONS'I‘ANTINI
2029 356 2731 422 PORPHYROGENITI

3687 356 3812 421 440

392 504 482 561 dit
501 508 557 561 et
586 504 643 559 in
668 501 1039 559 mutator-ium
1062 499 1203 563 abit,
1226 499 1405 569 inque
1424 497 1634 553 throno
1657 497 1839 564 sedet,
1858 512 2028 569 quem

2146 494 2279 564 Δόξα
2309 493 2361 549 ἐν
2397 492 2644 567 ὑψίστοις
2675 495 2812 562 Θεῷ,
2842 489 2934 545 xui
2962 487 3052 543 ἐπὶ
3099 494 3205 563 γῆς
3251 487 3443 563 εἰρήνη
3473 490 3485 545 l
3524 515 3554 544 »
3582 491 3770 566 τρίτον
3800 515 3814 531 ·

394 608 659 665 proceres
682 589 927 660 ingressi
944 590 1186 643 adorant
1207 587 1451 658 ejusque
1465 602 1569 658 gen
1581 602 1651 641 ua
1665 586 2025 642 osculantur.

393 682 544 737 Sunt
562 685 749 733 autem
788 694 801 732 :
820 677 1013 733 velum
1037 677 1310 748 primum,
1330 678 1370 731 1
1386 679 1421 731 1
1438 680 1485 731 4
1507 676 1801 748 magistri;
1827 693 2031 733 secun-

392 770 557 836 dum,
591 767 812 837 patricii
846 772 902 822 et
932 768 1195 839 strategi;
1235 768 1496 831 tertium,
1538 766 2026 837 protospatharii;

390 863 687 930 quartum,
739 857 942 911 scribas
984 863 1329 924 castrenses,
1372 856 1629 911 excubiis
1662 861 1718 911 et
1766 857 2029 912 numeris

387 944 633 1000 icanatis
664 942 990 1015 praefectus,
1017 944 1316 1015 spatharii,
1339 949 1635 999 senatores
1657 948 1713 998 et
1734 944 2025 1012 consules;

389 1033 663 1105 quintum
697 1033 911 1096 velum,
946 1032 1262 1103 spatharii;
1306 1038 1556 1101 sextum,
1588 1038 1902 1099 stratores;
1933 1048 2030 1087 se-

391 1121 662 1193 ptimum,
708 1122 949 1178 comites
994 1121 1365 1189 scholarum;
1412 1126 1702 1187 octavum,
1735 1120 2029 1176 candidati

392 1217 725 1281 equestres;
772 1227 1013 1279 nonum,
1056 1212 1351 1267 scribones
1399 1218 1455 1265 et
1503 1210 1839 1278 domestici;
1882 1211 2031 1265 deci-

393 1316 579 1369 mum,
603 1316 636 1355 a
655 1302 915 1366 secretis,
938 1299 1583 1366 vestitores,silentiarii
1604 1318 1618 1368 ;
1637 1299 2027 1367 undecimum,

392 1392 763 1448 mandatores
788 1391 1142 1462 imperatorii
1166 1394 1222 1446 et
1246 1390 1537 1447 candidati
1561 1390 2032 1460 pedestres;duo-

389 1482 703 1550 decimum,
730 1483 972 1537 comites
1006 1496 1378 1536 numerorum
1402 1482 1785 1549 icanatorum,
1807 1480 2029 1535 tribuni

388 1571 635 1629 comites
664 1570 870 1627 classis
895 1572 1275 1626 constituunt.
1300 1571 1459 1626 Tunc
1482 1572 1828 1643 prepositus
1850 1570 2025 1627 dicit:

387 1684 417 1711 ‹‹
447 1662 653 1717 Jubate
684 1702 697 1727 ,
728 1680 759 1712 ι)
793 1661 903 1731 ipsi
936 1660 1173 1731 longum
1201 1661 1576 1731 faustumque
1598 1661 1905 1730 imperium
1935 1660 2031 1716 do-

386 1750 565 1807 minis
589 1750 802 1820 precati
824 1752 1058 1805 abeunt.
1083 1750 1293 1806 Omnia
1316 1755 1529 1815 autem,
1550 1766 1675 1820 quas
1708 1750 1779 1805 ad
1804 1766 2027 1822 agapen

2139 584 2279 637 εἶταο
2319 607 2347 634 ‹‹
2378 584 2435 635 '0
2466 579 2615 637 δεῖνα
2667 579 2909 655 μεγάλου
2944 577 3216 653 βασιλέως
3266 579 3355 632 καὶ
3398 579 3812 659 αὐτοκράτορος

2138 669 2324 726 πολλά
2368 675 2437 725 τὰ
2484 670 2602 742 ἔτη,
2633 694 2662 722 ››
2697 670 2787 724 καὶ
2843 669 2910 723 τὰ
2960 668 3104 740 ἑξῆς.
3142 667 3240 723 Kui
3268 672 3453 744 φορῶν
3488 671 3551 725 τὸ
3592 672 3815 745 στέμμα

2138 760 2457 835 κατέρχεται
2487 761 2575 815 καὶ
2613 760 2909 833 ἀπέρχεται
2940 756 2992 811 έν
3021 760 3102 828 τῷ
3146 757 3512 831 μητατωρίῳ,
3546 759 3638 814 καὶ
3682 774 3810 827 καθ-

2139 848 2308 918 έζεται
2341 848 2417 909 εἷς
2445 850 2506 904 τὸ
2538 846 2757 903 σελλίον
2788 848 2875 901 καὶ
2910 846 3253 921 εἰσέρχονται
3283 847 3349 901 τὰ
3378 847 3688 920 ἆξιώματα,
3713 850 3806 905 πί-

2138 959 2357 999 πτοντες
2377 939 2466 993 καὶ
2485 938 2773 1016 φιλοῦντες
2800 936 2865 990 τὰ
2897 934 2993 989 δύο
3015 934 3219 1011 γόνατα
3238 936 3426 991 αὐτοῦ·
3443 936 3631 1007 Βῆλον
3667 941 3736 1007 α’,
3752 941 3806 995 oi

2143 1030 2428 1103 μάγιστροι
2454 1048 2467 1062 ·
2504 1025 2679 1101 βῆλον
2711 1027 2780 1101 β’,
2812 1026 2865 1080 oi
2895 1024 3175 1099 πατρίκιοι
3202 1025 3293 1080 xui
3326 1028 3647 1104 στρατηγοί.
3668 1030 3806 1105 Τρί-

2137 1137 2233 1173 τον
2270 1116 2468 1191 βῆλον,
2503 1115 3006 1189 πρωτοσπαθάριοι·
3039 1112 3321 1189 τέταρτον,
3356 1115 3384 1169 ὁ
3414 1120 3515 1170 τοῦ
3548 1138 3813 1193 στρατιω-

2137 1211 2293 1261 τικοῦ
2324 1208 2461 1279 (83),
2486 1206 2514 1259 ὁ
2544 1210 2651 1259 τῶν
2687 1198 3013 1275 ἐξκουϐίνων
3067 1207 3175 1257 τῶν
3226 1204 3500 1259 ἱκανάτων
3554 1209 3669 1281 (85)
3718 1209 3811 1264 καὶ

2139 1300 2244 1351 τῶν
2298 1295 2599 1369 νουμέρων,
2632 1294 2947 1366 οπαθάριοι,
3001 1291 3365 1367 συγκλητικοὶ
3424 1297 3514 1351 καὶ
3568 1296 3805 1354 ὕπατοιο

2138 1387 2411 1457 πέμπτον,
2446 1382 2737 1455 σπαθάριοι
2763 1399 2776 1411 ⁸
2807 1378 2983 1452 ἕκτον,
3034 1382 3325 1457 στράτορες
3352 1402 3364 1415 ·
3412 1380 3675 1459 ἕϐδομον,
3710 1390 3808 1443 κό-

2145 1495 2312 1547 μητες
2354 1477 2461 1527 τῶν
2507 1470 2753 1547 σχολῶν·
2788 1473 2861 1541 η’,
2892 1468 3205 1525 κανδιδάτοι
3254 1468 3698 1549 καϐαλλαρικοῦ·
3734 1478 3803 1545 Θ’,

2141 1558 2433 1636 σκρίϐωνες
2476 1563 2568 1615 xui
2616 1558 2930 1634 δομέστικοι
2958 1576 2972 1589 ⁵
3018 1561 3069 1629 ι’,
3106 1559 3436 1636 ἇσηκρῆται,
3470 1565 3804 1640 βεστήτορες

2140 1652 2229 1707 xui
2288 1650 2681 1726 σιλεντιάριοι’
2762 1652 2848 1717 ια’,
2928 1646 3259 1725 μανδάτορες
3349 1651 3628 1727 βασιλικοὶ
3701 1658 3795 1711 xui

2139 1742 2449 1801 κανδιδάτοι
2480 1743 2633 1813 πεζοί
2663 1746 2773 1816 (85)
2798 1761 2811 1775 ⁸
2852 1738 3210 1818 ιβ’,κόμητες
3266 1748 3363 1800 τοῦ
3401 1746 3639 1820 ἀριθμοῦ
3676 1753 3787 1803 τῶν

386 1844 444 1895 et
471 1839 965 1906 communionem,
1002 1843 1064 1894 ut
1108 1838 1460 1896 consuetudo
1506 1838 1784 1894 festorum
1830 1845 1936 1909 est,
1969 1843 2026 1895 et

2139 1836 2417 1903 ἱκανάτων,
2446 1811 2723 1911 τριϐήοῦνοι
2757 1811 3015 1907 ’κάμητες
3221 1839 3320 1891 τοῦ
3377 1811 3647 1909 πλοΐμου.
3681 1840 3789 1897 Καὶ

385 1927 609 2001 reliqua
644 1930 953 2000 pertinent,
986 1928 1157 1984 etiam
1182 1946 1285 2000 pro
1310 1944 1471 1985 more
1502 1932 1879 2001 peraguntur.

2135 1926 2280 2003 λέγει
2321 1926 2348 1980 ὁ
2380 1925 2762 1999 πραιπόσιτος,
2794 1948 2823 1976 ‹‹
2858 1921 3167 1980 Κελεῦσατε
3191 1944 3205 1958 '
3241 1948 3269 1977 ››
3324 1926 3410 1981 xui
3463 1925 3795 2002 ἒπεύχονται

388 2016 472 2084 τὸ,
506 2039 535 2067 ι(
567 2013 665 2077 Εἷς
721 2013 967 2077 πολλοὺς
1034 2014 1120 2071 xui
1160 2015 1393 2092 ἀγαθοὺς
1452 2012 1703 2091 χρόνους,
1739 2040 1767 2067 ››
1814 2018 1900 2071 xui
1964 2017 2271 2097 ἐξέρχονται
2303 2018 2367 2071 ⁴⁰.
2411 2015 2501 2075 Εἰς
2562 2011 2619 2068 δὲ
2673 2014 2771 2082 τὴν
2832 2013 3047 2089 ἀγάπην
3094 2014 3183 2068 xui
3227 2014 3327 2083 τὴν
3373 2015 3692 2088 κοινωνίαν,
3726 2019 3801 2082 ὡς

385 2100 503 2180 ἔχει
534 2106 569 2175 ἡ
604 2108 855 2176 συνήθεια
886 2110 992 2161 τῶν
1025 2108 1245 2181 ἑορτῶν,
1276 2107 1365 2161 xui
1411 2108 1477 2161 τὰ
1508 2106 1673 2162 λοιπᾶ
1704 2109 1815 2181 (87)
1844 2107 2013 2162 πάντα
2050 2106 2416 2182 πληροῦνται,
2456 2105 2637 2169 καθώς
2662 2105 2808 2160 ἐστιν
2837 2105 2873 2173 ἡ
2908 2104 3181 2174 συνήθεια.

1754 2208 1984 2265 VARI/8
2024 2206 2417 2264 LECTIONES

450 2302 499 2339 ιο
527 2298 839 2379 ἐξέρχονται
872 2299 947 2366 είς
980 2298 1037 2357 δὲ
1068 2303 1194 2361 sine
1232 2302 1608 2361 distinctione
1638 2305 1730 2374 ed,

1410 2394 1610 2450 JOAN.
1649 2393 1799 2451 JAC.
1846 2393 2102 2451 REISKII
2141 2390 2711 2449 COMMENTARIUS

379 2486 640 2541 arborum
670 2485 913 2540 candelis
942 2486 1184 2541 accensis
1215 2483 1469 2554 illigatis,
1488 2484 1681 2538 iisdem
1710 2490 1760 2539 et
1787 2494 2018 2539 cantan-

379 2557 527 2629 tibus
556 2556 742 2624 Agios,
772 2566 990 2629 propter
1036 2557 1185 2629 quod,
1221 2560 1423 2629 fastum
1469 2558 1708 2629 dicitur“
1732 2556 1798 2610 de
1837 2558 2016 2625 Δρίος,

414 2628 523 2682 uad
552 2636 630 2682 est
651 2626 846 2683 nomen.
879 2629 995 2683 Dei.
1041 2626 1202 2683 Conf.
1241 2626 1522 2693 Menolou.
1558 2626 1734 2681 Basil.
1765 2644 1804 2682 ι.
1840 2645 1895 2696 p.
1926 2629 2019 2681 69.

405 2699 529 2754 Duo
551 2700 778 2753 diaconi
801 2700 999 2769 cappis
1022 2700 1214 2753 rubris
1234 2706 1531 2769 cantantes
1552 2698 1747 2769 Agios.
1774 2698 2018 2753 Meleon.

380 2768 436 2839 ᾖ).
475 2770 626 2839 208.]
658 2770 785 2826 Vid.
819 2768 1198 2841 de’Trisagio
1255 2768 1486 2824 Habert.
1523 2768 1775 2841 pontiﬁc.
1828 2788 1884 2841 p.
1930 2770 2020 2825 64.

380 2843 545 2899 JuVat
580 2842 683 2895 hac
713 2842 1018 2897 occasione
1065 2839 1341 2900 indicare.
1376 2858 1551 2908 quare.
1597 2839 1773 2896 Graeci
1812 2840 2025 2895 CPtani

381 2914 653 2969 dicantur
682 2912 791 2968 hoc
830 2912 985 2978 ἅγιος
1014 2918 1071 2967 at
1098 2914 1242 2967 alias
1272 2912 1414 2966 tales
1446 2915 1725 2967 formulas
1759 2909 1819 2964 ἐκ
1839 2911 2027 2985 τρίτου

380 2986 469 3041 vel
498 2985 700 3056 τρίτον,
731 2990 833 3051 ter,
868 2990 1092 3040 tterare.
1116 2990 1176 3039 tn
1199 2985 1460 3054 Trisagio
1482 2986 1719 3056 quidem
1755 2987 2031 3040 nolumus

384 3073 516 3113 cum
543 3056 824 3125 theologis
855 3073 1134 3129 pugnare,
1166 3058 1515 3129 documenta
1542 3058 1840 3112 Trinitatis
1870 3058 2028 3113 inve-

383 3130 681 3185 nientibus
709 3148 723 3191 ;
756 3128 1072 3201 antiquarii
1106 3134 1300 3183 tamen
1334 3128 1476 3184 etin
1509 3144 1575 3182 ea
1597 3129 1846 3183 formula
1876 3136 1932 3185 et
1972 3131 2031 3183 in

381 3203 515 3299 att‘is
549 3210 635 3281 ter
660 3204 888 3299 it‘eratis
918 3202 1282 3299 antiquitatis
1316 3201 2035 3299 nutaskagnoscuntﬁcili-
2064 3233 2107 3299 C

380 3280 468 3329 cet
502 3273 675 3341 primi
698 3272 991 3332 homines.
1017 3274 1276 3327 idearum
1304 3282 1357 3323 et
1388 3272 1689 3326 verborum
1726 3289 2029 3341 pauperes,

381 3361 515 3399 cum
548 3343 749 3405 vellent
788 3344 1040 3414 aliquam
1086 3359 1203 3397 rem
1257 3341 1567 3414 ἐμφατικῶς
1619 3344 1944 3405 signiticare
1976 3350 2033 3396 et

382 3415 543 3468 velut
573 3412 895 3480 inculcare,
921 3414 1073 3466 idem
1107 3412 1366 3472 verbum.
1400 3412 1664 3466 eamdem
1701 3415 2027 3482 formulam,

382 3485 590 3541 iterum
645 3491 820 3551 atque
876 3486 1083 3538 iterum
1126 3484 1478 3552 repetebant.
1535 3484 1693 3540 Unde
1732 3488 1887 3538 venit
1933 3485 2033 3539 illa

382 3554 635 3609 formula
668 3570 681 3608 :
718 3556 827 3620 Bis,
852 3561 1051 3625 terque.
1082 3564 1378 3625 quaterque
1406 3554 1610 3618 beatus,
1642 3556 1698 3608 id
1724 3564 1830 3617 est.
1852 3555 2030 3625 Talis,

380 3626 480 3696 qui
506 3618 821 3693 mercatur,
839 3635 902 3680 ut
925 3618 1266 3681 vocabulum
1287 3618 1480 3681 'beatus
1510 3628 1581 3681 de
1610 3642 1675 3681 eo
1700 3632 1785 3680 ter
1806 3618 2033 3696 quater;

381 3713 493 3769 que
526 3699 789 3769 iteratur.
833 3698 1175 3763 Numinum,
1208 3714 1330 3767 quas
1367 3698 1615 3769 gentiles
1646 3697 2026 3767 celebrarent,

381 3768 618 3829 nurnine
642 3768 729 3825 bis
749 3773 805 3825 et
822 3775 908 3826 ter
927 3769 1259 3826 citabantin
1285 3768 1410 3825 suis
1433 3769 2028 3841 hymnis.’l‘heocrit.:

491 3875 786 3948 Ὑμνέομες
819 3872 1001 3951 Λήδας
1030 3896 1088 3951 τε
1118 3876 1209 3930 καὶ
1235 3875 1497 3951 αἱγιᾷχου
1530 3862 1671 3951 Atos
1690 3876 1814 3951 υἱῲ,

496 3894 786 3948 ·ι“μνεομες
819 3894 1001 3946 Ληοας
1030 3896 1088 3931 τε
1118 3896 1207 3930 και
1238 3897 1292 3930 αι
1338 3894 1497 3951 ιοχου
1530 3894 1651 3937 me:
1690 3894 1814 3945 υιω,

489 3952 742 4025 ῌάστορα
771 3942 1121 4025 καί-φοϐερὸν
1153 3894 1499 4025 Πολυέεύκεα
1521 3947 1620 4021 πὺξ
1654 3946 1902 4025 ἐρεθίζεν,

496 4018 765 4097 ὑμνέομες
796 4019 885 4074 καὶ
905 4018 1000 4097 ξξὶς
1030 4018 1138 4097 καὶ⁸
1160 4021 1434 4097 τερ-τρίτον
1465 4018 1659 4092 ἄρσενα
1682 4018 1865 4091 τέκνα,

492 4090 698 4169 nam
728 4090 1032 4155 Θεστιάδος.
1079 4094 1164 4153 Id.
1197 4090 1360 4152 ΧΧἸΙ.
1393 4110 1477 4149 vs.
1504 4090 1564 4149 V1.

381 4200 703 4258 Praesertim
737 4201 1119 4258 Orientalium
1153 4202 1250 4258 ille
1274 4218 1400 4258 mos
1422 4206 1567 4265 erat,
1591 4201 1725 4256 etin
1754 4201 2027 4257 laudibus

380 4275 829 4342 nominibusque
876 4273 977 4328 Dei
1018 4278 1075 4328 et
1116 4274 1170 4327 in
1215 4273 1664 4329 salutationibus
1703 4274 2026 4329 amicorum

378 4350 639 4415 eamdem
676 4344 986 4399 formulam
1019 4343 1329 4415 aliquoties
1362 4344 1588 4399 iterare.
1615 4343 1778 4399 Unde
1811 4345 2025 4400 factum

378 4414 537 4484 apud
565 4415 805 4480 Arabes,
840 4421 903 4471 ut
930 4416 1079 4470 idem
1113 4414 1345 4470 verbum
1386 4416 1553 4487 quod
1604 4415 1915 4487 duplicare,
1947 4417 2028 4473 bis

378 4489 584 4542 iterare
606 4488 835 4557 preprie
855 4494 1046 4553 sonat,
1068 4490 1235 4541 etiam
1263 4486 1509 4555 laudare,
1539 4486 1815 4542 celebrare
1844 4489 2024 4557 signi-

381 4558 533 4622 ficet,
564 4564 621 4615 et
648 4574 759 4613 vox
785 4574 912 4629 qum
946 4559 1171 4628 proprie
1217 4560 1445 4629 iterario
1482 4564 1593 4624 est,
1623 4559 1797 4614 etiam
1830 4560 2025 4617 laudes

2199 2482 2313 2564 (8_6)
2352 2472 3067 2564 Gemmaposbtptsoﬁv‘oz
3100 2483 3172 2533 Μ.
3206 2480 3431 2564 nullum
3473 2487 3785 2564 monstraf

2129 2552 2467 2621 bant,'unde
2506 2552 2734 2623 colligo,
2757 2552 3096 2621 jungendos
3123 2568 3249 2608 esse
3270 2552 3444 2608 ambo
3469 2557 3695 2621 titulos,
3726 2561 3785 2612 et

2132 2625 2381 2681 tribunos
2409 2628 2627 2680 comites
2656 2624 2843 2678 classis
2872 2625 3131 2689 eosdem,
3166 2641 3278 2678 non
3313 2626 3575 2681 diversos
3597 2628 3776 2684 tribu-

2133 2713 2237 2752 nos
2269 2698 2581 2751 comitibus
2625 2695 2827 2750 fuisse.
2862 2694 2994 2751 Vid.
3027 2695 3100 2751 ad
3133 2713 3185 2765 p.
3224 2698 3345 2751 120.

2206 2769 2321 2839 (87)
2363 2769 2443 2823 Ad
2506 2771 2745 2823 caeteros
2811 2768 3207 2840 cngronationis
3266 2768 3591 2840 imperialis
3650 2774 3799 2826 ritus

2137 2841 2343 2911 Nostro
2378 2840 2699 2911 praeteritos
2744 2839 3033 2911 pertinere
3064 2855 3298 2909 quoque
3326 2839 3562 2895 videtur
3590 2843 3625 2909 ἡ
3659 2841 3799 2896 enu-

2137 2909 2274 2965 τεία.
2310 2909 2671 2981 Nicephorus
2704 2910 3033 2977 patriarcha
3065 2911 3124 2964 in
3159 2912 3276 2967 fine
3307 2912 3576 2967 breviarii
3614 2914 3799 2969 histo-

2142 2985 2243 3037 rici
2270 3000 2514 3038 narrans
2557 2982 3001 3054 Constantinum
3035 2981 3466 3054 Copronyrnum
3497 2989 3612 3040 duo
3646 2986 3799 3054 filios

2140 3055 2395 3129 Casuras
2412 3062 2658 3129 attinum
2684 3052 3122 3129 Nobilissimum
3150 3052 3523 3129 c_raasse,_ait:
3553 3053 3799 3129 Προόδου

2140 3124 2276 3179 κατᾶ
2303 3126 2366 3179 τὸ
2398 3124 2587 3184 εἰωθὸς
2613 3122 2699 3177 ἐπὶ
2727 3123 2825 3191 τήν
2850 3120 3149 3199 καθολικήν
3176 3123 3471 3199 ἐκκλησίαν
3498 3120 3798 3199 [Sanctam

2146 3198 2421 3262 Snphiam
2446 3266 2455 3268 _
2485 3197 2641 3268 puta]
2700 3192 3014 3268 γενομένης,
3051 3194 3303 3268 ὑπατείαν
3336 3192 3651 3267 ἕποίῇσαν,
3709 3200 3802 3253 καὶ

2143 3272 2267 3340 τοῖς
2304 3262 2641 3340 παρελθομῦσί
2669 3262 3239 3340 χρήματα-διένειμαν
3291 3267 3350 3322 ἐκ
3386 3273 3484 3340 τοῦ
3518 3262 3799 3326 ἰπαλατίου

2141 3338 2456 3411 ἀρξάμενοι,
2492 3334 2802 3410 μέχρι”τῆξ
2834 3334 3146 3407 ἐκκλησία(
3182 3341 3345 3394 τοῦτο
3399 3339 3801 3405 ἐπιτελοῦντες.

2194 3414 2404 3487 stabile
2434 3418 2540 3475 est,
2568 3412 2832 3487 hypatias
2854 3426 2957 3464 seu
2984 3428 3230 3487 munera
3253 3414 3583 3487 consularia
3603 3433 3806 3487 sparsa

2144 3483 2335 3557 fuisse
2370 3484 2426 3536 in
2484 3482 2848 3557 processione
2901 3498 2933 3557 a
2968 3482 3181 3552 palatio
3205 3484 3272 3557 ad
3298 3489 3351 3539 S.
3384 3482 3663 3557 Sophiam
3701 3505 3804 3543 us-

2140 3570 2270 3622 que.
2297 3554 2461 3609 Forte
2481 3554 2632 3607 idem
2660 3568 2891 3623 quoque
2914 3553 3173 3609 fecerunt
3203 3555 3261 3609 in
3297 3553 3480 3613 reditu
3513 3575 3582 3612 ex
3608 3560 3805 3615 eccle-

2142 3628 2229 3679 sia
2260 3626 2328 3679 ad
2363 3624 2657 3693 palatium.
2693 3625 2961 3695 llypalias
3004 3626 3193 3680 adhuc
3228 3628 3428 3684 Basilii
3470 3631 3801 3686 Macedonis

2144 3700 2401 3773 tempore
2433 3698 2487 3751 in
2521 3713 2627 3751 usu
2655 3696 2855 3773 fuisse,
2887 3696 3172 3773 testis_e~t
3195 3698 3404 3773 Georg.
3442 3702 3703 3769 Monach,
3738 3719 3798 3773 p-

2137 3768 2265 3843 544.
2293 3769 2411 3826 Sub
2432 3768 2815 3843 Constantino
2837 3773 3034 3843 autem
3070 3768 3619 3843 Porphyrogenneto
3653 3768 3795 3830 num

2143 3841 2336 3917 adhuc
2357 3841 2669 3917 vigu‘erint,
2697 3845 2893 3911 posset
2922 3840 2979 3894 in
3006 3841 3252 3917 dubium
3283 3840 3498 3910 voc'ari,
3532 3850 3796 3917 quando-

2141 3914 2376 3984 quidem
2400 3912 2565 3968 nulla
2582 3929 2781 3968 earum
2809 3914 3084 3968 memoria
3109 3914 3166 3969 in
3192 3919 3390 3969 nostro
3414 3912 3609 3972 codice
3632 3917 3799 3973 habe-

2140 3992 2253 4040 tur.
2283 3986 2449 4055 Apud
2486 3986 2720 4040 Latinos
2744 3984 3369 4061 _quidem_obtinc_bant
3404 3988 3795 4061 adhucﬁlongo

2138 4062 2398 4129 tempore
2418 4064 2579 4129 post,
2602 4066 2659 4129 et
2690 4056 2881 4129 adhuc
2912 4055 3197 4129 obtinent.
3233 4057 3316 4112 Ita
3348 4066 3549 4115 narrat.
3578 4055 3793 4116 Ι)ουίΞο

2138 4128 2270 4183 Vita
2294 4128 2591 4183 Mathildis
2613 4128 2932 4184 Comitissae
2960 4128 3031 4182 de
3062 4129 3447 4199 praecessione
3469 4131 3528 4186 in
3557 4148 3795 4189 corona-

2138 4203 2295 4257 ttona
2324 4200 2555 4257 Henrici
2593 4199 2664 4253 IV
2695 4199 2835 4270 imp.
2881 4214 2893 4253 :

2206 4346 2572 4413 Lampadibus
2600 4345 2794 4399 multis
2822 4359 2943 4420 cum
2970 4344 3137 4420 clara
3156 4344 3367 4402 lumine
3394 4348 3632 4420 sumptis

2208 4421 2446 4488 Antiqua
2471 4432 2619 4472 more
2642 4418 2914 4485 processio
2944 4416 3087 4488 regis
3118 4416 3322 4473 honore

2208 4486 2405 4557 Facta;
2438 4489 2499 4559 ﬁt
2520 4497 2736 4544 extensa
2767 4486 3012 4543 nummis
3036 4487 3153 4559 ejus
3180 4493 3458 4562 cooperta.

787 4604 1105 4711 ‘i‘BFm'igB'E
1818 4604 2033 4711 $122322
2064 4604 2111 4669 Π
2216 4630 2279 4711 ld_
2302 4635 2412 4696 est,
2440 4646 2540 4699 per
2558 4632 2737 4711 totam
2765 4628 2936 4711 istam
2956 4635 3252 4711 a_x_te_nsam
3277 4650 3379 4711 s_eu
3400 4635 3643 4711 longam
3667 4656 3795 4711 pro-

383 4702 618 4774 [nempa
664 4702 1014 4775 sermonem]
1042 4717 1228 4776 _super
1271 4718 1420 4776 eum,
1461 4703 1517 4776 i_d
1567 4708 1675 4771 est,
1729 4702 2032 4776 aliquoties

378 4778 607 4829 iteravit
640 4776 950 4830 formulam
988 4792 1001 4829 :
1039 4774 1330 4829 Laudatus
1360 4774 1437 4829 sit
1467 4774 1638 4830 Deus.

452 4847 566 4919 (83)
594 4846 812 4916 Nempe
843 4840 1160 4919 λογοθέτης,
1188 4846 1491 4902 rationalis
1520 4846 1603 4902 rei
1631 4845 1923 4904 militaris.
1945 4849 2027 4906 Cl.

382 4918 651 4975 Decessor
671 4924 737 4974 ad
764 4918 792 4973 ὁ
814 4918 1162 4991 ascripserat
1184 4923 1240 4991 tn
1265 4921 1612 4991 Apograpbo
1636 4919 1969 4991 Draudiano
1992 4941 2027 4987 t,

375 4992 457 5046 ita
486 4996 552 5047 ut
581 4991 949 5062 intelligatur
971 4989 1111 5047 eum
1151 4989 1202 5044 οἱ
1247 4989 1618 5048 emendatum
1651 4990 1843 5059 ivisse,
1871 4993 2027 5063 quod

380 5063 555 5118 etiam
594 5064 793 5119 Latina
821 5063 948 5131 ejus
980 5064 1253 5131 referunt.

615 5135 688 5190 Μ.
723 5135 751 5188 ὁ
796 5126 893 5188 τοῦ
943 5126 1264 5207 ἰξκουϐίτου
1304 5136 1412 5188 τῶν
1449 5132 1734 5207 ἱκανάτων.
1761 5134 2028 5190 Retinere

379 5205 581 5263 malim
613 5208 1042 5278 correctionem
1059 5205 1468 5278 ,Leichianam,
1504 5206 1723 5262 inserto
1755 5211 2031 5278 praeterea

379 5284 664 5351 commate
704 5288 829 5351 post
854 5270 1208 5351 éﬁxooGltmv.
1227 5270 1634 5351 Diversienim
1668 5270 2029 5334 excubitores

377 5354 433 5405 et
456 5348 727 5406 hicanati‘.
758 5350 821 5406 In
854 5350 883 5404 ὁ
914 5348 1372 5417 subintelligitur
1398 5348 1730 5405 domesticus
1755 5365 1768 5414 ;
1795 5353 1858 5402 ut
1888 5352 2029 5406 adeo

375 5422 486 5478 loci
511 5422 689 5494 hujus
711 5421 809 5478 ille
841 5438 1051 5479 sensus
1081 5421 1176 5487 sit,
1210 5425 1420 5494 quarto
1451 5419 1575 5494 loco
1606 5420 1895 5475 introduci
1926 5420 2028 5476 do-

377 5492 690 5551 mestieum
709 5510 850 5551 excu
862 5495 1139 5561 bitorum,
1156 5492 1543 5549 domesticum
1561 5492 1958 5549 hicanatorum
1974 5497 2030 5548 et

376 5565 765 5622 domesticum
794 5581 1193 5623 numerorum.

452 5639 569 5711 (85)
600 5640 751 5711 Infra
790 5655 846 5711 p.
891 5639 983 5695 t38
1022 5636 1335 5711 domestici
1356 5643 1410 5693 at
1448 5635 1723 5711 schrolarii
1750 5637 1847 5689 τοῦ
1878 5632 2029 5691 πεδί-

381 5729 503 5785 seu,
522 5709 838 5785 peditatus,
865 5709 1437 5785 memoranturlflam
1459 5709 1558 5767 alii
1580 5713 1879 5785 equestres
1900 5726 2031 5766 can-

390 5780 769 5856 ditatierant,
784 5799 933 5856 quos
956 5782 1127 5856 paulo
1144 5790 1275 5840 ante
1304 5782 1512 5841 Noster
1542 5780 1881 5839 nominabat
1912 5801 2027 5835 xuv-

388 5851 637 5922 δεδᾶτους
666 5851 1133 5932 καϐαλλαρὶκούς.

2142 4701 2836 4778 οεεεὶορςω-οίῐιαιθφοηο
2868 4703 2939 4757 ad
2977 4703 3181 4759 limina
3198 4708 3255 4759 S.
3289 4707 3345 4762 S.
3382 4701 3791 4778 Apostoloium

2140 4774 2335 4847 spargi
2370 4773 2504 4829 fecit
2532 4774 2813 4829 Henricus
2851 4790 3124 4831 nummos
3156 4778 3213 4832 in
3247 4773 3550 4849 populum.
3575 4783 3794 4841 Steculo

2141 4864 2217 4905 1x.
2269 4846 2444 4901 etiam
2494 4848 2640 4905 apud
2703 4845 3016 4902 Saracenos
3069 4848 3127 4902 in
3161 4865 3272 4904 usu
3306 4851 3485 4905 fuisse
3520 4855 3791 4905 missilia-

2141 4864 2217 4912 1x,
2269 4855 2444 4901 etiam
2494 4855 2640 4913 apud
2703 4855 3016 4902 Saracenos
3069 4855 3127 4902 in
3161 4865 3272 4904 usu
3306 4855 3485 4907 fuisse
3520 4855 3792 4925 missilia,

2138 4922 2365 4975 constat
2394 4935 2463 4974 ex
2496 4917 2771 4973 Abult'eda
2820 4918 2890 4973 ad
2924 4921 2991 4973 A.
3030 4919 3157 4987 210,
3191 4921 3293 4975 ubi
3350 4924 3593 4979 celebris
3632 4925 3792 4983 illius

2138 4990 2373 5066 Chalifte
2402 4989 2763 5066 Almamonis
2795 4992 3028 5062 nuptias
3058 4993 3358 5066 describit,
3392 5010 3567 5066 quem
3596 4996 3793 5053 locum

2137 5063 2428 5148 insignem
2485 5062 2742 5148 quidem,
2777 5077 2912 5117 cum
2962 5063 3291 5148 nouiliccat
3318 5066 3373 5120 in
3408 5062 3792 5148 praesentibus

2136 5136 2444 5206 explicare,
2468 5150 2675 5205 ponam
2699 5139 2915 5203 tamen,
2932 5139 2996 5190 ut
3014 5135 3583 5220 intelligatur,quam
3602 5140 3795 5211 splen-

2136 5208 2337 5262 dorem
2388 5205 2709 5267 luxumnue
2738 5205 2865 5261 suis
2907 5207 2967 5262 in
3012 5207 3232 5267 nuntiis
3265 5209 3558 5267 principes
3589 5226 3789 5267 eorum

2136 5222 2337 5262 norem
2388 5222 2709 5277 tuxumque
2738 5222 2865 5261 SUIS
2907 5222 2967 5262 in
3012 5222 3232 5279 nuptiis
3265 5225 3558 5280 principes
3589 5226 3789 5268 eorum

2136 5282 2466 5349 temporum
2519 5278 2996 5334 monstraverint.
3026 5280 3132 5334 Hoc
3178 5296 3344 5349 anno,
3376 5281 3455 5335 ait
3502 5282 3791 5342 Abulfeda

2136 5351 2334 5423 [estin
2368 5367 2523 5405 anno
2552 5351 2677 5412 210.
2703 5350 2803 5421 qui
2836 5351 3143 5422 respondet
3172 5368 3324 5407 anno
3355 5368 3480 5408 aera;
3503 5353 3786 5412 Christia.

2136 5422 2222 5496 nea
2254 5423 2380 5496 825]
2413 5422 3077 5496 οεΙεὸναὺᾳζ-αάλλιοτηυη
3122 5426 3346 5496 nuptias
3375 5440 3499 5479 cum
3541 5427 3786 5496 Burana,

2135 5494 2258 5575 ﬁlia
2301 5493 2765 5575 'l_’ll_asani_ﬁ_lii
2803 5494 2984 5575 ‘Safilj,
3015 5493 3161 5575 apud
3208 5494 3394 5575 Fames
3442 5496 3635 5564 Sele/t;
3681 5493 3788 5575 quo

2133 5583 2191 5623 se
2221 5566 2477 5638 Bagdado
2505 5566 2831 5622 contulerat.
2866 5564 2946 5620 Ibi
2972 5564 3120 5619 enim
3149 5564 3353 5639 puella
3382 5578 3543 5636 pater
3570 5564 3787 5639 agebat.

2134 5640 2275 5713 Avia
2320 5654 2531 5710 sponsa:
2578 5641 2810 5713 paterna
2851 5640 2969 5713 tum
3016 5651 3211 5713 sponso
3256 5638 3409 5693 mille
3449 5638 3788 5713 margarita:

2133 5706 2554 5785 prima/ornus
2575 5706 2628 5766 et
2650 5710 2890 5765 maximi
2907 5706 3082 5785 pretii
3099 5715 3436 5781 supercaput
3451 5706 3781 5785 eﬂuridebat.

2136 5779 2551 5856 Cereusambra
2579 5786 2781 5856 lactus,
2812 5779 3195 5856 quadraginta
3210 5779 3444 5856 mannos
3465 5779 3592 5856 [seu
3624 5790 3783 5842 octo-

2136 5853 2295 5924 ginta
2337 5850 2543 5923 libras]
2582 5850 2832 5923 pendens
2864 5856 2997 5907 tunc
3034 5850 3287 5910 ardebat.
3342 5850 3510 5911 Patér
3562 5871 3783 5929 sponsae
