4158 6212
382 359 502 417 449

1245 359 1351 420 DE
1393 356 1846 421 CERIMONIIS
1889 359 2124 421 AULE
2168 361 2642 427 BYZANTINJE
2681 366 2832 428 LIB.
2880 367 2928 426 l.

3625 334 3629 337 ’
3669 362 3792 426 ιεο

287 553 292 557 ,
375 514 406 544 «
437 489 655 563 Πολλὰ,
685 489 898 562 πολλὰ,
927 489 1152 549 πολλαί
1185 514 1214 544 ››
1255 492 1284 546 6
1332 489 1486 561 λαὸς,
1534 516 1563 544 ‹‹
1597 491 1791 549 Πολλᾶ
1818 489 1911 564 ἔτη
1946 490 2025 556 είς
2058 535 2067 563 Α

2156 513 2326 556 mnos
2378 499 2439 557 in
2477 502 2721 559 multos!
2759 524 2787 553 »
2821 502 3100 558 Cantores
3135 515 3149 557 :
3201 521 3230 549 «
3261 499 3507 557 Pulchre
3550 498 3787 570 venisti,

377 578 565 636 πολλά
589 582 602 637 ί
629 603 657 634 »
697 581 763 640 Οἱ
793 582 1043 655 κράκταιο
1081 605 1111 634 «
1145 580 1345 645 Καλῶς
1365 578 1560 651 ἦλθες,
1584 583 1612 636 6
1645 578 1913 653 δεσπότης
1931 581 2040 637 τῶν

375 670 670 744 Ῥωμαίων
699 672 711 726 ί
758 694 786 722 ››
816 671 879 728 'O
911 669 1072 741 λαὸς,
1097 693 1124 722 ‹‹
1157 667 1356 732 Καλῶς
1389 669 1561 739 ἦλθες
1588 672 1601 727 l
1635 695 1663 724 »
1693 671 1758 729 Οἱ
1786 672 2034 746 κράκταίε

380 782 409 810 «
437 757 637 822 Καλῶς
684 759 873 830 ἦλθες,
915 761 944 814 6
986 757 1282 831 δεσπότης,
1328 759 1421 815 σὺν
1453 763 1522 834 τῇ
1567 759 1892 837 Δῦγοόστῃί
1929 784 1958 812 ››
2009 760 2037 815 6

382 844 538 920 λαὸς,
574 870 598 900 σ
633 845 831 910 Καλῶς
863 847 1070 917 ἦλθεςί
1109 873 1135 900 ›>
1168 850 1234 906 O't
1268 849 1520 924 κράκται.
1554 873 1584 902 ‹‹
1617 847 1816 911 Καλῶς
1847 847 2035 918 ἦλθες,

383 935 727 1000 θεοεπίλεκτε
765 937 1093 1014 Αὖγοῦσταί
1129 961 1159 990 ››
1195 937 1223 992 6
1266 937 1421 1010 λαὸς,
1472 963 1502 990 ‹‹
1536 937 1731 1000 Καλῶς
1757 938 1926 1008 ἦλθες
1959 939 1970 994 l
2008 963 2036 990 η

384 1028 451 1084 Οἱ
480 1028 731 1103 κράκταυ
766 1053 794 1080 ‹‹
824 1027 1026 1093 Καλῶς
1047 1026 1240 1099 ἦλθες,
1266 1029 1624 1085 θεοσκέπαστε
1654 1029 1942 1106 Αὐγοῦστα
1968 1030 1980 1084 l
2009 1052 2038 1080 »

381 1116 409 1172 6
435 1115 592 1186 λαὸς,
629 1141 656 1170 ‹‹
689 1115 886 1180 Καλῶς
909 1117 1112 1187 ἧλθεςί
1141 1139 1165 1171 ν
1193 1118 1260 1175 Οἱ
1284 1115 1532 1194 κρὲἱκται·
1565 1141 1592 1174 ι
1618 1116 1818 1180 Καλῶς
1847 1117 2038 1189 ἦλθες,

311 1215 316 1220 ’
375 1205 403 1260 6
427 1203 572 1262 δεῖνα
593 1208 740 1282 χαρὰ
764 1207 1050 1281 Ῥωμαίων
1076 1209 1088 1263 ί
1117 1233 1143 1258 ››
1173 1208 1201 1262 6
1230 1204 1386 1278 λαὸς,
1409 1233 1438 1260 ‹‹
1468 1205 1666 1270 Καλῶς
1689 1205 1855 1276 ἦλθες
1882 1208 1892 1262 !
1918 1233 1938 1261 ι
1970 1208 2037 1266 Οἱ

375 1295 601 1371 κράκται
625 1321 654 1348 ‹‹
680 1297 877 1354 Καλῶς
910 1295 1097 1368 ἦλθες,
1137 1298 1172 1366 ἡ
1215 1295 1453 1374 εὐγένεια
1473 1298 1520 1334 ⁵ο
1540 1303 1639 1368 τῆς
1662 1295 1943 1373 πορφύρας
1969 1298 1982 1354 l
2013 1321 2033 1348 ι

380 1386 568 1460 ὸλαὸς,
606 1411 634 1441 (‹
666 1386 862 1450 Καλῶς
891 1385 1056 1454 ἦλθες
1083 1389 1095 1444 l
1131 1413 1158 1441 ››
1191 1388 1258 1446 Οἱ
1290 1389 1539 1464 κράκται·
1566 1411 1594 1440 ‹‹
1621 1385 1820 1450 Καλῶς
1841 1385 2036 1456 ἦλθες,

378 1477 415 1546 ἡ
447 1476 759 1551 ποθουμένη
791 1476 939 1551 παρᾶ
982 1476 1219 1540 πάνταςί
1257 1500 1285 1528 ››
1337 1478 1364 1533 6
1418 1475 1575 1547 λαὸς,
1630 1501 1659 1529 ‹‹
1700 1475 1898 1538 Καλῶς
1930 1475 2039 1546 ἦλ-

384 1567 506 1630 θεςί
545 1589 571 1617 η
619 1565 686 1623 Ol.
739 1567 986 1640 κράκται·
1023 1589 1052 1619 ιι
1094 1566 1170 1622 Σὺ
1222 1563 1282 1621 iis
1326 1566 1474 1628 θείας
1533 1566 1720 1645 ψήφου
1779 1584 2039 1642 προεχει-

386 1656 596 1732 ρίσθης,
656 1656 731 1719 εἰς
791 1657 1043 1713 σύστασιν
1099 1658 1190 1713 καί
1250 1658 1518 1735 ἀνέγερσιν
1573 1659 1668 1712 τοῦ
1705 1657 1939 1731 κόσμου,
1975 1656 2038 1711 σὺ

387 1743 724 1824 ἑνυμφεύθης
774 1743 834 1801 ἔκ
890 1751 1025 1803 Θεοῦ
1073 1750 1147 1821 τῇ
1194 1746 1468 1824 πορφύρᾳ,
1530 1766 1588 1801 σε
1655 1744 1949 1821 εὐλόγησεν
2011 1746 2038 1800 6

2143 587 2377 646 domine
2428 590 2930 649 Romanorum!»
2982 588 3280 664 populus:
3327 611 3357 640 «
3408 589 3653 646 Pulchre
3691 605 3791 646 ve-

2145 677 2320 732 nisti!
2355 700 2385 729 »
2418 679 2694 738 Cantores
2729 697 2743 738 :
2781 703 2809 732 ‹‹
2839 679 3094 736 Pulchre
3124 676 3618 745 venisti,domine,
3653 693 3790 737 cum

2143 768 2493 840 augusta!»
2542 769 2844 844 populus:
2893 790 2920 822 α
2975 771 3123 826 117
3179 768 3428 826 Pulchre
3475 767 3788 826 venisti!»

2142 855 2468 915 Cantores:
2502 880 2532 910 ‹‹
2577 858 2824 916 Pulchre
2878 857 3100 928 venisti,
3133 876 3166 913 a
3214 863 3331 915 Deo
3373 858 3556 914 electa
3603 873 3792 930 augu-

2144 945 2269 1002 sta!
2300 969 2329 998 .·›
2382 949 2680 1022 populus:
2733 971 2762 1000 cc
2814 949 3057 1006 Pulchre
3107 947 3354 1005 venisti!
3393 969 3418 1001 ι
3463 949 3788 1006 Cantores:

2147 1056 2174 1086 ‹‹
2207 1036 2454 1095 Pulchre
2483 1038 2720 1110 venisti,
2746 1039 2848 1095 Dei
2893 1055 3052 1107 cura,
3087 1043 3339 1111 augusta
3380 1037 3392 1092 l
3430 1060 3456 1086 ››
3490 1037 3744 1110 populus
3773 1052 3788 1096 :

2151 1147 2172 1174 ι
2208 1126 2449 1185 Pulchre
2476 1129 2728 1186 venisti!
2764 1151 2793 1178 »
2844 1129 3120 1186 Cantores
3155 1145 3168 1182 :
3202 1150 3229 1177 «
3264 1126 3512 1183 Pulchre
3558 1127 3789 1198 venisti,

2143 1216 2210 1272 N.
2243 1218 2525 1289 gaudium
2577 1218 3012 1275 Romanorum!
3057 1239 3084 1268 ››
3135 1216 3433 1290 populus:
3485 1237 3509 1268 α
3546 1215 3792 1273 Pulchre

2142 1306 2376 1362 venisti.
2409 1329 2437 1358 »
2480 1311 2804 1364 Cantores:
2855 1329 2884 1356 «
2935 1306 3182 1363 Pulchre
3230 1304 3459 1374 venisti,
3515 1305 3792 1362 nobilitas

2145 1411 2452 1468 purpura;
2488 1418 2515 1446 n
2549 1396 2802 1468 populus
2835 1412 2848 1451 :
2885 1417 2915 1446 «
2947 1396 3196 1454 Pulchre
3232 1393 3484 1452 venisti!
3522 1417 3550 1445 »
3581 1395 3792 1452 Canto-

2144 1502 2277 1542 res:
2319 1509 2340 1536 ι
2386 1486 2629 1542 Pulchre
2680 1487 2883 1543 venisti
2926 1489 3189 1544 omnium
3236 1484 3386 1541 votis
3433 1484 3790 1557 expetita!»

2142 1579 2395 1650 populus
2429 1595 2443 1635 :
2475 1602 2504 1631 ‹‹
2534 1579 2782 1636 Pulchre
2810 1579 3060 1636 venisti!
3093 1601 3122 1629 »
3155 1581 3430 1635 Cantores
3465 1595 3479 1634 :
3513 1600 3542 1630 ‹‹
3577 1578 3666 1634 Tu
3697 1577 3793 1635 di-

2141 1668 2279 1724 vina
2325 1673 2482 1725 sorte
2540 1670 2611 1725 ad
2663 1669 3166 1726 conservationem
3215 1668 3588 1740 salutemque
3635 1666 3793 1724 orbis

2143 1757 2329 1816 electa
2361 1758 2546 1829 fuisti,
2597 1763 2659 1815 tu
2693 1758 2978 1814 divinitus
3027 1774 3299 1831 purpuris
3348 1759 3662 1828 conjuncta
3690 1754 3792 1813 es!

389 1834 517 1897 Θεὸς
565 1836 594 1890 6
641 1836 1054 1912 παντοκράτωρ,
1101 1837 1446 1913 στεφανώσας
1499 1855 1557 1890 σε
1598 1839 1666 1910 τῇ
1718 1836 1882 1891 αὑτοῦ
1931 1855 2038 1891 πα-

2156 1848 2444 1906 benedixit
2473 1849 2578 1904 tibi
2627 1847 2784 1905 Deus
2815 1847 3207 1918 omnipotens,
3239 1847 3337 1918 qui
3371 1863 3550 1903 manu
3603 1863 3710 1902 sua
3739 1849 3795 1902 te

389 1923 583 1999 λάμῃί
631 1922 756 1980 ἀλλ’
806 1925 834 1979 6
877 1924 952 1988 εἷς
991 1923 1191 1995 ταύτην
1241 1922 1473 1987 καλέσας
1519 1945 1576 1980 σε
1624 1925 1727 1994 τήν
1765 1923 1914 1998 ἀξίαν
1944 1924 2040 1980 καὶ

2156 1937 2446 1994 coronavit
2477 1954 2492 1994 :
2527 1942 2586 1993 at
2615 1937 2687 2006 is,
2721 1937 2822 2009 qui
2870 1936 2942 1993 ad
2975 1936 3127 1993 hanc
3156 1941 3212 1992 te
3259 1935 3595 2008 dignitatem
3627 1950 3796 1990 voca-

388 2013 644 2083 σὺζιύξας
694 2033 750 2068 σε
798 2013 826 2067 6
872 2010 1020 2068 δεῖνα
1065 2017 1145 2085 τῷ
1192 2009 1452 2087 δεσπότῃ,
1500 2011 1628 2076 τοὺς
1674 2014 1908 2088 χρόνους
1942 2035 2037 2070 σου

388 2103 658 2174 πληθύνει
691 2101 742 2159 ἒν
782 2106 852 2178 τῇ
898 2103 1172 2181 πορφύρᾳθ
1223 2103 1527 2160 είσακοῦσει
1560 2105 1588 2159 6
1620 2105 1748 2167 Θεὸς
1777 2109 1873 2162 τοῦ
1905 2105 2040 2161 λαοῦ

393 2193 550 2267 ὑμῶν
577 2193 594 2250 ί
626 2216 648 2246 s

463 2283 535 2340 A'.
585 2283 702 2358 Χρή
751 2283 1056 2359 γινώσκειν,
1105 2281 1187 2339 ὅτι
1241 2282 1377 2358 μετὰ
1421 2284 1521 2355 τὴν
1567 2280 1899 2360 ἄκτολογίαν
1943 2288 2041 2340 τοῦ

394 2368 598 2445 δήμου,
627 2375 736 2427 τῶν
770 2368 1047 2428 δεσποτῶν
1087 2372 1347 2428 ἀνιόντων
1391 2372 1526 2446 πρὸς
1566 2373 1669 2442 τὴν
1699 2371 1916 2448 κόγχην
1946 2377 2043 2429 τοῦ

397 2465 603 2517 παστοῦ
652 2461 789 2538 πρὸς
837 2462 900 2516 τὸ
948 2460 1239 2526 ἀποθέσθαι
1305 2462 1371 2518 τὰ
1421 2460 1704 2536 στέμματα
1761 2462 1852 2518 καὶ
1916 2463 2044 2526 τοὺς

398 2555 715 2634 στεφάνους,
781 2553 1032 2630 λέγουσιν
1110 2555 1161 2609 οἱ
1233 2557 1463 2632 κράκται
1517 2561 1625 2612 τῶν
1683 2554 1779 2611 δύο
1840 2561 2042 2631 μερῶν,

398 2643 676 2720 ἡνωμένοι
708 2646 898 2724 ἄμφω,
953 2642 1011 2701 ἔσ
1053 2648 1186 2720 (95)'
1221 2670 1249 2700 «
1284 2650 1502 2721 Πνεῦμα
1532 2647 1592 2703 τὸ
1632 2648 1922 2724 πανάγιον,
1954 2647 2045 2704 τὸν

397 2735 576 2811 γάμον
610 2733 1018 2810 ἐπευλόγησονί
1054 2759 1084 2788 »
1115 2735 1144 2791 6
1179 2734 1314 2798 λαὸς
1358 2735 1419 2791 ἐκ
1454 2735 1640 2813 τρίτου
1687 2737 1750 2792 τὸ
1794 2735 1944 2794 αὐτό.
1977 2737 2046 2796 O!

395 2826 643 2900 κράκται’
685 2850 706 2879 ι
755 2825 820 2884 Ὀ
859 2823 910 2880 ἐν
961 2827 1109 2900 Κανῇ
1167 2825 1402 2901 Χριστὸς
1462 2825 1765 2901 εὐλογήσας
1813 2827 1904 2882 τὸν
1948 2827 2047 2903 γά-

301 2913 304 2916 ’
400 2935 520 2990 μον·
557 2939 586 2967 ››
619 2915 647 2969 6
679 2912 813 2976 λαὸς
865 2913 925 2968 ἐκ
963 2915 1152 2990 τρίτου
1203 2912 1435 2987 ὁμοίως.
1483 2916 1549 2972 Oi
1598 2915 1846 2989 κράκται·
1882 2939 1910 2967 α
1945 2915 2048 2970 Ευ-

396 3005 626 3080 Αογήσει
661 3004 724 3058 τὸ
776 3003 1098 3078 στεφάνωμα
1157 3024 1274 3069 σου,
1324 3004 1352 3058 6
1403 3000 1550 3058 δεῖνα
1598 3002 1982 3081 αὐτεκράτωρί
2018 3027 2046 3055 ››

395 3094 422 3148 6
462 3091 595 3155 λαὸς
627 3091 688 3147 ἐκ
714 3091 900 3168 τρίτου
931 3087 1011 3150 ἕσ.
1054 3116 1084 3145 ‹‹
1134 3096 1354 3165 Πνεῦμα
1397 3094 1459 3148 τὸ
1490 3094 1780 3170 πανάγιον,
1824 3091 1915 3148 τὸν
1947 3092 2049 3168 γά-

400 3202 502 3256 μον
553 3181 958 3259 ἒπευλόγησονί
1014 3206 1042 3234 ››
1099 3183 1167 3240 Οἱ
1234 3183 1479 3259 κρακταιθ
1531 3206 1558 3233 ‹‹
1609 3183 1755 3239 Μετὰ
1813 3182 2046 3260 συζύγου

403 3292 499 3326 σου
547 3277 646 3340 τῆς
689 3273 716 3326 6
765 3242 952 3326 ὸεῖναί
989 3295 1016 3324 ››
1067 3273 1094 3327 6
1145 3242 1280 3334 λαὸς
1327 3271 1387 3328 ἐκ
1431 3270 1619 3348 τρίτου
1659 3270 1736 3326 ’e'o"
1769 3293 1800 3326 (ι
1833 3242 2049 3345 Πνεῦμα
2079 3242 2121 3306 C

399 3359 463 3413 τὸ
494 3361 798 3434 πανάγιονι
844 3384 871 3411 >>
917 3361 985 3417 Οἱ
1035 3361 1286 3436 κράκται,
1335 3385 1364 3413 ‹‹
1412 3359 1507 3423 Εἷς
1546 3358 1755 3435 ἡμέρας
1803 3360 1893 3415 καὶ
1931 3379 2050 3414 και-

411 3445 538 3523 ροὺς
569 3448 658 3504 καὶ
683 3449 958 3527 χρόνουςί
994 3473 1022 3501 ›)
1072 3451 1100 3504 6
1150 3447 1281 3512 λαὸς
1325 3447 1384 3505 ἐκ
1421 3451 1610 3526 τρίτου
1658 3444 1734 3504 ἕσ·
1772 3474 1799 3502 ‹‹
1835 3454 2052 3524 Πνεῦμα

406 3537 470 3593 τὸ
527 3536 830 3613 πανάγιονί
865 3561 894 3590 ››
954 3539 1022 3596 Ol.
1068 3540 1318 3616 κράκται·
1378 3562 1406 3592 ‹‹
1461 3543 1607 3602 Ἕως
1647 3538 1818 3614 ἄκρου
1865 3541 2050 3614 γήρως

411 3627 565 3702 ὑμῶν
596 3627 648 3683 ἐν
683 3629 828 3705 βίῳί
864 3653 893 3682 »
942 3631 970 3685 6
1011 3628 1144 3694 λαὸς
1195 3629 1254 3685 ἐκ
1307 3630 1493 3706 τρίτου
1537 3624 1614 3686 ἔτ’
1667 3654 1696 3682 ‹‹
1746 3633 1962 3703 Πνεῦμα
1989 3631 2052 3685 τὸ

410 3720 703 3792 πανάγιονῐ
745 3741 774 3771 ››
826 3719 893 3777 Οἱ
931 3719 1180 3793 κράκται’
1228 3745 1258 3773 ‹‹
1303 3719 1398 3782 Εἷς
1447 3718 1604 3791 δόξαν
1651 3719 1814 3776 αὐτοῦ
1857 3720 1945 3774 καὶ
1978 3719 2054 3781 εἷς

407 3805 653 3862 σύστασιν
701 3812 809 3864 τῶν
841 3809 1172 3882 Ῥωμαίωνῐ
1220 3834 1248 3862 ››
1299 3810 1326 3865 6
1377 3809 1510 3872 λαὸς
1555 3802 1632 3864 ἕσο
1667 3833 1695 3862 ‹‹
1739 3813 1960 3882 Πνεῦμα
1990 3809 2052 3865 τὸ

403 3899 701 3973 πανάγιονί
756 3922 783 3949 ››
842 3899 905 3953 Ol.
959 3898 1206 3974 κράκται·
1250 3923 1278 3951 ‹‹
1333 3898 1653 3955 Εἰσακούσει
1701 3899 1730 3953 ὁ
1770 3898 1899 3961 Θεὸς
1956 3902 2054 3953 τοῦ

406 3984 544 4042 λαοῦ
586 3989 738 4062 ὑμῶν
768 3990 780 4045 l
807 4014 835 4042 ››
865 3990 894 4045 6
924 3987 1058 4052 λαὸς
1091 3987 1167 4046 ἔσο
1201 4015 1230 4042 ι(
1257 3991 1480 4064 Ηνεῦμα
1506 3990 1570 4045 τὸ
1597 3990 1863 4065 πανάγιον
1888 3989 1900 4045 l
1935 4011 1964 4042 »
1988 3989 2055 4047 Οἱ

405 4077 652 4152 κράκταιο
696 4102 724 4131 ‹‹
759 4077 974 4150 Πολλὰ,
1015 4077 1224 4151 πολλὰ,
1267 4077 1492 4136 πολλὰί
1537 4102 1566 4130 ››
1598 4079 1626 4134 6
1666 4077 1822 4147 λαὸς,
1855 4102 1882 4130 ‹‹
1914 4076 2057 4133 Πολ-

408 4163 479 4221 λὰ
535 4163 629 4238 ἔτη
698 4167 773 4230 εἰς
839 4167 1062 4224 πολλὰί
1120 4191 1150 4221 κ
1217 4168 1285 4226 Οἱ
1339 4168 1565 4242 κράκται
1625 4163 1702 4222 ἔσο
1764 4191 1794 4220 ι(
1834 4167 2056 4242 Κύριεὸ

409 4256 636 4321 τούτους
691 4257 967 4329 συζεύξας,
1023 4257 1085 4313 σὺ
1141 4258 1343 4319 αὐτοὺς
1403 4258 1708 4332 περισωζεί
1768 4280 1796 4308 ››
1846 4257 1875 4312 6
1925 4257 2058 4321 λαὸς

409 4341 486 4399 ἶσα
536 4351 820 4422 «Πνεῦμα
853 4347 918 4403 τὸ
966 4348 1269 4424 πανάγιονί
1320 4372 1349 4401 ››
1401 4348 1468 4405 Οἱ
1518 4347 1748 4424 κράκται
1795 4344 1870 4402 ἔσ·
1930 4369 1953 4400 ι
1994 4347 2057 4404 Ὁ

409 4435 536 4497 Θεὸς
568 4436 743 4512 ἅγιον,
776 4433 867 4499 δὸς
898 4438 1090 4502 αὐτοῖς
1121 4437 1403 4512 ὁμόνοιαν·
1439 4459 1468 4491 ››
1503 4437 1530 4491 6
1563 4434 1698 4499 λαὸς
1727 4437 1808 4492 ἐσ⁹
1840 4460 1862 4488 ι
1890 4439 2056 4492 Πνεῦ-

409 4545 486 4598 μα
520 4525 584 4580 τὸ
622 4526 916 4605 πανάγιονι
952 4550 980 4580 ι)
1009 4526 1076 4585 O't
1125 4526 1349 4604 κράκται
1380 4522 1458 4582 ἔσο
1518 4548 1547 4580 ι(
1576 4529 1752 4584 Τοῦτο
1789 4526 1852 4582 τὸ
1897 4524 2060 4602 βασί-

2148 2025 2230 2080 vit
2299 2024 2612 2096 juuxitque
2687 2041 2818 2081 cum
2882 2024 2950 2080 N.
3025 2024 3283 2092 domino,
3362 2026 3574 2095 augeat
3646 2026 3798 2079 tem-

2151 2132 2290 2189 pora
2319 2119 2421 2172 tua
2449 2115 2507 2172 in
2541 2131 2803 2188 purpura
2831 2114 2845 2170 l
2879 2114 3344 2172 Exaudiat’Deus
3388 2111 3670 2185 populum
3701 2127 3798 2169 ve-

2151 2209 2338 2262 strum
2364 2206 2376 2261 l
2412 2225 2442 2255 »

2223 2296 2320 2350 IV.
2365 2292 2680 2350 Sciendum
2730 2295 2837 2361 est,
2895 2295 3030 2364 post
3085 2289 3528 2347 acclamationes
3577 2288 3799 2361 populi,

2153 2383 2505 2440 abeuntibus
2535 2380 2790 2438 dominis
2819 2381 2887 2436 ad
2919 2379 3201 2438 concham
3244 2379 3511 2450 thalami,
3552 2383 3618 2434 ut
3646 2381 3802 2434 serta

2155 2477 2213 2531 et
2241 2487 2484 2529 coronas
2521 2470 2601 2526 ibi
2634 2471 2947 2542 deponant,
2973 2471 3218 2526 duarum
3249 2469 3569 2525 factionum
3602 2470 3802 2523 canto-

2155 2579 2248 2619 res
2280 2579 2398 2618 una
2440 2576 2577 2617 voce
2607 2561 2798 2616 dicere
2831 2575 2844 2616 :
2883 2581 2912 2609 «
2947 2559 3201 2630 Spiritus
3246 2557 3656 2615 sanctissimus
3688 2573 3802 2612 nu-

2156 2649 2295 2724 ptiis
2324 2648 2581 2705 annuat!
2619 2669 2648 2699 »
2680 2647 2930 2721 populus
2969 2647 3170 2703 eadem
3215 2651 3303 2702 ter
3331 2648 3560 2718 repetit.
3594 2645 3805 2702 Canto-

2156 2755 2247 2796 res
2276 2755 2290 2795 :
2324 2760 2353 2789 «
2386 2737 2677 2807 Christus,
2704 2737 2805 2808 qui
2837 2736 3066 2808 nuptiis
3095 2735 3397 2792 Cananazis
3426 2733 3747 2803 benedixit;
3773 2754 3802 2782 »

2158 2828 2414 2903 populus
2443 2827 2646 2884 eadem
2678 2830 2784 2882 ter.
2816 2829 3092 2882 Cantores
3127 2841 3140 2880 :
3185 2848 3212 2875 «
3246 2824 3555 2882 Benedicat
3584 2839 3802 2880 connu-

2158 2918 2254 2975 bio
2282 2924 2404 2988 tuo,
2450 2917 2772 2989 imperator
2805 2915 2912 2974 N.l
2950 2937 2975 2967 ιο
3021 2914 3272 2988 populus
3303 2920 3387 2969 ter
3420 2931 3433 2970 :
3473 2935 3498 2966 ι
3549 2913 3803 2986 Spiritus

2158 3010 2548 3077 sanctissime,
2583 3009 2817 3079 nuptias
2841 3007 3148 3080 prospera!
3177 3031 3200 3060 ι
3238 3006 3515 3062 Cantores
3550 3021 3563 3060 :
3599 3027 3626 3055 ‹‹
3659 3005 3804 3060 Cum

2157 3100 2407 3172 conjuge
2438 3102 2536 3152 tua
2560 3097 2628 3152 N.
2657 3113 2671 3165 ;
2707 3118 2736 3145 »
2767 3096 3018 3168 populus
3050 3103 3132 3152 ter
3165 3111 3178 3150 :
3214 3117 3243 3148 «
3275 3094 3530 3166 Spiritus
3561 3093 3807 3149 sanctis-

2159 3188 2338 3246 sime!
2374 3209 2402 3238 »
2433 3191 2707 3244 Cantores
2746 3201 2759 3242 :
2793 3207 2822 3238 ‹‹
2868 3187 2933 3242 In
2964 3185 3112 3256 dies,
3166 3189 3456 3256 tempore,
3487 3181 3740 3239 saecula!
3772 3203 3802 3233 »

2161 3277 2414 3352 populus
2447 3282 2530 3333 ter
2562 3293 2575 3331 :
2611 3298 2640 3328 «
2672 3275 2924 3349 Spiritus
2975 3272 3384 3332 sanctissime!
3420 3293 3448 3325 ››
3483 3271 3803 3329 Cantores:

2160 3391 2188 3419 α
2225 3369 2413 3440 Usque
2443 3368 2513 3423 ad
2545 3369 2866 3422 extremam
2912 3367 3271 3422 senectutem
3304 3365 3556 3419 vestram
3591 3360 3649 3416 in
3688 3359 3805 3416 hac

2160 3458 2276 3514 vita
2303 3455 2316 3511 !
2349 3475 2380 3510 υ
2412 3454 2664 3528 populus
2693 3459 2779 3510 ter
2812 3470 2826 3510 :
2863 3476 2891 3504 «
2935 3452 3188 3526 Spiritus
3227 3449 3624 3509 sanctissime.
3655 3449 3807 3506 Can-

2158 3551 2315 3603 tores
2364 3561 2378 3603 :
2422 3567 2452 3596 «
2481 3546 2567 3600 Ad
2616 3543 2857 3616 gloriam
2907 3548 3068 3600 tuam
3116 3546 3174 3600 et
3220 3541 3467 3599 salutem
3517 3539 3805 3596 Romano-

2161 3652 2290 3692 rum
2317 3634 2330 3691 !
2366 3657 2396 3686 »
2427 3634 2680 3708 populus
2701 3639 2824 3690 ter:
2849 3654 2876 3685 α
2899 3631 3158 3705 Spiritus
3191 3630 3583 3689 sanctissime.
3605 3652 3634 3681 ››
3667 3629 3809 3685 Can-

2161 3730 2314 3782 tores
2367 3740 2381 3780 :
2432 3747 2463 3775 α
2525 3724 2804 3780 Exaudiet
2860 3723 3015 3778 Deus
3069 3722 3350 3794 populum
3401 3725 3660 3776 vestrum
3716 3737 3732 3787 ;
3778 3737 3804 3772 ι

2163 3813 2461 3886 pOpulus:
2515 3835 2543 3863 ‹‹
2606 3812 2858 3884 Spiritus
2918 3811 3313 3867 sanctissime.
3374 3829 3403 3859 ››
3458 3809 3740 3863 Cantores
3791 3823 3806 3862 :

2165 3924 2190 3956 α
2223 3903 2452 3968 Multos,
2487 3901 2723 3968 multos,
2757 3900 2978 3957 multos
3004 3899 3016 3955 l
3042 3920 3070 3950 »
3105 3898 3396 3971 populus:
3422 3918 3451 3946 «
3479 3894 3689 3951 Multos
3713 3911 3812 3950 an-

2161 4008 2269 4048 nos
2315 3991 2376 4047 in
2424 3989 2747 4046 multos!»
2795 3989 3075 4045 Cantores
3103 4005 3124 4044 :
3161 4009 3189 4038 α
3219 3985 3487 4053 Domine,
3546 3983 3646 4056 qui
3703 3983 3813 4040 hos

2156 4080 2424 4152 junxisti,
2474 4085 2538 4135 tu
2586 4079 2748 4152 ipsos
2803 4077 3006 4134 serva!
3061 4098 3091 4128 »
3133 4075 3434 4148 populus:
3482 4096 3512 4125 «
3562 4073 3814 4146 Spiritus

2162 4169 2557 4229 sanctissime.
2589 4190 2619 4220 »
2667 4168 2949 4225 Cantores
2985 4183 3000 4223 :
3034 4189 3062 4218 «
3096 4171 3250 4222 Deus
3289 4168 3513 4232 sancte,
3544 4163 3619 4218 da
3665 4161 3812 4232 ipsis

2163 4259 2568 4318 concordiam!
2609 4279 2638 4309 »
2669 4255 2923 4330 populus
2953 4273 2966 4313 :
3000 4277 3029 4306 «
3059 4253 3311 4328 Spiritus
3339 4251 3705 4310 sanctissime
3732 4248 3746 4305 ι
3783 4271 3812 4300 ››

2162 4348 2441 4406 Cantores
2471 4363 2485 4404 :
2517 4369 2547 4399 (ι
2579 4347 2844 4419 Regnum
2889 4344 3000 4402 hoc
3029 4344 3277 4414 custodi,
3318 4338 3598 4400 Domine!
3634 4361 3663 4391 »
3697 4353 3812 4411 po-

2165 4439 2339 4513 pulus
2373 4454 2388 4494 :
2424 4458 2454 4489 «
2481 4437 2734 4510 Spiritus
2765 4436 3156 4493 sanctissime.
3190 4456 3220 4484 »
3269 4435 3541 4491 Cantores
3573 4447 3588 4487 :
3620 4451 3648 4480 α
3682 4427 3816 4508 Βρὶτ

2165 4529 2314 4586 ritus
2343 4526 2734 4595 sanctissime,
2766 4524 2861 4582 his
2905 4524 3128 4598 nuptiis
3157 4520 3507 4599 benedicasl
3560 4541 3591 4572 »
3624 4534 3817 4590 popu-

405 4609 579 4686 λειον,
621 4615 801 4692 Κύριε,
835 4615 1175 4694 στερέωσονῑ
1211 4641 1240 4670 »
1298 4617 1326 4671 6
1377 4617 1509 4679 λαὸς
1548 4612 1624 4672 ἔσο
1687 4639 1716 4672 s
1746 4613 1966 4689 Πνεῦμα
1994 4617 2056 4672 τὸ

2167 4618 2258 4675 lus
2289 4636 2310 4674 :
2340 4641 2371 4669 «
2403 4619 2465 4674 In
2497 4617 2740 4690 longum
2791 4619 3051 4687 tempus,
3081 4618 3214 4681 etc.,
3243 4635 3274 4664 »
3323 4616 3380 4669 et
3408 4609 3810 4683 egrediuntur.

407 4706 708 4782 πανάγιονί
759 4730 788 4760 ››
829 4707 898 4765 Οἱ
944 4708 1171 4782 κράκται
1212 4702 1289 4762 ἔσο
1347 4730 1369 4759 ι
1428 4710 1650 4781 Πνεῦμα
1680 4706 1742 4761 τὸ
1771 4705 2057 4782 πανάγιον,

407 4794 500 4850 τὸν
530 4795 710 4870 γάμον
739 4793 1112 4873 ὶπευλόγησον
1141 4797 1152 4853 l
1200 4819 1228 4847 »
1261 4795 1290 4852 6
1321 4796 1476 4866 Λαὸς,
1510 4819 1539 4848 ‹‹
1579 4794 1958 4872 Ηολυχρόνιον
1985 4796 1999 4852 l
2026 4818 2055 4848 »

405 4886 495 4941 καὶ
533 4885 866 4964 ἐξίρχονται.
907 4885 1011 4944 Καὶ
1063 4887 1203 4960 μετὰ
1247 4890 1415 4942 ταῦτα
1459 4885 1787 4962 ἀπέρχονται
1835 4887 1888 4941 οἱ
1934 4887 2060 4942 νεό-

403 4995 610 5048 νυμφον.
643 4973 1072 5051 ἰστεφανωμένοι
1129 4975 1208 5039 εἷς
1258 4976 1358 5046 τήν
1416 4974 1634 5051 κόγχην
1684 4978 1781 5031 τοῦ
1825 4979 2056 5046 παστοῦ,

406 5060 532 5116 ἔνθα
582 5058 796 5116 ἵσταται
855 5061 884 5116 6
940 5061 1222 5137 βασιλικὸς
1291 5067 1531 5139 χρυσοῦς
1584 5059 1916 5140 κράϐαττος,
1967 5063 2060 5120 καὶ

2171 4707 2387 4765 Deinde
2405 4705 2603 4779 sponsi
2625 4705 2696 4761 ad
2719 4703 3003 4760 concham
3023 4701 3265 4758 thalami
3288 4698 3549 4756 coronati
3579 4697 3816 4765 abeunt,

2168 4795 2324 4853 118
2382 4795 2482 4852 ubi
2537 4792 2949 4866 imperatorius
2996 4807 3211 4848 aureus
3261 4791 3536 4862 grabatus
3568 4790 3709 4857 stat,
3758 4783 3820 4841 in

2173 4901 2284 4958 quo
2311 4901 2558 4941 coronas
2589 4886 2881 4954 reponunt
2911 4898 2926 4937 :
2961 4880 3210 4937 corollas
3241 4895 3372 4936 vero
3403 4876 3686 4934 ofﬁciales
3716 4889 3824 4931 cu-

2168 4973 2352 5031 biculi
2400 4974 2462 5029 in
2513 4971 2916 5045 pentapyrgio,
2947 4970 3049 5027 ubi
3098 4966 3513 5041 imperatorius
3542 4965 3823 5039 grabatus

2171 5064 2398 5139 positus
2427 5067 2538 5132 est,
2571 5062 2964 5136 suspendunt,
2991 5064 3050 5117 et
3077 5060 3276 5118 statim
3308 5055 3532 5115 domini
3561 5071 3666 5130 per
3695 5069 3829 5126 por-

1771 5181 2008 5239 VARUE
2047 5179 2460 5238 LECTIONES.

480 5268 531 5306 ω
559 5267 905 5348 εὐγενεστάτη
941 5271 1009 5328 ed
1020 5311 1032 5326 .

1460 5369 1662 5429 JOAN.
1699 5373 1824 5430 JAC
1866 5372 2124 5430 REISKII
2163 5368 2750 5430 COMMENTARIUS.

481 5462 597 5533 (95)
631 5460 746 5523 Ἐς.
795 5461 1124 5520 Occurrunt
1172 5460 1318 5519 tales
1347 5460 1577 5534 aliquot
1622 5479 1816 5534 voces“
1842 5464 1901 5520 in
1951 5463 2064 5534 hoc

414 5528 634 5606 cpdice,
667 5535 937 5606 nuhi!,put
966 5535 1218 5604 videtur,
1251 5528 1673 5606 significantes,
1709 5540 1773 5590 ut
1791 5528 1869 5602 ἲς,
1902 5535 1958 5588 οἵ
1982 5533 2061 5604 ἐς,

415 5601 490 5671 οῖ,
521 5614 627 5663 etc.
660 5609 780 5679 Non
811 5604 1000 5677 video,
1032 5606 1176 5679 quid
1205 5601 1454 5678 possint
1496 5604 1659 5662 aliud
1707 5601 1862 5677 esse,
1885 5601 2064 5679 quam

412 5682 560 5751 nota
580 5677 850 5751 musice,
881 5677 1085 5751 quales
1117 5677 1257 5736 sunt
1284 5681 1366 5746 ut,
1397 5692 1487 5746 re,
1517 5679 1754 5751 mi,_sol,
1782 5677 2069 5751 etcfpre-

411 5746 542 5806 ﬂxae
579 5746 842 5822 hymnis,
867 5746 930 5808 ut
977 5749 1216 5822 sciatur,
1241 5765 1360 5823 quo
1407 5753 1548 5809 tono
1598 5746 2068 5809 sint'recitandi.

2171 5463 2286 5519 Aut
2317 5462 2459 5519 forte
2479 5465 2566 5516 est
2593 5452 2647 5521 ἔς
2679 5457 3312 5532 idem,quodLatinum
3345 5449 3827 5532 heus,e_t_oiidem

2173 5534 2600 5606 atqueinquod
2633 5536 2723 5588 est
2752 5522 2906 5604 apud
2939 5531 3396 5606 Aris_t_0phane_m
3427 5522 3494 5582 in
3520 5522 3829 5606 Pluto,ubi

2176 5593 2480 5733 psi-asitus'
2500 5603 2767 5662 nidorem
2793 5593 2941 5661 assae
2972 5593 3162 5662 suillai
3193 5602 3445 5660 naribus
3461 5603 3692 5670 captat;
3727 5593 3833 5649 aut

2222 5683 2450 5733 atinum
2481 5677 2621 5733 lum.

2222 5677 2450 5736 atinum
2481 5677 2621 5749 huy.
