4158 6212
380 398 495 469 451

1440 388 1978 457 CONSTANTINI
2019 379 2714 449 PORPHYROGENITI

3671 381 3791 443 452

368 510 562 597 ticum
592 539 665 595 ad
692 535 819 594 XIX
837 533 1139 591 accubitus
1161 531 1325 605 quasi
1349 530 1417 588 ad
1441 546 1671 588 amores
1694 527 2026 591 transeunt,

2159 519 2463 574 ἱποτιθοῦσι
2493 517 2539 552 ⁵1
2579 516 2645 570 τὰ
2687 514 2782 589 μὲν
2832 514 3116 588 στέμματα
3165 513 3220 570 ἰν
3257 518 3338 588 τῷ
3368 514 3516 588 αὖτῷ
3551 510 3794 591 κραϐἀτο

384 636 437 686 et
468 644 681 683 mensa
710 626 791 681 ibi
823 623 1194 682 accumbunt.

2134 630 2236 682 τῳ,
2293 608 2361 663 τὰ
2420 604 2476 661 δὲ
2532 606 2787 683 στεφάνια
2835 607 3110 679 κρεμῶσιν
3168 606 3224 660 οἱ
3291 611 3390 674 τῆς
3447 605 3647 676 τάξεως
3687 608 3786 661 τοῦ

382 711 775 771 κουϐουκλείου
839 709 890 768 ἒν
966 716 1047 785 τῷ
1119 708 1518 786 πενταπυργίῳ,
1596 707 1649 763 ἐν
1720 708 1767 779 ᾧ
1837 702 2058 759 ’ίσταται
2099 701 2127 753 6
2171 694 2483 786 βασιλικὸςΔ
2531 689 2831 786 κραϐαττος
3078 693 3169 748 καὶ
3245 695 3444 786 εόθὲιυς
3518 693 3793 786 ἀπέρχον-

381 823 471 858 ται
529 803 580 858 o't
648 799 900 857 δεσπόται
967 777 1055 856 διᾶ
1091 804 1200 857 τῶν
1244 777 1573 855 Sugaristi
1610 796 1684 858 ὡς
1724 777 1811 850 ἐπὶ
1864 791 1956 847 τὸν
2008 787 2183 864 ἔρωτα
2230 788 2365 861 (97),
2443 784 2520 849 εἰς
2580 784 2647 838 τὰ
2720 784 2781 837 ιθ¹
2857 777 3142 853 ἀκοόὸιτα,
3217 783 3306 838 καὶ
3366 778 3793 857 ἀκουμϐίζουσιν

384 894 471 950 ἐπὶ
518 901 619 965 τῆς
677 895 971 972 τραπέζης.

749 988 1184 1044 Acclamaliones
1215 985 1289 1042 ad
1318 986 1650 1055 Augustam.

454 1096 521 1152 V.
575 1117 604 1146 «
648 1100 798 1151 Bene
848 1110 1174 1167 precemur,
1223 1098 1285 1150 ut
1327 1094 1491 1150 decet
1537 1090 1746 1163 gaudio
1804 1090 2027 1153 nostro,

2494 961 2829 1038 Ἀκτολογία
2858 962 2933 1025 εἰς
2962 963 3060 1031 τὴν
3092 962 3427 1040 Αὐγοῦσταν.

2212 1075 2288 1131 Ε’.
2322 1096 2349 1125 ‹‹
2400 1072 2824 1150 Εὖφημήσωμεν
2876 1071 3013 1126 κατὰ
3061 1070 3240 1147 χρέως
3278 1073 3377 1140 τὴν
3411 1074 3586 1148 χαρὰν
3620 1075 3782 1145 ἡμῶν

385 1182 695 1256 Augustas!
732 1206 760 1235 ››
810 1160 1086 1240 cantores
1123 1160 1212 1237 ενα
1260 1184 1454 1253 Longa
1501 1160 1608 1236 tibi
1655 1184 1936 1249 tempora,
1995 1192 2029 1232 a

2159 1164 2231 1233 ἣν
2264 1162 2622 1239 Αὐγοῦστανέ
2659 1184 2688 1212 ››
2730 1161 2791 1214 O't
2822 1161 3068 1234 κράκται³
3118 1184 3146 1212 ‹‹
3187 1160 3400 1218 Πολλοί
3442 1182 3537 1217 σου
3581 1163 3795 1238 χρόνοι,

386 1246 511 1331 ι)εό
528 1278 794 1346 promota
825 1271 1126 1345 Augusta!
1159 1294 1187 1322 »
1213 1246 1465 1343 populus
1498 1274 1617 1326 ter:
1640 1290 1668 1320 ι(
1698 1246 1895 1338 Longa
1922 1263 2030 1320 tibi

2159 1246 2524 1326 θεοπρόϐλητε
2552 1248 2877 1325 Δῦγοῦσταῐ
2914 1273 2943 1301 ››
2976 1251 3003 1305 6
3038 1249 3167 1312 λαὸς
3219 1249 3279 1304 ἐκ
3314 1249 3525 1324 τρίτου,
3572 1276 3599 1302 ‹‹
3642 1250 3795 1308 Πολ-

388 1336 682 1433 tempora!
717 1386 745 1413 ››
776 1336 1050 1418 Cant6res
1084 1378 1098 1416 ε
1142 1384 1170 1411 ‹‹
1204 1336 1401 1431 Longa
1431 1359 1536 1414 tibi
1591 1336 1872 1425 tempora,
1903 1352 2030 1409 feli-

2159 1341 2234 1396 ὶκοί
2268 1361 2364 1395 σου
2392 1340 2612 1418 χρόνοι.
2652 1361 2676 1391 ο
2719 1340 2786 1396 Οἱ
2816 1339 3066 1413 κράκται·
3120 1362 3147 1389 ‹‹
3182 1336 3393 1393 Πολλοί
3442 1361 3537 1395 σου
3580 1341 3799 1416 χρόνοι,

385 1453 626 1508 cissima
655 1454 958 1523 Augusta;
988 1474 1016 1501 »
1049 1450 1298 1522 populus
1329 1458 1449 1504 ter:
1478 1469 1507 1498 «
1530 1448 1722 1519 Longa
1752 1445 1855 1500 tibi
1886 1449 2031 1498 tem-

2139 1430 2511 1505 εὐτυχεστάτη
2558 1428 2880 1503 Δῦγοῦσταί
2917 1452 2945 1479 ››

2997 1429 3025 1483 6
3077 1426 3211 1490 λαὸς
3257 1430 3319 1483 ὶκ
3345 1429 3555 1504 τρίτου,
3590 1455 3618 1484 ‹‹
3651 1429 3798 1487 Πολ-

386 1558 547 1619 pora.
581 1562 610 1591 »
663 1516 987 1597 CaEtores':
1025 1516 1067 1589 ‹‹’
1090 1516 1281 1610 Longa
1325 1538 1425 1591 tibi
1474 1516 1762 1605 tempora,
1821 1532 2034 1602 coniux

2159 1519 2234 1575 toi
2266 1540 2360 1573 σου
2396 1518 2588 1593 χρόνοι
2618 1520 2630 1573 l
2670 1540 2692 1571 ο
2736 1519 2802 1575 Οἱ
2832 1518 3080 1590 κράκται’
3138 1539 3159 1567 ι
3198 1516 3405 1573 Πολλοί
3453 1540 3547 1574 σου
3583 1520 3800 1595 χρόνοι,

389 1629 646 1686 dominil
682 1651 712 1680 »
763 1629 1013 1701 p0pulus
1065 1636 1151 1682 ter
1182 1645 1195 1683 :
1231 1649 1260 1677 «
1295 1627 1487 1697 Longa
1534 1626 1641 1680 tibi
1692 1633 1968 1692 tempora.
2004 1641 2034 1669 »

390 1716 662 1774 Cantores
697 1733 709 1773 :
745 1738 773 1768 α
802 1717 889 1771 Tu
923 1716 1114 1771 divino
1146 1714 1423 1785 sutiragio
1456 1712 1635 1768 electa
1666 1729 1765 1779 es;
1796 1734 1815 1760 ι
1853 1725 2034 1781 popu-

391 1809 485 1862 lus
518 1808 717 1863 eadem
752 1814 855 1861 ter.
888 1806 1164 1860 Cantores
1195 1822 1207 1858 :
1244 1824 1272 1853 «
1306 1802 1610 1857 Benedixit
1660 1800 1813 1855 Deus
1845 1797 2035 1855 omni-

390 1898 635 1965 potens;
669 1916 698 1945 »
732 1892 986 1966 populus
1018 1893 1221 1949 eadem
1255 1900 1358 1947 ter.
1390 1896 1668 1946 Cantores
1707 1905 1721 1945 :
1752 1909 1783 1939 «
1815 1888 1902 1942 Tu
1937 1887 2037 1941 Dei

391 1983 579 2053 gratia
609 1999 740 2038 cum
764 1998 1019 2055 purpura
1049 1981 1363 2052 conjuncta
1385 1996 1485 2038 es:
1516 2001 1542 2028 »
1568 1976 1815 2049 populus
1836 1974 2037 2031 eadem

393 2075 501 2126 ter.
561 2071 887 2128 Cantores:
934 2093 964 2122 «
1014 2070 1121 2136 Qui
1171 2079 1222 2124 te
1263 2085 1438 2124 manu
1488 2084 1594 2123 sua
1641 2065 1974 2131 coronavit;
2010 2085 2038 2113 »

395 2159 650 2230 populus
681 2161 881 2216 eadem
922 2163 1027 2214 ter.
1061 2158 1372 2213 Cantores:
1408 2180 1435 2206 «
1472 2158 1537 2211 At
1567 2155 1666 2226 qui
1696 2157 1754 2210 te
1787 2155 1857 2210 ad
1894 2155 2042 2209 hanc

398 2246 745 2319 dignitatem
794 2249 1054 2317 vocavit;
1092 2268 1121 2297 »
1179 2245 1430 2318 populus
1486 2246 1609 2300 haec
1666 2249 1750 2299 ter
1810 2242 2041 2314 repetit.

392 2344 671 2396 Cantores
708 2355 720 2393 :
754 2361 781 2388 ι(
815 2338 1011 2409 Teque
1060 2352 1191 2392 cum
1242 2333 1478 2390 domino
1523 2332 1593 2387 N.
1638 2332 1977 2402 conjunxit;
2014 2351 2043 2378 »

392 2427 651 2501 p0pulus
684 2428 884 2483 eadem
933 2430 1041 2481 ter.
1075 2426 1352 2482 Cantores
1383 2438 1396 2477 :
1433 2444 1460 2471 ‹‹
1494 2422 1780 2493 Tempora
1810 2424 1911 2474 tua
1940 2419 2042 2475 do-

399 2519 665 2589 minique
694 2520 907 2589 augeat
940 2532 953 2569 :
987 2536 1016 2565 »
1045 2513 1297 2586 populus
1340 2513 1543 2567 eadem
1576 2515 1679 2568 ter.
1713 2509 1992 2564 Cantores
2024 2522 2040 2562 :

399 2631 429 2660 ‹‹
461 2608 748 2663 Exaudiat
779 2606 931 2661 Deus
970 2603 1250 2675 populum
1282 2608 1542 2657 vestrum
1578 2620 1593 2670 ;
1627 2622 1656 2650 ››
1689 2601 1891 2656 eadem
1939 2614 2042 2668 po-

402 2696 575 2769 pulus
625 2702 735 2751 ter.
806 2695 1083 2751 Cantores
1138 2710 1213 2748 ;‹‹
1272 2691 1341 2748 N.
1404 2691 1791 2762 pientissimas
1847 2693 2042 2761 Augu-

403 2792 508 2844 stae
560 2786 776 2841 multos
823 2799 1044 2857 annos;
1079 2804 1107 2833 »
1158 2780 1455 2854 populus:
1504 2802 1531 2830 κ
1568 2779 1630 2835 In
1681 2778 1893 2835 multos
1937 2795 2043 2834 an-

403 2894 533 2946 nos,
565 2879 675 2932 etc.
710 2897 738 2925 »

473 3036 565 3092 VI.
601 3034 1039 3092 Observandum
1081 3047 1216 3087 vero
1262 3035 1370 3099 est,
1403 3032 1458 3086 et
1502 3029 1643 3086 illud
1676 3028 1812 3086 olim
1861 3028 2046 3086 conti-

404 3127 561 3200 gisse
591 3124 759 3195 tradi,
788 3132 869 3194 ut,
902 3128 1205 3195 postquam
1244 3122 1518 3176 factiones
1540 3121 1751 3175 dictam
1785 3124 2046 3175 actorum

2142 1610 2176 1677 ἡ
2212 1609 2444 1682 σόζυγος
2472 1611 2569 1661 τοῦ
2601 1603 2903 1663 δεσπότουί
2939 1631 2967 1659 ››
3016 1608 3045 1662 6
3095 1606 3226 1669 λαὸς
3255 1606 3315 1662 ἐκ
3342 1607 3552 1682 τρίτου,
3588 1635 3613 1661 ‹‹
3650 1607 3801 1663 Πολ-

2141 1695 2233 1751 λοί
2282 1717 2378 1750 σου
2428 1698 2641 1769 χρόνοι.
2691 1720 2719 1747 ››
2772 1696 2838 1752 Οἱ
2878 1695 3125 1769 κράκται·
3180 1721 3210 1749 κ

3263 1698 3337 1752 Σὺ
3394 1695 3451 1751 ἐκ
3499 1696 3643 1761 θείας
3684 1699 3801 1771 qui.

2148 1806 2253 1863 φου
2314 1784 2766 1859 προεχειρίσθης·
2824 1808 2853 1837 ››
2924 1785 2951 1838 6
3019 1783 3153 1848 λαὸς
3205 1784 3265 1840 ἐκ
3325 1786 3506 1862 τρίτου
3564 1784 3799 1858 ὁμοίως.

2156 1875 2224 1931 Οἱ
2300 1873 2547 1950 κράκται·
2628 1898 2657 1925 ‹‹
2735 1872 3051 1949 Εὐλόγησεν
3126 1874 3155 1929 6
3223 1876 3352 1937 Θεὸς
3411 1876 3439 1929 6
3497 1877 3801 1947 παντοκρᾶ-

2150 1982 2284 2038 τωρο
2350 1987 2377 2014 ››
2437 1963 2465 2017 6
2526 1961 2657 2024 λαὸς
2706 1961 2767 2017 ἐκ
2821 1964 2869 2037 γ¹
2904 1963 3155 2035 ὁμοίως.
3214 1964 3280 2021 Οἱ
3335 1964 3583 2038 κράκται·
3644 1988 3675 2017 κ
3735 1965 3805 2021 Σὺ

2156 2050 2497 2129 ἐνυμφεόθης
2536 2051 2584 2087 ⁵³
2642 2049 2702 2105 ἐκ
2755 2055 2887 2105 Θεοῦ
2933 2056 3002 2125 τῇ
3043 2052 3317 2128 πορφύρᾳο
3373 2076 3400 2103 ››
3458 2054 3486 2107 6
3551 2050 3687 2114 λαὸς
3744 2052 3805 2109 ἒχ

2151 2137 2337 2212 τρίτου
2370 2136 2601 2211 ὁμοίως.
2637 2138 2705 2194 Οἱ
2734 2138 2982 2213 κράκται”
3029 2162 3057 2190 ‹‹
3110 2139 3471 2213 Στεφανώσας
3508 2161 3565 2194 σε
3590 2143 3658 2213 τῇ
3694 2136 3805 2211 ἰδίᾳ

2154 2226 2410 2302 παλάμῃ’
2456 2252 2484 2280 ››
2544 2229 2571 2282 6
2631 2226 2763 2290 λαὸς
2833 2227 2889 2281 ἐγ
2956 2227 3145 2303 τρίτου
3186 2229 3415 2302 ὁμοίως.
3450 2231 3515 2285 υἱ
3555 2228 3803 2305 κράκταγ

2154 2340 2181 2367 ‹‹
2219 2315 2376 2371 Ἀλλ’
2407 2316 2435 2369 ὁ
2477 2316 2551 2378 εἷς
2579 2315 2779 2386 ταύτην
2822 2314 3054 2377 καλέσας
3098 2338 3156 2372 σε
3200 2319 3299 2387 τήν
3350 2319 3517 2389 ἀξίαν·
3558 2344 3578 2368 ι
3616 2320 3643 2373 6
3675 2317 3806 2380 λαὸς

2158 2404 2371 2476 ὁμοίως
2418 2403 2479 2458 ἐκ
2524 2405 2735 2478 τρίτου.
2785 2406 2851 2462 Οἱ
2900 2405 3148 2480 κράκται·
3200 2430 3228 2457 ‹‹
3273 2408 3377 2462 Καὶ
3409 2407 3657 2479 συζεύξας
3690 2428 3747 2461 σε
3778 2408 3805 2462 6

2156 2489 2307 2547 δεῖνα
2336 2496 2416 2564 τῷ
2444 2489 2701 2567 δεσπότῃ·
2738 2514 2762 2545 s
2799 2494 2826 2546 6
2857 2492 2991 2555 λαὸς
3031 2493 3239 2567 ὁμοίως
3272 2494 3330 2550 ἐκ
3363 2496 3428 2569 γ’.
3460 2497 3528 2553 Οἱ
3558 2497 3806 2570 κράκται.

2155 2605 2183 2633 ‹‹
2217 2580 2362 2643 Τοὺς
2412 2583 2648 2655 χρόνους
2688 2603 2783 2637 σου
2832 2581 3100 2653 πληθύνει
3145 2584 3237 2638 σὺν
3287 2590 3365 2657 τῷ
3416 2583 3673 2655 δεσπότῃ·
3721 2610 3745 2635 ››
3778 2586 3806 2638 6

2156 2670 2289 2733 λαὸς
2338 2669 2398 2725 ἐκ
2439 2670 2627 2745 τρίτου
2660 2672 2890 2745 ὁμοίως.
2942 2674 3008 2729 Οἱ
3064 2674 3312 2749 κράκται·
3361 2698 3389 2725 ‹‹
3422 2674 3745 2731 Εἰσακοόσει
3778 2674 3806 2728 6

2157 2760 2285 2821 Θεὸς
2313 2763 2412 2815 τοῦ
2444 2758 2581 2815 λαοῦ
2613 2761 2788 2834 ὓμῶνο
2824 2785 2853 2814 ››
2886 2762 2913 2816 6
2956 2763 3089 2826 λαὸς
3127 2761 3186 2817 ἐκ
3223 2763 3409 2839 τρίτου
3457 2764 3693 2837 ὁμοίως.
3740 2766 3808 2822 Οἱ

2156 2850 2405 2924 κρᾶκται·
2477 2874 2505 2902 ‹‹
2567 2851 2610 2907 Ο
2669 2847 2813 2905 δεῖνα
2872 2858 2971 2921 τῆς
3030 2847 3417 2924 εὖσεϐεστάτης
3484 2854 3805 2929 Δύγούστης

2157 2936 2345 2993 πολλὰ
2372 2939 2440 2993 τὰ
2468 2934 2583 3010 ἔτη·
2625 2963 2651 2990 ››
2680 2940 2708 2993 6
2742 2939 2892 3012 λαὸς,
2928 2964 2952 2995 α
2990 2941 3391 3020 Πολυχρόνιον,
3420 2966 3449 2994 ››

2232 3029 2298 3099 ζ’.
2340 3026 2559 3085 Εἷδὲναι
2610 3025 2667 3083 δὲ
2715 3027 2815 3099 δεῖ,
2866 3031 2948 3085 ’ὁτι
2989 3029 3202 3104 λέγεται
3232 3034 3279 3068 ⁸³
3323 3033 3411 3087 καὶ
3450 3039 3613 3089 τοῦτο
3644 3053 3806 3111 γεγο-

2158 3122 2298 3175 νὲναι
2347 3120 2393 3156 ⁸⁴
2441 3121 2593 3190 ποτὶ,
2645 3120 2727 3177 ὅτι
2777 3122 2912 3195 μετὰ
2953 3122 3015 3177 τὸ
3067 3122 3361 3197 πληρῶσαι
3400 3126 3466 3179 τὰ
3518 3124 3655 3199 μέρη
3704 3125 3805 3195 τὴν

402 3216 718 3274 formulam
751 3221 884 3271 ante
918 3214 1156 3280 scalam,
1184 3230 1300 3284 qua
1332 3212 1401 3266 ad
1436 3227 1814 3283 magnauram
1847 3225 2042 3265 ascen-

2159 3210 2553 3287 προρῥηθεῖσαν
2604 3210 2933 3287 ἀκτολογίαν
2998 3213 3102 3287 πρὸ
3167 3217 3275 3268 τῶν
3336 3210 3651 3288 γραδηλίων
3706 3220 3806 3283 τῆς

405 3309 585 3376 ditur,
614 3306 909 3371 ﬁnierunt,
944 3304 1071 3358 dum
1104 3302 1383 3357 factiones
1416 3302 1825 3372 praecederent,
1857 3306 1915 3354 et
1943 3303 2046 3354 Ve-

406 3393 524 3448 neti
557 3393 796 3462 quidem
825 3389 898 3444 ad
928 3404 1189 3453 scamna,
1222 3389 1279 3441 in
1312 3388 1437 3442 loco
1472 3402 1804 3457 magnaure
1833 3386 2050 3441 arbori-

2152 3294 2462 3359 ἀναϐάσεως
2526 3306 2626 3369 τῆς
2699 3299 2972 3375 μαναύρας
3054 3302 3486 3376 προανέρχονται
3567 3302 3635 3357 τὰ
3711 3300 3808 3357 δύο

2158 3386 2318 3463 μέρη,
2369 3388 2459 3443 καί
2515 3390 2565 3443 οἱ
2617 3390 2711 3462 μὲν
2763 3390 2973 3445 Βένετοι
3024 3388 3339 3467 ἀνέρχονται
3388 3390 3463 3453 εἷς
3502 3393 3569 3446 τὰ
3599 3390 3807 3466 σκάμνα

404 3480 513 3535 bus
529 3479 752 3534 consito
775 3477 911 3531 hinc
937 3476 1071 3531 inde
1093 3474 1666 3546 posita,abirent,nec
1697 3490 2042 3546 responsum

2159 3476 2219 3530 τὰ
2250 3476 2512 3549 ἱστάμενα
2558 3476 2612 3531 ἐν
2660 3476 2740 3550 τῷ
2787 3485 2886 3547 τῆς
2941 3479 3216 3555 μαναῦρας
3262 3476 3664 3554 ἂναδενδραδίῳ
3694 3482 3807 3554 (98)

405 3567 479 3624 ad
528 3574 763 3622 cantum
814 3581 989 3620 suum
1043 3564 1387 3635 acciperent,
1438 3567 1707 3618 cantores
1756 3579 1889 3618 vero
1940 3564 2046 3617 bas

405 3655 615 3712 deinde
663 3655 1114 3711 acclamationes
1162 3653 1473 3709 recitarent
1504 3668 1517 3708 :
1552 3674 1578 3703 «
1611 3651 1827 3708 Multos
1859 3668 2045 3707 annos

402 3745 850 3816 imperatoribus
884 3760 897 3798 :
930 3764 960 3794 ιδ
991 3742 1205 3814 quibus
1248 3741 1522 3814 pepulus,
1555 3758 1682 3813 quas
1716 3742 2047 3814 responderi

403 3835 612 3903 solent,
667 3833 1001 3905 respondet.
1062 3832 1379 3902 Postquam
1448 3832 1649 3902 sponsi
1714 3833 2043 3900 constitere,

386 3925 597 3997 prima
627 3922 879 3995 receptio
913 3923 997 3990 fit,
1042 3926 1098 3977 et
1128 3927 1394 3976 cantores
1440 3920 1811 3991 populusque
1860 3921 2046 3976 dictas

407 4013 849 4070 acclamationes
881 4012 1150 4068 recitant.
1183 4012 1323 4065 Post
1352 4010 1500 4066 hanc
1533 4012 1921 4082 receptionem
1957 4026 2047 4065 ss-

404 4103 594 4159 cunda
624 4120 658 4158 a
706 4102 961 4159 Prasinis
1008 4116 1185 4172 parvo
1217 4098 1520 4154 intervallo
1550 4100 1609 4154 in
1639 4101 1841 4155 eodem
1881 4100 2046 4155 arbo-

405 4199 528 4249 reto
560 4190 1269 4260 instituitur,sponsisque
1290 4187 2049 4253 consistentibus,cantores

404 4280 794 4354 pepulusque,
828 4280 910 4335 uti
944 4277 1223 4343 diximus,
1255 4276 1618 4341 acclamant;
1653 4292 1768 4347 quo
1801 4277 2050 4341 facto,ri-

404 4374 529 4439 tus,
558 4371 629 4426 de
660 4370 874 4440 quibus
918 4384 1117 4438 supra,
1148 4365 1536 4421 celebrantur.
1565 4365 1718 4419 119
1771 4365 2049 4423 Caeterum

2154 3561 2299 3630 ἔνθεν
2327 3567 2590 3640 κάκεῖθεν,
2620 3569 2711 3624 καὶ
2744 3568 3029 3644 ἀπόκρισιν
3084 3572 3159 3644 μή
3201 3569 3517 3647 δεχόμενοι,
3554 3573 3808 3647 λέγουσιν

2158 3656 2209 3709 οἱ
2234 3655 2458 3730 κρακται
2490 3656 2809 3734 κατάλεγμα
2852 3662 2986 3731 (99),
3037 3684 3065 3711 «
3108 3659 3301 3716 Πολλὰ
3347 3660 3413 3715 τὰ
3442 3656 3534 3731 ἔτη
3567 3666 3673 3716 τῶν
3711 3660 3810 3736 βα-

2158 3743 2354 3800 σιλέων
2385 3747 2432 3783 ⁵⁸
2469 3748 2479 3803 l
2518 3771 2544 3798 »
2594 3747 2684 3801 καὶ
2735 3748 2762 3802 6
2814 3746 2945 3811 λαὸς
2994 3748 3345 3823 ἀποκρίνεται
3376 3751 3440 3805 τὰ
3471 3750 3808 3827 ὀφειλόμενα

2157 3837 2254 3887 τοῦ
2302 3832 2737 3909 καταλέγματος.
2792 3838 2894 3893 Καὶ
2970 3839 3106 3911 μετᾶ
3154 3838 3215 3892 τὸ
3279 3845 3469 3909 στῆναι
3518 3838 3646 3902 τοὺς
3687 3857 3812 3891 νεο-

2156 3922 2401 3999 νόμφους
2452 3924 2654 3999 γίνεται
2708 3922 2852 4001 δοχή
2917 3928 2982 3982 α’.
3034 3926 3127 3981 καὶ
3179 3924 3431 4002 λέγουσιν
3482 3928 3532 3982 οἱ
3582 3928 3811 4004 acdeth

2156 4012 2245 4066 καὶ
2279 4013 2306 4065 6
2357 4011 2483 4068 λαὸ)
2532 4014 2627 4075 τὰς
2676 4013 3080 4090 προρῥηθείσας
3111 4015 3459 4091 ἀκτολογίας.
3505 4017 3603 4071 Καὶ
3632 4017 3799 4072 πάλιν

2162 4102 2296 4172 μετὰ
2328 4101 2522 4177 μικρὸν
2546 4104 2644 4171 τῆς
2676 4103 2937 4173 τοιαύτης
2970 4100 3165 4178 δοχῆς,
3208 4105 3408 4178 γίνεται
3440 4105 3582 4180 δοχῆ
3621 4107 3687 4181 β’,
3719 4104 3811 4159 καὶ

2160 4188 2415 4266 δὲχονται
2443 4192 2494 4247 οἳ
2526 4193 2783 4265 Πράσινοι
2833 4193 2937 4249 ἀπὸ
2991 4198 3191 4268 μικροῦ
3244 4192 3616 4269 διαστήματος
3644 4196 3698 4250 ἐν
3729 4200 3810 4268 τῷ

2158 4280 2311 4353 αὐτῷ
2351 4280 2767 4357 ἀναδενδρσδίῳ,
2827 4284 2917 4338 καὶ
2971 4288 3078 4339 τῶν
3130 4284 3444 4362 νεονύμφων
3488 4286 3813 4358 ἱσταμένων,

2160 4367 2411 4445 λέγουσιν
2462 4373 2513 4427 οἱ
2562 4374 2787 4446 κράιιται
2836 4371 2924 4426 καὶ
2995 4374 3023 4426 6
3084 4374 3214 4435 καὸς
3262 4373 3358 4435 τὰς
3407 4372 3819 4451 προῤῥηθείσας

1755 4461 1997 4521 VARI/E
2044 4468 2459 4528 LECTIONES.

473 4553 864 4639 ὖί-ἀτέοτιρεῖσι
906 4553 998 4639 ρὰ,
1072 4552 1121 4589 ⁵⁸
1157 4549 1469 4630 νυμφεύθης
1508 4551 1599 4607 ed.
1675 4549 1723 4585 ⁵³
1763 4548 1845 4605 ὅτι
1903 4550 2116 4630 λέγεται
2166 4576 2282 4617 om.
2318 4561 2408 4617 ed.
2482 4560 2831 4634 Μγεγονέναι
2880 4562 3034 4634 conj.
3088 4560 3181 4633 3.,
3219 4561 3407 4639 γέγονε
3453 4564 3578 4621 cod.
3622 4568 3679 4622 et
3714 4565 3809 4623 ed.

380 4629 448 4671 η⁵⁸
482 4630 562 4699 τῷ
604 4624 822 4702 βασιλεῖ
859 4626 953 4683 ed.

1450 4712 1649 4770 JOAN.
1688 4716 1830 4772 JAC.
1879 4717 2139 4777 REISKII
2178 4721 2775 4783 COMMENTARIUS.

473 4807 589 4886 (96)
620 4807 897 4886 Diversus
949 4805 1063 4886 bis.
1093 4807 1181 4886 est
1228 4803 1550 4886 grabbatus
1600 4804 1674 4861 ab
1721 4805 1846 4873 illo,
1880 4824 2053 4879 quem
2087 4812 2133 4877 D
2165 4814 2292 4865 tum
2324 4811 2918 4886 vitibus‘obumbrata
2949 4817 3007 4869 et
3035 4813 3342 4886 apsidata;
3377 4813 3637 4886 trichilas
3666 4816 3813 4874 alias

402 4875 585 4951 hujus
626 4878 856 4950 pagina
881 4875 1235 4951 principium
1271 4881 1575 4951 memorat.

474 4946 589 5023 (⁷97)
607 4946 747 5006 Ειιοᾘ
760 4957 844 5006 est
868 4946 1085 5023 nomen
1101 4946 1479 5023 cubiculi,cuj
1492 4964 1557 5023 u_s
1574 4948 2055 5023 appellatiounde

404 5017 638 5093 sumpta
686 5027 743 5077 et
786 5021 881 5093 qui
930 5017 1468 5093 natainon‘liquel.
1500 5017 1833 5076 Fuit—enim
1886 5022 2056 5079 initio

401 5090 746 5160 armarium,
790 5090 846 5149 et
876 5094 1057 5148 armis
1087 5090 1561 5165 imaginibusque
1591 5108 1890 5165 armorum
1928 5094 2057 5165 ple-

406 5183 575 5233 num,
609 5172 676 5221 ut
704 5182 768 5221 ex
822 5165 1053 5237 Contin.
1088 5164 1455 5237 Tbeopban._
1488 5179 1565 5237 p._
1594 5163 1685 5233 88,
1720 5165 1833 5220 tine
1862 5163 2059 5237 (quem

406 5238 597 5294 locum
619 5235 981 5293 Adversariis
1016 5234 1341 5290 Leicbianis
1370 5234 1575 5304 debeo)
1606 5242 1854 5291 constat.
1872 5234 2062 5293 armis

407 5314 467 5365 et
513 5309 708 5365 Amori
763 5323 969 5373 parum
1020 5306 1308 5361 convenit.
1362 5305 1569 5360 Fuitne
1621 5305 1965 5362 lavacrum?
1996 5308 2058 5364 V.

408 5381 721 5450 Antholog.
759 5378 825 5450 Η.
859 5377 1143 5450 Stephani
1176 5393 1240 5450 p.
1281 5377 1406 5441 354,
1442 5377 1593 5450 med.
1621 5384 1681 5450 et
1714 5379 1901 5449 p.374,
1931 5380 2059 5435 375.

485 5453 603 5523 (98)
634 5444 736 5507 Est
781 5444 1197 5523 ἀναδενδράδων
1232 5448 1389 5523 locus
1442 5444 1749 5523 arboribus
1779 5444 2058 5520 consitus,

414 5520 893 5579 deambulacrum
926 5522 1032 5576 sub
1066 5520 1393 5585 arboribus,
1426 5520 1543 5575 sive
1578 5526 1748 5577 recta“:
1779 5526 1935 5577 stent
1965 5538 2067 5578 ar-

413 5596 669 5665 bores,et
699 5611 798 5665 per
828 5592 1217 5665 quincuncem
1242 5591 1766 5665 dispositaagivein
1799 5594 2059 5665 apsidem

412 5662 799 5724 ﬂsmeaneit
828 5662 1064 5735 quidem
1092 5663 1423 5735 Salmasius
1447 5662 1519 5718 ad
1555 5662 2063 5735 Dedicat.Herodis

414 5739 587 5799 Attici
617 5756 675 5814 p.
711 5755 788 5795 m.
829 5730 950 5807 {02,
985 5730 1373 5809 ἀναδενδράδας
1404 5750 1532 5790 esse
1559 5733 1897 5792 ambulacro.
1927 5741 2061 5794 tan-

2170 4882 2487 4959 appellant.
2543 4884 2694 4959 sane
2728 4882 3201 4959 Etymologicum
3247 4882 3374 4959 M_.':
3406 4882 3730 4959 ἀναδενδράς
3778 4890 3814 4957 ἡ

2167 4950 2483 5032 ᾅμῇτλελος,ἡ
2517 4954 2655 5032 πρρς
2687 4955 2757 5032 τὸ
2782 4950 3399 5032 δένδρονυᾲνερχομένη.
3432 4962 3543 5017 Sed
3597 4950 3821 5013 ἀναδενξ

2170 5021 2341 5100 δράδα
2371 5021 2650 5084 οιίιίωᾘο
2679 5021 2988 5085 arboribus
3017 5021 3416 5087 aliis'ér'ecti'm
3450 5033 3738 5087 stantibus
3769 5036 3829 5089 et

2166 5103 2282 5176 vile
2313 5117 2428 5176 non
2479 5101 2842 5176 obumbratis
2895 5101 3167 5176 usurpari
3200 5108 3358 5176 patet
3386 5108 3444 5158 et
3492 5103 3733 5176 Antbol.
3768 5121 3825 5176 p.
3930 5134 3945 5147 κ

2167 5170 2279 5225 27:
2317 5168 2460 5246 ὄχνη
2494 5170 2684 5248 χειρᾲς
2717 5168 2882 5248 Epig,
2910 5168 3060 5248 _etc.-
3086 5168 3254 5231 Forte
3285 5175 3424 5230 olim
3469 5175 3621 5242 apud
3661 5168 3829 5248 anti-

2169 5256 2320 5367 guos
2349 5239 2600 5324 δῖε-φῶθ’
2626 5239 2961 5328 anserem;
3009 5250 3241 5328 tantum
3275 5239 3616 5327 usurpatum
3653 5246 3832 5327 fuerit

2210 5328 2240 5367 e
2271 5313 2600 5367 arboribus.
2635 5332 2781 5367 auas
2812 5325 2957 5367 Vites
2988 5316 3290 5367 ambibant
3319 5323 3377 5367 et
3408 5316 3831 5367 circumplica-

2210 5328 2240 5368 e
2271 5313 2600 5388 arboribus,
2635 5332 2781 5386 quas
2812 5313 2957 5372 vites
2988 5316 3290 5372 ambibant
3319 5323 3377 5372 et
3408 5313 3831 5388 circumplica-

2172 5384 2410 5460 bantur.
2445 5384 2816 5443 Recentiores
2849 5394 3046 5443 autem
3080 5388 3263 5444 Graeci
3310 5388 3511 5460 procul
3545 5384 3724 5460 dubio
3757 5390 3831 5445 de

2170 5454 2311 5529 loco
2350 5471 2701 5529 quocunque
2732 5460 3038 5516 arboribus
3088 5475 3219 5516 cum
3252 5454 3389 5517 cura
3440 5459 3733 5517 ordinatis
3769 5466 3828 5518 et

2172 5526 2354 5622 cultis
2382 5544 2564 5622 onpa-co
2594 5526 2892 5622 adhibent.

2245 5598 2356 5675 (99)
2408 5598 2500 5675 Est
2560 5600 2801 5672 aliquid,
2839 5602 3009 5675 quod
3068 5598 3446 5675 autaltypa,
3500 5619 3638 5661 voce
3686 5602 3830 5661 sim-

2173 5668 2343 5744 plici,
2376 5668 2678 5744 recitatur,
2720 5668 2910 5744 qualis
2959 5678 3045 5729 est
3095 5673 3154 5728 in
3185 5668 3651 5734 vita-communi
3704 5691 3833 5734 ser-

2174 5742 2594 5800 mocinantium
2627 5742 2824 5801 cantui
2856 5744 3167 5818 oppositas
