4158 6212
401 377 517 447 433
625 384 628 386 ⁷
1253 387 1352 449 DE
1393 376 1856 450 CERIMONIIS
1901 386 2056 450 AUL

2176 375 2661 448 BYZANTINE
2705 385 2850 447 LIB.
2901 385 2949 447 Ι.
3686 375 3805 445 εει

399 515 752 594 ἀκτολογίας,
812 515 902 574 καὶ
953 515 1087 593 μετᾶ
1135 521 1306 574 ταῦτα
1367 517 1728 576 ἐπακολουθεῖ
1781 523 1815 590 ἡ
1871 521 2045 590 τάξις,

2168 519 2468 577 recentiori
2498 523 2664 576 atate
2693 519 2751 575 id
2784 533 2996 576 novum
3026 517 3361 574 institutum
3411 521 3522 588 est,
3555 523 3618 574 ut
3647 535 3804 592 nup-

399 608 577 671 καθὼς
627 606 972 685 προείρηται.
1013 609 1132 680 Χρή
1183 605 1240 663 δὲ
1292 608 1729 685 γινώσκειν,·νὸτι
1775 609 1826 664 ἐν
1855 614 1972 671 τοῖς
1999 610 2046 646 ⁵⁸

2168 610 2310 666 tialis
2339 609 2710 683 imperatoris
2731 609 3028 666 coronatio
3053 608 3114 665 in
3149 609 3362 680 templo
3388 609 3586 680 palatii
3608 625 3805 666 sacro-

397 695 656 773 ἒσχάτοις
720 703 936 770 καιροῖς
994 696 1406 775 ἐκαινουργήθη
1449 703 1546 754 τοῦ
1600 699 1841 774 γίνεσθαι
1891 699 1939 733 ⁵⁷
1983 698 2047 754 τὸ

2168 706 2374 757 sancta:
2426 699 2680 772 Virginis
2729 700 2987 772 Deiparte
3059 699 3226 756 Phari
3264 703 3689 771 perageretur:
3750 704 3808 756 et

401 787 727 866 στεφάνωμα
753 790 852 842 τοῦ
907 785 1176 863 βασιλέως
1216 786 1271 842 ἐν
1329 791 1410 859 τῷ
1463 791 1577 860 ναῷ
1627 792 1724 844 τοῦ
1779 786 2052 844 παλατίου

2168 789 2361 863 sponsi
2393 805 2497 861 per
2524 805 2763 846 aureum
2794 788 3117 846 triclinium
3151 805 3286 844 cum
3323 788 3606 860 obsequio
3636 786 3808 844 cubi-

399 882 500 945 τῆς
572 876 862 952 ὓπεραγίας
911 875 1176 932 Θεοτόκου
1234 880 1333 932 τοῦ
1389 879 1596 952 Φάρουο
1648 879 1739 933 καὶ
1811 875 1877 948 δὴ
1945 880 2052 932 τῶν

2168 878 2297 948 culi,
2332 879 2751 950 magistrorum
2783 883 2840 934 et
2878 877 3259 949 patriciorum
3301 877 3542 950 egressi,
3575 877 3717 932 dum
3749 880 3809 934 et

398 965 714 1044 νεονύμιρων
745 964 996 1034 ἐξιόντων
1029 962 1118 1020 διά
1145 969 1243 1021 τοῦ
1274 963 1757 1041 χρυσοτρικλίνου,
1790 964 2049 1037 δηλονότι

2168 967 2344 1039 portis
2375 967 2538 1023 aurei
2559 966 2798 1022 triclinii
2820 966 3111 1038 argenteis
3133 967 3445 1038 procedere
3465 965 3690 1036 volunt,
3715 981 3810 1022 or-

402 1053 803 1128 όψικευομένων
880 1054 982 1109 ὑπό
1056 1074 1114 1110 τε
1179 1059 1276 1110 τοῦ
1342 1051 1741 1111 κουϐουκλείου
1798 1056 1888 1110 καὶ
1945 1059 2051 1110 τῶν

2168 1072 2374 1128 ganum
2407 1072 2654 1113 aureum
2699 1055 2985 1128 pulsatur,
3015 1060 3073 1111 et
3102 1055 3408 1124 factiones,
3451 1071 3599 1126 quas
3645 1055 3805 1112 dixi-

405 1142 718 1218 μαγίστρων
765 1143 854 1199 καὶ
908 1143 1237 1218 πατρικίων,
1287 1141 1608 1217 μελλόντων
1653 1146 1830 1200 αὐτῶν
1866 1144 2052 1214 ἐξιέναι

2168 1161 2316 1214 mus,
2348 1145 2796 1203 acclamationes
2828 1145 3096 1202 recitant.

402 1234 496 1296 τὰς
555 1233 793 1310 ἀργυρᾶς
851 1254 948 1289 του
1018 1234 1477 1311 χροσοτρικλίνου
1535 1233 1738 1306 πύλας,
1788 1233 1947 1291 αὒλεῖ
2000 1236 2062 1290 τὸ
2119 1239 2359 1311 χρυσοῦν
2418 1231 2670 1311 ὄργανον,
2723 1235 2811 1290 καὶ
2867 1235 2934 1290 τὰ
2993 1236 3131 1310 μέρη
3191 1233 3578 1310 ἀκτολογοῢσι,
3633 1237 3811 1300 καθὼς

400 1322 746 1398 προείρηται.

1033 1416 1299 1472 ΚΕΦΑΛ.
1342 1416 1428 1474 Μ’.

2813 1418 3042 1475 CAPUT
3073 1419 3182 1475 XL.

473 1504 612 1561 Ὅσα
670 1501 752 1559 δεῖ
805 1503 1245 1639 παραφυλάξειέ
1281 1502 1391 1613 ⁸Ξπὶ
1455 1504 1714 1581 στεψίμῳ
1770 1504 1986 1582 Λύγού-

1173 1598 1206 1647 η
1334 1619 1346 1632 .

2417 1507 2774 1565 Observanda
2805 1509 2863 1564 in
2892 1511 3245 1566 coronatione
3276 1510 3554 1580 Augustae.

474 1671 557 1724 A'.
590 1663 901 1740 Ἐξὲρχεται
953 1666 982 1720 6
1033 1663 1290 1740 βασιλεὺς
1340 1665 1419 1730 εἷς
1465 1667 1560 1722 τὸν
1598 1667 1920 1745 αύγουστέα,
1955 1687 2056 1744 φο-

2241 1669 2282 1724 Ι.
2316 1668 2624 1740 Egreditur
2651 1668 2971 1740 imperator
2999 1669 3071 1725 ad
3092 1673 3470 1742 augusteum,
3501 1685 3716 1727 corona
3754 1673 3814 1726 et

404 1756 512 1827 ρῶν
557 1754 657 1823 τὴν
719 1751 987 1831 χλαμύδα
1044 1752 1390 1829 ἐστεμμένος,
1450 1755 1540 1811 καὶ
1605 1761 1757 1812 ποιεῖ
1793 1776 2054 1832 προαγω-

2168 1759 2475 1832 chlamyde
2503 1763 2766 1827 ornatus,
2802 1759 3194 1831 promotiones
3249 1759 3383 1816 facit
3425 1764 3484 1816 et
3527 1759 3682 1817 circa
3701 1760 3811 1816 ho-

400 1842 498 1918 γὰς
538 1845 604 1915 ⁸⁸,
653 1843 744 1897 καὶ
802 1842 929 1919 περὶ
988 1841 1134 1918 ὥραν
1192 1844 1382 1920 τρίτην
1440 1846 1717 1915 καθέζεται
1772 1845 1934 1918 μέσον
1965 1842 2056 1900 τοῦ

2171 1866 2290 1905 ram
2321 1849 2548 1906 tertiam
2579 1848 2639 1905 in
2672 1847 2864 1904 medio
2895 1848 3148 1904 triclinio
3163 1849 3393 1905 residet.
3420 1849 3816 1906 Caeremonia—

402 1930 712 2006 τρικλίνου.
764 1932 824 1988 Ὁ
891 1929 949 1986 δὲ
1013 1935 1114 1996 τῆς
1174 1933 1554 1996 καταστάσεως
1623 1933 1922 2008 εὐτρεπίζει
1987 1936 2054 1990 τά

2168 1939 2287 1994 rius
2317 1938 2468 2008 vela,
2493 1937 2578 1992 uti
2624 1953 2752 1994 mos
2797 1942 2908 2006 est,
2969 1937 3221 2006 ordinat,
3274 1938 3619 2010 praepositus
3649 1953 3805 2005 vero,

408 2020 580 2096 βῆλα,
612 2020 686 2082 ὡς
717 2014 832 2094 ἔχει
864 2021 899 2089 ἡ
933 2021 978 2056 ⁸ο
1007 2021 1280 2090 συνήθεια,
1311 2021 1402 2076 καὶ
1432 2020 1676 2077 νεύουσιν
1706 2023 1758 2076 οἱ
1801 2019 2054 2077 δεσπόται

2169 2026 2338 2099 signo
2369 2043 2402 2081 a
2433 2025 2692 2081 dominis
2731 2026 2889 2096 dato,
2921 2042 3051 2082 cum
3079 2027 3334 2082 ostiariis
3363 2026 3662 2098 virgisque
3680 2041 3813 2098 pro-

403 2114 486 2181 τῷ
531 2106 896 2182 πραιποσίτῳ,
948 2108 1037 2162 καὶ
1088 2107 1365 2184 ἐξερχεται
1433 2109 1569 2183 μετὰ
1615 2110 1908 2185 ὀστιαρίων
1967 2110 2054 2165 καὶ

2168 2115 2270 2182 dit,
2292 2130 2356 2169 ac
2379 2112 2570 2169 velum
2602 2113 2878 2185 primum,
2932 2113 3274 2186 magistros;
3325 2117 3672 2178 secundum,
3720 2130 3814 2184 pa-

406 2197 665 2275 βεργίων,
721 2197 812 2252 καὶ
871 2197 1262 2271 προσκαλεῖται
1337 2199 1509 2275 βῆλον
1576 2201 1645 2270 α’,
1702 2199 1828 2263 τοὺς
1891 2199 2056 2276 μαγί-

405 2304 620 2363 στρους’
686 2286 754 2361 β’,
802 2285 1142 2362 πατρικίους·
1200 2286 1408 2362 τρίτον,
1458 2288 1586 2351 τοὺς
1629 2287 2054 2365 συγκλητικοὺς,

407 2375 661 2446 ὑπάτους,
722 2376 994 2450 κόμητας,
1054 2373 1431 2449 κανδιδάτους,
1499 2379 1604 2433 ἀπὸ
1661 2377 1922 2454 ἐπάρχων
1962 2380 2050 2433 καὶ

408 2465 783 2540 στρατηλάτας
812 2466 859 2504 ⁸¹
920 2467 1017 2539 (1),
1080 2466 1231 2540 βῆΛα
1291 2465 1461 2540 βῆλα.
1510 2467 1570 2524 Ὀ
1619 2464 1677 2522 δὲ
1706 2467 2054 2543 πατριάρχης

405 2552 626 2634 ἔρχεται
655 2552 747 2609 διὰ
775 2560 877 2624 τῆς
914 2550 1142 2632 δάφνης,
1175 2555 1266 2609 καὶ
1298 2555 1601 2634 εἰσέρχεται
1633 2557 1711 2620 εἷς
1738 2557 1832 2612 τὸν
1864 2558 2053 2630 ’Λγιον

407 2646 678 2721 Στέφανον
715 2643 807 2699 καὶ
859 2638 1142 2722 ἐκδέχεται
1191 2642 1321 2706 τοὺς
1371 2640 1656 2716 δεσπότας,
1699 2646 1790 2700 καὶ
1822 2644 1913 2700 ὅτε
1943 2645 2057 2701 εἰσ-

406 2730 607 2798 έλθωσι
654 2732 721 2788 τὰ
768 2729 916 2806 βῆλα
944 2731 1121 2787 πάντα
1160 2730 1250 2787 καὶ
1307 2731 1672 2808 πληρωθῶσι,
1706 2734 1950 2790 νεύουσιν
2003 2734 2055 2789 οἱ

408 2819 662 2878 δεσπόται
717 2825 801 2894 τῷ
856 2824 1207 2897 πραιποσίτῳ
1261 2823 1352 2878 καὶ
1401 2823 1708 2898 ἀπάρχεται
1738 2823 1828 2878 καὶ
1886 2843 2056 2900 προσ-

407 2914 656 2967 καλεῖται
711 2911 805 2967 τὸν
864 2913 1240 2988 πατριάρχην,
1299 2914 1390 2968 καὶ
1459 2912 1762 2991 εἲσὲρχεται
1841 2911 1916 2974 εἷς
1962 2912 2053 2967 τὸν

407 2999 726 3076 αύγουστέα.
780 3000 884 3058 Καὶ
942 2999 1220 3079 ἐξέρχεται
1277 3004 1312 3070 ἡ
1371 2999 1687 3076 βουλομένη
1742 3004 2054 3081 στεφθῆναι,

409 3090 775 3164 ὀψικευομὲνη
840 3089 944 3145 ὑπὸ
989 3095 1088 3146 τοῦ
1143 3086 1558 3160 κουόουκλείου,
1609 3093 1696 3146 καὶ
1758 3091 2056 3167 ἐγείρονται

2166 2201 2370 2259 tricios
2403 2222 2418 2273 ς
2452 2205 2714 2269 tertium,
2738 2207 3069 2271 senatores;
3103 2202 3314 2258 deinde
3333 2201 3619 2268 consules,
3643 2200 3816 2256 comi-

2171 2295 2280 2361 tes,
2305 2289 2665 2359 candidatos,
2685 2290 3058 2361 exprsafectos
3077 2307 3142 2346 ac
3173 2289 3307 2346 belli
3329 2290 3532 2358 duces,
3554 2288 3819 2361 singulos

2169 2381 2233 2437 in
2264 2379 2409 2436 velis
2440 2379 2584 2450 suis,
2610 2379 2873 2436 arcessit.
2907 2378 3244 2435 Patriarcha
3284 2395 3382 2450 per
3425 2378 3720 2451 daphnem
3749 2378 3821 2434 ad

2171 2473 2228 2524 S.
2289 2469 2590 2540 Stephani,
2642 2468 2908 2525 dominos
2942 2473 3312 2540 excepturus,
3343 2467 3522 2536 venit,
3568 2484 3635 2524 ac
3681 2466 3822 2523 velis
3867 2508 3876 2518 .

2181 2555 2455 2612 omnibus
2504 2555 2785 2627 ingressis
2869 2554 3144 2627 nulloque
3205 2553 3530 2622 deﬁciente,
3592 2552 3819 2610 domini

2165 2644 2477 2716 praeposito
2509 2645 2747 2716 signum
2779 2644 3045 2716 dant,qui
3065 2644 3209 2713 abit,
3234 2642 3622 2715 patriarcham
3646 2647 3815 2700 vocat

2166 2743 2222 2793 et
2251 2739 2600 2807 augusteum
2627 2733 2977 2806 ingreditur.
3001 2738 3162 2790 Tunc
3193 2733 3416 2789 domini
3477 2749 3692 2791 corona
3720 2749 3818 2790 or-

2167 2824 2384 2889 nanda,
2416 2840 2450 2879 a
2491 2813 2873 2880 cubiculariis
2940 2821 3182 2894 stipata,
3229 2821 3538 2894 procedit;
3591 2821 3817 2878 domini

2167 2917 2422 2985 surgunt
2452 2918 2508 2968 et
2537 2913 2608 2968 ad
2639 2913 2856 2981 locum,
2880 2911 2982 2966 ubi
3011 2928 3111 2967 ara
3141 2911 3395 2983 reposita
3420 2915 3532 2980 est,
3565 2927 3693 2967 cum
3718 2927 3824 2983 pa-

2167 3002 2425 3058 triarcha
2450 3003 2687 3069 abeunt,
2747 3005 2804 3057 et
2848 3002 3108 3072 Augusta
3149 3001 3466 3056 maforium
3532 3008 3816 3071 gestante,

2169 3108 2369 3164 preces
2400 3089 2692 3148 solemnes
2725 3088 3059 3162 patriarcha
3077 3088 3300 3144 recitat.
3334 3087 3436 3142 His
3469 3087 3672 3155 ﬁnitis,
3705 3090 3819 3143 Au-

409 3180 462 3234 οἳ
517 3178 770 3235 δεσπόται
825 3180 915 3235 καὶ
971 3179 1308 3256 ἀπέρχονται
1366 3175 1490 3236 ἔνθα
1535 3178 1748 3236 ἵσταται
1790 3182 1854 3236 τὸ
1897 3181 2054 3237 ἀντι-

2168 3187 2352 3254 gustsa
2376 3179 2684 3236 maforium
2715 3182 2957 3244 exuunt,
2981 3192 3228 3249 eamque
3259 3175 3562 3248 chlamyde
3592 3175 3820 3233 domini

415 3267 596 3340 μίσιον
632 3269 743 3342 ἅμα
787 3273 883 3324 τοῦ
913 3269 1280 3345 πατριάρχου,
1329 3271 1418 3325 καὶ
1464 3277 1565 3340 τῆς
1611 3270 1924 3346 Αύγούστης
1959 3291 2056 3350 φο-

411 3357 613 3432 ρούσης
665 3360 956 3434 μαφόριον,
999 3364 1153 3414 π’)ιεῖ
1203 3360 1231 3414 ὁ
1280 3361 1631 3436 πατριάρχης
1677 3361 1772 3423 τὰς
1811 3363 2060 3431 συνήθεις

409 3447 595 3523 εύχάς.
646 3447 744 3502 Καὶ
798 3449 888 3503 ὅτε
935 3447 1208 3524 πληρώσῃ
1253 3451 1352 3519 τὴν
1406 3450 1606 3528 εύχήν,
1653 3447 1903 3505 ἐκδύουσι
1958 3451 2060 3521 τήν

406 3536 719 3612 Αύγοῦσταν
780 3537 842 3592 τὸ
911 3537 1204 3614 μαφόριον,
1279 3537 1371 3592 καὶ
1427 3535 1704 3594 ἐνδύουσιν
1767 3540 1933 3610 αὐτὴν
2005 3544 2057 3598 οἱ

2166 3271 2448 3337 vestiunt,
2481 3267 2792 3339 statimque
2808 3264 3134 3338 patriarcha
3163 3279 3342 3336 super
3383 3279 3594 3320 corona
3625 3279 3824 3335 preca-

2166 3365 2311 3418 tur:
2355 3375 2470 3433 quo
2518 3359 2690 3427 facto,
2752 3372 3022 3412 coronam
3073 3353 3409 3425 imperatori
3467 3353 3666 3422 tradit,
3719 3353 3818 3424 qui

2168 3467 2297 3510 eam
2330 3454 2594 3524 Augusta;
2627 3448 2914 3520 imponit:
2949 3444 3046 3501 ille
3079 3443 3334 3501 dominis
3355 3459 3417 3500 se
3446 3443 3738 3516 adjungit,
3761 3447 3822 3500 et

2169 3543 2250 3599 sic
2281 3559 2383 3615 per
2412 3538 2749 3597 cubiculum
2781 3534 3166 3609 octangulum
3199 3533 3422 3590 domini
3464 3537 3520 3590 et
3555 3535 3822 3604 Augusta

411 3623 663 3681 δεσπόται
695 3627 795 3695 τὴν
828 3623 1115 3701 χλαμύδα,
1168 3628 1257 3682 καὶ
1315 3625 1467 3691 αὖθις
1497 3633 1648 3683 ποιεῖ
1691 3628 1861 3708 εύχὴν
1896 3633 1923 3685 6
1955 3652 2056 3686 πα-

2169 3631 2440 3705 digressi,
2474 3631 2532 3684 in
2564 3628 2814 3696 thronis,
2846 3625 2932 3680 illi
2979 3624 3040 3679 in
3072 3624 3296 3691 dextro,
3330 3624 3450 3678 haec
3489 3622 3547 3678 in
3579 3623 3819 3679 sinistro

407 3715 682 3791 τριάρχης
715 3713 803 3770 ἐπὶ
851 3720 948 3770 τοῦ
995 3717 1324 3790 στέμματος,
1370 3715 1462 3773 καὶ
1516 3717 1650 3790 μετὰ
1695 3719 1796 3788 τήν
1826 3718 2056 3793 πλήρω-

2168 3724 2348 3779 latere
2379 3721 2436 3776 S.
2469 3717 2779 3788 Stephani,
2809 3713 3139 3770 consident.

411 3825 490 3860 σιν
547 3813 649 3875 τῆς
701 3805 870 3881 εὐχῆς
930 3801 1198 3880 λαμϐάνει
1252 3807 1280 3860 6
1337 3807 1686 3883 πατριάρχης
1745 3810 1807 3864 τὸ
1866 3809 2086 3885 στέμμα
2123 3813 2212 3868 καὶ
2254 3806 2537 3866 ἒπιδίδωσι
2593 3810 2673 3878 τῷ
2733 3802 2971 3878 βασιλεῖ,
3009 3803 3252 3863 κάκεῖνος
3301 3800 3512 3870 τίθησιν
3560 3799 3691 3855 αὐτὸ
3746 3797 3825 3861 εἰς

406 3896 508 3964 τήν
559 3895 806 3975 κεφαλήν
859 3903 959 3966 τῆς
1017 3895 1352 3970 Αύγούστης,
1393 3896 1481 3950 καὶ
1531 3898 1878 3953 συντάσσεται
1934 3903 2010 3974 (2)
2060 3903 2088 3958 ὁ
2133 3900 2488 3975 πατριάρχης
2544 3901 2663 3955 τοῖς
2741 3891 3047 3958 δεσπόταις,
3097 3891 3186 3944 καὶ
3257 3888 3532 3965 ἐξερχεται
3585 3885 3674 3942 διὰ
3726 3891 3825 3975 τοῦ

409 3974 726 4062 όκταγώνου
765 3990 1052 4053 κοιτῶνος,
1093 3986 1182 4041 καὶ
1229 3987 1542 4055 καθέζονται
1577 3988 1627 4040 οἱ
1659 3984 1915 4042 δεσπόται
1962 3991 2053 4045 καὶ
2103 3994 2138 4061 ἠ
2183 3974 2465 4066 Αύγοῦστα
2513 3983 2600 4040 ἐπὶ
2643 3980 2883 4037 σελλίων
2916 3979 2993 4042 εἷς
3029 3981 3092 4034 τὸ
3124 3975 3294 4048 δεξιὸν
3331 3977 3517 4053 μέρος,
3548 3980 3582 4048 ἡ
3616 3975 3674 4032 δὲ
3712 3974 3825 4033 Δύ-

409 4080 613 4153 γοῦστα
642 4077 727 4132 ἐπὶ
760 4078 822 4132 τὸ
853 4078 1133 4152 εὐώνυμον
1164 4080 1212 4115 ⁶²
1245 4076 1408 4152 μὲρος
1425 4083 1534 4133 τοῦ
1564 4078 1753 4155 ’Δγίου
1785 4081 2074 4154 Στεφάνου.

481 4167 556 4221 B'.
608 4166 711 4223 Καὶ
768 4166 1109 4246 εἰσέρχονται
1170 4169 1221 4222 οἱ
1280 4165 1562 4242 πατρίκιοι
1611 4169 1703 4223 καὶ
1762 4171 1813 4224 οἱ
1868 4169 2055 4226 λοιποὶ

2247 4173 2321 4228 ΙΙ.
2356 4171 2523 4227 Tunc
2555 4165 2780 4241 patricii
2809 4182 2876 4222 ac
2907 4163 3098 4221 caeteri
3141 4179 3366 4231 omnes,
3417 4179 3451 4219 a
3481 4158 3824 4219 silentiariis

408 4253 625 4325 πάντες,
690 4256 1052 4330 κρατούμενοι
1117 4255 1222 4311 ὑπὸ
1309 4253 1686 4330 σιλεντιαρίων
1769 4258 2056 4321 πίπτοντες

2172 4259 2504 4328 sustentati,
2540 4257 2856 4330 procidunt
2887 4269 3202 4326 eorumque
3259 4269 3452 4325 genua
3482 4250 3830 4308 osculantur

410 4342 499 4398 καὶ
544 4341 830 4421 φιλοῦντες
877 4346 943 4401 τὰ
991 4344 1088 4400 δύο
1131 4345 1335 4421 γόνατα
1372 4345 1574 4420 αὐτῶν,
1620 4346 1710 4402 καὶ
1753 4346 2056 4424 άπευχαρι-

2172 4356 2232 4407 et
2260 4349 2651 4424 gratulantur,
2679 4347 2958 4418 ﬁnitaque
2988 4343 3408 4418 gratulatione,
3427 4342 3654 4401 domini
3674 4356 3829 4414 pra:-

1777 4475 2006 4533 VARIE
2045 4475 2459 4534 LECTIONES.

481 4582 537 4661 δέ
563 4585 681 4661 τοῖς
714 4598 830 4661 0m;
863 4583 954 4661 θάτ
990 4656 1000 4661 _
1029 4580 1078 4618 ⁵⁷
1107 4583 1177 4661 τῆ
1200 4583 1440 4658 γίνεσθαι
1471 4585 1564 4642 6d.
1640 4583 1687 4620 ⁸⁸
1714 4589 1816 4654 τῆς
1847 4584 1967 4659 αύγ.
1999 4585 2092 4644 ed.
2167 4584 2216 4621 ‘9
2243 4585 2585 4661 προσαγορὰς
2616 4585 2708 4642 ed.
2788 4581 2837 4617 ⁸⁸
2865 4582 2901 4651 ἡ
2934 4597 3050 4638 om.
3074 4580 3166 4639 ed.
3242 4580 3287 4616 “
3315 4573 3706 4654 στρατηλάτων
3733 4577 3826 4636 ed.

409 4652 458 4689 “
487 4652 764 4729 εὐώνυμον
797 4657 960 4713 deest
987 4656 1046 4712 in
1076 4657 1205 4713 cod.

1455 4783 1659 4840 JOAN.
1699 4784 1841 4840 JAC.
1885 4784 2149 4842 REISKII
2186 4779 2776 4840 COMMENTARIUS.

483 4899 562 4974 (ί)
620 4897 787 4974 ΟιὶιιιΔ
841 4898 996 4955 idem
1019 4969 1034 4974 Α
1064 4903 1196 4974 erat
1248 4895 1666 4974 ,στρατηλάτης
1745 4905 1802 4956 et
1859 4920 2052 4974 στρατο
2084 4906 2131 4970 D
2171 4898 2503 4974 stratelatas
2535 4915 2634 4974 seu
2667 4895 3254 4974 magistrosmilitum
3279 4891 3818 4974 sub‘s‘e‘habebant:

414 4967 574 5041 ηγός.
611 4970 827 5041 Deinde
856 4980 990 5025 vero
1019 4969 1114 5025 hic
1147 4967 1488 5041 major'erat
1520 4967 1936 5041 magistratus,
1958 4973 2056 5030 ille
2085 4967 2119 4970 ⁷
2171 4972 2287 5027 vid.
2323 4971 2514 5027 Vales.
2547 4971 2619 5026 ad
2652 4969 2950 5026 Ammian.
2998 4968 3254 5026 Marcell.
3288 4985 3344 5041 p.
3395 4967 3516 5041 131_
3541 4971 3614 5041 et
3640 4967 3827 5021 inter-

411 5034 628 5116 m'inor.
661 5039 956 5116 Habemus
990 5034 1368 5116 στραίξῃλᾶτην
1426 5043 1528 5109 τῆς
1554 5034 1866 5116 Ἀνατολῆς
1911 5034 2062 5112 apud
2174 5060 2306 5116 pres
2335 5043 2543 5116 Script.
2581 5048 2730 5116 post.
2764 5041 3108 5116 Theop_han._
3148 5058 3204 5112 p.
3253 5034 3359 5116 217
3386 5045 3446 5116 et
3491 5037 3825 5116 2_l8.__Stra-

413 5110 717 5186 Constant.
743 5111 949 5179 Porph.
997 5108 1066 5186 de
1128 5108 1393 5186 Themat.
1449 5108 1502 5185 p7.
1542 5115 1614 5186 74,
1646 5114 1771 5184 (ubi
1818 5108 1971 5186 quod
2002 5116 2064 5186 in
2174 5108 2377 5170 letales
2409 5108 2479 5186 in:
2501 5108 2702 5186 habitu
2735 5108 3111 5186 suo_m'ilitari
3138 5108 3504 5183 conspicitur
3531 5111 3591 5165 in
3623 5108 3826 5166 Meno-

412 5181 958 5260 transitulnonere
1015 5184 1204 5260 liceat,
1269 5181 1481 5260 ἀργυρᾶ
1541 5181 1664 5260 leg.
1719 5181 2063 5260 pro’épyé.)
2172 5183 2562 5260 log.Ba_sil._t.
2597 5183 2926 5260 _Il,_p_.At72_.

415 5252 650 5324 [Georg.
688 5252 960 5312 Monach.
995 5272 1050 5326 p.
1080 5249 1501 5312 53t'me'uio'rat
1538 5249 1822 5329 Ιῐξτροῖνᾶν
1865 5249 1925 5310 σέ
1959 5249 2065 5311 ἀτί-
2233 5249 2320 5321 ”2)
2362 5249 2661 5312 Valedicil.
2685 5249 2817 5310 Vid.
2870 5258 2941 5312 de
2971 5253 3080 5311 hac
3111 5252 3540 5325 significatione
3569 5251 3644 5308 cl.
3677 5249 3826 5307 Dor-

415 5323 627 5382 ηλάτην
687 5330 790 5382 τῆς
830 5322 1128 5382 Ἀνατολῆς
1195 5326 1284 5379 καί
1342 5325 1524 5382 Νάσαο
1572 5331 1680 5381 τῶν
1750 5275 2063 5382 Βουκεῖλα·
2171 5259 2309 5382 vilSe
2350 5329 2422 5382 ad
2481 5328 2850 5382 Charitonem
2911 5341 3042 5382 nae.
3103 5328 3226 5382 151.
3280 5324 3549 5382 Recurrit
3606 5324 3822 5382 p.175.

415 5322 627 5398 ῖηλάτην
687 5330 790 5394 τῆς
830 5322 1128 5394 Ἀνατὸλῆς
1166 5326 1284 5398 ,καὶ
1342 5325 1524 5398 Νάσαρ
1572 5322 1680 5381 τῶν
1750 5322 2063 5383 Βουκελλα-
2171 5322 2309 5384 villo
2350 5329 2422 5384 ad
2481 5328 3042 5398 Charitonemipag.
3103 5322 3226 5383 151.
3280 5324 3549 5383 Recurrit
3606 5341 3664 5396 p.
3699 5324 3822 5378 175.

417 5393 620 5469 ρίων.]⁹
674 5393 751 5472 _ln
802 5399 897 5472 his
955 5393 1338 5468 στρατηλάτης
1433 5393 1603 5472 idem
1671 5401 1824 5456 valet
1888 5412 2064 5472 atque
2173 5399 2455 5456 Dixerunt
2485 5411 2680 5456 autem
2731 5393 3110 5472 συντάττεσθαι
3173 5415 3274 5470 pro
3327 5393 3640 5472 tjaleaiccre
3686 5410 3822 5467 pro-

413 5467 738 5544 στρατηγός.
793 5467 1320 5544 AVerum'ﬁsecutis‘
1339 5470 1701 5544 temporibus
1749 5477 1874 5527 erat
1915 5467 2064 5544 ξιξ-ιι-
2174 5481 2394 5544 plerea,
2423 5472 2576 5542 quod
2610 5472 2891 5544 abeuntes
2923 5471 3077 5527 inter
3110 5467 3604 5536 ω’συντάττονται,
3669 5480 3802 5521 com

413 5540 932 5616 teletae—magister
963 5542 1206 5610 militiae,
1241 5540 1331 5616 vel
1358 5541 1614 5616 militum
1661 5558 1764 5616 per
1793 5542 2064 5616 singulas
2173 5540 2795 5615 ponunt,_condicunt
2826 5543 2995 5616 diem
3051 5546 3109 5616 et
3151 5549 3408 5616 tempus,
3453 5551 3828 5616 quo_rursus

415 5613 591 5687 urbes
623 5610 1065 5687 excubantium,
1088 5616 1167 5671 ita
1192 5617 1258 5670 ut
1286 5613 1538 5687 singulis
1565 5610 1800 5686 oppidis
1829 5610 2064 5687 et'pm-
2173 5610 2504 5687 convenire,
2525 5618 2628 5670 aut
2659 5631 2788 5687 quas
2821 5615 3044 5672 interea
3061 5614 3250 5671 facere
3270 5610 3632 5671 ielinthid.
3651 5613 3826 5664 Goar.

414 5655 591 5759 ξίὶῆἷέ
613 5655 2066 5759 JiBEuii'liFQEiaIié31-55331}?{iﬁﬁégfiﬁe‘n
2174 5655 2636 5759 ἱῖΓ-ὶυῑιὶὶὲῥίιῗὶῖ
2660 5655 2761 5744 ἓὸἶ

415 5754 665 5829 integris
703 5754 941 5830 magnis
1023 5754 1344 5830 provinciis
1387 5761 1678 5832 praerant
1729 5754 1814 5815 σι’
1844 5756 2064 5816 multos
