4158 6212
403 340 521 401 455

1468 326 1987 395 CONSTANTINI
2032 322 2722 386 POBPHYROGENITI

3690 332 3812 391 456

400 474 588 546 posito
620 471 853 543 signum
890 469 1047 533 dant,
1094 467 1141 522 is
1171 466 1311 523 dicit
1343 482 1361 520 :
1390 486 1418 516 «
1450 466 1654 522 Jubete
1683 482 1696 534 ;
1732 486 1761 514 »
1794 478 2034 535 precan-

2155 460 2426 527 στοῦντες,
2474 454 2564 512 καὶ
2612 456 2703 512 ὅτε
2755 453 3032 531 πληρωθῇ
3065 456 3113 492 ⁸³
3160 457 3195 525 ἡ
3248 456 3589 532 εὐχαριστια,
3622 460 3811 517 νεύου-

399 567 498 619 tur
527 576 728 617 omnes
761 574 774 614 :
801 580 829 608 «
864 559 925 612 In
957 557 1131 628 longa
1192 556 1457 629 bonaque
1488 561 1772 628 tempora,
1794 574 1820 607 η
1870 558 1926 609 et
1958 552 2040 608 sic

396 648 795 720 egrediuntur.
832 644 903 699 Et
931 643 1124 699 statim
1157 652 1445 700 secretum
1465 644 1816 700 feminarum
1839 641 2037 705 intrat,

393 736 588 793 velum
620 735 877 807 primum
906 737 1075 789 zostaa
1108 753 1122 803 ;
1157 734 1312 791 I20
1343 734 1533 790 velum
1567 732 1910 796 secundum,
1944 745 2041 801 pa-

396 824 614 891 tricias;
674 822 936 889 tertium,
1024 823 1513 896 protospathariaa
1560 838 1627 878 ac
1684 818 2038 893 spathariaa;

403 911 1090 986 quartum,consulares;
1139 913 1431 984 quintum,
1474 912 1822 969 stratorissae
1856 928 1870 977 ;
1912 923 2039 964 sex-

400 1007 549 1070 tum,
576 1002 911 1069 comitissae,
945 1002 1395 1071 candidatissze;
1438 1001 1781 1073 septimum,
1828 997 2042 1054 scribo-

403 1093 600 1160 nissae,
630 1092 1080 1159 domesticissa;
1113 1096 1401 1161 octavum,
1447 1088 1882 1155 silentiarissre;
1937 1102 2037 1141 no-

396 1199 560 1251 num,
585 1182 1025 1238 mandatorissa
1043 1183 1120 1237 im
1133 1181 1451 1253 peratoriis,
1475 1179 1785 1236 comitissae
1814 1174 2039 1233 numeri

395 1270 778 1337 icanatorum;
812 1269 1002 1325 velum
1030 1268 1340 1335 decimum,
1375 1268 1698 1324 lribunissaa
1729 1264 2039 1323 comitissrs

396 1361 477 1419 rei
512 1362 771 1431 navalis;
804 1362 1204 1429 undecimum,
1239 1361 1696 1431 protectorissrs;
1751 1355 2042 1414 centurio-

403 1469 546 1507 num
579 1468 806 1508 uxores.
840 1452 935 1507 Hae
965 1467 1169 1507 omnes
1202 1452 1405 1507 ordine
1436 1451 1736 1523 ingressae,
1770 1448 2040 1504 domino-

402 1554 531 1597 rum
562 1558 726 1613 aeque
757 1557 821 1595 ac
859 1544 1132 1610 Augustae
1180 1556 1373 1611 genua
1402 1546 1772 1606 venerantur,
1805 1543 1862 1593 et
1899 1553 2041 1592 con-

398 1630 629 1685 sistorio
660 1634 908 1698 astante,
942 1630 1172 1695 signum
1234 1630 1542 1701 prmposito
1589 1628 1808 1684 domini
1879 1628 2040 1693 dant,

400 1718 501 1789 qui
532 1718 675 1773 dicit
706 1734 719 1773 :
758 1738 787 1766 «
815 1716 1044 1783 Jubete,
1078 1738 1105 1766 »
1139 1715 1346 1771 deinde
1378 1717 1776 1788 egrediuntur.
1820 1713 2043 1785 Reliqui

2150 568 2230 600 σιν
2293 547 2344 600 οἱ
2404 544 2658 601 δεσπόται
2732 548 2813 617 τῷ
2879 544 3247 620 πραιποσίτῳ,
3320 547 3566 613 κάκεῖνος
3629 547 3805 625 λ’ἑγει.

2151 658 2179 687 ‹‹
2214 634 2535 691 Κελεύσατε“
2572 659 2600 687 n
2640 635 2729 690 καὶ
2763 634 3086 709 ἐπεύχονται
3118 635 3337 705 πάντες,
3369 660 3395 688 ‹‹
3429 637 3524 699 Εἰς
3556 637 3810 703 πολλοὺς

2149 726 2237 779 καὶ
2296 724 2529 800 ἀγαθοὺς
2561 724 2821 800 χρόνους,
2868 748 2895 775 ››
2949 724 3040 779 καὶ
3083 723 3424 804 ἐξέρχονται.
3457 727 3560 783 Καὶ
3605 727 3807 793 εὐθέως

2151 813 2451 892 εἰσέρχεται
2498 814 2560 869 τὸ
2608 814 2854 886 σέκρετον
2904 817 3011 869 τῶν
3061 821 3350 888 γυναικῶν,
3404 814 3582 890 βῆλον
3633 818 3699 877 α’.
3752 819 3805 873 αἱ

2153 904 2369 972 ζωσταί’
2426 902 2599 978 βῆλον
2660 906 2727 979 β’,
2774 904 2829 958 αἱ
2868 903 3169 979 πατρίκιαι’
3226 904 3398 981 βῆλον
3445 907 3515 981 γ’,
3561 908 3615 961 αἱ
3648 927 3801 980 πρω-

2147 994 2508 1068 τοσπαθάριαι
2573 993 2663 1048 καὶ
2731 995 3044 1067 σπιιιθιιὶριοιι⁸
3120 994 3294 1069 βῆλον
3353 992 3417 1065 δ’,
3493 996 3804 1052 ὑπάτισσαι·

2153 1082 2328 1157 βῆλον
2359 1085 2419 1153 ε’,
2452 1084 2869 1159 στρατώρισσαι·
2928 1084 3104 1159 βῆλον
3154 1085 3218 1156 ς’,
3270 1087 3628 1158 κομήτισσαι,
3680 1108 3805 1142 καν-

2154 1169 2452 1227 διδάτισσαι
2510 1173 2575 1209 δι’
2637 1172 2810 1247 βῆλον
2876 1175 2939 1242 ζ’,
2990 1168 3403 1248 σκριϐώνισσαι,
3459 1172 3805 1250 δομεστίκισ·

2155 1280 2263 1316 σαι·
2302 1260 2473 1337 βῆλον
2526 1262 2596 1332 η’.
2660 1260 3106 1337 σιλεντιάρισσαι·
3174 1262 3349 1336 βῆλον
3404 1266 3469 1333 θ’,
3530 1260 3803 1338 μανδατὸ-

2155 1372 2333 1428 ρισσαι
2384 1350 2687 1426 βασιλικαὶ,
2737 1353 3068 1425 κομήτισσαι
3116 1357 3214 1407 τοῦ
3266 1353 3500 1427 ἀριθμοῦ
3541 1360 3648 1409 τῶν
3683 1356 3806 1411 ἰκα-

2152 1443 2349 1496 νάτωνο
2423 1440 2595 1515 βῆλον
2673 1448 2723 1511 ι’,
2798 1435 3174 1516 τριϐούνισσαι
3232 1444 3276 1477 ⁸⁵
3336 1444 3419 1517 (3)
3475 1446 3806 1517 κομητισσαι

2152 1528 2433 1603 πλοΐμων·
2490 1528 2663 1604 βῆλον
2717 1532 2809 1600 ια’,
2858 1530 3348 1606 πρωτικτὸρισσαι,
3399 1533 3806 1608 κεντάρχισσαι.

2155 1620 2512 1695 Εἰσὲρχονται
2570 1620 2709 1673 κατὰ
2755 1619 2927 1690 τάξιν,
2983 1622 3386 1693 προσκυνοῦσαι
3442 1621 3511 1675 τὰ
3559 1618 3656 1676 δύο
3705 1622 3807 1698 γό-

2154 1728 2286 1763 νατα
2315 1714 2422 1763 τῶν
2475 1706 2750 1763 δεσποτῶν
2802 1708 3012 1781 ὁμοίως
3058 1709 3148 1763 καὶ
3198 1716 3296 1778 τῆς
3346 1709 3683 1785 Αὐγούστης,
3718 1710 3809 1765 καὶ

396 1823 464 1863 ex
504 1807 667 1862 urbis
716 1806 922 1862 incolis
968 1806 1272 1861 ordinibus
1317 1810 1375 1860 et
1436 1805 1716 1871 numeris,
1776 1819 1934 1874 asque
1983 1818 2045 1858 ac

2155 1795 2401 1853 ’ίστανται
2458 1799 2503 1834 ⁶⁶
2558 1798 2969 1871 κονσιστώριον,
3010 1798 3099 1852 καὶ
3156 1797 3397 1852 νεύουσιν
3450 1799 3500 1853 οἱ
3553 1797 3810 1855 δεσπόται

393 1912 535 1952 vasa
564 1896 782 1963 omnia,
814 1896 871 1949 in
904 1894 1184 1950 tribunali
1221 1894 1345 1949 XlX
1379 1894 1756 1951 accubiluum
1781 1894 2052 1948 ordinan-

397 1989 495 2039 tur
526 2001 539 2040 :
571 1985 791 2055 patricii
823 1984 879 2039 in
913 1985 1227 2055 onopodio,
1256 1988 1554 2039 senatores
1576 1984 1634 2039 in
1667 1985 1893 2056 porticu
1915 1980 2051 2037 XIX

400 2073 772 2129 accubituum
807 2079 981 2128 stant.
1016 2076 1280 2145 Augusta
1306 2091 1335 2128 a
1356 2073 1625 2129 cubiculo
1648 2072 1864 2144 stipata
1886 2087 2049 2142 egre-

398 2162 580 2231 ditur,
616 2178 845 2234 unaque
867 2179 998 2217 cum
1031 2162 1160 2233 ipsa
1190 2162 1415 2217 domini
1449 2162 1521 2217 ad
1546 2177 1781 2217 auream
1808 2177 2050 2216 manum

397 2252 715 2323 procedunt
744 2267 810 2307 ac
853 2256 1240 2307 revertuntur.
1270 2251 1402 2323 Ipsa
1425 2267 1558 2307 vero
1580 2250 1936 2323 onopodium
1963 2249 2051 2304 in-

396 2354 619 2412 gressa,
652 2340 877 2413 patricii
913 2357 1045 2396 cum
1092 2341 1311 2397 caeteris
1364 2341 1735 2397 senatoribus
1788 2356 2054 2411 procum-

392 2429 559 2497 bunt,
583 2434 638 2485 et
662 2436 976 2502 postquam
1012 2447 1335 2499 surrexere,
1358 2429 1593 2502 signum
1620 2427 2050 2485 czeremoniario

389 2518 550 2589 dant,
598 2519 698 2589 qui
756 2520 943 2575 dicit:
980 2543 1007 2569 ‹‹
1054 2518 1287 2588 Jubete,
1320 2541 1348 2569 »
1406 2521 1617 2590 reliqui
1674 2520 1933 2573 faustum
1985 2532 2051 2571 ac

394 2608 740 2664 diuturnum
775 2610 1081 2679 imperium
1101 2609 1416 2679 apprecati,
1452 2608 1644 2679 ipsam
1671 2608 1739 2662 ad
1767 2605 2049 2662 solarium

399 2696 706 2754 tribunalis
767 2698 1143 2753 comitantur.
1197 2697 1361 2752 Tunc
1407 2698 1678 2752 consules
1718 2712 1783 2751 ac
1842 2694 2051 2766 reliqui

400 2792 697 2843 senatores
726 2787 1108 2853 descendunt,
1145 2785 1367 2855 patricii
1423 2801 1555 2840 vero
1616 2784 1750 2839 hinc
1807 2783 2050 2838 illincin

401 2875 560 2932 scala
580 2880 757 2944 stant,
801 2877 1060 2946 dumque
1110 2874 1238 2946 ipsa
1287 2872 1515 2928 vultum
1567 2890 1740 2929 suum
1773 2871 2050 2939 ostendit,

396 2964 680 3021 factiones
738 2964 1115 3020 acclamant:
1168 2986 1195 3013 «
1258 2962 1537 3019 Sanctus!
1583 2960 1869 3018 Sanctus!
1913 2962 2053 3017 San-

393 3054 553 3112 ctus!
616 3053 815 3111 Gloria
866 3055 923 3109 in
980 3052 1226 3110 excelsis
1275 3058 1407 3119 Deo,
1467 3055 1523 3109 et
1553 3069 1664 3124 pax
1690 3053 1747 3107 in
1798 3052 1986 3108 terral
2020 3073 2048 3103 »

398 3146 616 3204 Deinde
649 3146 928 3202 factiones
955 3162 1042 3214 ea,
1090 3161 1219 3217 qua:
1277 3144 1635 3201 coronationi
1673 3145 2045 3211 conveniunt,

397 3242 525 3292 acta
555 3236 821 3304 recitant,
856 3240 1118 3307 Augusta
1148 3249 1343 3289 cereos
1394 3234 1465 3288 ad
1496 3234 1888 3288 venerandam
1921 3251 2047 3289 cru-

398 3340 520 3381 cem
552 3324 836 3389 accendit,
870 3324 1123 3395 populus
1153 3340 1285 3378 vero
1317 3331 1369 3378 et
1402 3322 1655 3377 dominis
1700 3326 2043 3393 etAugustae

392 3413 593 3467 fautea
623 3417 987 3482 apprecatur,
1022 3428 1137 3483 quo
1171 3412 1343 3477 iacto,
1375 3411 1431 3465 in
1469 3415 1716 3481 utroque
1740 3398 2047 3467 latereAu-

401 3506 576 3572 gusta
604 3502 825 3570 adorat,
858 3515 1076 3572 perque
1106 3504 1454 3570 augusteum
1478 3517 1593 3555 una
1618 3517 1746 3555 cum
1768 3501 2045 3573 obsequio

398 3588 723 3645 revertitur.
753 3588 1031 3645 Consules
1065 3589 1122 3643 in
1166 3587 1416 3660 porticu,
1472 3588 1677 3661 patrici
1708 3591 1777 3645 ad
1811 3606 2045 3646 auream

403 3695 587 3749 usque
618 3695 857 3734 manum
891 3683 1066 3747 stant,
1099 3683 1157 3733 et
1189 3678 1373 3734 missa
1395 3679 1637 3734 dantur.

2153 1892 2234 1959 τῷ
2267 1886 2637 1962 πραιποσίτῳ,
2690 1888 2779 1942 καὶ
2828 1885 3001 1963 λέγει,
3059 1912 3086 1938 ‹‹
3122 1886 3442 1956 Κελεύσατε,
3478 1913 3504 1938 ››
3534 1889 3627 1943 καὶ
3659 1887 3811 1964 ἐξερ-

2158 1997 2374 2053 χονται.
2408 1976 2485 2034 Τὸ
2518 1974 2572 2031 δὲ
2624 1977 2817 2031 λοιπὸν
2858 1981 2953 2031 τοῦ
3005 1974 3142 2031 λαοῦ
3189 1984 3289 2047 τῆς
3328 1977 3544 2038 πόλεως
3577 1978 3665 2032 καὶ
3697 1982 3806 2033 τῶν

2154 2067 2443 2141 ταγμάτων
2504 2067 2595 2121 καὶ
2653 2070 2759 2121 τῶν
2816 2066 3097 2140 νουμέρων
3154 2066 3244 2120 καὶ
3296 2065 3365 2120 τὰ
3419 2066 3583 2137 σκεύη
3630 2068 3804 2122 πάντα

2156 2157 2534 2230 ὲτοιμάζονται
2570 2157 2645 2218 εἰς
2694 2156 2757 2211 τὸ
2786 2152 3169 2230 τριϐουνάλιον
3211 2159 3319 2210 τῶν
3365 2157 3429 2220 ιθ’
3482 2152 3801 2216 ἀκουϐίτων.

2157 2245 2259 2302 Καὶ
2314 2245 2554 2300 ’ἰστανται
2614 2245 2665 2299 οἱ
2724 2246 2998 2322 πατρίκιοι
3059 2246 3111 2299 ἐν
3168 2249 3249 2316 τῷ
3295 2242 3589 2318 ὀνοποδίῳ,
3650 2246 3700 2300 οἱ
3752 2242 3807 2301 δὲ

2158 2333 2513 2409 συγκλητικοὶ
2547 2333 2622 2396 εἷς
2661 2333 2752 2388 τὸν
2800 2336 3032 2409 πόρτικα
3079 2337 3186 2388 τῶν
3240 2335 3301 2387 ιΟ¹
3350 2330 3678 2394 ἀκουϐίτων.
3711 2338 3809 2393 Καὶ

2158 2420 2435 2497 ἐξέρχεται
2494 2425 2528 2491 ἡ
2589 2421 2889 2497 Αὐγοῦστα,
2943 2422 3307 2495 ὀψικευομένη
3369 2423 3473 2477 ὑπὸ
3528 2427 3627 2477 τοῦ
3677 2443 3810 2478 κου-

2161 2507 2480 2581 6ουκλείου,
2526 2511 2617 2566 καὶ
2659 2512 3069 2587 συνεξέρχονται
3120 2510 3176 2566 δὲ
3227 2510 3365 2586 αὐτῇ
3394 2511 3485 2567 καὶ
3527 2513 3579 2566 oi
3610 2509 3810 2567 δεσπό-

2154 2622 2244 2655 ται
2304 2601 2469 2676 μέχρι
2525 2605 2627 2667 τῆς
2691 2609 2901 2675 χρυσῆς
2964 2601 3177 2677 χειρὸς,
3236 2602 3323 2656 καὶ
3389 2598 3806 2681 ὑποστρέφουσὶ.

2161 2690 2260 2745 Καὶ
2312 2689 2636 2761 ἐξελθούσης
2687 2692 2858 2753 exitii:
2910 2692 2987 2755 εἰς
3031 2692 3093 2745 τὸ
3153 2689 3471 2763 ὀνοπόδιον,
3520 2693 3810 2748 πίπτουσιν

2164 2782 2216 2836 ci
2273 2781 2549 2857 πατρίκιοι
2617 2782 2752 2854 μετά
2803 2787 2911 2837 τῶν
2968 2780 3180 2837 λοιπῶν
3253 2780 3661 2860 συγκλητικῶν,
3722 2784 3814 2838 καὶ

2158 2870 2499 2926 ἀναστάντων
2560 2868 2758 2939 αὒτῶν,
2828 2873 3042 2926 νεύουσι
3113 2876 3193 2944 τῷ
3244 2879 3346 2941 τῆς
3414 2873 3813 2944 καταστάσεως,

2157 2964 2248 3018 καὶ
2280 2961 2447 3038 λέγει,
2482 2987 2508 3013 ((
2542 2962 2865 3030 Κελεύσατε,
2899 2985 2928 3014 ››
2963 2963 3049 3016 καὶ
3088 2962 3435 3037 ἐπεύχονται,
3478 2987 3505 3014 ‹‹
3541 2962 3634 3023 Εἰς
3666 2960 3809 3017 πολ-

2158 3050 2289 3116 λοῦς
2338 3054 2426 3107 καὶ
2458 3052 2693 3127 ἀγαθοὺς
2735 3054 2992 3128 χρόνους,
3027 3077 3054 3104 ››
3100 3053 3190 3107 xiii
3237 3052 3582 3127 ὀψικεύουσιν
3632 3053 3803 3122 αὐτὴν

2162 3145 2329 3218 μέχρι
2359 3147 2456 3198 τοῦ
2486 3141 2723 3212 ἡλιακοῦ
2760 3148 2857 3198 τοῦ
2903 3138 3313 3219 τριϐουναλίου,
3365 3143 3463 3198 Καὶ
3508 3142 3801 3218 κατέρχον-

2156 3254 2244 3288 ται
2278 3234 2328 3286 οἱ
2362 3232 2555 3287 ὕπατοι
2586 3234 2674 3287 καὶ
2729 3234 2779 3287 οἱ
2830 3230 3020 3288 λοιποὶ
3072 3232 3453 3309 συγκλητικοὶ,
3515 3234 3566 3287 οἱ
3609 3230 3666 3287 δὲ
3703 3253 3808 3288 πα-

2153 3322 2354 3398 τρίκιοι
2411 3319 2650 3376 ’ίστανται
2706 3321 2783 3383 εἷς
2836 3322 2901 3376 τὰ
2955 3323 3129 3398 βάθρα
3173 3318 3318 3377 ἔνθεν
3391 3321 3655 3394 κάκεῖθεν,
3704 3322 3799 3376 καὶ

2162 3409 2508 3481 δεικνυούσης
2570 3411 2737 3481 αὐτῆς
2780 3411 2827 3445 ⁸⁷
2878 3412 2980 3480 τὴν
3021 3407 3145 3486 ὄψιν
3189 3414 3290 3486 (4),
3336 3411 3693 3486 ἀνακράζουσι
3740 3409 3809 3467 τὰ

2164 3500 2323 3574 μέρη·
2355 3524 2382 3551 ‹‹
2417 3504 2633 3576 Ἀγιος,
2665 3499 2842 3573 ἆγιος,
2886 3502 3056 3576 ἅγιος.
3106 3501 3239 3571 Δόξα
3289 3500 3340 3555 ἐν
3393 3500 3636 3575 ὑψίστοις
3667 3504 3802 3572 Θεῷ,

2158 3589 2248 3644 καὶ
2279 3588 2365 3643 ἐπὶ
2407 3596 2511 3665 γῆς
2564 3590 2778 3663 εἰρήνη.
2816 3613 2844 3641 ››
2890 3591 2992 3645 Καὶ
3042 3588 3406 3666 ἀκτολογοῦσι
3454 3590 3522 3645 τὰ
3562 3588 3699 3665 μέρη
3741 3588 3806 3644 τὰ

2156 3685 2235 3752 τῷ
2285 3678 2531 3753 στεψίμῳ
2574 3678 2901 3754 ἁρμόζοντα,
2952 3681 3042 3736 καὶ
3095 3676 3362 3755 λαμϐάνει
3416 3682 3449 3751 ἠ
3500 3681 3549 3715 ⁸⁸
3591 3680 3805 3756 A6705-

399 3786 496 3821 στα
526 3767 751 3841 κηροὺς,
784 3766 875 3822 καὶ
906 3766 1059 3821 ἅπτει
1092 3765 1229 3842 πρὸς
1266 3766 1357 3821 τὸν
1384 3765 1568 3839 τίμιον
1599 3766 1846 3842 σταυρὸν,
1905 3768 1994 3823 καὶ
2063 3771 2300 3850 εὐφημεῖ
2366 3770 2393 3823 ὁ
2454 3768 2586 3833 λαὸς
2642 3770 2767 3831 τοὺς
2803 3768 3090 3842 δεσπότας,
3142 3770 3377 3849 εὐφημεῖ
3424 3770 3512 3825 καὶ
3564 3773 3661 3838 τὴν
3702 3768 3813 3827 Αὐε-

394 3861 644 3932 γοῦσταν,
675 3856 763 3911 καὶ
796 3857 885 3911 ὅτε
913 3853 1185 3931 πληρωθῇ
1218 3856 1252 3924 ἡ
1282 3854 1544 3932 εὐφημία,
1571 3862 1864 3930 προσκυνεῖ
1889 3860 1922 3927 ἡ
1946 3858 2226 3934 Αὐγοῢστα
2259 3856 2404 3922 ἔνθεν
2434 3858 2701 3927 κάκεῖθεν,
2729 3859 2815 3913 καὶ
2855 3859 3175 3935 ὑποστρέφει
3219 3858 3307 3914 διὰ
3338 3863 3433 3913 τοῦ
3468 3858 3807 3933 αὖγουστέως

396 3945 781 4021 ὀψικευομένη·
817 3946 869 4001 oi
898 3943 956 4001 δὲ
986 3945 1179 4001 ὕπατοι
1205 3944 1451 4000 ’ίστανται
1493 3943 1570 4006 εἷς
1614 3945 1707 4001 τὸν
1754 3947 2006 4022 πόρτικα,
2059 3949 2110 4003 oi
2159 3945 2216 4004 δὲ
2242 3946 2522 4023 πατρίκιοι
2581 3946 2745 4024 μέχρι
2797 3955 2896 4019 τῆς
2941 3966 3153 4024 χρυσης
3183 3950 3392 4024 χειρὸς,
3431 3948 3520 4003 καὶ
3569 3945 3809 4004 δίδονται

402 4034 608 4110 μίνσαι.

1766 4128 2008 4185 VARle
2049 4130 2440 4188 LECTIONES

472 4226 518 4263 δ’
548 4222 847 4317 ἐπληρώθη
881 4228 971 4283 ed.
1044 4226 1095 4317 ξι
1125 4221 1538 4317 κανδιδατισρριιι
1563 4242 1678 4281 om.
1711 4226 1802 4281 ed.
1826 4234 1893 4317 ‘et
1925 4244 2059 4317 rgox
2080 4246 2192 4317 ,pro
2242 4222 2632 4317 cxptécfmcﬁm
2664 4261 2732 4317 —,
2766 4224 2941 4317 βῆλον
2974 4227 3048 4299 η’,
3079 4230 3260 4317 Ιξεὼθξ
3288 4224 3708 4317 βςεστητόρισσαι
3737 4226 3809 4297 η’.

401 4293 875 4436 σῗίτριξιοξινισσαι,
898 4299 1241 4425 εἶιομήτισσαι
1273 4299 1364 4354 ed.
1441 4296 1486 4333 ⁶⁶
1514 4294 1729 4352 ἵσταται
1774 4301 1864 4354 ed.
1942 4299 1987 4335 δ”
2036 4293 2205 4369 αότῆς
2248 4293 2347 4370 την
2380 4295 2501 4373 ὄψιν
2541 4300 2629 4373 R.,
2662 4293 2830 4369 αὐτῆν
2861 4293 3169 4374 {idm-cod”
3201 4293 3370 4370 αὐτὴν
3414 4293 3811 4374 ὅψικευομὲνην

401 4384 428 4423 θ
477 4408 491 4423 ο
713 4386 830 4425 οω.
863 4387 892 4425 6
941 4413 954 4426 .

400 4384 491 4423 θα.
568 4384 614 4404 ⁸³⁸
644 4384 680 4426 η
713 4386 830 4425 om.
863 4384 954 4426 CG.

1445 4458 1646 4516 JOAN.
1688 4459 1829 4516 JAC.
1874 4460 2137 4518 REISKII
2178 4461 2756 4519 COMMENTARIUS.

474 4555 551 4628 (3)
582 4556 894 4634 M,_rur_sus
943 4572 1167 4634 comnja
1209 4555 1306 4613 hic
1354 4571 1493 4634 non_
1521 4557 1935 4634 agnoscebant,
1989 4564 2054 4634 ut
2083 4565 2131 4629 1)
2163 4556 2395 4634 λυπτρα.
2428 4561 2564 4634 Yid.
2590 4560 2888 4634 Plutarch.
2940 4558 3307 4634 Timoleonta

405 4627 549 4683 adeo
586 4627 920 4685 tribunissa
966 4627 1273 4684 comitissae
1320 4644 1434 4699 non
1462 4627 1592 4683 duae
1641 4628 1907 4699 diversae,
1951 4632 2052 4687 sed

404 4699 895 4826 eac‘lzen‘iigignitas
928 4706 1148 4772 essent,
1181 4704 1246 4756 ut
1276 4698 1543 4756 tribunus
1575 4715 1792 4757 comes.
1816 4698 1945 4757 Vid.
1981 4704 2050 4759 ad

404 4788 474 4826 na
522 4810 534 4823 .
681 4812 692 4825 .

401 4786 692 4844 pag.114.

476 4844 549 4913 (4)
583 4846 681 4899 Est
712 4859 924 4900 sensus
956 4860 970 4900 :
1006 4844 1319 4901 ostendente
1350 4843 1592 4914 Augusta
1620 4844 1837 4900 vultum
1866 4861 2051 4901 suum.

402 4914 641 4987 Sponsae
675 4931 886 4987 nempe
918 4918 1271 4982 Graacorum,
1309 4922 1373 4971 ut
1420 4921 1623 4972 notum
1681 4922 1789 4985 est,
1826 4917 2058 4972 nubunt

398 4986 661 5059 vultum,
686 4986 875 5058 neque
905 4989 1223 5045 ostendunt
1244 5004 1404 5059 eum,
1439 4989 1549 5043 nisi
1581 4989 1812 5055 amicis,
1844 4988 2056 5059 quibus

364 5057 548 5114 ‘bene
577 5057 800 5132 volunt,
850 5069 905 5116 et
962 5062 1175 5132 quibus
1218 5057 1497 5115 honorem
1544 5060 1815 5115 exhibere
1851 5057 2058 5116 volunt

408 5131 668 5203 convivis
700 5131 767 5185 ad
810 5131 1041 5203 nuptias
1070 5132 1450 5187 celebrandas
1480 5132 1725 5203 vocatis.
1768 5132 2057 5201 Sponsam

408 5202 584 5275 talem
635 5202 905 5275 flammeo
963 5210 1205 5275 nuptam
1263 5202 1690 5275 Armenamin
1751 5203 2055 5275 ecclesiam

403 5273 911 5339 deducendam,et
941 5270 1112 5329 aliam
1164 5275 1475 5329 Turcicam
1537 5273 1645 5328 sub
1692 5270 1945 5341 παστάδι,
1994 5276 2055 5330 in

398 5347 599 5402 mariti
623 5347 863 5401 domum
890 5347 1312 5413 deducendam,
1338 5345 1517 5399 videri
1546 5345 1642 5413 qui
1669 5345 1848 5415 cupit.
1870 5356 2055 5403 extre-

400 5434 524 5473 mas
555 5418 825 5488 inspiciat
856 5418 1110 5474 Tabulas
1142 5417 1562 5479 Ferriolenses,
1606 5416 1846 5471 Parisiis
1896 5418 2054 5485 1714,

402 5490 609 5545 editas.
662 5489 792 5544 Dies
849 5507 965 5545 duo
1054 5489 1110 5545 id
1196 5489 1397 5545 ﬁebat.
1455 5487 1594 5543 olim
1665 5485 1732 5539 τὰ
1797 5485 2054 5543 ἀνακαλυ-

402 5503 609 5545 editas.
662 5503 792 5544 U188
849 5507 965 5545 QUO
1054 5503 1110 5545 ια
1196 5503 1397 5545 Ιὶθῡᾶῑ.
1455 5503 1594 5543 onm
1665 5503 1732 5539 τα
1797 5503 2055 5543 ανακαΛυ·

402 5508 609 5545 emtas.
662 5508 792 5544 wes
849 5508 965 5561 quo
1054 5508 1110 5545 ια
1196 5508 1397 5555 uenat,
1455 5508 1594 5543 omn
1665 5508 1732 5539 τα
1797 5508 2052 5543 ανακαΛυ·

401 5562 608 5633 πτήρια
649 5561 1082 5633 appellabatur;
1117 5576 1171 5617 ν.
1205 5559 1398 5615 Olear.
1429 5560 1498 5633 ad
1534 5556 1801 5633 Philostr.
1838 5563 2052 5633 p.611.

404 5630 529 5691 not.
557 5633 619 5702 8;
655 5630 908 5701 etdona,
939 5650 1067 5705 qua:
1100 5648 1331 5705 sponsa:
1361 5630 1588 5705 vultum
1643 5630 1919 5705 revelanti
1950 5634 2055 5705 da-

402 5706 639 5777 bantur,
708 5706 912 5764 itidem
956 5702 1150 5764 'erant'
1188 5702 1641 5776 ἆνακαλυπτήρια
1724 5710 1777 5759 et
1856 5702 2053 5758 ἀνακά-

3389 4603 3403 4616 .
3437 4560 3562 4618 435.
3623 4560 3713 4617 ed.
3745 4559 3814 4617 ll.

2164 4631 2365 4704 Steph.
2425 4631 2621 4688 Vales.
2673 4634 2768 4704 ad
2808 4632 3142 4703 Harpocrat.
3176 4650 3230 4703 p.
3262 4631 3392 4701 223,
3423 4634 3530 4704 ed.
3564 4632 3814 4689 Gronov.

2168 4709 2225 4759 et
2258 4703 2339 4759 Du
2364 4704 2557 4777 Gange
2586 4720 2639 4761 v.
2674 4703 3181 4831 θεώρητςον,ᾳυοά
3216 4703 3613 4787 estquidquid
3639 4720 3817 4776 spon-

2168 4792 2271 4831 sus
2310 4792 2530 4831 snonsae
2576 4776 2677 4831 dat
2722 4774 2891 4830 ἀνακα
2936 4775 3217 4831 υπτηοίων
3270 4777 3385 4831 die.
3431 4792 3562 4831 cum
3598 4792 3817 4831 sponsa

2166 4792 2271 4831 sus
2310 4774 2530 4849 sponsae
2576 4776 2677 4831 dat
2722 4774 3385 4849 dvaxakunrﬁpttoadie,
3431 4774 3817 4849 cu’mpsponsa

2165 4863 2227 4903 se
2257 4848 2567 4920 videndam
2617 4850 2834 4918 praebet
2855 4855 2922 4920 et
2970 4849 3027 4904 in
3086 4845 3387 4920 publicum
3421 4845 3662 4920 prodit}
3712 4845 3815 4920 ubi

2165 4918 2350 4974 multa
2380 4919 2466 4991 Du
2495 4916 2687 4991 Gange
2731 4920 2800 4975 de
2849 4919 2960 4978 hoc
3008 4916 3171 4975 more
3216 4916 3445 4975 vultum
3491 4916 3809 4991 revelandi,

2169 4990 2497 5045 Admodum
2560 4989 2764 5045 invidae
2823 4992 2912 5048 sui
2968 4992 3167 5045 vultus
3227 4989 3596 5046 monstrandi
3651 4994 3816 5045 erant

2164 5063 2442 5133 Augustae
2473 5062 2731 5118 CPtane.
2761 5062 2905 5119 Nam
2964 5079 3094 5117 cum
3121 5062 3247 5133 ipso
3294 5062 3643 5125 imperatore
3666 5076 3816 5133 pone

2164 5132 2358 5206 velum
2384 5135 2747 5206 eticancellos
2773 5132 3456 5206 loquebantur.Malalas,
3480 5139 3516 5206 t.
3544 5133 3614 5206 ΙΙ.
3643 5132 3812 5206 p._54.

2164 5203 2297 5277 Vid.
2329 5207 2398 5259 ad
2440 5204 2634 5260 Nostri
2668 5225 2723 5277 p.
2757 5201 2882 5273 362,
2907 5216 2961 5261 et
2984 5209 3054 5261 ad
3090 5223 3144 5277 p.
3174 5206 3298 5273 124,
3323 5207 3421 5260 ubi
3443 5201 3659 5277 dicitur
3687 5201 3814 5256 ἀνά-

2166 5274 2365 5351 φαίνει,
2397 5280 2545 5351 quod
2599 5274 2789 5349 potest
2839 5279 3001 5335 reddi
3036 5294 3050 5334 :
3092 5274 3556 5351 'conspiciendam
3585 5290 3647 5351 se
3694 5279 3814 5351 dat,

2166 5349 2223 5403 et
2251 5350 2694 5418 conspiciendum
2750 5352 2843 5407 dat
2899 5354 3131 5407 vultum.
3177 5351 3298 5405 Non
3345 5350 3500 5404 enim
3545 5349 3695 5403 idem
3729 5350 3819 5418 est

2166 5435 2248 5492 se,
2281 5423 2336 5474 et
2379 5417 2610 5477 vultum
2673 5439 2847 5478 suum
2900 5421 3381 5492 conspiciendum
3440 5419 3597 5475 dare.
3650 5417 3817 5474 Prius

2165 5491 2386 5565 absque
2415 5493 2912 5565 revelationeveli
2940 5491 3131 5565 potest
3161 5493 3310 5565 ﬁeri,
3344 5492 3633 5565 nouitem
3668 5506 3812 5565 pos-

2165 5564 2366 5636 terius.
2413 5564 2476 5618 In
2511 5567 2683 5636 priori
2733 5563 2871 5635 ὅλην
2901 5562 3114 5633 ἑαυτήν,
3158 5564 3217 5619 in
3263 5562 3569 5636 posteriori
3621 5562 3813 5619 solum

2162 5634 2223 5688 τὸ
2255 5633 2549 5708 πρόσωπον
2582 5633 2948 5711 intelligitur.
