4158 6212
326 382 443 444 λετ

1190 379 1292 440 DE
1335 377 1787 442 CERIMONIIS
1832 377 2065 441 AULJE
2105 378 2587 444 BYZAN'I‘INIE
2627 381 2777 442 [ΑΒ.
2821 379 2872 441 Ῑ.

3624 380 3745 447 458

329 512 660 589 Ἀκτολογία
730 517 838 569 τῶν
900 511 1096 587 δήμων
1163 511 1254 568 ἐπί
1335 512 1586 586 στεψίμῳ
1646 512 1985 590 Αὐγούστης.

2181 518 2512 575 Acclamatio
2541 517 2851 586 [actionum
2881 513 2940 569 in
2972 514 3328 571 coronatione
3355 517 3630 588 Augustae.

402 606 516 674 Τῆς
563 605 829 674 συνήθους
879 604 1061 674 πάσης
1089 601 1290 673 τάξεως
1345 600 1687 676 τελουμένης
1736 607 1833 657 τοῦ
1864 623 1982 657 στε-

335 695 510 769 ψίμου
541 693 594 749 ἐν
638 695 718 764 τῷ
761 692 1026 767 τρικλίνῳ
1066 696 1163 748 τοῦ
1200 690 1561 767 αὐγουστὲως,
1593 693 1681 747 καὶ
1725 692 1834 747 ἀπὸ
1874 696 1982 747 τῶν

332 784 504 840 ἐκεῖσε
555 781 692 838 κατὰ
740 783 829 836 τὸν
890 780 1123 846 εἰωθότα
1195 779 1364 836 τύπον
1440 780 1839 854 ὀψικευομένης
1885 788 1986 850 τῆς

325 871 646 948 Αὐγουὸστης
697 871 802 926 ὑπὸ
860 871 1037 940 πάσης
1101 876 1202 940 τῆς
1254 868 1591 944 συγκλήτου,
1626 871 1677 924 οἱ
1738 870 1833 943 μὲν
1885 871 1986 938 τῆς

330 959 644 1036 συγκλήτου
675 957 988 1035 ἐξέρχονται
1023 957 1114 1014 διὰ
1162 964 1260 1013 τοῦ
1297 959 1537 1033 μεγάλου
1582 956 1834 1023 πυλῶνος
1888 963 1984 1014 τοῦ

329 1045 738 1125 τριϐουναλίου,
771 1049 824 1102 oi
882 1046 941 1103 δὲ
995 1052 1103 1104 τῶν
1156 1047 1444 1124 ταγμάτων
1504 1050 1766 1124 ἄρχοντες
1793 1046 1984 1104 ’ίσταν-

331 1161 417 1195 ται
451 1139 502 1195 ἐν
535 1143 616 1210 τῷ
646 1137 794 1210 αὐτῷ
822 1132 1215 1212 τριϐουναλίῳ,
1247 1135 1373 1202 ἔνθα
1401 1135 1618 1193 ’ίσταται
1649 1139 1676 1192 6
1733 1139 1982 1213 σταυρὸς,

335 1229 403 1284 τὰ
431 1249 487 1283 τε
535 1234 785 1302 σκῆπτρα
839 1226 928 1282 καὶ
978 1225 1045 1282 τὰ
1102 1225 1271 1282 λοιπὰ
1318 1228 1480 1296 σκεύη
1544 1229 1678 1300 μετᾶ
1729 1228 1818 1282 καὶ
1875 1233 1981 1282 τῶν

334 1313 734 1393 λαϐοόρων,τᾶ
789 1313 848 1371 δὲ
906 1314 1001 1371 δύο
1064 1318 1201 1391 μέρη
1235 1317 1350 1389 ἅμα
1393 1314 1641 1372 ’ίστανται
1680 1315 1983 1391 ἔμπροσθεν

331 1412 440 1464 τῶν
471 1409 764 1482 σκήπτρων
812 1405 903 1460 καὶ
963 1409 1165 1460 σκευῶν
1208 1405 1297 1460 καὶ
1349 1404 1581 1481 βάνδων.
1616 1407 1717 1464 Καὶ
1767 1403 1833 1476 δὴ
1883 1413 1988 1476 τῆς

334 1494 654 1570 Αὖγοῦστης
709 1494 1109 1568 ὀψικευομένης
1192 1493 1296 1548 ὑπό
1366 1515 1424 1550 τε
1472 1499 1570 1550 τοῦ
1626 1493 1986 1570 πραιποσίτου

333 1584 427 1640 καὶ
457 1590 556 1653 τῆς
591 1583 794 1652 λοιπῆς
821 1583 1023 1652 τάξεως
1049 1586 1147 1638 τοῦ
1193 1577 1618 1651 κουόουκλείου,
1652 1585 1741 1638 καὶ
1798 1583 1861 1638 τὸ
1903 1581 1986 1654 ἐξ·

336 1670 514 1736 ελθεῖν
544 1670 710 1741 αὐτὴν
765 1669 856 1726 καί
900 1678 1092 1741 στῆναι
1141 1671 1229 1726 ἐπὶ
1280 1676 1378 1726 τοῦ
1421 1670 1678 1743 ἡλιακοῦ,
1727 1673 1986 1748 κράζουσι

334 1762 402 1818 τὰ
457 1759 553 1818 δύο
611 1765 782 1836 μέρηο
822 1787 849 1814 ιι
884 1764 1106 1836 ”Δγιος,
1139 1756 1323 1836 ἅγιος,
1366 1758 1544 1838 ἅγιος.
1581 1788 1601 1814 ι
1646 1761 1737 1818 καί
1794 1761 1990 1826 εὐθέως

2164 610 2440 667 Universo
2470 605 2862 663 coronationis
2883 603 3084 660 ordine
3110 602 3168 660 in
3188 603 3443 661 triclinio
3473 610 3739 679 augustei

2096 717 2199 774 pro
2231 714 2388 755 more
2422 701 2674 768 peracto,
2723 695 2863 749 dum
2913 695 3176 764 Augusta
3221 695 3294 749 ab
3342 695 3614 753 universo
3645 715 3741 756 se-

2096 794 2261 855 natu,
2294 792 2358 843 ut
2377 785 2545 854 solet,
2579 784 2812 854 stipata,
2846 781 2982 837 inde
3014 781 3293 852 procedit,
3323 789 3571 840 senatus
3602 789 3743 858 qui-

2094 880 2226 934 dem
2260 893 2361 949 per
2401 889 2672 947 magnam
2707 877 2934 944 portam
2976 870 3291 927 tribunalis
3337 875 3621 943 procedit,
3653 881 3742 934 ta-

2095 974 2360 1041 gmatum
2385 969 2578 1021 autem
2613 979 2717 1019 seu
2750 977 3118 1018 numerorum
3162 962 3413 1032 praefecti
3447 964 3507 1020 in
3539 967 3743 1023 eodem

2096 1054 2421 1122 tribunalii,
2454 1054 2552 1110 ubi
2584 1067 2746 1123 crux,
2779 1052 2924 1108 121
2979 1055 3210 1122 sceptra
3237 1068 3304 1107 ao
3349 1052 3575 1125 reliqua
3611 1073 3746 1113 vasa

2097 1163 2226 1203 cum
2270 1144 2489 1201 labaris
2521 1147 2700 1206 stant.
2733 1147 2790 1198 et
2833 1146 2968 1196 ante
2998 1146 3250 1212 sceptra.
3281 1158 3420 1198 vasa
3453 1159 3519 1199 ac
3552 1144 3748 1203 banda

2098 1235 2224 1292 duae
2254 1235 2553 1291 factiones.
2591 1237 2767 1288 Porro
2794 1233 3082 1302 Augusta,
3107 1247 3142 1286 a
3169 1233 3496 1302 pnepositis
3529 1239 3586 1289 et
3617 1235 3748 1292 reli-

2098 1326 2231 1398 quis
2284 1323 2554 1380 cubiculo
2587 1320 2852 1392 ascriptis
2883 1319 3093 1383 cincta,
3142 1321 3284 1375 dum
3313 1324 3573 1392 procedit
3601 1332 3654 1380 et
3683 1324 3748 1383 in

2098 1414 2309 1471 solario
2339 1412 2629 1478 subsistit,
2675 1410 2954 1466 factiones
2997 1409 3326 1465 acclamant
3359 1426 3373 1466 :
3409 1433 3434 1464 ι
3467 1413 3745 1484 Sanctus,

2097 1510 2359 1565 sanctus.
2393 1500 2666 1558 sanctus!
2701 1524 2724 1553 ι
2762 1500 3070 1570 statimque
3100 1505 3330 1571 sceptra
3359 1505 3416 1557 et
3447 1519 3583 1559 vasa
3613 1521 3747 1561 cum

2098 1593 2309 1649 bandis
2341 1590 2670 1661 procidunt.
2695 1589 2970 1644 Cantores
2999 1589 3204 1644 dicunt
3237 1605 3250 1643 :
3286 1612 3312 1639 «
3340 1590 3536 1648 Gloria
3569 1593 3626 1648 in
3659 1610 3750 1649 ex-

2098 1681 2266 1739 celsis
2303 1683 2442 1748 Deo,
2482 1685 2537 1735 et
2577 1696 2687 1750 pax
2717 1678 2775 1733 in
2809 1679 2993 1745 terra!
3033 1699 3062 1727 ››
3105 1678 3308 1734 eadem
3353 1681 3606 1751 populus
3639 1687 3745 1739 ter.

2097 1775 2394 1828 Cantores:
2411 1771 2509 1825 «In
2530 1766 3226 1825 hominibusChrEstianis
3241 1768 3666 1839 beneplacitum
3684 1771 3698 1828 l
3717 1795 3745 1824 ››

336 1856 700 1925 προσκυνοῦσι
770 1851 838 1906 τά
892 1871 951 1906 τε
1009 1857 1259 1924 σκῆπτρα
1312 1851 1403 1906 καὶ
1462 1851 1624 1922 σκεύη
1688 1853 1821 1924 μετὰ
1875 1855 1985 1907 τῶν

2106 1863 2297 1918 eadem
2334 1859 2585 1932 populus
2617 1866 2720 1914 ter.
2743 1857 3016 1913 Cantores
3050 1871 3064 1911 :
3098 1878 3126 1906 ιι
3159 1858 3439 1923 Quoniam
3472 1859 3626 1915 Deus
3656 1876 3750 1933 po-

339 1939 573 2016 βάνδων.
608 1941 711 1999 Καὶ
762 1938 1012 2016 λέγουσιν
1045 1940 1097 1994 oi
1139 1940 1385 2014 κράκται·
1414 1965 1442 1993 ιι
1477 1941 1611 2010 Δόξα
1642 1941 1694 1995 ἐν
1747 1940 1991 2014 ὑψίστοις

334 2036 475 2103 Θεῷ,
509 2033 596 2084 καὶ
631 2029 719 2084 ἐπὶ
751 2037 853 2103 γῆς
886 2027 1101 2103 εῗρήνηο
1134 2052 1162 2082 ››
1205 2031 1233 2084 6
1267 2029 1396 2090 λαὸς
1442 2028 1501 2084 ἐκ
1526 2028 1713 2104 τρίτου
1759 2031 1987 2102 ὁμοίως.

331 2121 404 2178 Oi
452 2121 705 2192 κράκται·
740 2141 768 2170 ιι
802 2119 891 2174 Ἐν
915 2117 1227 2192 ἀνθρώποις
1280 2121 1624 2191 Χριστιανῶν
1675 2117 1926 2174 εὐδοκία·
1960 2142 1989 2172 ››

334 2210 364 2264 6
399 2205 534 2269 λαὸς
566 2205 778 2280 ὁμοίως
807 2204 868 2261 ἐκ
908 2206 1112 2282 τρίτου.
1140 2207 1205 2263 Oi
1234 2206 1460 2282 κράκται
1488 2225 1500 2239 ⁸
1545 2231 1572 2259 ιι
1601 2210 1723 2266 ’Ότι
1758 2206 1992 2279 ἠλέησεν

326 2299 518 2359 δΘεὸς
547 2298 638 2352 τὸν
684 2299 813 2354 λαὸν
864 2297 1072 2352 αὐτοῦ’
1108 2320 1137 2350 ››
1192 2297 1220 2352 6
1271 2294 1404 2359 λαὸς
1457 2296 1667 2372 ὁμοίως
1718 2296 1776 2352 έκ
1823 2298 1888 2371 γ’.
1917 2295 1988 2356 Oi

325 2385 575 2461 κραὶκται⁸
612 2410 641 2439 ιι
675 2385 821 2457 Αὕτη
855 2388 890 2456 ἠ
923 2388 1104 2460 ἡμέρα
1137 2383 1345 2459 Κυρίου
1391 2387 1424 2454 ἡ
1468 2386 1710 2460 μεγάλτγ
1745 2410 1773 2438 ιι
1807 2387 1835 2440 6
1860 2385 1994 2451 λαὸς

330 2475 390 2530 ἐκ
421 2477 469 2549 γ’
511 2475 740 2548 ὁμοίως.
766 2475 834 2533 Oi
864 2476 1122 2548 κράκταυ
1161 2497 1185 2528 ι
1217 2475 1360 2544 Αὕτη
1394 2476 1428 2542 ἡ
1461 2473 1642 2548 ἡμέρα
1687 2482 1790 2544 τῆς
1842 2481 1990 2546 ζωῆς

329 2571 438 2621 τῶν
460 2564 751 2639 Ῥωμαίων
781 2584 792 2597 ·
827 2590 853 2616 ιι
889 2565 915 2619 6
973 2563 1107 2625 λαὸς
1157 2561 1216 2618 ἐκ
1249 2562 1432 2637 τρίτου
1472 2563 1704 2636 ὁμοίως.
1738 2565 1805 2622 Oi
1857 2565 1993 2639 κρά-

334 2678 456 2713 κται
484 2676 496 2689 °
537 2679 563 2711 ι
593 2655 742 2726 Αὕτη
794 2657 828 2724 ἡ
861 2653 1010 2730 χαρᾶ
1056 2653 1146 2709 καὶ
1193 2656 1228 2723 ἡ
1281 2651 1408 2724 δόξα
1453 2658 1554 2710 τοῦ
1601 2655 1850 2728 κόσμου’
1897 2681 1924 2709 η
1961 2658 1990 2712 6

340 2747 473 2808 λαὸς
520 2745 578 2801 ἐκ
602 2747 650 2820 γ’
683 2746 914 2818 ὁμοίως.
971 2744 1034 2799 Oi
1079 2744 1343 2816 κράκται·
1379 2768 1402 2797 ιι
1450 2746 1536 2801 Ἐν
1677 2745 1739 2800 τὸ
1797 2747 1988 2825 στέφος

335 2844 437 2906 τῆς
488 2834 764 2910 βασιλείας
813 2839 881 2908 τῇ
930 2837 1142 2910 κορυφῇ
1189 2855 1284 2889 σου
1330 2833 1494 2907 ἀξίως
1543 2835 1863 2910 περιετέθηο
1899 2862 1926 2889 ιι
1961 2838 1989 2892 6

2103 1951 2222 2022 puli
2245 1950 2331 2004 sui
2359 1949 2634 2004 misertus
2659 1952 2777 2012 est;
2804 1969 2831 1995 »ι
2861 1945 3111 2018 populus
3133 1946 3422 2003 similiter.
3441 1949 3745 2008 Cantores:

2106 2061 2134 2089 ιι
2160 2039 2289 2094 Hac
2309 2045 2396 2094 est
2419 2055 2630 2104 magna
2651 2038 2778 2092 dies
2797 2035 3055 2104 Domini;
3078 2057 3106 2085 »
3132 2036 3380 2106 populus
3411 2038 3595 2094 eadem
3638 2044 3745 2096 ter.
3797 2099 3800 2102 ,

2103 2129 2384 2186 Cantores
2418 2143 2430 2182 :
2466 2149 2494 2176 ιι
2529 2126 2656 2182 Haec
2686 2130 2773 2182 est
2802 2126 2928 2179 dies
2959 2124 3086 2179 vita:
3120 2125 3510 2182 Romanorum
3544 2145 3610 2193 ;»
3647 2146 3747 2201 po-

2106 2215 2278 2289 pulus
2309 2215 2507 2271 eadem
2541 2221 2645 2270 ter.
2677 2213 2957 2269 Cantores
2991 2229 3004 2268 :
3039 2235 3066 2262 ιι
3100 2212 3232 2268 Haec
3261 2219 3352 2269 est
3379 2216 3660 2285 gaudium
3693 2222 3751 2272 et

2104 2306 2284 2363 decus
2313 2304 2511 2372 orbis;
2545 2325 2574 2354 »
2609 2301 2858 2375 papulus
2889 2302 3088 2358 eadem
3119 2305 3228 2358 ter.
3259 2301 3538 2360 Cantores
3570 2320 3583 2360 :
3618 2328 3646 2354 ιι
3682 2307 3749 2362 In

2105 2412 2220 2467 qua
2267 2409 2481 2451 corona
2525 2392 2686 2464 regni
2730 2396 2831 2447 tuo
2869 2390 3071 2446 vertici
3112 2406 3179 2445 ex
3231 2391 3436 2446 merito
3476 2393 3752 2462 imposita

2103 2491 2194 2542 est
2220 2504 2233 2553 ;
2264 2509 2284 2536 ι
2318 2483 2572 2557 populus
2604 2483 2808 2540 eadem
2842 2490 2946 2539 ter.
2977 2482 3253 2537 Cantores
3289 2499 3302 2536 :
3335 2504 3363 2532 ιι
3393 2482 3586 2539 Gloria
3614 2489 3748 2556 Deo,

2105 2576 2367 2632 omnium
2407 2573 2692 2630 Dominol
2744 2595 2774 2624 »
2820 2573 2904 2629 sic
2954 2573 3205 2645 populus
3261 2577 3370 2628 ter.
3421 2573 3748 2631 Cantores:

2103 2688 2132 2716 ι(
2184 2665 2378 2722 Gloria
2409 2665 2523 2720 Deo
2568 2663 2663 2735 qui
2707 2668 2764 2719 te
2793 2662 3226 2732 imperatricem
3260 2664 3511 2719 ostendit
3545 2681 3558 2730 ;
3595 2685 3622 2713 »
3655 2680 3752 2736 po-

2100 2754 2274 2826 pulus
2305 2755 2507 2810 eadem
2540 2759 2644 2809 ter.
2679 2756 2953 2808 Cantores
2986 2769 2999 2808 :
3037 2775 3064 2802 «
3098 2751 3294 2808 Gloria
3324 2753 3462 2824 Deo,
3491 2755 3591 2826 qui
3627 2770 3748 2810 ver-

2101 2843 2274 2900 ticem
2310 2848 2474 2898 tuum
2509 2843 2847 2910 coronavit;
2880 2864 2909 2892 »
2943 2841 3194 2914 populus
3225 2842 3426 2898 eadem
3460 2848 3564 2898 ter.
3608 2846 3750 2899 Can-

337 2926 467 2988 λαὸς
493 2926 553 2982 ὲκ
590 2927 775 3002 τρίτου
820 2924 1050 2998 ὁμοίως.
1083 2925 1152 2982 Oi
1190 2924 1417 3000 κράκται
1451 2943 1465 2956 °
1500 2950 1528 2977 ιι
1563 2925 1699 2996 Δόξα
1749 2931 1866 3000 Θεῷ
1911 2931 1992 3000 τῷ

2106 2939 2303 2990 tores:
2349 2956 2376 2984 ιι
2416 2933 2612 2989 Gloria
2675 2935 2807 2996 Deo,
2855 2933 2946 2988 cui
3006 2933 3114 2987 hoc
3160 2933 3236 2987 ita
3290 2935 3478 2988 visum
3529 2934 3638 2990 fuit
3669 2951 3684 3002 ;
3716 2956 3744 2985 ιι

339 3017 581 3090 Δεσπότῃ
641 3015 897 3070 πάντων
932 3038 959 3066 ιι
1018 3015 1046 3067 6
1107 3014 1236 3075 λαὸς
1290 3015 1500 3086 ὁμοίως
1551 3012 1610 3068 ἐκ
1665 3015 1870 3090 τρίτου.
1928 3015 1990 3070 Oi

2106 3025 2357 3097 populus
2374 3025 2576 3078 eadem
2601 3029 2705 3079 ter.
2723 3024 2994 3078 Cantores
3018 3040 3031 3078 :
3059 3045 3087 3072 «
3107 3023 3215 3079 Sed
3241 3023 3339 3095 qui
3364 3041 3472 3080 sua
3493 3040 3666 3080 manu
3691 3029 3750 3081 te

341 3105 609 3179 κράκται·
645 3129 673 3156 ιι
718 3105 852 3174 Δόξα
910 3107 989 3175 τῷ
1042 3107 1158 3174 Θεῷ
1214 3107 1294 3175 τῷ
1339 3099 1673 3173 ἆναδείξαντί
1725 3125 1781 3160 σε
1832 3104 1989 3181 βασί-

2106 3113 2169 3169 Ν.
2231 3113 2575 3180 coronavit;
2620 3131 2647 3163 ι
2705 3111 2956 3184 populus
3001 3111 3201 3167 eadem
3252 3119 3360 3166 ter.
3412 3114 3689 3169 Cantores
3733 3131 3747 3169 :

345 3192 572 3250 λισσαν’
607 3218 634 3246 ιι
680 3196 707 3248 6
765 3191 898 3256 λαὸς
955 3191 1164 3265 ὁμοίως
1225 3191 1284 3247 ἐκ
1332 3193 1540 3268 τρίτου.
1601 3193 1670 3251 Oi
1725 3193 1982 3268 κράκται·

2106 3223 2127 3251 ιι
2161 3201 2362 3257 Servet
2392 3206 2448 3256 te
2477 3200 2716 3272 longum
2750 3206 2983 3271 tempus
3026 3200 3084 3254 in
3119 3215 3417 3271 purpura;
3447 3222 3475 3249 »
3499 3199 3751 3272 populus

350 3305 374 3334 ι
410 3283 546 3353 Δόξα
573 3287 652 3356 τῷ
700 3287 816 3355 Θεῷ
861 3282 941 3355 τῷ
993 3283 1240 3356 στέψαντι
1289 3284 1389 3352 τήν
1442 3284 1688 3360 κορυφήν
1738 3301 1856 3338 σουσ
1885 3309 1905 3334 ι
1959 3284 1988 3339 6

2106 3289 2303 3346 eadem
2336 3294 2444 3344 ter.
2473 3291 2752 3345 Cantores
2789 3312 2804 3345 :
2836 3310 2864 3337 ιι
2901 3288 2961 3342 In
2985 3286 3232 3360 gloriam
3264 3292 3322 3342 et
3351 3287 3601 3344 salutem
3638 3287 3751 3344 Ro-
3796 3285 3805 3293 ’

341 3373 474 3434 λαὸς
506 3371 717 3445 ὁμοίιος
762 3370 822 3427 ἐκ
857 3373 1069 3446 τρίτου.
1097 3372 1163 3426 Oi
1213 3372 1439 3445 κράκται
1462 3384 1474 3404 ⁶
1506 3395 1534 3423 ιι
1567 3371 1702 3441 Δόξα
1750 3376 1867 3444 Θεῷ
1908 3377 1988 3446 τῷ

2106 3394 2412 3434 manorum
2439 3397 2453 3447 ;
2481 3401 2508 3427 »
2543 3375 2792 3450 populus
2819 3376 3021 3433 eadem
3047 3381 3153 3432 ter.
3178 3375 3454 3432 Cantores
3479 3393 3491 3432 :
3518 3399 3546 3427 ιι
3570 3377 3756 3433 Exau-

343 3459 694 3532 εὖδοκήσαντι
727 3460 900 3521 οὕτως
934 3479 946 3492 ο
985 3483 1012 3512 ιι
1053 3460 1080 3514 6
1113 3457 1248 3522 λαὸς
1300 3461 1510 3534 ὁμοίως
1565 3458 1625 3515 ἐκ
1681 3458 1886 3534 τρίτου.
1921 3461 1987 3519 Oi

2106 3467 2219 3523 diet
2267 3467 2419 3524 Deus
2473 3466 2757 3540 populum
2816 3475 3117 3524 vestrum;
3157 3489 3176 3514 ι
3226 3465 3488 3538 populus
3550 3467 3754 3524 eadem

341 3552 571 3627 κράκται
595 3567 608 3582 ·
645 3575 672 3602 ιι
705 3547 862 3606 Ἀλλ’
893 3550 920 3604 6
952 3546 1146 3623 στὲψας
1191 3569 1249 3603 σε
1280 3549 1306 3603 6
1339 3547 1488 3604 δεῖνα
1536 3548 1876 3624 αὐτοχείρως
1910 3568 1924 3581 ο
1958 3574 1985 3603 ››
2102 3565 2208 3612 ter,

342 3642 370 3696 6
419 3639 553 3703 λαὸς
605 3639 665 3695 έκ
721 3640 907 3714 τρίτου
951 3639 1181 3712 ὁμοίως.
1217 3639 1283 3696 Oi
1313 3640 1540 3713 κράκται
1574 3659 1588 3673 ο
1625 3662 1652 3691 ιι
1685 3638 1920 3711 Φυλάξει
1952 3662 2010 3696 σε
2080 3646 2159 3707 εἷς
2215 3643 2404 3715 πλήθη
2452 3644 2671 3720 χρόνῶν
2712 3641 2764 3698 ἐν
2809 3646 2878 3717 τῇ
2909 3643 3180 3721 πορφὺρᾳ·
3219 3666 3248 3696 ιι
3289 3643 3317 3697 6
3359 3642 3492 3706 λαὸς
3537 3642 3597 3699 ἐκ
3645 3642 3757 3719 τρί-

343 3752 439 3789 του
485 3730 718 3805 ὁμοίως.
753 3731 820 3788 Οἱ
868 3731 1116 3806 κράκται·
1147 3754 1175 3783 ιι
1212 3729 1305 3791 Εἰς
1345 3726 1499 3803 δόξαν
1558 3732 1644 3785 καὶ
1706 3729 1980 3806 ἀνέγερσιν
2032 3739 2140 3788 τῶν
2207 3735 2522 3808 Ῥωμαίων·
2550 3759 2576 3788 »
2608 3735 2635 3788 6
2695 3730 2830 3797 λαὸς
2886 3733 3095 3806 ὁμοίως
3152 3731 3212 3787 ἐκ
3248 3735 3314 3808 γ’.
3348 3734 3415 3790 Oi
3473 3735 3700 3807 κράκται
3737 3750 3752 3767 °

351 3846 378 3873 ‹ι
403 3820 718 3878 Εἶσακούσει
764 3822 791 3876 6
824 3820 955 3882 Θεὸς
987 3824 1082 3876 τοῦ
1116 3824 1251 3874 λαοῦ
1285 3820 1436 3891 ὑμῶν
1459 3837 1472 3849 ο
1500 3841 1528 3873 ι
1563 3820 1591 3874 6
1628 3819 1758 3880 λαὸς
1789 3820 2002 3894 ὁμοίως
2030 3820 2091 3878 ἐκ
2117 3822 2326 3898 τρίτου.

669 3909 994 3984 Ἀκτολογία
1027 3907 1102 3970 εἷς
1142 3909 1270 3968 τοὺς
1303 3907 1562 3982 βασιλέας
1592 3909 1659 3965 ⁸9.

2520 3913 2858 3970 Acclamalio
2888 3913 2958 3967 ad
2986 3913 3362 3982 imperatores.

417 4003 485 4060 Oi
525 4001 752 4076 κράκται
779 4021 791 4034 ⁸
829 4024 857 4052 ιι
900 3998 1114 4069 Πολλὰ,
1146 3996 1356 4067 πολλὰ,
1406 3997 1594 4054 πολλά
1618 4019 1630 4032 ·
1669 4023 1697 4051 ››
1746 4001 1774 4054 6
1815 3997 1949 4062 λαός
1981 4019 1994 4032 ·

2180 4005 2458 4058 Cantores
2495 4019 2506 4056 :
2543 4025 2570 4052 «
2597 4001 2825 4068 Multos,
2851 4000 3084 4067 multos,
3109 4001 3364 4056 multos!
3398 4022 3427 4051 »
3459 3999 3708 4073 populus
3739 4017 3757 4060 :

353 4115 381 4144 ιι
413 4090 609 4148 Πολλᾶ
645 4089 737 4162 ἔτη
772 4091 846 4152 εἰς
877 4087 1085 4145 πολλά.
1116 4113 1136 4139 ι
1164 4088 1226 4142 Oi
1256 4087 1483 4163 κράκται
1508 4107 1521 4121 ·
1564 4113 1592 4141 ιι
1626 4087 1845 4144 Πολλοὶ
1868 4089 1997 4162 ὓμῖν

2111 4116 2139 4143 ιι
2183 4093 2386 4148 Multos
2428 4108 2612 4147 annos
2662 4093 2723 4145 in
2767 4090 3007 4146 multos.
3056 4112 3084 4140 »
3127 4089 3452 4146 Cantores:
3503 4112 3530 4140 ιι
3563 4091 3761 4162 Longa

351 4183 570 4256 χρόνοι,
601 4182 630 4236 6
671 4178 816 4236 δεῖνα
843 4180 932 4234 καὶ
964 4179 992 4234 6
1026 4176 1170 4233 δεῖνα
1198 4177 1598 4252 αὐτοκράτορες
1629 4177 1942 4252 Ῥωμαίων·
1970 4201 1998 4230 ››

2110 4181 2276 4236 vobis
2309 4187 2594 4251 tempora,
2625 4179 2694 4235 N.
2735 4179 2806 4236 N.
2843 4180 3226 4250 imperatores
3258 4179 3651 4234 Romanorum
3681 4177 3694 4233 ι
3727 4199 3758 4228 ››

342 4269 370 4323 6
403 4268 536 4332 λαός
567 4287 580 4303 ⁶
615 4293 643 4322 ιι
679 4267 891 4326 Πολλοὶ
936 4267 1064 4342 ὑμῖν
1093 4265 1309 4343 χρόνοι.
1345 4291 1374 4320 ››
1406 4269 1473 4325 Oi
1503 4269 1732 4339 κράκται
1758 4287 1772 4301 ·
1797 4292 1826 4321 ιι
1861 4267 2005 4324 Πολ-

2115 4269 2365 4342 populus
2420 4286 2434 4325 :
2481 4293 2508 4320 ιι
2568 4270 2767 4341 Longa
2814 4269 2975 4324 vobis
3020 4267 3304 4340 tempora.
3357 4290 3386 4319 »
3435 4267 3755 4324 Cantores:

339 4355 430 4413 λοὶ
464 4359 594 4432 ὑμῖν
625 4357 841 4434 χρόνοι,
867 4359 919 4413 oi
952 4358 1273 4432 θεράποντες
1297 4361 1395 4412 τοῦ
1435 4358 1640 4431 Κυρίου
1667 4376 1679 4390 ο
1706 4381 1736 4409 ››
1768 4359 1796 4412 6
1829 4355 1963 4419 λαός
1987 4379 2001 4393 °

2119 4383 2147 4410 «
2179 4363 2378 4432 Longa
2403 4360 2568 4414 vobis
2599 4365 2886 4428 tempora.
2911 4358 3058 4413 servi
3090 4357 3361 4414 Domini!
3398 4379 3427 4408 ››
3460 4356 3709 4428 populus
3743 4373 3758 4412 :

340 4472 368 4500 ιι
392 4447 603 4505 Πολλοὶ
635 4449 761 4521 ὑμῖν
787 4446 1003 4523 χρόνοι.
1022 4471 1048 4493 η
1061 4447 1130 4505 Oi
1151 4447 1399 4522 κράκται⁶
1417 4471 1446 4500 ιι
1469 4445 1687 4502 Πολλοὶ
1716 4447 1842 4520 ὑμῖν
1870 4445 2014 4526 χρό-

2123 4471 2150 4498 ι(
2186 4449 2384 4521 Longa
2408 4449 2570 4504 vobis
2595 4456 2857 4519 tempora
2880 4447 2892 4502 l
2931 4468 2954 4499 ι
2979 4451 3294 4505 Cantores:
3330 4469 3360 4496 ιι
3384 4447 3580 4518 Longa
3600 4444 3764 4502 vobis

347 4559 454 4606 νοι,
503 4541 612 4594 τῶν
665 4539 955 4613 σκήπτρων
1002 4539 1037 4606 ἡ
1089 4534 1350 4612 εἰιτυχία⁸
1385 4560 1414 4588 ››
1447 4537 1476 4592 6
1526 4535 1687 4599 λαός·
1717 4561 1746 4589 ιι
1790 4536 2004 4593 Πολλοὶ

2114 4542 2399 4610 tempora,
2430 4537 2677 4593 felicitas
2707 4542 3065 4608 sceptrorum
3093 4536 3156 4592 ι.
3188 4536 3437 4610 populus
3471 4554 3484 4593 :
3525 4554 3548 4584 ι
3570 4536 3766 4606 Longa

346 4628 474 4702 ὑμῖν
527 4629 744 4704 χρόνοι.
779 4652 807 4680 ιι
841 4628 908 4685 0i
949 4627 1179 4703 κράκται
1207 4646 1220 4660 ο
1257 4652 1285 4678 ιι
1331 4624 1546 4682 Πολλοί
1598 4647 1694 4682 σου
1727 4625 1946 4703 χρόνοι,
1977 4627 2005 4681 6

2115 4627 2278 4683 vobis
2301 4633 2564 4698 tempora
2593 4626 2605 4682 l
2643 4649 2670 4676 ››
2694 4625 2974 4682 Cantores
3009 4643 3022 4683 :
3063 4649 3084 4676 ι
3111 4626 3307 4698 Longa
3335 4625 3442 4681 tibi
3473 4630 3760 4696 tempora,

347 4715 494 4773 δεῖνα
539 4716 794 4795 βασιλεὺς
825 4721 933 4774 τῶν
967 4715 1258 4790 Ῥωμαίων
1283 4722 1296 4748 ⁸
1335 4742 1358 4770 ι
1397 4717 1426 4772 6
1486 4714 1621 4779 λαός
1648 4736 1660 4750 ·
1717 4739 1744 4769 ιι
1795 4714 2007 4772 Πολλοὶ

2118 4722 2182 4771 N.
2241 4717 2562 4788 imperator
2608 4716 3040 4772 Romanorum!
3091 4737 3121 4767 »
3173 4715 3425 4788 populus
3459 4732 3472 4772 :
3505 4736 3534 4764 ιι
3569 4713 3767 4785 Longa

349 4828 446 4864 σου
468 4807 685 4884 χρόνοι.
721 4832 749 4859 ιι
782 4808 845 4862 Oi
875 4807 1102 4882 κράκται
1129 4827 1141 4839 ·
1176 4830 1204 4858 ιι
1239 4805 1454 4862 Πολλοὶ
1505 4807 1633 4879 ὑμῖν
1663 4807 1880 4881 χρόνοι,
1923 4802 2011 4861 δι-

2119 4805 2226 4860 tibi
2259 4804 2557 4877 tempora!
2594 4825 2623 4854 »
2647 4805 2922 4860 Cantores
2957 4821 2970 4860 :
3005 4825 3033 4853 ιι
3067 4803 3266 4875 Longa
3295 4803 3455 4860 vobis
3478 4811 3763 4873 tempore,

355 4897 572 4964 σπόται,
605 4899 698 4952 σὺν
747 4901 866 4958 ταῖς
912 4893 1249 4968 Αὐγούσταις
1296 4896 1385 4950 καὶ
1461 4899 1576 4955 τοῖς
1636 4914 2010 4972 πορφυρογιν-

2121 4894 2367 4963 domini,
2391 4909 2524 4949 cum
2558 4894 2937 4964 Augustabus
2963 4896 3019 4948 et
3041 4891 3544 4965 porphyrogenitis
3569 4890 3582 4945 ἔ
3608 4912 3634 4940 ››
3665 4906 3767 4962 po-

352 4989 542 5058 νήτοις
565 5005 580 5020 ’
616 5012 645 5038 ››
678 4987 706 5040 6
737 4983 870 5046 λαός
894 5003 908 5016 ·
947 5008 976 5039 ιι
1009 4982 1220 5038 Πολλοὶ
1270 4985 1397 5056 υμῖν
1445 4983 1660 5059 χρόνοι.
1695 5008 1723 5034 ››
1763 4985 1830 5040 Oi
1878 4984 2012 5059 κρά-

351 5095 475 5130 κται
509 5095 523 5108 ο
558 5095 584 5126 ι
621 5070 780 5129 Ἀλλ’
822 5073 850 5126 6
889 5073 1108 5128 πάντων
1148 5074 1393 5143 Ποιητής
1434 5072 1523 5127 καὶ
1574 5071 1847 5140 Δεσπότης
1871 5091 1884 5106 ο
1920 5095 1948 5122 »
1983 5073 2011 5126 6

347 5161 486 5222 λαὸς
534 5158 594 5216 ἰκ
641 5160 854 5234 τρίτου,
897 5161 965 5217 Oi
1020 5159 1246 5233 κρακται
1281 5180 1294 5194 ο
1331 5183 1358 5211 ιι
1397 5164 1458 5216 Ὀ
1511 5158 1704 5231 στέψας
1753 5159 1892 5231 ὑμᾶς
1940 5163 2008 5232 τῇ

351 5251 516 5306 αὐτοῦ
550 5248 788 5324 παλάμῃ
817 5271 828 5283 ο
866 5273 894 5301 ››
920 5250 947 5303 6
990 5246 1124 5310 λαὸς
1157 5249 1386 5321 ὁμοίως.
1422 5249 1488 5306 Οἱ
1520 5249 1746 5322 κράκται
1773 5268 1784 5281 ⁸
1819 5274 1846 5300 ιι
1871 5248 2009 5312 Τοὺς

353 5341 592 5415 χρόνους
653 5340 806 5411 ὑμῶν
887 5338 1152 5408 πληθῦνει
1214 5337 1306 5392 σὺν
1376 5342 1494 5401 ταῖς
1550 5336 1880 5412 Αὐγούσταις
1919 5338 2009 5393 καὶ

354 5434 472 5492 τοῖς
532 5429 1114 5505 πορφυρογεννήτοις·
1174 5451 1195 5478 ι
1253 5427 1280 5480 6
1340 5424 1472 5488 λαὸς
1513 5427 1742 5500 ὁμοίως.
1775 5428 1843 5484 Oi
1880 5427 2010 5482 κοά-

2121 4983 2298 5056 pulus
2333 4999 2346 5038 :
2381 5006 2406 5032 ιι
2446 4982 2637 5052 Longa
2667 4983 2830 5036 vobis
2859 4987 3118 5051 tempora
3149 4979 3161 5035 l
3197 5002 3225 5031 ι›
3259 4981 3570 5036 Cantores:
3607 5001 3633 5028 ιι
3659 4979 3766 5035 Sed

2120 5071 2387 5128 omnium
2422 5074 2656 5126 Creator
2677 5076 2735 5125 et
2770 5071 3047 5125 Dominus
3071 5087 3085 5137 ;
3109 5092 3137 5121 ››
3165 5070 3415 5142 p0pulus
3437 5070 3636 5124 eadem
3662 5076 3768 5123 ter.

2120 5162 2396 5218 Cantores
2430 5176 2444 5216 :
2471 5182 2498 5210 ιι
2523 5159 2628 5223 Qui
2654 5176 2762 5214 sua
2788 5175 2888 5214 vos
2912 5176 3086 5214 manu
3112 5159 3446 5225 coronavit;
3473 5179 3500 5207 ››
3521 5155 3770 5229 populus

2121 5252 2345 5306 eadem.
2377 5248 2658 5304 Cantores
2684 5264 2697 5304 :
2736 5269 2763 5298 ιι
2785 5248 3073 5319 Tempora
3102 5253 3291 5303 vestra
3313 5262 3442 5302 cum
3473 5249 3772 5317 Augusta-

2123 5339 2232 5394 bus
2263 5347 2313 5394 et
2349 5337 2855 5411 porphyrogenitis
2879 5335 3123 5410 augeat!
3152 5359 3180 5388 ››
3203 5335 3452 5408 populus
3476 5333 3770 5392 similiter.

2123 5429 2278 5485 122
2329 5428 2606 5485 Cantores
2643 5444 2656 5482 :
2687 5451 2715 5480 ιι
2751 5426 2815 5484 In
2847 5429 3162 5500 perfectam
3205 5426 3452 5482 salutem
3488 5424 3772 5482 Romano-

1721 5603 1963 5661 νΑΒΙΑΞ
1999 5604 2417 5662 LECTIONES.

432 5740 481 5782 ⁸⁸
509 5741 587 5805 εἷς
633 5745 764 5806 τοὺς
801 5742 1056 5820 βασιλέας
1087 5741 1154 5800 Β.
1187 5758 1302 5800 em.
1335 5759 1404 5800 ex
1430 5741 1558 5816 sigl.
1593 5741 1748 5812 cod.,
1782 5740 1858 5802 εἰς
1889 5738 1988 5808 τήν
2025 5737 2349 5814 βασίλισσαν
2389 5741 2482 5803 ed.

680 5873 942 5934 Ρλτιιοῐ..
997 5871 1106 5934 Gn.
1154 5869 1336 5933 CXII.

3384 5863 3460 5923 15
