4158 6212
408 368 525 430 459

1484 358 2027 421 CONSTANTINI
2074 357 2773 421 PORPHYROGENITI

3703 364 3823 428 460

408 517 562 556 rum.
599 522 621 549 ι
664 501 871 554 Postea
918 497 1045 552 duae
1092 495 1369 550 factiones
1418 493 1695 549 accinunt
1726 509 1739 547 :
1774 515 1801 543 ‹‹
1838 490 2049 547 Multos

2174 510 2283 544 ιται
2309 506 2321 518 ·
2359 512 2386 540 ‹‹
2425 488 2517 550 Εἰς
2567 486 2777 543 τελείαν
2816 508 3069 544 συστασιν
3127 491 3233 543 τῶν
3276 488 3583 564 Ῥωμαίων.
3624 517 3655 545 ››
3716 497 3819 550 Καὶ

409 604 593 645 annos
638 583 1125 659 imperatoribus!
1162 605 1190 633 »
1240 588 1297 640 et
1328 582 1551 655 reliqua
1582 580 2046 639 acclamationis.

408 675 629 739 Quibus
657 674 932 747 peractis,
964 673 1155 730 fausta
1179 672 1481 745 appreeali
1511 673 1752 728 abeunt.

1030 946 1262 1003 CAPUT
1300 944 1437 1001 XLI.

514 1037 858 1096 Obseruantia
889 1038 947 1093 in
977 1038 1230 1109 Augusta:
1259 1036 1614 1093 coronationc
1643 1035 1695 1089 et
1716 1033 1943 1106 nuptiis.

480 1198 523 1251 Ι.
556 1194 743 1252 Pridie
768 1196 940 1251 unius
972 1194 1085 1249 diei
1120 1192 1458 1249 mandatum
1491 1193 1563 1248 de
1597 1190 1925 1248 mutatoriis
1958 1189 2057 1246 da-

408 1289 549 1355 tur;
589 1284 851 1355 sequenti
898 1299 1099 1339 omnes
1149 1286 1449 1339 senatores
1493 1282 1689 1337 statim
1734 1280 2058 1352 procedunt

408 1378 713 1446 vestesque
741 1374 802 1430 in
834 1372 1173 1429 consistorio
1208 1375 1458 1439 mutant,
1487 1369 1713 1442 patricii
1746 1384 1979 1441 quoque
2000 1372 2058 1424 et

412 1464 600 1520 caeteri
634 1462 954 1533 secretarii,
979 1462 1027 1517 si
1058 1460 1138 1517 ita
1169 1460 1421 1517 dominis
1451 1460 1698 1531 videtur,
1722 1461 1791 1515 ad
1815 1474 2055 1515 auream

411 1571 652 1610 manum
701 1554 1043 1621 ascendunt,
1077 1551 1439 1623 thronosque
1479 1550 1537 1605 in
1570 1554 1854 1622 augusteo
1888 1564 2056 1619 repo-

414 1649 583 1712 nunt,
615 1644 677 1700 in
725 1643 940 1715 quibus
981 1640 1215 1697 Domini
1254 1640 1510 1697 coronati
1543 1639 1851 1697 consident
1879 1644 1937 1694 et
1967 1654 2057 1695 se-

414 1733 556 1790 creti
604 1732 731 1789 veta
775 1749 877 1804 pro
930 1748 1088 1788 more
1133 1731 1447 1803 excipiunt.
1501 1728 1783 1785 Universo
1833 1733 2057 1785 secreto

415 1828 659 1891 astante,
705 1821 1147 1877 eerimoniarius
1186 1824 1244 1876 et
1288 1818 1546 1890 quinque
1595 1817 1694 1873 alii
1751 1816 2057 1874 silentiarii

415 1922 544 1986 post
576 1918 863 1970 secretum
897 1912 969 1967 ab
1014 1917 1255 1984 utroque
1285 1910 1467 1967 latere
1496 1910 1741 1977 intrant,
1776 1909 2063 1982 signoque

416 2004 488 2059 ab
516 2003 868 2074 imperatore
890 2001 1190 2073 praeposito
1218 2001 1373 2067 dato,
1400 2000 1457 2056 S.
1475 1999 1749 2072 Stephani
1773 1998 2061 2070 templum

400 2082 833 2163 ingrediuntur
872 2108 885 2147 :
934 2096 1073 2147 tunc
1130 2089 1463 2161 patriarcha
1508 2089 1848 2155 accersitur,
1883 2092 1944 2143 ut
1989 2088 2061 2143 ad

417 2185 771 2252 augusteum
790 2181 983 2236 veniat
1006 2196 1019 2234 :
1045 2196 1159 2250 quo
1185 2180 1352 2248 facto,
1377 2178 1598 2234 domini
1621 2181 1873 2249 surgunt
1896 2192 2064 2233 eum-

415 2285 525 2341 que
548 2269 896 2341 suscipiunt.
920 2273 1058 2324 Post
1078 2267 1320 2324 thronos
1339 2266 1745 2339 imperatorios
1770 2266 2061 2323 antimen-

416 2358 573 2416 sium
624 2362 756 2427 stat,
790 2359 848 2414 in
898 2376 1013 2430 quo
1054 2358 1317 2429 chlamys
1359 2358 1737 2429 imperatoria
1768 2359 1947 2429 jacet,
1989 2357 2061 2413 ad

417 2449 573 2521 quod
598 2464 729 2504 cum
765 2448 1094 2521 patriarcha
1115 2448 1383 2518 accessit,
1407 2449 1728 2519 imperator
1749 2447 2062 2521 praposito

424 2539 663 2610 signum
697 2539 813 2610 dat,
832 2545 885 2594 et
906 2537 1128 2594 intrant
1157 2537 1413 2610 episcopi
1433 2542 1489 2593 et
1518 2536 1708 2594 clerus
1729 2538 1932 2594 secreti
1965 2554 2063 2609 pa-

414 2625 764 2695 triarchalis,
789 2631 896 2683 eta
925 2632 1086 2699 tergo
1118 2625 1479 2699 imperatorii
1502 2626 1707 2682 secreti
1740 2627 1810 2681 ad
1842 2626 2064 2697 apsidis

415 2721 637 2789 partem
671 2716 1016 2773 consistunt.
1037 2716 1201 2772 Tunc
1226 2716 1508 2772 mandato
1531 2715 1904 2787 imperatoris
1926 2732 2065 2787 prte-

414 2808 642 2879 positus
670 2806 1013 2880 Augustam,
1050 2811 1258 2879 praeter
1290 2804 1607 2861 matorium
1640 2809 1856 2861 vestem
1891 2805 2067 2861 astri-

417 2905 589 2965 ctam,
632 2912 811 2967 quam
848 2896 1197 2952 sticharium
1236 2896 1675 2967 imperatorium
1708 2900 1934 2967 vocant,
1966 2911 2065 2968 ge-

423 2992 703 3051 stantem,
736 3002 835 3059 per
863 2990 920 3042 S.
951 2985 1229 3059 Stephani
1258 2985 1548 3057 porticum
1584 2987 1652 3040 ad
1696 2990 2065 3058 augusteum,

418 3094 554 3134 cum
605 3081 776 3133 antea
804 3075 863 3132 in
914 3075 1179 3133 cubiculo
1211 3075 1473 3132 interiori
1512 3074 1808 3147 octanguli
1840 3075 2064 3145 fuisset,

418 3169 489 3225 ad
531 3166 798 3223 dominos
845 3166 1028 3236 ducit,
1066 3171 1125 3222 et
1162 3165 1357 3222 statim
1401 3164 1738 3238 patriarcha
1777 3160 1974 3237 preces
2006 3166 2065 3221 in

418 3256 785 3329 chlamydem
821 3257 1043 3313 recitat.

2159 578 2264 632 ἂπὸ
2314 575 2519 632 τούτων
2572 577 2880 651 εὐφημοῦσι
2920 579 2986 633 τὰ
3035 575 3130 634 δύο
3185 578 3348 654 μέρη,
3408 580 3498 635 καὶ
3548 580 3819 657 λέγουσι’

2162 692 2189 721 κ
2222 665 2414 723 Πολλά
2469 668 2535 723 τὰ
2588 664 2681 739 ἔτη
2740 673 2846 724 τῶν
2902 668 3209 745 βασιλέων·
3246 691 3278 726 υ
3321 672 3412 727 καὶ
3460 672 3528 728 τᾶ
3554 673 3677 743 ἑξῆς
3724 679 3824 730 τοῦ

2156 755 2595 832 καταλέγματος.
2656 755 2757 813 Καὶ
2806 759 2941 830 μετά
2988 761 3155 813 ταῦτα
3214 758 3547 838 ἱπεόχονται
3594 762 3685 816 καὶ
3742 761 3822 834 ἰξ-

2164 850 2337 901 ιοῦσιν
2366 846 2432 900 ⁷ο.

2760 939 3017 996 ΚΕΦΔΛ.
3059 938 3203 998 MA'.

2161 1026 2299 1083 Ὅσα
2357 1022 2437 1081 δεῖ
2502 1024 2939 1106 παραφυλάττειν
3007 1027 3096 1106 ἐπὶ
3163 1031 3413 1103 στεψίμῳ
3494 1031 3817 1106 Δῦγούστης

2722 1098 2811 1153 καὶ
2842 1098 3283 1178 στεφανώματοςξ

2232 1188 2311 1243 Α’.
2354 1189 2466 1261 Πρὸ
2532 1194 2658 1260 μιᾶς
2726 1185 2935 1245 δίδοται
3004 1189 3290 1265 ἀπόκρισις
3333 1194 3410 1266 (5)
3469 1191 3814 1267 ἀλλαξίμων,

2162 1276 2252 1330 καὶ
2300 1280 2368 1350 τῇ
2408 1277 2531 1346 ἑξῆς
2577 1278 2769 1351 τάχιον
2822 1278 3191 1355 προέρχονται
3251 1281 3443 1343 πάντες
3479 1282 3529 1337 οἱ
3574 1282 3817 1358 συγκλη-

2163 1364 2329 1437 τικοὶ,
2368 1366 2460 1420 καὶ
2500 1365 2870 1422 ἀλλάσσουσιν
2921 1371 2976 1423 ἓν
3026 1374 3108 1442 τῷ
3151 1370 3550 1445 χονσιστωρίῳ,
3583 1373 3675 1426 καὶ
3731 1371 3819 1427 ὅτε

2164 1454 2477 1511 κελεύουσιν
2508 1458 2559 1511 οἱ
2598 1454 2874 1529 δεσπόται,
2912 1456 3233 1534 ἂνέρχονται
3283 1461 3335 1515 οἱ
3394 1461 3677 1535 πατρίκιοι
3734 1461 3824 1516 καὶ

2168 1548 2218 1601 o't
2268 1546 2461 1602 λοιποὶ
2505 1552 2602 1602 τοῦ
2656 1548 2907 1623 σεκρὲτου
2958 1549 3032 1612 εἰς
3078 1552 3179 1618 τὴν
3238 1558 3451 1629 χρυσῆν
3506 1557 3693 1627 χεῖρα,
3736 1550 3824 1607 καὶ

2162 1635 2365 1692 τιθὲασι
2398 1635 2592 1693 σελλία
2651 1638 2725 1701 εἷς
2780 1639 2871 1694 τὸν
2907 1638 3225 1715 αὐγοιιστέα,
3258 1641 3347 1695 καὶ
3389 1640 3704 1711 καθέζονται
3770 1642 3827 1695 o't

2168 1724 2425 1782 δεσπόται
2468 1724 2808 1800 ἔστεμμὲνοι,
2853 1730 2941 1785 καὶ
2978 1726 3231 1805 δέχονται
3256 1731 3319 1785 τὸ
3358 1730 3604 1805 σὲκρετον
3648 1731 3822 1807 βῆλα,

2171 1815 2321 1891 βῆλα
2360 1820 2428 1888 τί,
2467 1817 2643 1879 καθὼς
2676 1814 2793 1892 ἔχει
2823 1820 2857 1886 ἡ
2892 1822 3169 1891 συνήθεια.
3212 1820 3319 1879 Καὶ
3367 1822 3497 1894 μετᾶ
3529 1822 3593 1877 τὸ
3625 1829 3822 1891 στῆναι

2168 1906 2229 1960 τὸ
2287 1905 2536 1981 σὲκρετον
2580 1903 2733 1980 ὅλον,
2768 1910 3171 1984 συνεισέρχεται
3199 1910 3226 1964 6
3288 1917 3389 1979 τῆς
3439 1912 3823 1973 καταστάσεως

2171 1996 2304 2071 μετὰ
2340 1998 2429 2051 καὶ
2460 1995 2650 2053 ἄλλων
2688 1997 2844 2054 πέντε
2876 1998 3253 2076 σιλεντιαρίων
3302 1996 3521 2056 ὄπισθεν
3573 2005 3674 2057 τοῦ
3726 2022 3826 2056 σε-

2165 2087 2358 2163 κρέτου
2435 2083 2580 2143 ἔνθεν
2648 2090 2914 2159 κάκεῖθεν,
2967 2091 3059 2146 καὶ
3133 2090 3276 2147 νεύει
3334 2092 3361 2147 6
3416 2090 3674 2167 βασιλεὺς
3744 2095 3823 2164 τῷ

2168 2179 2538 2253 πραιποσίτῳ,
2568 2179 2656 2234 καὶ
2714 2178 3053 2255 εἰσέρχονται
3110 2181 3187 2243 εἰς
3241 2182 3332 2236 τὸν
3375 2184 3571 2257 ’Ἀγιον
3615 2182 3827 2259 Στεφα-

2165 2289 2276 2338 νον,
2309 2268 2396 2324 καὶ
2448 2268 2836 2344 προσκαλεῖται
2883 2271 2973 2325 νὸν
3036 2270 3406 2348 πατριάρχην,
3453 2272 3546 2327 καὶ
3601 2271 3823 2348 ἐξέρχε-

2167 2382 2255 2417 ται
2300 2360 2377 2423 εἷς
2439 2362 2531 2417 τὸν
2588 2360 2901 2436 αὖγουστὲα,
2956 2364 3047 2418 καὶ
3127 2364 3261 2437 μετὰ
3315 2365 3378 2419 τὸ
3436 2362 3669 2435 ἐξελθεῖν
3726 2364 3820 2420 τὸν

2167 2453 2515 2531 πατριάρχην
2546 2452 2841 2529 ἐγείρονται
2884 2454 2939 2510 οἱ
2972 2451 3229 2510 δεσπόται
3272 2459 3363 2511 καὶ
3433 2453 3689 2531 δέχονται
3720 2454 3818 2510 αὖ·

2167 2542 2282 2599 τόν.
2344 2542 2448 2598 Καὶ
2513 2538 2728 2607 ὄπισθεν
2796 2547 2903 2598 τῶν
2976 2542 3276 2618 βασιλικῶν
3317 2543 3552 2600 σελλίων
3599 2543 3823 2600 ’ἱσταται

2169 2630 2496 2704 ἀντιμίσιον,
2552 2629 2676 2696 ἔνθα
2754 2638 2928 2687 κεῖται
2985 2634 3018 2703 ἡ
3084 2632 3345 2709 βασιλικῆ
3436 2634 3679 2709 χλαμὺς,
3727 2633 3819 2689 καὶ

2171 2718 2393 2783 στάντος
2446 2724 2544 2774 τοῦ
2589 2719 2934 2799 πατριάρχου
2985 2720 3063 2783 εἰς
3119 2722 3181 2775 τὸ
3222 2722 3549 2795 ἀντιμίσιον,
3598 2722 3743 2776 νεύει
3801 2722 3830 2775 6

2175 2808 2431 2883 βασιλεὺς
2460 2814 2538 2881 τῷ
2584 2816 2952 2883 πραιποσίτῳ,
2984 2810 3074 2866 καὶ
3120 2808 3460 2890 εἰσέρχονται
3507 2813 3561 2867 οἱ
3608 2810 3831 2867 ἐπίσκο-

2172 2918 2266 2953 ποι
2298 2898 2388 2956 καὶ
2420 2900 2447 2954 6
2486 2900 2693 2974 κλῆρος
2747 2904 2844 2955 τοῦ
2892 2902 3147 2976 σεκρὲτου
3201 2905 3298 2956 τοῦ
3330 2898 3699 2976 πατριάρχου,
3740 2899 3826 2955 καὶ

2165 2985 2410 3044 ’ίστανται
2445 2984 2664 3044 ὄπισθεν
2692 2992 2789 3045 τοῦ
2825 2987 3113 3065 βασιλικοῦ
3168 2991 3420 3067 σεκρὲτου
3479 2990 3568 3045 ἰπὶ
3621 2991 3684 3045 τὸ
3723 2991 3825 3054 τῆς

2175 3075 2370 3151 ἀψίδος
2453 3078 2639 3154 μέρος.
2696 3079 2797 3133 Καὶ
2882 3078 3081 3141 εὐθέως
3154 3080 3296 3135 νεύει
3354 3080 3383 3135 6
3445 3078 3699 3154 βασιλεὺς
3751 3081 3831 3150 τῷ

2173 3166 2540 3243 πραιπὸσίτῳ,
2572 3168 2663 3223 καὶ
2713 3167 2917 3244 εἰσάγει
2964 3170 3064 3237 τήν
3122 3168 3430 3245 Αὐγούσταν
3488 3168 3595 3224 ἀπὸ
3648 3188 3829 3245 μαφο-

2099 3242 2142 3309 C
2181 3257 2323 3333 ρίου,
2354 3263 2621 3335 φοροῦσαν
2672 3259 2761 3314 καὶ
2812 3242 3063 3335 στιχάριν
3127 3242 3435 3335 βασιλίκιον
3482 3261 3581 3335 (6),
3616 3256 3706 3314 διὰ
3732 3242 3830 3314 τοῦ

420 3344 737 3402 διαϐατικοῦ
774 3350 871 3400 τοῦ
905 3346 1099 3419 Ἀγίου
1129 3343 1402 3421 Στεφάνου
1436 3343 1513 3407 εἷς
1544 3346 1636 3400 τὸν
1670 3344 1989 3419 αὐγουστέα,
2022 3345 2188 3420 οὔσης
2217 3350 2386 3419 αὐτῆς
2419 3349 2495 3413 εἷς
2536 3349 2628 3405 τὸν
2672 3357 2909 3407 κοιτῶνα
2957 3344 3104 3407 ἔνδον
3152 3355 3251 3407 τοῦ
3300 3351 3634 3426 όκταγώνου,
3684 3350 3831 3424 πρὸς

422 3438 547 3498 τοὺς
580 3433 866 3504 δεσπότας,
890 3434 982 3489 καὶ
1010 3434 1206 3499 εὐθέως
1237 3431 1462 3508 ἄρχεται
1497 3435 1524 3489 6
1560 3436 1911 3510 πατριάρχης
1939 3437 2038 3507 τὴν
2066 3438 2237 3515 εὐχὴν
2273 3438 2351 3502 εἷς
2380 3439 2478 3509 τὴν
2510 3437 2799 3515 χλαμύδα.

493 3530 562 3584 ΙΙ.
610 3528 857 3592 Interea,
902 3527 1041 3582 dum
1090 3525 1418 3597 patriarcha
1466 3535 1755 3598 precatur,
1802 3528 2067 3599 Augusta

420 3633 613 3674 cereos
643 3615 844 3681 sumit,
868 3624 922 3672 et
953 3614 1226 3688 precibus
1260 3615 1462 3685 finitis,
1485 3632 1584 3673 eos
1616 3616 1943 3688 primicerio
1965 3633 2066 3674 seu

426 3707 663 3765 ostiario
695 3706 868 3762 tradit
900 3722 913 3760 :
946 3705 1166 3761 domini
1198 3706 1507 3762 maforium
1533 3711 1801 3776 Augustae
1832 3711 2072 3775 exuunt,

427 3798 575 3868 quod
599 3794 949 3852 cubicularii
972 3801 1214 3852 sumunt
1234 3800 1291 3852 et
1322 3795 1471 3851 circa
1494 3796 1680 3867 ipsam
1697 3796 2069 3869 complicant.

428 3885 764 3943 Patriarcha
802 3902 934 3943 vero
984 3885 1353 3960 chlamydem
1399 3885 1656 3942 dominis
1708 3885 1900 3955 tradit,
1959 3904 2073 3959 qua

428 3977 631 4033 statim
661 3976 987 4047 Augustam
1022 3978 1293 4045 induunt,
1318 3975 1546 4048 ipsique
1578 3974 1772 4033 ﬁbulis
1794 3991 1913 4031 eam
1943 3993 2073 4032 con-

430 4072 711 4136 nectunt;
754 4068 847 4124 hic
887 4067 1035 4123 I23
1070 4082 1276 4122 rursus
1317 4082 1495 4137 super
1542 4081 1756 4122 corona
1802 4066 2076 4137 vittisque

427 4162 721 4229 precatur,
751 4156 1047 4228 ﬁnitisque
1069 4155 1363 4227 precibus,
1388 4170 1664 4211 coronam
1689 4154 1942 4211 dominis
1962 4160 2075 4211 tra-

430 4249 534 4315 dit,
568 4247 667 4320 qui
716 4248 905 4319 ipsam
955 4245 1129 4317 capiti
1173 4246 1452 4316 Augustae
1495 4244 1827 4314 imponunt.
1861 4245 2075 4300 Eodem

430 4338 603 4392 modo
634 4336 965 4408 patriarcha
993 4334 1135 4406 ipsis
1164 4338 1344 4389 vtttas
1372 4334 1490 4402 dat,
1526 4350 1674 4405 quas
1714 4350 1936 4390 coronas
1959 4335 2079 4389 Au-

430 4433 610 4497 gustae
630 4426 1001 4497 appendunt;
1022 4439 1154 4480 mox
1176 4422 1507 4495 patriarcha
1521 4423 1577 4478 S.
1599 4422 1878 4495 Stephani
1898 4423 2077 4479 sedem

2248 3532 2322 3587 B'.
2356 3532 2460 3587 Καὶ
2492 3530 2581 3586 ὅτε
2610 3534 2644 3601 ἠ
2684 3531 2822 3610 εὐχή
2874 3533 3021 3607 παρὰ
3064 3537 3162 3589 τοῦ
3193 3532 3541 3610 πατριάρχου
3571 3529 3834 3602 τελεῖται,

2180 3614 2447 3692 λαμϐάνει
2478 3622 2512 3690 ἡ
2544 3620 2829 3696 Αὐγούστα
2867 3624 3097 3698 κηροὺς,
3145 3623 3233 3678 καὶ
3290 3622 3688 3697 πληρωθείσης
3735 3626 3839 3690 τῆς

2179 3708 2354 3783 εὐχῆς
2401 3707 2686 3765 ἐπιδίδωσι
2726 3710 2851 3775 τοὺς
2907 3710 3113 3786 κηροὺς
3164 3716 3246 3784 τῷ
3311 3710 3665 3787 πριμικηρίῳ
3724 3707 3833 3765 εἴτε

2179 3800 2257 3868 τῷ
2290 3795 2571 3872 όστιαρίῳ,
2603 3797 2694 3853 καὶ
2734 3798 3203 3870 ἀποσκεπάζουσιν
3246 3802 3326 3874 (7)
3366 3800 3417 3855 οἱ
3465 3797 3719 3854 δεσπόται
3775 3797 3837 3853 τὸ

2187 3886 2453 3962 μαφόριον
2510 3893 2612 3957 τῆς
2652 3887 2990 3962 Δῦγούστης,
3023 3889 3111 3945 καὶ
3184 3884 3559 3963 λαμϐάνουσιν
3602 3886 3734 3944 αὐτὸ
3785 3886 3838 3941 οἱ

2180 3971 2631 4050 κουϐικουλάριοι
2672 3976 2979 4041 ἀπλοῦντες
3046 3982 3128 4053 (8)
3187 3979 3317 4034 αὐτὸ
3367 3977 3592 4056 γόροθεν
3644 3975 3833 4045 αὐτῆς.

2185 4066 2281 4121 Καὶ
2324 4062 2591 4139 λαμϐάνει
2635 4067 2661 4120 6
2720 4068 3071 4146 πατριάρχης
3122 4069 3222 4137 τήν
3281 4064 3545 4143 χλαμύδα
3577 4064 3667 4121 καὶ
3726 4064 3840 4119 ἑπι-

2185 4152 2373 4210 δίδωσι
2428 4161 2545 4218 τοῖς
2604 4152 2907 4224 δεσπόταις,
2962 4157 3053 4211 καὶ
3112 4156 3306 4218 εὐθέως
3363 4157 3723 4231 περιτιθέασιν
3787 4154 3839 4209 o't

2186 4240 2440 4299 δεσπόται
2469 4246 2568 4313 τήν
2604 4243 2867 4319 χλαμύδα
2896 4248 2963 4319 τῇ
3014 4244 3333 4319 Αὖγοῦστῃ,
3366 4246 3455 4299 καὶ
3518 4239 3836 4318 φιϐλώνυυο

2187 4354 2266 4387 σιν
2317 4333 2486 4403 αὐτὴν
2522 4334 2572 4388 οἱ
2629 4334 2806 4404 αὐτοὶ,
2837 4335 2928 4387 καὶ
2984 4332 3149 4389 πάλιν
3203 4337 3353 4386 ποιεῖ
3405 4330 3573 4406 εὐχὴν
3617 4331 3707 4386 ἐπὶ
3745 4334 3843 4387 τοῦ

2187 4422 2496 4496 στέμματος
2541 4420 2630 4476 καὶ
2660 4426 2769 4477 τῶν
2806 4418 3245 4498 πρεπενδουλίων
3275 4422 3375 4494 (9),
3408 4418 3499 4477 καὶ
3550 4418 3639 4475 ὅτε
3690 4419 3843 4492 πλη-

1799 4530 2039 4585 VARI/E
2080 4531 2493 4588 LECTIONES.

499 4602 549 4638 ⁷³
580 4600 781 4673 ἐξίασιν
812 4604 902 4661 ed.
982 4605 1023 4641 '“
1062 4600 1209 4678 βῆλα
1241 4619 1358 4659 om.
1390 4601 1485 4657 ad.

1456 4654 1655 4748 tom.
1698 4690 1845 4748 με.
1888 4691 2150 4749 REISKII
2189 4654 2779 4752 COMMENTARIUS.

504 4807 581 4879 (5)
628 4807 731 4880 Est
775 4806 1059 4880 ἀπόκρισις
1112 4805 1302 4861 omnis
1366 4800 1715 4868 enuntiatio,
1756 4801 2075 4880 declaratio
2110 4806 2151 4871 D
2183 4805 2262 4880 De
2300 4805 2409 4862 hac
2449 4808 2841 4880 contractione
2870 4804 3301 4863 terminationis
3334 4825 3414 4861 ιον
3456 4807 3516 4863 in
3564 4826 3629 4877 ην
3665 4811 3723 4880 et
3756 4822 3837 4880 to;

436 4875 929 4942 suaeﬁvoluntatis.‘
970 4894 1254 4935 sensuum
1286 4893 1545 4941 suorum,
1600 4875 1769 4945 quasi
1804 4877 2069 4946 secretio,

432 4952 636 5005 eli‘usio
665 4950 847 5006 animi
876 4952 1005 5020 sui;
1042 4952 1177 5006 hinc
1210 4948 1574 5005 mandatum.
1600 4946 1743 5002 Hinc
1768 4948 1907 5001 dicti
1939 4964 2070 5020 apo-

432 5022 701 5087 crisiarii,
744 5023 837 5094 qui
880 5023 1191 5093 apocrises,
1240 5022 1509 5094 mandata
1552 5021 1940 5094 perferunt-et
1981 5035 2072 5094 re;

436 5094 729 5158 nuntiant,
761 5090 932 5150 'tam'
962 5094 1122 5149 illius
1166 5093 1265 5165 qui
1324 5094 1519 5157 mittit,
1568 5106 1742 5165 quam
1794 5090 1956 5145 illius
2000 5090 2071 5165 ad

431 5182 602 5236 quem
652 5169 981 5221 mittuntur.
1028 5168 1072 5220 A
1121 5162 1314 5221 Graeco
1350 5165 1452 5219 hoc
1483 5162 1761 5217 vocabulo
1795 5164 2072 5236 manavit,

432 5234 587 5307 quod
623 5238 803 5293 Latini
854 5238 1151 5309 sequiores
1183 5251 1435 5309 responso
1480 5250 1586 5309 pre
1616 5234 2072 5309 negotiis_,_cor_n-

433 5302 809 5364 missionibus
869 5302 1171 5380 usurpant.
1220 5302 1516 5380 Chronic;
1549 5302 1775 5380 cessio.
1827 5302 1921 5368 IV,
1953 5305 2071 5380 66}

433 5380 625 5434 Petrus
672 5380 957 5445 diaconus,
1008 5375 1108 5450 pro
1157 5394 1428 5448 responsis
1480 5375 2077 5450 (iasinensiacwnobit

432 5453 846 5522 apocrisiarius,
914 5446 1016 5505 ud'
1044 5446 1360 5506 Lothltrium
1418 5447 1513 5505 III
1565 5446 1935 5522 Romcngimp.
1959 5447 2077 5522 _dt'-

431 5512 633 5577 rce/us.
666 5512 966 5589 Significat
1004 5524 1181 5589 igitur
1212 5523 1389 5577 dictio
1421 5526 1617 5575 nostra
1656 5535 1669 5573 :
1705 5512 1915 5570 δίδοται
1948 5516 2080 5572 ἀπό-

430 5613 605 5678 κρισις
652 5589 1002 5678 άλλαξίμων,
1046 5591 1589 5678 θάαξιιεινμιαηάαια
1641 5606 1743 5646 seu
1781 5589 2075 5661 signiﬁca-

437 5666 609 5725 tiones
638 5666 702 5721 de
732 5666 1028 5721 mduendi:
1056 5666 1392 5721 mutuloriis.

504 5741 583 5815 (6)
636 5738 713 5795 Μ.
771 5754 1019 5814 στιχαριν
1083 5735 1396 5814 βασιλίκην,
1458 5735 1517 5793 id
1568 5738 1679 5807 est,
1741 5731 2074 5807 βασιλίκιον.

2183 4878 2243 4951 in
2301 4896 2370 4944 ης
2423 4878 2561 4934 alibi
2618 4880 2747 4951 dico
2795 4884 2852 4935 et
2911 4880 3188 4951 sticbario
3246 4880 3341 4934 ad.
3396 4896 3452 4951 p.
3499 4880 3625 4935 256.
3677 4878 3847 4935 Talis

2184 4948 2381 5025 {orgia
2397 4962 2481 5005 est
2507 4950 2857 5024 καισαρίκην,
2899 4949 3264 5025 σπαθαρίκην,
3297 4948 3409 5008 etc;

2254 5021 2330 5091 (7)
2360 5024 2613 5094 Apparet
2654 5021 2813 5091 hinc,
2848 5021 3217 5094 mapborium
3262 5026 3439 5092 caput
3466 5021 3657 5093 ipsum
3691 5037 3840 5091 quo-

2254 5042 2330 5091 μ)
2360 5042 2613 5094 Apparet
2654 5042 2813 5091 utne,
2848 5042 2938 5077 ma
2987 5042 3217 5078 nonum
3262 5042 3439 5092 σαροι
3466 5042 3657 5093 Ipsum
3691 5042 3840 5091 quo-

2185 5109 2297 5163 ίιυθ
2345 5094 2672 5183 armis”,
2705 5096 2861 5183 99οά
2906 5042 3174 5183 960,102?
3206 5109 3441 5183 9°99"?
3466 5098 3841 5183 935110332:

2188 5181 2339 5219 mus.
2383 5164 2526 5220 Nam
2562 5164 2843 5234 σκεπάζειν
2895 5166 2968 5221 de
2998 5164 3263 5222 vestibus
3297 5166 3355 5219 in
3387 5164 3575 5235 specie
3622 5164 3843 5218 dicitur

2186 5236 2326 5303 illis,
2359 5254 2486 5307 quas
2517 5245 2615 5292 aut
2644 5242 2835 5294 solum
2867 5243 3063 5307 caput,
3104 5243 3207 5293 aut
3236 5237 3344 5293 hoc
3373 5236 3573 5309 ipsum
3606 5248 3840 5306 quoque

2186 5321 2318 5381 cum
2352 5310 2482 5381 aliis
2514 5311 2796 5366 membris
2820 5315 3052 5381 tegunt.

2257 5379 2334 5449 (8)
2390 5379 2689 5451 Explicant
2726 5378 3091 5453 maph‘orium
3136 5384 3407 5453 Augustas
3440 5382 3497 5435 et
3528 5378 3682 5453 velut
3714 5392 3847 5434 cor-

2188 5449 2371 5524 tinam
2406 5449 2516 5523 ipsi
2553 5449 2940 5524 pretenduct,
2971 5468 3040 5508 ne
3069 5469 3104 5507 a
3134 5449 3659 5524 barbatoquodam
3699 5465 3846 5521 prc-

2187 5525 2275 5603 tetj
2313 5522 2741 5605 '.imperatorem
2772 5531 2830 5582 et
2861 5524 3250 5598 patriarcham
3285 5522 3440 5579 nudo
3482 5522 3670 5595 capite
3701 5537 3851 5577 con-

2189 5603 2533 5664 spiciantur.

2259 5664 2336 5737 (9)
2399 5668 2989 5741 Puto__praependulia
3028 5664 3203 5741 idem
3258 5671 3433 5739 atque
3481 5665 3548 5719 τὰ
3585 5663 3837 5741 διατάσει-

2190 5753 2286 5789 στα
2342 5752 2493 5810 esse,
2524 5736 2624 5796 ﬁla
2652 5736 2754 5797 illa
2793 5737 3238 5813 margaritarum
3285 5736 3356 5796 δι’
3399 5736 3842 5811 stemmatibus,
