4158 6212
432 354 557 425 463
1282 361 1382 420 DE
1423 353 1871 421 CERIMONIIS
1919 357 2068 421 AUL

2189 351 2655 416 BYZAN'I‘INE
2698 356 2843 417 LIB.
2896 354 2983 417 I.’
3743 364 3870 423 464

433 503 496 560 in
532 506 760 561 diciono
791 499 1081 569 subsistit,
1119 503 1416 555 senatores
1458 515 1591 556 vero
1641 515 1758 554 una
1804 513 1934 555 cum
1965 514 2066 570 pa-

2188 492 2463 567 Λύγοῦστα
2523 492 2597 555 εἲς
2643 493 2706 548 τὸ
2766 490 3108 565 δικιόνιονπ,
3141 493 3232 549 καὶ
3273 492 3573 552 πίπτουσιν
3626 500 3681 554 οἱ
3730 523 3869 575 συγ-

434 593 624 648 triciis
657 593 914 655 adorant,
930 588 1073 661 ipsis
1088 604 1199 660 que
1212 587 1613 660 surgentibus,
1631 588 1975 659 praepositus
2002 585 2075 641 si-

2188 581 2438 652 κλητικοὶ
2469 581 2581 655 ἅμα
2632 588 2749 645 τοῖς
2802 581 3139 658 πατρικίοις,
3201 584 3294 639 καὶ
3358 584 3710 644 ἀναστάντων
3764 592 3869 646 αὖ-

430 678 708 735 lentiario
735 678 967 748 signum
992 678 1112 745 dat,
1147 681 1202 731 et
1247 676 1390 732 dicit
1424 693 1435 730 :
1470 699 1498 726 «
1531 676 1763 742 Jubete,
1808 697 1835 724 »
1885 674 2074 731 caeteri

2188 676 2313 739 τῶν,
2345 672 2483 727 νεύει
2516 672 2543 725 ὁ
2587 671 2950 747 πραιπόσιτσζ
2988 675 3069 744 τῷ
3115 672 3501 751 σιλεντιαρίῳ,
3534 678 3626 733 καὶ
3685 678 3865 756 λέγει·

433 784 539 839 pro
564 784 721 824 more
769 766 1112 823 acclamant.
1148 767 1301 823 I24
1338 768 1476 823 Inde
1532 771 1775 823 senatus
1804 765 2073 832 discedit,

2188 785 2212 812 ι(
2283 760 2607 829 Κελεύσατε,
2670 786 2698 812 ››
2759 758 2849 815 καί
2918 761 3275 836 ἐπεύχονται.
3336 765 3442 820 Καὶ
3512 767 3771 823 ἀποκινεῖ
3829 772 3865 838 ἡ

433 861 492 911 et
510 874 615 928 per
634 857 883 912 mediam
914 856 1227 911 tribunalis
1250 864 1473 927 portam
1498 871 1864 927 progressus,
1888 853 1949 909 in
1975 871 2071 909 su-

2188 849 2486 925 σύγκλητος
2517 850 2587 917 ⁷⁵,
2633 849 2722 904 καὶ
2771 848 3047 929 ἐξέρχεται
3091 848 3182 906 διὰ
3219 858 3319 908 τοῦ
3378 854 3553 927 μέσου
3599 861 3867 920 πυλῶνος

432 946 641 1016 periori
675 946 841 1002 scalas
876 952 1035 1017 parte
1066 947 1135 1001 ab
1170 952 1413 1017 utroque
1466 947 1664 1013 latere,
1717 950 1782 999 ut
1811 944 1871 999 in
1904 943 2074 999 obse-

2188 943 2275 993 τοῦ
2306 933 2701 1014 τριϐουναλίου
2730 936 2876 994 ἔνθεν
2910 940 3154 997 κάκεῖθεν
3188 942 3265 1004 εἰς
3303 944 3407 1013 τὴν
3450 942 3705 1019 κεφαλὴν
3751 948 3864 1002 τῶν

430 1035 589 1106 quio,
621 1040 788 1102 astat,
840 1041 1179 1090 ceterorum
1212 1051 1339 1090 vero
1398 1034 1725 1090 officiorum
1787 1032 2077 1104 principes

2188 1030 2423 1103 βάθρων,
2464 1030 2643 1093 καθὼς
2694 1028 3061 1103 ὀψικεύουσιψ
3120 1032 3173 1085 οἱ
3224 1029 3281 1087 δὲ
3333 1029 3527 1089 λοιποὶ
3593 1032 3865 1112 ἄρχοντες

434 1123 509 1179 ad
566 1123 704 1179 item
740 1123 1010 1192 tribunal,
1056 1123 1152 1178 ubi
1184 1139 1345 1191 crux,
1397 1129 1647 1193 sceptra,
1698 1120 1895 1176 labara
1943 1134 2075 1175 cum

2188 1120 2287 1171 τῶν
2320 1118 2611 1191 ταγμάτων
2644 1116 3007 1192 κατέρχονται
3039 1117 3090 1173 ἒν
3132 1124 3211 1192 τῷ
3252 1120 3403 1195 αὖτῷ
3458 1119 3862 1199 τριεουναλίῳ,

435 1213 660 1268 caeteris
689 1213 863 1280 vasis,
898 1212 1126 1267 duabus
1160 1211 1507 1267 factionibus
1538 1227 1603 1266 ac
1634 1208 1791 1265 omni
1851 1208 2077 1279 reliqua

2188 1202 2305 1259 ἔνθα
2330 1203 2546 1260 ἵσταται
2578 1206 2606 1261 ὁ
2656 1207 2884 1281 σταυρὸς
2913 1208 3007 1261 καὶ
3046 1209 3115 1262 τὰ
3169 1213 3453 1284 σκῆπτρα,
3500 1208 3757 1286 λάϐουρά
3805 1237 3863 1272 τε

438 1305 611 1359 turba
641 1305 877 1373 adsunt,
896 1304 1278 1369 descendunt,
1310 1303 1564 1373 praefecti
1582 1308 1903 1357 turmarum
1937 1317 2076 1356 suas

2188 1288 2296 1365 ἅμα
2345 1294 2434 1348 καὶ
2499 1298 2605 1348 τῶν
2671 1294 2885 1350 λοιπῶν
2958 1301 3186 1364 σκευῶν,
3229 1300 3297 1353 τὰ
3331 1297 3388 1354 δὲ
3437 1297 3535 1355 δύο
3602 1304 3742 1376 μὲρη
3808 1303 3863 1360 ἐν

444 1392 725 1448 stationes
756 1397 888 1448 ante
921 1409 1054 1447 vasa
1100 1396 1409 1463 occupant.
1448 1394 1710 1461 Dumque
1752 1394 1990 1446 senatus
2021 1393 2077 1445 et

2188 1385 2259 1452 τῷ
2291 1383 2425 1455 ἅμα,
2450 1384 2537 1436 καὶ
2570 1383 2629 1437 τὸ
2670 1382 2868 1438 λοιπὸν
2904 1385 3044 1438 ἃπαν
3074 1389 3173 1439 τοῦ
3206 1385 3346 1441 λαοῦ
3401 1390 3493 1442 καὶ
3536 1390 3588 1444 o't
3650 1390 3863 1467 ἄρχον-

436 1481 670 1553 patricii
719 1481 935 1549 egressi
976 1485 1195 1549 astant,
1254 1484 1516 1552 Augusta
1571 1499 1602 1535 a
1660 1478 1965 1551 praeposito
2023 1487 2077 1533 et

2188 1491 2268 1532 τες
2322 1476 2429 1525 τῶν
2486 1474 2781 1547 ταγμάτων
2813 1471 3060 1529 ’ἔστανται
3118 1472 3430 1550 ἔμπροσθεν
3478 1483 3590 1534 τῶν
3652 1486 3860 1537 σκευῶν

437 1570 769 1641 primicerio
792 1571 1063 1637 adducta,
1087 1574 1398 1640 comparet,
1432 1569 1617 1639 eique,
1653 1569 1711 1622 in
1747 1567 1937 1622 medio
1976 1582 2075 1622 so-

2188 1559 2259 1623 εἷς
2288 1560 2412 1622 τοὺς
2443 1560 2644 1623 τόπους
2673 1560 2873 1617 αὐτῶν.
2922 1561 3029 1618 Καί
3079 1558 3169 1618 ὅτε
3209 1562 3403 1640 ἐξέλθῃ
3444 1569 3478 1636 ἡ
3543 1567 3863 1643 σύγκλητος

436 1659 581 1715 lario
597 1659 835 1723 astanti,
864 1658 1139 1713 factiones
1159 1658 1419 1713 etomnis
1440 1657 1685 1728 populus
1708 1656 2034 1711 acclamant
2058 1670 2072 1711 :

2188 1649 2298 1722 Ξιμα
2334 1654 2450 1713 τοῖς
2498 1650 2806 1724 πατρικίοις
2864 1653 2955 1706 καὶ
3018 1657 3242 1723 στῶσιν,
3306 1654 3587 1732 ἀναφαίνει
3644 1661 3761 1733 (11)
3821 1663 3859 1731 ἡ

439 1772 467 1799 ‹‹
496 1748 764 1813 Sanctus,
788 1751 1041 1813 sanctus,
1060 1752 1295 1801 sanctus
1323 1746 1337 1800 l
1370 1746 1641 1801 Gloriain
1663 1743 1901 1800 excelsis
1934 1744 2073 1809 Deo,

2188 1738 2494 1813 Αὐγούστα,
2570 1737 2923 1815 ὁδηγουμένη
2982 1741 3085 1796 ὑπὸ
3142 1747 3241 1797 τοῦ
3308 1747 3678 1818 πραιποσίτου
3761 1750 3858 1805 καὶ

440 1854 549 1908 pax
579 1835 639 1889 in
671 1834 861 1890 terra!
890 1856 916 1884 n
941 1835 1408 1890 recitantdeinde
1441 1834 1721 1889 factiones
1750 1832 1955 1888 laudes
1988 1849 2076 1888 co-

2188 1830 2576 1903 πριμικηρίου,
2628 1830 2716 1884 καὶ
2769 1834 2972 1901 στάσης
3043 1831 3215 1902 αὐτῆς
3284 1833 3361 1896 είς
3406 1837 3509 1905 τήν
3563 1838 3734 1911 μέσην
3754 1845 3858 1895 τοῦ

440 1925 730 1982 ronationi
763 1930 945 1994 aptas.
973 1924 1286 1995 Postquam
1308 1926 1567 1995 Augusta
1597 1940 1627 1979 e
1659 1923 1848 1977 modio
1868 1922 2076 1978 solario

440 2014 700 2080 excessit,
737 2013 807 2068 ad
841 2012 1064 2068 medios
1125 2013 1411 2069 cancellos
1443 2012 1733 2080 subsistit,
1767 2011 1866 2066 ubi
1899 2013 2076 2066 ostia-

440 2104 567 2158 rius
597 2102 743 2157 duos
768 2102 877 2172 ipsi
911 2117 1105 2158 cereos
1134 2102 1333 2167 tradit,
1360 2117 1504 2171 quos
1536 2117 1714 2156 manu
1746 2104 1971 2168 tenens,
2005 2100 2075 2155 ad

441 2206 671 2246 crucem
706 2191 947 2256 adorat;
996 2205 1111 2261 quo
1168 2189 1343 2257 facto,
1378 2205 1667 2261 proceres,
1691 2204 1827 2243 vasa
1857 2188 2073 2257 omnia,

440 2284 691 2352 sceptra,
716 2279 912 2333 labara
936 2281 993 2333 et
1023 2278 1246 2350 reliqua
1268 2278 1327 2333 in
1360 2294 1547 2351 genua
1577 2277 1985 2349 procumbunt,
2021 2281 2076 2333 et

438 2370 625 2441 ipsam
669 2371 1038 2424 venerantur.

2186 1917 2444 1986 ἡλιακοῦ,
2487 1915 2844 1990 ἁνακρᾶζουσι
2884 1918 2951 1975 τὰ
3009 1917 3148 1995 μέρη
3201 1922 3289 1976 καὶ
3337 1918 3478 1978 ἅπαν
3535 1930 3635 1980 τοῦ
3694 1925 3856 1983 λαοῦ’

2186 2006 2461 2079 ‹‹“’Λγιος,
2517 2007 2696 2083 ἅγιος,
2758 2008 2933 2083 ἅγιοςο
2998 2007 3125 2081 δόξα
3187 2010 3239 2066 ἐν
3304 2013 3561 2085 ὑψίστοις
3593 2018 3857 2089 Θεῷ,καὶ

2185 2092 2273 2149 ἐπὶ
2324 2101 2428 2168 γῆς
2486 2095 2752 2169 εἰρήνῃ»
2814 2097 2903 2151 καὶ
2945 2096 3318 2173 ἀκτολογοῦσι
3359 2103 3427 2158 τὰ
3483 2106 3623 2179 μὲρη
3673 2108 3740 2161 τᾶ
3777 2111 3858 2180 τῷ

2185 2183 2432 2258 στεψίμῳ
2468 2184 2800 2258 ἁρμόζοντα.
2854 2187 2950 2242 Καὶ
3000 2189 3251 2245 ἀποκινεῖ
3310 2194 3345 2262 ἡ
3394 2193 3690 2269 Αὐγούστσ
3748 2197 3855 2253 ἀπὸ

2182 2275 2281 2344 τὴν
2306 2276 2351 2311 ⁷⁸
2383 2274 2551 2349 μέσην
2587 2278 2703 2351 (12)
2733 2281 2829 2332 τοῦ
2871 2277 3131 2349 ἡλιακοῦ,
3162 2281 3254 2336 καὶ
3296 2281 3388 2338 ὅτε
3418 2283 3634 2356 ἆπὲλθη
3672 2287 3750 2349 είς
3794 2289 3858 2344 τὸ

2186 2366 2348 2437 μέσον
2393 2362 2681 2438 κάγκελον.
2728 2363 3011 2441 Ἰσταυρὸν,
3058 2370 3149 2423 καὶ
3210 2368 3534 2428 ἐπιδίδωσιν
3584 2376 3613 2429 ὁ
3674 2377 3861 2432 ἆστιά-

442 2480 556 2535 ριος
612 2458 773 2529 ζυγὴν
819 2456 1023 2527 κηροὺς
1078 2456 1168 2510 καὶ
1224 2448 1467 2509 λαϐοῦσα
1524 2452 1649 2515 τοὺς
1714 2452 1920 2527 κηροὺς
1974 2458 2126 2509 ποιεῖ
2148 2454 2514 2529 προσκύνησιν
2570 2452 2656 2508 ἐπὶ
2716 2456 2807 2510 τὸν
2858 2458 3110 2534 σταυρὸν,
3163 2460 3252 2515 καὶ
3314 2462 3514 2528 εὐθέως
3562 2464 3863 2525 πίπτουσιν

441 2552 493 2603 οῖ
523 2548 783 2623 ἄρχοντες
812 2544 900 2598 καὶ
926 2549 1315 2618 προσκυνοῦσιν
1360 2544 1524 2613 αὐτὴν
1566 2543 1655 2599 καὶ
1685 2544 1751 2598 τὰ
1781 2544 1941 2614 σκεύη
1976 2546 2171 2616 πάντα,
2193 2551 2463 2619 σκῆπτρα,
2498 2540 2742 2621 λάϐουρα
2762 2552 2853 2604 καί
2881 2548 2947 2604 τὰ
2976 2550 3167 2609 λοιπά.

509 2642 604 2694 IV.
683 2638 1002 2700 Postremo,
1053 2636 1198 2691 actis
1240 2634 1701 2706 inaugurationis
1752 2634 2082 2706 completis,

439 2734 745 2800 postquam
798 2724 1073 2779 factiones
1122 2732 1359 2796 precatae
1390 2727 1564 2778 sunt:
1602 2746 1630 2773 «
1658 2723 1922 2794 Regnum
1953 2725 2082 2795 hoc,

441 2817 618 2880 Deus,
640 2814 806 2868 firma
820 2817 876 2868 et
898 2812 1146 2879 custodi,
1168 2834 1195 2863 ››
1211 2816 1349 2867 tunc
1375 2810 1689 2867 triclinium
1704 2811 1834 2867 XIX
1849 2813 2083 2868 accubi-

440 2916 607 2963 tuum
639 2908 938 2960 senatores
952 2907 1177 2973 petunt,
1203 2901 1683 2959 etconsistorium
1701 2918 1879 2973 usque
1901 2903 1971 2958 ad
1991 2902 2083 2957 di-

2264 2640 2334 2691 A’.
2369 2633 2464 2687 Καὶ
2497 2634 2583 2688 ’ὀτε
2615 2633 3006 2709 πληρώσουσιν
3039 2641 3104 2695 τὰ
3140 2641 3280 2718 μέρη
3322 2645 3388 2700 τὰ
3421 2646 3559 2702 ἕκτα
3598 2656 3702 2719 τῆς
3732 2649 3861 2705 ἀνα-

2191 2722 2612 2815 ¹γοῌρεύσεωςριοιὶ
2636 2722 2832 2780 εἴπωσι
2872 2729 3009 2801 (13)’
3046 2752 3073 2781 ››
3107 2733 3285 2788 Τοῦτο
3311 2734 3375 2789 τὸ
3405 2736 3689 2810 βασίλειον
3724 2744 3863 2815 (14),

2194 2812 2377 2886 Κύριε,
2426 2812 2750 2886 στερέωσον,
2787 2840 2807 2865 ιι
2868 2815 3067 2881 εὐθέως
3114 2819 3422 2897 εἰσέρχεται
3464 2828 3499 2896 ἡ
3544 2812 3864 2904 σύγκλητός

2194 2900 2271 2964 εἷς
2301 2903 2389 2957 τὸν
2420 2903 2670 2977 πόρτηκα
2691 2908 2798 2960 τῶν
2845 2908 2909 2960 ιθ¹
2942 2904 3269 2983 ἁκουϐίτων,
3311 2914 3402 2969 καὶ
3432 2900 3681 2973 ἵστανται
3722 2900 3855 2976 κον-

443 2996 696 3054 cionium
721 2992 1137 3063 elonOpodium
1160 2991 1555 3058 consistuunt,
1582 2992 1830 3063 dumque
1843 3000 2077 3049 senatus

2196 2992 2479 3089 σιστώριον
2517 2993 2685 3089 μέχρι
2713 2998 2810 3049 τοῦ
2842 2992 3203 3089 δικιονίουκαὶ
3222 3000 3542 3076 ὀνοποδίου,
3564 3009 3619 3062 αἱ
3649 3006 3705 3064 δὲ
3733 3031 3861 3089 συγ-

443 3085 778 3143 interiorem
812 3080 1469 3154 portamingressusest,
1494 3079 1722 3135 femina:
1745 3086 2081 3137 senatorum

448 3193 565 3233 una
580 3177 791 3240 astant,
807 3180 859 3227 et
876 3172 943 3226 ad
964 3180 1156 3244 portas
1168 3172 1450 3226 eburneas
1463 3170 1839 3226 castrensium
1853 3170 2085 3239 absunt,

442 3266 547 3332 ibi,
580 3264 719 3318 dum
740 3264 1000 3331 Augusta
1022 3259 1385 3332 ingrediatur
1403 3262 1768 3330 augusteum,
1792 3264 2085 3332 exspecta-

443 3359 610 3409 tursa.
642 3351 908 3416 Senatus,
942 3365 1129 3420 usque
1160 3348 1296 3405 dum
1319 3349 1445 3402 duae
1476 3348 1752 3406 factiones
1794 3350 2083 3407 acclama-

443 3443 582 3497 runt
614 3456 627 3493 :
668 3460 695 3490 ιι
726 3438 934 3493 Multos
991 3453 1192 3506 annos,
1226 3443 1361 3506 etc.,
1394 3458 1421 3488 »
1458 3437 1535 3493 ibi
1572 3444 1806 3509 manet;
1857 3444 2087 3512 peracta

442 3545 578 3585 vero
609 3526 1327 3599 acclamatione,Augusta
1358 3526 1495 3581 hinc
1528 3525 1687 3584 illinc
1719 3529 1793 3584 ad
1823 3529 1969 3585 duas
2000 3530 2085 3585 fa-

439 3620 664 3675 ctiones
714 3617 937 3685 adorat,
972 3632 1103 3672 mox
1133 3615 1566 3688 introgreditur,
1620 3618 1970 3674 factionibus
2003 3618 2085 3675 dl-

436 3707 739 3765 centibus:
774 3729 802 3758 «
859 3706 1010 3761 Deus
1041 3710 1365 3780 Augustam
1412 3711 1599 3762 servet
1626 3707 1638 3762 1
1670 3731 1698 3759 ››
1724 3709 1948 3766 Interea
1980 3726 2080 3781 pa-

433 3799 611 3855 triciae
643 3797 798 3852 intra
822 3800 1045 3869 portam
1076 3796 1381 3852 tribunalis
1409 3800 1565 3852 stant
1595 3801 1652 3853 et
1681 3801 2025 3871 Augustam,
2047 3816 2081 3854 a

430 3887 647 3945 solario
680 3886 793 3942 huc
824 3887 1164 3955 venientem,
1200 3877 1280 3942 ad
1309 3902 1541 3942 auream
1577 3903 1815 3943 manum
1850 3887 2078 3960 patricii

429 3977 789 4034 comitantur
822 3993 834 4029 :
868 3984 1157 4032 secretum
1190 3991 1321 4031 vero
1339 3973 1642 4032 consulum
1669 3992 1850 4047 usque
1880 3978 1949 4031 ad
1989 3976 2077 4030 di-

428 4066 685 4124 cionium
720 4069 855 4125 stat.
889 4080 1003 4136 quo
1032 4070 1340 4136 postquam
1370 4064 1629 4133 Augusta
1669 4062 1936 4130 accessit,
1973 4079 2077 4119 ac—

427 4158 685 4213 clamant
716 4172 729 4210 :
756 4176 783 4206 ι(
818 4155 877 4209 In
904 4153 1086 4208 multa
1117 4154 1384 4222 bonaque
1402 4149 1691 4218 tempora!
1729 4173 1756 4199 ››
1779 4151 1870 4204 Sic
1898 4152 2073 4208 etiam

426 4244 654 4317 patricii
684 4244 743 4298 in
777 4258 954 4298 aurea
1013 4258 1191 4297 manu
1253 4240 1490 4307 adsunt,
1525 4237 1783 4308 dumque
1810 4240 2074 4311 Augusta

422 4333 656 4400 transit,
677 4341 1044 4403 augusteum,
1068 4330 1169 4384 ubi
1192 4332 1379 4384 totum
1400 4326 1737 4383 cubiculum
1756 4343 2071 4403 congrega-

422 4426 548 4477 tum
581 4424 687 4488 est,
713 4420 1065 4492 ingressum,
1083 4417 1286 4472 dicunt
1308 4415 1506 4488 lingua
1529 4414 1789 4474 Romana
1815 4436 1827 4473 :
1854 4419 2072 4488 «Bene,

423 4513 587 4577 bene,
614 4510 777 4576 bene,
839 4506 1140 4577 Augusta!
1172 4504 1416 4577 pulchre
1439 4505 1672 4575 venisti,
1705 4509 1998 4581 Augusta!
2036 4533 2063 4561 ››

422 4602 569 4658 I25
605 4604 808 4655 Postea
837 4598 895 4654 in
920 4605 1265 4668 octagonum
1299 4603 1457 4652 extra
1484 4600 1541 4650 S.
1576 4596 1847 4669 Stephani
1880 4602 2061 4657 sedem

416 4692 593 4760 venit,
618 4690 765 4760 quod
791 4689 931 4745 dum
964 4687 1282 4760 imperator
1311 4702 1443 4743 cum
1486 4688 1754 4759 Augusta
1803 4689 2063 4761 ingredi-

2194 3079 2450 3149 κλητικαί
2516 3086 2763 3155 γυναῖκες
2831 3084 3250 3159 ἀκολουθοῦσαι,
3312 3091 3402 3147 ὅτε
3440 3093 3765 3167 ἆποκινήσει

2202 3167 2512 3244 σύγκλητος
2552 3170 2651 3238 τὴν
2685 3167 2812 3244 ἔσω,
2846 3174 3186 3247 μεθίστανται
3209 3200 3260 3233 αι
3290 3187 3538 3256 γυναῖκες
3570 3187 3659 3239 καὶ
3690 3185 3861 3263 ἀπέρ-

2194 3256 2649 3334 χονταιὲπὶτοῦς
2708 3258 3088 3339 ἐλεφαντίνους
3136 3267 3397 3333 πυλῶνας
3448 3278 3545 3327 τοῦ
3609 3256 3855 3351 καστρη-

2189 3349 2401 3416 σιοὶκου,
2432 3348 2520 3402 καὶ
2580 3345 2894 3427 ἐκδέχονται
2954 3352 3148 3427 ἐκεῖσε,
3185 3354 3385 3437 μέχρις
3445 3360 3505 3416 ἄν
3558 3345 3849 3439 εἰσὲληῂῆ

2187 3437 2475 3513 Αὐγούστα
2514 3438 2588 3492 εἰς
2627 3439 2719 3492 τὸν
2771 3441 3091 3516 αὐγουστὲα.
3124 3447 3187 3505 Ἠ
3230 3445 3287 3503 δὲ
3335 3449 3644 3526 σύγκλητος
3686 3437 3847 3512 ἲσ-έα-

2184 3549 2295 3595 ται,
2320 3535 2515 3602 μέχρις
2548 3523 2606 3581 ἅν
2629 3526 2969 3604 πληρώσωσι
2992 3534 3058 3589 τὰ
3091 3538 3293 3612 pstor.“
3317 3523 3509 3597 Πολλά
3531 3523 3597 3598 τὰ
3618 3542 3711 3616 ἔτη
3736 3546 3844 3617 77,)

2185 3617 2272 3670 καὶ
2315 3618 2380 3671 τὰ
2438 3616 2584 3687 ἑξῆς,
2632 3618 2722 3672 καὶ
2774 3620 2863 3674 ὅτε
2921 3620 3266 3699 πληρώσωσι
3318 3630 3417 3699 τήν
3460 3629 3723 3708 εὐςρηρίαν
3775 3616 3845 3689 τὰ

2188 3706 2347 3781 μέρη,
2399 3712 2689 3782 προσκυνεῖ
2726 3710 2759 3777 ἡ
2804 3709 3091 3787 Αὐγούστα
3140 3710 3287 3772 ἔνθεν
3333 3706 3550 3775 κάκεῖσε
3607 3722 3744 3790 πρὸς
3778 3724 3846 3778 τὰ

2185 3794 2281 3851 δύο
2325 3792 2486 3870 μέρη,
2518 3798 2607 3853 καὶ
2638 3796 2888 3854 ἀποκινεῖ
2924 3808 3023 3871 τῆν
3058 3802 3185 3873 ἔσω,
3218 3807 3307 3861 καὶ
3359 3808 3579 3885 λέγουσι
3627 3812 3695 3866 τὰ
3743 3810 3841 3869 δύο

2187 3884 2344 3959 μέρη·
2392 3910 2419 3938 ιι
2478 3888 2774 3962 Περισώσει
2820 3891 2847 3944 ὁ
2906 3891 3036 3955 Θεὸς
3065 3895 3165 3963 τήν
3206 3897 3544 3970 Αὐγούσταν·
3580 3924 3608 3952 ››
3667 3901 3721 3954 αἱ
3784 3899 3843 3956 δὲ

2180 3976 2461 4050 πατρίκιαι
2502 3976 2748 4033 ἵστανται
2788 3975 2934 4035 ἔνδον
2984 3990 3086 4051 τῆς
3135 3984 3318 4057 πύλης
3384 3992 3482 4044 τοῦ
3539 3985 3837 4065 τριϐουνα-

2183 4063 2328 4132 Λίου,
2358 4065 2448 4119 καὶ
2476 4066 2563 4122 ὅτε
2603 4067 2818 4142 εἷ’σὲλθῃ
2852 4071 2886 4137 ἡ
2949 4070 3237 4147 Αὖγούστα
3286 4077 3392 4132 ἀπὸ
3429 4084 3528 4133 τοῦ
3569 4063 3833 4152 ἡλιακοῦ,

2179 4153 2524 4247 αποκινοῦσιν
2577 4156 2628 4210 οἱ
2685 4155 2964 4247 πατρίκιοι
3018 4162 3187 4235 μέχρι
3246 4166 3344 4232 τῆς
3382 4173 3595 4241 χρυσῆς
3644 4172 3834 4247 γειρὸς

2179 4241 2546 4316 ὄψικεύοντεςο
2589 4244 2651 4298 τὸ
2692 4240 2750 4298 δὲ
2803 4245 3051 4318 σὲκρετον
3124 4254 3233 4303 τῶν
3314 4252 3532 4311 ὑπάτων
3617 4240 3834 4317 Qui“,

2187 4332 2354 4410 μέχρι
2384 4337 2480 4386 τοῦ
2514 4330 2796 4399 δικιονίου,
2828 4333 2921 4385 καὶ
2951 4334 3041 4389 ’ὀτε
3085 4338 3291 4411 μεσάσῃ
3345 4343 3380 4409 ἡ
3425 4343 3718 4419 Αὐγούστα
3757 4350 3837 4415 εἷς

2182 4421 2281 4489 τήν
2339 4420 2504 4493 μέσην
2536 4424 2645 4475 τῶν
2700 4419 2938 4488 ὑπάτων,
2992 4423 3317 4500 ἐπεύχονται
3361 4431 3447 4486 τὸυ
3489 4458 3518 4485 ι(
3552 4435 3649 4500 Εἰς
3694 4439 3833 4496 πολ,

2177 4508 2308 4570 λοὺς
2338 4507 2425 4605 καὶ
2451 4507 2712 4605 αγαθοὺςῌ
2730 4507 2984 4605 χρόνους.
3031 4536 3059 4565 ››
3112 4515 3355 4605 Ὁμοίως
3394 4522 3485 4577 καὶ
3518 4524 3570 4579 οἱ
3635 4528 3835 4605 πατρί-

2172 4618 2281 4691 me;
2313 4595 2386 4691 sit;
2406 4597 2510 4691 τήν
2534 4603 2744 4691 χρυσῆιν
2775 4602 2957 4674 χεῖρα,
3001 4603 3090 4658 καὶ
3126 4601 3402 4682 διέρχεται
3435 4616 3470 4683 ἡ
3515 4595 3824 4691 Αὐγούστα,

2169 4685 2258 4741 καὶ
2316 4683 2619 4758 εἰσέρχεται
2680 4683 2755 4746 εἷς
2810 4686 2906 4741 τὸν
2973 4690 3296 4768 αὐγουστέα,
3344 4700 3437 4755 καὶ
3484 4683 3703 4759 ’ίσταται
3761 4683 3824 4763 τῦ

1775 4837 2013 4893 VARl/E
2052 4833 2462 4893 LECTIONES.

483 4959 528 4993 τι
567 4953 805 5011 δικίονον
838 4956 965 5012 cod.
1044 4953 1090 4989 τι
1120 4951 1455 5030 συγκλητιχή
1488 4954 1577 5010 ed.
1658 4953 1704 4988 ἰδ
1731 4952 1836 5006 ἀπὸ
1857 4953 1957 5020 τὴν
1978 4952 2127 5023 conj.
2154 4956 2244 5021 R.,
2284 4947 2371 5003 ἐπὶ
2400 4949 2498 5017 τὴν
2529 4952 2658 5009 cod.
2693 4957 2749 5010 et
2779 4957 2868 5012 ed.
2947 4959 2991 4997 ⁷⁷
3019 4962 3206 5020 πολλὰ
3243 4962 3335 5040 ἔτη
3370 4972 3461 5029 ed.

1433 5081 1635 5137 JOAN.
1677 5080 1823 5135 JAC.
1868 5077 2134 5134 REISKII
2173 5075 2768 5141 COMMENTARIUS.

482 5210 594 5282 (11)
652 5207 960 5282 Subintell.
1013 5206 1233 5282 ἑαυτὴν,
1268 5205 1642 5275 semetipsum
1693 5201 2056 5282 conspicietur

409 5273 719 5350 dam'dat,
783 5281 973 5353 prodit
1048 5281 1107 5353 in
1159 5273 1530 5353 conspectum
1568 5291 1598 5353 ;‘
1661 5273 1811 5353 quod
1872 5277 2056 5353 potest

408 5355 531 5409 fieri
563 5341 799 5410 etiamsi.
826 5371 937 5409 non
974 5352 1207 5423 sublato
1235 5341 1354 5404 velo
1388 5347 1512 5415 ;vel
1545 5342 1916 5423 ’τὸ-πρόσωπον
1938 5341 2056 5423 tuo:

402 5432 525 5495 τῆς,
561 5424 716 5496 quod
766 5431 827 5480 ut
858 5426 981 5495 fiat,
1036 5422 1356 5479 tollendum
1393 5412 1496 5473 est
1535 5412 1748 5470 velum.
1796 5412 1928 5470 Vid.
1979 5417 2049 5471 ad

404 5516 535 5571 ρας·
578 5498 707 5571 12οο.
966 5569 975 5571 ξ
1021 5566 1051 5571 _
1178 5565 1188 5571 .
1231 5560 1244 5571 .
1304 5560 1315 5571 .
1767 5556 1802 5571 ..

474 5560 588 5643 (12)
617 5569 816 5626 Solent
844 5569 979 5624 novi
1011 5565 1192 5622 Graeci
1221 5560 1325 5615 ἀπὸ
1357 5575 1491 5615 cum
1550 5560 1878 5615 accusativo
1910 5575 2044 5616 con-

401 5652 913 5791 διῖῗὲἶέέοὶιωιιοηι
960 5708 1117 5766 enim
1142 5712 1294 5763 areto
1328 5718 1475 5761 nexu
1510 5718 1641 5759 cum
1669 5701 1762 5761 his
1793 5719 2044 5779 sequen-

2165 5202 2632 5346 txisrft.apodosis
2686 5209 2757 5265 ad
2789 5208 2878 5264 ὅτε
2936 5220 3025 5271 est
3068 5218 3125 5275 in
3178 5219 3367 5279 verbis
3400 5218 3600 5287 εὐθέως
3640 5224 3819 5301 εἰσέρ-

2260 5345 2983 5446 14)--ξ¹ἒέμνοξιὲνεεςὲβ
3038 5362 3389 5446 net/18598."!
3452 5370 3629 5446 atque
3662 5370 3816 5446 βςει-

2162 5343 2204 5469 (ξ
2233 5343 2346 5468 (14)
2415 5346 2546 5405 Haec
2604 5368 2707 5409 vox
2768 5354 2983 5442 Graecis
3038 5362 3202 5447 novis
3235 5363 3389 5447 idem
3452 5370 3629 5440 atque
3662 5370 3815 5446 βασι-

2164 5434 2303 5507 -εῗα,
2358 5435 2605 5507 regnum,
2664 5426 2834 5507 valet.
2896 5429 3445 5507 Hincnntelltgitur
3520 5442 3667 5498 mira
3709 5443 3815 5501 illa

2204 5489 2337 5575 ictio
2386 5489 2648 5576 Theopb.
2685 5515 2698 5554 :
2733 5498 2961 5576 ’Ἃρχειν
3020 5503 3083 5576 τὸ

3158 5505 3435 5579 βασίλειον
3491 5514 3600 5565 τῶν
3661 5518 3813 5568 Σκυο

2192 5562 2297 5657 ξῦν,
2337 5562 2581 5657 adﬂixit
2609 5562 3248 5646 regnurh”Scytharu'm.
3298 5562 3565 5657 Theopb'.‘
3584 5562 3772 5657 itm—3'8.

2158 5636 2309 5692 conf.
2336 5654 2393 5710 p.
2425 5639 2517 5695 57.
