4158 6212
327 382 440 446 465

1205 388 1302 450 DE
1345 390 1802 452 CERIMONIIS
1844 393 2080 455 AULIE
2125 391 2604 454 liYZANTlN/E
2652 393 2798 452 LIB.
2850 390 2893 450 l.

3635 388 3757 453 466

323 522 427 572 πᾶν
464 520 562 573 τοῦ
613 511 1010 574 κουϐουκλείου
1059 517 1136 581 εἷς
1179 519 1273 574 τὸν
1320 519 1640 596 αύγουστέα,
1691 522 1784 577 καὶ
1839 523 1982 579 Ῥω·

2099 527 2218 595 tur,
2252 523 2513 580 ofﬁcium
2543 523 2888 594 celebratur,
2915 528 2973 580 et
3001 522 3083 578 sic
3113 537 3144 578 e
3174 521 3386 595 templo
3415 521 3747 583 discedunt.

325 607 600 682 μαΐζουσι·
655 630 684 662 ιι
734 609 917 680 Βαῖνε,
969 609 1120 682 βαῖνε
1159 611 1292 682 (51),
1347 612 1381 679 ἡ
1437 609 1755 688 Αύγούσταο
1789 610 1990 675 καλῶς

2105 612 2432 686 Liturgiam
2481 630 2615 670 vero
2665 629 2887 670 sacram
2947 611 3280 684 patriarcha
3329 610 3602 679 celebrat,
3635 629 3754 684 qua

327 698 518 767 ἦλθες,
549 699 584 766 ἡ
620 696 928 774 Αύγούστα.
963 722 991 749 ››
1035 698 1134 752 Καὶ
1179 697 1482 778 εἰσέρχεται
1513 701 1548 770 ἡ
1583 700 1884 776 Δύγούστα
1914 699 1990 763 εἷς

2104 703 2292 771 finita,
2329 703 2556 760 Domini
2587 720 2720 760 cum
2763 706 3030 775 Augusta
3078 701 3324 772 intrant,
3367 705 3426 756 et
3454 702 3749 759 coronatio

328 787 392 843 τὸ
442 788 752 863 ὀκτάγωνον
784 786 848 841 τὸ
877 781 978 855 ἔξω
1009 789 1109 842 τοῦ
1140 786 1324 863 ’Λγίου
1358 789 1657 867 Στεφάνου,
1689 790 1778 844 καὶ
1820 789 1990 864 εἰσέρ-

2103 792 2377 864 nuptialis
2407 793 2726 866 peragitur.

330 875 492 932 χεται
542 877 570 930 6
613 873 865 950 βασιλεὺς
913 876 1000 930 καὶ
1053 877 1087 944 ἡ
1135 875 1422 952 Αύγούστα
1474 877 1550 940 εἰς
1598 879 1659 934 τὸ
1711 879 1896 953 Ἀγιον
1960 877 2252 956 Στέφανον,
2301 879 2392 935 καὶ
2438 880 2641 956 γίνεται
2691 879 2753 934 τὸ
2805 884 3076 953 μνῆστρον
3128 879 3259 950 (16),
3309 876 3398 932 καὶ
3439 875 3748 952 ἐξέρχονται

329 969 430 1033 τῆς
461 963 775 1034 ἐκκλησίας.
811 963 915 1021 Καὶ
948 962 1311 1039 λειτουργεῖὸ
1351 967 1721 1042 πατριάρχης,
1751 969 1840 1022 καί
1881 968 1974 1024 ὅτε
2010 967 2274 1024 ἀπολύσει
2316 971 2351 1039 ἡ
2402 968 2733 1044 λειτουργία,
2785 967 3123 1042 εἰσέρχονται
3173 968 3224 1022 cl
3274 963 3528 1022 δεσπόται
3586 967 3675 1022 καὶ
3708 970 3743 1036 ἡ

331 1053 640 1128 Δύγούστα,
673 1052 762 1108 καὶ
795 1053 996 1127 γίνεται
1025 1055 1089 1109 τὸ
1121 1055 1463 1133 στεφάνωμα.

400 1144 477 1202 Ε’.
509 1145 634 1220 Χρή
669 1140 727 1198 δὲ
756 1140 976 1216 εἰδέναι,
1008 1142 1091 1200 ὅτι
1124 1144 1153 1198 6
1196 1143 1455 1218 βασιλεὺς
1494 1144 1824 1221 ἐστεμμένος
1855 1168 1982 1203 στε-

328 1236 609 1310 φανοῦται,
681 1233 773 1287 καὶ
846 1229 1160 1308 ὶεέρχονται

325 1329 535 1397 χρυσῆν
568 1327 751 1397 χεῖρα,
791 1323 878 1377 καὶ
933 1320 1190 1400 δέχονται
1241 1325 1292 1379 οἱ
1341 1325 1616 1397 πατρίκιοι
1651 1324 1703 1380 ἐν
1745 1330 1824 1398 τῷ
1859 1325 1982 1381 ὀνο-

322 1408 522 1485 ποδίῳ,
571 1411 661 1468 καὶ
710 1410 950 1467 στάντων
1005 1416 1112 1468 τῶν
1159 1413 1209 1449 ⁷⁸
1256 1410 1553 1482 δεσποτῶν,
1604 1414 1895 1471 πίπτουσιν
1929 1417 1981 1470 οἱ

325 1499 501 1559 αύτοί.
548 1502 645 1558 Καὶ
691 1502 1035 1557 ἀναστάντων
1093 1499 1292 1569 αύτῶν,
1349 1501 1489 1559 νεύει
1545 1505 1573 1559 6
1617 1506 1980 1579 πραιπόσιτος

322 1595 404 1663 τῷ
459 1597 559 1660 τῆς
617 1591 1017 1658 καταστάσεως,
1075 1590 1166 1646 καὶ
1245 1590 1416 1668 λέγει·
1480 1616 1508 1644 ιι
1572 1592 1892 1663 Κελεύσατε,
1950 1618 1978 1645 ››

323 1680 412 1735 καὶ
445 1677 787 1754 ἐπεύχονται·
825 1703 854 1732 ‹‹
883 1679 978 1743 Εἰς
1009 1679 1261 1744 πολλοὺς
1291 1681 1381 1736 καὶ
1405 1683 1638 1756 ἀγαθοὺς
1660 1684 1914 1758 χρόνους,
1948 1705 1977 1734 ››

324 1769 416 1824 καὶ
476 1769 855 1836 ἀποκινοῦσιν,
915 1768 1262 1844 ὀψικεύοντες
1323 1771 1490 1846 μέχρι
1554 1775 1657 1826 τοῦ
1727 1771 1978 1847 σεκριτου

326 1864 434 1915 τῶν
472 1860 710 1930 ὑπάτων,
755 1859 844 1914 καὶ
888 1861 1130 1916 στάντων
1168 1865 1278 1916 τῶν
1330 1858 1636 1929 δεσποτῶν,
1686 1861 1977 1918 πίπτουσιν

326 1949 377 2004 οἱ
437 1947 797 2024 συγκλητικοὶ
855 1947 1042 2008 πάντες
1121 1944 1236 2022 ἅμα
1311 1955 1428 2012 τοῖς
1498 1950 1827 2022 πατρικίοις,
1884 1951 1975 2006 καί

322 2036 665 2093 ἆταστάντων
721 2037 921 2104 αὐτῶν,
978 2037 1121 2092 νεύει
1174 2039 1203 2092 6
1261 2037 1619 2113 πραιπόσιτος
1673 2044 1751 2111 τῷ
1790 2039 1976 2095 σιλεν-

318 2124 542 2200 τιαρίῳ,
600 2125 690 2180 καὶ
749 2123 918 2200 λέγει’
983 2149 1010 2178 ιι
1061 2124 1387 2196 Κελεύσατε,
1438 2151 1466 2179 ››
1505 2127 1596 2182 καὶ
1629 2128 1973 2184 ἀποκινοῦσιν

321 2214 668 2289 ὀψικεύοντες
701 2213 868 2290 μέχρι
913 2219 1009 2270 τοῦ
1063 2220 1292 2272 παστοῦ.
1340 2216 1422 2274 Τὰ
1453 2214 1511 2272 δὲ
1544 2217 1682 2292 μὲρη
1717 2215 1971 2293 δέχονται

321 2305 396 2368 εἰς
446 2305 538 2360 τὸν
593 2303 873 2378 τρίκλινον
905 2307 950 2343 ⁷⁸
978 2311 1084 2361 τῶν
1144 2303 1480 2362 κανὸιδάτων
1540 2306 1679 2362 ἔνθεν
1730 2307 1970 2364 κάκεῖθεν

317 2393 551 2465 πλησίον
585 2398 694 2448 τῶν
725 2391 1043 2469 γραδηλίων
1077 2401 1178 2464 τῆς
1214 2395 1521 2470 Μαναύρας,
1556 2397 1606 2451 οἱ
1648 2395 1705 2451 δὲ
1743 2399 1971 2470 κράκται

317 2487 423 2538 τῶν
457 2480 552 2538 δύο
596 2487 777 2556 μερῶν
804 2483 1078 2556 ἡνωμένοι
1114 2483 1368 2558 λέγουσιν
1404 2487 1456 2540 οἱ
1490 2484 1794 2564 ἀμφότεροι
1825 2487 1969 2561 ὁμοῦ

317 2574 410 2636 τὰς
443 2573 840 2650 ἀναφωνήσεις,
889 2575 956 2631 τὰ
1002 2572 1059 2630 δὲ
1111 2571 1317 2652 ὄργανα
1355 2575 1613 2631 αὐλοῦσιν
1657 2575 1743 2631 ἐπὶ
1773 2578 1837 2632 τὸ
1871 2577 1971 2649 μέ-

319 2684 409 2739 ρος
464 2668 570 2719 τῶν
629 2663 932 2739 Ηρασίνων.
995 2665 1092 2720 Καὶ
1124 2663 1214 2721 ὅτε
1256 2663 1444 2740 διέλθῃ
1505 2667 1566 2721 τὸ
1619 2667 1965 2743 στεφάνωμα,

319 2753 659 2833 εἰσέρχονται
686 2754 753 2810 τὰ
805 2753 943 2828 μέρη
994 2753 1070 2816 εἰς
1119 2755 1214 2811 τὸν
1263 2756 1489 2820 παστὸν,
1521 2758 1612 2810 καὶ
1638 2753 1879 2811 ’ἵστανται
1913 2757 1965 2811 οἱ

322 2841 566 2918 βασιλεῖς
596 2841 916 2916 ἐστεμμένοι
971 2843 1048 2908 εἰς
1093 2845 1186 2899 τὸν
1218 2846 1448 2912 παστὸν,
1477 2845 1567 2900 καὶ
1599 2845 1965 2922 ἀκτολογοῦσι

316 2931 384 2986 τὰ
431 2931 567 3005 μέρη
613 2932 681 2986 τὰ
725 2933 862 2986 κατὰ
912 2935 1209 3002 συνήθειαν.
1264 2934 1366 2990 Καὶ
1415 2932 1749 3012 ἀπέρχονται
1790 2933 1842 2988 οἰ
1875 2930 1965 2988 δε-

319 3023 511 3077 σπόται
552 3021 982 3099 ἐστεφανωμένοι
1027 3022 1109 3078 εἰσ
1162 3024 1263 3093 τήν
1318 3024 1536 3099 κόγχην
1593 3027 1691 3079 τοῦ
1737 3025 1963 3092 παστοῦ,

317 3109 443 3167 ἔνθα
483 3110 697 3166 ἵσταται
749 3112 776 3166 6
829 3112 1109 3188 βασικικὸς
1156 3107 1481 3189 κράϐἀττος,
1529 3112 1620 3168 καὶ
1663 3113 1868 3176 τιθὲασι
1899 3113 1965 3167 τὰ

319 3201 602 3274 στέμματα
651 3201 736 3256 ἐπὶ
785 3203 878 3258 τὸν
944 3198 1267 3277 κράϐαττον,
1317 3203 1409 3258 καὶ
1458 3200 1656 3265 εὐθέως
1696 3202 1964 3278 ἀπέρχον-

315 3311 405 3346 ται
466 3291 519 3346 οἱ
575 3287 826 3347 δεσπόται
879 3289 969 3348 διὰ
1021 3297 1134 3348 τῶν
1193 3289 1542 3364 διαϐατικῶν,
1603 3293 1677 3356 ὡς
1735 3291 1822 3348 ἕπῖ
1875 3293 1966 3346 τὸν

2163 1149 2228 1207 ν.
2264 1151 2459 1223 Neque
2473 1149 2837 1223 praetermitti
2861 1149 2969 1206 hoc
2990 1148 3117 1206 loco
3140 1149 3746 1218 debet,imperatorem

1247 1233 1678 1312 ἐστεφανωμενοι
1737 1235 1825 1292 ἐπὶ
1883 1239 1984 1307 τήν

2090 1245 2244 1296 serto
2276 1240 2612 1296 redimitum
2662 1241 2946 1304 coronari,
2979 1243 3036 1294 et
3085 1240 3157 1294 ad
3208 1255 3446 1294 auream
3498 1255 3741 1294 manum

2089 1344 2385 1401 egressum
2418 1347 2452 1386 a
2486 1329 2749 1401 patriciis
2780 1327 2838 1382 in
2880 1329 3169 1399 onopodio
3201 1327 3408 1398 excipi,
3441 1327 3563 1398 qui,
3596 1328 3738 1382 dum

2089 1418 2422 1476 subsistunt
2449 1418 2704 1484 Domini,
2729 1417 2788 1472 in
2821 1425 3032 1474 terram
3058 1417 3390 1488 procidunt.
3424 1417 3742 1488 Postquam
3819 1423 3822 1426 ’

2087 1524 2220 1564 vero
2271 1523 2593 1574 surrexere,
2645 1507 2996 1579 praepositus
3054 1505 3289 1578 signum
3339 1505 3741 1562 cerimoniario

2086 1598 2202 1664 dat,
2237 1597 2338 1669 qui
2370 1597 2512 1653 dicit
2544 1613 2557 1652 :
2595 1616 2620 1648 ε
2654 1596 2880 1661 .luhete,
2916 1617 2942 1643 »ι
2975 1593 3181 1665 reliqui
3226 1595 3481 1650 faustum
3516 1610 3581 1649 ac
3611 1592 3744 1648 diu-

2086 1691 2329 1743 turnum
2373 1685 2682 1757 imperium
2732 1687 3138 1756 apprecantur,
3171 1691 3222 1740 et
3255 1685 3315 1740 in
3347 1683 3634 1754 obsequio
3667 1683 3739 1738 ad

2085 1781 2373 1834 secretum
2397 1774 2711 1832 consulum
2735 1774 2973 1842 abeunt,
2997 1778 3056 1829 et
3075 1772 3335 1830 dominis
3357 1773 3437 1828 ibi
3460 1772 3741 1828 constitu-

2085 1865 2175 1934 tis,
2209 1872 2507 1920 senatores
2557 1879 2760 1920 omnes
2817 1879 2950 1919 cum
3001 1861 3266 1933 patriciis
3317 1861 3735 1934 procumbunt,

2084 1953 2179 2026 qui
2195 1959 2500 2026 postquam
2515 1951 3196 2024 surrexere,praapositus
3220 1951 3451 2022 signum
3476 1950 3737 2006 silentia-

2085 2044 2168 2099 rio
2192 2044 2309 2110 dat,
2340 2041 2442 2111 qui
2473 2041 2616 2098 dicit
2640 2058 2654 2098 :
2677 2063 2704 2091 ‹‹
2738 2041 2964 2107 Jubete,
2999 2062 3028 2090 ››
3060 2046 3116 2096 et
3147 2040 3232 2097 sic
3264 2042 3321 2096 in
3355 2040 3632 2111 obsequio
3657 2039 3728 2094 ad

2082 2128 2411 2185 thalamum
2444 2134 2714 2202 pergunt.
2749 2129 3050 2185 Factiones
3084 2130 3143 2185 in
3176 2129 3427 2184 triclinio
3458 2129 3736 2184 candida-

2081 2221 2276 2273 torum
2319 2219 2390 2273 ab
2423 2223 2672 2290 utroque
2706 2218 2882 2273 latere
2927 2233 3102 2288 prope
3133 2218 3352 2290 gradus
3400 2217 3732 2288 Magnauras

2081 2307 2433 2378 consistunt,
2464 2308 2770 2364 ambarum
2801 2322 2936 2362 vero
2968 2305 3281 2363 factionum
3317 2311 3605 2373 cantores,
3638 2305 3733 2360 in-

2079 2396 2265 2454 vicem
2290 2397 2505 2468 juncti,
2528 2396 2828 2452 cautiones
2860 2393 3041 2450 simul
3061 2395 3327 2460 recitent,
3351 2394 3488 2449 dum
3513 2408 3732 2466 organa

2080 2486 2139 2542 in
2163 2485 2700 2558 partePrasinorum
2725 2485 3051 2556 pulsantur.
3067 2482 3450 2540 Coronatione
3472 2490 3725 2554 peracta,

2079 2574 2355 2631 factiones
2385 2574 2456 2631 ad
2489 2573 2836 2640 thalamum,
2871 2571 2969 2628 ubi
2999 2572 3231 2628 coronis
3262 2569 3446 2626 ornati
3471 2570 3720 2642 impera-

2078 2668 2234 2721 tores
2264 2669 2439 2733 stant,
2475 2665 2693 2718 absunt
2721 2665 2778 2716 et
2807 2661 3096 2718 solemnes
3128 2660 3577 2717 acclamationes
3600 2677 3728 2730 per-

2075 2761 2274 2824 agunt.
2310 2753 2397 2808 Illi
2424 2769 2556 2809 vero
2587 2750 2867 2816 coronati,
2900 2750 2968 2804 ad
3003 2747 3283 2806 concham
3318 2747 3584 2816 thalami,
3625 2747 3724 2804 ubi

2075 2843 2352 2916 grabatus
2382 2841 2790 2913 imperatorius
2838 2839 3124 2911 repositus
3153 2842 3260 2904 est,
3294 2837 3623 2906 discedunt,
3656 2854 3722 2894 ac

2076 2932 2360 3004 depositis
2389 2931 2469 2986 ibi
2501 2929 2859 3000 coronis,per
2881 2927 3165 3000 porticus,
3189 2927 3353 2998 quasi
3369 2927 3439 2980 ad
3468 2942 3724 2991 amores,

2077 3022 2151 3078 ad
2183 3021 2315 3078 XlX
2364 3020 2664 3076 accubitus
2713 3021 2948 3084 abeunt,
2979 3035 3046 3073 ac
3091 3016 3172 3072 ibi
3223 3032 3440 3072 mensae
3483 3031 3718 3072 accum-

2077 3111 2244 3177 bunt,
2270 3114 2326 3165 et
2357 3113 2668 3181 postquam
2701 3121 3020 3171 surrexere,
3045 3104 3288 3169 amicos,
3321 3120 3469 3174 quos
3501 3104 3712 3160 invita-

2080 3199 2130 3255 ri
2159 3198 2306 3266 vult,
2338 3198 2658 3268 imperator
2697 3193 2976 3261 nominat,
3009 3193 3129 3264 qui,
3182 3196 3242 3248 ut
3287 3207 3410 3248 mos
3450 3197 3555 3259 est,
3587 3190 3722 3246 tha—

1999 3275 2043 3342 C
2082 3288 2306 3344 lamum
2340 3286 2581 3341 intrant.

311 3376 509 3455 ἔρωτα,
543 3382 620 3446 εἰς
645 3384 713 3438 τὰ
744 3385 806 3438 ιϐ’
844 3378 1126 3455 ἆκούόιτα,
1157 3383 1246 3439 καὶ
1277 3379 1697 3457 ἀκουμϐίζουσι,
1728 3384 1816 3438 καὶ
1851 3385 1938 3439 δτε
1969 3381 2296 3446 ἃναστῶσιν,
2329 3373 2519 3449 ὁρίζει,
2543 3373 2637 3435 οὓς
2657 3370 2867 3428 κελεύει
2889 3370 3084 3450 φίλους
3109 3372 3244 3445 (17),
3269 3371 3359 3426 καὶ
3381 3370 3725 3446 εἰσέρχονται

313 3468 390 3534 εἰς
416 3471 510 3526 τὸν
541 3473 767 3540 παστὸν,
799 3473 875 3534 ὡς
906 3471 1020 3548 ἔχει
1053 3476 1087 3543 ἡ
1118 3475 1392 3543 συνήθεια.

387 3563 446 3630 ζ’.
498 3563 613 3636 Χρή
667 3559 725 3616 δὲ
763 3564 1072 3639 γινώσκειν,
1113 3562 1196 3618 ὅτι
1229 3561 1292 3617 ού
1322 3564 1637 3632 καθέζονται
1669 3565 1722 3618 οἰ
1764 3560 1962 3618 δεσπό·

313 3667 398 3702 ται
441 3649 575 3721 μετὰ
632 3647 893 3724 χλανίδια
931 3651 1008 3712 εἰς
1058 3651 1151 3705 τὸν
1199 3651 1401 3706 παστὸν
1457 3650 1590 3723 μετὰ
1618 3653 1725 3705 τῶν
1759 3649 1960 3728 φίλων,

313 3734 436 3793 ἀλλ’
488 3739 537 3774 ⁸ο
593 3739 622 3794 6
674 3738 843 3814 μὲγας
891 3737 1146 3815 βασιλεὺς
1201 3743 1382 3818 φορῶν
1417 3739 1603 3814 σαγίον
1633 3745 1897 3814 χρυσοῦν,
1932 3740 1960 3794 6

314 3819 370 3878 δί
402 3825 595 3898 μικρὸς
651 3825 904 3900 βασιλεὺς
963 3831 1144 3903 φορῶν
1202 3827 1530 3898 τζιτζάκιον,
1564 3827 1616 3881 οἱ
1675 3825 1730 3882 δὲ
1784 3826 1960 3902 φίλοι,

317 3913 498 3975 καθὼς
564 3910 1013 3987 ἇκουμϐίζουσιν.
1073 3916 1191 3990 Χρὴ
1250 3912 1306 3970 δὲ
1345 3916 1666 3990 ⁸γινώσκειν,
1717 3915 1822 3988 ὅτι,
1871 3914 1959 3970 ἐὰν

309 3999 497 4078 ὶξέλθῃ
554 4005 590 4074 ἡ
644 4003 931 4082 Αύγούστα
988 4001 1293 4079 ἐστεμμένη
1340 4003 1392 4059 ἐν
1437 4005 1518 4077 τῷ
1567 4003 1858 4079 τρικλίνῳ,
1908 4006 1960 4060 o't

310 4093 602 4170 καθάριοι
645 4094 781 4168 μετᾶ
829 4091 1115 4169 διπράλια
1172 4094 1540 4168 ὀψικεύουσιι,
1587 4099 1650 4150 τὸ
1704 4092 1759 4149 δὲ
1812 4096 1958 4169 ἅρμα

307 4180 404 4238 οὖν
433 4181 745 4239 ἀκολουθεῖ·
780 4183 825 4239 εἰ
857 4181 914 4239 δι
965 4183 1053 4239 ἰπὶ
1103 4187 1210 4240 τῶν
1276 4185 1338 4237 ιθ“
1396 4185 1437 4220 ⁸⁸
1499 4179 1822 4252 ἂκουόίτων,
1857 4183 1960 4239 οὐκ

308 4271 654 4347 ὀψικεύουσιν
684 4274 738 4328 οἰ
777 4273 1067 4346 σπαθάριοι
1113 4273 1176 4328 τὸ
1225 4269 1480 4329 σύνολον.
1523 4273 1591 4329 Δί
1624 4270 1682 4328 δὲ
1712 4273 1956 4347 συγκλη-

304 4361 473 4433 τικαί,
503 4360 597 4436 ἀφ’
623 4359 686 4417 οῦ
717 4360 934 4437 εἰσέλθῃ
982 4364 1017 4432 ἡ
1063 4360 1353 4437 Δύγούστα
1397 4362 1504 4416 ἀπὸ
1531 4365 1629 4416 τοῦ
1657 4357 1954 4436 τριϐουνα-

303 4447 429 4506 λίου
478 4449 556 4514 εἰς
594 4450 686 4506 τὸν
731 4449 1046 4525 αύγουστὲα,
1098 4447 1435 4526 εἰσέρχονται
1467 4450 1557 4506 καί
1607 4449 1661 4504 αἰ
1701 4455 1953 4525 γυναῖκες

303 4535 394 4594 διὰ
414 4543 512 4595 τοῦ
531 4537 813 4615 τρικλίνου
834 4544 941 4596 τῶν
965 4540 1029 4604 ιθ¹
1051 4534 1356 4596 άκουϐίτων
1379 4536 1469 4594 διὰ
1487 4546 1587 4610 τῆς
1621 4537 1834 4595 εἰσόδου
1855 4544 1953 4596 τοῦ

305 4626 600 4702 βασιλικοῦ
658 4623 973 4698 ἇκουϐίτου,
1022 4630 1114 4684 καί
1160 4628 1495 4705 ἆπίρχονται
1543 4629 1619 4691 εἰς
1667 4629 1758 4683 τὸν
1815 4629 1952 4704 πόρ-

302 4738 444 4789 τηκα
496 4722 594 4774 τοῦ
667 4717 1032 4795 αύγουσθὲως,
1104 4715 1233 4774 ἔνθα
1288 4717 1551 4794 γρέμσται
1609 4720 1644 4787 ἡ
1703 4720 1951 4794 κορτίνα.

2147 3557 2230 3615 νι.
2266 3556 2438 3614 Porro
2470 3554 2972 3612 animadversione
3003 3553 3246 3626 dignum
3278 3555 3386 3618 est,
3420 3552 3577 3624 quod
3610 3551 3716 3608 do-

2077 3646 2223 3703 mini
2259 3662 2372 3702 non
2422 3646 2485 3700 in
2517 3643 2929 3714 chlamydibus
2960 3659 3094 3698 cum
3129 3642 3336 3697 amicis
3367 3640 3426 3696 in
3459 3639 3720 3697 thalamo

2071 3735 2432 3799 consideant,
2457 3733 2559 3789 sed
2595 3749 2840 3804 magnus
2869 3734 3182 3803 imperator
3212 3746 3455 3786 aureum
3488 3745 3720 3801 sagum,

2071 3829 2264 3885 minor
2293 3828 2644 3897 tzitzacium,
2687 3826 2860 3882 amici
2899 3831 3110 3892 vestes,
3142 3827 3201 3881 in
3234 3825 3452 3896 quibus
3483 3839 3722 3879 accum-

2070 3919 2237 3982 bunt,
2265 3922 2515 3989 gestent.
2549 3917 2859 3972 Sciendum
2890 3931 3121 3987 quoque
3149 3918 3258 3981 est,
3292 3916 3618 3985 Augustam
3659 3913 3720 3968 in

2070 4009 2390 4066 triclinium
2423 4024 2555 4063 cum
2604 4023 2818 4064 corona
2865 4021 3183 4078 egressam,
3215 4004 3548 4075 spatharios
3579 4005 3720 4060 dex-

2067 4100 2237 4156 tralia
2269 4098 2544 4154 manibus
2595 4100 2842 4153 ferentes
2898 4095 3182 4165 comitari,
3214 4111 3379 4149 arma
3427 4110 3561 4150 vero
3603 4111 3717 4150 non

2067 4187 2235 4260 sequi
2267 4186 2452 4244 solere
2485 4203 2497 4242 :
2532 4187 2581 4242 si
2605 4201 2740 4240 vero
2772 4188 2843 4240 ad
2875 4186 3016 4240 XIX
3047 4182 3348 4238 accubitus
3369 4183 3561 4249 abeat,
3583 4199 3712 4254 spa-

2067 4277 2287 4332 tharios
2316 4291 2443 4332 eam
2489 4274 2661 4348 plane
2701 4290 2817 4330 non
2847 4271 3137 4330 comitari.
3171 4273 3305 4337 Quae
3339 4277 3653 4344 postquam
3681 4288 3716 4326 a

2064 4367 2343 4424 tribunali
2392 4368 2450 4424 in
2501 4371 2850 4438 augusteum
2915 4365 3175 4436 ingressa
3223 4369 3331 4432 est,
3371 4370 3713 4421 senatorum

2064 4473 2272 4514 uxores
2305 4473 2406 4528 per
2453 4456 2774 4513 triclinium
2820 4454 2944 4510 XIX
2993 4455 3148 4511 126
3198 4454 3578 4510 accubituum
3613 4470 3716 4526 per

2062 4546 2375 4603 introitum
2401 4544 2766 4617 imperatorii
2785 4543 3090 4600 accubitus
3113 4543 3357 4609 intrant,
3375 4548 3433 4599 et
3451 4543 3522 4598 ad
3549 4542 3716 4612 porti-

2065 4650 2202 4691 cum
2219 4633 2857 4706 augustei,uhicortina
2869 4648 3155 4703 suspensa
3175 4639 3284 4699 est,
3310 4633 3546 4688 abeunt.
3570 4635 3714 4686 Cum

2065 4724 2360 4780 coronatio
2393 4723 2451 4778 in
2484 4738 2662 4779 aurea
2710 4737 2884 4778 manu
2918 4726 3044 4777 acta
3075 4725 3183 4791 est,
3228 4721 3481 4793 patricia.-
3513 4736 3577 4775 ac
3608 4736 3717 4775 cm-

300 4807 406 4866 Καί
437 4805 526 4863 ὅτε
557 4805 749 4882 διίλθῃ
781 4808 844 4864 τὸ
877 4807 1205 4884 στεφάνωμα
1251 4806 1326 4869 εἰς
1373 4807 1472 4876 τήν
1507 4813 1716 4882 χρυσῆν
1769 4812 1951 4884 χεῖρα,
1984 4795 1990 4861 l

2080 4827 2193 4867 erat
2224 4815 2352 4882 post
2381 4810 2571 4883 ipsam
2617 4826 2806 4882 usque
2855 4811 2926 4866 ad
2974 4814 3233 4880 pontem.
3279 4811 3351 4866 ad
3384 4809 3714 4866 convivium

1645 4943 1888 5001 VARIE
1927 4945 2340 5006 LECTIONES.

371 5052 420 5089 τι
447 5054 556 5105 τῶν
588 5066 707 5108 om.
740 5051 834 5107 ed.
910 5048 956 5085 ⁷⁸
982 5049 1044 5104 τὸ
1071 5046 1254 5124 τρίκλ.
1285 5051 1376 5108 ed.
1453 5051 1498 5087 '°
1535 5047 1661 5105 ἀλλ’
1693 5051 1856 5108 deest
1882 5053 1944 5110 in
1973 5054 2096 5111 cod.
2133 5054 2297 5112 Forte
2326 5053 2495 5128 plura
2525 5053 2756 5112 desunt.
2833 5054 2875 5090 ⁸¹
2906 5055 3016 5109 τῶν
3046 5053 3089 5106 θ’
3119 5055 3212 5111 ed.

1350 5177 1556 5236 JOAN.
1587 5177 1729 5235 JAC.
1765 5177 2029 5238 REISKII
2058 5180 2652 5241 COMMENTARIUS.

369 5309 484 5382 (15)
518 5309 684 5378 Bene,
712 5307 879 5382 ωηο.
911 5304 1244 5363 Proximum
1295 5320 1544 5378 sequens
1588 5302 1771 5366 καλῶς
1825 5307 1954 5379 ejus

303 5387 396 5438 est
423 5381 842 5452 interpretatio.

376 5453 490 5525 (l6)
539 5447 910 5524 υὶεροηςαιίο,
972 5447 1132 5525 ritus
1167 5452 1224 5504 et
1270 5455 1433 5505 actus
1476 5447 1948 5525 desponsationis

307 5519 679 5597 nubentiuzn,
713 5540 840 5597 quae
873 5519 1310 5579 coronatlonem
1343 5519 1668 5592 nuptialem
1704 5520 1950 5577 debebat

306 5595 648 5666 procedere.

409 5667 489 5738 ΓΙ)
519 5666 908 5741 imperatores
938 5664 999 5720 in
1029 5663 1248 5741 nuptiis
1286 5661 1408 5720 suis
1449 5663 1746 5741 senatores
1780 5661 1951 5717 adbi-

308 5733 522 5796 bebant
541 5733 819 5796 conviviis
844 5752 977 5794 cum
1001 5733 1278 5812 uxoribus
1303 5750 1502 5793 eorum
1524 5739 1582 5792 et
1611 5733 1683 5790 iis
1714 5750 1956 5792 munera

2063 5307 2510 5380 distribuebant.
2547 5308 2749 5365 Dionis
2780 5308 2972 5365 Cassii
2994 5308 3234 5380 quidem
3267 5311 3528 5380 tempore
3559 5311 3713 5366 acci-

2055 5379 2302 5453 piebant
2327 5379 2539 5453 milites
2559 5381 2666 5438 250
2691 5379 3378 5453 drachmasinepulum,
3400 5379 3712 5453 populares

2059 5451 2203 5522 159;
2235 5452 2459 5524 Xiphil.
2513 5469 2570 5524 p.
2625 5453 2784 5522 1358,
2833 5453 2920 5509 τ5.
2969 5451 3223 5508 Desiitne
3272 5452 3365 5507 hic
3405 5451 3542 5508 'ch
3599 5453 3712 5508 sub

2059 5523 2566 5605 impp..__CPtan_is_?
2599 5525 2893 5605 Equidem.
2927 5524 3090 5605 nulla
3120 5524 3247 5605 ejus
3273 5525 3522 5605 vestigia.
3545 5539 3706 5595 repe-

2060 5594 2502 5678 rio';’illaleerte
2531 5594 2813 5678 tempore,
2848 5594 2898 5651 si
2931 5595 3071 5678 forte
3104 5595 3416 5662 niajumam
3450 5594 3702 5678 aliquam

2061 5666 2300 5733 ferrent,
2334 5671 2558 5722 tantam
2591 5672 2787 5722 tamen
2821 5667 3243 5738 profusionem,
3275 5673 3338 5722 ut
3369 5666 3556 5721 acciso
3589 5670 3702 5721 im-

2063 5737 2244 5795 nerio.
2277 5753 2390 5795 non
2421 5737 2700 5795 ferebant.
3597 5745 3605 5751 '

2062 5753 2244 5811 ρει-ιο,
2277 5753 2390 5795 non
2421 5753 2700 5796 ferebant.
