4158 6212
359 361 475 422 471

1375 360 1908 425 CONSTAN'I'INI
1954 363 2653 426 PORPHYROGENITI

3652 365 3771 426 472

357 492 480 549 haec
532 496 674 550 dies.
698 516 724 544 »
745 498 1021 550 Cantores
1045 509 1057 547 :
1084 515 1113 543 «
1148 496 1214 547 Et
1248 494 1387 564 quid
1440 494 1578 565 ipsis
1596 497 1939 569 conlingat?
1964 519 1990 546 η

2126 493 2266 548 (Καὶ
2299 493 2581 569 ἐνίσχυσον
2634 493 2845 565 αὐτοὺς,
2896 496 3008 562 καὶ,
3051 495 3237 565 Κύριε,
3290 493 3353 549 σὺ
3401 494 3598 558 αὐτοὺς
3658 502 3768 552 σῶ-

354 585 605 654 pOpulus
628 603 643 643 ;
668 606 696 631 ι(
730 588 809 637 Tu
846 583 1003 649 ipsos
1023 583 1353 644 corrobora.
1387 584 1500 639 imo
1528 585 1786 654 Domine,
1814 594 1873 640 tu
1907 603 2004 643 eos

356 688 541 739 serva,
585 674 721 739 imo,
776 673 1035 739 Domine,
1078 671 1327 743 insignis
1376 675 1630 729 victoriis
1670 680 1759 730 est
1778 677 1943 731 idies.
1974 698 2004 727 »

431 761 500 816 ΙΙ.
550 760 650 816 His
700 761 902 829 finitis,
954 766 1222 818 cantores
1273 762 1388 818 alia
1437 764 1647 820 deinde
1692 766 2003 821 actareci-

357 853 488 905 tant
525 865 537 903 :
573 871 602 899 «
635 850 917 906 Pulchras
967 866 1033 907 ac
1084 852 1278 907 felices
1325 853 1449 909 dies
1496 855 1777 923 dominis,
1806 872 2004 911 veram

357 936 700 1008 religionem
758 941 1152 1010 servantibus,
1186 942 1341 997 Deus
1384 943 1636 999 tribuat!
1673 965 1700 994 »
1752 944 2005 1015 populus

358 1028 561 1083 eadem
593 1033 700 1083 ter.
729 1028 1012 1085 Cantores
1046 1047 1059 1085 :
1096 1051 1125 1080 «
1162 1030 1451 1087 Felicibus
1481 1033 1688 1089 diebus
1720 1038 1874 1089 Deus
1917 1049 2005 1088 re-

358 1133 537 1187 gnum
582 1118 824 1189 impleat
859 1120 871 1174 ι
903 1141 932 1170 ››
972 1119 1221 1192 populus
1270 1122 1471 1177 eodem
1518 1124 1685 1179 modo
1716 1127 1822 1180 ter.
1858 1124 2005 1179 Can-

358 1210 517 1262 tores
551 1223 564 1261 :
600 1230 627 1258 «
651 1207 806 1264 Deus
839 1207 1033 1265 felices
1064 1210 1187 1265 dies
1219 1210 1471 1266 dominis
1505 1213 1812 1268 concedat!
1849 1234 1878 1261 ››
1911 1230 2007 1285 po-

359 1296 534 1368 pultis
580 1297 850 1353 similiter
896 1298 1087 1354 tribus
1136 1300 1383 1355 vicibus.
1435 1301 1754 1356 Cantores:
1792 1323 1820 1351 ‹‹
1855 1303 2004 1358 Deus

362 1384 557 1441 felices
580 1386 705 1442 dies
728 1390 1000 1459 Augustae
1024 1392 1080 1443 et
1102 1390 1612 1462 porphyrogenitis
1634 1391 1949 1460 concedat;
1976 1412 2001 1442 ι»

359 1475 614 1545 populus
664 1477 865 1532 eadem
917 1482 1022 1533 ter.
1072 1478 1394 1535 Cantores:
1431 1501 1459 1529 ‹‹
1494 1479 1778 1536 Perfectas
1827 1481 2003 1536 victo-

365 1563 479 1619 rias
506 1565 658 1619 Deus
688 1565 756 1621 N.
787 1574 839 1621 et
869 1567 937 1621 N.
968 1566 1225 1636 tribuat;
1266 1590 1288 1619 υ
1324 1567 1407 1624 sic
1441 1570 1695 1641 populus
1728 1575 1832 1625 ter.
1865 1571 2007 1626 Can-

356 1659 513 1709 tores
544 1671 557 1709 :
602 1675 623 1704 ι
658 1655 811 1711 Deus
845 1656 1042 1712 felices
1075 1658 1198 1712 dies
1229 1674 1295 1712 ac
1343 1657 1565 1714 natales
1613 1662 2006 1732 porphyroge-

357 1744 500 1811 nito,
526 1760 693 1814 quem
718 1747 1082 1816 suscepistis,
1108 1748 1388 1803 concedat
1414 1747 1427 1801 Ι
1463 1772 1484 1801 ι
1517 1749 1767 1820 populus
1799 1752 2002 1806 eodem

356 1833 530 1888 modo
581 1839 687 1889 ter.
736 1834 1013 1890 Cantores
1046 1852 1058 1891 :
1096 1858 1124 1885 ‹‹
1157 1837 1410 1907 Spiritus
1442 1839 1838 1905 sanctissime,
1884 1840 2001 1894 Au-

357 2032 384 2060 «
420 2014 599 2065 Mater
648 2011 750 2067 Dei
800 2014 1005 2082 nostri,
1038 2030 1205 2069 serva
1237 2017 1795 2089 porphyrogenitos;
1837 2039 1866 2069 »
1904 2036 2002 2087 po-

2112 1206 2284 1268 καλὰς
2320 1208 2533 1285 ἡμέρας
2566 1209 2904 1282 καταπέμψει
2933 1213 3051 1265 τοῖς
3076 1205 3362 1270 δεσπόταις
3402 1210 3469 1267 θο.
3507 1233 3535 1260 ››

2115 604 2229 653 σον,
2260 584 2367 655 ναὶ,
2392 584 2576 658 Κύριε,
2609 585 2782 647 νίκαις
2812 584 2957 654 καλὴ
2991 584 3191 659 ἡμέρα.
3228 608 3256 635 ››

2185 761 2260 817 B‘.
2293 762 2359 819 Ο⁴ι
2381 762 2605 836 κράκται
2638 760 2695 817 δὲ
2736 761 2992 837 λέγουσιν
3032 761 3137 817 ἀπὸ
3166 761 3375 817 τούτων
3407 757 3561 837 ἔτερα
3610 765 3766 823 ἂκτα.

2113 874 2141 901 ‹‹
2195 849 2379 915 Καλάς
2430 854 2640 925 ἡμέρας
2694 851 2785 907 καὶ
2824 852 3029 929 ἀγαθάς
3082 852 3109 907 6
3153 852 3286 913 Θεὸς
3329 853 3591 928 παράσχῃ
3645 860 3767 918 τοῖς

2113 937 2425 1013 ὀρθοδόξοις
2453 939 2759 1006 δεσπόταις·
2798 965 2825 994 ››
2861 942 2888 995 6
2930 940 3061 1003 λαὸς
3093 942 3303 1012 ὁμοίως
3326 941 3387 996 ἐκ
3416 944 3483 1018 γ“.
3517 944 3585 999 Οἱ
3634 945 3772 1017 κρά-

2110 1047 2254 1086 κται.
2295 1054 2315 1079 ι
2344 1030 2404 1087 Ὀ
2433 1032 2561 1090 Θεὸς
2605 1027 2800 1091 καλαῖς
2840 1030 3073 1104 ἡμέραις
3121 1029 3409 1085 πλεονάσει
3443 1031 3544 1099 τὴν
3606 1032 3767 1106 βασι-

2114 1116 2282 1173 λείαν·
2313 1142 2341 1169 ››
2374 1120 2402 1173 6
2444 1118 2575 1181 λαὸς
2627 1119 2836 1191 ὁμοίως
2886 1120 2944 1173 ἐκ
2980 1120 3048 1193 γ’.
3099 1120 3165 1176 Οἱ
3206 1120 3455 1193 κράκται’
3494 1121 3605 1178 «Ὁ
3634 1122 3765 1177 Θεὸς

3576 1211 3604 1264 6
3636 1207 3770 1273 λαὸς

2116 1296 2327 1370 ὁμοίως
2367 1296 2426 1352 ἐκ
2456 1299 2522 1374 γ’.
2579 1298 2646 1355 Οἱ
2714 1304 2962 1371 κράκται’
2997 1321 3025 1349 ‹‹
3084 1298 3146 1353 Ὃ
3210 1298 3337 1359 Θεὸς
3408 1298 3578 1360 καλὰς
3626 1300 3768 1371 ἡμὲ-

2116 1406 2209 1462 ρας
2274 1388 2614 1461 καταπέμψει
2684 1393 2805 1447 ταῖς
2866 1386 3209 1460 Αὐγούσταις
3286 1388 3378 1441 σὺν
3442 1393 3559 1449 τοῖς
3628 1409 3764 1464 πορ-

2117 1478 2555 1553 φυρογεννήτοις·
2601 1500 2628 1528 ››
2683 1477 2711 1530 6
2761 1473 2892 1537 λαὸς
2945 1475 3154 1549 ὁμοίως
3189 1473 3248 1530 ἐκ
3291 1477 3358 1550 γ’.
3414 1476 3479 1534 Οἱ
3518 1478 3768 1551 κράκται⁶

2126 1588 2151 1615 ‹‹
2202 1564 2427 1624 Τελείας
2476 1565 2627 1627 νίκας
2673 1566 2701 1619 6
2750 1565 2880 1627 Θεὸς
2931 1568 3241 1641 χορηγήσει
3315 1566 3343 1619 6
3395 1562 3545 1620 δεῖνα
3594 1566 3685 1621 καὶ
3735 1567 3763 1621 6

2121 1652 2285 1709 δεῖνα
2336 1679 2363 1705 ››
2422 1656 2450 1709 6
2510 1654 2640 1718 λαὸς
2697 1656 2906 1729 ὁμοίως
2966 1656 3026 1710 ἐκ
3070 1656 3136 1731 γ’,
3183 1655 3246 1708 Οἱ
3301 1656 3548 1729 κράκται·
3606 1680 3635 1707 ‹‹
3698 1657 3761 1714 Ὀ

2129 1745 2256 1806 Θεὸς
2293 1743 2465 1807 καλάς
2506 1746 2715 1820 ἡμέρας
2759 1745 2849 1799 καὶ
2896 1743 3039 1799 καλὰ
3088 1742 3337 1818 γενέθλια
3374 1744 3632 1820 παράσχῃ
3676 1748 3758 1817 τῷ

2109 1834 2363 1908 τεχθέντι
2396 1834 2521 1906 ὑμῖν
2555 1834 2582 1887 6
2635 1831 2786 1887 δεῖνα
2813 1838 2893 1905 τῷ
2949 1834 3463 1911 πορφυρογεννητῳ.
3500 1857 3525 1884 ››
3567 1835 3594 1888 6
3626 1831 3760 1896 λαὸς

357 1925 559 1993 gustas
609 1926 810 1989 tuere;
844 1945 871 1972 «
908 1924 1156 1995 populus
1206 1927 1404 1981 eodem
1452 1929 1640 1983 modo.
1677 1929 1954 1984 Cantores
1988 1946 2002 1985 :

2126 1922 2333 1993 ὁμοίως
2391 1921 2450 1977 ὲκ
2492 1924 2558 1999 γ’.
2612 1922 2673 1977 Οἱ
2739 1923 2986 1996 κράκται⁶
3022 1946 3049 1973 ‹‹

3114 1926 3332 1994 Πνεῦμα
3381 1924 3441 1977 τὸ
3474 1924 3760 2000 πανάγιον,

2114 2011 2208 2072 τὰς
2240 2010 2552 2087 Αὐγούστας
2586 2013 2868 2066 σκὲπασονο
2902 2034 2927 2065 ι
2973 2013 3001 2066 6
3043 2008 3175 2072 λαὸς
3227 2010 3438 2084 ὁμοίως
3478 2012 3537 2066 ἐκ
3584 2013 3652 2087 γ’.
3693 2014 3759 2071 Ol.

357 2099 535 2170 putus
578 2098 866 2157 similiter.
918 2102 1197 2158 Cantores
1232 2121 1245 2159 :
1280 2127 1307 2153 «
1345 2110 1496 2160 Ueus
1541 2109 1762 2171 sancte,
1813 2107 2004 2162 domi-

2126 2100 2359 2174 ιράκται·
2396 2124 2424 2152 ‹‹
2464 2102 2666 2175 Μήτηρ
2698 2104 2793 2155 τοῦ
2819 2104 2952 2155 Θεοῦ
2991 2102 3174 2173 ἡμῶν,
3226 2098 3466 2178 Ῠῦλαττε
3511 2101 3578 2155 τὰ
3625 2120 3758 2176 πορο

359 2202 464 2241 nos
494 2202 698 2255 serva;
730 2209 759 2236 »
782 2187 1028 2260 p0pulus
1050 2190 1253 2246 eodem
1287 2194 1479 2247 modo.
1505 2193 1821 2250 Cantores:
1847 2195 1999 2251 I28

2126 2188 2506 2266 ρυρογέννητα.
2563 2212 2592 2241 ››
2650 2190 2677 2243 ὁ
2720 2186 2854 2251 λαὸς
2909 2188 3116 2261 ὁμοίως
3173 2187 3233 2242 ἐκ
3271 2190 3334 2263 γ’.
3388 2189 3456 2246 Οἱ
3512 2190 3759 2265 κράκται·

358 2298 387 2327 ‹‹
421 2274 685 2345 Domine,
716 2278 894 2332 vitam
928 2294 1130 2334 eorum
1175 2296 1243 2336 ex
1272 2287 1470 2337 nostra
1497 2282 1651 2351 vita;
1688 2304 1715 2333 »
1750 2290 2001 2356 populus

2126 2302 2141 2329 ‹
2172 2278 2233 2334 Ὀ
2254 2278 2384 2339 Θεὸς
2409 2279 2436 2332 6
2463 2277 2616 2352 ἅγιος
2635 2278 2706 2347 9³,
2737 2278 2889 2346 τοὺς,
2924 2274 3188 2340 δεσπότας
3215 2276 3469 2355 φύλαττε·
3511 2301 3537 2329 ι)
3570 2279 3599 2333 6
3632 2276 3763 2344 λαὸς

360 2364 563 2419 eodem
592 2368 779 2421 modo.
810 2366 1108 2423 Postremo
1164 2385 1405 2425 omnes:
1433 2392 1461 2420 α
1492 2369 1639 2427 Deus
1686 2372 1998 2443 imperium

2126 2367 2320 2438 ipotmc
2340 2366 2398 2420 ἐκ
2425 2368 2490 2439 γ’.
2540 2368 2607 2424 Οἱ
2655 2369 2904 2440 κράκται·
2941 2390 2968 2418 ‹‹
3016 2366 3204 2441 Κύριε,
3258 2368 3402 2436 ζωὴν
3450 2366 3625 2423 αὐτῶν
3668 2365 3759 2423 διὰ

352 2459 615 2510 vestrum
638 2456 983 2512 diuturnum
1015 2474 1143 2514 esse
1164 2460 1403 2529 jubeatt
1438 2481 1467 2509 »

2126 2458 2253 2525 ζωὴν
2283 2458 2460 2526 ἡμῶν.
2492 2479 2520 2506 ››
2553 2457 2581 2510 6
2614 2454 2745 2517 λαὸς
2778 2456 2987 2529 ὁμοίως
3017 2456 3073 2511 ἐγ
3102 2457 3169 2533 γ’.
3221 2456 3325 2514 Καὶ
3365 2455 3584 2533 λέγουσι
3622 2457 3750 2513 πάν-

2108 2562 2216 2607 τες’
2242 2544 2681 2621 »Ἠολυχρόνιον
2706 2548 2925 2616 ποιήσει
2960 2547 2987 2600 6
3020 2545 3171 2610 Θεός.
3196 2570 3225 2598 ››

2712 2637 2969 2692 ΚΕΦΑΛ.
3021 2636 3151 2692 MI".

2174 2726 2312 2782 Ὅσα
2342 2720 2424 2778 δεῖ
2459 2722 2901 2801 παραφυλάττειν
2928 2722 3015 2778 ἐπὶ
3047 2743 3363 2799 χειροτονιᾳ
3397 2724 3688 2801 Καίσαρος.

2176 2812 2259 2867 Α“.
2321 2810 2547 2882 Αἵτησις
2610 2810 2816 2889 γίνεται
2863 2818 2964 2881 τῆς
3017 2810 3333 2888 συγκλήτου
3391 2811 3483 2867 καὶ
3542 2813 3760 2868 πάντων

2104 2906 2212 2956 τῶν
2244 2902 2681 2975 στρατευμάτων,
2733 2901 2824 2955 καὶ
2880 2901 2969 2954 ὅτε
3015 2899 3328 2956 κελεύουσιν
3372 2901 3424 2956 οἱ
3484 2898 3765 2973 δεσπόται,

2102 2993 2203 3059 τῆς
2274 2990 2625 3065 ὑποσχέσεως
2690 2991 2991 3066 γενομένης
3046 2994 3116 3063 τῇ
3174 2990 3305 3067 ἁγίᾳ
3349 2994 3595 3065 Κυριακῇ
3670 2994 3769 3060 τῆς

2103 3080 2258 3154 ἁγίας
2308 3076 2669 3149 ἀναστάσεως,
2741 3079 2949 3154 γίνεται
3005 3080 3202 3142 οὓτως.
3251 3082 3335 3155 Ἰῇ
3385 3081 3521 3154 αὐτῇ
3588 3082 3769 3156 ἡμέρα

354 3171 509 3227 dicto
540 3171 634 3226 die
663 3172 863 3227 statim
890 3188 1093 3229 omnes
1125 3190 1391 3246 proceres
1425 3181 1482 3230 et
1500 3175 1678 3248 copiae
1712 3176 1994 3233 militares

2126 3169 2478 3243 τροέρχονται
2546 3169 2736 3243 τάχιον
2794 3170 2987 3231 πάντες
3046 3169 3097 3223 οἱ
3147 3171 3411 3245 ἄρχοντες
3466 3170 3556 3225 καὶ
3607 3191 3765 3246 στραο

355 3260 430 3315 ad
450 3259 701 3314 tribunal
729 3277 910 3328 araer,
943 3266 1093 3333 quod
1127 3269 1285 3319 extra
1309 3266 1442 3319 XIX
1474 3265 1774 3320 accubitus
1802 3271 1911 3332 est,
1935 3270 1994 3323 et

2126 3259 2354 3331 εεύματα
2385 3257 2460 3319 εἰς
2481 3258 2542 3312 τὸ
2581 3254 2965 3333 τριῦουνάλιον
3019 3266 3123 3329 τῆς
3168 3259 3357 3336 ἀραίας
3405 3262 3516 3332 (32)
3574 3257 3765 3330 ἔξωθεν

362 3347 809 3421 imperatoribus
830 3350 1153 3407 acelamant
1173 3353 1372 3408 eodem
1399 3354 1590 3409 modo.
1612 3358 1757 3409 Tum
1790 3356 1861 3411 ob
1884 3355 2007 3411 Cae-

2126 3352 2223 3403 ῑῶν
2248 3348 2311 3402 ιϐ’
2340 3342 2671 3416 ἂκουϐίτων,
2704 3346 2794 3401 καὶ
2845 3346 3153 3426 εὐφημοῦσι
3192 3335 3320 3413 τοὺς
3359 3347 3607 3423 βασιλεῖς
3650 3350 3762 3423 (33)

365 3456 550 3496 sarem
576 3446 889 3510 precantur
907 3446 964 3496 et
980 3442 1132 3498 brevi
1160 3460 1505 3511 responsum
1531 3444 1848 3515 accipiunt,
1868 3447 2009 3501 dum

2126 3436 2253 3492 κατὰ
2271 3436 2363 3492 τὸν
2398 3435 2593 3509 ὅμοιον
2623 3437 2847 3512 τρόπον.
2888 3436 2993 3493 Καὶ
3047 3438 3321 3494 αἰτοῦνται
3354 3436 3441 3493 διά
3486 3439 3578 3493 τὸν
3627 3440 3762 3495 Καὶ·

365 3534 467 3585 aut
512 3529 833 3599 imperator
869 3530 995 3600 ipse
1028 3533 1415 3603 progreditur,
1445 3540 1546 3587 aut
1594 3535 1647 3588 id
1696 3551 1798 3606 per
1828 3538 2009 3593 alium

2126 3546 2280 3599 σαρα,
2328 3524 2419 3580 καὶ
2468 3524 2752 3598 συντόμως
2813 3521 3184 3599 λαμϐάνουσιν
3258 3523 3568 3600 ἀπόκρισιν,
3655 3525 3763 3582 εἴτε

364 3618 500 3684 edit,
516 3615 776 3672 etsilent.
794 3618 1026 3676 Domini
1042 3619 1101 3674 in
1122 3636 1330 3685 magno
1346 3620 1598 3678 triclinio
1615 3624 2009 3681 novemdecim

2126 3615 2291 3669 αὐτοῦ
2318 3618 2415 3669 τοῦ
2451 3611 2720 3688 βασιλέως
2761 3611 3145 3691 ἔξερχομὲνου,
3184 3613 3293 3671 εἷ’τε
3334 3613 3770 3687 δηλοποιοῦντος

363 3706 736 3765 accubituum
788 3709 1118 3775 consident,
1178 3709 1510 3779 patriarcha
1564 3727 1696 3767 vero
1754 3714 2009 3771 celeriter

2126 3703 2329 3773 αὐτοῖς,
2362 3704 2450 3758 καὶ
2491 3708 2789 3763 σιωπῶσιν.
2824 3702 3151 3774 Καθέζονται
3209 3702 3266 3760 δὲ
3316 3706 3367 3760 οἱ
3416 3702 3671 3761 δεσπόται
3718 3704 3773 3761 ἐν

362 3798 687 3870 ingressus,
736 3799 795 3855 in
843 3800 900 3855 S.
944 3800 1220 3871 Stephani
1254 3806 1568 3872 exspectat,
1601 3806 1657 3858 et
1701 3808 2009 3875 postquam

2126 3798 2206 3865 τῷ
2267 3790 2492 3868 μεγᾶλῳ
2548 3793 2811 3868 τρικλίνῳ
2865 3798 2973 3848 τῶν
3028 3794 3090 3848 ιθ’
3120 3789 3448 3866 ἀκουϐίτων,
3478 3795 3566 3850 καὶ
3612 3794 3780 3869 εἰσέρ-

935 2636 1171 2694 CAPUT
1209 2637 1403 2693 XLIII.

665 2724 1011 2781 Observandu
1040 2728 1098 2781 in
1131 2728 1369 2782 Caesaris
1399 2728 1680 2785 electione.

425 2813 467 2869 1.
489 2812 738 2869 Senatus
766 2818 825 2870 et
852 2814 1043 2870 omnis
1075 2815 1360 2871 exercitus
1384 2816 1455 2870 de
1481 2819 1865 2885 promovenda
1884 2820 1995 2876 Cte-

352 2917 481 2957 sare
530 2903 822 2958 sententia
851 2902 1196 2975 postulatur,
1238 2919 1352 2975 quo
1384 2904 1557 2971 facto,
1591 2909 1668 2975 et,
1715 2906 1764 2963 si
1807 2908 1993 2964 domi-

355 2991 412 3045 ni
431 2991 656 3060 jubent,
673 2992 907 3063 quando
933 2991 1136 3048 electio
1162 2993 1221 3048 in
1244 2998 1443 3049 sancta
1460 2995 1759 3052 Dominica
1778 3003 1993 3053 sancta:

353 3079 819 3135 Resurrectionis
841 3080 1189 3150 celebratur,
1204 3082 1285 3137 ita
1305 3082 1651 3141 instituitur.
1669 3087 1992 3142 Procedunt

366 3890 757 3946 consederunt
787 3890 1031 3955 domini,
1058 3890 1265 3945 secreti
1299 3889 1491 3945 velum
1525 3892 1804 3962 primum,
1835 3895 2018 3967 magi-

368 3983 541 4044 stros,
566 3976 778 4032 deinde
809 3974 1036 4047 reliqua
1064 3977 1189 4032 vela
1222 3995 1325 4049 pro
1359 3995 1516 4034 more
1545 3981 1863 4052 excipiunt,
1888 3982 2019 4054 qui-

373 4064 486 4119 bus
521 4066 818 4132 omnihus,
870 4065 1035 4123 nullo
1068 4066 1401 4133 deﬁciente,
1451 4068 1762 4140 ingressis,
1810 4072 2025 4141 jubent

369 4153 614 4221 domini,
647 4153 948 4223 dibetesia,
997 4156 1340 4230 chlamydes
1373 4162 1431 4213 et
1470 4174 1714 4215 coronas
1741 4176 1881 4214 suas
1919 4176 2019 4231 ge-

373 4247 617 4311 stantes,
643 4250 704 4298 ut
732 4246 802 4300 de
831 4245 1056 4302 Caesare
1087 4263 1280 4302 sermo
1313 4246 1673 4315 instituatur,
1705 4257 1759 4303 et
1788 4250 2022 4319 quando

370 4346 574 4385 omnes
621 4332 682 4387 in
727 4332 1008 4390 electione
1066 4335 1305 4391 Caesaris
1353 4338 1749 4401 consentiunt,
1800 4336 2023 4392 domini

373 4420 682 4491 preposito
706 4422 938 4494 signum
964 4422 1123 4488 dant,
1157 4424 1256 4497 qui
1280 4422 1422 4479 dicit
1453 4441 1466 4479 :
1494 4446 1523 4474 «
1549 4423 1776 4479 Jubete.
1808 4447 1837 4474 »
1860 4425 2024 4481 Tunc

370 4513 501 4580 post
518 4508 736 4565 faustas
749 4511 1195 4568 acclamationes
1212 4522 1389 4569 secret
1402 4529 1497 4567 um
1521 4512 2023 4583 discedit,patricii

368 4600 779 4656 consistorium
800 4600 855 4656 in
872 4602 1090 4671 porticu
1107 4600 1617 4657 XlXaceubituum
1634 4603 2023 4670 constituunt,

370 4689 581 4760 reliqui
614 4697 913 4745 senatores
958 4691 1177 4746 abeunt
1218 4695 1274 4745 et
1318 4690 1375 4744 in
1425 4689 1704 4764 gradibus
1733 4706 1890 4745 arata:
1940 4694 2009 4747 ab

2126 4708 2210 4745 ται
2256 4691 2335 4757 τῷ
2385 4686 2731 4760 πραιποσίτῳ
2780 4684 2870 4740 καὶ
2932 4683 3096 4761 λέγει’
3142 4709 3171 4737 ‹‹

2129 3903 2284 3961 χεται
2335 3882 2362 3936 6
2421 3887 2770 3962 πατριάρχης
2828 3882 3045 3958 τάχιον,
3104 3882 3194 3938 καὶ
3248 3881 3529 3963 ἐκδέχεται
3581 3883 3657 3946 είς
3684 3886 3778 3940 τὸν

2128 3974 2319 4049 ’Ἂγιον
2376 3971 2666 4050 Στέφανον,
2706 3972 2795 4027 καὶ
2865 3973 3227 4028 καθεσθέντων
3298 3978 3405 4029 τῶν
3481 3970 3777 4043 δεσποτῶν,

2132 4060 2381 4137 δέχονται
2423 4063 2487 4117 τὸ
2527 4061 2796 4137 σὲκρετον,
2834 4062 3009 4138 βῆλον
3039 4065 3106 4134 α’,
3139 4063 3268 4127 τοὺς
3301 4064 3656 4140 μαγίστρους,
3689 4064 3779 4119 καὶ

2132 4151 2199 4206 τὰ
2248 4149 2416 4206 λοιπὰ
2469 4149 2616 4226 βῆλα
2653 4152 2789 4206 κατὰ
2844 4154 3013 4224 τάξιν,
3047 4152 3121 4213 ὡς
3161 4150 3277 4230 ἔχει
3338 4156 3620 4225 συνήθεια,
3686 4152 3777 4209 καὶ

2133 4242 2223 4296 ὅτε
2280 4238 2563 4295 εἰσέλθωσι
2618 4242 2686 4295 τὰ
2722 4240 2872 4314 βῆλα
2922 4240 3013 4295 καὶ
3061 4238 3424 4315 πληρωθῶσι,
3465 4241 3778 4298 κελεύουσιν

2133 4330 2185 4385 οἱ
2244 4326 2498 4384 δεσπόται
2559 4327 2798 4398 λαλῆσαι
2849 4328 3031 4390 αὐτοῖς
3070 4332 3136 4383 τά
3184 4330 3307 4404 περί
3348 4333 3443 4383 τοῦ
3488 4330 3788 4405 Καίσαρος,

2133 4422 2423 4498 φοροῦντες
2480 4416 2571 4473 καὶ
2614 4417 2681 4473 τὰ
2737 4413 3033 4489 διϐηττςσια
3076 4415 3165 4471 καὶ
3213 4417 3306 4479 τὰς
3354 4414 3646 4493 χλαμύδας
3692 4426 3783 4476 καὶ

2131 4509 2199 4563 τὰ
2264 4510 2545 4580 στὲμματα
2612 4504 2820 4575 αὒτῶν,
2876 4507 2966 4561 καὶ
3024 4504 3238 4562 πάντων
3301 4508 3694 4564 συναινούντων
3747 4510 3796 4547 ⁸³

2132 4597 2222 4654 ἐπὶ
2250 4601 2317 4662 τῆ
2349 4596 2663 4672 χειροτονίᾳ
2700 4600 2801 4651 τοῦ
2850 4596 3139 4671 Καίσαρος,
3193 4594 3433 4651 νεύουσιν
3485 4598 3542 4651 οἱ
3584 4596 3791 4655 δεσπό-

3232 4685 3558 4758 Κελεύσασε,
3622 4711 3650 4740 ››
3692 4688 3783 4743 καὶ

370 4786 614 4849 utroque
638 4777 834 4834 solarii
857 4779 1057 4851 latere,
1077 4785 1305 4852 sceptra
1332 4796 1459 4836 vero
1484 4785 1540 4835 et
1568 4778 1767 4836 labara
1795 4785 1852 4836 et
1882 4797 2009 4837 vasa

2126 4776 2474 4851 ἰπεύχονται.
2536 4775 2639 4832 Καὶ
2689 4775 2967 4849 ἐξερχεται
3020 4774 3084 4830 τὸ
3144 4772 3417 4851 σέκρετον,
3468 4775 3559 4832 καὶ
3600 4773 3783 4831 ἵσταν-

369 4866 570 4923 omnia
589 4883 724 4924 cum
747 4884 916 4925 cruce
930 4874 987 4925 et
1005 4870 1219 4941 populo
1235 4869 1503 4926 universo
1520 4869 1579 4925 in
1598 4869 1875 4926 tribunali
1893 4886 2028 4926 con-

370 4956 607 5022 sistunt,
634 4956 730 5011 ubi
757 4957 931 5014 etiam
952 4957 1374 5015 antimensium
1397 4958 1732 5028 collocatur,
1757 4958 1850 5017 cui
1870 4958 2027 5016 chla-

2138 4888 2224 4923 ται
2257 4867 2309 4921 οἱ
2360 4865 2639 4941 πατρίκιοι
2678 4866 3071 4939 κονσιστώριον
3130 4864 3208 4927 εἰς
3255 4865 3346 4920 τὸν
3392 4864 3641 4941 πόρτηκα
3684 4872 3791 4923 τῶν

2143 4958 2206 5011 ιθ¹
2245 4949 2581 5027 ἀκουϐίτων,
2628 4956 2681 5009 οἱ
2726 4951 2785 5010 δὲ
2828 4954 3019 5010 λοιποὶ
3066 4953 3428 5030 συγκλητικοὶ
3476 4953 3787 5041 ἐξέρχονται

1726 5085 1973 5142 VARle
2021 5082 2440 5141 LECTIONES.

446 5177 491 5213 9°
527 5176 656 5242 τοὺς
687 5175 949 5245 δεσπότας
980 5185 1107 5241 cod.

1214 5186 1254 5221 ⁰ί
1288 5184 1418 5248 Θεὸς
1450 5182 1606 5261 ἃγιος
1629 5186 1720 5243 ed.
1798 5186 1844 5221 ⁸³
1874 5184 2272 5261 συναιρούντων
2306 5183 2398 5239 ed.

1424 5313 1619 5370 JOAN.
1660 5312 1805 5369 JAC.
1850 5312 2115 5370 REISKII
2154 5310 2741 5368 COMMENTARIUS.

442 5419 770 5496 (32)_Arez,
799 5422 855 5479 id
872 5426 991 5496 est,
1024 5438 1214 5479 vacuis
1247 5422 1533 5496 planitiei,
1554 5438 1678 5496 quas.
1708 5438 1904 5479 coram
1934 5439 2034 5478 xxx
2143 5420 2480 5496 studebant.

372 5492 658 5567 accubitis
712 5499 817 5548 est.
871 5494 994 5550 Vox
1041 5500 1129 5551 est
1173 5492 1388 5552 Latina.
1448 5492 1820 5567 Ὑποσχέσεως
1868 5512 2023 5566 γενο-

374 5562 561 5639 μμὲνης,
584 5567 817 5639 quando
834 5567 1213 5637 imperatores
1237 5566 1500 5639 petitioni
1523 5562 1837 5639 senatusiet
1858 5562 2024 5621 exer-

372 5634 968 5710 cituum:indultur6s
1018 5653 1077 5695 se
1124 5634 1252 5696 esse
1298 5639 1689 5710 promiserint.
1736 5637 2023 5710 Volabant

374 5707 528 5764 enim
562 5708 619 5764 id
663 5710 874 5781 rogari,
900 5711 1054 5782 quod
1088 5710 1200 5783 ipsi
1232 5707 1580 5784 plerumque
1618 5709 1932 5783 capiebant
1966 5713 2021 5766 et

2203 5492 2315 5563 (33)
2347 5492 2423 5549 Μ.
2459 5508 2574 5548 non
2618 5494 2746 5563 post
2775 5490 2834 5563 b,
2870 5506 2922 5545 v.
2953 5493 3041 5557 (ut
3070 5494 3192 5563 erat
3221 5488 3283 5543 in
3312 5487 3493 5563 edit.),
3527 5488 3629 5544 sed
3662 5493 3793 5563 post

2132 5559 2335 5643 τρόπον
2368 5559 2700 5643 distinguit,
2724 5567 2787 5643 ut
2818 5561 3012 5643 itaque
3042 5561 3153 5615 sit:
3183 5576 3293 5643 uno
3322 5559 3784 5643 εοάεηιᾳιςεμηοάο

2132 5632 2313 5706 a'mba,
2352 5636 2435 5691 vel
2460 5632 2667 5707 plures,
2696 5634 2745 5690 si
2780 5638 2940 5707 sunt,
2972 5632 3358 5707 imperatores,
3391 5637 3493 5689 aut
3522 5632 3579 5687 et
3608 5632 3785 5702 impe-

2135 5703 2367 5764 ratorem
2391 5703 2552 5779 atoue
2584 5703 2986 5777 imperatricom
3019 5703 3275 5763 laudant.
