4158 6212
282 366 285 367 ⁷
366 364 485 428 475

368 502 716 573 πατριάρχης
774 500 872 561 τῆς
927 492 1098 565 εὖχῆς
1154 488 1253 543 τό·
1310 513 1338 540 ‹‹
1401 488 1641 543 Δέσποτα
1699 486 1957 560 Κύριν»

1439 352 1973 416 CONSTANTINI
2020 348 2705 411 PORPHYROGENITI

1991 484 2080 538 καὶ
2138 481 2228 536 ὅτε
2270 478 2546 555 πληρώσῃ
2595 480 2693 549 τήν
2736 481 2909 557 εὐχὴν
2958 478 3128 556 μέχρι
3154 479 3276 550 τοῦ,
3308 502 3340 539 α
3370 486 3611 542 Νῦν-καὶ
3668 485 3774 555 ἀεὶ,

3656 355 3775 415 476

363 591 454 646 καὶ
481 569 583 650 ἐἰς
612 569 741 645 τοὺς
799 582 996 644 αἰῶνας
1050 584 1157 634 τῶν
1205 579 1442 648 αἰώνων,
1478 602 1506 629 ››
1535 577 1625 633 καὶ
1683 577 2047 650 ἀποκριθῆναι
2105 572 2197 626 τὸν
2254 569 2387 626 λαόν
2410 590 2423 604 ο
2461 592 2487 625 ι
2521 572 2723 643 Ἀμην,
2756 594 2785 623 ››
2819 572 3030 647 ἐπαίρει
3062 574 3090 626 6
3124 575 3476 649 πατριάρχης
3516 577 3581 631 τὸ
3632 576 3779 652 χλα-

363 677 531 735 νίδιον
606 672 1017 746 ἐπικείμενονθ⁸
1065 670 1139 731 εἷς
1180 671 1312 725 αὐτὸ
1379 669 1441 723 τὸ
1507 664 1729 745 φιϐλίον
1805 666 1895 719 καί
1982 659 2265 718 ἐπιδίδωσι
2328 659 2454 723 τοὺς
2517 663 2875 736 βεστήτορας,
2934 662 3137 727 εὐθέως
3213 663 3481 721 ἁπλοῦσιν
3541 666 3677 724 αὐτὸ
3725 669 3781 723 οξ

368 768 708 844 βεστήτορες,
731 766 1051 837 κρατοῦντες
1080 760 1208 814 αὐτὸ
1239 758 1542 833 ἔμπροσθεν
1580 762 1690 812 τῶν
1731 753 2033 809 δεσποτῶν.

432 860 527 915 ΙΙΙ.
562 860 681 923 Quo
713 857 880 922 facto,
915 855 1261 927 praepositus
1288 859 1343 909 et
1393 850 1673 922 magister
1704 852 1998 921 promotos

2184 848 2255 901 1".
2290 844 2391 899 Καὶ
2440 842 2591 917 φερει
2647 844 2676 897 6
2728 844 3086 919 πραιπόσιτος
3114 847 3202 901 καὶ
3238 847 3266 903 6
3302 848 3604 923 μάγιστροι⁹
3643 849 3773 913 τοὺς

361 948 423 1005 in
466 949 846 1016 conspectum
914 943 1278 999 dominorum
1342 940 1600 1004 adducit,
1652 938 1748 1011 qui
1800 952 2011 993 manus

2129 930 2548 1011 προϐληθὲντας,
2592 933 2683 989 καὶ
2742 940 3075 1010 παριστῶσιν
3132 935 3332 1001 αὖτοὺς
3400 944 3516 1001 τοῖς
3582 937 3777 995 δεσπό-

363 1038 647 1110 pandunt,
671 1039 727 1089 et
744 1033 1050 1106 chlamyde
1074 1032 1309 1089 sublata
1327 1032 1581 1087 Caesares
1602 1028 1858 1084 induunt
1881 1043 2013 1082 eos—

357 1143 471 1199 que
498 1122 870 1180 osculantur:
931 1120 1255 1177 factionarii
1296 1137 1401 1176 seu
1449 1127 1715 1175 cantores
1764 1118 2009 1171 dicunt:

350 1237 379 1265 ι(
415 1212 696 1281 Feliciter,
726 1212 1046 1276 feliciter,»
1074 1210 1348 1281 idemque
1385 1209 1637 1279 populus
1658 1212 1748 1262 ter
1777 1203 2010 1277 repetit.

355 1304 517 1358 Tunc
566 1300 898 1373 patriarcha
928 1305 1020 1354 ter
1059 1314 1231 1354 cruce
1280 1296 1584 1368 populum,
1618 1300 1684 1349 ut
1724 1295 1834 1365 ipsi
1887 1309 2016 1349 mos

360 1396 465 1455 est,
483 1391 746 1462 signans,
766 1389 906 1444 dicit
924 1405 936 1444 :
953 1410 981 1437 «
999 1388 1109 1442 Pax
1124 1385 1397 1442 omnibus
1421 1402 1434 1453 ;
1461 1406 1489 1435 »
1515 1384 1765 1456 populus
1778 1398 2018 1453 respon-

364 1481 494 1535 det:
522 1502 548 1528 «
582 1482 649 1533 Et
675 1477 905 1548 spiritui
949 1481 1071 1531 tuo.
1105 1496 1134 1525 ››
1172 1476 1493 1529 Diaconos:
1521 1492 1550 1521 «
1591 1473 1792 1543 Capita
1822 1475 2017 1526 nostra

364 1563 971 1623 Dominoinclinemus
996 1579 1053 1620 ε»
1071 1561 1353 1634 populus:
1377 1558 2015 1628 «Tu,Domine.»Tunc

366 1654 620 1728 populus
640 1658 813 1724 caput
837 1652 1130 1725 paulisper
1149 1650 1412 1717 inclinat,
1438 1649 1590 1719 quod
1611 1654 1667 1703 et
1689 1647 2017 1717 patriarcha

364 1753 419 1800 et
475 1745 854 1815 imperatores
902 1746 959 1796 et
1004 1741 1261 1795 Cmsares
1327 1740 1588 1804 faciunt;
1638 1753 1840 1807 preces
1884 1752 2015 1793 vero

365 1835 653 1889 secundas
688 1829 1018 1903 patriarcha
1043 1828 1319 1885 instituit.
1354 1828 1574 1895 Quibus
1599 1827 1804 1895 finitis,
1836 1842 2019 1898 popu-

362 1923 479 1989 lus,
499 1943 523 1973 α
539 1924 746 1987 Amen,
763 1942 791 1971 »
807 1920 949 1976 dicit
971 1940 985 1988 ;
1002 1920 1126 1991 ipse
1137 1935 1270 1975 vero
1285 1918 1579 1975 caesaricia
1599 1916 1830 1972 sublata
1849 1931 2016 1974 oscu-

365 2012 523 2067 latur
551 2014 607 2066 et
636 2008 889 2065 dominis
911 2008 1107 2074 tradit,
1135 2008 1234 2080 qui
1255 2024 1319 2063 ea
1341 2022 1575 2078 quoque
1596 2004 1937 2061 osculantur
1952 2021 2018 2062 ac

316 2088 323 2093 ’
370 2098 696 2154 Caesaribus
719 2096 1043 2153 osculanda
1064 2098 1319 2152 tradunt.
1344 2095 1489 2151 Cum
1506 2094 1598 2149 his
1618 2092 1827 2149 deinde
1847 2109 2020 2165 supra

363 2190 544 2258 caput
572 2186 820 2241 sublatis
852 2186 1088 2258 signum
1139 2185 1329 2241 crucis
1378 2184 1620 2250 faciunt,
1661 2181 1923 2239 invocato
1955 2183 2015 2238 S.

368 2274 674 2333 Trinitatis
689 2276 946 2344 nomine,
960 2274 1268 2347 postelecti
1282 2272 1519 2329 Caesaris
1535 2272 1709 2344 capiti
1724 2271 2023 2343 imponunt

361 2366 505 2421 dum
531 2365 809 2421 factiones
840 2366 1058 2421 interea
1082 2370 1138 2420 et
1163 2365 1415 2437 populus
1435 2363 1630 2419 omnis
1650 2362 2016 2432 acclamant;

366 2460 631 2514 cantores
659 2456 897 2527 quidem
922 2472 935 2511 :
966 2477 989 2507 α
1020 2454 1393 2519 Felicissimo,
1416 2453 1776 2519 felicissime,
1805 2452 2020 2509 felicis-

366 2547 545 2613 sime;
565 2567 586 2594 ι
610 2544 859 2616 populus
874 2548 993 2599 ter:
1015 2565 1038 2595 ι
1059 2544 1439 2599 Felicissime.
1462 2562 1487 2594 ι
1502 2545 1813 2599 Cantores:
1830 2564 1859 2593 «
1876 2541 2023 2597 Mul-

369 2641 462 2692 tos
485 2650 670 2689 annos
696 2633 1146 2705 imperatoribus
1171 2634 1181 2687 l
1218 2632 1287 2687 N.
1312 2631 1380 2687 N.
1407 2629 2021 2701 magnisimperatori-

369 2726 477 2783 bus
508 2725 721 2781 multos
744 2740 930 2780 annos
955 2723 967 2777 l
996 2741 1029 2779 a
1051 2723 1167 2779 Deo
1190 2721 1477 2794 promotis
1494 2719 1965 2791 imperatoribus,
1988 2742 2017 2770 »

366 2824 421 2872 at
446 2832 572 2888 qua:
604 2817 953 2885 sequuntur.

365 2905 654 2979 Καίσαρος,
711 2900 800 2957 καὶ
875 2900 1071 2963 εὐθέως
1161 2897 1522 2973 άνακράζουσι
1582 2899 1651 2953 τὰ
1725 2898 1862 2971 μὲρη
1925 2898 2015 2952 καὶ
2090 2902 2194 2960 πῖις
2273 2898 2301 2952 6
2388 2896 2539 2965 λαὸς,
2608 2898 2659 2951 οἱ
2745 2898 3009 2972 κράκται·
3072 2921 3100 2950 ‹‹

365 2990 653 3065 λικήσιμε,
717 2988 1119 3066 φιλλικήσιμε’
1164 2988 1308 3042 »καὶ
1355 2989 1382 3042 6
1424 2986 1554 3049 λαὸς
1612 2986 1671 3042 ἐκ
1726 2987 1950 3059 τρίτου’
2012 3010 2040 3038 ‹‹

2091 2986 2495 3061 Φιλλικήσιμε.
2546 3010 2575 3038 ››

2117 1048 2259 1089 ταις,
2303 1025 2392 1080 καὶ
2452 1023 2786 1103 ἐφαπλοῦσιν
2852 1026 2904 1081 οῖ
2962 1023 3223 1083 δεσπόται
3277 1029 3376 1090 τὰς
3418 1035 3633 1104 χεῖρας,
3687 1032 3775 1084 καὶ

2119 1120 2378 1190 κρατοῦσι
2406 1116 2505 1184 τὴν
2538 1112 2824 1189 χλαμύδα,
2856 1116 2945 1169 καὶ
2996 1111 3395 1190 περιϐάλλουσι
3452 1118 3583 1182 τοὺς
3637 1120 3779 1177 Καί-

2123 1225 2287 1279 σαρας
2338 1204 2385 1239 ⁹⁷
2449 1205 2541 1258 καὶ
2597 1203 2847 1279 φιλοῦσιν
2902 1204 3121 1273 αὖτοὺς,
3176 1208 3267 1261 καὶ
3345 1208 3696 1282 ἀποκρίνεται
3751 1210 3780 1263 ὁ

2125 1294 2281 1359 λαὸς,
2312 1290 2440 1361 ἤτοι
2465 1292 2517 1347 οἱ
2544 1293 2795 1367 κράκται,
2819 1291 3092 1368 λέγοντες·
3110 1318 3140 1346 ‹‹
3161 1294 3449 1371 Εὖτυχῶς,
3470 1296 3527 1352 εὖ
3538 1302 3779 1373 τυχῶς·››

2122 1381 2213 1436 καὶ
2248 1383 2275 1435 6
2325 1379 2460 1443 λαὸς
2499 1380 2558 1435 ἐκ
2595 1383 2784 1456 τρίτου
2812 1381 2876 1437 τὸ
2900 1382 3053 1441 αὐτό.
3085 1383 3185 1439 Καὶ
3218 1383 3417 1449 εὐθέως
3446 1386 3475 1441 6
3512 1388 3779 1460 πατριάρ-

2126 1490 2235 1546 χης
2299 1470 2724 1547 κατασφραγίζει
2782 1472 2918 1546 πρὸς
2973 1473 3066 1527 τὸν
3113 1472 3246 1529 λαὸν
3276 1475 3464 1544 τρίτον
3521 1476 3588 1532 τὰ
3641 1476 3780 1532 κατᾶ

2126 1562 2406 1629 συνήθειαν
2436 1559 2561 1635 τρία
2591 1562 2817 1633 σταυρία
2847 1562 2935 1616 καὶ
2990 1558 3139 1637 λέγει
3165 1582 3178 1596 ·
3212 1587 3239 1615 ‹‹
3274 1563 3488 1639 Εἰρήνη
3530 1570 3722 1620 πᾶσινο
3749 1589 3778 1619 »

2124 1651 2213 1705 καὶ
2272 1650 2614 1724 ἀποκρίνεται
2647 1650 2675 1704 6
2728 1648 2902 1713 λαόςο
2936 1674 2964 1702 κ
3002 1650 3099 1707 Καὶ
3156 1657 3237 1725 τῷ
3285 1654 3551 1727 πνεύματί
3593 1676 3712 1712 σου.
3750 1680 3781 1707 ››

2125 1738 2227 1795 Καὶ
2261 1737 2407 1815 λέγει
2433 1740 2461 1792 6
2506 1736 2753 1799 διάκονος
2777 1758 2790 1772 ⁶
2818 1764 2847 1791 ‹‹
2878 1741 2985 1801 Τὰς
3016 1739 3258 1818 κεφαλάς
3309 1744 3471 1815 ἡμῶν
3526 1749 3608 1816 τῷ
3661 1748 3777 1802 Κυ-

2128 1827 2228 1903 ρίῳ
2274 1825 2584 1901 κλίνωμεν·
2621 1853 2650 1880 ››
2683 1827 2771 1883 καὶ
2831 1829 2858 1882 6
2918 1827 3051 1892 λαός
3081 1850 3093 1864 ’
3126 1853 3156 1882 α
3218 1830 3313 1901 Σὺ,
3367 1832 3548 1905 Κύριε.
3588 1856 3610 1883 ι
3671 1834 3778 1889 Καὶ

2125 1918 2426 1979 κόπτοντος
2480 1922 2579 1973 τοῦ
2636 1918 2772 1975 λαοῦ
2822 1920 3013 1993 μικρὸν
3063 1919 3248 1995 μέρος,
3280 1921 3371 1975 καὶ
3432 1922 3460 1976 6
3510 1923 3780 1998 πατριάρο

2129 2026 2237 2084 χης
2266 2008 2439 2082 κύψας
2469 2007 2557 2063 καὶ
2587 2009 2637 2063 οἱ
2690 2006 2936 2084 βασιλεῖς
2966 2011 3058 2064 καὶ
3109 2011 3160 2064 οἱ
3204 2011 3500 2086 Καίσαρες,
3551 2011 3703 2087 λέγει
3752 2014 3782 2067 6

2127 2098 2477 2173 πατριάρχης
2527 2100 2628 2167 τὴν
2672 2095 2921 2175 δευτέραν
2970 2096 3165 2173 εὐχήν.
3210 2099 3309 2153 Καὶ
3359 2101 3451 2156 ὅτε
3508 2099 3782 2175 πληρώσῃ

2131 2192 2231 2261 τὴν
2291 2189 2485 2265 εὐχὴν,
2517 2190 2607 2244 καὶ
2665 2188 2937 2264 ἀποκριθῇ
2964 2191 3007 2227 ⁸⁸
3061 2190 3089 2244 6
3144 2187 3275 2252 λαὸς
3329 2191 3421 2245 τὸ·
3460 2214 3488 2243 κ
3518 2192 3719 2264 Ἀμήν,
3754 2215 3782 2243 ››

2135 2278 2342 2352 ἐπαίρει
2401 2279 2429 2332 ὁ
2477 2278 2829 2352 πατριάρχης
2878 2278 2946 2333 τὰ
3000 2276 3333 2352 καισαρίκια,
3391 2277 3568 2355 φιλῶν
3625 2279 3781 2351 αὐτὰ,

2127 2368 2217 2423 καὶ
2268 2363 2555 2422 ἐπιδίδωσι
2604 2371 2720 2428 τοῖς
2771 2363 3082 2435 δεσπόταις,
3140 2367 3230 2421 καὶ
3289 2362 3663 2441 λαμϐάνοντες
3719 2369 3778 2423 οἱ

2132 2456 2408 2525 δεσπόται,
2468 2453 2720 2532 φιλοῦσιν
2777 2454 2911 2510 αὐτά
2958 2456 3044 2510 καὶ
3104 2459 3324 2510 ποιοῦσι
3383 2454 3617 2530 φιλῆσαι
3688 2458 3779 2513 καὶ

2130 2545 2256 2605 τοὺς
2333 2542 2627 2617 Καίσαρας.
2688 2542 2791 2599 Καὶ
2861 2542 3065 2605 εὐθέως
3145 2544 3668 2623 κατασφραγίζουσιν
3727 2547 3780 2600 οἱ

2130 2629 2385 2687 δεσπόται
2437 2632 2552 2704 μετ’
2611 2629 2786 2686 αὐτῶν
2865 2628 3043 2686 ἐπάνω
3104 2638 3205 2701 τῆς
3273 2632 3520 2707 κεφαλῆς
3579 2634 3781 2704 αὐτῶν,

2127 2721 2593 2793 κατονομάςοντες
2614 2720 2663 2755 ⁹⁹
2691 2720 2753 2775 τὸ
2792 2714 2970 2791 ὄνομα
3014 2726 3114 2789 τῆς
3163 2721 3321 2795 ἁγίας
3352 2719 3604 2795 Τριάδος,
3642 2722 3779 2798 ea)-

2132 2819 2319 2863 Λουσιν
2348 2808 2486 2863 αὐτὰ
2514 2810 2535 2843 ί
2566 2806 2641 2870 εἷς
2669 2810 2770 2877 τὴν
2802 2806 3048 2882 κεφαλὴν
3081 2810 3103 2844 ³
3147 2813 3245 2864 τοῦ
3284 2810 3780 2884 χειροτονουμένου

3181 2897 3590 2973 Φιλλικήσιμε,
3650 2911 3778 2977 φιλ-

2635 2987 2701 3045 Ol
2759 2986 2985 3060 κράκται
3019 3002 3033 3017 ⁸
3069 3011 3097 3039 ι(
3156 2986 3351 3045 Πολλά
3404 2991 3469 3043 τά
3524 2985 3617 3060 ἔτη
3669 2995 3780 3045 τῶν

371 3079 667 3158 βασιλέων,
706 3081 734 3136 6
768 3076 913 3134 δεῖνα
940 3078 1031 3133 καὶ
1074 3079 1101 3132 6
1153 3076 1300 3133 δεῖνα
1354 3075 1606 3154 μεγάλων
1658 3074 1924 3153 βασιλέων
1953 3074 2139 3132 πολλᾶ
2166 3076 2233 3131 τὰ
2288 3074 2405 3146 ἔτη,
2439 3070 2863 3149 θεοπροῦλήτων
2920 3075 3212 3150 βασιλέων,
3246 3080 3288 3149 ³,
3322 3102 3350 3131 ››
3400 3080 3489 3133 καὶ
3537 3077 3602 3133 τὰ
3634 3079 3776 3147 ἑξῆς.

437 3176 593 3231 130
616 3173 708 3232 IV.
739 3175 851 3229 liae
870 3172 1292 3229 acclamatione
1311 3180 1366 3228 et
1386 3172 1677 3227 Cesarum
1704 3170 2014 3242 inaugura-

2198 3169 2268 3225 Δ’.
2305 3167 2402 3221 Καὶ
2444 3167 2533 3221 ὅτε
2580 3167 2853 3240 πληρωθῇ
2904 3168 2939 3235 ἡ
2999 3166 3243 3242 εὐφημία
3289 3168 3379 3222 καί
3428 3168 3778 3244 ἀναγόρευσις

369 3264 529 3320 tione
560 3266 808 3333 peracta,
838 3261 1054 3316 domini
1096 3277 1228 3316 cum
1262 3259 1589 3332 patriarcha
1614 3264 1671 3314 et
1690 3260 2017 3316 Cesaribus

2129 3261 2232 3311 τῶν
2285 3256 2588 3328 Καισάρων,
2644 3256 2986 3331 εἷσὲρχονται
3045 3256 3101 3309 οἱ
3153 3253 3408 3313 δεσπόται
3490 3260 3625 3331 μετὰ
3681 3264 3779 3314 τοῦ

375 3351 690 3407 triclinium
706 3351 844 3405 XIX
859 3348 1234 3404 accubituum
1248 3348 1520 3418 ingressi,
1538 3348 1595 3402 in
1612 3346 1860 3412 tbronis,
1875 3355 1928 3402 et
1945 3347 2017 3401 ad

2129 3346 2472 3421 πατριάρχου
2528 3343 2619 3398 καὶ
2675 3348 2783 3399 τῶν
2844 3346 3125 3420 Καισάρων
3186 3345 3261 3409 εἲς
3308 3348 3396 3403 τὸν
3428 3348 3451 3383 ⁴
3496 3346 3777 3422 τρίκλινον

374 3448 690 3509 utrumque
711 3438 863 3492 latus
885 3452 1081 3492 eorum
1105 3438 1354 3492 Cissares
1367 3436 1697 3491 consident.
1713 3437 1879 3491 Tunc
1901 3440 2017 3491 sta-

2129 3440 2234 3490 τῶν
2287 3436 2347 3499 ιθ⁹
2399 3430 2732 3498 άκουϐίτων,
2764 3434 2855 3488 καὶ
2918 3436 3235 3505 καθέζονται
3284 3436 3335 3491 ἐν
3393 3435 3657 3505 σελλίοις,
3689 3438 3780 3493 καὶ

370 3530 479 3586 tim
510 3543 669 3595 vasa,
704 3526 988 3581 factiones
1041 3531 1098 3581 et
1151 3525 1343 3581 omnis
1395 3524 1648 3597 populus
1694 3525 1931 3591 abeunt,
1960 3525 2017 3580 in

2131 3524 2184 3577 οἱ
2241 3522 2503 3596 Καίσαρες
2572 3516 2712 3576 ἔνθεν
2760 3522 3028 3586 κάκεῖθεν.
3089 3524 3193 3582 Καὶ
3254 3524 3449 3587 εὐθέως
3493 3525 3562 3581 τὰ
3618 3526 3778 3598 στεύη

366 3616 513 3673 locis
544 3614 669 3671 suis
704 3613 1057 3680 subsistunt,
1088 3618 1148 3671 et
1190 3612 1632 3670 considentibus
1682 3613 1956 3681 dominis,
1990 3629 2017 3669 a

2131 3612 2218 3667 xui
2252 3613 2320 3668 τά
2353 3613 2491 3687 μὲρη
2524 3612 2613 3665 καὶ
2644 3615 2747 3672 πᾶς
2778 3611 2806 3666 6
2839 3609 2972 3674 λαὸς
3004 3612 3340 3689 ἀπέρχονται
3388 3616 3477 3670 καὶ
3538 3614 3781 3671 ἵστανται

366 3706 549 3762 latere
580 3720 802 3777 agapen
833 3704 1247 3761 distribuentes
1270 3704 1512 3771 intrant,
1532 3719 1722 3775 genua
1744 3703 1943 3776 magni
1967 3707 2017 3759 et

2133 3703 2208 3764 εἷς
2255 3701 2383 3766 τοὺς
2431 3702 2632 3764 τόπους
2692 3699 2891 3771 αὐτῶν,
2952 3704 3043 3758 καὶ
3101 3706 3464 3770 καθεσθέντων
3534 3711 3641 3763 τῶν
3702 3705 3785 3764 δε-

366 3796 611 3853 minoris
642 3794 1011 3868 imperatoris
1052 3792 1408 3863 osculantur,
1439 3793 1523 3849 ita
1554 3798 1618 3849 ut
1647 3810 1827 3849 unum
1863 3810 2014 3865 genu

365 3885 603 3945 Caesaris
638 3885 711 3941 ad
744 3884 1025 3952 dextram,
1053 3898 1238 3939 unum
1264 3883 1335 3938 ad
1371 3881 1677 3939 sinistram
1702 3882 2017 3939 assidentis

370 3982 735 4045 venerentur,
766 3975 839 4031 ad
869 3973 993 4030 haec
1022 3974 1197 4031 etiam
1230 3988 1449 4044 agapen
1482 3972 1864 4029 distribuunt.
1889 3972 2020 4040 Qui-

367 4064 481 4121 bus
502 4064 775 4123 omnibus
806 4063 1079 4137 peractis,
1113 4068 1403 4120 secretum
1454 4066 1640 4118 totum
1693 4062 1891 4127 intrat,
1923 4077 2018 4117 ve-

370 4155 494 4213 lum
519 4156 797 4229 primum,
823 4156 1109 4228 magistri,
1129 4162 1187 4210 et
1207 4158 1407 4210 cetera
1432 4169 1540 4209 suo
1561 4154 1782 4220 ordine,
1807 4156 1873 4208 ut
1896 4168 2020 4208 mo-

368 4264 429 4303 re
460 4251 760 4320 receptum
785 4250 907 4312 est;
934 4250 1198 4311 senatus,
1223 4244 1560 4301 adoratione
1592 4243 1762 4309 facta,
1796 4258 2019 4315 agapen

367 4336 485 4400 dat,
516 4352 631 4406 qua
680 4334 1012 4399 distributa,
1045 4334 1392 4405 praepositus
1433 4349 1467 4388 ει
1522 4332 1799 4387 mandato
1843 4330 2015 4386 dicit:

370 4445 399 4476 ‹‹
432 4422 661 4479 Jubete.
702 4444 729 4472 ››
760 4422 923 4479 Tunc
963 4421 1181 4494 egressi
1210 4420 1428 4478 domini
1478 4421 1601 4476 lora
1650 4425 1708 4476 et
1754 4436 2019 4487 coronas,

368 4514 621 4568 Casares
670 4509 791 4566 lora
837 4514 893 4567 et
940 4509 1237 4566 cesaricia
1284 4512 1512 4564 mutant
1569 4513 1626 4564 et
1699 4507 1933 4575 abeunt,
1966 4512 2023 4563 et

369 4616 547 4657 omne
578 4598 840 4656 officium
874 4598 1031 4667 festi,
1066 4605 1127 4653 ut
1156 4598 1217 4653 in
1249 4596 1438 4668 typico
1469 4596 1877 4668 praescriptum
1908 4599 2019 4660 est,

368 4691 724 4749 celebratur.
756 4690 837 4746 Ad
870 4704 1094 4762 agapen
1137 4692 1194 4745 et
1242 4686 1716 4744 communionem
1766 4686 2020 4759 primum

370 4780 593 4840 domini
617 4796 872 4853 cumque
888 4779 1033 4853 ipsis
1053 4768 1305 4835 Casuras
1325 4778 1563 4848 abeunt,
1591 4776 1888 4851 simulque
1906 4792 2024 4834 me-

366 4872 645 4929 tatorium
707 4872 944 4938 intrant,
1001 4869 1316 4941 omniaque
1374 4868 1695 4926 secundum
1757 4868 2022 4925 ordinem

367 4962 525 5032 festi,
559 4966 625 5019 ut
652 4960 709 5017 in
743 4961 935 5034 typico
959 4975 1063 5016 seu
1095 4958 1388 5015 ordinario
1420 4962 1529 5030 est,
1562 4962 1838 5031 aguntur.

2127 3796 2361 3861 σποτῶν,
2417 3788 2757 3865 εἰσέρχονται
2830 3791 2880 3844 oi
2951 3786 3188 3853 διδόντες
3240 3795 3341 3862 τὴν
3402 3795 3613 3870 ἆγάπην
3675 3795 3783 3851 άπὸ

2129 3882 2388 3957 πλαγίου,
2418 3879 2508 3935 καὶ
2538 3884 2909 3955 προσκυνοῦσι
2936 3882 3005 3936 τὰ
3058 3878 3154 3937 δύο
3206 3882 3407 3959 γόνατα
3463 3889 3563 3940 τοῦ
3614 3885 3784 3960 μεγά-

2131 3979 2231 4028 λου
2266 3970 2555 4048 βασιλέως,
2597 3969 2806 4044 ὁμοίως
2855 3970 2944 4026 καὶ
2988 3976 3086 4026 τοῦ
3145 3976 3365 4047 μικροῦ,
3410 3975 3499 4028 καὶ
3540 3994 3783 4049 προσκυ-

2128 4066 2310 4118 νοῦσιν
2334 4060 2390 4116 ’ἐν
2419 4062 2693 4135 γόνατονδ
2735 4057 2836 4117 τοῦ
2884 4059 3153 4134 Καίσαρος
3205 4066 3304 4117 τοῦ
3339 4062 3398 4119 ὲκ
3457 4060 3646 4135 δεξιῶν
3692 4066 3785 4120 καὶ

2130 4150 2184 4206 ἐν
2222 4154 2319 4207 τοῦ
2376 4149 2425 4219 ἐξ
2486 4149 2806 4223 εὐωνύμων,
2838 4151 2928 4205 καὶ
2982 4155 3409 4225 προσκυνοῦντες
3466 4150 3657 4208 δίδωσι
3694 4154 3783 4208 καὶ

2128 4241 2226 4308 τὴν
2265 4238 2503 4315 ἀγάπην.
2538 4238 2641 4295 Καὶ
2688 4236 2777 4293 ὅτε
2831 4236 3189 4311 πληρώσουσι
3243 4240 3310 4292 τὰ
3357 4239 3465 4293 ἀπὸ
3520 4240 3785 4314 πλαγίου,

2130 4326 2430 4405 εἰσέρχεται
2457 4338 2519 4383 το
2568 4326 2818 4399 σέκρετον
2868 4325 3024 4396 ὅλον,
3061 4324 3235 4401 βῆλον
3266 4328 3331 4394 α’,
3358 4329 3409 4380 οἳ
3470 4328 3788 4402 μάγιστροι,

2130 4417 2221 4473 καὶ
2250 4418 2318 4473 τὰ
2344 4416 2516 4472 λοιπᾶ
2560 4416 2709 4492 βῆλα
2757 4414 2894 4471 κατᾶ
2946 4416 3119 4489 τάξιν,
3146 4415 3221 4478 ὡς
3262 4411 3383 4494 ἔχει
3429 4418 3463 4486 ἡ
3507 4420 3788 4490 συνήθεια,

2128 4507 2220 4562 καὶ
2250 4510 2625 4579 προσκυνοῦσα
2657 4508 2690 4573 ἡ
2724 4503 3037 4578 σύγκλητος
3072 4501 3261 4560 δίδωσι
3292 4506 3391 4574 τὴν
3425 4504 3663 4581 ἀγάπην,
3696 4511 3789 4565 καὶ

2129 4592 2529 4671 πληρωσάσης,
2561 4592 2712 4668 λέγει
2752 4595 2780 4649 6
2823 4594 3187 4669 πραιπόσιτος
3218 4594 3323 4650 ἀπὸ
3355 4594 3656 4660 κελεύσεως
3684 4599 3745 4653 τό
3769 4617 3784 4633 ο

2134 4684 2497 4757 «Κελεύσατε.
2519 4684 2663 4742 »Καὶ
2688 4681 2999 4759 ἐξέρχονται
3021 4684 3110 4739 καὶ
3140 4683 3503 4741 ἀλλάσσουσιν
3525 4687 3576 4742 οἱ
3601 4684 3788 4743 δεσπό-

2128 4795 2217 4830 ται
2247 4771 2375 4834 τοὺς
2396 4769 2612 4846 λώρους
2635 4771 2724 4826 καὶ
2744 4771 2814 4826 τά
2847 4770 3377 4846 στέμματα,ὁμοίως
3399 4774 3489 4830 καί
3521 4776 3572 4830 ol
3595 4777 3790 4835 Καίσα-

2134 4884 2220 4940 ρες
2275 4861 2401 4924 τοὺς
2461 4860 2680 4936 λώρους
2728 4860 2911 4916 καὶτὰ
2938 4862 3271 4936 καισαρίκια,
3302 4864 3393 4919 καὶ
3451 4862 3787 4940 ὲξὲρχονται,

2131 4955 2219 5009 καὶ
2254 4951 2565 5028 πληροῦται
2598 4957 2741 5007 πᾶσα
2789 4954 2824 5021 ἡ
2871 4950 3173 5016 ἀκολουθία
3210 4960 3310 5022 τῆς
3342 4956 3563 5028 ἓορτῆς,
3598 4955 3674 5019 ὡς
3717 4957 3784 5027 ἦν

374 5051 624 5108 τυπικόν.
656 5047 752 5113 Εἲς
812 5045 871 5104 δὶ
924 5050 1024 5119 τήν
1084 5048 1297 5127 ἀγάπην
1351 5047 1441 5103 καὶ
1501 5047 1601 5117 τήν
1658 5045 1944 5103 κοινωνίαν
1985 5049 2201 5119 πρῶτον
2263 5044 2315 5099 οἱ
2373 5040 2651 5115 δεσπόται,
2701 5041 2791 5097 καὶ
2844 5042 2963 5116 μετ’
3018 5043 3196 5098 αὐτῶν
3256 5043 3308 5098 οἱ
3364 5044 3622 5118 Καίσαρες
3676 5047 3787 5118 (38)

1723 5165 1966 5222 νΑιιυΕ
2004 5161 2418 5220 LECTIONES.

443 5269 492 5305 9°
522 5270 613 5325 καὶ
670 5274 806 5329 ante
860 5266 1200 5340 ἐπικείμενον
1251 5266 1536 5340 excidisse
1573 5269 1756 5340 ‘pgtat
1949 5263 1995 5299 9"
2050 5262 2138 5340 καὶ
2182 5263 2451 5340 ,κρατοῦσι
2513 5260 2782 5340 βαίσαρας
2828 5275 2982 5340 ρω.-
3015 5258 3109 5340 ed.
3187 5257 3253 5340 ⁸⁸.
3294 5258 3665 5340 άποκρίνεταιμ
3692 5263 3782 5340 ed.

375 5342 423 5449 ζ’
450 5342 539 5450 καὶ
572 5342 754 5450 ὶόνριμ.
791 5358 913 5450 ἓνοιζ
950 5331 1209 5450 mirati.
1240 5340 1333 5397 ed.
1411 5341 1428 5377 ί
1462 5331 1606 5393 αὐτᾶ
1637 5338 1731 5407 R.,
1774 5334 1904 5391 αὐτὸ
1962 5336 2086 5393 cod.
2138 5339 2196 5389 et
2231 5331 2335 5391 ed.
2413 5333 2435 5368 ’
2483 5331 2562 5394 είς
2614 5331 2735 5410 me.
2776 5331 2865 5390 ed.

376 5416 396 5449 ⁸
425 5414 501 5477 είς
532 5413 595 5469 τὸ
626 5413 716 5473 ed}
793 5413 817 5450 ⁵
848 5413 978 5490 γόνυ
1009 5414 1101 5470 ed.

2960 5332 2983 5365 ⁸
3010 5325 3413 5404 θεοπροόλήτῳ
3441 5325 3665 5405 ’βασιλεῖ
3692 5335 3781 5391 ed.

1422 5514 1621 5571 JOAN.
1658 5514 1807 5571 JAC.
1851 5514 2111 5572 REISKII
2148 5510 2724 5570 COMMENTARIUS

443 5641 556 5713 (38)
605 5639 841 5713 Scilicet
885 5634 1713 5713 xowwvoiat,_commun§gant,
1773 5632 2248 5713 communionem
2306 5635 2570 5690 sanctam
2616 5629 2977 5704 percipiunt.
3034 5626 3167 5684 Vid.
3229 5642 3286 5699 p.
3349 5628 3471 5686 134.
3520 5630 3669 5686 Meri
3723 5631 3783 5691 in

371 5706 478 5771 hac
508 5706 641 5772 cum
672 5712 920 5787 genitivo
946 5706 1379 5771 constructione
1407 5707 1702 5780 signiﬁcat
1725 5712 1871 5780 post.
