4158 6212
366 344 445 403 ’19
1399 327 1918 399 CONSTANTlNl
1960 328 2659 401 PORPHYROGENITI
3622 342 3737 403 480

326 476 439 532 sito
453 472 672 530 domini
685 474 741 526 et
761 470 1106 527 candidatus
1120 486 1375 525 cessarem
1398 466 1698 542 dignitatis
1713 466 1970 533 sumunt,

2102 470 2182 520 τοῦ
2240 464 2514 539 διακόνου,
2574 466 2918 547 λαμϐάνουσι
2963 471 3094 535 τοὺς
3161 472 3367 548 κηροός
3437 473 3587 548 παρὰ
3640 479 3737 529 τοῦ

330 581 396 622 ac
424 570 513 619 ter
542 561 784 632 repetita
815 558 1147 613 adoratione
1168 559 1387 630 gratias
1408 559 1526 614 Deo
1552 560 1752 625 agunt,
1783 554 1974 610 omnis

2102 557 2452 630 τραιποσίτου
2495 559 2548 615 o'i
2568 581 2626 615 τε
2670 559 2923 617 δεσπόται
2964 561 3055 616 καὶ
3114 561 3275 624 αὐτὸς
3331 562 3359 616 6
3395 560 3618 635 μέλλων
3649 584 3737 636 γε.

327 669 461 710 vero
496 647 745 721 populus
768 647 841 702 ad
872 646 1152 702 orientem
1186 647 1392 705 faciem
1417 646 1725 704 convertit.
1759 643 1978 699 Interea

2102 646 2265 701 νέσθαι
2328 652 2549 723 Καῖσαρ,
2593 651 2684 706 καὶ
2742 649 2831 707 δια
2887 658 2987 722 τῆς
3040 658 3267 724 τρισσῆς
3318 654 3737 725 προσκυνήσεως

332 743 470 798 dum
503 739 733 792 futurus
763 735 952 791 Caesar
974 752 1007 791 a
1038 737 1349 807 praeposito
1389 740 1446 793 et
1476 736 1664 807 primo
1699 733 1977 805 magistro

2102 735 2549 812 ἱπευχαριστοῦσι
2607 744 2688 812 τῷ
2727 744 2864 811 Θεῷ,
2893 741 2981 794 καὶ
3032 737 3315 818 στρέφεται
3356 742 3496 804 ἅπας
3544 742 3573 796 6
3607 740 3739 803 λαὸς

331 829 654 894 adducitur,
679 824 958 881 diaconus
989 825 1128 880 dicit
1159 841 1173 880 :
1201 848 1229 876 «
1264 826 1326 883 In
1350 843 1490 898 pace
1521 823 1748 881 Domini
1781 837 1981 895 prece-

2102 824 2225 879 ιατᾶ
2264 826 2550 897 ἀνατολὰς,
2592 827 2946 905 εἰσαγομένου
3000 833 3099 884 τοῦ
3164 828 3474 902 μέλλοντος
3523 831 3741 905 γίνεσθο

330 932 463 973 mur
496 934 511 982 ;
545 937 572 964 »
606 912 898 985 populus:
932 935 958 962 ‹‹
983 912 1576 982 Domine,misererel
1614 934 1642 962 ››
1668 929 1785 984 quo
1806 912 1979 978 facto,

333 1020 532 1080 preces
563 1003 836 1059 solenues
868 1002 1201 1073 patriarcha
1243 1002 1489 1070 orditur,
1524 1001 1737 1072 quibus
1772 998 1979 1065 ﬁnitis,

329 1100 635 1168 postquam
664 1091 943 1163 populus:
967 1093 1217 1162 «Amen,
1242 1116 1268 1142 »
1290 1090 1614 1163 respondit,
1645 1087 1982 1160 patriarcha

330 1182 699 1253 chlamydem
716 1179 866 1235 tollit
879 1196 1127 1251 eamque
1142 1180 1515 1236 vestitoribus
1529 1179 1726 1241 tradit,
1740 1178 1978 1232 vestito-

334 1290 426 1329 res
458 1286 649 1327 coram
672 1268 925 1324 dominis
955 1270 1264 1339 explicant,
1300 1268 1642 1339 praepositus
1672 1271 1728 1322 et
1758 1268 1985 1336 primus

336 1360 614 1433 magister
634 1358 1006 1429 designatum
1037 1358 1319 1413 Cazsarem
1337 1358 1655 1425 adducunt,
1670 1355 1986 1424 statimque

330 1448 553 1507 domini
585 1465 796 1502 manus
815 1446 1170 1517 expendunt,
1196 1446 1559 1515 chlamydem
1582 1448 1780 1499 tenent
1804 1458 1985 1515 eaque

331 1546 620 1598 Caasarem
639 1538 912 1607 vestiunt,
928 1538 1207 1592 vestitum
1231 1537 1594 1604 osculantur,
1609 1542 1659 1590 el
1677 1539 1981 1591 cantores:

333 1630 488 1686 182
514 1649 541 1679 «
564 1626 853 1692 Feliciter,
885 1626 1146 1691 feliciter,
1180 1624 1462 1680 feliciter!
1500 1646 1527 1673 ››
1552 1622 1806 1695 populus
1829 1624 1983 1677 idem

332 1725 422 1778 ter
452 1718 683 1790 repetit.

2092 913 2357 989 Kaicxpoc
2388 917 2534 990 παρά
2581 938 2639 972 τε
2696 921 2794 972 τοῦ
2841 919 3205 993 πραιποσὶτου
3242 916 3332 973 καὶ
3370 922 3468 973 τοῦ
3525 919 3738 991 πρώτοι

2094 1003 2412 1076 μαγίστρου,
2453 1007 2542 1061 καὶ
2575 1008 2621 1045 ί⁸
2652 1006 2798 1083 λέγει
2842 1010 2870 1063 6
2922 1006 3195 1069 διάκονοςο
3224 1030 3253 1060 (ι
3297 1009 3382 1064 Ἐν
3424 1009 3615 1082 sip-4m
3646 1012 3741 1063 τοῦ

2091 1093 2296 1167 Κυρίου
2326 1092 2628 1169 δεηθῶμεψ
2666 1121 2692 1147 ››
2730 1097 2821 1151 καὶ
2870 1098 2898 1151 6
2957 1096 3109 1158 λαός.
3144 1122 3171 1149 ι(
3206 1098 3371 1171 Κύριε
3420 1096 3679 1167 ἐλέησον·
3714 1121 3741 1148 ››

2091 1180 2181 1234 καὶ
2224 1182 2359 1252 μετὰ
2425 1183 2488 1237 τὸ
2546 1185 2842 1258 πληρῶσαι
2897 1185 2988 1239 τὸν
3042 1182 3289 1239 διάκονον
3335 1184 3644 1260 ἀπέρχεται
3714 1186 3741 1240 6

2093 1271 2440 1345 πατριάρχης
2474 1275 2573 1342 τὴν
2609 1271 2802 1347 εὐχὴν,
2836 1274 2924 1328 καὶ
2957 1270 3023 1343 δὴ
3081 1278 3179 1329 τοῦ
3232 1275 3580 1349 πατριάρχου
3640 1276 3738 1343 τήν

2094 1358 2343 1413 εἰωθυῖαν
2376 1359 2721 1435 πληροῦντος
2754 1364 2948 1438 εὐχήν,
2973 1364 3080 1419 θκαί
3117 1365 3213 1419 τοῦ
3244 1363 3382 1419 λαοῦ
3440 1365 3742 1439 ἀποκρινο-

2099 1444 2260 1520 μένου
2290 1450 2373 1520 τὸ,
2410 1473 2438 1502 ‹‹
2471 1450 2667 1524 ’Δμὴν,
2702 1474 2732 1504 ››
2786 1450 2927 1528 α’ίρει
2977 1454 3006 1508 6
3054 1454 3401 1530 πατριάχρης
3446 1456 3547 1524 τὴν
3600 1452 3747 1530 χλα-

2099 1533 2243 1608 μύδα
2271 1537 2359 1591 καὶ
2409 1537 2693 1594 ἐπιδίδωσι
2722 1546 2837 1603 τοῖς
2892 1543 3238 1618 βεστήτορσι,
3271 1544 3323 1598 οἱ
3387 1540 3444 1597 δὶ
3484 1545 3744 1617 βεστήτο-

2099 1646 2186 1699 ρες
2242 1627 2508 1682 ἀπλοῦσιν
2559 1630 2725 1699 αὐτὴν
2794 1627 3093 1707 ἔμπροσθεν
3149 1637 3258 1687 τῶν
3315 1630 3608 1703 δεσποτῶν,
3650 1634 3743 1687 καὶ

2099 1714 2248 1787 φὲρει
2308 1718 2336 1771 6
2386 1718 2745 1791 πραιπόσιτος
2804 1720 2894 1773 καὶ
2956 1721 2984 1773 6
3032 1724 3249 1793 πρῶτος
3294 1722 3586 1793 μάγιστρος
3648 1720 3744 1776 τόν

337 1804 834 1883 χειροτονούμενον
884 1803 1146 1877 Καίσαρα,
1188 1802 1278 1858 καὶ
1337 1802 1533 1857 εὐθέως
1592 1799 1857 1856 ἆπλοῦσιν
1909 1800 1959 1855 οἱ
2021 1797 2277 1859 δεσπόται
2329 1806 2425 1867 τὰς
2473 1812 2661 1881 χεῖρας
2718 1808 2807 1862 καὶ
2870 1812 3128 1882 κρατοῦσι
3187 1810 3285 1877 τήν
3343 1806 3625 1883 χλαμύδα,
3657 1808 3750 1863 καὶ

336 1894 669 1971 περιτιθέασι
698 1897 775 1963 τῷ
806 1892 1055 1966 Καίσαρι·
1086 1892 1173 1947 καὶ
1200 1892 1451 1969 φιλοῦσιν
1486 1890 1645 1946 αὐτὸν
1684 1891 1772 1945 καὶ
1805 1889 2057 1966 λέγουσιν
2088 1892 2140 1945 οἱ
2208 1894 2455 1964 κράκται·
2488 1919 2515 1947 ‹‹

336 1988 425 2043 καὶ
456 1987 485 2041 6
517 1983 649 2044 λαὸς
681 1982 797 2058 ἐκγ¹
826 1983 890 2038 τὸ
921 1983 1073 2037 αὐτό.

2579 1896 2845 1971 Εὐτυχῶς
2891 1900 3024 1970 (40),
3083 1897 3352 1973 εὐτυχῶς,
3411 1897 3682 1972 εὐτυχῶς.
3714 1917 3744 1950 ι

412 2086 507 2141 ΙΙΙ.
539 2085 702 2140 Tunc
732 2083 1060 2153 patriarcha
1083 2088 1174 2138 ter
1202 2082 1483 2153 populum
1508 2096 1678 2136 cruce
1709 2080 1899 2151 signat
1928 2086 1982 2135 et

2164 2088 2234 2139 Γ’.
2258 2082 2357 2137 Καὶ
2398 2084 2594 2147 εὐθέως
2626 2087 2654 2141 6
2703 2087 3053 2162 πατριάρχης
3120 2087 3551 2164 κατασφραγίζει
3614 2086 3754 2160 πρὸς

340 2175 521 2232 dicit:
556 2172 909 2229 «Paxvobis.
940 2195 959 2221 -
984 2170 1646 2244 PopuluszttEtspiritui
1667 2174 1787 2225 tuo.
1808 2169 1987 2225 »Ροε-

341 2281 403 2322 ro
426 2264 741 2320 diaconus:
768 2286 794 2313 ‹‹
832 2262 1033 2333 Capita
1055 2270 1255 2317 nostra
1284 2259 1530 2316 Domino
1554 2258 1929 2315 inclinemus.
1959 2280 1987 2309 »

340 2357 577 2413 Peracto
609 2357 803 2407 autem
828 2351 1073 2407 solemni
1091 2351 1201 2406 ritu
1218 2348 1619 2406 inclinationis
1640 2348 1992 2419 capitis,sci-

336 2443 475 2500 licet
502 2446 813 2516 postquam
844 2441 1230 2513 imperatores
1261 2455 1422 2511 aeque
1458 2454 1524 2494 ac
1583 2438 1767 2493 Caesar
1818 2440 1995 2509 caput

338 2532 725 2598 inclinarunt,
759 2546 1076 2603 precesque
1091 2530 1266 2584 finita
1291 2532 1453 2596 sunt,
1482 2526 1814 2599 patriarcha
1833 2542 1994 2581 coro-

342 2642 479 2682 nam
511 2640 611 2679 seu
636 2622 983 2679 casaricium
1009 2622 1210 2688 sumit,
1235 2619 1410 2691 idque
1432 2618 1730 2676 osculatus
1752 2618 1998 2686 impera-

345 2713 457 2770 tori
489 2713 686 2778 tradit,
720 2710 819 2780 qui
850 2710 907 2764 id
940 2708 1115 2764 etiam
1164 2709 1468 2764 osculatur
1496 2706 1998 2777 osculandumque

344 2800 558 2861 Caesari
580 2800 783 2866 tradit,
808 2798 1129 2868 statimque
1160 2813 1336 2868 super
1358 2797 1547 2867 capite
1604 2796 1732 2866 ejus
1762 2795 1996 2863 signum

348 2889 487 2946 facit
518 2905 584 2945 ac
616 2888 793 2944 dicit:
819 2889 929 2943 «In
954 2886 1419 2951 nominePatris,
1450 2884 2001 2956 etFilii,etSpiritus

351 2977 555 3036 sancti.
594 2998 622 3026 ι»
653 2976 750 3031 Sic
781 2992 1013 3048 quoque
1042 2991 1317 3031 coronam
1346 2974 1521 3047 capiti
1554 2972 1845 3046 designati
1876 2975 2001 3030 Cte-

350 3068 502 3126 saris
532 3064 802 3138 imponit,
832 3074 1100 3122 cantores
1122 3064 1325 3120 dicunt
1359 3083 1372 3121 :
1408 3086 1435 3113 ‹‹
1460 3063 1840 3133 Felicissimo,
1873 3062 1998 3119 feli-

346 3157 604 3226 cissime,
638 3154 998 3226 felicissime;
1032 3176 1060 3207 »
1094 3159 1220 3210 tum
1264 3153 1517 3227 populus
1548 3158 1671 3210 ter:
1701 3175 1730 3203 «
1763 3151 1999 3209 Felicis-

2095 2170 2186 2225 16v
2226 2170 2356 2226 λαὸν
2388 2175 2598 2248 τρίτον⁹
2626 2176 2714 2230 καὶ
2742 2173 2890 2251 λέγει
2920 2193 2970 2243 ;‹‹
3006 2176 3211 2250 Εἰρήνη
3244 2181 3424 2230 πᾶσιν·
3458 2201 3484 2226 ››
3533 2177 3561 2230 6
3598 2174 3750 2237 λαός·

2101 2284 2128 2313 ι(
2165 2262 2260 2317 Καὶ
2295 2267 2374 2334 τῷ
2426 2263 2687 2336 πνεύματί
2757 2284 2872 2320 σου.
2906 2285 2932 2316 ι
3000 2265 3138 2321 Εἶτα
3198 2260 3344 2340 λέγει
3406 2265 3434 2319 6
3479 2262 3751 2326 διάκονοςο

2108 2370 2129 2400 ι
2155 2351 2265 2411 Τὰς
2296 2351 2533 2430 κεφαλὰς
2566 2355 2725 2426 ἡμῶν
2783 2358 2862 2425 τῷ
2910 2354 3091 2429 Κυρίῳ
3130 2353 3426 2427 κλίνωμεν·
3463 2378 3490 2406 ››
3525 2354 3626 2411 Καὶ
3657 2360 3757 2423 τῆς

2102 2442 2370 2511 συνήθους
2435 2442 2638 2512 τάξεως
2722 2449 2821 2512 τῆς
2911 2442 3339 2520 κεφαλογλισίας
3395 2442 3753 2516 τελουμένης,

2102 2528 2360 2600 δηλονότι
2391 2529 2934 2604 κεφαλοκλινοόντων
2967 2534 3058 2588 καὶ
3084 2538 3192 2587 τῶν
3228 2532 3502 2608 βασιλέων
3535 2533 3752 2588 καὶτοῦ

2102 2619 2484 2692 Καίσαρος,καὶ
2511 2620 2644 2693 μετὰ
2688 2622 2787 2690 νήν
2843 2622 3125 2700 τεχείωσιν
3162 2630 3260 2691 τῆς
3327 2620 3498 2691 εἷιχῆς
3542 2627 3683 2697 αἴρει
3720 2623 3747 2675 6

2104 2728 2453 2784 πατριαρχης
2480 2710 2573 2764 τὸν
2602 2708 2880 2787 στέφανον,
2922 2713 3046 2781 ἤτοι
3077 2713 3139 2767 τὸ
3178 2712 3541 2786 καισαρίκιον,
3575 2710 3751 2788 φιλῶν

2108 2798 2259 2869 αὐτὸ,
2317 2798 2408 2853 καὶ
2448 2796 2761 2854 ἐπιδίδωσιν
2816 2799 2947 2855 αὐτὸ
2994 2806 3073 2872 τῷ
3134 2800 3367 2876 βατιλεῖ.
3399 2802 3460 2857 Ὀ
3502 2797 3558 2855 δὲ
3590 2801 3748 2875 βασι-

2108 2885 2234 2949 λεὺς
2292 2888 2586 2957 ἀσπάζεται
2644 2887 2797 2956 αὐτὸ,
2847 2890 2936 2943 καὶ
2999 2895 3149 2944 ποιεῖ
3204 2891 3435 2969 φιλῆσαι
3486 2889 3613 2943 αὐτὸ
3671 2889 3761 2943 καὶ

2106 2979 2197 3033 τὸν
2246 2978 2508 3051 Καίσαρα,
2552 2979 2643 3033 καὶ
2702 2979 2901 3041 εὐθέως
2951 2981 3371 3055 κατασφραγίζει
3430 2979 3612 3035 ἐπάνω
3659 2986 3760 3049 τῆς

2108 3067 2353 3146 κεφαλῆς
2387 3069 2555 3123 αὐτοῦ
2584 3067 2779 3145 λέγων·
2815 3092 2843 3120 ‹‹
2875 3068 2969 3131 Εἷς
2999 3070 3062 3124 τὸ
3092 3065 3267 3143 ὄνομα
3298 3074 3393 3124 σοῦ
3418 3070 3647 3144 Πατρός,
3670 3068 3759 3124 καὶ

2106 3160 2203 3211 τοῦ
2224 3155 2375 3224 Υἰοῦ,
2406 3156 2494 3210 καὶ
2525 3160 2621 3211 τοῦ
2683 3157 2992 3230 ίινεόματος
3023 3158 3203 3234 ἁγίου.
3240 3182 3267 3209 ››
3308 3159 3406 3213 Καὶ
3456 3159 3550 3221 εἷθ’
3582 3158 3757 3219 οὓτως

346 3248 517 3313 sime,
533 3268 561 3297 »
582 3246 790 3302 deinde
810 3247 1139 3302 acclamant
1161 3259 1174 3299 :
1195 3265 1223 3296 α
1239 3243 1453 3299 Multos
1502 3259 1711 3307 annos,
1741 3262 1769 3292 ››
1784 3246 1841 3298 et
1861 3239 1963 3296 rel.
1982 3257 1989 3309 ;

2107 3244 2416 3321 περιτίθησι
2444 3246 2535 3300 τὸν
2586 3246 2837 3323 στέφανον
2894 3246 2970 3309 εἷς
3026 3248 3123 3315 τήν
3157 3249 3397 3325 κορυφὴν
3430 3252 3526 3302 τοῦ
3568 3266 3759 3323 χειρο-

348 3346 643 3409 postremo
676 3351 694 3388 :
729 3354 756 3381 «
798 3332 1009 3388 Multos
1062 3347 1247 3387 annos
1304 3330 1645 3386 felicissimo
1681 3328 1887 3384 Caesari
1920 3346 1935 3396 ;
1967 3348 1989 3378 ιι

2110 3334 2440 3408 τονουμὲνου
2470 3333 2759 3408 Καίσαρος,
2789 3336 2880 3390 καὶ
2914 3336 3163 3411 Λέγουσιν
3206 3339 3258 3392 οἱ
3289 3337 3539 3412 κράκται.
3565 3361 3594 3388 ‹‹
3626 3336 3762 3391 Φιλο

350 3422 562 3479 deinde
594 3437 606 3475 :
642 3441 670 3464 «ι
696 3420 811 3475 Nos
839 3420 986 3475 servi
1020 3419 1455 3488 imperatorum,
1504 3433 1611 3473 nos
1642 3417 1793 3472 servi
1822 3415 1989 3471 Caesar

2120 3424 2403 3514 λιιιήσιμε,
2435 3422 2821 3514 φιλλικήσιμε,
2855 3425 3243 3501 φιλλικήσιμε,
3284 3450 3311 3478 ›)
3345 3428 3447 3484 Καὶ
3479 3427 3506 3481 6
3542 3426 3674 3489 λαὸς
3704 3426 3765 3481 ἐκ

353 3511 456 3577 ris,
488 3508 594 3565 Fili
623 3507 834 3573 Dei,da
862 3506 1009 3578 ipsis
1041 3508 1242 3571 vitam,
1267 3507 1373 3562 Fili
1403 3506 1527 3570 Dei,
1560 3506 1635 3561 da
1665 3506 1811 3577 ipsis
1832 3505 1989 3560 victo-

2112 3513 2317 3586 τρίτουο
2353 3537 2380 3564 ι(
2441 3511 2819 3586 Φιλλικήσιμε
2850 3516 2915 3582 η,
2970 3538 2998 3565 ››
3028 3515 3119 3569 καὶ
3164 3516 3263 3571 εἴθ’
3293 3514 3466 3578 οὕτως
3496 3516 3693 3590 γίνεται
3726 3517 3759 3585 ἡ

351 3595 530 3656 riam!
588 3618 616 3646 »
674 3595 909 3650 Peracta
939 3610 1075 3651 vero
1132 3594 1571 3662 acclamatione,
1610 3593 1989 3650 dominicum

2112 3602 2375 3681 εὐφημία.
2427 3624 2454 3656 α
2488 3599 2683 3657 Ηολλὰ
2710 3602 2779 3655 τὰ
2808 3599 2901 3672 ἔτη
2928 3603 2992 3671 η,
3028 3626 3057 3653 ››
3088 3603 3178 3657 καὶ
3232 3606 3299 3659 τὰ
3328 3602 3474 3677 ἑξῆς,
3517 3603 3568 3659 ἐν
3599 3600 3656 3659 δὲ
3682 3608 3761 3676 τῷ

348 3686 681 3761 patriarcha
710 3690 767 3741 et
789 3684 1010 3741 Czesare
1039 3684 1364 3740 triclinium
1397 3684 1800 3741 novemdecim
1837 3699 1989 3738 accu‘

2110 3690 2385 3763 τελευτᾷν·
2431 3715 2460 3745 ι(
2498 3688 2690 3747 Πολλὰ
2727 3691 2797 3745 τὰ
2840 3688 2934 3761 ἔτη
2975 3697 3073 3747 τοῦ
3122 3693 3513 3771 εὐτυχεςτάτου
3560 3692 3764 3749 Καίσα-

344 3775 577 3833 Δὴίῑιιιιω
636 3773 881 3838 intrant,
914 3772 1243 3828 consident.
1278 3777 1335 3829 et
1367 3773 1637 3829 adoratio
1678 3773 1989 3844 peragitur.

2111 3803 2223 3851 ρος.
2258 3804 2286 3833 ››
2318 3761 2471 3837 Εἶτα·
2500 3804 2528 3833 (ι
2562 3781 2757 3853 Ἡμεῖς
2788 3777 3103 3836 δοῦλοιτῶν
3140 3761 3428 3858 βασιλέων,
3449 3785 3615 3853 ἡμεῖς
3636 3779 3767 3836 δοῦ-

353 3879 444 3937 λοι
472 3883 574 3935 τοῦ
615 3878 1041 3953 Καίσαρος,Ὑὶε
1087 3882 1247 3949 Θεοῦ,
1309 3880 1456 3948 ζωὴν
1484 3877 1670 3939 αὐτοῖς
1717 3877 1824 3931 ’Υἱὲ
1854 3880 2009 3944 Θεοῦ,
2068 3875 2223 3943 νίκην
2278 3872 2485 3932 αὐτοῖς.
2518 3894 2545 3924 ››
2601 3871 2707 3929 Καὶ
2742 3872 2832 3926 ὅτε
2888 3870 3164 3946 πληρωθῇ
3221 3874 3257 3942 ἡ
3301 3872 3565 3952 εὐφημία,
3590 3869 3765 3947 εἰσέρ-

354 3990 545 4048 χονται
570 3971 623 4025 οἱ
645 3966 902 4024 δεσπόται
938 3970 1071 4042 μετὰ
1098 3972 1196 4023 τοῦ
1225 3969 1569 4043 πατριάρχου
1594 3968 1681 4022 καὶ
1706 3970 1804 4022 τοῦ
1836 3965 2101 4040 Καίσαρος
2134 3964 2209 4024 εἰς
2248 3964 2343 4019 τὸΛ
2371 3960 2670 4036 τρικλίνιον
2718 3965 2827 4017 τῶν
2880 3963 2941 4016 ιθ⁹
2998 3961 3321 4034 ἀκουόίτων,
3362 3963 3453 4018 καὶ
3500 3963 3762 4032 καθέζον-

352 4082 462 4129 ται,
496 4060 586 4114 ml
610 4058 940 4115 ἐπιτελεῖται
970 4060 1005 4127 ἠ
1038 4058 1427 4132 προσχόνησις.

949 4147 1182 4204 CAPUT
1222 4148 1408 4204 XLIV.

571 4236 920 4296 Obseruando
949 4239 1006 4292 in
1045 4235 1382 4309 promotion:
1424 4234 1787 4291 Nobilissimi.

2719 4142 2985 4197 ΚΕΦΑΛ.
3019 4141 3149 4197 MA’.

2151 4230 2291 4286 Ὅσα
2338 4225 2417 4283 Sel
2465 4226 2902 4353 παραφυλάττειγ
2957 4226 3044 4283 ἐπὶ
3086 4228 3397 4305 χειροτονίᾳ
3451 4225 3729 4300 Νωϐελη-

2847 4321 2879 4353 σ
2908 4320 3033 4353 μου.

2847 4320 3033 4373 σιμου.

421 4403 465 4460 Ι.
500 4401 688 4456 Pridie
702 4400 879 4457 unius
897 4399 1009 4455 diei
1024 4397 1349 4456 demarchis
1363 4400 1421 4452 et
1436 4394 1826 4453 rel'erendario
1843 4410 1989 4449 man-

2191 4390 2271 4447 A'.
2305 4388 2419 4462 Βρὸ
2470 4393 2595 4460 μιᾶς
2645 4384 2853 4443 δίδοται
2902 4384 3188 4463 ἀπόκρισις
3248 4387 3324 4452 εἷς
3400 4388 3594 4463 ἑορτὴν
3646 4394 3767 4452 τοῖς

361 4492 567 4549 datum
586 4491 655 4545 de
674 4490 819 4545 festo
837 4489 1030 4557 datur,
1054 4488 1335 4559 omnique
1361 4484 1919 4549 senatuiindicatur,
1944 4498 1989 4537 u‘

2120 4475 2436 4555 δημάρχοις
2464 4477 2555 4531 καὶ
2596 4481 2675 4549 τῷ
2727 4474 3139 4553 ῥεφερενδαρίῳ,
3169 4478 3259 4532 καὶ
3309 4477 3571 4550 μηνύεται
3626 4483 3773 4534 πᾶσα

362 4580 627 4651 sequenti
645 4594 812 4634 mane
833 4593 965 4633 cum
985 4574 1317 4631 mutatoriis
1333 4574 1588 4641 veniant,
1622 4587 1802 4645 quare
1832 4587 1898 4627 eo
1919 4570 1989 4624 dit

2120 4569 2153 4636 ἡ
2188 4566 2515 4643 σύγκλητος,
2554 4565 2645 4620 ἳνα
2682 4564 2830 4641 πρωῒ
2861 4561 3061 4630 ἔλθωσι
3097 4567 3231 4639 μετὰ
3290 4564 3631 4639 ἇλλαξίμων,
3679 4565 3768 4622 καὶ

358 4670 552 4728 omnis
566 4672 803 4724 senatus
815 4681 976 4737 aeque
988 4681 1054 4721 ac
1070 4663 1319 4737 praefecti
1334 4662 1656 4719 scholarum
1673 4677 1737 4719 ac
1761 4659 1988 4732 reliquo

2119 4657 2181 4713 16
2220 4653 2365 4729 πρωΐ
2396 4654 2656 4744 ἀλλάσσει
2688 4660 2831 4711 πᾶσα
2859 4658 2893 4725 ἡ
2927 4655 3237 4731 σύγκλητος
3268 4657 3357 4712 καὶ
3399 4656 3466 4712 τὰ
3512 4657 3768 4730 ἀξιώμα-

359 4775 487 4818 rum
502 4758 773 4814 ordinum
795 4760 989 4812 vestes
1008 4758 1261 4821 mutant,
1276 4768 1526 4824 vasaque
1538 4750 1612 4808 ad
1632 4751 1989 4808 deducendo:

2116 4768 2183 4801 τα
2209 4749 2317 4800 τῶν
2354 4741 2575 4819 σχολῶν
2616 4745 2705 4799 καὶ
2745 4750 2853 4799 τῶν
2904 4744 3114 4801 λοιπῶν
3160 4746 3471 4821 ταγμάτων,
3512 4746 3603 4800 καὶ
3658 4766 3765 4800 πα-

360 4850 420 4905 in
437 4847 719 4919 obsequio
736 4846 1006 4903 dominos
1018 4843 1337 4900 adducunt.
1355 4842 1575 4899 Paratis
1596 4840 1888 4905 omnibus,
1903 4856 1989 4913 pa-

2116 4830 2529 4911 ραλαμῦάνουσι
2585 4834 2653 4889 τὰ
2712 4834 2875 4905 σκεύη
2943 4836 3077 4910 πρὸς
3164 4837 3226 4890 16
3295 4834 3576 4907 ὀψικεῦσαι
3637 4837 3765 4898 τοὺς

357 4936 613 4994 triarcha
624 4935 781 4993 venit
794 4950 1009 5009 perque
1024 4934 1317 5008 daphnem
1334 4933 1405 4989 ad
1421 4933 1480 4989 S.
1494 4931 1773 5004 Stephani
1791 4930 1989 5004 pergit,

2115 4923 2397 4987 δεσπότας.
2459 4921 2559 4977 Καὶ
2629 4924 2842 4979 πάντων
2899 4922 3375 5000 εὐτρεπισθέντων,
3455 4921 3676 4999 ἔρχεται
3739 4926 3768 4980 6

355 5027 627 5083 dominos
684 5026 920 5099 excipit,
966 5040 1106 5081 vasa
1157 5022 1355 5081 omnia
1410 5038 1527 5080 una
1556 5037 1689 5079 cum
1730 5036 1899 5077 cruce
1928 5020 1989 5077 ad

2113 5012 2465 5093 πατριάρχης
2524 5012 2615 5068 καὶ
2678 5011 2979 5090 εἰσέρχεται
3037 5010 3124 5068 διὰ
3180 5019 3278 5085 τῆς
3327 5010 3534 5091 δάφνης
3574 5012 3649 5075 εἷς
3675 5014 3766 5069 τὸν

1724 5158 1967 5215 VARUE
2007 5153 2394 5215 LECTIONES

431 5280 477 5320 ί³
504 5280 596 5334 καὶ
627 5297 743 5338 om.
776 5283 867 5339 ed.
948 5281 994 5321 ¹⁸
1024 5277 1182 5358 φιλλ.
1216 5276 1373 5355 φιλλ.
1404 5274 1496 5331 καί
1516 5305 1587 5320 -—
1616 5271 1775 5353 φιλλ.
1807 5290 1925 5331 om.
1956 5273 2073 5339 ed.,
2114 5270 2275 5328 dedit
2303 5270 2372 5328 Β.
2398 5273 2519 5326 not.
2596 5270 2641 5306 ³⁸
2668 5266 2857 5325 πολλὰ
2884 5264 2977 5339 ἔτη
3010 5271 3101 5327 ed.

1403 5400 1605 5459 JOAN.
1644 5399 1794 5457 JAC.
1845 5396 2105 5455 REISKII
2145 5392 2717 5453 COMMENTARIUS

432 5502 546 5576 (40)
568 5502 729 5573 Sapit
749 5503 857 5559 hoc
889 5512 1146 5576 veterum
1193 5503 1588 5576 Romanorum
1622 5500 1679 5576 in
1712 5496 2016 5576 electioni-
2126 5491 3775 5576 prwtorignorlumfeliciter;pratorfircofwrtieusfeliciter;

362 5561 476 5630 bu‘s
508 5561 923 5644 imperatorum
957 5573 1312 5631 acclamandi
1347 5586 1595 5627 morem.
1638 5569 1815 5644 ItaAin
1846 5570 2018 5644 Acto_-_
2126 5561 3021 5644 exet-cineas,Romonisfeliciter;
3043 5562 3244 5644 pietati
3262 5570 3485 5644 senatus
3514 5561 3770 5644 [αἰσίων.

363 5646 520 5718 logia
549 5634 790 5718 senatus
812 5649 882 5703 ad
920 5647 1276 5704 Pertinacem
1312 5653 1435 5716 post
1483 5657 1684 5698 necem
1701 5638 2023 5718 Δ(ξριῐιειιοιίξ
2134 5637 2274 5718 lude
2302 5635 2544 5718 Ῑθι-ίςίιετ
2572 5634 2966 5708 αιίειιίοῃιανε
2993 5634 3086 5718 εει
3112 5634 3291 5718 idem,
3325 5640 3500 5718 atque
3528 5635 3783 5718 impera-

366 5705 488 5776 haic
546 5717 720 5776 habet
774 5718 1071 5791 Lamprid.
1101 5726 1140 5774 t.
1176 5705 1357 5773 Illis}.
1412 5718 1548 5785 Aug.
1607 5731 1663 5785 p.
1697 5713 1803 5767 325
1829 5728 1842 5768 :
1866 5709 2023 5769 Fidei
2132 5705 2314 5765 torem
2376 5707 2546 5763 Rom.
2580 5705 2955 5779 nuncupare;
3007 5707 3296 5779 Spartian.
3329 5714 3370 5763 t.
3405 5705 3449 5777 Ι,
3485 5722 3540 5778 p.
3572 5705 3698 5769 644,
3722 5705 3777 5759 5.
