  <div class='ocr_page' id='page_1' title='image "/cluster/home/n/w/nwhite01/storage/ocr_20150623/112/hvd.32044073502304/246.png"; bbox 0 0 4158 6212; ppageno 0'>
   <div class='ocr_carea' id='block_1_1' title="bbox 398 369 510 439">
    <p class='ocr_par' dir='ltr' id='par_1_1' title="bbox 398 369 510 439">
     <span class='ocr_line' id='line_1_1' title="bbox 398 369 510 439; baseline 0.018 -2"><span class='ocrx_word' id='word_1_1' title='bbox 398 369 510 439; x_wconf 63' lang='grc'><strong>481</strong></span> 
     </span>
    </p>
   </div>
   <div class='ocr_carea' id='block_1_2' title="bbox 1264 368 2941 437">
    <p class='ocr_par' dir='ltr' id='par_1_2' title="bbox 1264 368 2941 437">
     <span class='ocr_line' id='line_1_2' title="bbox 1264 368 2941 437; baseline 0.001 -1"><span class='ocrx_word' id='word_1_2' title='bbox 1264 375 1368 436; x_wconf 85' lang='lat' dir='ltr'><strong>DE</strong></span> <span class='ocrx_word' id='word_1_3' title='bbox 1411 371 1855 437; x_wconf 78' lang='lat' dir='ltr'><strong>CERIMONIIS</strong></span> <span class='ocrx_word' id='word_1_4' title='bbox 1902 368 2136 435; x_wconf 79' lang='lat' dir='ltr'><strong>AUL/E</strong></span> <span class='ocrx_word' id='word_1_5' title='bbox 2176 372 2652 436; x_wconf 72' lang='lat' dir='ltr'><strong>BYZANTINAE</strong></span> <span class='ocrx_word' id='word_1_6' title='bbox 2696 374 2841 437; x_wconf 88' lang='lat' dir='ltr'><strong>LIB.</strong></span> <span class='ocrx_word' id='word_1_7' title='bbox 2889 379 2941 437; x_wconf 92' lang='grc' dir='ltr'><strong>Ι.</strong></span> 
     </span>
    </p>
   </div>
   <div class='ocr_carea' id='block_1_3' title="bbox 3693 377 3810 437">
    <p class='ocr_par' dir='ltr' id='par_1_3' title="bbox 3693 377 3810 437">
     <span class='ocr_line' id='line_1_3' title="bbox 3693 377 3810 437; baseline -0.017 0"><span class='ocrx_word' id='word_1_8' title='bbox 3693 377 3810 437; x_wconf 70' lang='grc'><strong>482</strong></span> 
     </span>
    </p>
   </div>
   <div class='ocr_carea' id='block_1_4' title="bbox 399 497 2093 590">
    <p class='ocr_par' dir='ltr' id='par_1_4' title="bbox 399 497 2093 590">
     <span class='ocr_line' id='line_1_4' title="bbox 399 497 2093 590; baseline -0.003 -22"><span class='ocrx_word' id='word_1_9' title='bbox 399 515 589 588; x_wconf 78' lang='grc' dir='ltr'>Ἀγιον</span> <span class='ocrx_word' id='word_1_10' title='bbox 643 506 934 590; x_wconf 77' lang='grc' dir='ltr'>Στέφανον,</span> <span class='ocrx_word' id='word_1_11' title='bbox 973 510 1065 565; x_wconf 77' lang='grc' dir='ltr'><strong>καὶ</strong></span> <span class='ocrx_word' id='word_1_12' title='bbox 1113 497 1390 584; x_wconf 70' lang='grc' dir='ltr'>ἐκδέχεται</span> <span class='ocrx_word' id='word_1_13' title='bbox 1454 508 1580 570; x_wconf 76' lang='grc' dir='ltr'>τοὺς</span> <span class='ocrx_word' id='word_1_14' title='bbox 1631 505 1914 580; x_wconf 83' lang='grc' dir='ltr'><strong>δεσπότας,</strong></span> <span class='ocrx_word' id='word_1_15' title='bbox 1958 507 2093 576; x_wconf 60' lang='grc' dir='ltr'>καὶλ</span> 
     </span>
    </p>
   </div>
   <div class='ocr_carea' id='block_1_5' title="bbox 2181 497 3898 590">
    <p class='ocr_par' dir='ltr' id='par_1_5' title="bbox 2181 507 3898 584">
     <span class='ocr_line' id='line_1_5' title="bbox 2181 507 3898 584; baseline 0.001 -20"><span class='ocrx_word' id='word_1_16' title='bbox 2181 507 2423 565; x_wconf 75' lang='lat' dir='ltr'><strong>&#39;.ribunal</strong></span> <span class='ocrx_word' id='word_1_17' title='bbox 2454 509 2586 566; x_wconf 86' lang='lat' dir='ltr'><strong>XIX</strong></span> <span class='ocrx_word' id='word_1_18' title='bbox 2609 510 2987 568; x_wconf 88' lang='lat' dir='ltr'><strong>accubituum</strong></span> <span class='ocrx_word' id='word_1_19' title='bbox 3019 511 3362 584; x_wconf 89' lang='lat' dir='ltr'><strong>procedunt,</strong></span> <span class='ocrx_word' id='word_1_20' title='bbox 3395 511 3699 577; x_wconf 73' lang='lat' dir='ltr'><strong>factiones,</strong></span> <span class='ocrx_word' id='word_1_21' title='bbox 3732 511 3812 566; x_wconf 62' lang='grc' dir='ltr'><strong>οἱ.</strong></span> <span class='ocrx_word' id='word_1_22' title='bbox 3895 574 3898 576; x_wconf 14' lang='grc' dir='ltr'>γ</span> 
     </span>
    </p>
   </div>
   <div class='ocr_carea' id='block_1_6' title="bbox 399 597 2050 676">
    <p class='ocr_par' dir='ltr' id='par_1_6' title="bbox 399 597 2050 676">
     <span class='ocr_line' id='line_1_6' title="bbox 399 597 2050 676; baseline 0 -22"><span class='ocrx_word' id='word_1_23' title='bbox 399 599 718 676; x_wconf 69' lang='grc' dir='ltr'><strong>ἐξέρχονται</strong></span> <span class='ocrx_word' id='word_1_24' title='bbox 746 600 812 656; x_wconf 81' lang='grc' dir='ltr'><strong>τὰ</strong></span> <span class='ocrx_word' id='word_1_25' title='bbox 845 599 1009 670; x_wconf 89' lang='grc' dir='ltr'>σκεύη</span> <span class='ocrx_word' id='word_1_26' title='bbox 1059 599 1228 654; x_wconf 79' lang='grc' dir='ltr'>πάντα</span> <span class='ocrx_word' id='word_1_27' title='bbox 1272 597 1360 653; x_wconf 82' lang='grc' dir='ltr'><strong>καὶ</strong></span> <span class='ocrx_word' id='word_1_28' title='bbox 1403 598 1431 653; x_wconf 86' lang='grc' dir='ltr'>ὁ</span> <span class='ocrx_word' id='word_1_29' title='bbox 1480 599 1710 673; x_wconf 86' lang='grc' dir='ltr'><strong>σταυρὸς</strong></span> <span class='ocrx_word' id='word_1_30' title='bbox 1739 597 1790 653; x_wconf 76' lang='grc' dir='ltr'>ἐν</span> <span class='ocrx_word' id='word_1_31' title='bbox 1820 603 1900 671; x_wconf 82' lang='grc' dir='ltr'><strong>τῷ</strong></span> <span class='ocrx_word' id='word_1_32' title='bbox 1931 618 2050 674; x_wconf 87' lang='grc' dir='ltr'>τρι-</span> 
     </span>
    </p>
   </div>
   <div class='ocr_carea' id='block_1_7' title="bbox 406 683 2052 762">
    <p class='ocr_par' dir='ltr' id='par_1_7' title="bbox 406 683 2052 762">
     <span class='ocr_line' id='line_1_7' title="bbox 406 683 2052 762; baseline 0.001 -20"><span class='ocrx_word' id='word_1_33' title='bbox 406 684 684 762; x_wconf 78' lang='grc' dir='ltr'>ϐουναλίῳ</span> <span class='ocrx_word' id='word_1_34' title='bbox 711 694 821 743; x_wconf 83' lang='grc' dir='ltr'><strong>τῶν</strong></span> <span class='ocrx_word' id='word_1_35' title='bbox 859 690 922 753; x_wconf 82' lang='grc' dir='ltr'>ιθ¹</span> <span class='ocrx_word' id='word_1_36' title='bbox 952 683 1281 755; x_wconf 78' lang='grc' dir='ltr'>ἀκουῦίτων,</span> <span class='ocrx_word' id='word_1_37' title='bbox 1315 686 1530 759; x_wconf 78' lang='grc' dir='ltr'>ὁμοίως</span> <span class='ocrx_word' id='word_1_38' title='bbox 1557 688 1648 741; x_wconf 78' lang='grc' dir='ltr'><strong>καὶ</strong></span> <span class='ocrx_word' id='word_1_39' title='bbox 1693 688 1762 741; x_wconf 80' lang='grc' dir='ltr'>τὰ</span> <span class='ocrx_word' id='word_1_40' title='bbox 1792 688 1930 762; x_wconf 83' lang='grc' dir='ltr'>μέρη</span> <span class='ocrx_word' id='word_1_41' title='bbox 1963 687 2052 746; x_wconf 87' lang='grc' dir='ltr'><strong>καὶ</strong></span> 
     </span>
    </p>
   </div>
   <div class='ocr_carea' id='block_1_8' title="bbox 405 775 2056 853">
    <p class='ocr_par' dir='ltr' id='par_1_8' title="bbox 405 775 2056 853">
     <span class='ocr_line' id='line_1_8' title="bbox 405 775 2056 853; baseline -0.001 -19"><span class='ocrx_word' id='word_1_42' title='bbox 405 781 458 834; x_wconf 70' lang='grc' dir='ltr'>οἱ</span> <span class='ocrx_word' id='word_1_43' title='bbox 504 786 606 848; x_wconf 83' lang='grc' dir='ltr'><strong>τῆς</strong></span> <span class='ocrx_word' id='word_1_44' title='bbox 644 778 864 842; x_wconf 87' lang='grc' dir='ltr'>πόλεως</span> <span class='ocrx_word' id='word_1_45' title='bbox 905 777 995 832; x_wconf 82' lang='grc' dir='ltr'><strong>καὶ</strong></span> <span class='ocrx_word' id='word_1_46' title='bbox 1031 777 1099 834; x_wconf 78' lang='grc' dir='ltr'>τὰ</span> <span class='ocrx_word' id='word_1_47' title='bbox 1148 776 1542 853; x_wconf 74' lang='grc' dir='ltr'>στρατεύματαο</span> <span class='ocrx_word' id='word_1_48' title='bbox 1597 779 1624 832; x_wconf 99' lang='lat'><strong>6</strong></span> <span class='ocrx_word' id='word_1_49' title='bbox 1669 775 1727 832; x_wconf 76' lang='grc' dir='ltr'>δὲ</span> <span class='ocrx_word' id='word_1_50' title='bbox 1755 784 1856 847; x_wconf 82' lang='grc' dir='ltr'>τῆς</span> <span class='ocrx_word' id='word_1_51' title='bbox 1887 798 2056 833; x_wconf 88' lang='grc' dir='ltr'>κατα-</span> 
     </span>
    </p>
   </div>
   <div class='ocr_carea' id='block_1_9' title="bbox 409 864 2056 942">
    <p class='ocr_par' dir='ltr' id='par_1_9' title="bbox 409 864 2056 942">
     <span class='ocr_line' id='line_1_9' title="bbox 409 864 2056 942; baseline -0.001 -20"><span class='ocrx_word' id='word_1_52' title='bbox 409 870 646 930; x_wconf 79' lang='grc' dir='ltr'>στάσεως</span> <span class='ocrx_word' id='word_1_53' title='bbox 689 867 988 941; x_wconf 73' lang='grc' dir='ltr'><strong>εὐτρεπίζει</strong></span> <span class='ocrx_word' id='word_1_54' title='bbox 1044 865 1111 922; x_wconf 75' lang='grc' dir='ltr'><strong>τὰ</strong></span> <span class='ocrx_word' id='word_1_55' title='bbox 1170 864 1318 940; x_wconf 86' lang='grc' dir='ltr'>βῆλα</span> <span class='ocrx_word' id='word_1_56' title='bbox 1375 865 1454 928; x_wconf 68' lang='grc' dir='ltr'>εἷς</span> <span class='ocrx_word' id='word_1_57' title='bbox 1500 867 1594 921; x_wconf 83' lang='grc' dir='ltr'><strong>τὸν</strong></span> <span class='ocrx_word' id='word_1_58' title='bbox 1644 865 1892 942; x_wconf 82' lang='grc' dir='ltr'>πόρτηκα</span> <span class='ocrx_word' id='word_1_59' title='bbox 1947 871 2056 921; x_wconf 83' lang='grc' dir='ltr'><strong>τῶν</strong></span> 
     </span>
    </p>
   </div>
   <div class='ocr_carea' id='block_1_10' title="bbox 411 949 2056 1029">
    <p class='ocr_par' dir='ltr' id='par_1_10' title="bbox 411 949 2056 1029">
     <span class='ocr_line' id='line_1_10' title="bbox 411 949 2056 1029; baseline 0 -19"><span class='ocrx_word' id='word_1_60' title='bbox 411 959 472 1010; x_wconf 71' lang='grc' dir='ltr'>ιθ⁴</span> <span class='ocrx_word' id='word_1_61' title='bbox 527 951 854 1026; x_wconf 77' lang='grc' dir='ltr'>ἀκουὸίτων,</span> <span class='ocrx_word' id='word_1_62' title='bbox 907 955 982 1018; x_wconf 83' lang='grc' dir='ltr'><strong>ὡς</strong></span> <span class='ocrx_word' id='word_1_63' title='bbox 1041 949 1158 1029; x_wconf 71' lang='grc' dir='ltr'>ἔχει</span> <span class='ocrx_word' id='word_1_64' title='bbox 1189 957 1224 1024; x_wconf 81' lang='grc' dir='ltr'><strong>ἡ</strong></span> <span class='ocrx_word' id='word_1_65' title='bbox 1275 955 1552 1024; x_wconf 79' lang='grc' dir='ltr'>συνήθεια,</span> <span class='ocrx_word' id='word_1_66' title='bbox 1609 955 1700 1009; x_wconf 84' lang='grc' dir='ltr'><strong>καὶ</strong></span> <span class='ocrx_word' id='word_1_67' title='bbox 1744 955 2056 1024; x_wconf 79' lang='grc' dir='ltr'><strong>καθέζονται</strong></span> 
     </span>
    </p>
   </div>
   <div class='ocr_carea' id='block_1_11' title="bbox 409 1041 2058 1122">
    <p class='ocr_par' dir='ltr' id='par_1_11' title="bbox 409 1041 2058 1122">
     <span class='ocr_line' id='line_1_11' title="bbox 409 1041 2058 1122; baseline -0.001 -22"><span class='ocrx_word' id='word_1_68' title='bbox 409 1046 461 1100; x_wconf 75' lang='grc' dir='ltr'>οἱ</span> <span class='ocrx_word' id='word_1_69' title='bbox 491 1043 746 1100; x_wconf 78' lang='grc' dir='ltr'><strong>δεσπόται</strong></span> <span class='ocrx_word' id='word_1_70' title='bbox 778 1044 854 1107; x_wconf 82' lang='grc' dir='ltr'><strong>είς</strong></span> <span class='ocrx_word' id='word_1_71' title='bbox 893 1045 987 1100; x_wconf 87' lang='grc' dir='ltr'>τὸν</span> <span class='ocrx_word' id='word_1_72' title='bbox 1037 1044 1197 1098; x_wconf 81' lang='grc' dir='ltr'>αὐτὸν</span> <span class='ocrx_word' id='word_1_73' title='bbox 1246 1041 1529 1118; x_wconf 81' lang='grc' dir='ltr'>τρίκλινον</span> <span class='ocrx_word' id='word_1_74' title='bbox 1561 1043 1612 1099; x_wconf 83' lang='grc' dir='ltr'>ἐν</span> <span class='ocrx_word' id='word_1_75' title='bbox 1655 1043 1920 1112; x_wconf 89' lang='grc' dir='ltr'>σελλίοις,</span> <span class='ocrx_word' id='word_1_76' title='bbox 1953 1066 2058 1122; x_wconf 79' lang='grc' dir='ltr'>φο-</span> 
     </span>
    </p>
   </div>
   <div class='ocr_carea' id='block_1_12' title="bbox 413 1128 2059 1210">
    <p class='ocr_par' dir='ltr' id='par_1_12' title="bbox 413 1128 2059 1210">
     <span class='ocr_line' id='line_1_12' title="bbox 413 1128 2059 1210; baseline -0.002 -19"><span class='ocrx_word' id='word_1_77' title='bbox 413 1139 629 1210; x_wconf 79' lang='grc' dir='ltr'>ροῦντες</span> <span class='ocrx_word' id='word_1_78' title='bbox 659 1134 726 1190; x_wconf 80' lang='grc' dir='ltr'>τὰ</span> <span class='ocrx_word' id='word_1_79' title='bbox 756 1128 1052 1205; x_wconf 78' lang='grc' dir='ltr'>διϐητήσια</span> <span class='ocrx_word' id='word_1_80' title='bbox 1081 1132 1171 1188; x_wconf 77' lang='grc' dir='ltr'><strong>καὶ</strong></span> <span class='ocrx_word' id='word_1_81' title='bbox 1219 1130 1314 1194; x_wconf 77' lang='grc' dir='ltr'><strong>τὰς</strong></span> <span class='ocrx_word' id='word_1_82' title='bbox 1359 1130 1652 1207; x_wconf 77' lang='grc' dir='ltr'><strong>χλαμύδας</strong></span> <span class='ocrx_word' id='word_1_83' title='bbox 1681 1132 1770 1188; x_wconf 84' lang='grc' dir='ltr'><strong>καὶ</strong></span> <span class='ocrx_word' id='word_1_84' title='bbox 1799 1135 1866 1188; x_wconf 75' lang='grc' dir='ltr'><strong>τὰ</strong></span> <span class='ocrx_word' id='word_1_85' title='bbox 1894 1133 2059 1207; x_wconf 83' lang='grc' dir='ltr'>στέμ-</span> 
     </span>
    </p>
   </div>
   <div class='ocr_carea' id='block_1_13' title="bbox 415 1220 2060 1299">
    <p class='ocr_par' dir='ltr' id='par_1_13' title="bbox 415 1220 2060 1299">
     <span class='ocr_line' id='line_1_13' title="bbox 415 1220 2060 1299; baseline -0.001 -18"><span class='ocrx_word' id='word_1_86' title='bbox 415 1245 578 1299; x_wconf 82' lang='grc' dir='ltr'>ματα,</span> <span class='ocrx_word' id='word_1_87' title='bbox 616 1224 706 1280; x_wconf 86' lang='grc' dir='ltr'><strong>καὶ</strong></span> <span class='ocrx_word' id='word_1_88' title='bbox 751 1225 830 1286; x_wconf 81' lang='grc' dir='ltr'>εἷς</span> <span class='ocrx_word' id='word_1_89' title='bbox 868 1228 1068 1298; x_wconf 84' lang='grc' dir='ltr'>Καῖσαρ</span> <span class='ocrx_word' id='word_1_90' title='bbox 1118 1220 1397 1292; x_wconf 79' lang='grc' dir='ltr'>καθέζεται</span> <span class='ocrx_word' id='word_1_91' title='bbox 1447 1221 1507 1277; x_wconf 76' lang='grc' dir='ltr'>ἐκ</span> <span class='ocrx_word' id='word_1_92' title='bbox 1555 1220 1740 1293; x_wconf 80' lang='grc' dir='ltr'>δεξιῶν</span> <span class='ocrx_word' id='word_1_93' title='bbox 1772 1223 1862 1278; x_wconf 81' lang='grc' dir='ltr'><strong>καὶ</strong></span> <span class='ocrx_word' id='word_1_94' title='bbox 1894 1226 1976 1287; x_wconf 72' lang='grc' dir='ltr'>εἷς</span> <span class='ocrx_word' id='word_1_95' title='bbox 2009 1226 2060 1297; x_wconf 78' lang='grc' dir='ltr'><strong>ἐξ</strong></span> 
     </span>
    </p>
   </div>
   <div class='ocr_carea' id='block_1_14' title="bbox 413 1309 2060 1388">
    <p class='ocr_par' dir='ltr' id='par_1_14' title="bbox 413 1309 2060 1388">
     <span class='ocr_line' id='line_1_14' title="bbox 413 1309 2060 1388; baseline 0 -18"><span class='ocrx_word' id='word_1_96' title='bbox 413 1313 728 1387; x_wconf 83' lang='grc' dir='ltr'>εύωνύμων,</span> <span class='ocrx_word' id='word_1_97' title='bbox 769 1314 855 1368; x_wconf 77' lang='grc' dir='ltr'><strong>καὶ</strong></span> <span class='ocrx_word' id='word_1_98' title='bbox 908 1313 1151 1368; x_wconf 82' lang='grc' dir='ltr'>νεύουσιν</span> <span class='ocrx_word' id='word_1_99' title='bbox 1203 1313 1256 1367; x_wconf 71' lang='grc' dir='ltr'>οἱ</span> <span class='ocrx_word' id='word_1_100' title='bbox 1305 1309 1666 1385; x_wconf 86' lang='grc' dir='ltr'>δεσπόταιτῷ</span> <span class='ocrx_word' id='word_1_101' title='bbox 1695 1315 2060 1388; x_wconf 85' lang='grc' dir='ltr'>πραιποσίτῳ,</span> 
     </span>
    </p>
   </div>
   <div class='ocr_carea' id='block_1_15' title="bbox 413 1401 2062 1481">
    <p class='ocr_par' dir='ltr' id='par_1_15' title="bbox 413 1401 2062 1481">
     <span class='ocr_line' id='line_1_15' title="bbox 413 1401 2062 1481; baseline -0.001 -22"><span class='ocrx_word' id='word_1_102' title='bbox 413 1404 504 1458; x_wconf 82' lang='grc' dir='ltr'>καὶ</span> <span class='ocrx_word' id='word_1_103' title='bbox 531 1402 809 1481; x_wconf 71' lang='grc' dir='ltr'>ἐξέρχεται</span> <span class='ocrx_word' id='word_1_104' title='bbox 855 1401 990 1476; x_wconf 76' lang='grc' dir='ltr'>μετὰ</span> <span class='ocrx_word' id='word_1_105' title='bbox 1040 1401 1330 1478; x_wconf 86' lang='grc' dir='ltr'>ὁστιαρίων</span> <span class='ocrx_word' id='word_1_106' title='bbox 1377 1401 1467 1457; x_wconf 79' lang='grc' dir='ltr'><strong>καὶ</strong></span> <span class='ocrx_word' id='word_1_107' title='bbox 1515 1401 1905 1478; x_wconf 87' lang='grc' dir='ltr'>προσκαλεῖται</span> <span class='ocrx_word' id='word_1_108' title='bbox 1958 1405 2062 1479; x_wconf 84' lang='grc' dir='ltr'><strong>βῆ-</strong></span> 
     </span>
    </p>
   </div>
   <div class='ocr_carea' id='block_1_16' title="bbox 420 1489 2068 1570">
    <p class='ocr_par' dir='ltr' id='par_1_16' title="bbox 420 1489 2068 1570">
     <span class='ocr_line' id='line_1_16' title="bbox 420 1489 2068 1570; baseline -0.007 -22"><span class='ocrx_word' id='word_1_109' title='bbox 420 1494 519 1549; x_wconf 89' lang='grc' dir='ltr'><strong>λον</strong></span> <span class='ocrx_word' id='word_1_110' title='bbox 549 1495 617 1562; x_wconf 73' lang='grc' dir='ltr'>α’,</span> <span class='ocrx_word' id='word_1_111' title='bbox 659 1493 749 1547; x_wconf 88' lang='grc' dir='ltr'>τὸν</span> <span class='ocrx_word' id='word_1_112' title='bbox 810 1490 1233 1567; x_wconf 73' lang='grc' dir='ltr'>κουροπαλάτην</span> <span class='ocrx_word' id='word_1_113' title='bbox 1283 1492 1330 1530; x_wconf 82' lang='grc'>¹⁶</span> <span class='ocrx_word' id='word_1_114' title='bbox 1376 1495 1506 1564; x_wconf 73' lang='grc'><strong>(41)·</strong></span> <span class='ocrx_word' id='word_1_115' title='bbox 1571 1489 1841 1567; x_wconf 77' lang='grc' dir='ltr'>δεύτερον,</span> <span class='ocrx_word' id='word_1_116' title='bbox 1906 1496 2068 1570; x_wconf 79' lang='grc' dir='ltr'>μαγί-</span> 
     </span>
    </p>
   </div>
   <div class='ocr_carea' id='block_1_17' title="bbox 418 1580 2068 1660">
    <p class='ocr_par' dir='ltr' id='par_1_17' title="bbox 418 1580 2068 1660">
     <span class='ocr_line' id='line_1_17' title="bbox 418 1580 2068 1660; baseline 0.001 -22"><span class='ocrx_word' id='word_1_117' title='bbox 418 1599 632 1660; x_wconf 83' lang='grc' dir='ltr'>στρους’</span> <span class='ocrx_word' id='word_1_118' title='bbox 691 1589 758 1657; x_wconf 78' lang='grc' dir='ltr'><strong>γ“,</strong></span> <span class='ocrx_word' id='word_1_119' title='bbox 825 1582 954 1643; x_wconf 78' lang='grc' dir='ltr'>τοὺς</span> <span class='ocrx_word' id='word_1_120' title='bbox 1009 1580 1351 1656; x_wconf 77' lang='grc' dir='ltr'>πατρικίους,</span> <span class='ocrx_word' id='word_1_121' title='bbox 1411 1581 1499 1636; x_wconf 80' lang='grc' dir='ltr'><strong>καὶ</strong></span> <span class='ocrx_word' id='word_1_122' title='bbox 1556 1580 1623 1636; x_wconf 69' lang='grc' dir='ltr'>τὰ</span> <span class='ocrx_word' id='word_1_123' title='bbox 1680 1580 1850 1637; x_wconf 82' lang='grc' dir='ltr'>λοιπᾶ</span> <span class='ocrx_word' id='word_1_124' title='bbox 1916 1585 2068 1658; x_wconf 82' lang='grc' dir='ltr'>βῆλα</span> 
     </span>
    </p>
   </div>
   <div class='ocr_carea' id='block_1_18' title="bbox 2161 600 3811 674">
    <p class='ocr_par' dir='ltr' id='par_1_18' title="bbox 2161 600 3811 674">
     <span class='ocr_line' id='line_1_18' title="bbox 2161 600 3811 674; baseline 0.001 -20"><span class='ocrx_word' id='word_1_125' title='bbox 2161 615 2279 666; x_wconf 90' lang='lat' dir='ltr'><strong>ves,</strong></span> <span class='ocrx_word' id='word_1_126' title='bbox 2338 600 2620 657; x_wconf 84' lang='lat' dir='ltr'><strong>exercitus</strong></span> <span class='ocrx_word' id='word_1_127' title='bbox 2667 605 3014 674; x_wconf 89' lang='lat' dir='ltr'><strong>sequuntur.</strong></span> <span class='ocrx_word' id='word_1_128' title='bbox 3059 601 3517 657; x_wconf 88' lang='lat' dir='ltr'><strong>Cerimoniarius</strong></span> <span class='ocrx_word' id='word_1_129' title='bbox 3573 601 3704 657; x_wconf 82' lang='lat' dir='ltr'><strong>vela</strong></span> <span class='ocrx_word' id='word_1_130' title='bbox 3749 601 3811 656; x_wconf 93' lang='lat' dir='ltr'><strong>in</strong></span> 
     </span>
    </p>
   </div>
   <div class='ocr_carea' id='block_1_19' title="bbox 2164 688 3811 761">
    <p class='ocr_par' dir='ltr' id='par_1_19' title="bbox 2164 688 3811 761">
     <span class='ocr_line' id='line_1_19' title="bbox 2164 688 3811 761; baseline 0.001 -18"><span class='ocrx_word' id='word_1_131' title='bbox 2164 691 2388 760; x_wconf 89' lang='lat' dir='ltr'><strong>porticu</strong></span> <span class='ocrx_word' id='word_1_132' title='bbox 2417 688 2554 745; x_wconf 81' lang='lat' dir='ltr'><strong>XIX</strong></span> <span class='ocrx_word' id='word_1_133' title='bbox 2584 690 2962 747; x_wconf 90' lang='lat' dir='ltr'><strong>accubituum</strong></span> <span class='ocrx_word' id='word_1_134' title='bbox 2996 707 3096 761; x_wconf 90' lang='lat' dir='ltr'><strong>pro</strong></span> <span class='ocrx_word' id='word_1_135' title='bbox 3121 706 3280 746; x_wconf 88' lang='lat' dir='ltr'><strong>more</strong></span> <span class='ocrx_word' id='word_1_136' title='bbox 3301 689 3554 758; x_wconf 83' lang='lat' dir='ltr'><strong>ordinat,</strong></span> <span class='ocrx_word' id='word_1_137' title='bbox 3577 691 3811 744; x_wconf 86' lang='lat' dir='ltr'><strong>sedent-</strong></span> 
     </span>
    </p>
   </div>
   <div class='ocr_carea' id='block_1_20' title="bbox 2165 779 3818 851">
    <p class='ocr_par' dir='ltr' id='par_1_20' title="bbox 2165 779 3818 851">
     <span class='ocr_line' id='line_1_20' title="bbox 2165 779 3818 851; baseline 0.001 -16"><span class='ocrx_word' id='word_1_138' title='bbox 2165 796 2279 851; x_wconf 98' lang='lat' dir='ltr'><strong>que</strong></span> <span class='ocrx_word' id='word_1_139' title='bbox 2312 779 2539 836; x_wconf 79' lang='lat' dir='ltr'><strong>Domini</strong></span> <span class='ocrx_word' id='word_1_140' title='bbox 2572 781 2631 836; x_wconf 91' lang='lat' dir='ltr'><strong>in</strong></span> <span class='ocrx_word' id='word_1_141' title='bbox 2665 783 2868 840; x_wconf 92' lang='lat' dir='ltr'><strong>eodem</strong></span> <span class='ocrx_word' id='word_1_142' title='bbox 2902 781 3159 839; x_wconf 91' lang='lat' dir='ltr'><strong>triclinio</strong></span> <span class='ocrx_word' id='word_1_143' title='bbox 3205 782 3263 836; x_wconf 89' lang='lat' dir='ltr'><strong>in</strong></span> <span class='ocrx_word' id='word_1_144' title='bbox 3317 780 3500 848; x_wconf 82' lang='lat' dir='ltr'><strong>sellis,</strong></span> <span class='ocrx_word' id='word_1_145' title='bbox 3534 779 3818 836; x_wconf 81' lang='lat' dir='ltr'><strong>dibetesia</strong></span> 
     </span>
    </p>
   </div>
   <div class='ocr_carea' id='block_1_21' title="bbox 2135 869 3816 952">
    <p class='ocr_par' dir='ltr' id='par_1_21' title="bbox 2135 869 3816 952">
     <span class='ocr_line' id='line_1_21' title="bbox 2135 869 3816 952; baseline -0.001 -27"><span class='ocrx_word' id='word_1_146' title='bbox 2135 947 2140 952; x_wconf 21' lang='grc' dir='ltr'>δ</span> <span class='ocrx_word' id='word_1_147' title='bbox 2166 874 2223 925; x_wconf 91' lang='lat' dir='ltr'><strong>et</strong></span> <span class='ocrx_word' id='word_1_148' title='bbox 2251 869 2588 942; x_wconf 78' lang='lat' dir='ltr'><strong>chlamydes</strong></span> <span class='ocrx_word' id='word_1_149' title='bbox 2611 874 2668 926; x_wconf 89' lang='lat' dir='ltr'><strong>et</strong></span> <span class='ocrx_word' id='word_1_150' title='bbox 2696 887 2942 927; x_wconf 87' lang='lat' dir='ltr'><strong>coronas</strong></span> <span class='ocrx_word' id='word_1_151' title='bbox 2994 872 3243 927; x_wconf 81' lang='lat' dir='ltr'><strong>ferentes</strong></span> <span class='ocrx_word' id='word_1_152' title='bbox 3274 887 3288 927; x_wconf 88' lang='lat'><strong>:</strong></span> <span class='ocrx_word' id='word_1_153' title='bbox 3341 887 3492 925; x_wconf 82' lang='lat' dir='ltr'><strong>unus</strong></span> <span class='ocrx_word' id='word_1_154' title='bbox 3523 869 3715 924; x_wconf 73' lang='lat' dir='ltr'><strong>Caesar</strong></span> <span class='ocrx_word' id='word_1_155' title='bbox 3745 871 3816 924; x_wconf 88' lang='lat' dir='ltr'><strong>ad</strong></span> 
     </span>
    </p>
   </div>
   <div class='ocr_carea' id='block_1_22' title="bbox 2166 958 3818 1029">
    <p class='ocr_par' dir='ltr' id='par_1_22' title="bbox 2166 958 3818 1029">
     <span class='ocr_line' id='line_1_22' title="bbox 2166 958 3818 1029; baseline -0.001 -16"><span class='ocrx_word' id='word_1_156' title='bbox 2166 959 2450 1026; x_wconf 82' lang='lat' dir='ltr'><strong>dextram,</strong></span> <span class='ocrx_word' id='word_1_157' title='bbox 2484 959 2632 1015; x_wconf 91' lang='lat' dir='ltr'><strong>alter</strong></span> <span class='ocrx_word' id='word_1_158' title='bbox 2661 959 2734 1015; x_wconf 92' lang='lat' dir='ltr'><strong>ad</strong></span> <span class='ocrx_word' id='word_1_159' title='bbox 2767 958 3064 1014; x_wconf 81' lang='lat' dir='ltr'><strong>sinistram</strong></span> <span class='ocrx_word' id='word_1_160' title='bbox 3105 960 3290 1028; x_wconf 90' lang='lat' dir='ltr'><strong>sedet,</strong></span> <span class='ocrx_word' id='word_1_161' title='bbox 3339 958 3564 1013; x_wconf 84' lang='lat' dir='ltr'><strong>domini</strong></span> <span class='ocrx_word' id='word_1_162' title='bbox 3595 973 3818 1029; x_wconf 73' lang='lat' dir='ltr'><strong>praepo-</strong></span> 
     </span>
    </p>
   </div>
   <div class='ocr_carea' id='block_1_23' title="bbox 2169 1046 3818 1120">
    <p class='ocr_par' dir='ltr' id='par_1_23' title="bbox 2169 1046 3818 1120">
     <span class='ocr_line' id='line_1_23' title="bbox 2169 1046 3818 1120; baseline -0.002 -17"><span class='ocrx_word' id='word_1_163' title='bbox 2169 1048 2286 1104; x_wconf 92' lang='lat' dir='ltr'><strong>sito</strong></span> <span class='ocrx_word' id='word_1_164' title='bbox 2316 1053 2604 1113; x_wconf 89' lang='lat' dir='ltr'><strong>annuunt,</strong></span> <span class='ocrx_word' id='word_1_165' title='bbox 2651 1049 2751 1118; x_wconf 88' lang='lat' dir='ltr'><strong>qui</strong></span> <span class='ocrx_word' id='word_1_166' title='bbox 2806 1063 2940 1104; x_wconf 92' lang='lat' dir='ltr'><strong>cum</strong></span> <span class='ocrx_word' id='word_1_167' title='bbox 2998 1048 3255 1104; x_wconf 83' lang='lat' dir='ltr'><strong>ostiariis</strong></span> <span class='ocrx_word' id='word_1_168' title='bbox 3311 1063 3601 1120; x_wconf 82' lang='lat' dir='ltr'><strong>egressus,</strong></span> <span class='ocrx_word' id='word_1_169' title='bbox 3661 1046 3818 1101; x_wconf 77' lang='lat'><strong>188</strong></span> 
     </span>
    </p>
   </div>
   <div class='ocr_carea' id='block_1_24' title="bbox 2169 1138 3818 1211">
    <p class='ocr_par' dir='ltr' id='par_1_24' title="bbox 2169 1138 3818 1211">
     <span class='ocr_line' id='line_1_24' title="bbox 2169 1138 3818 1211; baseline -0.001 -17"><span class='ocrx_word' id='word_1_170' title='bbox 2169 1141 2361 1195; x_wconf 85' lang='lat' dir='ltr'><strong>velum</strong></span> <span class='ocrx_word' id='word_1_171' title='bbox 2380 1140 2655 1211; x_wconf 87' lang='lat' dir='ltr'><strong>primum,</strong></span> <span class='ocrx_word' id='word_1_172' title='bbox 2670 1140 3064 1210; x_wconf 87' lang='lat' dir='ltr'><strong>curopalatem</strong></span> <span class='ocrx_word' id='word_1_173' title='bbox 3084 1138 3456 1207; x_wconf 88' lang='lat' dir='ltr'><strong>;secundum,</strong></span> <span class='ocrx_word' id='word_1_174' title='bbox 3472 1139 3818 1211; x_wconf 88' lang='lat' dir='ltr'><strong>magistros;</strong></span> 
     </span>
    </p>
   </div>
   <div class='ocr_carea' id='block_1_25' title="bbox 2171 1228 3822 1300">
    <p class='ocr_par' dir='ltr' id='par_1_25' title="bbox 2171 1228 3822 1300">
     <span class='ocr_line' id='line_1_25' title="bbox 2171 1228 3822 1300; baseline -0.001 -16"><span class='ocrx_word' id='word_1_175' title='bbox 2171 1230 2402 1285; x_wconf 90' lang='lat' dir='ltr'><strong>tertium</strong></span> <span class='ocrx_word' id='word_1_176' title='bbox 2439 1229 2740 1300; x_wconf 86' lang='lat' dir='ltr'><strong>patricios,</strong></span> <span class='ocrx_word' id='word_1_177' title='bbox 2775 1245 2841 1284; x_wconf 90' lang='lat' dir='ltr'><strong>ac</strong></span> <span class='ocrx_word' id='word_1_178' title='bbox 2881 1229 3110 1300; x_wconf 88' lang='lat' dir='ltr'><strong>reliqua</strong></span> <span class='ocrx_word' id='word_1_179' title='bbox 3155 1229 3282 1284; x_wconf 86' lang='lat' dir='ltr'><strong>vela</strong></span> <span class='ocrx_word' id='word_1_180' title='bbox 3330 1228 3554 1294; x_wconf 85' lang='lat' dir='ltr'><strong>ordine,</strong></span> <span class='ocrx_word' id='word_1_181' title='bbox 3583 1232 3646 1282; x_wconf 89' lang='lat' dir='ltr'><strong>ut</strong></span> <span class='ocrx_word' id='word_1_182' title='bbox 3695 1243 3822 1282; x_wconf 88' lang='lat' dir='ltr'><strong>mos</strong></span> 
     </span>
    </p>
   </div>
   <div class='ocr_carea' id='block_1_26' title="bbox 2173 1317 3825 1388">
    <p class='ocr_par' dir='ltr' id='par_1_26' title="bbox 2173 1317 3825 1388">
     <span class='ocr_line' id='line_1_26' title="bbox 2173 1317 3825 1388; baseline -0.002 -13"><span class='ocrx_word' id='word_1_183' title='bbox 2173 1323 2283 1388; x_wconf 90' lang='lat' dir='ltr'><strong>est,</strong></span> <span class='ocrx_word' id='word_1_184' title='bbox 2315 1319 2574 1374; x_wconf 82' lang='lat' dir='ltr'><strong>arcessit.</strong></span> <span class='ocrx_word' id='word_1_185' title='bbox 2599 1317 2914 1388; x_wconf 84' lang='lat' dir='ltr'><strong>Completis</strong></span> <span class='ocrx_word' id='word_1_186' title='bbox 2939 1323 3134 1373; x_wconf 88' lang='lat' dir='ltr'><strong>autem</strong></span> <span class='ocrx_word' id='word_1_187' title='bbox 3156 1317 3300 1373; x_wconf 89' lang='lat' dir='ltr'><strong>velis</strong></span> <span class='ocrx_word' id='word_1_188' title='bbox 3324 1317 3600 1373; x_wconf 90' lang='lat' dir='ltr'><strong>omnibus</strong></span> <span class='ocrx_word' id='word_1_189' title='bbox 3631 1332 3697 1373; x_wconf 87' lang='lat' dir='ltr'><strong>ac</strong></span> <span class='ocrx_word' id='word_1_190' title='bbox 3728 1331 3825 1372; x_wconf 84' lang='lat' dir='ltr'><strong>se-</strong></span> 
     </span>
    </p>
   </div>
   <div class='ocr_carea' id='block_1_27' title="bbox 2175 1405 3819 1477">
    <p class='ocr_par' dir='ltr' id='par_1_27' title="bbox 2175 1405 3819 1477">
     <span class='ocr_line' id='line_1_27' title="bbox 2175 1405 3819 1477; baseline -0.002 -14"><span class='ocrx_word' id='word_1_191' title='bbox 2175 1412 2331 1463; x_wconf 91' lang='lat' dir='ltr'><strong>creto</strong></span> <span class='ocrx_word' id='word_1_192' title='bbox 2383 1408 2652 1462; x_wconf 90' lang='lat' dir='ltr'><strong>universo</strong></span> <span class='ocrx_word' id='word_1_193' title='bbox 2712 1411 2958 1476; x_wconf 76' lang='lat' dir='ltr'><strong>astante,</strong></span> <span class='ocrx_word' id='word_1_194' title='bbox 3011 1407 3222 1477; x_wconf 87' lang='lat' dir='ltr'><strong>jubent</strong></span> <span class='ocrx_word' id='word_1_195' title='bbox 3279 1422 3376 1462; x_wconf 88' lang='lat' dir='ltr'><strong>eos</strong></span> <span class='ocrx_word' id='word_1_196' title='bbox 3431 1405 3676 1474; x_wconf 87' lang='lat' dir='ltr'><strong>domini,</strong></span> <span class='ocrx_word' id='word_1_197' title='bbox 3739 1409 3819 1473; x_wconf 90' lang='lat' dir='ltr'><strong>ut,</strong></span> 
     </span>
    </p>
   </div>
   <div class='ocr_carea' id='block_1_28' title="bbox 2177 1495 3825 1571">
    <p class='ocr_par' dir='ltr' id='par_1_28' title="bbox 2177 1495 3825 1571">
     <span class='ocr_line' id='line_1_28' title="bbox 2177 1495 3825 1571; baseline -0.004 -16"><span class='ocrx_word' id='word_1_198' title='bbox 2177 1515 2305 1571; x_wconf 73' lang='lat' dir='ltr'><strong>quae</strong></span> <span class='ocrx_word' id='word_1_199' title='bbox 2335 1495 2705 1554; x_wconf 89' lang='lat' dir='ltr'><strong>nobilissimo</strong></span> <span class='ocrx_word' id='word_1_200' title='bbox 2738 1497 2925 1552; x_wconf 88' lang='lat' dir='ltr'><strong>accini</strong></span> <span class='ocrx_word' id='word_1_201' title='bbox 2977 1495 3187 1563; x_wconf 86' lang='lat' dir='ltr'><strong>solent,</strong></span> <span class='ocrx_word' id='word_1_202' title='bbox 3221 1495 3490 1565; x_wconf 84' lang='lat' dir='ltr'><strong>recitent,</strong></span> <span class='ocrx_word' id='word_1_203' title='bbox 3521 1496 3684 1567; x_wconf 87' lang='lat' dir='ltr'><strong>sique</strong></span> <span class='ocrx_word' id='word_1_204' title='bbox 3722 1511 3825 1550; x_wconf 85' lang='lat' dir='ltr'><strong>vo-</strong></span> 
     </span>
    </p>
   </div>
   <div class='ocr_carea' id='block_1_29' title="bbox 2179 1586 2736 1657">
    <p class='ocr_par' dir='ltr' id='par_1_29' title="bbox 2179 1586 2736 1657">
     <span class='ocr_line' id='line_1_29' title="bbox 2179 1586 2736 1657; baseline -0.009 -12"><span class='ocrx_word' id='word_1_205' title='bbox 2179 1590 2326 1656; x_wconf 82' lang='lat' dir='ltr'><strong>lunt,</strong></span> <span class='ocrx_word' id='word_1_206' title='bbox 2361 1586 2736 1657; x_wconf 89' lang='lat' dir='ltr'><strong>respondent.</strong></span> 
     </span>
    </p>
   </div>
   <div class='ocr_carea' id='block_1_30' title="bbox 415 1668 3825 1751">
    <p class='ocr_par' dir='ltr' id='par_1_30' title="bbox 415 1668 3825 1751">
     <span class='ocr_line' id='line_1_30' title="bbox 415 1668 3825 1751; baseline -0.002 -17"><span class='ocrx_word' id='word_1_207' title='bbox 415 1675 550 1729; x_wconf 75' lang='grc' dir='ltr'>κατᾶ</span> <span class='ocrx_word' id='word_1_208' title='bbox 576 1673 748 1746; x_wconf 78' lang='grc' dir='ltr'>τάξιν,</span> <span class='ocrx_word' id='word_1_209' title='bbox 781 1672 856 1734; x_wconf 81' lang='grc' dir='ltr'><strong>ὡς</strong></span> <span class='ocrx_word' id='word_1_210' title='bbox 887 1668 1003 1748; x_wconf 76' lang='grc' dir='ltr'>ἔχει</span> <span class='ocrx_word' id='word_1_211' title='bbox 1035 1673 1070 1741; x_wconf 81' lang='grc' dir='ltr'>ἡ</span> <span class='ocrx_word' id='word_1_212' title='bbox 1101 1674 1372 1742; x_wconf 73' lang='grc' dir='ltr'>συνήθειαι</span> <span class='ocrx_word' id='word_1_213' title='bbox 1417 1671 1518 1728; x_wconf 68' lang='grc' dir='ltr'>Καὶ</span> <span class='ocrx_word' id='word_1_214' title='bbox 1551 1669 1642 1727; x_wconf 68' lang='grc' dir='ltr'>ὅτε</span> <span class='ocrx_word' id='word_1_215' title='bbox 1688 1672 1962 1748; x_wconf 79' lang='grc' dir='ltr'>πληρωθῇ</span> <span class='ocrx_word' id='word_1_216' title='bbox 2012 1678 2186 1736; x_wconf 85' lang='grc' dir='ltr'>πάντα</span> <span class='ocrx_word' id='word_1_217' title='bbox 2233 1677 2299 1733; x_wconf 71' lang='grc' dir='ltr'><strong>τὰ</strong></span> <span class='ocrx_word' id='word_1_218' title='bbox 2349 1672 2495 1751; x_wconf 79' lang='grc' dir='ltr'><strong>βῆλα</strong></span> <span class='ocrx_word' id='word_1_219' title='bbox 2543 1673 2632 1730; x_wconf 83' lang='grc' dir='ltr'><strong>καὶ</strong></span> <span class='ocrx_word' id='word_1_220' title='bbox 2674 1673 2840 1747; x_wconf 78' lang='grc' dir='ltr'>σταθῇ</span> <span class='ocrx_word' id='word_1_221' title='bbox 2869 1674 2932 1728; x_wconf 81' lang='grc' dir='ltr'>τὸ</span> <span class='ocrx_word' id='word_1_222' title='bbox 2963 1675 3210 1748; x_wconf 85' lang='grc' dir='ltr'>σέκρετον</span> <span class='ocrx_word' id='word_1_223' title='bbox 3236 1673 3387 1732; x_wconf 72' lang='grc' dir='ltr'>ὅλον.</span> <span class='ocrx_word' id='word_1_224' title='bbox 3414 1670 3730 1729; x_wconf 76' lang='grc' dir='ltr'>κελεύουσιν</span> <span class='ocrx_word' id='word_1_225' title='bbox 3772 1674 3825 1727; x_wconf 78' lang='grc' dir='ltr'>οὶ</span> 
     </span>
    </p>
   </div>
   <div class='ocr_carea' id='block_1_31' title="bbox 417 1757 3225 1840">
    <p class='ocr_par' dir='ltr' id='par_1_31' title="bbox 417 1757 3225 1840">
     <span class='ocr_line' id='line_1_31' title="bbox 417 1757 3225 1840; baseline 0.001 -22"><span class='ocrx_word' id='word_1_226' title='bbox 417 1761 669 1818; x_wconf 72' lang='grc' dir='ltr'>δεσπόται</span> <span class='ocrx_word' id='word_1_227' title='bbox 701 1760 944 1831; x_wconf 81' lang='grc' dir='ltr'>λαλῆσαι</span> <span class='ocrx_word' id='word_1_228' title='bbox 978 1761 1174 1825; x_wconf 70' lang='grc' dir='ltr'>αὐτοὺς</span> <span class='ocrx_word' id='word_1_229' title='bbox 1202 1761 1270 1817; x_wconf 70' lang='grc' dir='ltr'>τὰ</span> <span class='ocrx_word' id='word_1_230' title='bbox 1298 1762 1344 1799; x_wconf 68' lang='grc'><strong>⁸⁷</strong></span> <span class='ocrx_word' id='word_1_231' title='bbox 1373 1762 1497 1835; x_wconf 86' lang='grc' dir='ltr'>περὶ</span> <span class='ocrx_word' id='word_1_232' title='bbox 1525 1759 1622 1817; x_wconf 79' lang='grc' dir='ltr'>τοῦ</span> <span class='ocrx_word' id='word_1_233' title='bbox 1652 1757 2065 1838; x_wconf 75' lang='grc' dir='ltr'>νωϐελησίμου,</span> <span class='ocrx_word' id='word_1_234' title='bbox 2094 1767 2183 1824; x_wconf 78' lang='grc' dir='ltr'><strong>καὶ</strong></span> <span class='ocrx_word' id='word_1_235' title='bbox 2215 1767 2265 1824; x_wconf 83' lang='grc' dir='ltr'>εἲ</span> <span class='ocrx_word' id='word_1_236' title='bbox 2292 1789 2342 1821; x_wconf 91' lang='grc' dir='ltr'><strong>τι</strong></span> <span class='ocrx_word' id='word_1_237' title='bbox 2379 1764 2689 1840; x_wconf 89' lang='grc' dir='ltr'>βούλονται,</span> <span class='ocrx_word' id='word_1_238' title='bbox 2722 1763 3225 1840; x_wconf 85' lang='grc' dir='ltr'>ἀνταποκρίνονται.</span> 
     </span>
    </p>
   </div>
   <div class='ocr_carea' id='block_1_32' title="bbox 489 1849 2148 1928">
    <p class='ocr_par' dir='ltr' id='par_1_32' title="bbox 489 1849 2148 1928">
     <span class='ocr_line' id='line_1_32' title="bbox 489 1849 2148 1928; baseline 0 -18"><span class='ocrx_word' id='word_1_239' title='bbox 489 1854 564 1910; x_wconf 72' lang='grc' dir='ltr'>Β“.</span> <span class='ocrx_word' id='word_1_240' title='bbox 599 1855 697 1907; x_wconf 79' lang='grc' dir='ltr'>Καὶ</span> <span class='ocrx_word' id='word_1_241' title='bbox 729 1851 973 1906; x_wconf 72' lang='grc' dir='ltr'>νεύουσιν</span> <span class='ocrx_word' id='word_1_242' title='bbox 1024 1852 1077 1906; x_wconf 76' lang='grc' dir='ltr'>οἱ</span> <span class='ocrx_word' id='word_1_243' title='bbox 1126 1849 1384 1906; x_wconf 81' lang='grc' dir='ltr'>δεσπόται</span> <span class='ocrx_word' id='word_1_244' title='bbox 1431 1856 1511 1923; x_wconf 79' lang='grc' dir='ltr'>τῷ</span> <span class='ocrx_word' id='word_1_245' title='bbox 1560 1853 1925 1928; x_wconf 86' lang='grc' dir='ltr'>πραιποσίτῳ,</span> <span class='ocrx_word' id='word_1_246' title='bbox 1977 1859 2068 1912; x_wconf 75' lang='grc' dir='ltr'><strong>καὶ</strong></span> <span class='ocrx_word' id='word_1_247' title='bbox 2104 1863 2148 1927; x_wconf 84' lang='grc' dir='ltr'>Β</span> 
     </span>
    </p>
   </div>
   <div class='ocr_carea' id='block_1_33' title="bbox 419 1939 2069 2020">
    <p class='ocr_par' dir='ltr' id='par_1_33' title="bbox 419 1939 2069 2020">
     <span class='ocr_line' id='line_1_33' title="bbox 419 1939 2069 2020; baseline 0.002 -24"><span class='ocrx_word' id='word_1_248' title='bbox 419 1941 588 2017; x_wconf 84' lang='grc' dir='ltr'>λέγει,</span> <span class='ocrx_word' id='word_1_249' title='bbox 649 1967 678 1994; x_wconf 92' lang='grc'><strong>‹‹</strong></span> <span class='ocrx_word' id='word_1_250' title='bbox 720 1939 1038 1996; x_wconf 79' lang='grc' dir='ltr'>Κελεύσατε·</span> <span class='ocrx_word' id='word_1_251' title='bbox 1080 1964 1109 1992; x_wconf 72' lang='grc' dir='ltr'><strong>ιι</strong></span> <span class='ocrx_word' id='word_1_252' title='bbox 1164 1941 1255 1994; x_wconf 80' lang='grc' dir='ltr'><strong>καὶ</strong></span> <span class='ocrx_word' id='word_1_253' title='bbox 1313 1940 1676 2015; x_wconf 80' lang='grc' dir='ltr'>ἐπευχόμενοι</span> <span class='ocrx_word' id='word_1_254' title='bbox 1734 1942 2069 2020; x_wconf 79' lang='grc' dir='ltr'>ἐξέρχονται,</span> 
     </span>
    </p>
   </div>
   <div class='ocr_carea' id='block_1_34' title="bbox 419 2029 2074 2110">
    <p class='ocr_par' dir='ltr' id='par_1_34' title="bbox 419 2029 2074 2110">
     <span class='ocr_line' id='line_1_34' title="bbox 419 2029 2074 2110; baseline 0.002 -26"><span class='ocrx_word' id='word_1_255' title='bbox 419 2030 510 2085; x_wconf 84' lang='grc' dir='ltr'>καὶ</span> <span class='ocrx_word' id='word_1_256' title='bbox 543 2031 819 2107; x_wconf 80' lang='grc' dir='ltr'>ἐξέρχεται</span> <span class='ocrx_word' id='word_1_257' title='bbox 872 2033 907 2098; x_wconf 81' lang='grc' dir='ltr'>ἡ</span> <span class='ocrx_word' id='word_1_258' title='bbox 958 2029 1270 2109; x_wconf 81' lang='grc' dir='ltr'>συγκλητος</span> <span class='ocrx_word' id='word_1_259' title='bbox 1308 2030 1399 2084; x_wconf 80' lang='grc' dir='ltr'>καὶ</span> <span class='ocrx_word' id='word_1_260' title='bbox 1444 2030 1662 2085; x_wconf 75' lang='grc' dir='ltr'>’ἰσταται</span> <span class='ocrx_word' id='word_1_261' title='bbox 1703 2031 1778 2094; x_wconf 75' lang='grc' dir='ltr'><strong>εἷς</strong></span> <span class='ocrx_word' id='word_1_262' title='bbox 1826 2035 1894 2086; x_wconf 76' lang='grc' dir='ltr'>τὰ</span> <span class='ocrx_word' id='word_1_263' title='bbox 1937 2053 2074 2110; x_wconf 81' lang='grc' dir='ltr'>γρα-</span> 
     </span>
    </p>
   </div>
   <div class='ocr_carea' id='block_1_35' title="bbox 423 2111 2070 2191">
    <p class='ocr_par' dir='ltr' id='par_1_35' title="bbox 423 2111 2070 2191">
     <span class='ocr_line' id='line_1_35' title="bbox 423 2111 2070 2191; baseline 0.004 -21"><span class='ocrx_word' id='word_1_264' title='bbox 423 2114 592 2187; x_wconf 77' lang='grc' dir='ltr'>δήλια</span> <span class='ocrx_word' id='word_1_265' title='bbox 638 2120 734 2171; x_wconf 77' lang='grc' dir='ltr'>τοῦ</span> <span class='ocrx_word' id='word_1_266' title='bbox 781 2111 1170 2191; x_wconf 79' lang='grc' dir='ltr'>τριϐουναλίου</span> <span class='ocrx_word' id='word_1_267' title='bbox 1217 2111 1363 2180; x_wconf 78' lang='grc' dir='ltr'>ἔνθεν</span> <span class='ocrx_word' id='word_1_268' title='bbox 1411 2116 1656 2182; x_wconf 80' lang='grc' dir='ltr'>κάκεῖθεν</span> <span class='ocrx_word' id='word_1_269' title='bbox 1687 2123 1784 2174; x_wconf 80' lang='grc' dir='ltr'><strong>τοῦ</strong></span> <span class='ocrx_word' id='word_1_270' title='bbox 1813 2117 2070 2188; x_wconf 77' lang='grc' dir='ltr'>ἡλιακοῦ.</span> 
     </span>
    </p>
   </div>
   <div class='ocr_carea' id='block_1_36' title="bbox 422 2202 2074 2282">
    <p class='ocr_par' dir='ltr' id='par_1_36' title="bbox 422 2202 2074 2282">
     <span class='ocr_line' id='line_1_36' title="bbox 422 2202 2074 2282; baseline 0.004 -25"><span class='ocrx_word' id='word_1_271' title='bbox 422 2205 490 2262; x_wconf 76' lang='grc' dir='ltr'><strong>Οἱ</strong></span> <span class='ocrx_word' id='word_1_272' title='bbox 546 2202 604 2258; x_wconf 78' lang='grc' dir='ltr'>δὲ</span> <span class='ocrx_word' id='word_1_273' title='bbox 661 2203 938 2280; x_wconf 81' lang='grc' dir='ltr'>πατρίκιοι</span> <span class='ocrx_word' id='word_1_274' title='bbox 988 2202 1234 2260; x_wconf 68' lang='grc' dir='ltr'>’ίστανται</span> <span class='ocrx_word' id='word_1_275' title='bbox 1291 2203 1368 2268; x_wconf 75' lang='grc' dir='ltr'><strong>εἷς</strong></span> <span class='ocrx_word' id='word_1_276' title='bbox 1426 2205 1518 2260; x_wconf 87' lang='grc' dir='ltr'>τὸν</span> <span class='ocrx_word' id='word_1_277' title='bbox 1567 2207 1820 2282; x_wconf 87' lang='grc' dir='ltr'>πόρτηκα</span> <span class='ocrx_word' id='word_1_278' title='bbox 1864 2212 1973 2263; x_wconf 82' lang='grc' dir='ltr'><strong>τῶν</strong></span> <span class='ocrx_word' id='word_1_279' title='bbox 2009 2208 2074 2272; x_wconf 75' lang='grc' dir='ltr'>ιθ⁹</span> 
     </span>
    </p>
   </div>
   <div class='ocr_carea' id='block_1_37' title="bbox 422 2288 2074 2370">
    <p class='ocr_par' dir='ltr' id='par_1_37' title="bbox 422 2288 2074 2370">
     <span class='ocr_line' id='line_1_37' title="bbox 422 2288 2074 2370; baseline 0.001 -22"><span class='ocrx_word' id='word_1_280' title='bbox 422 2288 727 2348; x_wconf 75' lang='grc' dir='ltr'>ἆκουϐίτων</span> <span class='ocrx_word' id='word_1_281' title='bbox 792 2294 1203 2369; x_wconf 85' lang='grc' dir='ltr'>κονσιστώριον,</span> <span class='ocrx_word' id='word_1_282' title='bbox 1270 2294 1362 2348; x_wconf 78' lang='grc' dir='ltr'><strong>καὶ</strong></span> <span class='ocrx_word' id='word_1_283' title='bbox 1424 2295 1621 2359; x_wconf 79' lang='grc' dir='ltr'>εὐθέως</span> <span class='ocrx_word' id='word_1_284' title='bbox 1679 2295 1990 2370; x_wconf 71' lang='grc' dir='ltr'>ἐξέρχονται</span> <span class='ocrx_word' id='word_1_285' title='bbox 2024 2297 2074 2351; x_wconf 80' lang='grc' dir='ltr'>οἱ</span> 
     </span>
    </p>
   </div>
   <div class='ocr_carea' id='block_1_38' title="bbox 426 2381 2072 2462">
    <p class='ocr_par' dir='ltr' id='par_1_38' title="bbox 426 2381 2072 2462">
     <span class='ocr_line' id='line_1_38' title="bbox 426 2381 2072 2462; baseline 0.001 -24"><span class='ocrx_word' id='word_1_286' title='bbox 426 2381 678 2438; x_wconf 88' lang='grc' dir='ltr'>δεσπόται</span> <span class='ocrx_word' id='word_1_287' title='bbox 735 2383 849 2456; x_wconf 77' lang='grc' dir='ltr'>ἅμα</span> <span class='ocrx_word' id='word_1_288' title='bbox 905 2387 1012 2437; x_wconf 83' lang='grc' dir='ltr'>τῶν</span> <span class='ocrx_word' id='word_1_289' title='bbox 1067 2385 1340 2458; x_wconf 86' lang='grc' dir='ltr'>καισάρων</span> <span class='ocrx_word' id='word_1_290' title='bbox 1399 2384 1489 2438; x_wconf 83' lang='grc' dir='ltr'><strong>καὶ</strong></span> <span class='ocrx_word' id='word_1_291' title='bbox 1547 2388 1644 2440; x_wconf 78' lang='grc' dir='ltr'><strong>τοῦ</strong></span> <span class='ocrx_word' id='word_1_292' title='bbox 1705 2387 2072 2462; x_wconf 82' lang='grc' dir='ltr'>πατριάρχου,</span> 
     </span>
    </p>
   </div>
   <div class='ocr_carea' id='block_1_39' title="bbox 424 2471 2074 2552">
    <p class='ocr_par' dir='ltr' id='par_1_39' title="bbox 424 2471 2074 2552">
     <span class='ocr_line' id='line_1_39' title="bbox 424 2471 2074 2552; baseline 0 -23"><span class='ocrx_word' id='word_1_293' title='bbox 424 2474 512 2529; x_wconf 79' lang='grc' dir='ltr'><strong>καὶ</strong></span> <span class='ocrx_word' id='word_1_294' title='bbox 555 2471 811 2552; x_wconf 86' lang='grc' dir='ltr'>δέχονται</span> <span class='ocrx_word' id='word_1_295' title='bbox 850 2473 1012 2528; x_wconf 83' lang='grc' dir='ltr'>αὐτὸν</span> <span class='ocrx_word' id='word_1_296' title='bbox 1047 2474 1099 2528; x_wconf 76' lang='grc' dir='ltr'>οἱ</span> <span class='ocrx_word' id='word_1_297' title='bbox 1130 2474 1404 2549; x_wconf 82' lang='grc' dir='ltr'>πατρίκιοι</span> <span class='ocrx_word' id='word_1_298' title='bbox 1450 2474 1504 2529; x_wconf 79' lang='grc' dir='ltr'>ἐν</span> <span class='ocrx_word' id='word_1_299' title='bbox 1548 2479 1626 2546; x_wconf 83' lang='grc' dir='ltr'>τῷ</span> <span class='ocrx_word' id='word_1_300' title='bbox 1669 2478 1955 2551; x_wconf 76' lang='grc' dir='ltr'>πορτήκῳ,</span> <span class='ocrx_word' id='word_1_301' title='bbox 1985 2475 2074 2531; x_wconf 83' lang='grc' dir='ltr'><strong>καὶ</strong></span> 
     </span>
    </p>
   </div>
   <div class='ocr_carea' id='block_1_40' title="bbox 427 2561 2073 2639">
    <p class='ocr_par' dir='ltr' id='par_1_40' title="bbox 427 2561 2073 2639">
     <span class='ocr_line' id='line_1_40' title="bbox 427 2561 2073 2639; baseline 0.002 -21"><span class='ocrx_word' id='word_1_302' title='bbox 427 2561 621 2625; x_wconf 72' lang='grc' dir='ltr'>εὐθέως</span> <span class='ocrx_word' id='word_1_303' title='bbox 680 2565 961 2631; x_wconf 87' lang='grc' dir='ltr'>πίπτουσι,</span> <span class='ocrx_word' id='word_1_304' title='bbox 1023 2563 1114 2617; x_wconf 80' lang='grc' dir='ltr'><strong>καὶ</strong></span> <span class='ocrx_word' id='word_1_305' title='bbox 1190 2561 1334 2639; x_wconf 84' lang='grc' dir='ltr'>λέγει</span> <span class='ocrx_word' id='word_1_306' title='bbox 1417 2565 1445 2618; x_wconf 87' lang='lat'><strong>6</strong></span> <span class='ocrx_word' id='word_1_307' title='bbox 1516 2567 1615 2630; x_wconf 79' lang='grc' dir='ltr'><strong>τῆς</strong></span> <span class='ocrx_word' id='word_1_308' title='bbox 1678 2568 2073 2626; x_wconf 83' lang='grc' dir='ltr'>καταστάσεως’</span> 
     </span>
    </p>
   </div>
   <div class='ocr_carea' id='block_1_41' title="bbox 428 2649 2078 2726">
    <p class='ocr_par' dir='ltr' id='par_1_41' title="bbox 428 2649 2078 2726">
     <span class='ocr_line' id='line_1_41' title="bbox 428 2649 2078 2726; baseline 0.003 -22"><span class='ocrx_word' id='word_1_309' title='bbox 428 2649 798 2706; x_wconf 76' lang='grc' dir='ltr'>«Κελεύσατε,</span> <span class='ocrx_word' id='word_1_310' title='bbox 833 2674 862 2703; x_wconf 85' lang='lat'><strong>»</strong></span> <span class='ocrx_word' id='word_1_311' title='bbox 913 2652 1015 2709; x_wconf 81' lang='grc' dir='ltr'>Καὶ</span> <span class='ocrx_word' id='word_1_312' title='bbox 1069 2650 1384 2726; x_wconf 69' lang='grc' dir='ltr'>ἐξέρχονται</span> <span class='ocrx_word' id='word_1_313' title='bbox 1436 2653 1526 2706; x_wconf 78' lang='grc' dir='ltr'><strong>καὶ</strong></span> <span class='ocrx_word' id='word_1_314' title='bbox 1575 2653 1821 2709; x_wconf 81' lang='grc' dir='ltr'>ἳστανται</span> <span class='ocrx_word' id='word_1_315' title='bbox 1876 2655 1952 2716; x_wconf 85' lang='grc' dir='ltr'><strong>είς</strong></span> <span class='ocrx_word' id='word_1_316' title='bbox 2011 2654 2078 2710; x_wconf 74' lang='grc' dir='ltr'>τὰ</span> 
     </span>
    </p>
   </div>
   <div class='ocr_carea' id='block_1_42' title="bbox 425 2739 2075 2820">
    <p class='ocr_par' dir='ltr' id='par_1_42' title="bbox 425 2739 2075 2820">
     <span class='ocr_line' id='line_1_42' title="bbox 425 2739 2075 2820; baseline 0.002 -21"><span class='ocrx_word' id='word_1_317' title='bbox 425 2741 698 2820; x_wconf 73' lang='grc' dir='ltr'>γραδτςλια</span> <span class='ocrx_word' id='word_1_318' title='bbox 724 2749 822 2799; x_wconf 81' lang='grc' dir='ltr'><strong>τοῦ</strong></span> <span class='ocrx_word' id='word_1_319' title='bbox 850 2739 1244 2819; x_wconf 77' lang='grc' dir='ltr'>τριϐουναλίου</span> <span class='ocrx_word' id='word_1_320' title='bbox 1294 2742 1438 2800; x_wconf 75' lang='grc' dir='ltr'>ἓνθεν</span> <span class='ocrx_word' id='word_1_321' title='bbox 1491 2746 1756 2802; x_wconf 76' lang='grc' dir='ltr'>κάκεῖθεν·</span> <span class='ocrx_word' id='word_1_322' title='bbox 1793 2748 1845 2802; x_wconf 77' lang='grc' dir='ltr'>οἱ</span> <span class='ocrx_word' id='word_1_323' title='bbox 1887 2744 1944 2802; x_wconf 75' lang='grc' dir='ltr'>δὲ</span> <span class='ocrx_word' id='word_1_324' title='bbox 1989 2744 2075 2802; x_wconf 81' lang='grc' dir='ltr'>δε·-</span> 
     </span>
    </p>
   </div>
   <div class='ocr_carea' id='block_1_43' title="bbox 419 2831 2076 2910">
    <p class='ocr_par' dir='ltr' id='par_1_43' title="bbox 419 2831 2076 2910">
     <span class='ocr_line' id='line_1_43' title="bbox 419 2831 2076 2910; baseline 0.001 -22"><span class='ocrx_word' id='word_1_325' title='bbox 419 2833 612 2889; x_wconf 87' lang='grc' dir='ltr'>σπόται</span> <span class='ocrx_word' id='word_1_326' title='bbox 645 2832 966 2910; x_wconf 81' lang='grc' dir='ltr'>ἐξέρχονται</span> <span class='ocrx_word' id='word_1_327' title='bbox 1000 2831 1087 2888; x_wconf 82' lang='grc' dir='ltr'><strong>διὰ</strong></span> <span class='ocrx_word' id='word_1_328' title='bbox 1116 2839 1226 2889; x_wconf 80' lang='grc' dir='ltr'><strong>τῶν</strong></span> <span class='ocrx_word' id='word_1_329' title='bbox 1269 2838 1446 2907; x_wconf 81' lang='grc' dir='ltr'>μέσων</span> <span class='ocrx_word' id='word_1_330' title='bbox 1496 2835 1684 2892; x_wconf 80' lang='grc' dir='ltr'>πυλῶν</span> <span class='ocrx_word' id='word_1_331' title='bbox 1719 2835 1772 2890; x_wconf 83' lang='grc' dir='ltr'>ἐν</span> <span class='ocrx_word' id='word_1_332' title='bbox 1800 2842 1880 2910; x_wconf 77' lang='grc' dir='ltr'><strong>τῷ</strong></span> <span class='ocrx_word' id='word_1_333' title='bbox 1909 2837 2076 2906; x_wconf 73' lang='grc' dir='ltr'>ἡλια-</span> 
     </span>
    </p>
   </div>
   <div class='ocr_carea' id='block_1_44' title="bbox 428 2921 2078 2999">
    <p class='ocr_par' dir='ltr' id='par_1_44' title="bbox 428 2921 2078 2999">
     <span class='ocr_line' id='line_1_44' title="bbox 428 2921 2078 2999; baseline 0.001 -22"><span class='ocrx_word' id='word_1_334' title='bbox 428 2926 532 2994; x_wconf 84' lang='grc' dir='ltr'>κῷ,</span> <span class='ocrx_word' id='word_1_335' title='bbox 564 2921 654 2977; x_wconf 81' lang='grc' dir='ltr'><strong>καὶ</strong></span> <span class='ocrx_word' id='word_1_336' title='bbox 681 2922 879 2986; x_wconf 77' lang='grc' dir='ltr'>εὐθέως</span> <span class='ocrx_word' id='word_1_337' title='bbox 905 2921 1190 2977; x_wconf 84' lang='grc' dir='ltr'>κελεύουσι</span> <span class='ocrx_word' id='word_1_338' title='bbox 1238 2921 1479 2992; x_wconf 77' lang='grc' dir='ltr'>λαλῆσαι</span> <span class='ocrx_word' id='word_1_339' title='bbox 1525 2930 1642 2986; x_wconf 89' lang='grc' dir='ltr'>τοῖς</span> <span class='ocrx_word' id='word_1_340' title='bbox 1671 2925 1832 2988; x_wconf 82' lang='grc' dir='ltr'>λαοῖς</span> <span class='ocrx_word' id='word_1_341' title='bbox 1859 2924 1926 2980; x_wconf 82' lang='grc' dir='ltr'><strong>τὰ</strong></span> <span class='ocrx_word' id='word_1_342' title='bbox 1955 2925 2078 2999; x_wconf 81' lang='grc' dir='ltr'>περὶ</span> 
     </span>
    </p>
   </div>
   <div class='ocr_carea' id='block_1_45' title="bbox 430 3007 2078 3089">
    <p class='ocr_par' dir='ltr' id='par_1_45' title="bbox 430 3007 2078 3089">
     <span class='ocr_line' id='line_1_45' title="bbox 430 3007 2078 3089; baseline 0 -21"><span class='ocrx_word' id='word_1_343' title='bbox 430 3016 526 3068; x_wconf 72' lang='grc' dir='ltr'><strong>τοῦ</strong></span> <span class='ocrx_word' id='word_1_344' title='bbox 554 3007 964 3086; x_wconf 61' lang='grc' dir='ltr'>νωϐελτβίμου,</span> <span class='ocrx_word' id='word_1_345' title='bbox 998 3011 1088 3066; x_wconf 78' lang='grc' dir='ltr'>καὶ</span> <span class='ocrx_word' id='word_1_346' title='bbox 1143 3009 1197 3067; x_wconf 74' lang='grc' dir='ltr'><strong>εἷ’</strong></span> <span class='ocrx_word' id='word_1_347' title='bbox 1245 3033 1297 3067; x_wconf 92' lang='grc' dir='ltr'><strong>τι</strong></span> <span class='ocrx_word' id='word_1_348' title='bbox 1352 3012 1412 3067; x_wconf 74' lang='grc' dir='ltr'>ἂν</span> <span class='ocrx_word' id='word_1_349' title='bbox 1467 3013 1717 3083; x_wconf 83' lang='grc' dir='ltr'>θέλωσιν,</span> <span class='ocrx_word' id='word_1_350' title='bbox 1750 3014 2078 3089; x_wconf 85' lang='grc' dir='ltr'>ἀποκρίνον-</span> 
     </span>
    </p>
   </div>
   <div class='ocr_carea' id='block_1_46' title="bbox 423 3097 2082 3177">
    <p class='ocr_par' dir='ltr' id='par_1_46' title="bbox 423 3097 2082 3177">
     <span class='ocr_line' id='line_1_46' title="bbox 423 3097 2082 3177; baseline 0.001 -22"><span class='ocrx_word' id='word_1_351' title='bbox 423 3121 536 3169; x_wconf 90' lang='grc' dir='ltr'>ται,</span> <span class='ocrx_word' id='word_1_352' title='bbox 568 3101 656 3156; x_wconf 89' lang='grc' dir='ltr'><strong>καὶ</strong></span> <span class='ocrx_word' id='word_1_353' title='bbox 687 3101 890 3166; x_wconf 83' lang='grc' dir='ltr'>τίθεται</span> <span class='ocrx_word' id='word_1_354' title='bbox 941 3101 1276 3174; x_wconf 77' lang='grc' dir='ltr'>ὰντιμίσιον,</span> <span class='ocrx_word' id='word_1_355' title='bbox 1331 3097 1456 3166; x_wconf 77' lang='grc' dir='ltr'>ἔνθα</span> <span class='ocrx_word' id='word_1_356' title='bbox 1504 3109 1678 3158; x_wconf 82' lang='grc' dir='ltr'>κεῖται</span> <span class='ocrx_word' id='word_1_357' title='bbox 1708 3105 1741 3172; x_wconf 81' lang='grc' dir='ltr'>ἣ</span> <span class='ocrx_word' id='word_1_358' title='bbox 1768 3123 1827 3158; x_wconf 91' lang='grc' dir='ltr'><strong>τε</strong></span> <span class='ocrx_word' id='word_1_359' title='bbox 1858 3101 2082 3177; x_wconf 77' lang='grc' dir='ltr'>χλαμὺς</span> 
     </span>
    </p>
   </div>
   <div class='ocr_carea' id='block_1_47' title="bbox 422 3185 2070 3268">
    <p class='ocr_par' dir='ltr' id='par_1_47' title="bbox 422 3185 2070 3268">
     <span class='ocr_line' id='line_1_47' title="bbox 422 3185 2070 3268; baseline 0.002 -23"><span class='ocrx_word' id='word_1_360' title='bbox 422 3189 511 3245; x_wconf 82' lang='grc' dir='ltr'><strong>καὶ</strong></span> <span class='ocrx_word' id='word_1_361' title='bbox 560 3193 594 3260; x_wconf 84' lang='grc' dir='ltr'>ἠ</span> <span class='ocrx_word' id='word_1_362' title='bbox 648 3185 841 3268; x_wconf 74' lang='grc' dir='ltr'>φίϐλα,</span> <span class='ocrx_word' id='word_1_363' title='bbox 898 3191 962 3247; x_wconf 82' lang='grc' dir='ltr'><strong>Ἠ</strong></span> <span class='ocrx_word' id='word_1_364' title='bbox 1025 3190 1118 3262; x_wconf 76' lang='grc' dir='ltr'><strong>μὲν</strong></span> <span class='ocrx_word' id='word_1_365' title='bbox 1177 3190 1402 3266; x_wconf 81' lang='grc' dir='ltr'>’χλαμύς</span> <span class='ocrx_word' id='word_1_366' title='bbox 1467 3190 1578 3246; x_wconf 80' lang='grc' dir='ltr'>ἐστι</span> <span class='ocrx_word' id='word_1_367' title='bbox 1638 3198 1903 3264; x_wconf 79' lang='grc' dir='ltr'>Πρασινος</span> <span class='ocrx_word' id='word_1_368' title='bbox 1936 3194 2070 3266; x_wconf 82' lang='grc'><strong>(42),</strong></span> 
     </span>
    </p>
   </div>
   <div class='ocr_carea' id='block_1_48' title="bbox 422 3272 2071 3356">
    <p class='ocr_par' dir='ltr' id='par_1_48' title="bbox 422 3272 2071 3356">
     <span class='ocr_line' id='line_1_48' title="bbox 422 3272 2071 3356; baseline 0.001 -24"><span class='ocrx_word' id='word_1_369' title='bbox 422 3272 628 3356; x_wconf 81' lang='grc' dir='ltr'>ἔχουσα</span> <span class='ocrx_word' id='word_1_370' title='bbox 659 3276 789 3352; x_wconf 82' lang='grc' dir='ltr'>ῥόδα</span> <span class='ocrx_word' id='word_1_371' title='bbox 820 3283 999 3353; x_wconf 86' lang='grc' dir='ltr'>χρυσᾶ</span> <span class='ocrx_word' id='word_1_372' title='bbox 1024 3277 1114 3333; x_wconf 85' lang='grc' dir='ltr'><strong>καὶ</strong></span> <span class='ocrx_word' id='word_1_373' title='bbox 1165 3272 1367 3333; x_wconf 73' lang='grc' dir='ltr'>ταϐλία</span> <span class='ocrx_word' id='word_1_374' title='bbox 1416 3285 1618 3354; x_wconf 77' lang='grc' dir='ltr'>χρυσᾶ.</span> <span class='ocrx_word' id='word_1_375' title='bbox 1677 3281 1778 3335; x_wconf 81' lang='grc' dir='ltr'>Καὶ</span> <span class='ocrx_word' id='word_1_376' title='bbox 1829 3279 2071 3334; x_wconf 83' lang='grc' dir='ltr'>νεύουσιν</span> 
     </span>
    </p>
   </div>
   <div class='ocr_carea' id='block_1_49' title="bbox 425 3365 2066 3443">
    <p class='ocr_par' dir='ltr' id='par_1_49' title="bbox 425 3365 2066 3443">
     <span class='ocr_line' id='line_1_49' title="bbox 425 3365 2066 3443; baseline 0.002 -21"><span class='ocrx_word' id='word_1_377' title='bbox 425 3369 475 3422; x_wconf 75' lang='grc' dir='ltr'>οἱ</span> <span class='ocrx_word' id='word_1_378' title='bbox 536 3365 790 3423; x_wconf 86' lang='grc' dir='ltr'>δεσπόται</span> <span class='ocrx_word' id='word_1_379' title='bbox 835 3372 919 3440; x_wconf 81' lang='grc' dir='ltr'>τῷ</span> <span class='ocrx_word' id='word_1_380' title='bbox 967 3366 1313 3440; x_wconf 86' lang='grc' dir='ltr'>πραιποσίτῳ</span> <span class='ocrx_word' id='word_1_381' title='bbox 1369 3368 1457 3424; x_wconf 80' lang='grc' dir='ltr'><strong>καὶ</strong></span> <span class='ocrx_word' id='word_1_382' title='bbox 1506 3373 1585 3441; x_wconf 77' lang='grc' dir='ltr'>τῷ</span> <span class='ocrx_word' id='word_1_383' title='bbox 1628 3367 1927 3443; x_wconf 78' lang='grc' dir='ltr'>μαγίστρῳ,</span> <span class='ocrx_word' id='word_1_384' title='bbox 1978 3371 2066 3425; x_wconf 84' lang='grc' dir='ltr'>καὶ</span> 
     </span>
    </p>
   </div>
   <div class='ocr_carea' id='block_1_50' title="bbox 422 3455 2069 3537">
    <p class='ocr_par' dir='ltr' id='par_1_50' title="bbox 422 3455 2069 3537">
     <span class='ocr_line' id='line_1_50' title="bbox 422 3455 2069 3537; baseline 0.001 -25"><span class='ocrx_word' id='word_1_385' title='bbox 422 3458 754 3532; x_wconf 81' lang='grc' dir='ltr'>ἂπέρχονται</span> <span class='ocrx_word' id='word_1_386' title='bbox 784 3457 873 3511; x_wconf 77' lang='grc' dir='ltr'><strong>καὶ</strong></span> <span class='ocrx_word' id='word_1_387' title='bbox 903 3455 1125 3534; x_wconf 79' lang='grc' dir='ltr'>φέρουσι</span> <span class='ocrx_word' id='word_1_388' title='bbox 1173 3458 1263 3511; x_wconf 86' lang='grc' dir='ltr'><strong>τὸν</strong></span> <span class='ocrx_word' id='word_1_389' title='bbox 1309 3457 1600 3537; x_wconf 78' lang='grc' dir='ltr'>ὀφείλοντα</span> <span class='ocrx_word' id='word_1_390' title='bbox 1628 3458 2069 3534; x_wconf 81' lang='grc' dir='ltr'>προχειρίζεσθαι</span> 
     </span>
    </p>
   </div>
   <div class='ocr_carea' id='block_1_51' title="bbox 420 3543 2074 3624">
    <p class='ocr_par' dir='ltr' id='par_1_51' title="bbox 420 3543 2074 3624">
     <span class='ocr_line' id='line_1_51' title="bbox 420 3543 2074 3624; baseline -0.001 -21"><span class='ocrx_word' id='word_1_391' title='bbox 420 3543 823 3621; x_wconf 74' lang='grc' dir='ltr'>νωϐελήσιμον,</span> <span class='ocrx_word' id='word_1_392' title='bbox 860 3546 1128 3624; x_wconf 76' lang='grc' dir='ltr'>φοροῦντα</span> <span class='ocrx_word' id='word_1_393' title='bbox 1179 3543 1502 3618; x_wconf 77' lang='grc' dir='ltr'>διϐητήσιον</span> <span class='ocrx_word' id='word_1_394' title='bbox 1543 3548 1758 3622; x_wconf 69' lang='grc' dir='ltr'>ῥούσιον</span> <span class='ocrx_word' id='word_1_395' title='bbox 1807 3548 1898 3605; x_wconf 79' lang='grc' dir='ltr'><strong>καί</strong></span> <span class='ocrx_word' id='word_1_396' title='bbox 1929 3569 2074 3621; x_wconf 82' lang='grc' dir='ltr'>καμ-</span> 
     </span>
    </p>
   </div>
   <div class='ocr_carea' id='block_1_52' title="bbox 419 3631 2074 3713">
    <p class='ocr_par' dir='ltr' id='par_1_52' title="bbox 419 3631 2074 3713">
     <span class='ocr_line' id='line_1_52' title="bbox 419 3631 2074 3713; baseline -0.001 -20"><span class='ocrx_word' id='word_1_397' title='bbox 419 3631 664 3693; x_wconf 72' lang='grc' dir='ltr'>πὸτουϐα</span> <span class='ocrx_word' id='word_1_398' title='bbox 687 3637 736 3674; x_wconf 79' lang='grc'><strong>¹⁸</strong></span> <span class='ocrx_word' id='word_1_399' title='bbox 755 3638 868 3709; x_wconf 73' lang='grc'><strong>(43)</strong></span> <span class='ocrx_word' id='word_1_400' title='bbox 884 3636 974 3690; x_wconf 84' lang='grc' dir='ltr'><strong>καὶ</strong></span> <span class='ocrx_word' id='word_1_401' title='bbox 995 3636 1086 3690; x_wconf 82' lang='grc' dir='ltr'>καὶ</span> <span class='ocrx_word' id='word_1_402' title='bbox 1106 3637 1412 3712; x_wconf 83' lang='grc' dir='ltr'>καμπάγια·</span> <span class='ocrx_word' id='word_1_403' title='bbox 1432 3640 1524 3691; x_wconf 80' lang='grc' dir='ltr'><strong>καὶ</strong></span> <span class='ocrx_word' id='word_1_404' title='bbox 1538 3635 1753 3692; x_wconf 75' lang='grc' dir='ltr'>’ίσταται</span> <span class='ocrx_word' id='word_1_405' title='bbox 1775 3639 1802 3692; x_wconf 89' lang='grc' dir='ltr'>ὁ</span> <span class='ocrx_word' id='word_1_406' title='bbox 1822 3639 2074 3713; x_wconf 86' lang='grc' dir='ltr'>πατριάρ-</span> 
     </span>
    </p>
   </div>
   <div class='ocr_carea' id='block_1_53' title="bbox 424 3724 2071 3801">
    <p class='ocr_par' dir='ltr' id='par_1_53' title="bbox 424 3724 2071 3801">
     <span class='ocr_line' id='line_1_53' title="bbox 424 3724 2071 3801; baseline 0.001 -19"><span class='ocrx_word' id='word_1_407' title='bbox 424 3747 535 3801; x_wconf 86' lang='grc' dir='ltr'>χης</span> <span class='ocrx_word' id='word_1_408' title='bbox 568 3724 870 3801; x_wconf 80' lang='grc' dir='ltr'>ἔμπροσθεν</span> <span class='ocrx_word' id='word_1_409' title='bbox 910 3730 1008 3781; x_wconf 77' lang='grc' dir='ltr'>τοῦ</span> <span class='ocrx_word' id='word_1_410' title='bbox 1053 3726 1387 3800; x_wconf 76' lang='grc' dir='ltr'>ἁντιμισίου,</span> <span class='ocrx_word' id='word_1_411' title='bbox 1424 3727 1476 3781; x_wconf 64' lang='grc' dir='ltr'>οἳ</span> <span class='ocrx_word' id='word_1_412' title='bbox 1523 3724 1580 3782; x_wconf 71' lang='grc' dir='ltr'>δὲ</span> <span class='ocrx_word' id='word_1_413' title='bbox 1621 3724 1872 3782; x_wconf 85' lang='grc' dir='ltr'>δεσπόται</span> <span class='ocrx_word' id='word_1_414' title='bbox 1906 3727 1980 3790; x_wconf 75' lang='grc' dir='ltr'>εἷς</span> <span class='ocrx_word' id='word_1_415' title='bbox 2009 3729 2071 3784; x_wconf 87' lang='grc' dir='ltr'>τὸ</span> 
     </span>
    </p>
   </div>
   <div class='ocr_carea' id='block_1_54' title="bbox 424 3813 2071 3892">
    <p class='ocr_par' dir='ltr' id='par_1_54' title="bbox 424 3813 2071 3892">
     <span class='ocr_line' id='line_1_54' title="bbox 424 3813 2071 3892; baseline 0 -21"><span class='ocrx_word' id='word_1_416' title='bbox 424 3815 656 3891; x_wconf 87' lang='grc' dir='ltr'>πλάγιον</span> <span class='ocrx_word' id='word_1_417' title='bbox 701 3819 796 3871; x_wconf 78' lang='grc' dir='ltr'><strong>τοῦ</strong></span> <span class='ocrx_word' id='word_1_418' title='bbox 842 3815 1188 3892; x_wconf 73' lang='grc' dir='ltr'>πατριάρχου</span> <span class='ocrx_word' id='word_1_419' title='bbox 1240 3814 1378 3871; x_wconf 79' lang='grc' dir='ltr'>ἔνθεν</span> <span class='ocrx_word' id='word_1_420' title='bbox 1425 3816 1688 3885; x_wconf 77' lang='grc' dir='ltr'>κάκεῖθεν,</span> <span class='ocrx_word' id='word_1_421' title='bbox 1723 3817 1811 3871; x_wconf 74' lang='grc' dir='ltr'><strong>καὶ</strong></span> <span class='ocrx_word' id='word_1_422' title='bbox 1853 3813 2071 3872; x_wconf 80' lang='grc' dir='ltr'>ὄπισθεν</span> 
     </span>
    </p>
   </div>
   <div class='ocr_carea' id='block_1_55' title="bbox 423 3900 2074 3980">
    <p class='ocr_par' dir='ltr' id='par_1_55' title="bbox 423 3900 2074 3980">
     <span class='ocr_line' id='line_1_55' title="bbox 423 3900 2074 3980; baseline -0.001 -19"><span class='ocrx_word' id='word_1_423' title='bbox 423 3910 531 3961; x_wconf 81' lang='grc' dir='ltr'><strong>τῶν</strong></span> <span class='ocrx_word' id='word_1_424' title='bbox 574 3901 848 3960; x_wconf 83' lang='grc' dir='ltr'>δεσποτῶν</span> <span class='ocrx_word' id='word_1_425' title='bbox 897 3906 949 3958; x_wconf 76' lang='grc' dir='ltr'>οἱ</span> <span class='ocrx_word' id='word_1_426' title='bbox 997 3905 1287 3980; x_wconf 74' lang='grc' dir='ltr'>Καίσαρες,</span> <span class='ocrx_word' id='word_1_427' title='bbox 1335 3905 1425 3960; x_wconf 85' lang='grc' dir='ltr'><strong>καὶ</strong></span> <span class='ocrx_word' id='word_1_428' title='bbox 1475 3903 1648 3966; x_wconf 81' lang='grc' dir='ltr'>οὕτως</span> <span class='ocrx_word' id='word_1_429' title='bbox 1690 3906 1718 3960; x_wconf 88' lang='grc' dir='ltr'>ὁ</span> <span class='ocrx_word' id='word_1_430' title='bbox 1765 3900 2074 3975; x_wconf 74' lang='grc' dir='ltr'>νωὸελήσι-</span> 
     </span>
    </p>
   </div>
   <div class='ocr_carea' id='block_1_56' title="bbox 426 3989 2074 4070">
    <p class='ocr_par' dir='ltr' id='par_1_56' title="bbox 426 3989 2074 4070">
     <span class='ocr_line' id='line_1_56' title="bbox 426 3989 2074 4070; baseline 0.001 -22"><span class='ocrx_word' id='word_1_431' title='bbox 426 4013 547 4069; x_wconf 83' lang='grc' dir='ltr'>μος.</span> <span class='ocrx_word' id='word_1_432' title='bbox 583 3994 685 4051; x_wconf 80' lang='grc' dir='ltr'>Καὶ</span> <span class='ocrx_word' id='word_1_433' title='bbox 742 3989 1110 4066; x_wconf 78' lang='grc' dir='ltr'>λαμϐάνουσιν</span> <span class='ocrx_word' id='word_1_434' title='bbox 1172 3994 1224 4048; x_wconf 73' lang='grc' dir='ltr'>οἱ</span> <span class='ocrx_word' id='word_1_435' title='bbox 1282 3990 1541 4049; x_wconf 88' lang='grc' dir='ltr'>δεσπόται</span> <span class='ocrx_word' id='word_1_436' title='bbox 1584 3993 1675 4047; x_wconf 76' lang='grc' dir='ltr'><strong>καὶ</strong></span> <span class='ocrx_word' id='word_1_437' title='bbox 1716 3993 1766 4047; x_wconf 75' lang='grc' dir='ltr'>οἱ</span> <span class='ocrx_word' id='word_1_438' title='bbox 1810 3993 2074 4070; x_wconf 83' lang='grc' dir='ltr'>Καίσαρες</span> 
     </span>
    </p>
   </div>
   <div class='ocr_carea' id='block_1_57' title="bbox 2249 1856 3828 1930">
    <p class='ocr_par' dir='ltr' id='par_1_57' title="bbox 2249 1856 3828 1930">
     <span class='ocr_line' id='line_1_57' title="bbox 2249 1856 3828 1930; baseline -0.002 -15"><span class='ocrx_word' id='word_1_439' title='bbox 2249 1859 2317 1915; x_wconf 89' lang='lat' dir='ltr'><strong>II.</strong></span> <span class='ocrx_word' id='word_1_440' title='bbox 2351 1859 2516 1914; x_wconf 90' lang='lat' dir='ltr'><strong>Tunc</strong></span> <span class='ocrx_word' id='word_1_441' title='bbox 2545 1858 2783 1929; x_wconf 91' lang='lat' dir='ltr'><strong>signum</strong></span> <span class='ocrx_word' id='word_1_442' title='bbox 2818 1857 3048 1914; x_wconf 89' lang='lat' dir='ltr'><strong>Domini</strong></span> <span class='ocrx_word' id='word_1_443' title='bbox 3101 1857 3416 1930; x_wconf 66' lang='lat' dir='ltr'><strong>praposito</strong></span> <span class='ocrx_word' id='word_1_444' title='bbox 3467 1858 3628 1926; x_wconf 87' lang='lat' dir='ltr'><strong>dant,</strong></span> <span class='ocrx_word' id='word_1_445' title='bbox 3660 1856 3828 1926; x_wconf 88' lang='lat' dir='ltr'><strong>isque</strong></span> 
     </span>
    </p>
   </div>
   <div class='ocr_carea' id='block_1_58' title="bbox 2181 1946 3829 2018">
    <p class='ocr_par' dir='ltr' id='par_1_58' title="bbox 2181 1946 3829 2018">
     <span class='ocr_line' id='line_1_58' title="bbox 2181 1946 3829 2018; baseline -0.002 -16"><span class='ocrx_word' id='word_1_446' title='bbox 2181 1947 2320 2002; x_wconf 90' lang='lat' dir='ltr'><strong>dicit</strong></span> <span class='ocrx_word' id='word_1_447' title='bbox 2349 1963 2362 2001; x_wconf 90' lang='lat'><strong>:</strong></span> <span class='ocrx_word' id='word_1_448' title='bbox 2388 1969 2416 1996; x_wconf 89' lang='grc'><strong>‹‹</strong></span> <span class='ocrx_word' id='word_1_449' title='bbox 2436 1947 2661 2016; x_wconf 85' lang='lat' dir='ltr'><strong>Jubete,</strong></span> <span class='ocrx_word' id='word_1_450' title='bbox 2687 1968 2714 1996; x_wconf 87' lang='lat'><strong>»</strong></span> <span class='ocrx_word' id='word_1_451' title='bbox 2749 1947 3077 2018; x_wconf 87' lang='lat' dir='ltr'><strong>precatique</strong></span> <span class='ocrx_word' id='word_1_452' title='bbox 3098 1946 3475 2018; x_wconf 85' lang='lat' dir='ltr'><strong>egrediuntur</strong></span> <span class='ocrx_word' id='word_1_453' title='bbox 3493 1960 3716 2015; x_wconf 88' lang='lat' dir='ltr'><strong>unaque</strong></span> <span class='ocrx_word' id='word_1_454' title='bbox 3738 1959 3829 2000; x_wconf 82' lang='lat' dir='ltr'><strong>se-</strong></span> 
     </span>
    </p>
   </div>
   <div class='ocr_carea' id='block_1_59' title="bbox 2182 2033 3829 2107">
    <p class='ocr_par' dir='ltr' id='par_1_59' title="bbox 2182 2033 3829 2107">
     <span class='ocr_line' id='line_1_59' title="bbox 2182 2033 3829 2107; baseline -0.001 -18"><span class='ocrx_word' id='word_1_455' title='bbox 2182 2040 2378 2104; x_wconf 80' lang='lat' dir='ltr'><strong>natus,</strong></span> <span class='ocrx_word' id='word_1_456' title='bbox 2412 2039 2469 2088; x_wconf 90' lang='lat' dir='ltr'><strong>et</strong></span> <span class='ocrx_word' id='word_1_457' title='bbox 2498 2035 2556 2089; x_wconf 90' lang='lat' dir='ltr'><strong>in</strong></span> <span class='ocrx_word' id='word_1_458' title='bbox 2590 2035 2871 2107; x_wconf 82' lang='lat' dir='ltr'><strong>gradibus</strong></span> <span class='ocrx_word' id='word_1_459' title='bbox 2899 2035 3213 2091; x_wconf 86' lang='lat' dir='ltr'><strong>tribunalis</strong></span> <span class='ocrx_word' id='word_1_460' title='bbox 3263 2035 3322 2090; x_wconf 91' lang='lat' dir='ltr'><strong>in</strong></span> <span class='ocrx_word' id='word_1_461' title='bbox 3375 2040 3618 2104; x_wconf 91' lang='lat' dir='ltr'><strong>utroque</strong></span> <span class='ocrx_word' id='word_1_462' title='bbox 3650 2033 3829 2089; x_wconf 88' lang='lat' dir='ltr'><strong>latere</strong></span> 
     </span>
    </p>
   </div>
   <div class='ocr_carea' id='block_1_60' title="bbox 2184 2121 3830 2193">
    <p class='ocr_par' dir='ltr' id='par_1_60' title="bbox 2184 2121 3830 2193">
     <span class='ocr_line' id='line_1_60' title="bbox 2184 2121 3830 2193; baseline -0.001 -16"><span class='ocrx_word' id='word_1_463' title='bbox 2184 2121 2380 2178; x_wconf 86' lang='lat' dir='ltr'><strong>sularii</strong></span> <span class='ocrx_word' id='word_1_464' title='bbox 2414 2121 2765 2178; x_wconf 90' lang='lat' dir='ltr'><strong>subsistunt.</strong></span> <span class='ocrx_word' id='word_1_465' title='bbox 2799 2123 3035 2178; x_wconf 87' lang='lat' dir='ltr'><strong>Patricii</strong></span> <span class='ocrx_word' id='word_1_466' title='bbox 3067 2139 3203 2178; x_wconf 89' lang='lat' dir='ltr'><strong>vero</strong></span> <span class='ocrx_word' id='word_1_467' title='bbox 3235 2123 3293 2178; x_wconf 91' lang='lat' dir='ltr'><strong>in</strong></span> <span class='ocrx_word' id='word_1_468' title='bbox 3326 2122 3546 2193; x_wconf 86' lang='lat' dir='ltr'><strong>porticu</strong></span> <span class='ocrx_word' id='word_1_469' title='bbox 3577 2121 3701 2176; x_wconf 83' lang='lat' dir='ltr'><strong>XIX</strong></span> <span class='ocrx_word' id='word_1_470' title='bbox 3733 2137 3830 2176; x_wconf 81' lang='lat' dir='ltr'><strong>ac-</strong></span> 
     </span>
    </p>
   </div>
   <div class='ocr_carea' id='block_1_61' title="bbox 2185 2208 3831 2281">
    <p class='ocr_par' dir='ltr' id='par_1_61' title="bbox 2185 2208 3831 2281">
     <span class='ocr_line' id='line_1_61' title="bbox 2185 2208 3831 2281; baseline -0.002 -15"><span class='ocrx_word' id='word_1_471' title='bbox 2185 2211 2490 2266; x_wconf 89' lang='lat' dir='ltr'><strong>cubituum</strong></span> <span class='ocrx_word' id='word_1_472' title='bbox 2513 2211 2924 2266; x_wconf 84' lang='lat' dir='ltr'><strong>consistorium</strong></span> <span class='ocrx_word' id='word_1_473' title='bbox 2945 2212 3328 2280; x_wconf 86' lang='lat' dir='ltr'><strong>constituunt,</strong></span> <span class='ocrx_word' id='word_1_474' title='bbox 3344 2226 3581 2281; x_wconf 90' lang='lat' dir='ltr'><strong>unaque</strong></span> <span class='ocrx_word' id='word_1_475' title='bbox 3605 2208 3831 2264; x_wconf 90' lang='lat' dir='ltr'><strong>domini</strong></span> 
     </span>
    </p>
   </div>
   <div class='ocr_carea' id='block_1_62' title="bbox 2185 2298 3830 2371">
    <p class='ocr_par' dir='ltr' id='par_1_62' title="bbox 2185 2298 3830 2371">
     <span class='ocr_line' id='line_1_62' title="bbox 2185 2298 3830 2371; baseline -0.003 -15"><span class='ocrx_word' id='word_1_476' title='bbox 2185 2315 2322 2357; x_wconf 92' lang='lat' dir='ltr'><strong>cum</strong></span> <span class='ocrx_word' id='word_1_477' title='bbox 2369 2298 2690 2354; x_wconf 75' lang='lat' dir='ltr'><strong>Caesaribus</strong></span> <span class='ocrx_word' id='word_1_478' title='bbox 2720 2303 2776 2355; x_wconf 93' lang='lat' dir='ltr'><strong>et</strong></span> <span class='ocrx_word' id='word_1_479' title='bbox 2825 2299 3153 2370; x_wconf 83' lang='lat' dir='ltr'><strong>patriarcha</strong></span> <span class='ocrx_word' id='word_1_480' title='bbox 3200 2298 3604 2371; x_wconf 88' lang='lat' dir='ltr'><strong>egrediuntur,</strong></span> <span class='ocrx_word' id='word_1_481' title='bbox 3653 2311 3830 2368; x_wconf 87' lang='lat' dir='ltr'><strong>quem</strong></span> 
     </span>
    </p>
   </div>
   <div class='ocr_carea' id='block_1_63' title="bbox 2187 2387 3835 2461">
    <p class='ocr_par' dir='ltr' id='par_1_63' title="bbox 2187 2387 3835 2461">
     <span class='ocr_line' id='line_1_63' title="bbox 2187 2387 3835 2461; baseline -0.003 -17"><span class='ocrx_word' id='word_1_482' title='bbox 2187 2392 2498 2461; x_wconf 85' lang='lat' dir='ltr'><strong>postquam</strong></span> <span class='ocrx_word' id='word_1_483' title='bbox 2531 2387 2592 2442; x_wconf 91' lang='lat' dir='ltr'><strong>in</strong></span> <span class='ocrx_word' id='word_1_484' title='bbox 2625 2388 2846 2458; x_wconf 92' lang='lat' dir='ltr'><strong>porticu</strong></span> <span class='ocrx_word' id='word_1_485' title='bbox 2880 2387 3108 2459; x_wconf 86' lang='lat' dir='ltr'><strong>patricii</strong></span> <span class='ocrx_word' id='word_1_486' title='bbox 3147 2403 3442 2458; x_wconf 80' lang='lat' dir='ltr'><strong>excepere,</strong></span> <span class='ocrx_word' id='word_1_487' title='bbox 3482 2403 3546 2442; x_wconf 90' lang='lat' dir='ltr'><strong>se</strong></span> <span class='ocrx_word' id='word_1_488' title='bbox 3577 2390 3835 2458; x_wconf 89' lang='lat' dir='ltr'><strong>proster-</strong></span> 
     </span>
    </p>
   </div>
   <div class='ocr_carea' id='block_1_64' title="bbox 2188 2474 3833 2548">
    <p class='ocr_par' dir='ltr' id='par_1_64' title="bbox 2188 2474 3833 2548">
     <span class='ocr_line' id='line_1_64' title="bbox 2188 2474 3833 2548; baseline -0.002 -13"><span class='ocrx_word' id='word_1_489' title='bbox 2188 2483 2357 2547; x_wconf 90' lang='lat' dir='ltr'><strong>nunt,</strong></span> <span class='ocrx_word' id='word_1_490' title='bbox 2419 2479 2825 2536; x_wconf 91' lang='lat' dir='ltr'><strong>cerimoniario</strong></span> <span class='ocrx_word' id='word_1_491' title='bbox 2881 2479 3148 2535; x_wconf 88' lang='lat' dir='ltr'><strong>dicente:</strong></span> <span class='ocrx_word' id='word_1_492' title='bbox 3209 2500 3236 2532; x_wconf 77' lang='grc' dir='ltr'><strong>ι</strong></span> <span class='ocrx_word' id='word_1_493' title='bbox 3267 2479 3556 2535; x_wconf 84' lang='lat' dir='ltr'><strong>Jubete.»</strong></span> <span class='ocrx_word' id='word_1_494' title='bbox 3606 2474 3833 2548; x_wconf 84' lang='lat' dir='ltr'><strong>Egressi</strong></span> 
     </span>
    </p>
   </div>
   <div class='ocr_carea' id='block_1_65' title="bbox 2187 2565 3832 2638">
    <p class='ocr_par' dir='ltr' id='par_1_65' title="bbox 2187 2565 3832 2638">
     <span class='ocr_line' id='line_1_65' title="bbox 2187 2565 3832 2638; baseline -0.001 -15"><span class='ocrx_word' id='word_1_495' title='bbox 2187 2583 2391 2624; x_wconf 89' lang='lat' dir='ltr'><strong>omnes</strong></span> <span class='ocrx_word' id='word_1_496' title='bbox 2441 2565 2502 2622; x_wconf 91' lang='lat' dir='ltr'><strong>in</strong></span> <span class='ocrx_word' id='word_1_497' title='bbox 2559 2566 2834 2634; x_wconf 84' lang='lat' dir='ltr'><strong>gradibus</strong></span> <span class='ocrx_word' id='word_1_498' title='bbox 2891 2566 3201 2622; x_wconf 87' lang='lat' dir='ltr'><strong>tribunalis</strong></span> <span class='ocrx_word' id='word_1_499' title='bbox 3256 2568 3327 2622; x_wconf 92' lang='lat' dir='ltr'><strong>ab</strong></span> <span class='ocrx_word' id='word_1_500' title='bbox 3361 2572 3605 2638; x_wconf 87' lang='lat' dir='ltr'><strong>utroque</strong></span> <span class='ocrx_word' id='word_1_501' title='bbox 3650 2566 3832 2622; x_wconf 82' lang='lat' dir='ltr'><strong>latere</strong></span> 
     </span>
    </p>
   </div>
   <div class='ocr_carea' id='block_1_66' title="bbox 2188 2653 3832 2728">
    <p class='ocr_par' dir='ltr' id='par_1_66' title="bbox 2188 2653 3832 2728">
     <span class='ocr_line' id='line_1_66' title="bbox 2188 2653 3832 2728; baseline -0.002 -16"><span class='ocrx_word' id='word_1_502' title='bbox 2188 2662 2377 2724; x_wconf 84' lang='lat' dir='ltr'><strong>stant;</strong></span> <span class='ocrx_word' id='word_1_503' title='bbox 2408 2655 2630 2711; x_wconf 91' lang='lat' dir='ltr'><strong>domini</strong></span> <span class='ocrx_word' id='word_1_504' title='bbox 2661 2671 2795 2711; x_wconf 85' lang='lat' dir='ltr'><strong>vero</strong></span> <span class='ocrx_word' id='word_1_505' title='bbox 2828 2672 2929 2728; x_wconf 92' lang='lat' dir='ltr'><strong>per</strong></span> <span class='ocrx_word' id='word_1_506' title='bbox 2958 2656 3180 2711; x_wconf 86' lang='lat' dir='ltr'><strong>medias</strong></span> <span class='ocrx_word' id='word_1_507' title='bbox 3210 2661 3408 2727; x_wconf 88' lang='lat' dir='ltr'><strong>portas</strong></span> <span class='ocrx_word' id='word_1_508' title='bbox 3450 2656 3521 2710; x_wconf 87' lang='lat' dir='ltr'><strong>ad</strong></span> <span class='ocrx_word' id='word_1_509' title='bbox 3554 2653 3832 2710; x_wconf 84' lang='lat' dir='ltr'><strong>solarium</strong></span> 
     </span>
    </p>
   </div>
   <div class='ocr_carea' id='block_1_67' title="bbox 2189 2744 3832 2816">
    <p class='ocr_par' dir='ltr' id='par_1_67' title="bbox 2189 2744 3832 2816">
     <span class='ocr_line' id='line_1_67' title="bbox 2189 2744 3832 2816; baseline -0.001 -16"><span class='ocrx_word' id='word_1_510' title='bbox 2189 2747 2422 2815; x_wconf 90' lang='lat' dir='ltr'><strong>abeunt,</strong></span> <span class='ocrx_word' id='word_1_511' title='bbox 2455 2745 2768 2815; x_wconf 84' lang='lat' dir='ltr'><strong>statimque</strong></span> <span class='ocrx_word' id='word_1_512' title='bbox 2800 2745 3078 2816; x_wconf 87' lang='lat' dir='ltr'><strong>populum</strong></span> <span class='ocrx_word' id='word_1_513' title='bbox 3106 2746 3333 2815; x_wconf 89' lang='lat' dir='ltr'><strong>jubent,</strong></span> <span class='ocrx_word' id='word_1_514' title='bbox 3359 2754 3418 2800; x_wconf 81' lang='lat' dir='ltr'><strong>ut</strong></span> <span class='ocrx_word' id='word_1_515' title='bbox 3467 2744 3832 2801; x_wconf 86' lang='lat' dir='ltr'><strong>nobilissimo</strong></span> 
     </span>
    </p>
   </div>
   <div class='ocr_carea' id='block_1_68' title="bbox 2189 2831 3830 2905">
    <p class='ocr_par' dir='ltr' id='par_1_68' title="bbox 2189 2831 3830 2905">
     <span class='ocr_line' id='line_1_68' title="bbox 2189 2831 3830 2905; baseline 0 -16"><span class='ocrx_word' id='word_1_516' title='bbox 2189 2832 2487 2896; x_wconf 86' lang='lat' dir='ltr'><strong>acclamet,</strong></span> <span class='ocrx_word' id='word_1_517' title='bbox 2523 2831 2634 2899; x_wconf 91' lang='lat' dir='ltr'><strong>cui,</strong></span> <span class='ocrx_word' id='word_1_518' title='bbox 2671 2833 2720 2888; x_wconf 88' lang='lat' dir='ltr'><strong>si</strong></span> <span class='ocrx_word' id='word_1_519' title='bbox 2756 2832 2932 2899; x_wconf 90' lang='lat' dir='ltr'><strong>lubet,</strong></span> <span class='ocrx_word' id='word_1_520' title='bbox 2969 2834 3347 2905; x_wconf 85' lang='lat' dir='ltr'><strong>respondent,</strong></span> <span class='ocrx_word' id='word_1_521' title='bbox 3382 2851 3517 2890; x_wconf 80' lang='lat' dir='ltr'><strong>mox</strong></span> <span class='ocrx_word' id='word_1_522' title='bbox 3547 2834 3830 2890; x_wconf 87' lang='lat' dir='ltr'><strong>antimen-</strong></span> 
     </span>
    </p>
   </div>
   <div class='ocr_carea' id='block_1_69' title="bbox 2189 2922 3835 2996">
    <p class='ocr_par' dir='ltr' id='par_1_69' title="bbox 2189 2922 3835 2996">
     <span class='ocr_line' id='line_1_69' title="bbox 2189 2922 3835 2996; baseline 0.001 -17"><span class='ocrx_word' id='word_1_523' title='bbox 2189 2923 2361 2990; x_wconf 90' lang='lat' dir='ltr'><strong>sium,</strong></span> <span class='ocrx_word' id='word_1_524' title='bbox 2397 2923 2452 2977; x_wconf 91' lang='lat' dir='ltr'><strong>in</strong></span> <span class='ocrx_word' id='word_1_525' title='bbox 2488 2939 2604 2994; x_wconf 88' lang='lat' dir='ltr'><strong>quo</strong></span> <span class='ocrx_word' id='word_1_526' title='bbox 2636 2922 2896 2995; x_wconf 86' lang='lat' dir='ltr'><strong>chlamys</strong></span> <span class='ocrx_word' id='word_1_527' title='bbox 2928 2928 2984 2978; x_wconf 92' lang='lat' dir='ltr'><strong>et</strong></span> <span class='ocrx_word' id='word_1_528' title='bbox 3016 2923 3208 2978; x_wconf 65' lang='lat' dir='ltr'><strong>fibula</strong></span> <span class='ocrx_word' id='word_1_529' title='bbox 3242 2930 3624 2996; x_wconf 90' lang='lat' dir='ltr'><strong>reponuntur,</strong></span> <span class='ocrx_word' id='word_1_530' title='bbox 3659 2922 3835 2980; x_wconf 86' lang='lat' dir='ltr'><strong>collo-</strong></span> 
     </span>
    </p>
   </div>
   <div class='ocr_carea' id='block_1_70' title="bbox 2190 3010 3834 3083">
    <p class='ocr_par' dir='ltr' id='par_1_70' title="bbox 2190 3010 3834 3083">
     <span class='ocr_line' id='line_1_70' title="bbox 2190 3010 3834 3083; baseline 0.001 -17"><span class='ocrx_word' id='word_1_531' title='bbox 2190 3019 2374 3067; x_wconf 85' lang='lat' dir='ltr'><strong>catur.</strong></span> <span class='ocrx_word' id='word_1_532' title='bbox 2415 3011 2688 3083; x_wconf 87' lang='lat' dir='ltr'><strong>Chlamys</strong></span> <span class='ocrx_word' id='word_1_533' title='bbox 2748 3010 2848 3066; x_wconf 91' lang='lat' dir='ltr'><strong>illa</strong></span> <span class='ocrx_word' id='word_1_534' title='bbox 2903 3013 3140 3082; x_wconf 88' lang='lat' dir='ltr'><strong>prasina</strong></span> <span class='ocrx_word' id='word_1_535' title='bbox 3187 3017 3295 3078; x_wconf 89' lang='lat' dir='ltr'><strong>est,</strong></span> <span class='ocrx_word' id='word_1_536' title='bbox 3347 3012 3493 3067; x_wconf 75' lang='lat' dir='ltr'><strong>rosis</strong></span> <span class='ocrx_word' id='word_1_537' title='bbox 3547 3013 3738 3066; x_wconf 90' lang='lat' dir='ltr'><strong>aureis</strong></span> <span class='ocrx_word' id='word_1_538' title='bbox 3769 3027 3834 3067; x_wconf 82' lang='lat' dir='ltr'><strong>ac</strong></span> 
     </span>
    </p>
   </div>
   <div class='ocr_carea' id='block_1_71' title="bbox 2191 3100 3834 3171">
    <p class='ocr_par' dir='ltr' id='par_1_71' title="bbox 2191 3100 3834 3171">
     <span class='ocr_line' id='line_1_71' title="bbox 2191 3100 3834 3171; baseline 0 -16"><span class='ocrx_word' id='word_1_539' title='bbox 2191 3100 2420 3155; x_wconf 77' lang='lat' dir='ltr'><strong>{imbris</strong></span> <span class='ocrx_word' id='word_1_540' title='bbox 2478 3116 2650 3154; x_wconf 89' lang='lat' dir='ltr'><strong>aurea</strong></span> <span class='ocrx_word' id='word_1_541' title='bbox 2711 3105 2932 3154; x_wconf 88' lang='lat' dir='ltr'><strong>ornata.</strong></span> <span class='ocrx_word' id='word_1_542' title='bbox 2969 3100 3099 3154; x_wconf 83' lang='lat' dir='ltr'><strong>Mox</strong></span> <span class='ocrx_word' id='word_1_543' title='bbox 3157 3100 3378 3155; x_wconf 90' lang='lat' dir='ltr'><strong>domini</strong></span> <span class='ocrx_word' id='word_1_544' title='bbox 3427 3101 3732 3171; x_wconf 69' lang='lat' dir='ltr'><strong>praeposito</strong></span> <span class='ocrx_word' id='word_1_545' title='bbox 3767 3116 3834 3155; x_wconf 90' lang='lat' dir='ltr'><strong>ac</strong></span> 
     </span>
    </p>
   </div>
   <div class='ocr_carea' id='block_1_72' title="bbox 2191 3188 3834 3262">
    <p class='ocr_par' dir='ltr' id='par_1_72' title="bbox 2191 3188 3834 3262">
     <span class='ocr_line' id='line_1_72' title="bbox 2191 3188 3834 3262; baseline -0.002 -16"><span class='ocrx_word' id='word_1_546' title='bbox 2191 3189 2468 3262; x_wconf 89' lang='lat' dir='ltr'><strong>magistro</strong></span> <span class='ocrx_word' id='word_1_547' title='bbox 2503 3188 2732 3258; x_wconf 87' lang='lat' dir='ltr'><strong>signum</strong></span> <span class='ocrx_word' id='word_1_548' title='bbox 2768 3189 2906 3243; x_wconf 87' lang='lat' dir='ltr'><strong>dant</strong></span> <span class='ocrx_word' id='word_1_549' title='bbox 2955 3189 3308 3259; x_wconf 88' lang='lat' dir='ltr'><strong>abeuntque,</strong></span> <span class='ocrx_word' id='word_1_550' title='bbox 3341 3205 3499 3258; x_wconf 88' lang='lat' dir='ltr'><strong>eum,</strong></span> <span class='ocrx_word' id='word_1_551' title='bbox 3530 3189 3626 3257; x_wconf 90' lang='lat' dir='ltr'><strong>qui</strong></span> <span class='ocrx_word' id='word_1_552' title='bbox 3659 3189 3834 3243; x_wconf 86' lang='lat' dir='ltr'><strong>nobi-</strong></span> 
     </span>
    </p>
   </div>
   <div class='ocr_carea' id='block_1_73' title="bbox 2188 3274 3834 3346">
    <p class='ocr_par' dir='ltr' id='par_1_73' title="bbox 2188 3274 3834 3346">
     <span class='ocr_line' id='line_1_73' title="bbox 2188 3274 3834 3346; baseline -0.001 -14"><span class='ocrx_word' id='word_1_553' title='bbox 2188 3278 2450 3332; x_wconf 90' lang='lat' dir='ltr'><strong>lissimus</strong></span> <span class='ocrx_word' id='word_1_554' title='bbox 2480 3275 2660 3330; x_wconf 89' lang='lat' dir='ltr'><strong>creari</strong></span> <span class='ocrx_word' id='word_1_555' title='bbox 2683 3274 2874 3342; x_wconf 91' lang='lat' dir='ltr'><strong>debet,</strong></span> <span class='ocrx_word' id='word_1_556' title='bbox 2899 3290 3250 3346; x_wconf 89' lang='lat' dir='ltr'><strong>russumque</strong></span> <span class='ocrx_word' id='word_1_557' title='bbox 3282 3274 3656 3342; x_wconf 88' lang='lat' dir='ltr'><strong>dibetesium,</strong></span> <span class='ocrx_word' id='word_1_558' title='bbox 3679 3290 3834 3330; x_wconf 84' lang='lat' dir='ltr'><strong>cam-</strong></span> 
     </span>
    </p>
   </div>
   <div class='ocr_carea' id='block_1_74' title="bbox 2182 3364 3834 3442">
    <p class='ocr_par' dir='ltr' id='par_1_74' title="bbox 2182 3364 3834 3442">
     <span class='ocr_line' id='line_1_74' title="bbox 2182 3364 3834 3442; baseline -0.001 -19"><span class='ocrx_word' id='word_1_559' title='bbox 2182 3370 2395 3442; x_wconf 85' lang='lat' dir='ltr'><strong>potuba</strong></span> <span class='ocrx_word' id='word_1_560' title='bbox 2427 3371 2484 3422; x_wconf 93' lang='lat' dir='ltr'><strong>et</strong></span> <span class='ocrx_word' id='word_1_561' title='bbox 2518 3364 2824 3436; x_wconf 86' lang='lat' dir='ltr'><strong>campagia</strong></span> <span class='ocrx_word' id='word_1_562' title='bbox 2853 3370 3062 3438; x_wconf 84' lang='lat' dir='ltr'><strong>gestat,</strong></span> <span class='ocrx_word' id='word_1_563' title='bbox 3101 3367 3406 3422; x_wconf 85' lang='lat' dir='ltr'><strong>adducturi</strong></span> <span class='ocrx_word' id='word_1_564' title='bbox 3435 3382 3448 3421; x_wconf 90' lang='lat'><strong>:</strong></span> <span class='ocrx_word' id='word_1_565' title='bbox 3502 3366 3834 3438; x_wconf 86' lang='lat' dir='ltr'><strong>patriarcha</strong></span> 
     </span>
    </p>
   </div>
   <div class='ocr_carea' id='block_1_75' title="bbox 2182 3457 3831 3531">
    <p class='ocr_par' dir='ltr' id='par_1_75' title="bbox 2182 3457 3831 3531">
     <span class='ocr_line' id='line_1_75' title="bbox 2182 3457 3831 3531; baseline -0.003 -14"><span class='ocrx_word' id='word_1_566' title='bbox 2182 3477 2378 3517; x_wconf 90' lang='lat' dir='ltr'><strong>coram</strong></span> <span class='ocrx_word' id='word_1_567' title='bbox 2413 3459 2786 3526; x_wconf 87' lang='lat' dir='ltr'><strong>antimensio,</strong></span> <span class='ocrx_word' id='word_1_568' title='bbox 2810 3460 2878 3513; x_wconf 87' lang='lat' dir='ltr'><strong>ad</strong></span> <span class='ocrx_word' id='word_1_569' title='bbox 2906 3465 3216 3531; x_wconf 89' lang='lat' dir='ltr'><strong>utrumque</strong></span> <span class='ocrx_word' id='word_1_570' title='bbox 3248 3460 3374 3530; x_wconf 88' lang='lat' dir='ltr'><strong>ejus</strong></span> <span class='ocrx_word' id='word_1_571' title='bbox 3400 3459 3552 3515; x_wconf 87' lang='lat' dir='ltr'><strong>latus</strong></span> <span class='ocrx_word' id='word_1_572' title='bbox 3584 3457 3831 3527; x_wconf 90' lang='lat' dir='ltr'><strong>domini,</strong></span> 
     </span>
    </p>
   </div>
   <div class='ocr_carea' id='block_1_76' title="bbox 2182 3547 3832 3623">
    <p class='ocr_par' dir='ltr' id='par_1_76' title="bbox 2182 3547 3832 3623">
     <span class='ocr_line' id='line_1_76' title="bbox 2182 3547 3832 3623; baseline -0.001 -19"><span class='ocrx_word' id='word_1_573' title='bbox 2182 3557 2313 3623; x_wconf 86' lang='lat' dir='ltr'><strong>post</strong></span> <span class='ocrx_word' id='word_1_574' title='bbox 2344 3550 2448 3605; x_wconf 87' lang='lat' dir='ltr'><strong>bos</strong></span> <span class='ocrx_word' id='word_1_575' title='bbox 2480 3552 2748 3614; x_wconf 71' lang='lat' dir='ltr'><strong>Caesares,</strong></span> <span class='ocrx_word' id='word_1_576' title='bbox 2775 3547 2982 3603; x_wconf 91' lang='lat' dir='ltr'><strong>deinde</strong></span> <span class='ocrx_word' id='word_1_577' title='bbox 3013 3548 3442 3616; x_wconf 87' lang='lat' dir='ltr'><strong>nobilissimus,</strong></span> <span class='ocrx_word' id='word_1_578' title='bbox 3465 3552 3644 3604; x_wconf 89' lang='lat' dir='ltr'><strong>stant.</strong></span> <span class='ocrx_word' id='word_1_579' title='bbox 3666 3547 3832 3604; x_wconf 92' lang='lat' dir='ltr'><strong>Tunc</strong></span> 
     </span>
    </p>
   </div>
   <div class='ocr_carea' id='block_1_77' title="bbox 2185 3637 3833 3708">
    <p class='ocr_par' dir='ltr' id='par_1_77' title="bbox 2185 3637 3833 3708">
     <span class='ocr_line' id='line_1_77' title="bbox 2185 3637 3833 3708; baseline -0.002 -13"><span class='ocrx_word' id='word_1_580' title='bbox 2185 3639 2428 3708; x_wconf 87' lang='lat' dir='ltr'><strong>domini,</strong></span> <span class='ocrx_word' id='word_1_581' title='bbox 2451 3640 2698 3693; x_wconf 60' lang='lat' dir='ltr'><strong>Casares</strong></span> <span class='ocrx_word' id='word_1_582' title='bbox 2729 3641 2785 3692; x_wconf 86' lang='lat' dir='ltr'><strong>et</strong></span> <span class='ocrx_word' id='word_1_583' title='bbox 2817 3637 3222 3693; x_wconf 86' lang='lat' dir='ltr'><strong>nobilissimus</strong></span> <span class='ocrx_word' id='word_1_584' title='bbox 3254 3653 3450 3694; x_wconf 89' lang='lat' dir='ltr'><strong>cereos</strong></span> <span class='ocrx_word' id='word_1_585' title='bbox 3482 3637 3833 3704; x_wconf 85' lang='lat' dir='ltr'><strong>accendunt,</strong></span> 
     </span>
    </p>
   </div>
   <div class='ocr_carea' id='block_1_78' title="bbox 2184 3725 3838 3798">
    <p class='ocr_par' dir='ltr' id='par_1_78' title="bbox 2184 3725 3838 3798">
     <span class='ocr_line' id='line_1_78' title="bbox 2184 3725 3838 3798; baseline -0.001 -15"><span class='ocrx_word' id='word_1_586' title='bbox 2184 3733 2238 3784; x_wconf 88' lang='lat' dir='ltr'><strong>et</strong></span> <span class='ocrx_word' id='word_1_587' title='bbox 2271 3728 2505 3798; x_wconf 85' lang='lat' dir='ltr'><strong>quando</strong></span> <span class='ocrx_word' id='word_1_588' title='bbox 2535 3726 2820 3780; x_wconf 88' lang='lat' dir='ltr'><strong>diaconus</strong></span> <span class='ocrx_word' id='word_1_589' title='bbox 2844 3725 3109 3780; x_wconf 89' lang='lat' dir='ltr'><strong>litaniam</strong></span> <span class='ocrx_word' id='word_1_590' title='bbox 3145 3728 3370 3793; x_wconf 85' lang='lat' dir='ltr'><strong>recitat,</strong></span> <span class='ocrx_word' id='word_1_591' title='bbox 3397 3725 3726 3796; x_wconf 87' lang='lat' dir='ltr'><strong>patriarcha</strong></span> <span class='ocrx_word' id='word_1_592' title='bbox 3752 3728 3838 3782; x_wconf 82' lang='lat' dir='ltr'><strong>in-</strong></span> 
     </span>
    </p>
   </div>
   <div class='ocr_carea' id='block_1_79' title="bbox 2185 3813 3834 3885">
    <p class='ocr_par' dir='ltr' id='par_1_79' title="bbox 2185 3813 3834 3885">
     <span class='ocr_line' id='line_1_79' title="bbox 2185 3813 3834 3885; baseline -0.002 -13"><span class='ocrx_word' id='word_1_593' title='bbox 2185 3817 2400 3873; x_wconf 88' lang='lat' dir='ltr'><strong>clinato</strong></span> <span class='ocrx_word' id='word_1_594' title='bbox 2433 3814 2624 3885; x_wconf 84' lang='lat' dir='ltr'><strong>capite</strong></span> <span class='ocrx_word' id='word_1_595' title='bbox 2655 3829 2852 3883; x_wconf 88' lang='lat' dir='ltr'><strong>preces</strong></span> <span class='ocrx_word' id='word_1_596' title='bbox 2894 3814 3056 3877; x_wconf 83' lang='lat' dir='ltr'><strong>dicit,</strong></span> <span class='ocrx_word' id='word_1_597' title='bbox 3090 3830 3201 3884; x_wconf 91' lang='lat' dir='ltr'><strong>quo</strong></span> <span class='ocrx_word' id='word_1_598' title='bbox 3241 3815 3414 3877; x_wconf 83' lang='lat' dir='ltr'><strong>facto,</strong></span> <span class='ocrx_word' id='word_1_599' title='bbox 3441 3813 3701 3867; x_wconf 84' lang='lat' dir='ltr'><strong>tunicam</strong></span> <span class='ocrx_word' id='word_1_600' title='bbox 3734 3829 3834 3868; x_wconf 83' lang='lat' dir='ltr'><strong>su-</strong></span> 
     </span>
    </p>
   </div>
   <div class='ocr_carea' id='block_1_80' title="bbox 2186 3901 3839 3972">
    <p class='ocr_par' dir='ltr' id='par_1_80' title="bbox 2186 3901 3839 3972">
     <span class='ocr_line' id='line_1_80' title="bbox 2186 3901 3839 3972; baseline -0.003 -11"><span class='ocrx_word' id='word_1_601' title='bbox 2186 3908 2290 3961; x_wconf 89' lang='lat' dir='ltr'><strong>mit</strong></span> <span class='ocrx_word' id='word_1_602' title='bbox 2320 3910 2377 3960; x_wconf 93' lang='lat' dir='ltr'><strong>et</strong></span> <span class='ocrx_word' id='word_1_603' title='bbox 2405 3903 2782 3958; x_wconf 85' lang='lat' dir='ltr'><strong>vestitoribus</strong></span> <span class='ocrx_word' id='word_1_604' title='bbox 2813 3902 3012 3967; x_wconf 84' lang='lat' dir='ltr'><strong>tradit,</strong></span> <span class='ocrx_word' id='word_1_605' title='bbox 3045 3917 3222 3972; x_wconf 89' lang='lat' dir='ltr'><strong>quam</strong></span> <span class='ocrx_word' id='word_1_606' title='bbox 3261 3901 3578 3972; x_wconf 82' lang='lat' dir='ltr'><strong>explicant,</strong></span> <span class='ocrx_word' id='word_1_607' title='bbox 3609 3901 3839 3956; x_wconf 88' lang='lat' dir='ltr'><strong>statim-</strong></span> 
     </span>
    </p>
   </div>
   <div class='ocr_carea' id='block_1_81' title="bbox 2188 3988 3829 4067">
    <p class='ocr_par' dir='ltr' id='par_1_81' title="bbox 2188 3988 3829 4067">
     <span class='ocr_line' id='line_1_81' title="bbox 2188 3988 3829 4067; baseline -0.002 -17"><span class='ocrx_word' id='word_1_608' title='bbox 2188 4010 2300 4067; x_wconf 90' lang='lat' dir='ltr'><strong>que</strong></span> <span class='ocrx_word' id='word_1_609' title='bbox 2332 3989 2679 4063; x_wconf 72' lang='lat' dir='ltr'><strong>przepositus</strong></span> <span class='ocrx_word' id='word_1_610' title='bbox 2708 3995 2766 4045; x_wconf 89' lang='lat' dir='ltr'><strong>et</strong></span> <span class='ocrx_word' id='word_1_611' title='bbox 2798 3989 3073 4061; x_wconf 86' lang='lat' dir='ltr'><strong>magister</strong></span> <span class='ocrx_word' id='word_1_612' title='bbox 3120 3988 3493 4046; x_wconf 90' lang='lat' dir='ltr'><strong>nobillissimi</strong></span> <span class='ocrx_word' id='word_1_613' title='bbox 3540 3989 3829 4061; x_wconf 84' lang='lat' dir='ltr'><strong>dignitate</strong></span> 
     </span>
    </p>
   </div>
   <div class='ocr_carea' id='block_1_82' title="bbox 1805 4118 2491 4178">
    <p class='ocr_par' dir='ltr' id='par_1_82' title="bbox 1805 4118 2491 4178">
     <span class='ocr_line' id='line_1_82' title="bbox 1805 4118 2491 4178; baseline -0.006 -1"><span class='ocrx_word' id='word_1_614' title='bbox 1805 4121 2046 4178; x_wconf 72' lang='lat' dir='ltr'><strong>VARl/E</strong></span> <span class='ocrx_word' id='word_1_615' title='bbox 2081 4118 2491 4178; x_wconf 82' lang='lat' dir='ltr'><strong>LECTIONES.</strong></span> 
     </span>
    </p>
   </div>
   <div class='ocr_carea' id='block_1_83' title="bbox 499 4207 3087 4297">
    <p class='ocr_par' dir='ltr' id='par_1_83' title="bbox 499 4207 3087 4297">
     <span class='ocr_line' id='line_1_83' title="bbox 499 4207 3087 4297; baseline -0.002 -23"><span class='ocrx_word' id='word_1_616' title='bbox 499 4221 545 4255; x_wconf 74' lang='grc'><strong>⁸⁸</strong></span> <span class='ocrx_word' id='word_1_617' title='bbox 562 4217 963 4294; x_wconf 84' lang='grc' dir='ltr'>κουροπαλάτιν</span> <span class='ocrx_word' id='word_1_618' title='bbox 996 4222 1145 4291; x_wconf 88' lang='lat' dir='ltr'><strong>cod.,</strong></span> <span class='ocrx_word' id='word_1_619' title='bbox 1187 4218 1622 4297; x_wconf 80' lang='grc' dir='ltr'>κουροπαλάτιον</span> <span class='ocrx_word' id='word_1_620' title='bbox 1653 4221 1747 4279; x_wconf 87' lang='lat' dir='ltr'><strong>ed.</strong></span> <span class='ocrx_word' id='word_1_621' title='bbox 1822 4219 1867 4257; x_wconf 65' lang='lat'><strong>‘7</strong></span> <span class='ocrx_word' id='word_1_622' title='bbox 1897 4218 2068 4276; x_wconf 81' lang='grc' dir='ltr'>αύτοὺ</span> <span class='ocrx_word' id='word_1_623' title='bbox 2099 4219 2190 4274; x_wconf 80' lang='grc' dir='ltr'><strong>καὶ</strong></span> <span class='ocrx_word' id='word_1_624' title='bbox 2221 4217 2289 4274; x_wconf 72' lang='grc' dir='ltr'>τὶ</span> <span class='ocrx_word' id='word_1_625' title='bbox 2319 4219 2447 4275; x_wconf 90' lang='lat' dir='ltr'><strong>cod.</strong></span> <span class='ocrx_word' id='word_1_626' title='bbox 2525 4216 2569 4252; x_wconf 81' lang='grc'>¹⁸</span> <span class='ocrx_word' id='word_1_627' title='bbox 2598 4207 2957 4287; x_wconf 77' lang='grc' dir='ltr'>καμϐότουϐα</span> <span class='ocrx_word' id='word_1_628' title='bbox 2993 4214 3087 4271; x_wconf 88' lang='lat' dir='ltr'><strong>ed.</strong></span> 
     </span>
    </p>
   </div>
   <div class='ocr_carea' id='block_1_84' title="bbox 1530 4337 2808 4402">
    <p class='ocr_par' dir='ltr' id='par_1_84' title="bbox 1530 4337 2808 4402">
     <span class='ocr_line' id='line_1_84' title="bbox 1530 4337 2808 4402; baseline -0.007 0"><span class='ocrx_word' id='word_1_629' title='bbox 1530 4343 1730 4402; x_wconf 86' lang='lat' dir='ltr'><strong>JOAN.</strong></span> <span class='ocrx_word' id='word_1_630' title='bbox 1761 4344 1903 4402; x_wconf 80' lang='lat' dir='ltr'><strong>JAC.</strong></span> <span class='ocrx_word' id='word_1_631' title='bbox 1935 4343 2197 4401; x_wconf 80' lang='lat' dir='ltr'><strong>REISKII</strong></span> <span class='ocrx_word' id='word_1_632' title='bbox 2219 4337 2808 4399; x_wconf 77' lang='lat' dir='ltr'><strong>COMMENTARIUS.</strong></span> 
     </span>
    </p>
   </div>
   <div class='ocr_carea' id='block_1_85' title="bbox 511 4451 3837 4535">
    <p class='ocr_par' dir='ltr' id='par_1_85' title="bbox 511 4451 3837 4535">
     <span class='ocr_line' id='line_1_85' title="bbox 511 4451 3837 4535; baseline -0.003 -18"><span class='ocrx_word' id='word_1_633' title='bbox 511 4457 625 4534; x_wconf 67' lang='lat' dir='ltr'>(ﬂ)</span> <span class='ocrx_word' id='word_1_634' title='bbox 659 4462 735 4535; x_wconf 62' lang='lat' dir='ltr'><strong>D_e</strong></span> <span class='ocrx_word' id='word_1_635' title='bbox 762 4462 1104 4535; x_wconf 84' lang='lat' dir='ltr'><strong>europalata</strong></span> <span class='ocrx_word' id='word_1_636' title='bbox 1124 4463 1238 4521; x_wconf 83' lang='lat' dir='ltr'><strong>vid.</strong></span> <span class='ocrx_word' id='word_1_637' title='bbox 1291 4464 1464 4522; x_wconf 88' lang='lat' dir='ltr'><strong>Goar.</strong></span> <span class='ocrx_word' id='word_1_638' title='bbox 1496 4466 1555 4520; x_wconf 89' lang='lat' dir='ltr'><strong>et</strong></span> <span class='ocrx_word' id='word_1_639' title='bbox 1582 4463 1838 4520; x_wconf 88' lang='lat' dir='ltr'><strong>Gretser.</strong></span> <span class='ocrx_word' id='word_1_640' title='bbox 1871 4463 1942 4519; x_wconf 90' lang='lat' dir='ltr'><strong>ad</strong></span> <span class='ocrx_word' id='word_1_641' title='bbox 1976 4462 2090 4518; x_wconf 88' lang='lat' dir='ltr'><strong>Co-</strong></span> <span class='ocrx_word' id='word_1_642' title='bbox 2118 4465 2165 4531; x_wconf 86' lang='lat' dir='ltr'><strong>D</strong></span> <span class='ocrx_word' id='word_1_643' title='bbox 2195 4461 2499 4535; x_wconf 82' lang='lat' dir='ltr'><strong>Lecapeno</strong></span> <span class='ocrx_word' id='word_1_644' title='bbox 2515 4459 2846 4535; x_wconf 62' lang='lat' dir='ltr'><strong>susceptus,</strong></span> <span class='ocrx_word' id='word_1_645' title='bbox 2865 4453 3658 4535; x_wconf 59' lang='lat' dir='ltr'><strong>Script.post:I_‘heopban.p.</strong></span> 
     </span>
    </p>
   </div>
   <div class='ocr_carea' id='block_1_86' title="bbox 437 4533 2085 4607">
    <p class='ocr_par' dir='ltr' id='par_1_86' title="bbox 437 4533 2085 4607">
     <span class='ocr_line' id='line_1_86' title="bbox 437 4533 2085 4607; baseline 0.002 -20"><span class='ocrx_word' id='word_1_646' title='bbox 437 4533 566 4607; x_wconf 72' lang='lat' dir='ltr'><strong>diu.</strong></span> <span class='ocrx_word' id='word_1_647' title='bbox 598 4533 654 4589; x_wconf 85' lang='lat' dir='ltr'><strong>et</strong></span> <span class='ocrx_word' id='word_1_648' title='bbox 680 4533 769 4607; x_wconf 91' lang='lat' dir='ltr'><strong>Du</strong></span> <span class='ocrx_word' id='word_1_649' title='bbox 803 4533 982 4607; x_wconf 85' lang='lat' dir='ltr'><strong>Cang.</strong></span> <span class='ocrx_word' id='word_1_650' title='bbox 1030 4535 1218 4592; x_wconf 90' lang='lat' dir='ltr'><strong>Gloss.</strong></span> <span class='ocrx_word' id='word_1_651' title='bbox 1260 4535 1358 4593; x_wconf 88' lang='lat' dir='ltr'><strong>Gr.</strong></span> <span class='ocrx_word' id='word_1_652' title='bbox 1391 4536 1450 4591; x_wconf 92' lang='lat' dir='ltr'><strong>h.</strong></span> <span class='ocrx_word' id='word_1_653' title='bbox 1498 4551 1553 4591; x_wconf 89' lang='lat' dir='ltr'><strong>v.</strong></span> <span class='ocrx_word' id='word_1_654' title='bbox 1586 4539 1642 4591; x_wconf 91' lang='lat' dir='ltr'><strong>et</strong></span> <span class='ocrx_word' id='word_1_655' title='bbox 1673 4539 1795 4592; x_wconf 89' lang='lat' dir='ltr'><strong>Lat.</strong></span> <span class='ocrx_word' id='word_1_656' title='bbox 1825 4551 1879 4590; x_wconf 80' lang='grc' dir='ltr'><strong>ν.</strong></span> <span class='ocrx_word' id='word_1_657' title='bbox 1917 4535 2085 4590; x_wconf 83' lang='lat' dir='ltr'><strong>Cura.</strong></span> 
     </span>
    </p>
   </div>
   <div class='ocr_carea' id='block_1_87' title="bbox 436 4605 2086 4678">
    <p class='ocr_par' dir='ltr' id='par_1_87' title="bbox 436 4605 2086 4678">
     <span class='ocr_line' id='line_1_87' title="bbox 436 4605 2086 4678; baseline 0.002 -18"><span class='ocrx_word' id='word_1_658' title='bbox 436 4605 530 4660; x_wconf 83' lang='lat' dir='ltr'><strong>Est</strong></span> <span class='ocrx_word' id='word_1_659' title='bbox 559 4605 786 4678; x_wconf 88' lang='lat' dir='ltr'><strong>proprie</strong></span> <span class='ocrx_word' id='word_1_660' title='bbox 822 4605 958 4662; x_wconf 76' lang='lat' dir='ltr'><strong>cura</strong></span> <span class='ocrx_word' id='word_1_661' title='bbox 1005 4608 1230 4678; x_wconf 78' lang='lat' dir='ltr'><strong>palatii.</strong></span> <span class='ocrx_word' id='word_1_662' title='bbox 1287 4608 1495 4664; x_wconf 84' lang='lat' dir='ltr'><strong>Secuto</strong></span> <span class='ocrx_word' id='word_1_663' title='bbox 1525 4607 1790 4677; x_wconf 88' lang='lat' dir='ltr'><strong>sequiore</strong></span> <span class='ocrx_word' id='word_1_664' title='bbox 1809 4622 1948 4678; x_wconf 75' lang='lat' dir='ltr'><strong>cura</strong></span> <span class='ocrx_word' id='word_1_665' title='bbox 1979 4621 2086 4678; x_wconf 86' lang='lat' dir='ltr'><strong>pro</strong></span> 
     </span>
    </p>
   </div>
   <div class='ocr_carea' id='block_1_88' title="bbox 431 4673 2082 4760">
    <p class='ocr_par' dir='ltr' id='par_1_88' title="bbox 431 4673 2082 4760">
     <span class='ocr_line' id='line_1_88' title="bbox 431 4673 2082 4760; baseline 0.007 -30"><span class='ocrx_word' id='word_1_666' title='bbox 431 4673 686 4760; x_wconf 46' lang='lat' dir='ltr'><strong>cara—tore</strong></span> <span class='ocrx_word' id='word_1_667' title='bbox 710 4673 1015 4760; x_wconf 73' lang='lat' dir='ltr'><strong>dicebant,</strong></span> <span class='ocrx_word' id='word_1_668' title='bbox 1037 4677 1293 4760; x_wconf 67' lang='lat' dir='ltr'><strong>ut_ratiq</strong></span> <span class='ocrx_word' id='word_1_669' title='bbox 1322 4696 1437 4760; x_wconf 63' lang='lat' dir='ltr'><strong>pro</strong></span> <span class='ocrx_word' id='word_1_670' title='bbox 1471 4673 1744 4760; x_wconf 68' lang='lat' dir='ltr'><strong>rationali</strong></span> <span class='ocrx_word' id='word_1_671' title='bbox 1757 4695 1873 4760; x_wconf 54' lang='lat' dir='ltr'><strong>seu</strong></span> <span class='ocrx_word' id='word_1_672' title='bbox 1908 4673 2082 4760; x_wconf 54' lang='grc' dir='ltr'>λρῇοῂ</span> 
     </span>
    </p>
   </div>
   <div class='ocr_carea' id='block_1_89' title="bbox 432 4746 2080 4820">
    <p class='ocr_par' dir='ltr' id='par_1_89' title="bbox 432 4746 2080 4820">
     <span class='ocr_line' id='line_1_89' title="bbox 432 4746 2080 4820; baseline 0.001 -18"><span class='ocrx_word' id='word_1_673' title='bbox 432 4746 592 4820; x_wconf 75' lang='grc' dir='ltr'>θέτῃ;</span> <span class='ocrx_word' id='word_1_674' title='bbox 631 4751 773 4804; x_wconf 77' lang='lat' dir='ltr'><strong>ratio</strong></span> <span class='ocrx_word' id='word_1_675' title='bbox 799 4751 1170 4820; x_wconf 75' lang='lat' dir='ltr'><strong>patrimonii;</strong></span> <span class='ocrx_word' id='word_1_676' title='bbox 1203 4746 1592 4806; x_wconf 51' lang='lat' dir='ltr'><strong>videalmas.</strong></span> <span class='ocrx_word' id='word_1_677' title='bbox 1641 4750 1712 4805; x_wconf 88' lang='lat' dir='ltr'><strong>ad</strong></span> <span class='ocrx_word' id='word_1_678' title='bbox 1755 4750 1878 4806; x_wconf 90' lang='lat' dir='ltr'><strong>Scr.</strong></span> <span class='ocrx_word' id='word_1_679' title='bbox 1930 4746 2080 4805; x_wconf 85' lang='lat' dir='ltr'><strong>Hist.</strong></span> 
     </span>
    </p>
   </div>
   <div class='ocr_carea' id='block_1_90' title="bbox 438 4820 2082 4892">
    <p class='ocr_par' dir='ltr' id='par_1_90' title="bbox 438 4820 2082 4892">
     <span class='ocr_line' id='line_1_90' title="bbox 438 4820 2082 4892; baseline 0 -17"><span class='ocrx_word' id='word_1_680' title='bbox 438 4822 584 4892; x_wconf 62' lang='lat' dir='ltr'><strong>Aug.</strong></span> <span class='ocrx_word' id='word_1_681' title='bbox 620 4828 659 4876; x_wconf 84' lang='lat' dir='ltr'><strong>t.</strong></span> <span class='ocrx_word' id='word_1_682' title='bbox 694 4820 766 4888; x_wconf 89' lang='lat' dir='ltr'><strong>Il,</strong></span> <span class='ocrx_word' id='word_1_683' title='bbox 798 4837 853 4892; x_wconf 80' lang='lat' dir='ltr'><strong>p.</strong></span> <span class='ocrx_word' id='word_1_684' title='bbox 886 4821 990 4875; x_wconf 87' lang='lat'><strong>609</strong></span> <span class='ocrx_word' id='word_1_685' title='bbox 1015 4830 1069 4876; x_wconf 90' lang='lat' dir='ltr'><strong>et</strong></span> <span class='ocrx_word' id='word_1_686' title='bbox 1101 4821 1367 4892; x_wconf 91' lang='lat' dir='ltr'><strong>pluribus</strong></span> <span class='ocrx_word' id='word_1_687' title='bbox 1399 4826 1439 4876; x_wconf 91' lang='lat' dir='ltr'><strong>t.</strong></span> <span class='ocrx_word' id='word_1_688' title='bbox 1486 4823 1531 4890; x_wconf 87' lang='grc' dir='ltr'>Ι,</span> <span class='ocrx_word' id='word_1_689' title='bbox 1566 4838 1622 4892; x_wconf 92' lang='lat' dir='ltr'><strong>p.</strong></span> <span class='ocrx_word' id='word_1_690' title='bbox 1656 4821 1780 4877; x_wconf 85' lang='lat'><strong>391.</strong></span> <span class='ocrx_word' id='word_1_691' title='bbox 1829 4821 2082 4876; x_wconf 88' lang='lat' dir='ltr'><strong>Primam</strong></span> 
     </span>
    </p>
   </div>
   <div class='ocr_carea' id='block_1_91' title="bbox 437 4891 2084 4965">
    <p class='ocr_par' dir='ltr' id='par_1_91' title="bbox 437 4891 2084 4965">
     <span class='ocr_line' id='line_1_91' title="bbox 437 4891 2084 4965; baseline 0 -19"><span class='ocrx_word' id='word_1_692' title='bbox 437 4891 590 4965; x_wconf 82' lang='lat' dir='ltr'><strong>hanc</strong></span> <span class='ocrx_word' id='word_1_693' title='bbox 606 4892 783 4965; x_wconf 63' lang='lat' dir='ltr'><strong>fuisse</strong></span> <span class='ocrx_word' id='word_1_694' title='bbox 797 4891 1138 4961; x_wconf 85' lang='lat' dir='ltr'><strong>dignitatem</strong></span> <span class='ocrx_word' id='word_1_695' title='bbox 1162 4898 1294 4963; x_wconf 88' lang='lat' dir='ltr'><strong>post</strong></span> <span class='ocrx_word' id='word_1_696' title='bbox 1306 4893 1448 4965; x_wconf 85' lang='lat' dir='ltr'><strong>regii</strong></span> <span class='ocrx_word' id='word_1_697' title='bbox 1464 4891 1773 4962; x_wconf 80' lang='lat' dir='ltr'><strong>sanguinis</strong></span> <span class='ocrx_word' id='word_1_698' title='bbox 1789 4892 2084 4965; x_wconf 87' lang='lat' dir='ltr'><strong>principes</strong></span> 
     </span>
    </p>
   </div>
   <div class='ocr_carea' id='block_1_92' title="bbox 438 4961 2081 5032">
    <p class='ocr_par' dir='ltr' id='par_1_92' title="bbox 438 4961 2081 5032">
     <span class='ocr_line' id='line_1_92' title="bbox 438 4961 2081 5032; baseline 0.001 -15"><span class='ocrx_word' id='word_1_699' title='bbox 438 4964 498 5017; x_wconf 89' lang='lat' dir='ltr'><strong>iu</strong></span> <span class='ocrx_word' id='word_1_700' title='bbox 539 4961 674 5016; x_wconf 88' lang='lat' dir='ltr'><strong>aula</strong></span> <span class='ocrx_word' id='word_1_701' title='bbox 706 4962 1042 5031; x_wconf 81' lang='lat' dir='ltr'><strong>Byzantina,</strong></span> <span class='ocrx_word' id='word_1_702' title='bbox 1075 4961 1340 5032; x_wconf 83' lang='lat' dir='ltr'><strong>constat;</strong></span> <span class='ocrx_word' id='word_1_703' title='bbox 1372 4961 1505 5019; x_wconf 62' lang='lat' dir='ltr'><strong>&#39;non</strong></span> <span class='ocrx_word' id='word_1_704' title='bbox 1556 4961 1697 5018; x_wconf 81' lang='lat' dir='ltr'><strong>item</strong></span> <span class='ocrx_word' id='word_1_705' title='bbox 1748 4961 1884 5018; x_wconf 75' lang='lat' dir='ltr'><strong>satis</strong></span> <span class='ocrx_word' id='word_1_706' title='bbox 1917 4961 2081 5028; x_wconf 75' lang='lat' dir='ltr'><strong>bene,</strong></span> 
     </span>
    </p>
   </div>
   <div class='ocr_carea' id='block_1_93' title="bbox 439 5031 2084 5106">
    <p class='ocr_par' dir='ltr' id='par_1_93' title="bbox 439 5031 2084 5106">
     <span class='ocr_line' id='line_1_93' title="bbox 439 5031 2084 5106; baseline 0.002 -21"><span class='ocrx_word' id='word_1_707' title='bbox 439 5033 615 5102; x_wconf 89' lang='lat' dir='ltr'><strong>quale</strong></span> <span class='ocrx_word' id='word_1_708' title='bbox 666 5031 898 5106; x_wconf 80' lang='lat' dir='ltr'><strong>illorum</strong></span> <span class='ocrx_word' id='word_1_709' title='bbox 950 5049 1165 5106; x_wconf 84' lang='lat' dir='ltr'><strong>munus</strong></span> <span class='ocrx_word' id='word_1_710' title='bbox 1223 5035 1413 5090; x_wconf 85' lang='lat' dir='ltr'><strong>fuerit.</strong></span> <span class='ocrx_word' id='word_1_711' title='bbox 1447 5034 1613 5106; x_wconf 89' lang='lat' dir='ltr'><strong>Forte</strong></span> <span class='ocrx_word' id='word_1_712' title='bbox 1663 5035 1774 5089; x_wconf 80' lang='lat' dir='ltr'><strong>fuit</strong></span> <span class='ocrx_word' id='word_1_713' title='bbox 1828 5033 2084 5106; x_wconf 84' lang='lat' dir='ltr'><strong>dignitas</strong></span> 
     </span>
    </p>
   </div>
   <div class='ocr_carea' id='block_1_94' title="bbox 439 5103 2084 5178">
    <p class='ocr_par' dir='ltr' id='par_1_94' title="bbox 439 5103 2084 5178">
     <span class='ocr_line' id='line_1_94' title="bbox 439 5103 2084 5178; baseline 0.002 -21"><span class='ocrx_word' id='word_1_714' title='bbox 439 5105 664 5178; x_wconf 76' lang='lat' dir='ltr'><strong>absque</strong></span> <span class='ocrx_word' id='word_1_715' title='bbox 677 5103 990 5178; x_wconf 68' lang='lat' dir='ltr'><strong>iunctione.</strong></span> <span class='ocrx_word' id='word_1_716' title='bbox 1010 5105 1318 5178; x_wconf 68' lang='lat' dir='ltr'><strong>Perhibent</strong></span> <span class='ocrx_word' id='word_1_717' title='bbox 1334 5121 1485 5162; x_wconf 84' lang='lat' dir='ltr'><strong>curas</strong></span> <span class='ocrx_word' id='word_1_718' title='bbox 1500 5105 1696 5178; x_wconf 90' lang='lat' dir='ltr'><strong>palatii</strong></span> <span class='ocrx_word' id='word_1_719' title='bbox 1712 5121 1839 5161; x_wconf 90' lang='lat' dir='ltr'><strong>com</strong></span> <span class='ocrx_word' id='word_1_720' title='bbox 1851 5103 2084 5160; x_wconf 69' lang='lat' dir='ltr'><strong>missam</strong></span> 
     </span>
    </p>
   </div>
   <div class='ocr_carea' id='block_1_95' title="bbox 436 5173 2082 5249">
    <p class='ocr_par' dir='ltr' id='par_1_95' title="bbox 436 5173 2082 5249">
     <span class='ocr_line' id='line_1_95' title="bbox 436 5173 2082 5249; baseline 0.001 -21"><span class='ocrx_word' id='word_1_721' title='bbox 436 5173 622 5249; x_wconf 82' lang='lat' dir='ltr'><strong>fuisse</strong></span> <span class='ocrx_word' id='word_1_722' title='bbox 651 5189 854 5230; x_wconf 86' lang='lat' dir='ltr'><strong>curam</strong></span> <span class='ocrx_word' id='word_1_723' title='bbox 886 5175 1266 5249; x_wconf 67' lang='lat' dir='ltr'><strong>aedificiorum</strong></span> <span class='ocrx_word' id='word_1_724' title='bbox 1304 5173 1702 5249; x_wconf 83' lang='lat' dir='ltr'><strong>imperialium</strong></span> <span class='ocrx_word' id='word_1_725' title='bbox 1735 5193 2082 5249; x_wconf 84' lang='lat' dir='ltr'><strong>conservan-</strong></span> 
     </span>
    </p>
   </div>
   <div class='ocr_carea' id='block_1_96' title="bbox 439 5246 2089 5318">
    <p class='ocr_par' dir='ltr' id='par_1_96' title="bbox 439 5246 2089 5318">
     <span class='ocr_line' id='line_1_96' title="bbox 439 5246 2089 5318; baseline 0.002 -18"><span class='ocrx_word' id='word_1_726' title='bbox 439 5246 650 5301; x_wconf 91' lang='lat' dir='ltr'><strong>dorum</strong></span> <span class='ocrx_word' id='word_1_727' title='bbox 691 5251 749 5301; x_wconf 92' lang='lat' dir='ltr'><strong>et</strong></span> <span class='ocrx_word' id='word_1_728' title='bbox 781 5247 1266 5318; x_wconf 80' lang='lat' dir='ltr'><strong>reparandarum.</strong></span> <span class='ocrx_word' id='word_1_729' title='bbox 1300 5246 1466 5304; x_wconf 76' lang='lat' dir='ltr'><strong>Forte</strong></span> <span class='ocrx_word' id='word_1_730' title='bbox 1497 5249 1555 5304; x_wconf 90' lang='lat' dir='ltr'><strong>id</strong></span> <span class='ocrx_word' id='word_1_731' title='bbox 1590 5247 1792 5318; x_wconf 89' lang='lat' dir='ltr'><strong>primis</strong></span> <span class='ocrx_word' id='word_1_732' title='bbox 1823 5247 2089 5317; x_wconf 89' lang='lat' dir='ltr'><strong>tempori-</strong></span> 
     </span>
    </p>
   </div>
   <div class='ocr_carea' id='block_1_97' title="bbox 441 5317 2084 5390">
    <p class='ocr_par' dir='ltr' id='par_1_97' title="bbox 441 5317 2084 5390">
     <span class='ocr_line' id='line_1_97' title="bbox 441 5317 2084 5390; baseline 0 -17"><span class='ocrx_word' id='word_1_733' title='bbox 441 5319 555 5373; x_wconf 88' lang='lat' dir='ltr'><strong>bus</strong></span> <span class='ocrx_word' id='word_1_734' title='bbox 580 5317 661 5390; x_wconf 89' lang='lat' dir='ltr'><strong>ita</strong></span> <span class='ocrx_word' id='word_1_735' title='bbox 690 5317 801 5390; x_wconf 72' lang='lat' dir='ltr'><strong>fuit</strong></span> <span class='ocrx_word' id='word_1_736' title='bbox 823 5317 1031 5388; x_wconf 57' lang='lat' dir='ltr'><strong>{quod</strong></span> <span class='ocrx_word' id='word_1_737' title='bbox 1064 5319 1217 5374; x_wconf 86' lang='lat' dir='ltr'><strong>haud</strong></span> <span class='ocrx_word' id='word_1_738' title='bbox 1249 5320 1496 5376; x_wconf 89' lang='lat' dir='ltr'><strong>obscure</strong></span> <span class='ocrx_word' id='word_1_739' title='bbox 1527 5317 1768 5390; x_wconf 82' lang='lat' dir='ltr'><strong>colligas</strong></span> <span class='ocrx_word' id='word_1_740' title='bbox 1826 5335 1856 5375; x_wconf 81' lang='grc' dir='ltr'>θ</span> <span class='ocrx_word' id='word_1_741' title='bbox 1890 5319 2084 5376; x_wconf 89' lang='lat' dir='ltr'><strong>Nostri</strong></span> 
     </span>
    </p>
   </div>
   <div class='ocr_carea' id='block_1_98' title="bbox 441 5389 2090 5530">
    <p class='ocr_par' dir='ltr' id='par_1_98' title="bbox 441 5389 2090 5530">
     <span class='ocr_line' id='line_1_98' title="bbox 441 5389 2088 5472; baseline 0 -28"><span class='ocrx_word' id='word_1_742' title='bbox 441 5405 576 5470; x_wconf 80' lang='lat' dir='ltr'><strong>pag.</strong></span> <span class='ocrx_word' id='word_1_743' title='bbox 612 5389 756 5456; x_wconf 68' lang='lat'><strong>405;</strong></span> <span class='ocrx_word' id='word_1_744' title='bbox 793 5391 1215 5472; x_wconf 75' lang='lat' dir='ltr'><strong>posterioribus</strong></span> <span class='ocrx_word' id='word_1_745' title='bbox 1248 5392 1432 5446; x_wconf 90' lang='lat' dir='ltr'><strong>multo</strong></span> <span class='ocrx_word' id='word_1_746' title='bbox 1463 5389 1710 5471; x_wconf 69' lang='lat' dir='ltr'><strong>nobilior</strong></span> <span class='ocrx_word' id='word_1_747' title='bbox 1736 5406 1804 5446; x_wconf 86' lang='lat' dir='ltr'><strong>ea</strong></span> <span class='ocrx_word' id='word_1_748' title='bbox 1834 5391 2088 5472; x_wconf 87' lang='lat' dir='ltr'><strong>dignitas</strong></span> 
     </span>
     <span class='ocr_line' id='line_1_99' title="bbox 443 5460 2090 5530; baseline 0.001 -15"><span class='ocrx_word' id='word_1_749' title='bbox 443 5463 573 5521; x_wconf 79' lang='lat' dir='ltr'><strong>fuit.</strong></span> <span class='ocrx_word' id='word_1_750' title='bbox 605 5460 800 5530; x_wconf 82' lang='lat' dir='ltr'><strong>Neque</strong></span> <span class='ocrx_word' id='word_1_751' title='bbox 822 5463 976 5518; x_wconf 80' lang='lat' dir='ltr'><strong>idem</strong></span> <span class='ocrx_word' id='word_1_752' title='bbox 993 5478 1127 5518; x_wconf 91' lang='lat' dir='ltr'><strong>cum</strong></span> <span class='ocrx_word' id='word_1_753' title='bbox 1153 5465 1365 5519; x_wconf 87' lang='lat' dir='ltr'><strong>comite</strong></span> <span class='ocrx_word' id='word_1_754' title='bbox 1385 5462 1782 5517; x_wconf 78' lang='lat' dir='ltr'><strong>excubitorum</strong></span> <span class='ocrx_word' id='word_1_755' title='bbox 1806 5461 2090 5516; x_wconf 81' lang='lat' dir='ltr'><strong>fuitcuro-</strong></span> 
     </span>
    </p>
   </div>
   <div class='ocr_carea' id='block_1_99' title="bbox 443 5531 2090 5605">
    <p class='ocr_par' dir='ltr' id='par_1_99' title="bbox 443 5531 2090 5605">
     <span class='ocr_line' id='line_1_100' title="bbox 443 5531 2090 5605; baseline -0.001 -18"><span class='ocrx_word' id='word_1_756' title='bbox 443 5531 658 5605; x_wconf 82' lang='lat' dir='ltr'><strong>palata,</strong></span> <span class='ocrx_word' id='word_1_757' title='bbox 692 5538 954 5605; x_wconf 19' lang='lat' dir='ltr'><strong>ut‘putat</strong></span> <span class='ocrx_word' id='word_1_758' title='bbox 981 5535 1288 5592; x_wconf 85' lang='lat' dir='ltr'><strong>Alemann.</strong></span> <span class='ocrx_word' id='word_1_759' title='bbox 1319 5533 1392 5589; x_wconf 87' lang='lat' dir='ltr'><strong>ad</strong></span> <span class='ocrx_word' id='word_1_760' title='bbox 1445 5533 1770 5605; x_wconf 28' lang='lat' dir='ltr'><strong>Procopgp.</strong></span> <span class='ocrx_word' id='word_1_761' title='bbox 1807 5532 1894 5586; x_wconf 86' lang='grc'><strong>17.</strong></span> <span class='ocrx_word' id='word_1_762' title='bbox 1922 5531 2090 5605; x_wconf 81' lang='lat' dir='ltr'><strong>‘[C_u-</strong></span> 
     </span>
    </p>
   </div>
   <div class='ocr_carea' id='block_1_100' title="bbox 443 5602 2085 5678">
    <p class='ocr_par' dir='ltr' id='par_1_100' title="bbox 443 5602 2085 5678">
     <span class='ocr_line' id='line_1_101' title="bbox 443 5602 2085 5678; baseline -0.001 -21"><span class='ocrx_word' id='word_1_763' title='bbox 443 5602 731 5678; x_wconf 57' lang='lat' dir='ltr'><strong>ropalates</strong></span> <span class='ocrx_word' id='word_1_764' title='bbox 760 5602 915 5678; x_wconf 83' lang='lat' dir='ltr'><strong>idem</strong></span> <span class='ocrx_word' id='word_1_765' title='bbox 937 5605 1040 5678; x_wconf 91' lang='lat' dir='ltr'><strong>qui</strong></span> <span class='ocrx_word' id='word_1_766' title='bbox 1071 5606 1482 5678; x_wconf 17' lang='lat' dir='ltr'><strong>majorgdomus</strong></span> <span class='ocrx_word' id='word_1_767' title='bbox 1501 5602 2085 5678; x_wconf 23' lang='lat' dir='ltr'><strong>apud‘Francogvid.</strong></span> 
     </span>
    </p>
   </div>
   <div class='ocr_carea' id='block_1_101' title="bbox 444 5674 2088 5750">
    <p class='ocr_par' dir='ltr' id='par_1_101' title="bbox 444 5674 2088 5750">
     <span class='ocr_line' id='line_1_102' title="bbox 444 5674 2088 5750; baseline -0.001 -21"><span class='ocrx_word' id='word_1_768' title='bbox 444 5674 732 5750; x_wconf 55' lang='grc' dir='ltr'>δούριος.</span> <span class='ocrx_word' id='word_1_769' title='bbox 761 5677 921 5750; x_wconf 84' lang='lat' dir='ltr'><strong>apud</strong></span> <span class='ocrx_word' id='word_1_770' title='bbox 953 5674 1270 5750; x_wconf 33' lang='lat' dir='ltr'><strong>Besseliad</strong></span> <span class='ocrx_word' id='word_1_771' title='bbox 1299 5674 1608 5750; x_wconf 56' lang='lat' dir='ltr'><strong>Eginbait.</strong></span> <span class='ocrx_word' id='word_1_772' title='bbox 1644 5675 1870 5750; x_wconf 68' lang='lat' dir='ltr'><strong>deVita</strong></span> <span class='ocrx_word' id='word_1_773' title='bbox 1898 5674 2088 5729; x_wconf 89' lang='lat' dir='ltr'><strong>Caroli</strong></span> 
     </span>
    </p>
   </div>
   <div class='ocr_carea' id='block_1_102' title="bbox 447 5745 2089 5827">
    <p class='ocr_par' dir='ltr' id='par_1_102' title="bbox 447 5745 2089 5827">
     <span class='ocr_line' id='line_1_103' title="bbox 447 5745 2089 5827; baseline -0.001 -21"><span class='ocrx_word' id='word_1_774' title='bbox 447 5745 550 5818; x_wconf 70' lang='lat' dir='ltr'><strong>IL,</strong></span> <span class='ocrx_word' id='word_1_775' title='bbox 580 5745 637 5823; x_wconf 83' lang='lat' dir='ltr'><strong>p.</strong></span> <span class='ocrx_word' id='word_1_776' title='bbox 672 5745 758 5802; x_wconf 72' lang='grc'>14.</span> <span class='ocrx_word' id='word_1_777' title='bbox 791 5745 922 5805; x_wconf 83' lang='lat' dir='ltr'><strong>Iber</strong></span> <span class='ocrx_word' id='word_1_778' title='bbox 949 5745 1416 5827; x_wconf 72' lang='lat' dir='ltr'><strong>curopalataqﬁo</strong></span> <span class='ocrx_word' id='word_1_779' title='bbox 1435 5748 1554 5806; x_wconf 83' lang='lat' dir='ltr'><strong>ritu</strong></span> <span class='ocrx_word' id='word_1_780' title='bbox 1575 5746 1754 5806; x_wconf 82' lang='lat' dir='ltr'><strong>fuerit</strong></span> <span class='ocrx_word' id='word_1_781' title='bbox 1774 5763 1809 5804; x_wconf 87' lang='lat' dir='ltr'><strong>a</strong></span> <span class='ocrx_word' id='word_1_782' title='bbox 1831 5745 2089 5804; x_wconf 81' lang='lat' dir='ltr'><strong>Romano</strong></span> 
     </span>
    </p>
   </div>
   <div class='ocr_carea' id='block_1_103' title="bbox 2195 4525 3842 4600">
    <p class='ocr_par' dir='ltr' id='par_1_103' title="bbox 2195 4525 3842 4600">
     <span class='ocr_line' id='line_1_104' title="bbox 2195 4525 3842 4600; baseline -0.005 -11"><span class='ocrx_word' id='word_1_783' title='bbox 2195 4525 2530 4589; x_wconf 72' lang='lat' dir='ltr'><strong>Observavit</strong></span> <span class='ocrx_word' id='word_1_784' title='bbox 2559 4527 2646 4584; x_wconf 93' lang='lat' dir='ltr'><strong>Du</strong></span> <span class='ocrx_word' id='word_1_785' title='bbox 2679 4525 2892 4600; x_wconf 84' lang='lat' dir='ltr'><strong>Cange,</strong></span> <span class='ocrx_word' id='word_1_786' title='bbox 2916 4525 3209 4600; x_wconf 78' lang='lat' dir='ltr'><strong>principes</strong></span> <span class='ocrx_word' id='word_1_787' title='bbox 3239 4525 3436 4584; x_wconf 58' lang='lat' dir='ltr'><strong>Iberia;</strong></span> <span class='ocrx_word' id='word_1_788' title='bbox 3455 4525 3842 4600; x_wconf 10' lang='lat' dir='ltr'><strong>sempergtitu-</strong></span> 
     </span>
    </p>
   </div>
   <div class='ocr_carea' id='block_1_104' title="bbox 2195 4596 3840 4672">
    <p class='ocr_par' dir='ltr' id='par_1_104' title="bbox 2195 4596 3840 4672">
     <span class='ocr_line' id='line_1_105' title="bbox 2195 4596 3840 4672; baseline -0.005 -12"><span class='ocrx_word' id='word_1_789' title='bbox 2195 4604 2319 4660; x_wconf 92' lang='lat' dir='ltr'><strong>lum</strong></span> <span class='ocrx_word' id='word_1_790' title='bbox 2353 4599 2702 4672; x_wconf 71' lang='lat' dir='ltr'><strong>curopalataa</strong></span> <span class='ocrx_word' id='word_1_791' title='bbox 2724 4596 3000 4672; x_wconf 72' lang='lat' dir='ltr'><strong>gessisse.</strong></span> <span class='ocrx_word' id='word_1_792' title='bbox 3017 4596 3220 4655; x_wconf 81' lang='lat' dir='ltr'><strong>Simile</strong></span> <span class='ocrx_word' id='word_1_793' title='bbox 3242 4600 3300 4655; x_wconf 88' lang='lat' dir='ltr'><strong>id</strong></span> <span class='ocrx_word' id='word_1_794' title='bbox 3324 4603 3477 4656; x_wconf 88' lang='lat' dir='ltr'><strong>esset</strong></span> <span class='ocrx_word' id='word_1_795' title='bbox 3498 4596 3630 4672; x_wconf 86' lang='lat' dir='ltr'><strong>cum</strong></span> <span class='ocrx_word' id='word_1_796' title='bbox 3652 4596 3840 4672; x_wconf 82' lang='lat' dir='ltr'><strong>titulis</strong></span> 
     </span>
    </p>
   </div>
   <div class='ocr_carea' id='block_1_105' title="bbox 2197 4669 3843 4740">
    <p class='ocr_par' dir='ltr' id='par_1_105' title="bbox 2197 4669 3843 4740">
     <span class='ocr_line' id='line_1_106' title="bbox 2197 4669 3843 4740; baseline -0.005 -9"><span class='ocrx_word' id='word_1_797' title='bbox 2197 4669 2584 4731; x_wconf 68' lang='lat' dir='ltr'><strong>hereditariis</strong></span> <span class='ocrx_word' id='word_1_798' title='bbox 2632 4669 2948 4728; x_wconf 75' lang='lat' dir='ltr'><strong>electorum</strong></span> <span class='ocrx_word' id='word_1_799' title='bbox 3002 4672 3363 4738; x_wconf 87' lang='lat' dir='ltr'><strong>nostratium,</strong></span> <span class='ocrx_word' id='word_1_800' title='bbox 3413 4671 3510 4740; x_wconf 90' lang='lat' dir='ltr'><strong>qui</strong></span> <span class='ocrx_word' id='word_1_801' title='bbox 3549 4669 3843 4725; x_wconf 84' lang='lat' dir='ltr'><strong>archima-</strong></span> 
     </span>
    </p>
   </div>
   <div class='ocr_carea' id='block_1_106' title="bbox 2194 4741 3510 4812">
    <p class='ocr_par' dir='ltr' id='par_1_106' title="bbox 2194 4741 3510 4812">
     <span class='ocr_line' id='line_1_107' title="bbox 2194 4741 3510 4812; baseline -0.006 -8"><span class='ocrx_word' id='word_1_802' title='bbox 2194 4745 2493 4808; x_wconf 84' lang='lat' dir='ltr'><strong>rescballi,</strong></span> <span class='ocrx_word' id='word_1_803' title='bbox 2525 4741 3043 4808; x_wconf 89' lang='lat' dir='ltr'><strong>arcichancellarii,</strong></span> <span class='ocrx_word' id='word_1_804' title='bbox 3070 4747 3207 4812; x_wconf 91' lang='lat' dir='ltr'><strong>etc.,</strong></span> <span class='ocrx_word' id='word_1_805' title='bbox 3238 4743 3510 4798; x_wconf 90' lang='lat' dir='ltr'><strong>audiunt.</strong></span> 
     </span>
    </p>
   </div>
   <div class='ocr_carea' id='block_1_107' title="bbox 2264 4813 3842 4890">
    <p class='ocr_par' dir='ltr' id='par_1_107' title="bbox 2264 4813 3842 4890">
     <span class='ocr_line' id='line_1_108' title="bbox 2264 4813 3842 4890; baseline -0.004 -19"><span class='ocrx_word' id='word_1_806' title='bbox 2264 4816 2380 4890; x_wconf 78' lang='grc'>(42)</span> <span class='ocrx_word' id='word_1_807' title='bbox 2434 4815 2559 4890; x_wconf 78' lang='lat' dir='ltr'><strong>Non</strong></span> <span class='ocrx_word' id='word_1_808' title='bbox 2617 4814 2861 4890; x_wconf 79' lang='lat' dir='ltr'><strong>concilio</strong></span> <span class='ocrx_word' id='word_1_809' title='bbox 2903 4815 3218 4890; x_wconf 25' lang='lat' dir='ltr'><strong>‘boc‘cum</strong></span> <span class='ocrx_word' id='word_1_810' title='bbox 3267 4815 3341 4890; x_wconf 82' lang='lat' dir='ltr'><strong>iis</strong></span> <span class='ocrx_word' id='word_1_811' title='bbox 3399 4830 3522 4890; x_wconf 80' lang='lat' dir='ltr'><strong>quae</strong></span> <span class='ocrx_word' id='word_1_812' title='bbox 3565 4813 3842 4882; x_wconf 88' lang='lat' dir='ltr'><strong>sequente</strong></span> 
     </span>
    </p>
   </div>
   <div class='ocr_carea' id='block_1_108' title="bbox 2195 4881 3842 4963">
    <p class='ocr_par' dir='ltr' id='par_1_108' title="bbox 2195 4881 3842 4963">
     <span class='ocr_line' id='line_1_109' title="bbox 2195 4881 3842 4963; baseline -0.006 -20"><span class='ocrx_word' id='word_1_813' title='bbox 2195 4881 2389 4963; x_wconf 43' lang='lat' dir='ltr'><strong>p._‘l3&#39;4</strong></span> <span class='ocrx_word' id='word_1_814' title='bbox 2445 4885 2757 4963; x_wconf 60' lang='lat' dir='ltr'><strong>legqntur:</strong></span> <span class='ocrx_word' id='word_1_815' title='bbox 2807 4887 2870 4940; x_wconf 85' lang='lat' dir='ltr'><strong>&#39;H</strong></span> <span class='ocrx_word' id='word_1_816' title='bbox 2901 4881 3230 4963; x_wconf 45' lang='lat' dir='ltr'><strong>sellaria&quot;):</strong></span> <span class='ocrx_word' id='word_1_817' title='bbox 3270 4887 3314 4963; x_wconf 56' lang='grc' dir='ltr'>ᾖ</span> <span class='ocrx_word' id='word_1_818' title='bbox 3346 4884 3525 4963; x_wconf 71' lang='grc' dir='ltr'>τρύτῳ</span> <span class='ocrx_word' id='word_1_819' title='bbox 3570 4881 3842 4963; x_wconf 56' lang='grc' dir='ltr'>περιτερες</span> 
     </span>
    </p>
   </div>
   <div class='ocr_carea' id='block_1_109' title="bbox 2197 4948 3844 5084">
    <p class='ocr_par' dir='ltr' id='par_1_109' title="bbox 2197 4948 3844 5084">
     <span class='ocr_line' id='line_1_110' title="bbox 2197 4948 3842 5033; baseline -0.005 -21"><span class='ocrx_word' id='word_1_820' title='bbox 2197 4948 2332 5032; x_wconf 62' lang='grc' dir='ltr'>ξιένη</span> <span class='ocrx_word' id='word_1_821' title='bbox 2405 4948 2534 5009; x_wconf 56' lang='grc' dir='ltr'>ούκν</span> <span class='ocrx_word' id='word_1_822' title='bbox 2553 4949 2695 5009; x_wconf 79' lang='grc' dir='ltr'>ἔστιν</span> <span class='ocrx_word' id='word_1_823' title='bbox 2743 4948 3047 5033; x_wconf 63' lang='grc' dir='ltr'>πορφυρᾶξ”</span> <span class='ocrx_word' id='word_1_824' title='bbox 3066 4948 3155 5010; x_wconf 78' lang='grc' dir='ltr'>οἷα</span> <span class='ocrx_word' id='word_1_825' title='bbox 3204 4948 3314 5010; x_wconf 59' lang='grc' dir='ltr'><strong>τού</strong></span> <span class='ocrx_word' id='word_1_826' title='bbox 3348 4948 3651 5028; x_wconf 80' lang='grc' dir='ltr'>Καίσαρος,’</span> <span class='ocrx_word' id='word_1_827' title='bbox 3692 4948 3842 5006; x_wconf 84' lang='grc' dir='ltr'><strong>ἀλλᾶ</strong></span> 
     </span>
     <span class='ocr_line' id='line_1_111' title="bbox 2197 5023 3844 5084; baseline -0.003 0"><span class='ocrx_word' id='word_1_828' title='bbox 2197 5031 2467 5084; x_wconf 81' lang='grc' dir='ltr'>κόκκινος.</span> <span class='ocrx_word' id='word_1_829' title='bbox 2500 5028 2636 5084; x_wconf 80' lang='lat' dir='ltr'><strong>&#39;lAn</strong></span> <span class='ocrx_word' id='word_1_830' title='bbox 2672 5044 2927 5084; x_wconf 85' lang='lat' dir='ltr'><strong>Durnura</strong></span> <span class='ocrx_word' id='word_1_831' title='bbox 2958 5028 3311 5084; x_wconf 90' lang='lat' dir='ltr'><strong>nobilissimi</strong></span> <span class='ocrx_word' id='word_1_832' title='bbox 3343 5026 3617 5084; x_wconf 72' lang='lat' dir='ltr'><strong>insigne?</strong></span> <span class='ocrx_word' id='word_1_833' title='bbox 3645 5023 3710 5078; x_wconf 92' lang='lat' dir='ltr'><strong>V.</strong></span> <span class='ocrx_word' id='word_1_834' title='bbox 3743 5023 3844 5079; x_wconf 91' lang='lat' dir='ltr'><strong>Zo-</strong></span> 
     </span>
    </p>
   </div>
   <div class='ocr_carea' id='block_1_110' title="bbox 2193 5031 3844 5182">
    <p class='ocr_par' dir='ltr' id='par_1_110' title="bbox 2193 5031 3844 5182">
     <span class='ocr_line' id='line_1_112' title="bbox 2193 5031 3844 5100; baseline -0.004 -15"><span class='ocrx_word' id='word_1_835' title='bbox 2193 5031 2467 5088; x_wconf 83' lang='grc' dir='ltr'>κόκκινος.</span> <span class='ocrx_word' id='word_1_836' title='bbox 2500 5031 2636 5095; x_wconf 79' lang='grc' dir='ltr'><strong>’[Αι]</strong></span> <span class='ocrx_word' id='word_1_837' title='bbox 2672 5031 2927 5098; x_wconf 79' lang='lat' dir='ltr'><strong>purpura</strong></span> <span class='ocrx_word' id='word_1_838' title='bbox 2958 5031 3311 5085; x_wconf 90' lang='lat' dir='ltr'><strong>nobilissimi</strong></span> <span class='ocrx_word' id='word_1_839' title='bbox 3343 5031 3617 5100; x_wconf 79' lang='lat' dir='ltr'><strong>insigne?</strong></span> <span class='ocrx_word' id='word_1_840' title='bbox 3647 5031 3710 5078; x_wconf 92' lang='lat' dir='ltr'><strong>V.</strong></span> <span class='ocrx_word' id='word_1_841' title='bbox 3743 5031 3844 5079; x_wconf 84' lang='lat' dir='ltr'><strong>Zo-</strong></span> 
     </span>
     <span class='ocr_line' id='line_1_113' title="bbox 2195 5095 3844 5182; baseline -0.003 -25"><span class='ocrx_word' id='word_1_842' title='bbox 2195 5105 2383 5182; x_wconf 69' lang='lat' dir='ltr'><strong>simus</strong></span> <span class='ocrx_word' id='word_1_843' title='bbox 2414 5100 2473 5154; x_wconf 93' lang='lat' dir='ltr'><strong>in</strong></span> <span class='ocrx_word' id='word_1_844' title='bbox 2507 5100 2809 5182; x_wconf 55' lang='lat' dir='ltr'><strong>constant.</strong></span> <span class='ocrx_word' id='word_1_845' title='bbox 2841 5101 2978 5182; x_wconf 53' lang='lat' dir='ltr'><strong>luo:</strong></span> <span class='ocrx_word' id='word_1_846' title='bbox 3006 5100 3045 5156; x_wconf 89' lang='grc' dir='ltr'><strong>ι.</strong></span> <span class='ocrx_word' id='word_1_847' title='bbox 3077 5117 3141 5182; x_wconf 71' lang='grc' dir='ltr'><strong>ιι,</strong></span> <span class='ocrx_word' id='word_1_848' title='bbox 3164 5105 3221 5182; x_wconf 70' lang='lat' dir='ltr'><strong>et</strong></span> <span class='ocrx_word' id='word_1_849' title='bbox 3249 5100 3505 5172; x_wconf 88' lang='lat' dir='ltr'><strong>Cangius</strong></span> <span class='ocrx_word' id='word_1_850' title='bbox 3535 5098 3595 5153; x_wconf 90' lang='lat' dir='ltr'><strong>in</strong></span> <span class='ocrx_word' id='word_1_851' title='bbox 3628 5095 3844 5152; x_wconf 85' lang='lat' dir='ltr'><strong>Hanni-</strong></span> 
     </span>
    </p>
   </div>
   <div class='ocr_carea' id='block_1_111' title="bbox 2196 5169 3193 5245">
    <p class='ocr_par' dir='ltr' id='par_1_111' title="bbox 2196 5169 3193 5245">
     <span class='ocr_line' id='line_1_114' title="bbox 2196 5169 3193 5245; baseline -0.004 -15"><span class='ocrx_word' id='word_1_852' title='bbox 2196 5174 2522 5245; x_wconf 74' lang='lat' dir='ltr'><strong>balianop.</strong></span> <span class='ocrx_word' id='word_1_853' title='bbox 2557 5170 2660 5225; x_wconf 79' lang='grc'><strong>149</strong></span> <span class='ocrx_word' id='word_1_854' title='bbox 2694 5169 2897 5245; x_wconf 70' lang='lat' dir='ltr'><strong>Famjl.</strong></span> <span class='ocrx_word' id='word_1_855' title='bbox 2933 5171 3193 5245; x_wconf 79' lang='lat' dir='ltr'><strong>Byzant.]</strong></span> 
     </span>
    </p>
   </div>
   <div class='ocr_carea' id='block_1_112' title="bbox 2267 5236 3843 5319">
    <p class='ocr_par' dir='ltr' id='par_1_112' title="bbox 2267 5236 3843 5319">
     <span class='ocr_line' id='line_1_115' title="bbox 2267 5236 3843 5319; baseline -0.005 -19"><span class='ocrx_word' id='word_1_856' title='bbox 2267 5245 2383 5319; x_wconf 70' lang='grc'><strong>(43)</strong></span> <span class='ocrx_word' id='word_1_857' title='bbox 2415 5236 2903 5319; x_wconf 40' lang='grc' dir='ltr'>Μἠκαμπότουϐα,</span> <span class='ocrx_word' id='word_1_858' title='bbox 2937 5236 3000 5298; x_wconf 74' lang='grc' dir='ltr'><em>ἱᾶ</em></span> <span class='ocrx_word' id='word_1_859' title='bbox 3025 5249 3136 5319; x_wconf 77' lang='lat' dir='ltr'><strong>est,</strong></span> <span class='ocrx_word' id='word_1_860' title='bbox 3156 5236 3447 5319; x_wconf 8' lang='lat' dir='ltr'><strong>tubae‘pro</strong></span> <span class='ocrx_word' id='word_1_861' title='bbox 3469 5239 3714 5319; x_wconf 71' lang='lat' dir='ltr'><strong>campis,</strong></span> <span class='ocrx_word' id='word_1_862' title='bbox 3735 5237 3843 5319; x_wconf 74' lang='lat' dir='ltr'><strong>hoc</strong></span> 
     </span>
    </p>
   </div>
   <div class='ocr_carea' id='block_1_113' title="bbox 2196 5310 3844 5389">
    <p class='ocr_par' dir='ltr' id='par_1_113' title="bbox 2196 5310 3844 5389">
     <span class='ocr_line' id='line_1_116' title="bbox 2196 5310 3844 5389; baseline -0.006 -17"><span class='ocrx_word' id='word_1_863' title='bbox 2196 5310 2286 5372; x_wconf 78' lang='lat' dir='ltr'><strong>est</strong></span> <span class='ocrx_word' id='word_1_864' title='bbox 2314 5310 2542 5389; x_wconf 86' lang='lat' dir='ltr'><strong>gambis</strong></span> <span class='ocrx_word' id='word_1_865' title='bbox 2574 5310 2677 5368; x_wconf 85' lang='lat' dir='ltr'><strong>seu</strong></span> <span class='ocrx_word' id='word_1_866' title='bbox 2710 5310 3000 5389; x_wconf 83' lang='lat' dir='ltr'><strong>cruribus.</strong></span> <span class='ocrx_word' id='word_1_867' title='bbox 3030 5315 3110 5370; x_wconf 89' lang='lat' dir='ltr'><strong>Ne</strong></span> <span class='ocrx_word' id='word_1_868' title='bbox 3139 5315 3212 5369; x_wconf 89' lang='lat' dir='ltr'><strong>de</strong></span> <span class='ocrx_word' id='word_1_869' title='bbox 3245 5310 3403 5389; x_wconf 73' lang='lat' dir='ltr'><strong>tubis</strong></span> <span class='ocrx_word' id='word_1_870' title='bbox 3439 5310 3666 5389; x_wconf 78' lang='lat' dir='ltr'><strong>bellicis</strong></span> <span class='ocrx_word' id='word_1_871' title='bbox 3695 5310 3844 5389; x_wconf 83' lang='lat' dir='ltr'><strong>cogi-</strong></span> 
     </span>
    </p>
   </div>
   <div class='ocr_carea' id='block_1_114' title="bbox 2196 5380 3846 5458">
    <p class='ocr_par' dir='ltr' id='par_1_114' title="bbox 2196 5380 3846 5458">
     <span class='ocr_line' id='line_1_117' title="bbox 2196 5380 3846 5458; baseline -0.006 -14"><span class='ocrx_word' id='word_1_872' title='bbox 2196 5380 2373 5454; x_wconf 60' lang='lat' dir='ltr'><strong>tetur,</strong></span> <span class='ocrx_word' id='word_1_873' title='bbox 2405 5389 2708 5458; x_wconf 88' lang='lat' dir='ltr'><strong>propterea</strong></span> <span class='ocrx_word' id='word_1_874' title='bbox 2759 5388 3114 5458; x_wconf 86' lang='lat' dir='ltr'><strong>mentionem</strong></span> <span class='ocrx_word' id='word_1_875' title='bbox 3148 5385 3397 5458; x_wconf 81' lang='lat' dir='ltr'><strong>membri</strong></span> <span class='ocrx_word' id='word_1_876' title='bbox 3443 5382 3702 5455; x_wconf 87' lang='lat' dir='ltr'><strong>corporis</strong></span> <span class='ocrx_word' id='word_1_877' title='bbox 3734 5380 3846 5458; x_wconf 70' lang='lat' dir='ltr'><strong>bu-</strong></span> 
     </span>
    </p>
   </div>
   <div class='ocr_carea' id='block_1_115' title="bbox 2197 5452 3846 5528">
    <p class='ocr_par' dir='ltr' id='par_1_115' title="bbox 2197 5452 3846 5528">
     <span class='ocr_line' id='line_1_118' title="bbox 2197 5452 3846 5528; baseline -0.006 -12"><span class='ocrx_word' id='word_1_878' title='bbox 2197 5452 2380 5528; x_wconf 77' lang='lat' dir='ltr'><strong>mani,</strong></span> <span class='ocrx_word' id='word_1_879' title='bbox 2405 5452 2743 5528; x_wconf 46' lang='lat' dir='ltr'><strong>&#39;cui&#39;servit,</strong></span> <span class='ocrx_word' id='word_1_880' title='bbox 2770 5457 3136 5513; x_wconf 88' lang='lat' dir='ltr'><strong>addiderunt.</strong></span> <span class='ocrx_word' id='word_1_881' title='bbox 3169 5457 3286 5512; x_wconf 88' lang='lat' dir='ltr'><strong>Nos</strong></span> <span class='ocrx_word' id='word_1_882' title='bbox 3318 5452 3564 5528; x_wconf 40' lang='lat' dir='ltr'><strong>braccasf</strong></span> <span class='ocrx_word' id='word_1_883' title='bbox 3587 5452 3846 5528; x_wconf 83' lang='lat' dir='ltr'><strong>appella-</strong></span> 
     </span>
    </p>
   </div>
   <div class='ocr_carea' id='block_1_116' title="bbox 2198 5523 3842 5600">
    <p class='ocr_par' dir='ltr' id='par_1_116' title="bbox 2198 5523 3842 5600">
     <span class='ocr_line' id='line_1_119' title="bbox 2198 5523 3842 5600; baseline -0.008 -12"><span class='ocrx_word' id='word_1_884' title='bbox 2198 5523 2472 5587; x_wconf 49' lang='lat' dir='ltr'><strong>muszd</strong></span> <span class='ocrx_word' id='word_1_885' title='bbox 2509 5544 2565 5599; x_wconf 89' lang='lat' dir='ltr'><strong>p.</strong></span> <span class='ocrx_word' id='word_1_886' title='bbox 2595 5528 2701 5600; x_wconf 73' lang='grc'><strong>240</strong></span> <span class='ocrx_word' id='word_1_887' title='bbox 2732 5527 2908 5584; x_wconf 87' lang='lat' dir='ltr'><strong>latius</strong></span> <span class='ocrx_word' id='word_1_888' title='bbox 2938 5531 3009 5586; x_wconf 91' lang='lat' dir='ltr'><strong>de</strong></span> <span class='ocrx_word' id='word_1_889' title='bbox 3048 5529 3440 5600; x_wconf 89' lang='lat' dir='ltr'><strong>campotubis,</strong></span> <span class='ocrx_word' id='word_1_890' title='bbox 3489 5523 3635 5600; x_wconf 85' lang='lat' dir='ltr'><strong>alias</strong></span> <span class='ocrx_word' id='word_1_891' title='bbox 3665 5523 3842 5578; x_wconf 88' lang='lat' dir='ltr'><strong>etiam</strong></span> 
     </span>
    </p>
   </div>
   <div class='ocr_carea' id='block_1_117' title="bbox 2199 5599 3848 5678">
    <p class='ocr_par' dir='ltr' id='par_1_117' title="bbox 2199 5599 3848 5678">
     <span class='ocr_line' id='line_1_120' title="bbox 2199 5599 3848 5678; baseline -0.007 -20"><span class='ocrx_word' id='word_1_892' title='bbox 2199 5601 2548 5678; x_wconf 84' lang='lat' dir='ltr'><strong>simpliciter</strong></span> <span class='ocrx_word' id='word_1_893' title='bbox 2581 5599 2759 5654; x_wconf 87' lang='lat' dir='ltr'><strong>tubiis</strong></span> <span class='ocrx_word' id='word_1_894' title='bbox 2790 5601 2979 5678; x_wconf 71' lang='lat' dir='ltr'><strong>dictis,</strong></span> <span class='ocrx_word' id='word_1_895' title='bbox 3010 5617 3112 5657; x_wconf 90' lang='lat' dir='ltr'><strong>seu</strong></span> <span class='ocrx_word' id='word_1_896' title='bbox 3145 5599 3478 5678; x_wconf 63' lang='lat' dir='ltr'><strong>braccis,_et</strong></span> <span class='ocrx_word' id='word_1_897' title='bbox 3505 5599 3576 5652; x_wconf 91' lang='lat' dir='ltr'><strong>de</strong></span> <span class='ocrx_word' id='word_1_898' title='bbox 3605 5609 3848 5678; x_wconf 71' lang='lat' dir='ltr'><strong>campa-</strong></span> 
     </span>
    </p>
   </div>
   <div class='ocr_carea' id='block_1_118' title="bbox 2198 5665 3847 5802">
    <p class='ocr_par' dir='ltr' id='par_1_118' title="bbox 2198 5665 3847 5802">
     <span class='ocr_line' id='line_1_121' title="bbox 2198 5665 3847 5802; baseline -0.004 -74"><span class='ocrx_word' id='word_1_899' title='bbox 2198 5665 2443 5802; x_wconf 49' lang='lat' dir='ltr'><strong>giis’sgm</strong></span> <span class='ocrx_word' id='word_1_900' title='bbox 2485 5685 2696 5743; x_wconf 88' lang='lat' dir='ltr'><strong>genere</strong></span> <span class='ocrx_word' id='word_1_901' title='bbox 2743 5665 2982 5730; x_wconf 86' lang='lat' dir='ltr'><strong>amiculi</strong></span> <span class='ocrx_word' id='word_1_902' title='bbox 3029 5671 3300 5742; x_wconf 90' lang='lat' dir='ltr'><strong>cruralis,</strong></span> <span class='ocrx_word' id='word_1_903' title='bbox 3348 5670 3636 5737; x_wconf 89' lang='lat' dir='ltr'><strong>udonum,</strong></span> <span class='ocrx_word' id='word_1_904' title='bbox 3667 5665 3847 5721; x_wconf 86' lang='lat' dir='ltr'><strong>latius</strong></span> 
     </span>
     <span class='ocr_line' id='line_1_122' title="bbox 2241 5761 2456 5802; baseline 0.009 -2"><span class='ocrx_word' id='word_1_905' title='bbox 2241 5761 2371 5802; x_wconf 81' lang='lat' dir='ltr'><strong>isnu</strong></span> <span class='ocrx_word' id='word_1_906' title='bbox 2440 5783 2456 5802; x_wconf 92' lang='lat'><strong>.</strong></span> 
     </span>
    </p>
   </div>
   <div class='ocr_carea' id='block_1_119' title="bbox 2241 5761 2456 5820">
    <p class='ocr_par' dir='ltr' id='par_1_119' title="bbox 2241 5761 2456 5820">
     <span class='ocr_line' id='line_1_123' title="bbox 2241 5761 2456 5820; baseline 0.009 -20"><span class='ocrx_word' id='word_1_907' title='bbox 2241 5761 2456 5820; x_wconf 81' lang='lat' dir='ltr'><strong>ispuw.</strong></span> 
     </span>
    </p>
   </div>
  </div>
