4158 6212
352 330 470 426 ise

1410 338 1951 409 CONSTANTINI
1997 336 2687 402 POBPHYROGENITI

3640 351 3757 411 484

358 499 688 553 ornandum
717 492 793 546 'in
826 488 1202 558 conspectum
1233 479 1602 535 dominorum
1630 473 1981 547 producunt,

2116 467 2189 522 ιαὶ
2219 468 2247 521 6
2277 463 2664 558 νωϐελήσιμος
2707 471 2938 547 κηροὺς,
2987 472 3079 525 καὶ
3132 473 3388 542 ἅπτουσι,
3425 475 3519 529 καὶ
3549 476 3641 532 ὅτε
3672 478 3766 535 λέ-

361 589 456 658 qui
488 577 932 654 acceptalunica
960 591 1088 631 eum
1114 571 1387 639 induunt,
1411 567 1772 636 osculantur,
1797 563 1998 619 factio-

361 652 535 729 nibus
588 652 643 725 et
698 666 855 722 omni
902 662 1111 735 populo
1160 659 1659 717 exclamantibus:
1719 676 1749 705 «
1783 652 1999 708 Multos

358 777 539 818 annos
570 752 1056 828 imperatoribusl
1091 751 1156 808 N.
1181 750 1250 807 N.
1287 750 1516 820 magnis
1545 741 1998 819 imperatoribus

354 866 420 906 ac
446 844 696 903 dominis
727 843 942 899 multos
970 857 1157 898 annos
1186 837 1199 893 l
1230 839 1297 894 N.
1332 839 1442 911 piae
1472 839 1747 909 Augusta
1779 829 1999 887 multos

354 934 576 993 annos!
622 931 951 988 felicissimo
997 930 1198 984 Cesari
1233 928 1451 983 multos
1483 922 1698 981 annos!
1731 922 1800 980 N.
1855 918 1992 980 illu-

352 1024 635 1082 strissimo
668 1019 1036 1076 nobilissimo
1068 1018 1284 1074 multos
1316 1033 1499 1073 annos
1529 1015 1541 1069 !
1577 1039 1605 1066 ››

2109 577 2191 633 γει
2241 557 2269 611 6
2318 554 2568 619 διάκονος
2621 560 2719 628 τήν
2774 558 3037 631 λιτανίαν,
3096 561 3289 616 κύπτει
3340 562 3369 617 6
3410 566 3762 643 πατριάρχης

2106 650 2195 703 καὶ
2237 655 2394 738 ποιεῖ
2433 651 2534 718 τήν
2584 650 2777 726 εὐχὴν,
2823 651 2915 706 καὶ
2961 653 3050 707 ὅτε
3098 650 3378 729 πληρώσῃ
3426 658 3530 726 τήν
3563 658 3757 738 εὐχήν,

2108 732 2375 809 λαμϐάνει
2408 740 2508 808 τὴν
2550 737 2816 817 χλαμύδα
2859 740 2950 795 καὶ
2997 739 3283 798 ἐπιδίδωσι
3310 750 3428 807 τοῖς
3462 732 3764 824 βεπήῖορ-

2106 847 2180 894 σι,
2228 826 2318 881 καὶ
2359 828 2411 882 οἱ
2455 828 2782 903 βεστήτορες
2831 827 3163 907 ἐφαπλοῦσιν
3202 833 3394 905 αὐτὴν,
3434 835 3523 890 καὶ
3556 835 3753 904 εὐθέως

2106 915 2397 991 προσφέρει
2449 917 2477 969 6
2528 920 2889 991 πραιπόσιτος
2932 919 3024 1006 καὶ
3077 922 3106 975 6
3160 923 3461 998 μάγιστρος
3488 926 3580 980 τὸν
3614 926 3764 1006 ὀφεί-

2108 1005 2275 1061 λοντα
2322 1006 2763 1079 προχειρίζεσθαι
2838 1003 3228 1083 νωϐελησιμον
3290 1010 3594 1088 ἔμπροσθεν
3653 1003 3760 1074 τῶν

360 1114 659 1179 δεσποτῶν,
715 1108 805 1163 καὶ
855 1102 1224 1180 λαμϐάνουσιν
1277 1106 1327 1159 οἱ
1378 1101 1632 1159 δεσπόται
1690 1104 1790 1171 τὴν
1849 1095 2112 1176 χλαμύδα
2158 1096 2247 1151 καὶ
2296 1089 2725 1169 περιϐαλλουσιν
2773 1096 2939 1168 αὐτῷ,
2993 1097 3085 1153 καὶ
3137 1100 3391 1177 φιλοῦσιν
3439 1103 3622 1173 αὐτὸν,
3670 1106 3760 1162 καὶ

352 1201 548 1263 εὐθέως

641 1197 1007 1273 ἆνακράζουσι
1078 1196 1146 1250 τὰ
1206 1194 1342 1267 μέρη
1390 1193 1481 1248 καὶ
1527 1197 1632 1253 πᾶς
1681 1192 1709 1245 6
1753 1190 1908 1252 λαός⁸
1969 1212 1997 1241 «
2049 1184 2241 1242 Πολλὰ
2296 1184 2363 1239 τὰ
2408 1181 2499 1255 ἔτη
2553 1189 2661 1238 τῶν
2713 1186 3004 1259 βασιλέων·
3057 1189 3085 1243 6
3136 1194 3283 1246 δεῖνα
3325 1192 3414 1247 καὶ
3467 1191 3617 1250 δεῖνα
3669 1216 3762 1269 με·

355 1290 540 1368 γέλων
592 1285 859 1364 βασιλέων
902 1285 991 1339 καὶ
1042 1281 1453 1357 αὐτοκρατόρων
1504 1280 1691 1335 πολλά
1742 1282 1808 1335 τὰ
1857 1278 1972 1348 ἔτη·
2021 1278 2049 1332 6
2100 1273 2241 1330 δεῖνα
2295 1279 2394 1343 τῆς
2444 1269 2830 1347 εὐσεϐεστάτης
2881 1277 3204 1352 Αὐγούστης
3244 1279 3431 1337 πολλὰ
3475 1284 3542 1338 τὰ
3582 1278 3700 1356 ἔτη.
3732 1286 3760 1340 ὁ

356 1359 501 1438 δεῖνα
526 1359 916 1450 εὐτυχεστάτου
948 1372 1217 1446 Καίσαρος
1248 1370 1434 1426 πολλὰ
1461 1372 1528 1425 τὰ
1556 1366 1673 1440 ἔτη·
1708 1370 1735 1423 6
1767 1366 1916 1423 δεῖνα
1945 1365 2365 1445 ἐπιφανεστάτου
2398 1366 2513 1436 (44)
2540 1359 2931 1440 νωϐελησίμου
2963 1366 3148 1424 πολλᾶ
3187 1370 3253 1425 τὰ
3294 1369 3410 1443 ἔτη.
3447 1398 3476 1425 ››

428 1474 529 1529 III.
562 1471 751 1525 Finita
781 1466 1217 1532 acclamatione,
1251 1464 1494 1533 domini,
1526 1463 1777 1519 Caesares
1807 1467 1863 1517 et
1890 1477 1999 1517 no-

356 1561 702 1625 bilissimus,
734 1556 982 1628 ingressi
1016 1556 1074 1609 in
1116 1553 1367 1609 triclinio
1399 1552 1794 1608 novemdecim
1829 1566 1998 1605 accu-

360 1653 589 1709 bituum
621 1647 777 1703 134
799 1646 1123 1713 consident,
1148 1644 1268 1708 ubi,
1294 1658 1448 1697 unus
1478 1642 1667 1698 Caesar
1698 1642 1754 1695 in
1778 1640 2001 1708 dextro,

362 1742 508 1795 alter
536 1738 593 1792 in
635 1735 873 1791 sinistro
921 1734 1098 1787 latere
1147 1733 1374 1795 sedent,
1420 1728 1823 1785 nobilissimus
1869 1742 2001 1782 vero

360 1829 430 1883 ad
467 1828 725 1882 dextram
758 1827 894 1891 stat,
927 1827 983 1877 et
1012 1822 1233 1876 intrant
1262 1819 1469 1875 secreti
1502 1817 1626 1873 vela
1658 1816 1907 1887 singula.
1938 1819 2004 1871 ut

358 1932 485 1972 mos
513 1920 620 1971 est.
654 1914 831 1984 Siqua
862 1921 1065 1967 sancla
1093 1916 1151 1966 et
1182 1925 1389 1981 magna
1430 1907 1730 1964 Dominica
1775 1905 2001 1975 incidit,

2181 1456 2252 1513 Γ’.
2304 1454 2500 1543 Καὶᾼὲν
2539 1458 2607 1528 τῇ
2659 1457 3060 1534 συμπληρώσει
3118 1468 3218 1529 τῆς
3269 1461 3540 1543 εὐφημίας
3590 1467 3765 1542 εἰσέρ-

2109 1565 2303 1621 χονται
2335 1545 2387 1599 οἱ
2419 1541 2676 1599 δεσπόται
2724 1546 2814 1600 καὶ
2866 1548 2917 1601 οἱ
2973 1550 3237 1624 Καίσαρες
3275 1541 3365 1607 καὶ
3397 1556 3425 1609 6
3455 1541 3766 1628 νωϐελήσι-

2114 1656 2235 1708 μος,
2283 1634 2374 1689 καὶ
2417 1635 2727 1704 καθέζονται
2778 1636 2828 1690 ἐν
2874 1643 2954 1710 τῷ
3000 1638 3269 1713 τρικλίνῳ
3299 1648 3405 1698 τῶν
3454 1647 3519 1710 ιθ’
3546 1641 3770 1702 ἆκουϐί-

2108 1746 2240 1794 των,
2272 1724 2362 1778 καὶ
2392 1725 2472 1785 εἷς
2506 1726 2711 1798 Καῖσαρ
2742 1726 3022 1796 καθέζεται
3070 1727 3122 1783 ἐν
3172 1736 3252 1803 τῷ
3300 1729 3456 1805 δεξιῷ
3488 1733 3637 1809 μέρει
3670 1736 3759 1791 καὶ

2112 1815 2192 1875 εἷς
2224 1812 2274 1883 ἐξ
2307 1814 2610 1888 ἀριστερᾶς,
2669 1816 2761 1869 καί
2817 1815 3031 1873 ’ἰσταται
3085 1818 3113 1871 6
3169 1815 3558 1895 νωϐελήσιμος
3589 1823 3666 1886 είς
3696 1824 3760 1880 τὸ

2113 1901 2285 1977 δεξιὸν
2321 1902 2503 1978 μέρος,
2534 1905 2623 1959 καὶ
2656 1904 2961 1985 εἰσέρχεται
2991 1908 3053 1963 τὸ
3100 1911 3375 1983 σὲκρετον,
3411 1912 3558 1986 βῆλα
3592 1912 3763 1987 βῆλα,

361 2010 598 2063 senatus
630 2004 792 2059 ﬂexis
817 2001 1068 2074 genibus
1093 2015 1311 2072 agapen
1335 1999 1472 2065 dat;
1504 1998 1553 2052 si
1586 1997 1743 2051 aliud
1770 1997 2001 2063 festum,

2116 1990 2187 2053 ὥς
2219 1990 2359 2047 ἐστιν
2391 1995 2426 2062 ἡ
2460 1994 2735 2062 συνήθεια.
2773 1995 2837 2051 Εἰ
2871 1997 2970 2068 μὲν
3003 1992 3144 2052 ἔστιν
3178 2001 3212 2068 ἡ
3248 2000 3376 2077 ἁγία
3420 2003 3515 2057 καὶ
3551 2002 3766 2079 μεγάλη

360 2100 587 2151 tantum
623 2094 863 2148 adorat:
913 2096 1221 2145 veneratur
1272 2093 1467 2143 autem
1510 2086 1684 2158 pedes
1712 2092 1766 2140 et
1811 2100 2001 2155 genua

363 2184 560 2255 magni
593 2198 757 2253 aeque
806 2196 871 2236 ac
922 2178 1168 2234 minoris
1211 2176 1456 2246 domini,
1510 2188 1809 2243 unumque
1855 2185 2001 2242 genu

361 2274 505 2343 ejus,
541 2271 639 2343 qui
669 2270 739 2324 ad
773 2269 1035 2324 dextram
1078 2266 1241 2321 sedet
1280 2263 1548 2327 Caesaris,
1579 2267 1636 2317 et
1666 2277 1844 2316 unum
1876 2260 2003 2330 ejus

363 2361 461 2433 qui
498 2361 569 2416 ad
629 2359 931 2414 sinistram
965 2360 1073 2425 est,
1116 2352 1469 2410 nobilissimi
1518 2356 1713 2408 autem
1764 2349 2006 2405 astantis

361 2465 600 2507 manum
624 2446 959 2519 (osculatur,
1012 2450 1069 2501 et
1112 2448 1245 2515 post
1290 2442 1689 2498 adorationem
1720 2438 2007 2496 consisto-

358 2539 509 2596 rium
587 2536 911 2594 constituit.
979 2532 1307 2588 Gratiarum
1401 2530 1623 2585 actione
1686 2546 1719 2584 a
1793 2533 2001 2584 senatu

358 2626 668 2699 completa,
692 2623 914 2680 domini
940 2622 1247 2693 praeposito
1272 2624 1561 2688 annuunt;
1588 2619 1635 2673 is
1656 2618 1814 2673 dicit:
1843 2640 1870 2667 «
1892 2616 2004 2672 Ju-

360 2718 507 2783 bete,
534 2738 563 2766 »
585 2724 636 2771 et
660 2719 992 2787 precantur,
1019 2720 1073 2766 et
1095 2715 1379 2766 secretum
1405 2708 1544 2774 abit,
1569 2723 1857 2778 omneque
1874 2706 2001 2761 ofﬂ-

362 2806 513 2862 cium
544 2803 697 2872 festi,
721 2811 784 2857 ut
810 2802 1147 2859 institutum
1176 2799 1699 2871 praescriptumque
1730 2800 1839 2862 est,
1874 2810 2003 2866 per-

362 2897 571 2968 agitur.
619 2897 907 2951 Cteterum
957 2889 1249 2946 observari
1304 2891 1582 2953 meretur,
1614 2887 1675 2942 in
1724 2900 1908 2957 agape
1947 2888 2005 2939 et

361 2980 773 3039 communione
803 2979 1055 3034 Caesares
1086 2993 1153 3032 ac
1181 2975 1617 3031 nobilissimum
1652 2989 1787 3030 cum
1817 2971 2002 3028 domi-

360 3073 452 3128 nis
481 3068 918 3127 communicare
950 3083 1179 3139 unaque
1211 3081 1434 3138 agapen
1469 3065 1752 3135 accipere.

2113 2083 2375 2157 Κυριακῆ,
2410 2088 2783 2156 προσκυνοῦσα
2830 2089 2864 2156 ἡ
2917 2086 3223 2160 σύγκλητος
3271 2088 3465 2146 δίδωσι
3493 2094 3594 2161 τὴν
3628 2093 3767 2167 ἀγά-

2110 2192 2253 2241 πηη,
2286 2170 2331 2226 εἰ
2364 2168 2420 2225 δὲ
2470 2169 2617 2242 ἄλλη
2672 2173 2856 2249 ἑορτὴ,
2906 2178 3004 2245 τὴν
3051 2179 3421 2253 προσκύνησιν
3454 2180 3545 2235 καὶ
3578 2183 3764 2254 μόνον,

2114 2261 2200 2315 καὶ
2232 2266 2593 2335 προσκυνοῦσι
2622 2263 2748 2324 τοὺς
2794 2262 2966 2327 πόδας
3016 2267 3107 2321 καὶ
3157 2266 3225 2323 τὰ
3282 2266 3377 2324 δύο
3428 2270 3629 2347 γόνατα
3667 2276 3764 2327 τοῦ

2118 2348 2358 2426 μεγάλου
2391 2347 2673 2419 δεσπότου,
2708 2353 2922 2425 ὁμοίως
2953 2356 3043 2410 καὶ
3084 2354 3181 2411 τοῦ
3216 2364 3436 2432 μικροῦ,
3468 2359 3557 2414 καὶ
3588 2380 3759 2436 προσ-

2112 2443 2362 2495 κυνοῦσιν
2414 2436 2470 2493 ἓν
2519 2441 2744 2514 γόνατον
2805 2447 2899 2497 τοῦ
2950 2444 3010 2499 ἐκ
3057 2443 3233 2516 δεξιοῦ
3266 2451 3311 2486 ¹⁹
3341 2449 3636 2523 Καίσαρος,
3667 2449 3756 2505 καὶ

2107 2525 2161 2582 ἓν
2186 2531 2283 2581 τοῦ
2312 2526 2363 2597 ἐξ
2396 2526 2697 2601 εὐωνύμου,
2728 2534 2827 2585 τοῦ
2876 2528 2932 2586 δὲ
2981 2532 3214 2598 ἑστῶτος
3244 2531 3633 2611 νωὸελησίμου
3663 2559 3754 2616 ιρι-

2114 2613 2271 2670 λοῦσι
2302 2615 2398 2683 τήν
2446 2621 2628 2689 χεῖρα,
2685 2618 2775 2671 καὶ
2830 2626 3255 2693 προσκυνοῦντες
3299 2621 3544 2681 ἵστανται
3577 2613 3760 2681 κονσι-

2113 2704 2367 2778 στώριον.
2399 2704 2507 2762 Καὶ
2538 2706 2626 2760 ὅτε
2658 2704 2929 2783 πληρώσῃ
2976 2712 3011 2780 ἡ
3062 2710 3369 2786 σύγκλητος
3397 2716 3495 2783 τὴν
3537 2715 3759 2791 εὐχαρι-

2112 2793 2281 2862 στίαν,
2335 2793 2579 2850 νεύουσιν
2637 2796 2688 2851 οἱ
2742 2795 2998 2854 δεσπόται
3081 2806 3160 2873 τῷ
3239 2805 3606 2877 πραιποσίτῳ,
3669 2806 3758 2862 καὶ

2115 2881 2277 2957 λέγει’
2315 2907 2343 2934 ‹‹
2380 2882 2697 2957 Κελεύσατε,
2730 2910 2758 2938 ››
2790 2888 2879 2942 καὶ
2910 2888 3252 2965 ἐπεύχονται,
3275 2893 3365 2947 καὶ
3399 2892 3757 2973 ἐξέρχεταιτὸ

2114 2992 2385 3046 σεκρετον,
2437 2976 2526 3028 καὶ
2569 2975 2876 3049 πληροῦται
2925 2984 3071 3033 πᾶσα
3099 2982 3134 3049 ἡ
3175 2980 3474 3046 ἀκολουθία
3510 2985 3608 3051 τῆς
3638 2984 3761 3057 ἑορ-

2112 3064 2235 3131 τῆς,
2269 3062 2342 3123 ὡς
2379 3063 2446 3130 ἦν
2495 3064 2739 3123 τυπικόν.
2806 3068 2917 3142 Κρή
2980 3065 3036 3123 δὲ
3093 3070 3400 3143 γινώσκειν,
3433 3073 3518 3127 ὅτι
3549 3072 3625 3134 εἷς
3654 3074 3751 3142 τήν

361 3159 568 3235 ἀγάπην
611 3160 721 3231 (45)
761 3158 851 3212 καὶ
883 3156 959 3218 εἰς
988 3156 1088 3225 τήν
1116 3152 1403 3210 κοινωνίαν
1437 3154 1488 3208 οἱ
1520 3152 1783 3227 Καίσαρες
1813 3151 1905 3205 καὶ
1948 3150 1976 3205 6
2018 3144 2400 3224 νωὸελήσιμος
2445 3154 2578 3225 μετὰ
2603 3158 2711 3209 τῶν
2744 3152 3018 3211 δεσποτῶν
3046 3160 3397 3216 κοινωνοῦσιν
3431 3162 3641 3235 ὁμοίως
3670 3161 3760 3218 καὶ

361 3250 436 3314 εἷς
466 3252 564 3320 τὴν
599 3249 836 3325 ἀγάπην.

413 3340 765 3397 Ασειαηιαιίο
791 3342 1096 3409 factionum
1128 3338 1186 3393 in
1212 3335 1556 3408 promotion:
1582 3332 1947 3390 Nobiliuimz’.

428 3500 865 3557 Observandum
921 3505 1024 3565 est,
1085 3498 1134 3553 si
1192 3497 1512 3569 imperator
1567 3492 2003 3549 nobilissimum

354 3606 548 3647 creare
577 3588 842 3654 voluerit,
875 3603 1109 3643 omnem
1163 3586 1345 3641 ritum
1396 3600 1461 3639 ac
1510 3584 1771 3640 ofﬁcium
1822 3583 2004 3652 idem,

360 3680 513 3751 quod
556 3678 614 3733 in
666 3677 911 3734 Caesaris
943 3676 1329 3749 promotione,
1382 3673 1664 3739 obtinere,
1715 3674 2002 3729 acclama-

357 3768 546 3824 tiones
578 3784 811 3839 quoque
843 3766 1159 3823 factionum
1191 3764 1435 3832 similes,
1460 3767 1687 3819 tantum
1722 3764 2003 3829 tunicam,

358 3876 475 3931 qua
505 3859 791 3929 induitur,
817 3875 931 3913 non
968 3872 1343 3930 purpuream,
1371 3860 1434 3911 ut
1463 3854 1727 3925 Caesaris,
1750 3855 1849 3910 sed
1874 3870 2005 3910 coc-

357 3949 583 4004 cineam
641 3964 787 4003 esse.
851 3948 1075 4003 Corona
1129 3964 1261 4003 vero
1310 3945 1421 4018 ipsi
1484 3962 1597 4001 non
1657 3945 2001 4017 imponitur,

357 4054 567 4110 neque,
600 4038 755 4094 sicut
783 4041 995 4105 Cessar,
1032 4053 1065 4091 a
1097 4037 1435 4106 proceribus
1466 4035 1759 4091 adoretur.

961 4125 1192 4181 CAPUT
1230 4124 1393 4181 XLV.

568 4217 913 4276 Obseruando
943 4219 1001 4274 in
1027 4219 1379 4289 promotion:
1414 4213 1788 4288 Curopalatae.

424 4383 466 4437 Ι.
501 4382 733 4438 Domini
757 4381 1063 4447 dibetesia,
1087 4380 1316 4435 tunicas
1339 4396 1699 4451 coronasque
1721 4396 1860 4435 suas
1883 4396 2004 4434 mu-

352 4477 472 4527 tant
506 4472 683 4542 inque
730 4470 942 4525 throno
992 4470 1318 4524 consident.
1367 4468 1819 4524 Cerimoniarius
1862 4467 2001 4524 foris

352 4560 477 4616 vela
506 4559 756 4629 ordinat,
787 4564 851 4615 ut
873 4574 1001 4614 mos
1033 4563 1158 4625 est;
1192 4556 1414 4614 domini
1438 4556 1745 4629 praeposito
1767 4558 1999 4626 signum

355 4652 515 4721 dant,
547 4650 715 4723 isque
745 4666 879 4707 cum
910 4648 1160 4705 ostiariis
1192 4654 1251 4705 et
1276 4647 1457 4720 virgis
1489 4662 1854 4719 progressus,
1877 4646 2003 4703 vela

2184 3331 2510 3410 ’Λκτολογία
2551 3340 2659 3391 τῶν
2695 3334 2897 3430 δήμων,
2932 3339 3018 3394 ἐπὶ
3071 3343 3387 3416 χειροτονίᾳ
3417 3340 3695 3417 Νωὸελη-

2844 3432 3031 3484 σιμου.

2184 3495 2310 3579 Χρή
2344 3496 2653 3569 γινώσκεῖν,
2689 3498 2794 3568 ὅτι,
2827 3497 2914 3553 ἐὰν
2971 3501 3227 3576 βασιλεὺς
3278 3501 3484 3579 θελήσῃ
3526 3513 3762 3575 ποιῆσαι

2112 3577 2523 3656 νωϐελήσιμον,
2574 3587 2608 3654 ἡ
2656 3591 2799 3641 πᾶσα
2841 3588 2987 3658 τάξις
3034 3590 3123 3644 καὶ
3173 3577 3472 3648 ἀκολουθία
3498 3594 3760 3664 τελεῖται,

2114 3672 2189 3735 ὡς
2219 3669 2306 3726 ἐπὶ
2336 3677 2432 3727 τοῦ
2465 3673 2762 3749 Καίσαρος,
2794 3676 3005 3751 ὁμοίως
3035 3680 3123 3734 καὶ
3177 3681 3230 3735 αἱ
3281 3682 3604 3759 ἀκτολογίαι
3649 3689 3757 3739 τῶν

2116 3760 2331 3835 δήμωι,
2374 3764 2409 3834 ἡ
2453 3760 2511 3818 δὲ
2560 3764 2782 3839 χλαμὺς
2818 3768 2853 3836 ἡ
2900 3769 3078 3841 τοὺτῳ
3108 3774 3487 3845 περιτιθεμένη
3522 3772 3621 3828 οὐκ
3650 3772 3763 3829 ἔστι

2111 3857 2383 3932 πορφυρᾶ,
2419 3852 2505 3908 ο’ία
2554 3859 2651 3909 τοῦ
2699 3856 2992 3931 Καίσαρος,
3024 3858 3171 3915 ἀλλὰ
3200 3862 3471 3925 κόκκινος’
3506 3861 3762 3935 στέφανον

2114 3938 2172 3995 δὲ
2198 3941 2260 3996 οὐ
2291 3942 2641 4017 περιτίθεται,
2681 3943 2805 4000 οὔτε
2848 3946 2953 4020 μὴν
3003 3956 3412 4025 προσκυνεῖται,
3456 3952 3530 4015 ὡς
3564 3952 3591 4006 6
3624 3952 3760 4009 Καῖ-

2113 4051 2238 4107 σαρ,
2270 4032 2374 4087 ὑπὸ
2402 4037 2509 4088 τῶν
2542 4033 2853 4110 ἀρχόντων.

2714 4128 2971 4184 ΚΕΦΑΛ.
3015 4128 3154 4187 ME’.

2110 4214 2249 4269 Ὅσα
2305 4211 2386 4266 δεῖ
2440 4213 2904 4343 ιιιτοραιρυλσίττειὶγν
2950 4214 3035 4271 ἐπὶ
3112 4222 3409 4295 προαγωγῇ
3468 4221 3754 4297 Κουροπα-

2879 4308 3029 4343 ατου.

2879 4308 3029 4346 ατου.

2180 4374 2261 4431 Α“.
2296 4371 2688 4430 Ἀλλάσσουσιν
2722 4376 2773 4431 οἱ
2806 4374 3062 4433 δεσπόται
3093 4380 3160 4435 τὰ
3208 4374 3506 4451 διϐητησια
3533 4382 3624 4437 καὶ
3656 4384 3753 4447 τὰς

2107 4460 2311 4517 τούτων
2342 4461 2634 4538 χλαμύδας
2663 4465 2748 4518 κθὶ
2796 4467 2862 4520 τα
2909 4467 3193 4542 στέμματα
3223 4468 3422 4539 αὐτῶν,
3480 4471 3571 4526 καὶ
3623 4474 3758 4527 καθα

2109 4549 2317 4621 έζονται
2376 4550 2451 4613 είς
2513 4554 2577 4607 τὸ
2634 4554 2836 4623 σὲνζον·
2894 4555 2921 4609 6
2978 4552 3035 4611 δὲ
3088 4565 3189 4626 τῆς
3248 4561 3623 4625 καταστάσεως
3654 4556 3755 4631 ἔξω

2105 4642 2277 4703 ἒστὼς
2321 4640 2617 4711 εὐτρεπίζει
2665 4642 2731 4696 τὰ
2785 4641 2953 4717 βῆλα,
3005 4644 3079 4706 ὡς
3126 4640 3243 4720 ἔχει
3272 4650 3307 4716 ἡ
3340 4652 3620 4721 συνήθεια,
3663 4650 3754 4706 καὶ

352 4742 616 4808 advocat,
649 4740 929 4813 primum,
956 4738 1302 4811 magistros;
1331 4736 1683 4809 secundum,
1705 4736 1999 4811 patricios,

2116 4729 2348 4789 νεύουσιν
2391 4731 2441 4784 σί
2490 4727 2745 4785 δεσπόται
2785 4732 2863 4803 τῷ
2911 4732 3278 4807 πραιποσίτῳ,
3330 4737 3421 4791 καὶ
3474 4737 3753 4815 ἐξερχεται

353 4847 485 4886 cum
519 4832 735 4904 quibus
764 4831 836 4900 is,
869 4830 966 4902 qui
996 4829 1365 4903 curopalates
1396 4829 1518 4885 ﬁeri
1570 4832 1753 4902 cupit,
1801 4827 1993 4902 ingre-

351 4919 540 4989 ditur;
574 4919 765 4977 velum
798 4919 1061 4992 tertium,
1096 4923 1431 4988 senatores;
1463 4919 1594 4975 dein
1626 4918 1751 4977 vela
1780 4934 1997 4976 consu-

2110 4822 2245 4896 μετα
2290 4816 2579 4895 όστιαρίων
2638 4819 2727 4873 καὶ
2778 4819 3032 4895 βεργίων,
3083 4820 3174 4877 καὶ
3227 4825 3621 4899 προσκαλεῖται
3657 4828 3757 4904 βῆ-

2107 4910 2177 4967 λα
2235 4912 2300 4977 α’,
2354 4912 2459 4964 τῶν
2521 4907 2851 4986 μαγίστρων·
2893 4908 2958 4983 β’,
2990 4910 3117 4973 τοὺς
3151 4912 3492 4989 πατρικίους·
3545 4936 3750 4972 συνεισ-

1715 5091 1951 5149 VARI/E
1990 5086 2403 5147 LECTIONES.

417 5212 463 5247 ¹⁹
494 5209 556 5264 ἐκ
588 5206 757 5280 δεξιὸν
793 5212 940 5268 cod..
976 5208 1036 5264 ἐκ
1074 5204 1259 5279 δεξιῶν
1292 5209 1359 5266 Η.

1407 5358 1607 5416 JOAN.
1630 5358 1773 5416 JAC.
1816 5354 2077 5412 REISKII
2106 5345 2697 5409 COMMENTARIUS.

424 5516 540 5587 (44)
578 5513 947 5587 Nobilissimp
979 5510 1280 5587 proprium
1306 5511 1412 5587 hoc
1441 5515 1563 5568 erat
1593 5509 1912 5587 epitheton,
1931 5509 2005 5563 il-

356 5580 740 5651 lustrissimus,
776 5590 843 5641 ut
890 5580 1107 5658 Caesari
1152 5581 1562 5658 εὐτυχέστατος,
1620 5580 1997 5658 felicissimus.

354 5662 482 5717 Vid.
516 5659 861 5731 Theophan,
894 5657 1054 5731 p._46
1084 5656 1445 5731 et_Goar._ad_
1479 5656 1891 5731 illumlocum.

425 5733 541 5805 (45)
600 5724 802 5787 Putem
848 5724 1041 5785 'v'erba
1108 5725 1186 5790 εἰς
1212 5728 1312 5799 τήν
1346 5727 1559 5805 ἀγάπην
1613 5728 1703 5784 hic
1736 5724 2003 5785 delenda

2113 5520 2263 5562 esse.
2297 5504 2625 5578 Recurrunt
2654 5500 2812 5556 enim
2832 5502 3103 5578 protinus
3123 5503 3248 5578 loco
3271 5521 3404 5567 suo.
3427 5507 3564 5564 etin
3582 5520 3761 5578 agape

2110 5594 2230 5651 seu
2247 5574 2448 5633 osculo
2479 5576 2662 5646 pacis,
2695 5574 2851 5651 quod
2874 5576 3349 5636 communionem
3371 5574 3759 5651 praecedebat,

2113 5648 2272 5705 nulla
2303 5652 2426 5703 erat
2456 5646 2813 5702 communio.
