4158 6212
380 382 494 441 487

1486 360 1635 422 CON
1648 352 2019 421 STANTINI
2063 349 2756 416 PORPHYROGENITI

3664 346 3787 407 488

378 512 521 568 laria
551 512 674 579 ipse
728 524 761 561 a
818 500 1145 559 demarcbis
1200 495 1432 567 accipit,
1466 493 1524 549 bi
1576 491 1918 555 acclamant,
1953 491 2016 543 ut

2132 485 2420 557 σκουτάρια
2448 488 2546 538 τοῦ
2576 482 2814 556 ἀριθμοῦ
2862 476 2955 532 καὶ
2985 474 3297 549 κούρσωρες
3332 474 3424 529 καὶ
3465 473 3517 528 οἱ
3575 472 3784 531 διαιτά-

2322 578 2326 579 ν
2576 569 2598 579 -
2726 573 2751 579 μ
2900 566 2912 579 .
2990 567 3002 579 .
3045 561 3069 579 .
3241 564 3256 579 ι
3301 561 3325 579 ε,
3364 565 3378 579 .
3456 568 3482 579 ..
3676 563 3747 579 κ-

377 599 638 673 patriciis
670 608 901 666 quoque
932 587 1364 646 solent.Deinde
1388 600 1489 656 per
1521 582 1755 654 cbytum
1790 579 2014 635 cbalces

380 668 449 743 ad
483 688 760 742 Sanctum
793 683 1041 737 Puteum
1074 675 1391 743 descendit,
1423 677 1481 729 et
1509 686 1706 728 cereos
1731 668 2016 734 accendit,

376 772 702 845 patriarcha
733 768 1013 841 procedit,
1047 781 1243 822 sacras
1277 779 1473 836 preces
1513 760 1715 816 recitat
1765 762 1821 813 et
1851 772 2016 812 com-

376 862 712 919 munionem
758 857 1039 929 impertit,
1084 856 1206 926 ipse
1255 855 1494 909 domum
1535 850 1679 918 abit,
1726 846 1796 903 ab
1828 845 1921 900 his
1953 861 2017 900 ac

377 950 605 1006 duobus
653 945 1010 1012 silentiariis,
1062 945 1161 1015 qui
1212 958 1312 1015 per
1360 948 1476 998 tres
1526 941 1649 994 dies
1687 938 1879 1008 virgas
1910 932 2017 1005 ipsi

376 1039 711 1111 praeferunt,
746 1037 997 1107 stipatus
1024 1047 1345 1103 sagumque
1378 1043 1730 1101 purpureum
1761 1029 2015 1097 gestans.

376 1129 477 1185 His
509 1129 682 1184 etiam
714 1126 1043 1192 comitibus,
1080 1124 1222 1177 dum
1244 1121 1486 1187 recedit,
1524 1119 1727 1173 utitur.

2127 595 2235 650 ριοι
2262 578 2370 629 τῶν
2400 572 2546 627 ὅλων
2572 569 2793 625 διαιτῶν
2825 566 2916 622 καὶ
2959 567 3009 619 οἱ
3042 561 3258 619 δεκανοὶ
3297 561 3388 617 διὰ
3416 568 3523 619 τῶν
3563 563 3788 640 σχολῶν

2126 662 2382 739 Δέχονται
2426 662 2494 716 τὰ
2549 661 2686 733 μέρη
2750 658 2827 719 εἰς
2867 656 2996 716 τοὺς
3043 653 3247 715 τόπους
3298 651 3499 723 αὐτῶν,
3553 650 3775 728 λαμϐά-

2126 773 2203 807 νει
2262 754 2374 825 (53)
2422 752 2507 806 καὶ
2572 745 2896 820 λιϐελλάριν
2948 744 3093 818 παρὰ
3147 748 3253 798 τῶν
3313 740 3645 822 δημάρχων,
3694 746 3784 800 καί

2128 840 2545 915 ἂκτολογοῦσιν,
2575 839 2648 899 ὡς
2688 831 2805 911 ἔχει
2844 838 2879 904 ἠ
2926 836 3181 904 συνήθεια
3232 832 3323 887 καὶ
3371 831 3459 887 ἐπὶ
3507 839 3617 888 τῶν
3672 855 3783 889 πα·-

2124 932 2373 1004 τρικίων.
2410 930 2503 983 Καὶ
2558 928 2861 1000 εἰσέρχεται
2908 921 2998 977 διὰ
3034 926 3131 976 τοῦ
3188 926 3366 997 χυτοῦ
3423 925 3523 986 τῆς
3565 921 3783 996 χαλκῆς

2129 1020 2203 1081 εἰς
2235 1020 2294 1072 τὸ
2325 1018 2479 1091 ἅγιον
2534 1016 2701 1092 φρέαρ
2733 1016 2869 1085 (54),
2899 1012 2990 1065 καὶ
3036 1013 3189 1067 ἅπτει
3240 1009 3464 1085 κηροὺς,
3498 1013 3587 1065 καὶ
3635 1010 3784 1086 6525:9-

2128 1127 2287 1182 χεται
2326 1109 2354 1161 6
2394 1105 2744 1181 πατριάρχης
2801 1102 2891 1156 καὶ
2930 1106 3079 1154 ποιεῖ
3125 1099 3321 1173 εὐχήν,
3379 1100 3469 1154 καὶ
3509 1107 3781 1170 κοινωνεῖ,

379 1218 469 1272 καὶ
540 1216 861 1291 ὑποστρέφει
908 1212 984 1275 εἷς
1038 1213 1130 1265 τὸν
1182 1212 1334 1263 οἷκον
1393 1209 1582 1278 αὐτοῦ,
1615 1203 2004 1278 ὀψικευόμενος
2069 1198 2171 1254 ὑπὸ
2229 1202 2336 1251 τῶν
2401 1196 2597 1263 αὐτῶν,
2630 1194 2717 1249 καὶ
2780 1191 2874 1247 δύο
2929 1190 3281 1262 σιλεντιάριοι
3491 1190 3787 1264 βαστάζον-

380 1326 468 1368 τες
526 1306 592 1359 τὰ
654 1279 845 1380 βεΙργία
893 1301 1068 1355 αὐτῶν
1132 1300 1299 1374 μέχρι
1363 1300 1529 1371 τριῶν
1579 1297 1820 1369 ἡμερῶν,
1878 1292 2170 1369 φεροῦντος
2228 1285 2396 1341 αὐτοῦ
2466 1285 2652 1358 σαγίον
2711 1280 3013 1353 ἀληθινόν·
3076 1279 3250 1341 οὕτως
3300 1279 3783 1354 προέρχεται

380 1396 769 1472 ὀψικευόμενος
795 1391 1006 1465 ὁμοίως
1039 1389 1126 1445 καί
1170 1389 1246 1450 εἰς
1277 1389 1374 1456 τὴν
1419 1386 1769 1459 ἀναχώρησιν
1802 1382 1932 1436 αὐτο

771 1485 842 1539 De
878 1483 1225 1556 promotion:
1255 1478 1626 1547 Curopalata’.

448 1574 787 1632 Notandum
820 1577 929 1641 est,
963 1572 1022 1626 in
1074 1568 1429 1642 promotione
1460 1564 1806 1637 curopalataa
1835 1561 2019 1618 silen-

378 1667 526 1723 tium
561 1682 674 1721 non
710 1664 827 1719 fieri
858 1688 871 1724 ξ
914 1662 1011 1719 sed
1057 1661 1367 1731 imperator
1406 1658 1465 1712 in
1500 1656 1721 1727 privato
1752 1651 2018 1708 cubiculo

376 1757 749 1815 candidatum
808 1752 1114 1825 dignitatis
1162 1750 1512 1821 curopalataa
1571 1744 1805 1817 excipit,
1864 1743 2019 1798 I30

371 1849 715 1920 virgamque
765 1846 835 1900 ab
909 1860 1025 1899 uno
1078 1838 1585 1913 imperatoriorum
1644 1836 2015 1891 ostiariorum

1938 1384 1967 1432 ὖ
2006 1380 2101 1435 22*.

2454 1465 2586 1537 Περὶ
2617 1468 2958 1538 προαγωγῆς
2987 1458 3442 1534 Κουροπαλάτου.

2202 1557 2324 1630 Χρή
2387 1551 2607 1623 εἰδέναι,
2659 1555 2764 1619 ὅτι,
2849 1552 3136 1625 γινομένου
3230 1548 3668 1623 κουροπαλάτου,
3720 1552 3782 1607 οὐ

2127 1646 2334 1718 γίνεται
2402 1642 2667 1697 σιλέντιον
2740 1645 2870 1715 (57),
2924 1639 3047 1695 ἀλλ’
3105 1641 3132 1694 6
3186 1639 3437 1714 βασιλεὺς
3486 1636 3783 1713 λαμϐάνων

2129 1732 2181 1788 ἐν
2212 1738 2292 1805 τῷ
2350 1730 2471 1805 ἰδίῳ
2526 1733 2618 1786 τὸν
2678 1731 2955 1804 μέλλοντα
3011 1731 3256 1805 γενέσθαι
3338 1728 3779 1804 κουροπαλάτην,

2130 1820 2339 1898 ἒπαίρει
2383 1822 2604 1896 βεργίον
2673 1820 2723 1890 ἐξ
2794 1820 2912 1881 ἑνὸς
2953 1824 3064 1873 τῶν
3116 1816 3414 1894 βασιλικῶν
3466 1818 3778 1889 ὀστιαρίων,

377 1908 675 2006 sumptam
709 1935 759 1991 ei
790 1932 991 1990 tradit.
1023 1908 1215 2002 Atque
1245 1929 1326 1984 ita
1352 1928 1542 2000 ipsius
1574 1923 1859 1997 promotio
1890 1939 2016 1995 per-

2132 1914 2214 1969 καὶ
2267 1908 2581 1967 ἐπιδίδωσιν
2642 1910 2814 1983 αὐτῷ,
2863 1910 2952 1964 καὶ
2988 1909 3195 1985 γίνεται
3242 1911 3275 1978 ἠ
3337 1912 3635 1984 προαγωγὴ
3677 1909 3780 1964 αὖ·

377 2025 590 2098 agitur.

967 2108 1203 2167 CAPUT
1241 2108 1437 2164 XLVI.

382 2204 727 2261 Obseruando
754 2204 811 2256 in
825 2203 1161 2272 promotionc
1180 2199 1457 2272 Magistri,
1473 2196 1523 2251 si
1541 2192 2021 2272 imperatoriubct,

555 2285 617 2331 ut
648 2276 707 2329 in
734 2268 987 2346 processu
1025 2272 1238 2340 Magnae
1266 2268 1508 2326 ecclesiae
1530 2270 1876 2322 instituatur.

452 2440 493 2495 I.
529 2440 853 2508 Imperator
882 2439 1200 2493 coronatus
1229 2450 1293 2489 ac
1323 2431 1629 2503 chlamyde
1659 2430 1924 2493 indutus,
1955 2442 2023 2482 ex

378 2534 663 2598 augusteo
697 2526 973 2598 procedit,
1008 2539 1064 2579 et
1092 2530 1151 2577 in
1192 2538 1369 2577 aurea
1398 2536 1572 2575 manu
1606 2519 1676 2573 ad
1708 2518 1899 2572 velum
1936 2514 2023 2585 pi-

380 2616 563 2672 cturis
585 2616 775 2669 avium
795 2622 1061 2668 ornatum
1085 2610 1390 2666 subsistit:
1414 2607 1758 2678 prapositus
1780 2602 2019 2659 ostiario

376 2704 574 2760 velum
609 2702 917 2756 marmorei
952 2699 1180 2772 pulpiti,
1214 2698 1368 2769 quod
1410 2699 1467 2751 in
1500 2693 1855 2764 onopodium
1887 2707 2020 2763 pro-

378 2792 655 2855 tenditur,
689 2790 905 2845 tenenti
939 2789 1167 2845 annuit.
1211 2787 1278 2841 Hi
1312 2786 1477 2858 signo
1522 2785 1680 2848 dato,
1723 2782 2018 2854 patricios,

380 2886 447 2936 ut
476 2879 638 2934 festis
680 2878 885 2933 diebus
944 2876 1305 2932 consuetudo
1356 2879 1466 2943 est,
1525 2873 1848 2939 adducunt,
1885 2885 2019 2925 cum

379 2968 593 3041 quibus
623 2968 695 3037 is,
727 2968 824 3039 qui
860 2966 1126 3038 magistri
1158 2966 1435 3037 dignitate
1463 2962 1760 3019 ornandus
1786 2965 2021 3026 est,una

376 3058 729 3131 ingreditur,
760 3063 816 3113 et
846 3057 902 3112 in
936 3058 1244 3128 angiportu
1294 3071 1476 3110 aurea:
1518 3068 1751 3117 manus,
1784 3051 1881 3106 ubi
1914 3051 2018 3106 do-

377 3149 523 3205 mini
554 3152 732 3215 stant,
767 3163 971 3202 omnes
1011 3144 1342 3217 procidunt.
1378 3143 1693 3214 Postquam
1726 3157 1855 3196 vero
1888 3156 2020 3196 sur-

375 3255 590 3303 rexere,
624 3237 847 3293 domini
879 3236 1188 3308 praeposito
1218 3240 1506 3300 annuunt,
1536 3233 1587 3287 is
1622 3248 1635 3287 :
1670 3254 1697 3282 ιι
1728 3232 1956 3294 Jubete,
1984 3252 2014 3279 »

375 3331 612 3394 dicit,et
643 3328 726 3383 sic
756 3329 815 3382 in
843 3328 1119 3398 obsequio
1136 3326 1509 3380 dominorum
1534 3324 1605 3378 ad
1637 3322 2012 3391 onopodium,

373 3419 469 3475 ubi
505 3416 948 3471 cerimoniarius
1000 3422 1058 3469 et
1098 3430 1263 3468 arma
1305 3418 1363 3469 et
1401 3411 1685 3483 spatbarii
1715 3428 1820 3465 sua
1851 3427 2016 3466 arma

370 3510 666 3579 gestantes
698 3505 930 3567 adsunt,
984 3503 1309 3574 procedunt
1341 3500 1587 3572 patricii,
1635 3516 1735 3571 pro
1768 3515 1926 3555 more
1951 3514 2013 3555 se

370 3594 1116 3667 prosternunt,przepositus
1144 3608 1277 3647 vero
1302 3590 1707 3646 cerimoniario
1728 3605 2011 3657 annuens,

371 3684 558 3740 dicit:
594 3705 621 3732 «
663 3682 885 3737 lubete.
925 3702 951 3733 ι
1004 3681 1235 3736 Patricii
1291 3680 1558 3736 dominos
1604 3680 1674 3735 ad
1730 3695 2011 3751 magnum

370 3790 557 3844 usque
588 3771 1022 3837 consistorium,
1058 3770 1155 3826 ubi
1206 3772 1472 3826 consules
1502 3786 1567 3825 ac
1612 3769 1819 3841 reliqui
1847 3786 2011 3825 sena-

368 3870 526 3919 tores
548 3864 781 3927 adsunt,
803 3862 947 3916 laztis
970 3860 1240 3916 omnibus
1268 3870 1721 3932 prosequuntur,
1746 3876 1812 3916 ac
1835 3858 2014 3915 domi-

369 3953 461 4009 nis
494 3957 551 4007 in
584 3952 801 4007 ciborio
834 3966 1008 4022 super
1039 3949 1438 4022 porphyretica
1469 3949 1627 4005 scala
1653 3949 2010 4017 constitutis,

366 4046 669 4099 senatores
701 4055 904 4095 omnes
938 4038 1350 4111 procumbunt.

380 4129 621 4209 μεγάλου
668 4128 1079 4204 κονσιστωρίου,
1146 4127 1268 4191 ἔνθα
1322 4127 1569 4183 ’ἰστανται
1615 4128 1667 4182 οἱ
1735 4126 1929 4182 ὕπατοι
1995 4130 2383 4204 κονσιστώριον
2442 4134 2533 4183 καί

2128 2006 2246 2058 τοῦ.

2738 2092 2997 2146 ΚΕΦΑΛ.
3040 2089 3156 2157 MC.

2128 2182 2262 2234 Ὅσα
2349 2178 2457 2253 δεῖ,
2514 2177 2977 2253 παρα-φυλάττειν-
3028 2177 3126 2253 ’ἐπὶ
3209 2176 3505 2253 προαγωγῇ
3602 2176 3777 2253 Μαγί-

2203 2271 2387 2326 στρου,
2419 2248 2864 2326 είΫ-κελεύειλῶϐ)
2922 2248 3079 2326 αῷτρν
3145 2248 3377 2326 ποιῆσαι
3419 2248 3781 2323 ἐν-προκὲνσῳ

2199 2318 2298 2393 τῆς
2330 2321 2598 2400 Μεγάλης
2628 2318 2923 2392 ἒκκλῄσίας
2956 2322 2983 2375 6
3014 2318 3287 2396 βασιλεύςς

2199 2428 2620 2504 Α’.Ἐξέρχεται
2688 2428 2717 2481 6
2771 2426 3025 2501 βασιλεὺς
3093 2426 3201 2481 ἀπὸ
3285 2430 3381 2482 τοῦ
3439 2428 3777 2501 αὐγουστὲως

2128 2518 2476 2592 ἐστεμμένος,
2537 2521 2720 2596 φορῶν
2787 2519 2886 2584 τήν
2947 2513 3233 2594 χλαμύδα,
3290 2516 3383 2570 καὶ
3429 2513 3645 2571 ’ίσταται
3702 2517 3777 2579 εἰς

2124 2608 2224 2676 τήν
2269 2614 2477 2681 χρυσῆν
2530 2612 2689 2679 χεῖρα
2739 2605 2988 2660 ἀπέναντι
3034 2609 3131 2659 τοῦ
3184 2603 3365 2679 βήλου
3398 2608 3495 2659 τοῦ
3543 2626 3776 2679 τάγηνα-

2131 2697 2272 2770 ρίου,
2304 2696 2394 2750 καὶ
2433 2696 2575 2750 νεύει
2607 2696 2633 2749 6
2676 2695 3034 2770 πραιπόσιτος
3080 2698 3159 2765 τῷ
3211 2694 3475 2768 ὀστιαρίῳ
3521 2698 3600 2765 τῷ
3643 2715 3779 2769 κρα-

2125 2789 2307 2840 τοῦντι
2362 2786 2424 2839 τὸ
2486 2784 2660 2859 βῆλον
2718 2789 2813 2841 τοῦ
2904 2786 3249 2857 μαρμαρινοῦ
3321 2780 3632 2838 πουλπίτου
3679 2789 3776 2839 τοῦ

2127 2873 2491 2949 ἐξερχομένου
2548 2872 2625 2935 εἷς
2711 2874 2773 2929 τὸ
2832 2870 3137 2928 ὀνοπόδιον.
3174 2872 3273 2926 Καὶ
3331 2871 3457 2927 ὅταν
3510 2868 3654 2947 λάϐῃ
3713 2874 3776 2929 τὸ

2124 2968 2313 3037 νεῦμα,
2374 2965 2645 3039 εἰσάγουσι
2714 2964 2842 3026 τοὺς
2927 2964 3271 3033 πατρικίους,
3328 2963 3509 3024 καθὼς
3566 2961 3681 3038 ἔχει
3739 2964 3775 3032 ἠ

2127 3056 2379 3125 συνήθεια
2440 3058 2548 3108 τῶν
2603 3055 2843 3128 ἑορτῶν·
2888 3052 3289 3126 συνεισέρχεται
3348 3048 3405 3106 δὲ
3459 3052 3609 3106 καὶὸ
3645 3052 3777 3126 βου·

2128 3141 2365 3215 λόμενος
2422 3141 2663 3217 γενέσθαι
2716 3141 3035 3216 μάγιστρος.
3085 3141 3174 3195 καὶ
3234 3140 3523 3196 πίπτόυσιν
3580 3139 3657 3202 εἷς
3713 3142 3777 3196 τὸ

2128 3232 2403 3286 στενάκιον
2459 3237 2557 3299 τῆς
2592 3237 2818 3304 ,χρυσῆς
2877 3230 3084 3304 χειρὸς,
3131 3224 3255 3292 ἔνθα
3296 3226 3540 3283 ’ίστανται
3591 3230 3643 3283 οἱ
3688 3225 3778 3284 δε-

2128 3321 2344 3375 σπόται.
2390 3320 2487 3376 Καὶ
2529 3321 2870 3374 ἀναστάντων
2920 3320 3123 3388 αὐτῶν,
3162 3319 3405 3374 νεύουσιν
3475 3320 3527 3373 οἱ
3576 3316 3776 3374 δεσπό·

2121 3416 2322 3485 ταιτῷ
2360 3412 2726 3486 πραιποσίτῳ,
2776 3413 2867 3467 καὶ
2927 3412 3113 3487 λέγει·
3168 3436 3196 3463 ‹‹
3248 3411 3562 3481 Κελεύσατε,
3596 3437 3626 3465 ››
3684 3411 3774 3467 καὶ

2124 3502 2437 3582 ἐξέρχονται
2506 3502 2852 3577 ὀψικεύοντες
2907 3502 3034 3566 τοὺς
3093 3500 3355 3566 δεσπότας
3440 3503 3605 3581 μέχρι
3674 3507 3775 3558 τοῦ

2123 3590 2409 3659 ὀνόποδος,
2444 3591 2565 3647 ἔνθα
2592 3592 2803 3647 ἳσταται
2837 3593 2865 3646 ὁ
2921 3595 3018 3661 τῆς
3072 3594 3448 3655 καταστάσεως
3485 3592 3575 3647 καὶ
3614 3593 3680 3647 τὰ
3729 3594 3774 3629 ⁸³

2122 3679 2337 3759 ἅρματα
2384 3685 2474 3739 καὶ
2532 3684 2583 3738 οἱ
2643 3682 2930 3759 σπαθάριοι
2979 3684 3334 3757 βαστάζοντες
3375 3685 3442 3739 τὰ
3472 3682 3617 3739 ὅπλα
3671 3684 3772 3738 αὐ-

2119 3778 2251 3842 τῶν,
2292 3773 2382 3827 καὶ
2448 3773 2737 3828 πίπτουσιν
2800 3773 2851 3827 οἱ
2909 3773 3063 3828 αὐτοὶ
3122 3775 3394 3847 πατρίκιοι
3431 3774 3565 3828 κατὰ
3615 3775 3774 3843 συνήο

2123 3872 2289 3929 θειαν,
2339 3859 2428 3916 καὶ
2482 3859 2622 3915 νεύει
2682 3860 2710 3914 6
2770 3861 3131 3933 πραιπόσιτος
3198 3865 3278 3932 τῷ
3348 3867 3446 3929 τῆς
3505 3860 3769 3915 καταστά-

2122 3971 2278 4019 σεως,
2318 3950 2409 4005 καὶ
2470 3948 2646 4024 λέγει·
2683 3974 2711 4001 ‹‹
2756 3947 3078 4020 Κελεύσατε,
3114 3970 3137 4001 δ
3186 3948 3275 4003 καὶ
3333 3948 3661 4023 ἐπεύχονται
3720 3949 3774 4002 οἳ

2120 4039 2420 4113 πατρίκιοι,
2488 4038 2831 4111 ὀψικεύοντες
2896 4036 3025 4100 τοὺς
3090 4034 3353 4101 δεσπότας
3435 4039 3603 4113 μέχρι
3674 4041 3773 4092 τοῦ

2622 4130 2671 4184 oi
2749 4128 2935 4183 λοιποὶ
3028 4126 3405 4204 συγκλητικοὶ,
3456 4128 3545 4182 καὶ
3622 4129 3777 4183 στάν-

367 4244 475 4277 των
528 4226 633 4277 τῶν
696 4217 967 4276 δεσποτῶν
1037 4218 1112 4279 εἰς
1153 4219 1214 4273 τὸ
1271 4212 1532 4291 κιϐώριον
1589 4215 1767 4271 ἐπάνω
1822 4223 1931 4274 τῶν
1989 4224 2283 4296 πορφυρῶν
2349 4217 2692 4295 γραδηλίων,
2753 4219 3043 4274 πίπτουσιν
3111 4220 3163 4272 οἱ
3230 4217 3591 4296 συγκλητικοὶ
3652 4220 3785 4275 πάν-

369 4330 480 4374 τες.

1734 4427 1973 4487 VARIE
2019 4429 2421 4489 LECTIONES.

445 4532 511 4567 ²¹⁶
537 4528 700 4585 αὐτοῦ
733 4547 848 4587 om.
881 4530 969 4586 ed.
1047 4530 1093 4565 ”
1123 4527 1189 4583 τὰ
1218 4542 1335 4584 om.
1378 4528 1469 4584 ed.

1432 4654 1634 4714 JOAN.
1668 4656 1814 4716 JAC.
1868 4658 2125 4716 REISKII
2158 4651 2746 4714 COMMENTARIUS.

442 4779 558 4851 (53)
592 4777 939 4851 Membrana
971 4774 1137 4851 aliter
1167 4790 1347 4851 quam
1385 4775 1576 4851 editus
1606 4776 1786 4851 codex
1815 4777 2021 4851 distin-
2053 4780 2099 4845 Ι)
2129 4776 2563 4851 tendum._Nam
2597 4782 2748 4851 recte
2778 4775 3116 4851 codexpost
3136 4772 3314 4829 αὐτῶν
3349 4780 3633 4848 punctum
3667 4777 3785 4850 ple-

368 4847 699 4923 guunt.Sed
727 4850 964 4923 praefero
987 4847 1421 4923 distinctionem
1453 4848 1576 4904 acl.
1604 4848 2024 4923 Leicbiointro-

370 4917 1227 4993 ductam.Distinguuptaut_em
1246 4917 2022 4993 membranaa_sic...t_)182xa-

370 4991 457 5046 νοὶ
521 4989 610 5046 διὰ
662 4995 783 5065 ⁸τῶν
834 4988 1071 5065 σχολῶν
1118 4988 1374 5065 δέχονται
1433 4990 1500 5043 τά
1551 4990 1713 5063 μὲρη.
1751 4990 1844 5053 Εἷς
1893 4991 2021 5054 τοὺς

370 5066 575 5124 τόπους
622 5060 821 5117 αὓτῶν.
881 5056 1808 5133 KapGa‘zveifUtcunque'verses,
1869 5081 2024 5121 sem-

370 5154 473 5209 per
504 5140 665 5193 deest
695 5137 955 5208 aliquid;
990 5136 1134 5209 forte
1163 5133 1370 5205 plura;
1402 5135 1514 5189 vnd.
1564 5152 1620 5204 p.
1660 5138 1759 5190 138
1792 5140 1845 5209 et
1880 5154 2023 5209 pras-

367 5205 537 5279 cipue
572 5226 625 5276 p.
664 5205 906 5279 MOCAd
963 5206 1269 5260 minimum
1329 5209 1489 5260 deest
1514 5209 1766 5279 verbum
1803 5205 2021 5279 όψικεύ-

370 5277 675 5335 ouimNam
702 5277 1223 5350 ροδιάναχωροῦσιν
1254 5283 1405 5331 recte
1438 5277 2024 5350 collocavitlibrarius

369 5353 429 5408 in
463 5351 658 5407 codice
692 5349 980 5421 punctum
1001 5349 1319 5420 perfectum
1350 5364 1361 5403 :
1389 5376 1413 5388 -
1438 5378 1457 5389 -
1492 5364 1662 5421 usque
1693 5349 1761 5421 ad
1783 5352 2021 5419 regiam,

368 5428 423 5479 et
450 5423 653 5478 abeunt
680 5420 954 5492 deinceps.
999 5421 1339 5476 Axiomatici
1380 5435 1528 5491 vero,
1569 5420 1656 5475 vel
1699 5420 2020 5478 honorati...

369 5496 988 5575 comitantur-cumprr
1012 5492 1251 5575 schglas.

446 5566 561 5636 (54)
592 5560 1070 5636 ὃυὺίηῐθιίιίεἰιυι·
1096 5564 1155 5619 S.
1186 5560 1433 5636 b‘opbiaa.

446 5631 562 5708 (55)
594 5636 813 5708 Nempe
848 5631 1244 5708 ὑποστρέφουσι
1265 5631 1397 5705 μετ’
1430 5631 1597 5687 αὐτοῦ
1630 5632 1704 5694 εἷς
1736 5635 1826 5689 τὸν
1874 5636 2023 5690 οἷκον

376 5706 566 5782 αὐτοῦ,
595 5706 759 5783 quod
786 5706 951 5766 facile
980 5706 1440 5781 e'superioribus
1471 5724 1504 5763 a
1535 5709 1833 5765 communi
1865 5725 2023 5785 repe-

2134 4846 2570 4920 numrcollocat.
2617 4848 2737 4920 Duo
2777 4846 3103 4915 silentiarii,
3153 4846 3422 4918 gestantes
3468 4846 3785 4920 virgam—cel

2134 4919 2358 4975 bacillos
2390 4934 2539 4986 suos,
2592 4917 2937 4973 comitantur
2974 4936 3098 4975 eum
3143 4917 3364 4974 domum
3398 4917 3570 4991 usque
3603 4939 3781 4976 suam.

2133 4991 2335 5048 Deinde
2350 4992 2506 5062 gerit
2531 5006 2638 5059 per
2668 4991 2935 5045 triduum
2963 5007 3305 5061 purpureum
3335 5008 3548 5062 sagum.

2206 5064 2315 5132 (56)
2348 5061 2419 5117 Ut
2446 5077 2648 5135 verum
2705 5062 2909 5135 fatear,
2963 5080 3074 5117 non
3117 5063 3307 5135 video,
3352 5061 3491 5134 quid
3526 5064 3646 5119 haec
3684 5078 3781 5135 po-

2135 5130 2353 5191 strema
2388 5133 2499 5187 sibi
2531 5132 2713 5188 velint
2750 5149 2762 5187 :
2798 5130 2970 5206 οὔτως
2998 5130 3493 5206 προέρχεται,”εῑο.

2203 5206 2315 5277 (57)
2351 5207 2406 5259 ld
2440 5210 2529 5261 est
2562 5221 2715 5277 :Vper
2743 5204 3419 5277 silentiariOs,'cursores
3450 5212 3507 5261 et
3533 5205 3782 5261 manda-

2135 5283 2290 5333 tores
2342 5293 2454 5331 non
2511 5276 2795 5332 indicitur
2825 5276 2921 5333 illo
2960 5277 3049 5334 vel
3096 5277 3192 5333 illo
3245 5278 3339 5332 die
3368 5277 3781 5334 consistorium

2134 5348 2397 5406 solemne
2433 5351 2573 5402 fore.

2208 5422 2323 5491 (58)
2347 5425 2504 5489 Saepe
2545 5423 2834 5492 usurpant
2880 5420 3012 5475 novi
3055 5419 3235 5477 Graeci
3292 5438 3395 5492 pro
3426 5421 3581 5490 velle,
3613 5424 3671 5475 et
3700 5420 3787 5476 sic

2137 5493 2440 5561 usurpavit
2473 5507 2709 5563 quoque
2733 5494 2858 5564 jam
2889 5492 3220 5564 Euripides.
3254 5492 3315 5547 Si
3349 5496 3459 5549 vult
3482 5495 3789 5561 imperator

2133 5580 2255 5621 eam
2285 5564 2490 5635 facere,
2520 5563 2927 5634 processionem
2967 5563 3048 5619 in’
3073 5563 3327 5635 Magnam
3356 5564 3660 5635 ecclesiam,
3690 5578 3787 5620 seu

2136 5637 2196 5691 S.
2230 5636 2520 5707 Sophiam,
2558 5635 2833 5708 facturus.
