4158 6212
341 335 461 394 489

415 462 492 520 Β’.
523 459 631 516 Καὶ
663 457 762 522 εἶθ’
801 455 979 519 οὕτως
1034 454 1272 511 νεόουσιν
1306 457 1360 511 οἱ
1417 452 1674 511 δεσπόται
1719 455 1800 524 τῷ
1829 469 1996 525 πραι-
2023 452 2077 519 Α

342 549 576 623 ποσίτῳ,
635 548 726 602 καὶ
794 544 999 622 εἰσάγει
1064 545 1155 600 τὸν
1231 542 1525 623 ὀφείλοντα
1607 535 2000 616 προϐληθῆναι

353 639 648 714 μάγιστρον
679 635 755 698 εἷς
803 634 930 697 τοὺς
959 631 1132 697 πόδας
1161 637 1269 690 τῶν
1329 631 1630 696 δεσποτῶν,
1664 631 1756 685 καὶ
1813 627 2003 682 πίπτει

342 729 420 790 εἰς
484 728 548 783 τὸ
597 730 812 800 πρῶτον
860 720 1162 800 γραδήλιον
1213 726 1262 761 ³⁸
1311 723 1339 778 6
1389 717 1871 796 προϐαλλόμενος,
1907 714 1998 771 καὶ

343 815 597 892 ἀναφέρει
630 815 786 870 αὐτὸν
817 813 894 877 εἰς
946 814 1009 868 16
1064 814 1249 888 τρίτον
1303 809 1632 887 γραδήλιον,
1689 809 1782 864 xui
1832 825 2002 880 προσ-

343 911 520 962 κυνῶν
576 903 727 980 φιλεῖ
771 901 899 966 τοὺς
953 901 1124 965 πόδας
1180 906 1289 957 τῶν
1368 898 1668 971 δεσποτῶν,
1750 896 2000 951 ἑστώτων

347 998 528 1053 αὐτῶν
585 995 676 1050 καὶ
723 993 784 1050 οὗ
845 992 1240 1067 καθεζομένων,
1289 990 1430 1048 διότι
1487 991 1562 1054 εἷς
1613 991 1807 1066 ἑορτὴν
1867 1007 2000 1062 προ·

352 1085 615 1164 βάλλεται
665 1085 717 1141 ἐν
765 1086 1047 1161 προκένσῳ
1095 1092 1196 1155 τῆς
1244 1083 1564 1156 ἐκκλησίας,
1600 1081 1704 1137 Καὶ
1749 1079 1999 1135 ἀσπασά-

358 1197 515 1251 μενος
564 1175 696 1239 τοὺς
754 1173 928 1240 πόδας
982 1176 1010 1231 6
1062 1173 1425 1252 προϐληθεὶς,
1475 1171 1777 1242 ἀνίσταται,
1822 1170 1913 1224 καὶ
1974 1168 2002 1222 6

349 1266 529 1341 ’ὶτερος
573 1265 933 1341 πραιπόσιτος
973 1264 1203 1340 παρέχει
1262 1269 1377 1325 τοῖς
1439 1261 1732 1325 δεσπόταις
1759 1260 1822 1315 τὸ
1877 1279 2001 1313 στι-

353 1354 548 1432 χάριον
584 1354 675 1409 καὶ
698 1351 762 1407 τὸ
813 1349 1118 1428 βαλτίδιον,
1150 1349 1240 1407 καὶ
1289 1351 1342 1406 οἱ
1393 1348 1648 1406 δεσπόται
1691 1342 2000 1402 ἐπιδιδοῦσι

349 1447 430 1514 τῷ
484 1439 926 1517 προϐαλλομένῳ
989 1439 1292 1516 μαγίστρῳ,
1340 1440 1431 1494 καὶ
1485 1437 1640 1512 φιλεῖ
1664 1436 1760 1501 τὰς
1808 1439 2000 1510 χεῖρας

354 1536 466 1587 τῶν
497 1528 770 1587 δεσποτῶν
804 1531 833 1585 6
865 1526 1230 1606 προϐληθεὶς,
1261 1524 1563 1602 λαμϐάνων
1593 1527 1657 1583 τὸ
1715 1526 1999 1602 στιχάριον

355 1620 528 1677 καὶτὸ
553 1617 852 1696 βαλτίδιον,
884 1620 974 1676 καὶ
1016 1615 1281 1694 λαμϐάνει
1340 1619 1476 1675 αὐτὰ
1535 1618 1563 1672 6
1619 1616 1781 1679 αὐτὸς
1837 1635 2003 1689 πραι-

352 1713 599 1782 πόσιτος,
644 1712 872 1786 εἰσάγων
931 1710 1091 1767 αὐτὸν
1134 1710 1188 1766 ἐν
1216 1715 1297 1783 τῷ
1345 1713 1649 1786 χειμερινῷ
1701 1726 1998 1763 κονσιστω-

1197 327 1298 386 DE
1339 319 1808 385 CEBIMONIIS
1856 317 2091 379 Αἱ]ιῶ
2142 319 2615 391 ΒΥΖΑΝΤΙΝᾸΞ
2658 333 2805 392 LIB.
2852 333 2898 392 Ι.

3636 337 3756 396 490

2182 455 2254 513 Il.
2289 461 2474 533 Tunc,
2516 470 2752 538 accepto
2798 484 2834 522 a
2889 466 3141 524 dominis
3179 467 3369 539 signo,
3411 470 3756 542 prapositus

2117 547 2386 619 magistri
2416 553 2701 625 dignitate
2740 555 3065 612 ornandum
3097 556 3169 611 ad
3203 556 3380 628 pedes
3419 571 3619 613 eorum
3651 558 3760 614 ad-

2113 632 2311 704 ducit;
2345 638 2395 694 is
2450 640 2509 696 in
2544 643 2730 713 primo
2762 645 2942 715 gradu
2977 659 3038 699 se
3078 643 3412 714 prosternit,
3445 643 3654 700 deinde
3685 645 3756 700 ad

2111 725 2347 784 tertium
2368 732 2712 798 ascendens,
2728 734 2939 788 adorat
2961 749 3024 789 ac
3047 734 3221 804 pedes
3240 733 3638 801 dominorum,
3653 733 3754 804 qui

2112 817 2288 883 stant,
2315 834 2430 873 non
2456 820 2676 890 sedent,
2703 821 2980 893 quoniam
3014 823 3159 878 festo
3182 822 3274 878 die
3306 821 3362 877 in
3395 822 3756 894 prccessione

2112 903 2365 962 ecclesiae
2398 917 2649 981 creatur,
2679 910 2999 968 osculatur.
3033 911 3244 968 Osculo
3276 911 3526 983 pedibus
3559 912 3757 981 inﬁxo,

2114 999 2419 1062 promotus
2449 999 2652 1071 surgit,
2678 999 2943 1072 aliusque
2966 1002 3312 1074 praepositus
3338 1001 3680 1057 sticharium
3703 1007 3760 1058 et

2114 1083 2369 1140 balteum
2385 1089 2660 1156 dominis,
2678 1089 2736 1145 hi
2755 1091 3028 1163 magistro
3045 1097 3309 1162 promoto
3321 1091 3537 1159 dant,is
3551 1107 3762 1148 manus

2113 1171 2418 1231 dominoru
2431 1192 2482 1231 m
2499 1178 2817 1251 osculatus,
2834 1179 3111 1236 stichariu
3125 1197 3178 1237 m
3195 1197 3258 1237 ac
3272 1181 3530 1237 balteum
3549 1182 3757 1252 sumit,

2112 1275 2316 1317 rursus
2363 1263 2564 1322 eadem
2603 1266 2759 1322 idem
2801 1268 3152 1340 praepositus
3181 1268 3414 1341 accipit,
3447 1269 3662 1340 ipsum,
3696 1269 3758 1326 in

2115 1347 2428 1408 hibernum
2452 1354 2868 1413 consistorium
2901 1359 3242 1427 deductum,
3271 1358 3549 1414 stichario
3571 1357 3762 1414 induit

2113 1437 2421 1512 balteoque
2451 1443 2651 1516 cingit,
2679 1446 2826 1501 187
2869 1450 2927 1503 et
2957 1450 3144 1519 gestat
3175 1447 3466 1520 propriam
3498 1447 3760 1504 tunicam

2110 1543 2290 1598 super
2319 1531 2616 1588 stichario.
2648 1533 2816 1590 Tuna
2847 1535 3002 1592 idem
3031 1537 3380 1609 praepositus
3409 1553 3543 1593 eum
3573 1537 3643 1593 ad
3677 1537 3762 1592 ci-

2111 1613 2367 1687 borium,
2399 1619 2500 1675 ubi
2550 1621 2776 1678 domini
2824 1628 3004 1692 stant,
3044 1624 3302 1690 adducit,
3346 1625 3426 1681 ibi
3482 1625 3541 1681 in
3574 1625 3764 1698 primo

2108 1706 2292 1776 gradu
2325 1711 2740 1782 procumbens,
2768 1715 2937 1783 pedes
2965 1729 3168 1769 eorum
3192 1714 3515 1784 osculatur,
3535 1719 3590 1771 et
3613 1719 3765 1786 post-

359 1801 482 1877 ρίῳ,
533 1801 622 1858 ναὶ
684 1799 855 1857 ἐνδύει
916 1801 1076 1856 αὐτὸν
1145 1801 1206 1856 τὸ
1255 1801 1539 1875 στιχάριον
1594 1797 1684 1853 καὶ
1740 1798 1997 1866 ζώννυσιν

2123 1812 2285 1867 quam
2345 1799 2616 1868 surrexit,
2668 1802 2885 1874 gratias
2935 1802 3052 1875 agit
3088 1819 3101 1858 :
3137 1803 3270 1859 dein
3305 1805 3648 1876 praepositus
3688 1805 3759 1860 ad

359 1892 516 1948 αὐτὸν
538 1893 601 1948 τὸ
649 1888 1062 1967 βαλτίδιον,καὶ
1115 1895 1270 1966 φορεῖ
1313 1889 1376 1944 τὸ
1418 1884 1707 1966 χλανίδιον
1752 1883 1914 1940 αὐτοῦ
1941 1884 2005 1940 τὸ

349 1980 494 2038 ’ίδιον
533 1979 714 2035 ἐπάνῶ
742 1984 840 2036 105
883 1978 1200 2053 στιχαρίου.
1235 1975 1341 2034 Καὶ
1373 1975 1582 2051 ἐπαίρει
1629 1975 1789 2029 αὐτὸν
1847 1975 1874 2028 6
1908 1972 2004 2028 αὖ·

352 2066 450 2131 τός
479 2071 529 2106 ³⁵
559 2068 942 2143 πραιπόσιτος,
999 2068 1090 2122 καὶ
1147 2066 1345 2142 εἰσάγει
1391 2065 1552 2121 αὐτὸν
1581 2063 1659 2126 εἷς
1724 2063 1786 2118 τὸ
1832 2056 2004 2117 κιϐώ-

356 2179 498 2235 ριον,
559 2152 682 2222 ἔνθα
739 2156 982 2212 ἵστανται
1039 2157 1090 2211 οἱ
1139 2154 1418 2222 δεσπόται,
1473 2153 1561 2208 καὶ
1601 2153 1786 2208 πίπτει
1829 2150 1904 2213 είς
1943 2151 2006 2206 τὸ

359 2252 587 2326 πφῶτον
615 2244 913 2322 γραδήλιον
944 2246 1035 2301 καὶ
1067 2245 1219 2325 φιλεῖ
1258 2244 1386 2306 τοὺς
1414 2241 1584 2307 πόδας
1639 2246 1748 2297 τῶν
1808 2238 2006 2295 δεσπο-

355 2343 489 2407 τῶν,
544 2337 633 2391 καὶ
686 2335 916 2397 ἀναστὰς
981 2335 1396 2410 ἀπευχαριστεῖ,
1434 2331 1524 2386 καὶ
1598 2329 1818 2401 ἵστησιν
1903 2329 2006 2383 αὐ-

355 2427 500 2483 τὸνὸ
532 2424 890 2500 πραιπόσιτος
930 2423 1006 2486 εἰς
1059 2420 1301 2502 κεφαλήν
1358 2425 1456 2476 105
1519 2421 1770 2493 σεκρέτου
1826 2415 2004 2472 ἐπάνω

357 2517 571 2572 πάντων
620 2519 727 2569 τῶν
764 2512 1090 2589 πατρικίων,
1146 2512 1237 2565 καὶ
1296 2508 1494 2574 εὐθέως
1547 2509 1599 2564 οἱ
1649 2505 2003 2580 σιλεντιάριοι

358 2602 575 2662 ὄπισθεν
610 2608 707 2659 105
763 2601 1015 2677 σεκρὲτου
1074 2598 1218 2656 ἔνθεν
1272 2601 1520 2656 κάκεῖθεν
1543 2597 1821 2674 εἰσάγουσι
1867 2595 2004 2650 κατὰ

356 2696 525 2769 τιμὴν
555 2690 807 2762 ἕκαστον,
837 2691 929 2747 καὶ
979 2690 1266 2746 πίπτουσιν
1326 2686 1627 2764 ἔμπροσθεν
1655 2690 1760 2740 τῶν
1810 2682 2004 2740 δεσπο-

2116 1891 2290 1957 caput
2311 1889 2514 1944 secreti
2534 1907 2710 1958 super
2739 1907 2942 1948 omnes
2966 1893 3238 1964 patricios
3267 1909 3400 1949 eum
3434 1894 3760 1960 constituit,

2119 1991 2184 2031 ac
2206 1975 2402 2032 statim
2424 1977 2732 2034 silentiarii
2757 1985 2883 2051 post
2903 1987 3194 2038 secretum
3219 1981 3482 2055 singulos
3507 2001 3610 2055 pro
3644 2000 3762 2040 suae

2115 2066 2401 2138 dignitate
2433 2069 2754 2137 adducunt,
2787 2073 2886 2144 qui
2921 2074 3088 2144 proni
3119 2075 3178 2129 in
3218 2078 3434 2129 terram
3482 2074 3650 2145 quasi
3699 2075 3760 2130 in

2115 2153 2303 2224 capite
2334 2157 2540 2211 secreti
2572 2159 2890 2227 constituti,
2924 2160 3177 2218 dominis
3207 2161 3420 2233 gratias
3447 2167 3621 2230 agunt
3643 2179 3657 2218 :
3682 2162 3766 2217 sic

2114 2249 2166 2297 et
2199 2243 2466 2300 consules
2500 2251 2852 2318 cmterosque
2879 2265 3066 2320 usque
3098 2251 3170 2304 ad
3204 2255 3564 2320 postremum
3594 2267 3762 2305 sena-

2116 2335 2294 2386 torem
2325 2331 2866 2391 adducunt.Ultimc
2885 2337 3108 2392 domini
3129 2338 3461 2408 praeposito,
3492 2337 3542 2393 is
3567 2338 3766 2393 tunica

2115 2433 2219 2474 sua
2248 2419 2573 2478 silentiario
2603 2421 2664 2479 in
2697 2424 2888 2480 medio
2920 2429 3144 2480 secreto
3171 2425 3494 2481 constituto
3524 2425 3760 2496 signum

2115 2507 2231 2576 dat,
2256 2512 2315 2564 et
2336 2509 2478 2565 dicit
2504 2528 2517 2565 :
2553 2531 2579 2562 ι
2607 2511 2851 2578 Jubete;
2889 2535 2917 2563 ››
2948 2518 3182 2570 senatus
3200 2530 3352 2584 vero,
3386 2537 3414 2565 «
3448 2515 3632 2572 Multa
3661 2516 3762 2572 bo-

2115 2612 2302 2667 naque
2334 2601 2615 2671 tempora,
2649 2624 2677 2652 ‹‹
2711 2603 2967 2658 dominis
2993 2609 3361 2675 apprecatus,
3388 2603 3448 2661 in
3483 2621 3758 2677 processu

2071 2710 2081 2715 -
2113 2684 2369 2741 ecclesiae
2401 2702 2516 2743 una
2546 2706 2676 2746 cum
2709 2691 2962 2747 dominis
2985 2691 3255 2748 discedit.

344 2788 451 2840 τῶν
506 2783 1056 2858 ἀπευχαριστοῦντες,
1123 2778 1198 2843 ὡς
1263 2772 1526 2840 λαϐόντες
1583 2774 1828 2854 κεφαλὴν
1890 2772 2142 2848 σεκρὲτου
2207 2775 2343 2846 (59),
2407 2776 2621 2848 ὁμοίως
2659 2781 2747 2834 καὶ
2819 2777 3058 2842 ὔπάτους
3127 2779 3292 2855 μέχρι
3357 2785 3454 2837 105
3521 2781 3756 2861 ἐσχάτου

343 2879 453 2930 τῶν
509 2871 914 2948 συγκλητικῶν,
981 2871 1101 2934 Εἶθ’
1163 2869 1335 2932 οὕτως
1374 2867 1618 2924 νεύουσιν
1682 2866 1734 2920 οἱ
1801 2861 2055 2919 δεσπόται
2121 2866 2202 2934 τῷ
2268 2869 2915 2942 πραιποσίτῳ,κάκεῖνος
2979 2873 3120 2927 νεύει
3192 2869 3282 2926 διὰ
3315 2879 3417 2942 τῆς
3485 2871 3754 2948 χλανίδος

347 2963 511 3020 αὐτοῦ
538 2964 632 3020 τὸν
662 2961 1026 3040 σιλεντιάριον
1053 2961 1147 3017 τὸν
1179 2961 1383 3016 ἑστῶτα
1417 2960 1578 3032 μέσον
1609 2961 1706 3012 105
1737 2955 2012 3030 σεκρέτου,
2046 2951 2136 3005 καὶ
2168 2951 2334 3029 λέγει’
2381 2980 2410 3009 ‹‹
2448 2957 2767 3030 Κελεόσατε,
2802 2985 2831 3012 ››
2879 2961 2967 3015 καὶ
3017 2960 3305 3035 ἐπεύχεται
3346 2967 3488 3016 πᾶσα
3537 2966 3572 3032 ἡ
3619 2963 3757 3039 σόγ-

346 3053 576 3124 κλητοςο
604 3078 632 3106 ‹‹
665 3052 762 3118 Εἲς
788 3050 1037 3114 πολλοὺς
1064 3051 1157 3106 καὶ
1176 3050 1414 3126 ἀγαθοὺς
1437 3048 1696 3127 χρόνους,
1731 3069 1758 3098 »
1791 3043 1880 3099 καὶ
1898 3043 1946 3079 ³⁸
1968 3043 2216 3096 ἀποκιθεῖ
2235 3041 2288 3097 ἐν
2319 3049 2400 3117 τῷ
2416 3045 2694 3120 προκένσῳ
2720 3055 2822 3118 τῆς
2843 3048 3134 3120 ἐκκλησίας
3158 3045 3269 3123 ἅμα
3295 3055 3412 3112 τοῖς
3442 3048 3752 3114 δεσπόταις.

348 3142 484 3200 Ὅσα
565 3143 644 3200 δεῖ
701 3143 1169 3222 ’παρ-υφυλάττειν
1251 3139 1340 3196 ἐπὶ
1372 3141 1726 3222 ῌπροαγωγῇ

426 3237 615 3291 στρου,
672 3215 720 3271 εἲ
772 3209 983 3272 κελεύει
1039 3213 1200 3270 αὐτὸν
1267 3209 1496 3281 ποιῆσαι
1573 3209 1998 3282 είς’“κυριακήν

431 3289 697 3366 παγανήν.
1476 3349 1489 3364 _

425 3384 506 3436 A'.
542 3377 655 3454 ΙῙρό
713 3380 838 3452 μιᾶς
897 3381 965 3451 τῇ
1025 3375 1160 3450 αὐτῇ
1237 3371 1434 3448 ἑσπέρᾳ
1491 3369 1879 3448 ἀσφαλίζονται
1955 3366 2008 3421 οἱ

351 3474 496 3544 τρεῖς
547 3465 796 3530 πυλῶνες
847 3467 898 3522 οἱ
947 3463 1281 3544 ἐλεφάντινοι
1328 3467 1418 3519 :05
1466 3460 1878 3534 κονσιστωρίου,
1918 3457 2008 3512 καὶ

359 3559 410 3613 οῖ
436 3556 785 3633 ἐξερχόμενοι
817 3554 894 3618 είς
931 3557 1023 3611 τὸν
1079 3555 1342 3629 μάκρωνα
1385 3557 1493 3606 τῶν
1553 3548 1890 3606 κανδιδάτων
1919 3545 2008 3601 καὶ

358 3651 604 3723 κρεμῶσι
669 3645 816 3722 βῆλα
869 3645 946 3709 εἷς
1001 3646 1129 3707 τοὺς
1178 3650 1326 3720 τρεῖς
1401 3644 1684 3712 πυλῶνας,
1763 3642 2014 3718 ἀσφαίζε-

361 3758 448 3791 ται
480 3735 569 3790 καὶ
617 3737 680 3791 16
723 3736 977 3811 τρίθυρον
1026 3738 1123 3789 105
1167 3731 1480 3790 ὁνοποδίου.
1543 3732 1752 3806 ὁμοίως
1810 3733 1899 3787 καὶ
1957 3733 2012 3787 αῖ

363 3825 519 3896 θ·5ραι
574 3828 668 3880 105
727 3821 1014 3901 δέλφακος,
1074 3822 1164 3877 καὶ
1219 3823 1434 3877 ἳσταται
1484 3822 1548 3877 16
1607 3824 1791 3892 σένζον
1835 3822 1908 3884 εἷς
1949 3822 2012 3876 16

361 3909 631 3989 κθϐώριον
652 3918 748 3968 v05
789 3912 1206 3988 κονσιστωρίου,
1259 3913 1347 3967 καὶ
1378 3915 1449 3984 τῇ
1489 3909 1685 3986 ἑσπέρᾳ
1744 3909 2015 3987 φυλάττει

353 4025 449 4076 ,ται
499 4004 604 4060 ὕπὸ
664 4000 1036 4078 σιλεντιαρίων
1095 4001 1185 4056 καὶ
1247 3995 1602 4079 ῖχοσϐαῖτῶν,
1671 3999 1760 4055 καὶ
1839 3996 2016 4061 οὐδεὶς

367 4092 645 4170 διέρχεται
708 4097 778 4166 τῇ
848 4092 1048 4165 ἑσπέρᾳ
1104 4089 1279 4165 ἐκείνῃ
1345 4090 1398 4145 ἐν
1471 4094 1550 4161 τῷ
1618 4088 2016 4165 κονσιστωρίῳ,

365 4183 658 4255 ἱσταμένου
713 4181 807 4237 105
876 4179 1080 4250 σένζου.
1132 4180 1230 4236 Καὶ
1298 4178 1560 4251 μηνόεται
1622 4178 1712 4249 ἀφ’
1791 4179 2018 4252 ἑσπέρας

366 4275 510 4327 πᾶσα
539 4274 574 4342 ἡ
627 4269 958 4346 συγκλητος,
996 4270 1098 4325 ἳνω
1142 4267 1486 4339 προέλθωσιν
1544 4265 1632 4323 ἐπὶ
1677 4266 2016 4343 προελεύσει,

367 4360 460 4415 καὶ
490 4361 552 4415 τὸ
608 4357 758 4434 πρωί
803 4361 917 4433 (60)
966 4360 1011 4394 ³⁷
1061 4355 1322 4413 ἀλλάσσει
1366 4359 1401 4427 ἡ
1463 4355 1776 4434 σύγκλητος
1832 4356 1885 4412 ἐν
1942 4361 2021 4430 τῷ

370 4450 618 4526 μάκρωνι
662 4452 771 4504 τῶν
823 4443 1179 4517 κανδιδάτων,
1228 4447 1320 4502 καὶ
1380 4447 1432 4502 οἱ
1488 4446 1766 4522 πατρίκιοι
1819 4445 2022 4504 ἀλλάσ-

1837 3132 1997 3222 μαγί-
2027 3134 2078 3201 C.
2109 3133 2454 3222 Obseruantia
2504 3141 2563 3194 in
2611 3143 2958 3222 promotione
3003 3145 3278 3222 magistri,
3307 3145 3373 3222 _si
3401 3142 3556 3213 jubet
3597 3159 3763 3215 impe-

2366 3215 2543 3279 rator,
2576 3221 2640 3267 ut
2665 3211 2754 3268 die
2779 3214 2916 3283 festo
2934 3229 3156 3286 pagano
3185 3211 3509 3270 celebretur.

2191 3375 2234 3430 Ι.
2265 3374 2453 3433 Pridie
2490 3376 2618 3448 ejus
2659 3375 2772 3433 diei
2819 3377 3044 3450 vesperi
3088 3382 3207 3435 tres
3265 3379 3530 3436 eburneae
3585 3382 3764 3451 portae

2119 3466 2472 3535 consistorii,
2521 3471 2648 3524 tum
2692 3485 2821 3540 qua:
2861 3469 2932 3525 ad
2976 3485 3306 3527 macronem
3339 3487 3442 3526 seu
3476 3470 3763 3543 porticum

2121 3555 2565 3612 candidatorum
2612 3565 2841 3628 exeunt,
2887 3556 3266 3628 clauduntur,
3308 3559 3436 3616 vela
3465 3560 3524 3614 in
3571 3559 3762 3615 tribus

2123 3645 2307 3716 portis
2337 3647 2795 3717 suspenduntur,
2830 3648 3035 3718 triplex
3083 3649 3261 3719 janua
3302 3649 3572 3720 onopodii
3605 3665 3768 3720 aeque

2121 3749 2187 3788 ac
2217 3739 2395 3804 portae
2426 3734 2727 3806 delphacis
2759 3735 3132 3803 clauduntur,
3166 3737 3418 3794 thronus
3457 3737 3517 3793 in
3549 3738 3766 3792 ciborio

2124 3823 2450 3877 consistorii
2502 3823 2822 3880 collocatur
2876 3833 2930 3881 et
2977 3841 3214 3896 vespere
3258 3843 3292 3881 a
3335 3824 3674 3880 silentiariis
3717 3830 3774 3880 et

2126 3909 2442 3967 chosbaitis
2481 3913 2828 3980 custoditur,
2881 3930 2985 3968 nec
3034 3913 3171 3969 licet
3223 3912 3328 3968 ulli
3370 3913 3480 3969 hac
3511 3929 3768 3984 vespera,

2128 3999 2314 4072 posito
2345 4000 2580 4068 throno,
2613 4001 3018 4058 consistorium
3053 4002 3300 4074 ingredi.
3333 4006 3510 4059 Porro
3547 4005 3772 4074 vesperi

2130 4095 2368 4146 senatus
2393 4091 2609 4158 omnis,
2639 4091 2785 4160 utzin
2809 4092 3176 4160 processione
3208 4092 3467 4161 prodeat,
3492 4092 3770 4158 monitus,

2132 4195 2298 4234 mane
2330 4179 2387 4234 in
2412 4196 2686 4236 mucrone
2704 4179 3173 4248 candidatorum,
3197 4179 3419 4249 patricii
3445 4179 3504 4235 in
3528 4196 3592 4235 eo
3629 4179 3776 4248 loco,

2130 4268 2228 4340 qui
2301 4269 2371 4324 ad
2446 4268 2624 4325 Indos
2680 4274 2944 4337 vocatur,
2978 4267 3253 4340 quoniam
3320 4268 3488 4340 ipsis,
3569 4267 3774 4324 throno

2132 4359 2467 4423 constituto,
2489 4357 2896 4413 consistorium
2923 4357 3136 4413 intrare
3161 4357 3538 4413 interdictum
3561 4363 3667 4427 est,
3691 4373 3779 4412 ve-

2133 4456 2246 4504 stes
2278 4451 2528 4503 mutant.
2550 4446 2612 4502 Si
2635 4462 2772 4502 vero
2794 4445 3012 4502 domini
3036 4446 3094 4502 in
3117 4447 3326 4503 throno
3357 4447 3658 4504 considere
3681 4462 3778 4503 vo-

368 4559 553 4594 σουσιν
599 4539 674 4601 εἰς
715 4537 844 4601 τοὺς
875 4534 1102 4608 Ἰνδοὺς,
1148 4537 1224 4611 μή
1279 4533 1500 4613 ἔχοντες
1559 4533 1739 4592 ἄδειαν
1799 4537 2018 4592 εἰσιέναι

2129 4537 2283 4603 lunt,
2315 4553 2556 4594 coronas
2586 4551 2654 4593 ac
2676 4520 3015 4608 chlamydes
3041 4541 3360 4608 gestantes,
3393 4553 3461 4593 ex
3492 4539 3775 4608 augusteo

371 4628 427 4684 ἒν
467 4633 546 4701 τῷ
596 4628 996 4703 κονσιστωρίῳ,
1038 4626 1332 4700 ἱσταμένου
1381 4630 1476 4681 105
1526 4627 1732 4697 σὲνζου.
1785 4629 1888 4686 Καὶ
1937 4631 2028 4686 ’ὀτε

371 4717 683 4774 κελεόουσιν
742 4719 794 4772 οἱ
855 4715 1114 4772 δεσπόται
1159 4715 1377 4770 καθίσαι
1426 4715 1501 4777 εἰς
1547 4716 1611 4771 16
1661 4718 1838 4786 σένζον
1892 4717 2028 4795 ἐξέρ-

373 4827 569 4884 χονται
618 4806 679 4862 ἐκ
729 4809 826 4862 105
889 4801 1232 4879 αὖγουστέως
1313 4802 1664 4876 ἐστεμμένοι,
1737 4811 2028 4882 φοροῦντες

377 4895 467 4952 καί
519 4895 613 4960 τάς
659 4891 976 4972 χλαμύδας,
1016 4892 1108 4946 καὶ
1154 4896 1428 4965 μυστικῶς
1490 4890 1874 4964 ὀψικευόμενοι
1925 4897 2031 4952 ὑπὸ

376 4990 476 5042 105
534 4979 961 5050 κουϐουκλείου,
1019 4978 1334 5049 καθέζονται
1392 4978 1469 5042 εἰς
1519 4979 1584 5034 τὸ
1646 4976 1850 5054 σένζον,
1895 4985 1923 5038 6
1975 4983 2032 5040 δὲ

2139 4625 2791 4700 prodeunt,etcubiculo
2805 4642 2900 4683 eos
2916 4631 3135 4683 secreto
3148 4627 3551 4692 comitante,in
3568 4627 3783 4682 throno

2139 4716 2466 4785 consident,
2507 4715 2952 4772 cerimoniarius
2999 4732 3130 4772 vero
3179 4720 3339 4772 extra
3382 4725 3579 4789 portas
3613 4718 3786 4772 ebur-

2140 4823 2278 4862 neas
2299 4806 2357 4862 in
2386 4806 2559 4877 longa
2588 4804 2810 4876 porticu
2833 4804 3474 4873 candidatorum,unde
3497 4806 3786 4878 processio

2142 4896 2225 4961 ﬁt,
2263 4894 2386 4951 vela
2433 4893 2874 4965 magistrorum,
2907 4893 3278 4965 patriciorum
3321 4911 3387 4951 ac
3432 4893 3786 4966 reliquorum

2134 4987 2476 5041 senatorum
2499 4982 2754 5038 ordinat.

378 5079 484 5139 τῆς
534 5071 913 5133 καταστάσεως
970 5068 1161 5141 ἔξωθεν
1235 5073 1344 5124 τῶν
1433 5068 1795 5147 ἐλεφαντίνων
1868 5079 2052 5129 πυκῶν
2111 5075 2185 5138 εἷς
2232 5073 2327 5128 τὸν
2385 5071 2645 5145 μάκριυνα
2691 5072 2799 5124 τῶν
2833 5067 3190 5143 κάνδιδάτων,
3242 5067 3364 5128 ἔνθα
3411 5072 3502 5128 καὶ
3553 5075 3588 5143 ἡ
3650 5092 3790 5147 προ-

381 5162 623 5231 ὶλευσις,
649 5159 946 5236 εὑτρεπίζει
976 5159 1040 5214 τά
1068 5157 1331 5233 βῆλαᾶπὸ
1359 5179 1418 5214 τε
1455 5159 1786 5236 μαγίστρων,
1820 5182 2116 5240 πατρικιων
2149 5163 2238 5219 καὶ
2270 5159 2482 5217 λοιπῶν
2515 5157 2926 5236 συγκλητικῶν.

1741 5281 1982 5339 VARUE
2022 5280 2428 5340 LECTIONES.

457 5392 502 5428 “
539 5385 840 5467 γραδήλιον
873 5379 1150 5463 προϐαλλ.
1192 5387 1284 5446 6d.
1365 5386 1409 5423 ’⁸
1437 5383 1596 5448 αὐτὸς
1629 5405 1745 5445 οωο
1780 5390 1870 5446 8d-

719 5815 984 5875 ΡΑτιοι..
1035 5812 1145 5873 Gn.
1190 5808 1372 5872 CXII.

1948 5391 1994 5428 ³⁸
2023 5389 2113 5445 καὶ
2141 5395 2276 5448 ante
2302 5387 2551 5444 ἀποκινεῖ
2575 5404 2691 5445 om.
2727 5389 2855 5446 cod.
2886 5389 3018 5446 add.
3056 5389 3253 5449 Leich.

1447 5495 1651 5555 JOAN.
1691 5495 1833 5553 JAC.
1878 5499 2129 5556 BEISKII
2169 5488 2750 5556 COMMENTARIUS.

435 5609 577 5681 ⁴(59)
613 5609 695 5681 Ut
743 5610 893 5665 nacti
937 5613 1124 5680 caput,
1173 5604 1263 5681 vel
1311 5604 1620 5681 principem
1648 5607 1885 5681 secreti,
1913 5623 2047 5681 _s_eu

393 5676 655 5754 corporis
684 5676 1016 5754 procerum,
1044 5677 1198 5751 quod
1231 5676 1388 5749 apud
1411 5676 1826 5750 imperatorem
1859 5677 1934 5735 ad
1953 5679 2048 5768 de-

3357 5389 3404 5426 ³⁷
3426 5393 3508 5462 τῷ
3537 5386 3669 5464 προί
3709 5389 3801 5446 ed.

2156 5605 2529 5664 liberationes
2560 5604 2904 5662 secretiores
2937 5605 3249 5663 convenire
3279 5605 3446 5664 solet.

2157 5720 2171 5726 -
2230 5679 2342 5749 (60)
2379 5677 2503 5733 Vid.
2541 5681 2659 5733 not.
2695 5677 2762 5732 ad
2808 5692 2862 5749 p.
2899 5676 3020 5733 138.

3413 5804 3487 5860 i6
