4158 6212
429 346 544 406 491

1492 328 2023 391 CONSTANTINI
2067 327 2766 394 PORPHYROGENITi

3715 339 3836 399 492

504 494 572 549 Il.
616 489 994 562 Prepositus,
1040 486 1206 558 signo
1236 503 1269 540 a
1312 482 1569 540 dominis
1610 485 1865 554 accepto,
1917 482 2070 537 foras

2258 462 2312 517 8'
2361 458 2639 534 Λαμϐάνει
2686 469 2855 538 νεῦμα
2902 466 3050 541 παρὰ
3090 469 3197 520 τῶν
3246 463 3521 522 δεσποτῶν
3584 469 3612 523 ὁ
3672 489 3835 544 πραι-

430 597 532 654 per
562 578 815 636 mediam
846 574 1172 633 consistorii
1203 577 1456 645 portam,
1487 589 1522 628 a
1569 572 1794 628 duobus
1824 569 2075 627 ostiariis

430 671 698 739 stipatus,
726 666 1005 738 procedit,
1033 669 1091 720 et
1114 663 1241 719 vela
1266 662 1505 719 adducit
1542 679 1554 717 :
1587 661 1866 734 primum,
1893 659 2074 731 magi-

432 761 613 824 stros;
640 756 985 824 secundum,
1002 752 1303 825 patricios;
1325 752 1584 820 tertium,
1599 749 1869 806 consules
1884 768 1897 817 ;
1913 750 1959 825 _‘I
1973 748 2073 803 88

432 821 727 899 quartum,
753 821 1054 882 comites"
1076 850 1090 894 ;
1110 825 1405 896 quintum,
1428 825 1802 895 exprteiectos
1828 821 2075 876 etduces

430 917 750 987 copiarum.
766 914 903 971 Vela
924 914 1006 970 sic
1030 914 1319 985 completa
1334 921 1641 985 postquam
1666 908 2075 966 consistorium

431 1006 690 1077 ingressa
721 1012 879 1070 sunt,
911 1004 1131 1059 domini
1164 1002 1470 1075 praeposito
1518 1002 1748 1073 signum
1780 998 1941 1067 dant,
1973 996 2075 1069 qui

430 1096 695 1168 magistri
718 1095 1001 1168 dignitate
1022 1093 1352 1151 ornandum
1376 1108 1444 1148 ex
1468 1091 1842 1164 patriciorum
1870 1087 2075 1144 ordine

431 1185 689 1255 adducit,
722 1190 778 1241 et
808 1185 867 1241 in
897 1184 1079 1240 medio
1110 1183 1391 1255 graduum
1421 1179 1954 1253 porphyreticorum
1988 1192 2077 1233 co-

431 1290 555 1330 ram
602 1274 841 1340 ciborio,
877 1273 1086 1328 deinde
1127 1272 1185 1326 in
1217 1271 1387 1327 tertio
1437 1270 1618 1341 gradu
1653 1265 1992 1324 constituit:
2024 1266 2074 1322 is

429 1364 497 1420 ad
529 1363 840 1420 scabellum
877 1363 1065 1419 throni
1110 1362 1457 1434 procumbit,
1492 1362 1786 1433 pedesque
1816 1362 1872 1415 et
1900 1357 2073 1413 ambo

427 1471 615 1524 genua
648 1453 837 1525 magni
878 1452 1245 1524 imperatoris
1276 1467 1439 1523 :rque
1468 1467 1533 1506 ac
1565 1449 1807 1505 minoris
1840 1445 2073 1504 oscula-

425 1549 544 1611 tus,
579 1546 764 1615 surgit
794 1547 850 1598 et
873 1542 1148 1613 expansis
1182 1542 1457 1597 manibus
1490 1539 1828 1595 slicbarium
1862 1545 1916 1593 et
1946 1534 2072 1592 bal-

427 1636 585 1687 teum
620 1648 653 1686 a
684 1630 940 1686 dominis
971 1630 1203 1701 accipit.
1228 1629 1391 1685 Tunc
1446 1644 1570 1683 eum
1598 1626 1970 1698 prepositus,
2007 1623 2070 1679 in

421 1720 731 1776 hibernum
766 1720 1175 1775 consistorium
1208 1720 1545 1783 deductum,
1577 1715 1849 1772 stichario
1880 1713 2072 1770 induit

422 1814 478 1865 et
508 1808 697 1865 balteo
722 1809 920 1878 cingit,
937 1808 1140 1879 sicque
1162 1808 1233 1863 ad
1266 1808 1446 1902 pedes
1464 1805 1833 1902 dominorum
1858 1801 2068 1902 consti-
2102 1835 2150 1902 Β

420 1897 622 1964 tuitur,
673 1913 839 1967 quos,
876 1900 935 1951 ut
974 1897 1251 1967 primum,
1288 1894 1608 1959 osculatus,
1660 1894 1805 1964 ipsis
1854 1891 2075 1963 gratias

423 1984 563 2055 agit.
598 1984 762 2040 Tunc
792 2001 927 2040 eum
968 1986 1313 2056 praepositus
1345 1985 1402 2039 in
1434 1983 1621 2054 capite
1651 1981 1854 2038 secreti
1887 1979 2062 2052 patri-

426 2072 645 2127 ciorum
695 2073 1014 2143 constituit,
1061 2079 1117 2129 et
1164 2074 1534 2129 adducuntur
1581 2070 1805 2144 patricii
1854 2084 2068 2135 omnes,

428 2161 767 2218 silentiariis
799 2163 1020 2233 stipati,
1054 2167 1110 2218 et
1148 2163 1359 2234 gratias
1401 2166 1603 2232 agunt,
1646 2163 1818 2231 caput
1864 2158 2071 2215 secreti

429 2250 597 2321 quasi
618 2256 903 2307 tenentes.
926 2251 1295 2307 Silentiarius
1322 2255 1537 2315 autem,
1556 2249 1616 2305 in
1635 2248 1824 2305 medio
1848 2252 2071 2304 secreto

427 2344 809 2411 constitutus,
863 2346 1075 2397 nutum
1115 2360 1147 2396 a
1180 2342 1487 2413 praeposito
1520 2341 1751 2412 accipit,
1793 2344 1850 2395 et
1882 2338 2022 2394 dicit
2055 2353 2070 2393 :

428 2452 456 2481 ι(
478 2430 715 2499 Jubete;
741 2455 771 2481 ››
793 2439 1053 2499 senatus,
1070 2454 1098 2481 ι(
1126 2430 1302 2488 Multa
1320 2447 1385 2488 ac
1412 2430 1602 2487 felicia
1622 2436 1897 2500 tempora,
1922 2451 1949 2478 »
1978 2444 2073 2499 ap-

427 2529 715 2593 precatur,
730 2528 783 2576 et
801 2522 881 2577 sic
900 2521 958 2576 in
983 2537 1313 2577 macronem
1328 2522 1762 2577 canditatorum
1789 2536 1851 2575 se
1867 2520 2071 2575 conte—-

428 2617 585 2681 runt,
608 2611 967 2667 silentiarius
1006 2614 1248 2669 missam
1284 2613 1403 2668 dat.
1436 2613 1749 2667 Promotus
1783 2611 1854 2664 ad
1890 2609 2070 2682 magi-

427 2702 529 2756 stri
559 2701 897 2772 dignitatem
920 2702 990 2755 ad
1022 2701 1194 2756 Indos
1227 2700 1475 2756 discedit
1496 2714 1823 2771 sagumquo
1850 2715 2067 2771 purpu-

425 2805 589 2846 reum
606 2806 781 2860 supra
796 2790 1141 2846 sticharium
1159 2806 1333 2845 suum
1350 2789 1561 2859 induit,
1577 2790 1891 2861 et;domum
1907 2788 2063 2845 abit:

425 2896 551 2950 qua:
583 2880 631 2935 si
664 2880 930 2951 proxima
959 2878 1175 2950 palatio
1206 2882 1318 2945 est,
1351 2893 1637 2950 proceres,
1676 2878 1982 2933 domestici
2014 2885 2069 2933 et

425 2968 692 3025 scholarii
712 2968 955 3039 pedites,
972 2967 1210 3023 scutarii
1239 2968 1487 3033 numeri,
1509 2966 1751 3023 diaetarii
1776 2971 1834 3022 et
1862 2966 2067 3023 decani

424 3073 557 3114 eum
588 3063 936 3130 sequuntur,
964 3058 1057 3115 sin
1087 3057 1383 3125 remotior,
1414 3056 1615 3129 iidem,
1646 3058 1898 3129 exceptis
1930 3073 2067 3131 pro-

424 3150 675 3218 ceribus,
707 3151 1080 3205 comitantur.
1129 3148 1569 3204 Observandum
1602 3164 1732 3203 vero
1788 3153 1897 3216 est,
1931 3163 2066 3203 eum

424 3241 567 3297 festo
591 3255 823 3311 quoque
845 3238 957 3309 die,
984 3238 1031 3294 si
1058 3243 1362 3310 promotus
1385 3242 1493 3304 est,
1520 3236 1608 3292 his
1624 3237 2065 3306 comitantibus,

424 3331 661 3382 domum
700 3328 927 3384 reverti.

2183 549 2403 612 πόσιτος
2459 551 2550 607 καὶ
2596 552 2873 632 ἐξέρχεται
2918 551 3019 624 ἔξω
3070 551 3161 609 διὰ
3221 559 3316 611 τοῦ
3372 554 3543 628 μέσου
3574 555 3834 619 πυλῶνος

2182 645 2279 693 τοῦ
2336 642 2748 717 κονσιστωρίου,
2808 642 3198 717 όψικευόμενος
3237 645 3339 699 ὑπὸ
3386 642 3482 699 δύο
3517 644 3832 721 όστιαρίων,

2183 730 2272 782 καὶ
2303 728 2500 804 εἰσάγει
2535 731 2709 804 βῇλον
2729 732 2794 801 α’,
2838 732 3171 807 μαγίστρους
3205 735 3272 789 ³⁸.
3308 732 3482 809 βῆλον
3516 734 3584 809 β“,
3646 756 3834 811 πατρι-

2184 815 2359 880 λίουςο
2398 817 2571 893 βῆλον
2612 821 2681 895 γ’,
2738 822 2865 883 τοὺς
2926 821 3183 883 ὑπάτους·
3255 820 3432 898 βῆλον
3493 820 3557 893 δ’,
3588 825 3716 885 τοὺς
3748 825 3840 878 κό-

2187 927 2368 980 μητασ
2406 908 2641 981 σεκόρων
2698 911 2808 982 (61)
2849 910 2913 965 ²⁹.
2964 908 3144 984 βῆλον
3205 912 3261 979 ε’,
3316 912 3445 974 τοὺς
3501 911 3609 966 ἀπὸ
3666 911 3834 986 ἐπάρ-

2184 1014 2300 1071 χων
2355 998 2443 1051 καὶ
2496 996 2890 1071 στρανηλάτας.
2940 999 3038 1052 Καὶ
3103 999 3194 1076 ἀφ’
3263 1000 3324 1055 οὗ
3387 999 3728 1070 πληρωθῶσι
3786 1002 3835 1037 ³⁰

2182 1085 2250 1139 τὰ
2310 1084 2456 1160 βῆλσ
2522 1086 2610 1140 καὶ
2667 1085 2985 1151 εἰσέλθωσιν
3052 1084 3204 1143 ἔνδον
3265 1086 3363 1144 τοῦ
3418 1090 3834 1164 κονσιστωρίου,

2183 1174 2423 1229 νεύουσιν
2484 1176 2535 1230 οἱ
2589 1173 2844 1231 δεσπόται
2900 1180 2979 1248 τῷ
3036 1176 3404 1251 πραιποσίτῳ,
3454 1178 3544 1233 καὶ
3631 1179 3837 1255 εἰσάγει

2182 1263 2274 1317 τὸν
2300 1260 2590 1341 ὀφείλοντα
2617 1259 3002 1338 προϐληθῆναι
3045 1266 3343 1341 μάγιστρον
3376 1264 3435 1321 ἐκ
3499 1287 3592 1341 τῃς
3632 1266 3833 1337 τάξεως

2183 1356 2291 1406 τῶν
2339 1352 2657 1426 πατρικίων,
2708 1353 2797 1408 καὶ
2850 1352 2996 1431 φέρει
3052 1353 3213 1410 αὐτὸν
3264 1353 3428 1428 μέσον
3465 1360 3571 1411 τῶν
3621 1377 3831 1434 πορφυ-

2184 1444 2291 1514 ρῶν
2328 1440 2645 1518 γραδηλίων
2711 1439 3012 1520 ἔμπροσθεν
3054 1447 3155 1498 τοῦ
3225 1440 3516 1518 κιϐωρίου,
3569 1445 3659 1500 καὶ
3709 1446 3835 1500 ἀνα-

2184 1530 2330 1609 φέρει
2379 1531 2539 1585 αὐτὸν
2592 1530 2669 1593 εἷς
2734 1533 2796 1586 τὸ
2858 1532 3043 1607 τρίτον
3112 1530 3439 1608 γραδήλιον,
3500 1534 3591 1588 καὶ
3645 1535 3834 1590 πίπτει

2181 1618 2481 1693 ἔμπροσθεν
2511 1624 2607 1675 τοῦ
2650 1619 2952 1676 ὑποποδίου
2996 1625 3094 1676 τοῦ
3125 1621 3332 1692 σένζου,
3374 1622 3464 1677 καὶ
3505 1622 3658 1700 φιλεῖ
3701 1624 3831 1687 τοὺς

2180 1706 2350 1763 πόδας
2409 1714 2505 1763 τοῦ
2559 1709 2805 1784 μεγάλου
2854 1708 3115 1766 δεσπότου
3164 1712 3256 1766 καὶ
3302 1712 3368 1766 τὰ
3440 1710 3534 1766 δύο
3600 1714 3828 1786 γόνατα,

2180 1798 2391 1871 ὁμοίως
2446 1797 2679 1853 καὶτοῦ
2743 1804 2962 1873 μικροῦ,
3028 1800 3118 1854 καὶ
3187 1801 3410 1862 ἀναστὰς
3483 1797 3653 1855 ἁπλοῖ
3715 1801 3814 1863 τὰς

2182 1892 2371 1965 χεῖρας
2406 1887 2495 1941 καὶ
2550 1883 2819 1960 λαμϐάνει
2867 1888 3014 1963 παρᾶ
3059 1893 3167 1944 τῶν
3221 1886 3491 1944 δεσποτῶν
3534 1890 3596 1944 τὸ
3630 1891 3828 1965 στιχά-

2185 1997 2297 2052 ριον
2346 1977 2437 2032 καὶ
2506 1978 2569 2032 τὸ
2633 1976 2931 2053 βαλτίδιον.
2983 1979 3089 2034 Καὶ
3131 1978 3330 2053 εἰσάγει
3382 1978 3541 2034 αὐτὸν
3592 1980 3620 2033 ὁ
3668 1999 3831 2053 πραι-

2181 2068 2410 2130 πόσιτος
2462 2065 2516 2121 ἒν
2564 2072 2643 2139 τῷ
2702 2072 2997 2145 χειμερινῷ
3056 2067 3455 2143 κονσιστωρίῳ,
3516 2069 3604 2123 καὶ
3663 2065 3829 2124 ἐνδύει

2182 2154 2339 2211 αύτὸν
2373 2156 2435 2211 τὸ
2466 2157 2750 2233 στιχάριον
2782 2158 2872 2212 καὶ
2915 2159 3172 2227 ζώννυσιν
3201 2157 3367 2212 αὐτὸν
3418 2159 3481 2212 τὸ
3525 2155 3828 2230 βαλτίδιον,

2181 2246 2269 2300 καὶ
2321 2246 2412 2301 εἷθ’
2463 2245 2636 2309 οὕτως
2678 2247 2973 2324 προσφέρει
3022 2246 3181 2302 αὐτὸν
3250 2248 3385 2321 πρὸς
3460 2247 3588 2307 τοὺς
3657 2245 3829 2309 πόδας

2181 2340 2286 2391 τῶν
2317 2335 2614 2405 δεσποτῶν,
2646 2336 2735 2393 καὶ
2788 2344 2941 2414 φιλεῖ
2985 2337 3111 2400 τοὺς
3160 2335 3350 2407 πόδας,
3395 2338 3475 2400 ὡς
3522 2339 3585 2393 τὸ
3638 2339 3829 2411 πρότε-

2183 2446 2295 2501 ρον,
2346 2424 2763 2504 ἃπευχαριστῶν
2829 2427 2958 2490 τοὺς
3021 2425 3305 2488 δεσπότας.
3357 2426 3456 2482 Καὶ
3506 2421 3691 2481 λαϐὼν
3728 2426 3825 2481 αύ-

2180 2516 2271 2571 τὸν
2326 2516 2353 2571 ὁ
2409 2517 2766 2591 πραιπόσιτος
2809 2515 3025 2588 ἵστησιν
3089 2516 3249 2571 αὐτὸν
3309 2516 3386 2579 εἷς
3443 2515 3685 2593 κεφαλὴν
3727 2519 3825 2571 τοῦ

2182 2604 2433 2680 σεκρέτου
2488 2611 2596 2661 τῶν
2638 2606 2956 2680 πατρικίων,
3015 2608 3103 2662 καὶ
3195 2607 3503 2682 εἰσάγονται
3575 2605 3681 2661 ἀπὸ
3764 2625 3825 2661 τε

2180 2694 2476 2770 πατρικίων
2536 2694 2702 2770 μέχρι
2731 2702 2841 2751 τῶν
2900 2696 3164 2773 ἐσχάτων,
3196 2697 3553 2772 κρατούμενοι
3594 2695 3697 2750 ὑπὸ
3739 2715 3824 2749 σι-

2180 2783 2518 2860 λεντιαρίων,
2564 2786 2653 2840 καὶ
2708 2785 3222 2862 ἀπευχαριστοῦσιν,
3271 2786 3349 2847 ὡς
3415 2780 3677 2846 λαϐόντες
3733 2803 3830 2839 κε-

2180 2877 2359 2955 φαλὴν
2418 2877 2689 2953 σεκρέτου.
2746 2880 2809 2936 Ὀ
2868 2878 2926 2933 δὲ
2984 2878 3369 2953 σιλεντιάριος,
3431 2879 3597 2940 ἑστὼς
3657 2877 3822 2951 μέσον

2176 2974 2273 3024 τοῦ
2312 2969 2585 3045 σεκρὲτου,
2633 2966 2898 3045 λαμϐάνει
2955 2975 3129 3044 νεῦμα
3184 2971 3330 3047 παρὰ
3385 2974 3481 3026 τοῦ
3528 2973 3829 3045 πραιποσί-

2176 3079 2278 3113 του
2307 3059 2396 3114 καὶ
2440 3058 2604 3136 λέγει·
2635 3083 2656 3111 ι
2692 3060 3050 3131 Κελεύσατε,››
3078 3058 3169 3116 καὶ
3200 3057 3488 3135 ἐπεύχεται
3514 3061 3548 3129 ἡ
3584 3058 3830 3137 σύγκλη-

2181 3168 2293 3210 τος·
2322 3172 2351 3199 ‹‹
2383 3149 2477 3211 Εἰς
2504 3147 2752 3211 πολλοὺς
2776 3150 2867 3205 καὶ
2898 3149 3132 3226 ἀγαθοὺς
3176 3149 3433 3228 χρόνους,
3468 3173 3497 3201 ››
3536 3150 3624 3205 καὶ
3675 3147 3833 3224 ἐξίρο

2182 3255 2371 3312 χονται
2409 3236 2461 3292 ἐν
2507 3242 2586 3310 τῷ
2619 3241 2866 3314 μάκρωνι
2904 3243 3010 3293 τῶν
3042 3235 3398 3309 κανδιδάτων,
3449 3237 3539 3292 καὶ
3584 3234 3829 3293 δίδονται

2183 3326 2363 3399 μίνσαι
2422 3326 2569 3401 παρᾶ
2632 3330 2729 3382 τοῦ
2789 3325 3172 3402 σιλεντιαρίου.
3232 3327 3293 3385 Ὁ
3358 3324 3415 3382 δε
3486 3320 3828 3398 προϐληθεὶς

426 3416 719 3488 μάγιστρος
786 3413 1059 3487 ἐξέρχεται
1128 3412 1204 3476 εἰς
1267 3412 1394 3475 τοὺς
1455 3410 1675 3482 Ἰνδοὺς,
1731 3411 1821 3466 καὶ
1880 3410 2142 3469 ἀλλάσσει
2203 3415 2383 3491 σαγίον
2448 3414 2711 3487 ἀληθινὸν
2770 3419 2949 3472 ἑπάνω
3007 3420 3106 3473 τοῦ
3139 3415 3430 3494 στιχαρίου
3491 3415 3677 3487 αὐτοῦ,
3735 3415 3828 3471 καὶ

420 3502 702 3580 ἀναχωρεῖ
740 3502 817 3565 εἰς
872 3502 962 3556 τὸν
1021 3500 1167 3556 οἷκον
1201 3501 1387 3573 αὑτοῦ,
1445 3500 1535 3555 καὶ
1594 3499 1644 3555 εἴ
1704 3501 1801 3574 μὲν
1853 3498 1965 3556 ἔστι
2022 3501 2344 3575 πλησιάζων
2401 3510 2479 3578 τῷ
2537 3504 2790 3580 παλατίῳ
2848 3508 2876 3562 ὁ
2938 3506 3087 3570 οἶκος
3146 3504 3673 3581 αύτοῢ,όψικεύεται
3718 3504 3824 3560 ὑπὸ

423 3591 805 3663 ἀξιωματικῶν
834 3592 925 3646 καὶ
956 3587 1290 3663 δομεστίκων
1339 3587 1561 3645 πεδίτου
1618 3589 1707 3644 καὶ
1751 3589 2089 3665 [σχολαρίων
2136 3591 2357 3650 πεδίτου
2414 3598 2530 3669 (62)
2568 3596 2659 3651 καὶ
2710 3595 3045 3672 σκουταρίων
3090 3594 3187 3653 τοῖ’)
3240 3597 3474 3673 ἀριθμοῦ
3531 3596 3620 3651 καὶ
3681 3594 3827 3651 διαι-

417 3682 620 3756 ταρίων
725 3683 815 3736 καὶ
914 3679 1169 3739 δεκανῶν·

423 3775 506 3831 ὃτι
538 3775 627 3830 καὶ
657 3773 711 3829 ἐν
736 3775 919 3848 ὲοστῇ,
952 3776 1038 3830 ἐὰν
1072 3768 1389 3847 προϐληθῇ,
1422 3771 1595 3835 οὕτως
1628 3773 1927 3850 ἀναχωρεῖ.

1007 3866 1239 3923 CAPUT
1279 3865 1498 3921 XLVII.

430 3958 780 4017 Obseruando
812 3958 875 4014 in
902 3959 1244 4031 promotione
1271 3956 1507 4031 patricii
1534 3956 1801 4013 senatoris
1828 3966 1881 4014 et
1910 3955 2070 4013 mili-

1039 4034 1158 4086 tum
1182 4029 1447 4101 pra/ccli.

498 4195 540 4250 Ι.
578 4194 766 4251 Pridie
804 4192 983 4248 unius
1013 4191 1128 4247 diei
1166 4205 1512 4262 responsum
1557 4189 2070 4261 datur,omnieque

424 4289 660 4339 senatus
679 4286 970 4352 monetur,
992 4280 1128 4337 utin
1153 4277 1487 4335 mutatoriis
1521 4277 1818 4348 procedat:
1838 4278 1887 4333 is
1903 4294 2070 4335 mane

1277 3682 1323 3736 ei.
1426 3679 1483 3735 δὲ
1555 3680 1669 3736 ἐστι
1748 3681 2005 3755 μηκόθεν,
2065 3685 2119 3738 οἱ
2193 3685 2347 3740 αὐτοὶ
2424 3685 2544 3741 ἄνευ
2599 3691 2705 3742 τῶν
2765 3686 3171 3762 ἀξιωματικῶν.
3212 3688 3338 3763 Χρή
3402 3684 3461 3741 δὲ
3534 3685 3822 3763 γινώσκειν

2803 3871 3063 3928 ΚΕΦΑΛ.
3083 3871 3214 3928 MZ'.

2179 3958 2320 4031 Ὅσα
2384 3953 2504 4038 ,δεῖ
2602 3956 3236 4038 παραφυλάττεινηὼέπι
3323 3960 3635 4038 ’προαγωγῇ
3725 3979 3832 4038 πα-

2249 4028 2460 4104 τρικίου
2560 4028 2927 4105 συγκλητιγοῦ
3029 4032 3145 4103 (63)
3246 4028 3388 4085 καῖ’
3463 4028 3835 4105 στρατηγοῦν-

2249 4122 2312 4156 το
2352 4143 2366 4158 .

2249 4122 2345 4249 A'.‘
2390 4192 2504 4264 Πρὸ
2555 4194 2680 4263 μιᾶς
2737 4187 2943 4246 δίδοται
3002 4190 3311 4261 ἀπόκρισις,
3381 4192 3472 4245 καὶ
3563 4188 3828 4264 μηνύεται

2179 4281 2322 4333 πᾶσα
2377 4280 2412 4347 ἡ
2473 4278 2797 4353 σύγκλητος,
2851 4276 2943 4334 ’ίνα
3002 4277 3241 4354 προέλθῃ
3303 4279 3437 4351 μετᾶ
3466 4279 3815 4354 ἇλλαξίμων,

1778 4367 2017 4423 VARI/FS
2058 4369 2474 4426 LECTIONES.

494 4462 538 4535 ξε
564 4459 747 4535 βῆλκ,
767 4468 811 4535 α’
846 4456 1321 4535 μαγίστρρυςχκᾳὶ,
1346 4456 1397 4529 β’
1415 4457 1507 4513 ed.
1577 4455 1920 4535 ’θ-σεκόρων,
1980 4459 2327 4535 vocabulum
2380 4460 2611 4535 incertae
2656 4458 3101 4535 significationis
3148 4457 3277 4535 cod.
3319 4459 3379 4514 h.
3411 4457 3449 4515 l.

3513 4460 3732 4531 praebet
3771 4463 3831 4516 et

423 4529 577 4588 infra
607 4551 662 4603 p.
689 4534 812 4587 237.
847 4529 1014 4605 ltet
1034 4532 1101 4583 12
1132 4529 1403 4605 beicbius
1433 4543 1501 4605 εξ
1526 4529 1865 4605 conjectura
1896 4536 1981 4585 ter
2011 4534 2259 4605 σακρῶνη
2273 4531 2452 4605 semel
2483 4536 2673 4605 autem
2708 4529 2971 4605 egxpéwv
3004 4530 3325 4603 rescripsit.
3361 4529 3674 4602 utrumque
3694 4532 3833 4603 jure

422 4596 793 4676 improbante
822 4602 1077 4658 Reiskio.
1153 4600 1197 4635 ³ο
1230 4597 1501 4671 πληρωθῇ
1536 4596 1977 4662 Θό.ἐῖσὲλθωσιν
2011 4596 2389 4671 8.,ἐἰσελθὼν
2424 4603 2575 4669 cod,
2610 4596 2863 4669 εἰσῆλθον
2896 4604 2987 4660 ed.

1463 4686 1662 4742 JOAN.
1704 4687 1848 4745 JAC.
1892 4691 2153 4747 REISKII
2194 4689 2787 4747 COMMENTARIUS.

495 4781 608 4851 (61)
648 4779 796 4843 Quid
846 4780 922 4835 sit
970 4776 1228 4852 σεκόρων,
1284 4791 1377 4852 me
1419 4790 1533 4831 non
1584 4777 1811 4848 assequi
1846 4777 2071 4852 fateor;
2105 4782 2151 4846 Ι)
2182 4778 2327 4852 mini
2364 4794 2484 4852 _me
2540 4778 2882 4852 candidatos
2958 4782 3061 4834 aut
3118 4779 3471 4852 domesticos
3529 4793 3832 4852 sacrarum

425 4848 611 4923 neque
666 4858 861 4907 tamen
922 4848 1231 4908 assensum
1291 4848 1448 4923 dare,
1499 4852 1600 4923 aut
1659 4850 2068 4923 auctoritatem

426 4920 747 4981 Lei'cbianaa
807 4924 1158 4995 conjectura:
1209 4921 1445 4993 σακρῶν,
1492 4920 1597 4995 _cui
1655 4920 1779 4991 ipse
1836 4922 2067 4995 diiiidit,

425 4991 931 5067 quandoquidem'
961 5013 1015 5065 p.
1068 4995 1189 5049 139.
1250 4991 1616 5067 Αᾴ-σεκρέτων
1670 5008 1773 5063 pro
1831 4993 2068 5067 σεκόρων

424 5064 749 5131 substituit,
782 5064 1043 5122 astruere
1071 5068 1249 5121 valeo.
1297 5064 1744 5118 Obtinuerintne
1775 5065 1921 5119 seris
1955 5064 2067 5120 illis

424 5140 783 5208 temporibus
816 5138 1057 5193 comites
1101 5150 1396 5208 sacrarum
1431 5133 1796 5208 largitionem
1829 5136 1901 5208 _in
1935 5135 2067 5208 aula

426 5204 758 5281 Byzantina,
802 5209 961 5264 valde
1012 5208 1211 5263 dubito
1245 5225 1259 5273 ;
1292 5204 1455 5275 item,
1502 5204 1735 5281 nudene
1792 5206 1875 5261 sic
1928 5207 2065 5281 dicti

424 5277 633 5336 fuerint
679 5298 985 5348 sacrarum,
1028 5296 1130 5351 pro
1167 5292 1451 5351 sacrarum
1495 5277 1856 5351 largitionum
1891 5277 2064 5351 comi:

418 5357 500 5407 te:
534 5369 547 5407 :
582 5356 734 5423 quod
770 5347 1005 5423 quidem
1028 5347 1197 5421 _apud
1233 5347 1482 5423 Latinos
1506 5348 1563 5423 l_n
1597 5363 1705 5401 usu
1735 5350 2062 5423 erat,_apu_d

420 5417 647 5479 Graecos
678 5417 869 5480 autem
904 5424 1030 5477 ideo
1060 5417 1175 5477 non
1198 5419 1427 5473 videtur
1457 5417 1651 5483 fuisse,
1684 5419 1833 5487 quod
1868 5417 2063 5473 illici-

419 5513 551 5570 κρας
624 5495 985 5570 appellarent
1036 5488 1720 5570 imperatorumledicta.
1781 5490 2061 5570 Praaterea

418 5560 532 5623 n'on
577 5560 741 5629 erant
791 5566 986 5638 plures
1014 5560 1260 5638 comites
1299 5560 1705 5638 largitionum,
1733 5562 1830 5616 sed
1867 5576 2057 5632 unus;

418 5656 604 5710 neque
627 5631 808 5695 etiam
824 5642 941 5693 tam
976 5637 1137 5710 viles,
1159 5639 1221 5691 ut
1238 5632 1469 5710 bypatjs
1496 5631 1842 5704 posteriores
1863 5631 2060 5692 essent

2182 4848 2560 4921 largitionum
2636 4849 2870 4921 legisse,
2931 4867 3081 4921 quos
3149 4850 3360 4907 Latina
3433 4848 3835 4921 interpretatio

2180 4938 2236 4993 p.
2265 4922 2364 4975 139
2385 4923 2769 4977 commendat.
2804 4921 2944 4977 Mihi
2978 4922 3209 4993 quidem
3247 4939 3318 4977 ne
3352 4921 3665 4992 probabilis
3694 4921 3830 4992 qui-

2178 4993 2312 5049 dem
2359 4994 2693 5064 conjectura
2734 4996 3025 5049 succurrit
3053 4994 3123 5049 de
3172 5010 3373 5064 sensu,
3403 4998 3504 5048 aut
3548 4993 3824 5048 emenda-

2177 5067 2355 5148 tione,
2390 5063 2587 5148 siqua
2616 5082 2759 5148 opus
2784 5072 2891 5125 est,
2925 5064 3190 5148 vocabuli
3222 5063 3479 5148 σεκρρῳν.
3555 5142 3564 5148 Δ
3805 5131 3818 5146 ο

2247 5138 2359 5207 (62)
2392 5136 2631 5192 Videtur
2654 5136 2806 5192 idem
2838 5152 2967 5193 esse
2987 5142 3161 5208 atque
3192 5140 3491 5208 peditatus,
3515 5142 3574 5190 et
3604 5136 3820 5208 opponi

2176 5206 2514 5280 domesticis
2537 5216 2595 5263 et
2625 5208 2930 5264 scholariis
2961 5206 3278 5280 equitatus,
3302 5207 3389 5280 vel
3421 5206 3817 5280 equestribus.

2174 5277 2508 5350 Domestici,
2545 5280 2689 5335 alias
2735 5277 3088 5350 protectores
3140 5277 3491 5335 domesticis
3521 5277 3825 5347 (deinceps

2172 5348 2448 5404 ειΙιοιανὶἰ
2472 5351 2636 5417 dicti,
2670 5348 2907 5406 nomine
2938 5351 3237 5407 domestici
3276 5353 3332 5406 in
3357 5350 3615 5419 ipsorum
3650 5356 3827 5419 caput

2172 5365 2445 5404 srnmam
2472 5365 2636 5417 arcu,
2670 5365 2907 5406 nomine
2938 5365 3237 5407 domestici
3276 5367 3332 5406 in
3357 5365 3615 5419 ipsorum
3650 5365 3717 5404 ca
3761 5365 3823 5403 ut

2171 5427 2225 5493 ot
2260 5421 2588 5491 praefectum
2613 5426 2998 5489 transeunte),
3022 5422 3312 5493 geminam
3340 5365 3823 5493 habebantscgo-

2170 5488 2313 5565 lam,
2346 5495 2840 5565 unampeditum,
2865 5488 3107 5565 alteram
3141 5494 3441 5565 equitum;
3474 5491 3594 5547 vid.
3623 5488 3825 5549 Vales.

2169 5564 2457 5637 aziAmm.
2494 5562 2745 5621 Marcell.
2779 5562 2957 5637 p.752.
2990 5564 3050 5619 Β.

2237 5636 2352 5718 (ϐξ)
2383 5630 2897 5718 Opponuntur'hic
2926 5632 3154 5718 patricii
3185 5634 3458 5718 curiales,
3487 5632 3585 5706 qui
3618 5632 3689 5688 ad
3717 5630 3819 5701 τήν

416 5718 473 5770 et
504 5702 823 5776 stratelatis
862 5702 1607 5784 equipararentu’rLNeque
1640 5720 1900 5780 unquam
1932 5722 2056 5766 me-
2166 5702 2489 5786 σύγκλητον,
2504 5711 2773 5766 senatum
2789 5702 3662 5781 regni,pertinebant,proceres
3680 5720 3819 5764 con-
