4158 6212
446 314 563 376 495

1488 307 1940 369 CONSTANTI
1953 306 2023 366 NI
2067 307 2768 370 PORPHYROGENITI

3729 312 3852 373 496

436 451 666 505 motum
701 444 1010 517 patricium
1037 442 1093 498 in
1122 441 1377 497 medium
1407 446 1694 497 secretum
1728 443 2015 514 perducit,
2047 460 2062 497 ε

2189 439 2453 509 κάκεῖθεν,
2504 441 2749 496 νεύουσιν
2805 442 2857 495 οἱ
2907 436 3159 496 δεσπόται
3197 444 3279 513 τῷ
3326 441 3697 515 πραιποσίτῳ,
3752 445 3845 499 καὶ

437 535 719 608 magistro
733 533 1179 590 cerimoniarum
1203 529 1434 601 alioque
1455 529 1778 587 silentiario
1796 532 2073 604 stipatus:

431 625 595 695 sique
626 639 781 679 unus
812 626 923 687 est,
956 626 1055 677 aut
1088 620 1201 675 duo
1242 627 1448 688 tresve,
1480 635 1709 690 omnes,
1740 619 2078 675 silentiariis

431 713 650 785 stipati,
677 728 795 768 una
815 708 1368 779 intrant,candidati
1393 708 1573 765 semel
1597 725 1657 765 se
1678 713 2077 782 prosternunt,

432 805 490 856 et
507 800 734 872 primus
756 814 956 856 eorum
978 799 1049 853 ad
1074 796 1395 854 scabellum
1419 796 1794 853 dominorum
1815 796 2078 870 perduci-

430 898 527 947 tur
551 912 566 961 ;
590 891 640 947 is
674 890 849 963 pedes
872 894 929 947 et
959 890 1130 947 ambo
1152 905 1344 963 genua
1366 890 1564 962 magni
1598 906 1664 946 ac
1694 889 1940 945 minoris
1962 888 2073 945 im-

430 981 714 1053 peratoris
766 979 1083 1050 osculatus,
1133 978 1341 1052 surgit,
1381 983 1438 1034 et
1477 979 1751 1051 expansis
1802 977 2073 1034 manibus

430 1070 725 1127 codicillos
754 1087 787 1127 a
827 1069 1082 1127 dominis
1114 1068 1347 1140 accipit,
1380 1084 1702 1140 eorumque
1741 1084 1950 1125 manus
1990 1084 2074 1124 os-

429 1160 680 1218 colatur.

2189 530 2217 583 6
2276 531 2633 604 πραιπόσιτος
2678 535 2760 604 τῷ
2804 536 2904 600 τῆς
2953 533 3000 567 ³⁸
3046 529 3445 602 καταστάσεως,
3495 530 3587 586 καὶ
3633 532 3843 607 ἐπαίρει

2188 620 2216 674 6
2272 627 2371 689 τῆς
2441 623 2817 683 καταστάσεως
2887 624 3023 694 μετὰ
3076 624 3174 676 τοῦ
3223 619 3689 698 σεκουνδηκηρῖου
3754 625 3847 680 τὸν

2186 704 2644 784 προϐαλλόμενον
2702 710 3010 783 πατρίκιον,
3077 709 3167 765 καὶ
3245 711 3460 765 ’ἰσταται
3523 711 3685 783 μέσον
3744 718 3844 769 τοῦ

2187 800 2458 873 σεκρὲτου,
2490 800 2862 874 κρατούμενος
2899 800 3002 854 ὑπὸ
3045 804 3145 854 τοῦ
3192 800 3293 869 τῆς
3341 802 3721 864 καταστάσεως
3751 803 3844 858 καὶ

2182 891 2278 942 τοῦ
2344 887 2528 965 ἑτέρου
2595 886 2982 965 σιλεντιαρίου·
3041 887 3138 944 κάν
3196 910 3256 944 τε
3314 890 3393 951 εἷς
3448 889 3582 959 ἔστι,
3638 890 3736 947 κάν
3782 913 3843 948 τε

2185 973 2306 1043 δύο,
2337 973 2434 1029 κᾶν
2472 995 2529 1031 τε
2577 981 2745 1050 τρεῖς,
2794 976 2885 1031 καὶ
2934 976 3093 1031 αὐτοὶ
3146 976 3582 1056 συνεισέρχονται
3617 980 3719 1035 ὑπὸ
3752 1000 3840 1034 σι-

2184 1062 2488 1139 λεντιαρίου
2536 1065 2925 1141 κρατούμενοι,
2989 1065 3079 1120 καὶ
3135 1065 3423 1121 πίπτουσιν
3477 1068 3530 1122 οἱ
3587 1063 3839 1142 προϐαλ-

2183 1153 2407 1229 λόμενοι
2436 1154 2526 1209 καὶ
2579 1150 2771 1229 μόνον,
2824 1155 2915 1210 καὶ
2966 1153 3239 1229 εἰσάγουσι
3284 1156 3380 1211 τὸν
3410 1160 3628 1230 πρῶτὸν
3662 1157 3836 1214 αὐτῶν

428 1247 731 1324 ἔμπροσθεν
758 1252 856 1304 τοῦ
889 1244 1192 1304 ὑποποδίου
1238 1250 1349 1303 τῶν
1395 1243 1694 1317 δεσποτῶν,
1743 1247 1833 1303 καὶ
1882 1243 2068 1301 πίπτει
2107 1244 2197 1300 καὶ
2248 1243 2400 1322 φιλεῖ
2451 1244 2579 1309 τοὺς
2604 1242 2774 1307 πόδας
2806 1245 2895 1300 καὶ
2923 1246 2989 1301 τὰ
3022 1241 3117 1301 δύο
3147 1248 3193 1283 ⁸³
3221 1246 3421 1320 γόνατα
3453 1251 3555 1303 τοῦ
3598 1248 3839 1323 μεγάλου

428 1338 716 1414 βασιλέως,
750 1338 957 1411 ὁμοίως
986 1337 1078 1392 γαὶ
1108 1337 1204 1392 τοῦ
1248 1341 1468 1412 μικροῦ,
1499 1338 1587 1392 καὶ
1622 1336 1862 1414 ἐγερθεὶς
1904 1333 2074 1391 ἁπλοῖ
2111 1333 2206 1398 τὰς
2236 1339 2446 1409 χεῖρας,
2492 1335 2581 1391 καὶ
2624 1330 2895 1409 λαμϐάνει
2944 1334 3010 1391 τὰ
3040 1333 3379 1392 κωδικέλλία
3408 1340 3517 1411 (66)
3549 1340 3693 1413 παρὰ
3727 1344 3835 1395 τῶν

425 1427 698 1486 δεσποτῶν
727 1430 817 1485 καὶ
843 1428 993 1508 φιλεῖ
1020 1429 1116 1492 τὰς
1145 1433 1335 1503 χεῖρας
1358 1427 1551 1483 αὐτῶν.

424 1566 431 1571 .
497 1523 594 1579 Ill.
636 1523 801 1578 Tune
841 1522 1035 1593 ipsum
1080 1519 1525 1576 cerimoniarius
1564 1535 1630 1576 eo
1682 1520 1741 1575 in
1780 1520 1928 1585 loco,
1970 1516 2062 1574 ubi

2250 1516 2319 1572 Γ.
2356 1517 2452 1571 Καὶ
2509 1516 2723 1589 ’ἰστησιν
2779 1516 2962 1587 αὐτὸν,
3020 1516 3158 1573 ὅπου
3200 1514 3451 1573 ἵστανται
3510 1519 3560 1573 οἱ
3622 1518 3837 1591 λοιποὶ,

424 1612 633 1685 reliqui
663 1616 839 1682 stant,
882 1610 1175 1667 constituit
1206 1616 1262 1665 et
1304 1610 1628 1665 secundum
1660 1609 1977 1666 adductum
2008 1608 2062 1664 in

2176 1602 2267 1658 καὶ
2307 1603 2509 1681 εῗσάγει
2558 1606 2650 1660 τὸν
2702 1601 2975 1682 δεύτερον,
3022 1605 3114 1660 καὶ
3160 1605 3451 1684 προσφέρει
3497 1608 3747 1663 κᾶκεῑνον
3780 1607 3834 1662 ἐν

424 1702 675 1760 scabello
712 1700 992 1768 collocat;
1019 1699 1066 1753 is
1096 1697 1447 1771 procumbit,
1478 1714 1543 1753 ac
1575 1698 1752 1769 pedes
1792 1701 1849 1753 et
1879 1712 2062 1769 genua

2175 1696 2256 1764 τῷ
2288 1691 2601 1766 ὑποποδίῳ,
2647 1694 2739 1749 καὶ
2775 1692 2963 1750 πίπτει
3011 1694 3101 1749 καὶ
3160 1692 3311 1769 φιλεῖ
3352 1693 3482 1757 τοὺς
3511 1693 3679 1759 πόδας
3713 1698 3831 1771 (67)

423 1790 797 1848 dominorum
821 1788 1142 1857 osculatur,
1166 1786 1453 1843 codicillis
1473 1803 1607 1843 vero
1631 1786 1905 1859 acceptis,
1938 1802 2062 1841 ma-

2178 1783 2387 1856 ὁμοίως
2416 1784 2504 1838 καὶ
2544 1783 2613 1838 τὰ
2642 1784 2847 1859 γόνατα
2888 1788 2996 1838 τῶν
3039 1780 3136 1838 δύο
3184 1780 3483 1856 δεσποτῶν,
3515 1786 3605 1840 καὶ
3637 1780 3828 1841 λαϐὼν

424 1899 537 1938 nus
569 1879 868 1937 osculatur
898 1882 953 1935 et
983 1878 1102 1934 abit
1133 1895 1146 1933 :
1179 1878 1263 1933 sic
1303 1876 1479 1933 etiam
1513 1876 1746 1948 reliqui,
1776 1879 2069 1947 quotquot

423 1987 622 2028 eorum
671 1974 832 2039 sunt,
864 1973 980 2023 tres
1026 1970 1365 2038 quatuorve,
1418 1965 1663 2022 faciunt.
1704 1966 1891 2021 Ambo
1932 1981 2066 2021 vero

421 2062 576 2117 ’140
607 2066 939 2130 postquam,
974 2057 1228 2128 acceptis
1268 2055 1575 2124 codicillis,
1598 2054 2003 2126 constiterunt,
2034 2072 2067 2110 a

418 2148 696 2219 magistro
722 2150 1024 2202 senatores
1054 2160 1280 2213 omnes,
1308 2161 1341 2200 a
1370 2143 1555 2215 primo
1577 2144 1649 2199 ad
1682 2143 1982 2213 ultimum,
2001 2142 2064 2200 in

418 2241 794 2310 conspectum
819 2236 1214 2301 dominorum,
1239 2232 1431 2305 stipati
1454 2232 1817 2302 silentiariis,
1835 2232 2061 2289 ducun-

416 2337 507 2385 tur
530 2331 589 2384 et
608 2326 828 2400 gratias
851 2331 1047 2396 agunt.
1073 2323 1195 2389 Qua
1229 2323 1542 2395 gratiarum
1568 2325 1795 2380 actione
1826 2340 1860 2379 a
1898 2339 2062 2380 sena-

415 2422 481 2474 tu
498 2420 748 2490 peracta,
764 2413 1209 2473 cerimoniarius
1222 2412 1475 2485 primum
1492 2427 1521 2468 e
1540 2413 1822 2485 promotis
1845 2413 2059 2469 iterum

418 2505 677 2577 adducit,
704 2506 753 2560 is
776 2505 836 2560 in
859 2502 1112 2561 scabello
1134 2519 1193 2559 se
1220 2502 1556 2575 prosternit,
1583 2504 1756 2575 pedes
1778 2520 1843 2558 ac
1874 2518 2060 2575 genua

416 2596 615 2669 magni
646 2609 809 2666 aeque
848 2610 916 2650 ac
957 2592 1200 2650 minoris
1232 2591 1606 2664 imperatoris
1646 2591 1961 2662 osculatur,
1993 2609 2058 2649 ac

418 2684 697 2751 dominis,
729 2700 879 2739 nova
926 2682 1209 2754 dignitate
1247 2684 1511 2751 ornatus,
1540 2682 1730 2737 fausta
1768 2686 2054 2751 precatur.

410 2773 569 2830 Tune
586 2772 1028 2830 eerimoniarius
1041 2770 1305 2842 ipsumin
1322 2771 1644 2841 loco,quem
1660 2770 1787 2841 ejus
1804 2770 2055 2842 dignitas

409 2863 689 2935 postulat,
714 2863 831 2919 sive
853 2862 969 2917 dux
1000 2859 1254 2915 militum
1277 2859 1634 2927 ordinarius,
1666 2876 1765 2915 seu
1808 2858 2053 2917 honora-

410 2956 534 3010 rius
553 2954 648 3021 sit,
674 2952 999 3019 constituit,
1024 2951 1103 3007 sic
1126 2955 1182 3008 et
1206 2950 1444 3023 reliquis
1468 2951 1741 3024 facit,qui
1764 2968 1826 3008 se
1847 2952 2048 3010 itidem

406 3048 787 3116 prosternunt
806 3043 1100 3114 pedesque
1131 3057 1198 3099 ac
1226 3056 1415 3113 genua
1446 3040 1808 3111 osculantur,
1841 3042 2051 3101 deinde

2173 1872 2241 1926 τά
2296 1869 2634 1928 κωδικέλλια
2693 1871 2847 1951 φιλεῖ
2901 1872 2995 1935 τὰς
3054 1878 3267 1951 χεῖρας,
3325 1874 3415 1929 καὶ
3473 1872 3834 1933 ὀπισθοποδεῖ

2171 1961 2439 2030 κάκεῖνος,
2472 1960 2677 2034 ὁμοίως
2723 1961 2814 2016 καὶ
2865 1962 2916 2016 οἱ
2964 1960 3175 2031 λοιποὶ,
3209 1963 3329 2017 ὅσοι
3361 1962 3447 2017 ἐάν
3478 1963 3599 2033 εἰσι,
3631 1969 3828 2020 ποιοῦ-

2172 2073 2252 2107 σιν
2286 2051 2483 2124 οὕτως,
2527 2052 2624 2106 κᾶν
2681 2072 2738 2107 τε
2794 2056 2964 2126 τρεῖς,
3020 2050 3119 2106 κᾶν
3177 2073 3235 2107 τε
3289 2052 3564 2127 τέσσαρες.
3607 2055 3711 2111 Καὶ
3741 2055 3829 2111 ὅτε

2171 2136 2409 2197 λάϐωσιν
2444 2142 2495 2196 οἱ
2540 2140 2838 2217 ἀμφότεροι
2888 2142 2954 2197 τὰ
3003 2139 3343 2197 κωδικέλλια
3396 2142 3487 2198 καὶ
3537 2144 3826 2218 σταθῶσιν,

2169 2230 2472 2307 εἰσάγονται
2506 2231 2612 2286 ἀπὸ
2650 2252 2708 2286 τε
2754 2235 2852 2286 τοῦ
2907 2231 3208 2308 μαγίστρου
3243 2231 3413 2310 μέχρι
3443 2238 3551 2287 τῶν
3578 2232 3824 2309 ἐσχάτων

2170 2324 2547 2396 συγκλητικῶν
2599 2317 2907 2396 ἔμπροσθεν
2956 2325 3064 2375 τῶν
3114 2318 3412 2392 δεσποτῶν,
3464 2322 3825 2397 κρατούμενοι

2168 2411 2272 2465 ὑπὸ
2321 2408 2721 2485 σιλεντιαριων,
2772 2410 3318 2486 ἀπευχαριστοῦντες.
3368 2410 3475 2467 Καὶ
3523 2412 3613 2468 ’ὀτε
3669 2411 3824 2484 πλη-

2167 2500 2330 2573 ρώσῳ
2362 2501 2396 2569 ἡ
2426 2496 2735 2575 σύγκλητος
2780 2499 2880 2568 τήν
2930 2498 3301 2574 εὐχαριστίαν,
3330 2500 3623 2579 προσφέρει
3655 2500 3824 2558 πάλιν

2164 2590 2193 2643 6
2247 2596 2349 2659 τῆς
2402 2587 2777 2651 καταστάσεως
2832 2590 2925 2642 τὸν
2981 2584 3361 2663 προϐληθέντα
3418 2594 3659 2665 πρῶτον,
3727 2592 3821 2647 καὶ

2161 2678 2346 2734 πίπτει
2379 2675 2431 2732 ἐν
2474 2682 2554 2751 τῷ
2587 2675 2872 2750 ὑποποδίῳ
2920 2676 3011 2732 καί
3050 2679 3201 2752 φιλεῖ
3247 2678 3377 2741 ἇοὺς
3422 2676 3592 2743 πόδας
3632 2680 3722 2735 καὶ
3752 2683 3820 2736 τά

2160 2769 2359 2846 γόνατα
2387 2771 2485 2823 τοῦ
2539 2764 2788 2843 μεγάλου
2836 2764 3122 2839 δεσπότου,
3166 2766 3379 2841 ὁμοίως
3415 2769 3508 2824 καὶ
3561 2774 3659 2825 τοῦ
3715 2792 3816 2844 μι-

2158 2862 2312 2932 κροῦ,
2363 2856 2451 2913 καὶ
2502 2855 2722 2935 εὔχεται
2766 2854 2893 2918 τοὺς
2944 2853 3227 2927 δεσπότας,
3273 2857 3348 2918 ὡς
3396 2858 3667 2931 τιμηθείς.
3715 2860 3815 2915 Καὶ

2155 2945 2373 3017 ’ἔστησεν
2405 2946 2568 3001 αὐτὸν
2621 2946 2648 3001 ὁ
2694 2951 2796 3014 τῆς
2843 2944 3218 3007 καταστάσεως
3267 2940 3390 3010 ἔνθα
3440 2945 3639 3017 ἐστῖνή
3674 2948 3813 3023 τιμή

2157 3038 2345 3107 αὐτοῦ,
2395 3032 2490 3090 κᾶν
2550 3035 2851 3111 στρατηγὸς
2908 3028 3187 3110 ἕμπρατος
3228 3036 3362 3109 (68),
3395 3034 3493 3093 κᾶν
3537 3057 3596 3092 τε
3639 3035 3817 3115 ἄπρα-

403 3131 651 3204 singulis
666 3148 768 3204 pro
782 3148 887 3187 suo
911 3146 1150 3187 munere
1165 3131 1354 3219 locum
1372 3130 1655 3202 assignat,
1671 3134 1725 3187 et
1739 3135 2046 3203 postquam

2171 3148 2273 3198 τος,
2308 3125 2516 3201 ὁμοίως
2562 3125 2656 3179 καὶ
2700 3128 2818 3187 τοῖς
2868 3123 3086 3187 λοιποῖς
3134 3129 3282 3180 ποιεῖ
3320 3124 3516 3195 οὕτως,
3554 3125 3816 3183 πίπτουσι

401 3222 635 3292 utrique
649 3220 892 3292 promoti
907 3219 1241 3276 cerimonias
1256 3218 1520 3289 ritusque
1537 3235 1742 3275 omnes
1756 3236 2049 3293 peregere,

400 3309 623 3365 domini
639 3308 944 3379 praeposito
957 3307 1191 3378 signum
1206 3308 1367 3375 dant,
1385 3306 1435 3362 is
1451 3306 1621 3362 dicit:
1639 3329 1667 3357 «
1684 3308 1907 3377 Jubete,
1927 3332 1956 3360 »
1970 3316 2049 3381 et,

401 3419 429 3447 ‹‹
446 3397 661 3453 Multos
678 3412 881 3465 annos,
900 3416 928 3445 »
944 3398 1351 3467 apprecantur.
1366 3394 1530 3452 Tunc
1548 3400 1786 3453 senatus
1803 3414 1933 3454 cum
1952 3416 2049 3455 su-

2162 3218 2403 3272 κάκεῖνοι
2441 3214 2529 3271 καὶ
2588 3211 2811 3289 φιλοῦσι
2866 3214 2995 3277 τοὺς
3034 3211 3205 3277 πόδας
3235 3215 3323 3269 καὶ
3363 3215 3431 3271 τὰ
3459 3217 3680 3291 γόνατα,
3721 3218 3813 3273 καὶ

2162 3307 2374 3378 ’ἰστησιν
2417 3302 2639 3373 αὐτοὺς,
2682 3299 2907 3359 ἕκαστον
2954 3304 3091 3358 κατὰ
3138 3304 3237 3373 τὴν
3276 3305 3444 3379 τιμήν
3493 3304 3680 3375 αὐτοῦ,
3722 3306 3815 3362 καὶ

2162 3398 2250 3453 ὅτε
2307 3393 2808 3469 συμπληρώσουσιν
2867 3392 3171 3474 ἀμφότεροι
3257 3394 3308 3450 οἱ
3389 3390 3817 3471 προϐληθέντες,

1770 3498 1863 3553 VA
1874 3498 2012 3558 RI/E
2044 3497 2451 3559 LECTIONES.

472 3583 519 3619 ³³
549 3580 576 3634 ὁ
610 3578 668 3636 δὲ
697 3585 777 3655 τῷ
802 3587 901 3651 τῆς
934 3583 1027 3639 ed.
1103 3580 1150 3616 ³³
1179 3580 1267 3636 καὶ
1302 3577 1398 3636 δύο
1439 3583 1532 3640 ed.

1432 3682 1631 3742 JOAN.
1690 3686 1831 3743 JAC.
1894 3690 2154 3749 REISKII
2195 3684 2783 3747 COMMENTARIUS.

404 3773 516 3899 (663
556 3771 887 3899 tCodicillos,
948 3771 1163 3845 quibus
1229 3787 1437 3845 nempe
1485 3772 1765 3846 patricius
1814 3795 2045 3838 nuncu-

404 3862 475 3899 na
520 3862 550 3898 Β
584 3862 672 3899 ur.

444 3850 672 3901 abatur.

400 3862 672 4001 1)αῶᾳῆἻὲ
675 3915 889 4001 ipsum
923 3931 1148 4001 quoque
1176 3915 1308 4001 ‘sibi.
1330 3915 1451 3972 ﬁeri
1488 3917 1825 4001 ﬂagitabant
1856 3922 2041 4001 impe-

402 3988 625 4064 ratores
672 3988 1019 4064 Carolingici
1066 4005 1104 4064 _a
1160 3989 1406 4064 ducibus
1452 3990 1684 4064 quibus
1715 3988 2042 4064 provincias

401 4061 805 4133 concederent,
867 4060 1193 4133 imitatione
1252 4059 1396 4133 aulis
1454 4059 1801 4133 Byzantines.
1862 4066 2042 4122 Vetus

398 4132 719 4214 thonicon
744 4133 897 4214 apud
921 4134 993 4214 du
1035 4131 1223 4202 Cange
1264 4132 1454 4187 Gloss.
1472 4131 1612 4214 _Lat.
1661 4152 1723 4214 v._
1752 4138 1937 4214 _Bigot,
1973 4139 2046 4195 de

398 4203 663 4271 Rollone,
710 4202 896 4275 primo
938 4202 1406 4275 Normannorum
1455 4204 1649 4261 duce:
1703 4206 1792 4261 hic
1821 4202 1931 4264 non
1961 4213 2043 4265 est

396 4276 659 4343 dignatus
705 4274 893 4343 pedem
952 4274 1133 4329 Caroli
1180 4274 1442 4340 osculari,
1494 4278 1605 4330 nisi
1662 4276 1731 4331 ad
1779 4294 1834 4334 0s
1878 4296 2041 4335 suum

399 4352 608 4400 enaret.
658 4346 899 4415 Cumque
943 4344 1034 4399 sui
1079 4346 1303 4399 comites
1359 4346 1525 4417 illum
1581 4350 1920 4417 animarent,
1972 4360 2034 4407 ut

393 4418 581 4470 sedem
617 4417 761 4485 regis
791 4403 851 4469 in
891 4418 1207 4484 acceptione
1242 4414 1397 4470 tanti
1433 4419 1680 4472 muneris
1722 4403 2033 4483 (Neus'triie
2068 4403 2112 4467 D

392 4486 724 4561 provincia)
781 4486 1374 4561 oscularetur,_tingua
1422 4486 1651 4561 Angitca
1706 4492 2032 4561 respondit:

394 4558 470 4612 Ne
512 4573 568 4613 se
619 4555 765 4629 big’ot
813 4557 1014 4629 [Nicnt
1042 4572 1100 4612 so
1145 4557 1241 4627 bey
1287 4555 1425 4629 Gott,
1464 4555 1578 4625 vel,
1621 4563 1684 4614 ut
1732 4555 1935 4618 ru'stici
1980 4568 2037 4619 et

398 4629 636 4714 narrari}
665 4626 1019 4714 .Thurin‘gici
1064 4627 1489 4714 pronuntiant:
1539 4632 1625 4714 13a
1671 4646 1729 4687 so
1769 4634 1829 4689 bi
1868 4632 2031 4714 Gott],

398 4701 549 4771 quod
594 4702 1019 4770 interpretatur:
1060 4700 1137 4755 Ne
1171 4714 1271 4768 per
1304 4699 1492 4754 Deum.
1537 4702 1652 4756 Rea:
1689 4719 1815 4760 vero
1848 4709 1899 4760 et
1944 4699 2034 4762 sui

398 4772 560 4857 illum
588 4771 893 4827 deridentes
916 4778 971 4855 et
998 4785 1303 4826 sermonem
1326 4771 1443 4842 ejus
1468 4784 1720 4858 corrupte
1740 4780 2034 4902 re/erentes

398 4845 563 4899 illum
592 4847 854 4898 vocarunt
891 4841 1111 4902 thoth.
1166 4842 1314 4899 Unde
1360 4843 1668 4901 Normanni
1717 4848 1785 4902 ad
1805 4864 1895 4902 tuc
1934 4853 2033 4902 Βι-

398 4845 563 4899 itlum
592 4847 854 4898 vocarunt
891 4841 1111 4912 Bigoth.
1166 4842 1314 4899 Unde
1349 4841 1672 4901 ’Normanni
1717 4841 1895 4905 adhuc
1934 4848 2033 4905 Bi-

393 4915 546 4986 gothi
567 4924 850 4986 vocantur.

412 5050 419 5069 ν
469 4986 577 5055 (68)
628 4986 726 5042 Vel
786 4983 1141 5069 impertae,“
1173 5002 1329 5042 novae
1406 4986 1633 5069 Graeciaa
1711 5007 2029 5069 more_pro

394 5053 742 5131 ἔμπρακτοςς
776 5053 837 5134 ut
875 5053 1073 5134 contra
1113 5056 1381 5134 ἄπραττος
1420 5076 1520 5129 pro
1558 5056 1853 5134 ἄπρακτος.
1888 5053 2027 5134 Ἔμ-

391 5148 645 5202 πρακτοι,
699 5133 795 5201 qui
852 5134 984 5185 sunt
1037 5133 1098 5184 in
1151 5132 1384 5186 actione.
1442 5132 1786 5201 Apellabant
1836 5132 2026 5190 Latini

389 5203 691 5273 sequiores
720 5204 1011 5270 actionem,
1045 5202 1195 5271 quod
1230 5218 1334 5256 nos
1374 5204 1740 5269 functionem.
1776 5204 1905 5261 Vid.
1943 5212 2024 5262 Du

389 5275 580 5345 Cange
621 5273 812 5328 Gloss.
860 5278 926 5347 ιλ.Δ
958 5289 1011 5327 ν.
1073 5274 1232 5347 ᾼθίίο
1280 5277 1337 5327 et
1375 5273 1555 5329 Actus.
1591 5274 1868 5347 Dignitas,
1901 5292 2028 5347 quae

384 5337 689 5432 ipsovgestu
719 5345 1035 5414 prae/uiget,
1084 5337 1416 5432 ἔμπραττος,
1447 5337 1693 5432 'et‘qua?
1715 5337 2024 5432 inmoraria

381 5426 481 5479 cst,
517 5416 810 5488 ἄπραττος,
844 5422 1266 5488 opponuntur,
1300 5416 1415 5469 vid.
1443 5416 1678 5472 Gutber.
1715 5418 1821 5474 Oﬂ‘.
1859 5420 1919 5474 D.
1952 5424 2019 5475 A.

382 5504 436 5557 p.
474 5488 566 5551 54,
599 5486 651 5543 cl
692 5489 839 5552 431.,
880 5486 975 5542 ubi
1014 5486 1222 5557 triplex
1255 5486 1664 5545 honoratorum
1705 5490 2021 5547 discrimen

379 5561 623 5615 statuit:
659 5561 756 5631 qui
803 5561 862 5614 in
892 5562 1018 5614 actu
1056 5568 1202 5623 sunt,
1232 5562 1515 5631 uocantes,
1548 5576 1649 5616 seu
1695 5560 1887 5617 auerti
1933 5562 2020 5619 vel

380 5632 615 5705 suffecti,
651 5623 708 5686 et
736 5630 1041 5705 honorarit.
1066 5629 1244 5686 Primi
1266 5623 1743 5705 ερηιλέμπρακτοι,
1777 5633 2020 5690 secundi

389 5698 775 5777 μεσόπρακτοι,
797 5703 950 5761 tertii
972 5698 1260 5776 ἄπρακτοι.
1286 5698 1589 5773 Capitolia.
1615 5706 1674 5763 in
1698 5698 2012 5766 Pertinace.

2155 3784 2197 3837 t.
2224 3779 2246 3834 Ι
2277 3779 2421 3834 Hist.
2456 3782 2604 3843 Aug.
2641 3791 2697 3847 p.
2742 3772 2888 3848 5/13:
2934 3772 3112 3833 Iussit
3142 3788 3229 3831 eos
3260 3776 3358 3847 qui
3377 3783 3649 3848 prwturas
3698 3792 3807 3834 non

2152 3853 2437 3923 gessissent
2489 3848 2590 3904 sed
2638 3845 2931 3923 dilectione
2969 3845 3327 3923 accepissent,
3366 3845 3488 3919 post
3521 3864 3630 3923 Aeas
3687 3864 3805 3906 esse

2191 3922 2252 3978 ui
2280 3938 2402 3978 vere
2429 3924 2694 3987 praetores
2723 3920 2973 3992 fuissent.
3007 3917 3227 3991 Vegetii
3251 3917 3411 3975 locus
3434 3935 3497 3988 ιι,
3516 3919 3799 3992 21,quem

2209 3994 2452 4050 utherus
2492 3992 2655 4061 citat,
2688 3989 3003 4062 praeclarus
3047 3989 3169 4060 est;
3202 3992 3303 4046 His
3342 3993 3497 4046 enim
3526 3989 3804 4061 mutiipli-

2152 4074 2641 4146 canturunnonte,
2669 4062 2765 4146 qui
2810 4065 2871 4117 in
2920 4066 3061 4146 actu.
3087 4066 3216 4116 sunt
3234 4079 3257 4125 ;
3296 4063 3598 4146 quae-illis
3628 4063 3802 4146 etiam

2152 4137 2472 4193 vacantibus
2498 4130 2843 4201 tribuuntur,
2876 4149 3020 4203 quas
3042 4130 3331 4188 honorarii
3359 4134 3545 4190 nullas
3572 4133 3798 4193 habent.

2156 4209 2282 4265 Vid.
2319 4210 2399 4263 Du
2431 4210 2623 4277 Cange
2655 4203 2838 4277 Gloss.
2879 4202 2985 4277 Gr.
3008 4202 3067 4258 h.
3098 4219 3160 4277 v._
3186 4209 3243 4259 et
3271 4203 3460 4259 Vales.
3497 4205 3566 4277 ad
3598 4207 3794 4262 Amm.

2153 4278 2330 4335 Marc.
2365 4295 2419 4349 p.
2453 4273 2692 4349 78,'ubi_
2721 4283 2775 4331 et
2810 4275 3104 4349 praecincti
3140 4273 3343 4329 honore
3370 4276 3603 4349 cinguli
3634 4280 3802 4334 otiosi

2150 4344 2442 4429 dicuntur,
2477 4357 2531 4404 et
2566 4346 2808 4429 Selden._
2835 4346 2949 4429 Tit:
3001 4344 3215 4401 Honor.
3262 4361 3318 4427 ι)2
3548 4348 3642 4429 32,
3680 4349 3791 4419 33;

2149 4438 2264 4477 non
2313 4415 2504 4476 tamen
2559 4415 2952 4488 confundendi
2991 4431 3125 4472 cum
3172 4415 3512 4488 asc'riptitiis
3556 4418 3644 4475 vel
3695 4415 3794 4476 va;

2145 4491 2433 4570 cantibus,
2462 4489 2560 4570 qui
2576 4491 2753 4570 erant
2782 4487 2997 4543 milites
3014 4487 3790 4570 supernum_erarii,_§tipen-

2144 4563 2240 4618 dia
2272 4559 2661 4634 percipientes
2694 4559 2917 4634 absque
2948 4559 3168 4634 militis;
3202 4559 3521 4634 iunctione.
3546 4559 3788 4634 Yid:Ca-

2144 4630 2306 4689 saub.
2343 4630 2490 4688 Hist.
2522 4634 2664 4704 Aug.
2706 4635 2748 4685 t.
2787 4631 2829 4699 Ι,
2872 4647 2929 4703 p.
2961 4630 3092 4704 992.Δ
3120 4630 3416 4687 Harduino
3448 4633 3518 4688 ad
3550 4633 3785 4690 Themi-

2142 4708 2316 4760 stium
2347 4721 2402 4776 p.
2436 4704 2559 4771 475,
2585 4701 2645 4776 in
2675 4701 3262 4776 actuconstituisunt
3296 4704 3454 4774 praef.
3489 4706 3780 4775 praetorio,

2142 4772 2445 4849 praefectus
2476 4773 2637 4849 urbi,
2679 4772 2938 4849 magistri
2978 4772 3236 4849 militum
3267 4772 3542 4830 {diversi
3588 4772 3780 4849 autem

2140 4842 2371 4919 generis
2400 4847 2680 4920 (adeoque
2709 4842 2997 4920 ἄπρακτοι)
3027 4861 3221 4902 comes
3244 4862 3555 4920 sacrarum
3574 4918 3582 4920 _
3602 4846 3783 4918 largi-

2139 4916 2629 4985 t'ionum,‘comes
2672 4918 2761 4989 rei
2790 4916 3055 4989 privata,
3107 4916 3382 4989 magister
3433 4916 3779 4989 officiorum,

2139 5000 2409 5062 quaestor.
2443 4991 2551 5047 Sed
2587 4988 2707 5045 falli
2752 4988 2888 5045 eum
2940 4988 3131 5062 palam
3172 4994 3280 5045 est.
3312 4988 3457 5062 Nam
3503 4993 3560 5045 et
3614 4988 3695 5057 hi,
3728 4990 3782 5046 si

2138 5054 2234 5133 qui
2289 5063 2385 5119 alii
2446 5078 2726 5133 unquam,
2776 5054 2956 5133 erant'
3000 5054 3324 5133 ἔμπρακτοι.
3383 5060 3595 5133 verum
3632 5054 3778 5133 toto

2138 5131 2280 5190 nmio
2304 5131 2744 5190 diversa'tradit
2775 5132 2843 5188 ab
2877 5132 2966 5187 bis
3000 5131 3202 5189 auctor
3232 5131 3594 5203 Cletorologii
3627 5131 3779 5188 infra

2136 5221 2194 5276 p.
2243 5206 2368 5268 461.
2411 5205 2512 5277 qui
2562 5204 2999 5277 primi‘ordinis
3050 5220 3337 5277 proceres,
3385 5208 3446 5258 ut
3496 5203 3774 5277 patricios

2136 5271 2446 5349 strategus;
2470 5271 2731 5349 adi-robe,
2754 5271 3099 5349 ἐμπράκτούς
3140 5275 3356 5349 refert;
3390 5271 3575 5349 medii
3616 5276 3776 5330 ordi-

2134 5345 2334 5431 πίε-,ιιι
2353 5347 2623 5431 patricios
2646 5345 3054 5431 ofﬁcialemseu
3078 5348 3137 5401 in
3162 5346 3382 5431 muniis
3404 5345 3771 5431 aulicisunon

2134 5413 2511 5489 militaribus,
2564 5420 2665 5476 sed
2725 5413 3016 5486 civilibus,
3066 5417 3434 5487 constitutos,
3485 5413 3774 5489 ἐμπολιτι-

2131 5489 2281 5556 κοὺς,
2330 5490 2777 5565 μεσοπράκτους;
2819 5491 3051 5565 tandem
3089 5489 3383 5565 interioris
3434 5489 3681 5553 ordinis,
3713 5497 3777 5565 ut

2174 5559 2646 5636 rotospatharios,
2683 5569 2817 5632 etc.,
2841 5559 3149 5636 ἀπράκτους
3174 5560 3773 5636 _nominat,_quamvis

2174 5577 2646 5636 rotOSpatnartos,
2683 5577 2817 5632 etc.,
2841 5577 3149 5621 αποακτους
3185 5577 3468 5629 nominat,
3501 5577 3773 5633 quamws

2129 5577 2189 5689 ἓξ
2239 5650 2353 5690 non
2403 5636 2600 5693 minus
2647 5638 2823 5705 atque
2863 5613 2951 5688 iiii
2992 5630 3324 5705 superiores
3368 5634 3427 5690 in
3475 5630 3773 5690 iunctione

2129 5712 2346 5763 essent.
