4158 6212
350 388 468 448 497

1218 387 1319 447 DE
1361 383 1818 447 CERIMONIIS
1864 381 2098 446 AUL/E
2138 383 2627 446 BYZANTIN/E
2671 385 2821 446 LIB.
2871 389 2918 446 Ι.

3644 389 3764 448 498

347 519 589 576 νιῦουσιν
621 518 675 575 oi
705 514 962 574 δεσπόται
993 522 1073 592 τῷ
1103 515 1467 594 πραιποσίτῳ,
1497 516 1586 572 καὶ
1619 515 1762 592 λὲγει
1791 538 1800 548 ”
1829 541 1855 569 ‹‹
1890 521 1993 572 Ks-

2109 517 2385 589 pradictis
2397 517 3289 585 discedit,silentiariicodicillos
3300 535 3500 576 eorum
3514 525 3765 578 sumunt

343 609 586 688 γεύσατε,
622 631 652 662 »
681 609 771 664 καὶ
811 605 1066 686 εὔχονται
1097 608 1160 664 τό
1186 627 1198 641 ·
1223 631 1252 660 ‹‹
1283 606 1378 670 Εἲς
1411 604 1662 670 πολλοὺς
1694 608 1998 684 χρόνους.»

345 700 452 758 Καὶ
492 698 768 773 ἐξέρχεται
809 700 843 767 ἡ
877 696 1186 772 σύγκλητος
1221 697 1360 770 μετᾶ
1396 700 1504 752 τών
1557 695 1994 773 προρρηθέντων,

2108 623 2174 664 ac
2193 607 2412 680 singuli
2442 607 2711 680 singulos
2741 607 3079 665 candidatos
3097 609 3469 678 comitantur,
3494 609 3760 683 ipsorum

2107 699 2409 757 codicillos
2439 703 2760 773 portantes.

344 788 437 845 καὶ
469 783 844 863 λαμϐάνουσιν
878 788 930 841 οἱ
962 784 1415 858 σιλεντιάριοιτςὶ
1464 783 1803 843 κωδικέλλια
1859 785 2176 856 αὐτῶν,καὶ
2231 783 2453 852 ἕκαστος
2510 787 2872 862 σιλεντιπὶριος
2930 788 3169 863 ὀψικεύει
3224 787 3316 844 τὸν
3377 786 3514 844 ἴδιον
3576 788 3762 862 αὐτοῦ,

357 879 719 953 βαστάζοντες
745 877 811 931 τὰ
849 871 1185 930 κωδικέλλια
1215 873 1413 934 αὐτῶν.

416 973 489 1022 Δ’.
525 966 621 1021 Καὶ
653 966 964 1045 ἐξέρχονται
999 962 1088 1020 διὰ
1125 971 1226 1036 τῆς
1262 963 1667 1041 προελεύσεως,
1691 967 1779 1021 καὶ
1830 963 2000 1040 ἀπέρ-

345 1077 544 1138 χονται
609 1054 686 1119 είς
769 1056 871 1125 τήν
931 1053 1226 1126 ἐκκλησίαν
1291 1059 1388 1111 τοῦ
1474 1053 1849 1131 ἱπποδρόμου,
1906 1056 1994 1111 καὶ

343 1141 572 1202 ἅπτουσι
628 1142 860 1220 κηροὶις,
921 1143 1305 1218 ὀψικευόμενοι
1398 1143 1504 1199 ὑπὸ
1591 1143 1995 1216 ἀξιωματικῶν,

342 1231 434 1289 καὶ
490 1231 826 1308 ἀπέρχονται
910 1230 963 1286 ἐν
1038 1237 1118 1305 τῷ
1177 1232 1573 1306 κονσιστωρίῳ,
1621 1231 1710 1286 καὶ
1769 1230 2002 1286 ἅπτουσι-

343 1322 564 1379 κᾶκεῖσε
617 1323 845 1399 κηροὺς,
906 1320 1116 1394 ὁμοίως
1183 1321 1273 1377 καὶ
1338 1320 1414 1383 εἷς
1464 1321 1562 1376 τοῦ
1622 1322 1841 1396 Κυρίου.
1892 1321 1996 1378 Καὶ

338 1409 586 1468 ἵστανται
652 1413 702 1466 οἱ
777 1411 1139 1485 ἀξιωματικοί
1231 1411 1323 1467 καὶ
1397 1411 1464 1466 τὰ
1540 1409 1835 1484 σκουτάρια
1899 1414 1995 1466 τοῦ

343 1501 584 1574 ἀριθμοῦ
621 1499 709 1556 καὶ
743 1500 795 1556 ei
836 1496 1130 1576 διαιτάριοι
1169 1505 1277 1556 τῶν
1334 1499 1482 1556 ὅλων
1531 1498 1750 1556 διαιτῶν
1799 1501 1885 1556 καὶ
1941 1500 1994 1555 o't

346 1586 564 1643 δικανοὶ
603 1585 680 1650 εἷς
717 1587 808 1641 τὸν
841 1586 1099 1662 μάκρωνα
1143 1591 1254 1642 τῶν
1310 1583 1668 1656 κανδιδάτων,
1699 1586 1789 1643 καὶ
1830 1586 1994 1663 ἀπέρ-

352 1695 550 1753 χονται
584 1677 634 1732 οἱ
673 1675 830 1733 αὐτοὶ
895 1676 1176 1753 πατρίκιοι
1225 1677 1605 1752 ὀψικευόμενοι
1665 1679 1833 1754 μέχρι
1883 1682 1992 1735 τῶν

347 1764 570 1844 χαλκῶν
600 1766 789 1823 πυλῶν
817 1771 925 1823 τῶν
962 1771 1252 1842 κορτινῶν,
1282 1768 1372 1823 καὶ
1411 1767 1554 1842 λέγει
1597 1769 1626 1824 6
1665 1765 1993 1842 ἀδμηνσου-

354 1856 566 1968 νᾶλιοΙς,
597 1857 731 1932 ἅπερ
769 1851 1136 1968 e‘wv06015i16
1173 1857 1552 1931 νουμεράριος·
1585 1859 1673 1966 καὶ
1709 1856 1857 1968 λέγει
1887 1859 2002 1931 (69)
2033 1904 2079 1968 Β

351 1967 382 1998 ‹‹
412 1946 629 2017 Enitar
658 1968 686 1998 ››
725 1945 817 2000 καὶ
846 1949 1035 2020 κρατεῖ
1091 1945 1120 2000 6
1177 1947 1542 2021 νουμεράριος
1591 1944 1654 2002 τὸ
1689 1945 1998 2021 βῆλον,καί

356 2035 526 2092 πάλιν
579 2035 722 2111 ,ςᾶγει
791 2035 820 2089 6
875 2033 1374 2108 ἀδμηνσουνάλιος,
1422 2037 1558 2111 ἅπερ
1612 2030 1924 2114 φωνοϐολεῖ
1969 2034 1998 2089 6

354 2124 744 2200 νουμεράριος·
780 2146 806 2179 e
858 2118 1026 2194 Λεόἀ,
1065 2126 1320 2199 πατρίκιε
1357 2124 1646 2201 στρατηγὶ,
1679 2123 1818 2195 λὼκ,
1849 2149 1876 2176 n
1909 2124 1999 2179 καὶ

352 2212 634 2288 ἐξέρχεται
703 2214 732 2268 6
781 2217 1001 2289 πρῶτος
1066 2216 1374 2284 πατρίκιος,
1431 2216 1522 2271 καὶ
1595 2212 1762 2271 πάλιν
1811 2212 1997 2290 λέγειο

356 2327 384 2356 κ
417 2305 635 2374 Στήτω,
675 2325 700 2354 ι›
732 2303 811 2365 εἰς
865 2304 956 2358 τὸν
1000 2300 1271 2377 δεύτερον,
1305 2305 1395 2361 καὶ
1429 2303 1598 2382 λέγει,
1626 2305 1760 2380 ἅπερ
1819 2325 2000 2382 φωνο-

353 2385 510 2445 ϐολεῖ
567 2391 596 2446 6
653 2390 1037 2466 νουμεράριος,
1097 2391 1143 2446 εί
1221 2393 1319 2466 μὲν
1386 2391 1532 2448 ἰστιν
1585 2390 1848 2468 ἔπαρχος,
1894 2393 2000 2449 εἴτε

345 2481 667 2558 λογοθέτης,
729 2478 838 2538 sifts
891 2481 1189 2558 κυαίστωρ,
1221 2480 1412 2560 λέγει·
1463 2506 1494 2536 ιι
1541 2485 1709 2555 Λεοά,
1746 2482 1998 2561 πατρίκιε

349 2569 576 2650 ἔπαρχι,
610 2570 749 2628 λώκ’
785 2594 812 2627 ι
845 2571 891 2629 sl
924 2570 982 2628 δὲ
1035 2571 1150 2628 ἐστι
1200 2573 1487 2650 πατρίκιος
1521 2574 1714 2648 μόνον,
1748 2597 1777 2626 ‹‹
1829 2568 1995 2644 Λεϐἀ,

353 2663 621 2738 πατρίκιε.
666 2686 688 2715 I
725 2663 828 2720 Καὶ
858 2659 1134 2738 ἒξέρχεται
1191 2662 1440 2726 κάκεῖνος
1499 2663 1575 2726 εἷς
1631 2664 1731 2732 τὴν
1790 2661 1994 2733 πύλην,

351 2752 442 2807 καὶ
471 2751 804 2828 ἀπέρχονται
855 2754 908 2808 oi.
946 2751 1102 2808 αὐτοὶ
1148 2753 1424 2830 πατρίκιοι
1484 2753 1866 2829 ὀψικευόμενοι
1907 2750 1998 2808 διὰ

341 2845 449 2897 τῶν
515 2841 871 2918 σχολῶν,καὶ
925 2839 1183 2918 δέχονται
1212 2843 1280 2899 τὰ
1321 2842 1459 2916 μὲρη
1487 2840 1712 2906 ἕκαστος
1753 2844 1829 2906 εἰς
1866 2842 1994 2906 τοὺς

355 2927 526 2994 ἰδίους
573 2932 799 3001 τόπους,
828 2933 920 2988 καί
959 2929 1353 3008 ἀκτολογοῦσιν
1411 2930 1505 2989 ἕνα
1539 2930 1632 2989 ἕνα
1681 2932 1992 3008 πατρίκιον,

349 3013 572 3076 ἲκαστον
631 3023 768 3077 κατὰ
829 3022 928 3091 τὴν
987 3023 1158 3096 τιμὴν
1207 3022 1396 3092 αὐτοῦ,
1453 3020 1542 3076 καὶ
1593 3019 1873 3078 ἐπιδίδωσι
1933 3023 1995 3078 τὸ

348 3103 704 3186 λιόελλάριον
735 3109 765 3167 6
788 3109 1085 3188 δήμαρχος
1111 3115 1192 3185 τῷ
1220 3113 1426 3188 πρώτῳ
1443 3112 1516 3173 ὡς
1538 3111 1854 3187 πρώτῳ,τῷ
1876 3110 1996 3167 δευ-

346 3196 490 3272 τέρῳ
529 3197 606 3262 ὡς
637 3196 886 3278 δευτὲρῳ,
921 3199 1130 3276 ὁμοίως
1160 3201 1251 3257 καὶ
1279 3205 1398 3264 τοῖς
1432 3198 1675 3272 λοιποῖς,
1709 3199 1884 3277 λὲγων
1905 3201 1994 3256 καὶ

2182 967 2271 1025 1V.
2306 968 2704 1041 Egredientur
2721 984 2853 1025 vero
2872 968 2930 1024 in
2966 969 3335 1041 processione
3357 969 3430 1025 ad
3453 969 3760 1026 ecclesiam

2105 1054 2497 1128 hippodromi,
2521 1073 2738 1128 cereos,
2763 1058 3104 1129 proceribus
3140 1058 3515 1125 circumdati,
3548 1075 3763 1115 accen—

2105 1144 2271 1214 dunt,
2294 1147 2369 1203 ad
2395 1146 2813 1205 consistorium
2837 1147 3073 1215 abeunt,
3093 1151 3150 1204 et
3170 1147 3252 1204 ibi
3276 1164 3438 1220 teque
3459 1165 3524 1205 ac
3545 1149 3606 1205 in
3624 1153 3765 1206 tenu-

2107 1233 2202 1307 plo
2252 1235 2482 1293 Domini
2522 1253 2720 1294 cereos
2773 1237 3121 1294 accendunt.
3176 1237 3468 1305 Proceres,
3518 1238 3760 1295 scutarii

2106 1325 2618 1394 numeri,dia3tarii
2639 1325 2904 1382 omnium
2928 1326 3234 1382 dietarum
3258 1331 3316 1382 et
3329 1327 3533 1383 decani
3557 1327 3617 1383 in
3640 1327 3761 1383 lon-

2104 1430 2178 1487 ga
2201 1415 2432 1487 porticu
2452 1415 2902 1473 candidatorum
2925 1419 3109 1486 stant,
3130 1416 3242 1488 ipsi
3266 1433 3501 1489 quoque
3533 1418 3761 1490 patricii

2103 1503 2163 1560 in
2194 1503 2476 1576 obsequio
2507 1505 2580 1562 ad
2610 1520 2800 1561 aeneas
2837 1503 3195 1561 cortinarum
3233 1509 3426 1576 portas
3451 1506 3761 1563 discedunt

2104 1591 2560 1663 admissionalis,
2591 1592 2808 1666 quibus
2831 1592 3198 1650 numerarius
3229 1594 3549 1667 prmiverat,
3583 1596 3761 1654 verba

2103 1682 2332 1756 repetit,
2364 1699 2432 1740 ac
2464 1683 2609 1741 dicit
2635 1700 2649 1740 :
2685 1705 2714 1734 ‹‹
2747 1684 2870 1742 Sta.
2900 1705 2930 1734 ››
2961 1684 3128 1740 Tunc
3157 1685 3524 1741 numerarius
3561 1685 3758 1743 velum

2111 1777 2286 1843 tenet,
2317 1776 2377 1829 et
2423 1772 2862 1830 admissionalis
2909 1771 3086 1828 verba
3143 1774 3498 1832 numerarii:
3535 1797 3563 1827 «
3617 1775 3761 1832 Leve

2109 1866 2188 1932 te,
2238 1861 2480 1934 patrieie
2536 1867 2794 1935 stratege
2839 1862 2989 1930 loco,
3021 1883 3050 1913 »
3097 1863 3324 1936 repetit,
3356 1872 3412 1919 et
3467 1865 3761 1934 egreditur

2109 1950 2337 2023 primus
2395 1952 2712 2024 patricius:
2763 1967 2967 2010 rursus
3027 1952 3206 2010 dicit:
3255 1952 3328 2008 ad
3387 1953 3756 2010 secundum:

2112 2059 2139 2095 α
2172 2044 2292 2109 Sta,
2328 2060 2354 2092 ι
2383 2044 2439 2096 et
2467 2041 2610 2098 dicit
2629 2042 2950 2098 secundum
2983 2041 3410 2112 numerarium,
3434 2059 3536 2099 seu
3563 2042 3760 2114 praefe-

2111 2133 2240 2188 ctus
2267 2131 2364 2199 sit,
2388 2146 2490 2187 seu
2521 2131 2833 2203 logotheta,
2866 2148 2966 2188 seu
2999 2141 3282 2204 quassior:
3321 2153 3350 2182 ι(
3381 2132 3526 2188 Leva
3553 2137 3630 2200 te,
3663 2149 3758 2203 pa-

2110 2219 2275 2277 tricie
2321 2221 2606 2292 prasfecte,
2653 2219 2807 2289 loco;
2842 2242 2870 2269 »
2921 2221 2968 2276 si
3022 2236 3154 2277 vero
3202 2220 3480 2292 patricius
3526 2224 3758 2276 tantum

2109 2311 2239 2366 est:
2271 2331 2300 2359 «
2335 2309 2502 2376 Leva,
2535 2308 2792 2382 patricie.
2826 2330 2855 2360 »
2889 2309 3013 2382 Ipse
3044 2309 3112 2365 ad
3165 2314 3394 2381 portam
3441 2309 3582 2364 dum
3625 2325 3758 2381 pro-

2108 2399 2280 2467 cedit,
2339 2399 2520 2456 iidem
2602 2399 2828 2472 patricii
2885 2416 2986 2473 per
3073 2400 3304 2457 scholas
3381 2402 3619 2470 abeunt,
3678 2400 3760 2457 fa-

2108 2487 2374 2545 ctionarii
2405 2488 2622 2562 singuli
2642 2488 2702 2545 in
2732 2488 2878 2545 locis
2908 2489 3031 2545 suis
3076 2490 3314 2557 adsunt,
3345 2492 3401 2545 et
3441 2488 3758 2562 unicuique

2108 2577 2349 2650 patricio
2403 2594 2504 2648 pro
2544 2594 2655 2634 sua
2700 2577 2987 2650 dignitate
3033 2577 3373 2647 acclamant,
3407 2577 3755 2634 demarchus

2107 2666 2296 2740 primo
2327 2666 2592 2724 libellum
2624 2671 2690 2723 ut
2718 2668 2924 2739 primo,
2958 2669 3216 2724 secundo
3262 2672 3326 2724 ut
3365 2669 3642 2734 secundo,
3673 2668 3757 2725 sic

2105 2755 2278 2813 etiam
2300 2757 2544 2827 casteria,
2558 2757 2737 2813 tradit
2757 2756 3052 2829 simulque
3069 2758 3329 2814 carmina
3343 2757 3403 2813 in
3427 2773 3528 2814 eos
3549 2756 3757 2814 recitat

2108 2847 2257 2902 Dum
2288 2862 2424 2902 vero
2456 2862 2669 2904 nomen
2701 2861 2767 2904 ac
2796 2846 3140 2920 dignitatem
3185 2846 3552 2918 singulorum
3587 2846 3753 2914 dicit,

2107 2935 2490 2993 demarcbum
2521 2953 2586 2992 ac
2617 2936 2898 3010 populum
2947 2936 3172 3004 adorat,
3219 2935 3572 2992 demarchus
3619 2951 3752 2992 vero

2105 3027 2324 3082 cultum
2353 3024 2678 3082 solemnem
2710 3025 2821 3096 ipsi
2852 3025 3083 3082 exhibet
3108 3041 3122 3081 :
3147 3023 3294 3080 141
3330 3025 3531 3080 eodem
3581 3025 3754 3081 modo

2107 3115 2281 3172 etiam
2315 3112 2555 3186 reliquis
2586 3131 2703 3170 una
2731 3129 2866 3170 cum
2899 3113 3112 3186 populo
3150 3112 3367 3168 Veneto
3398 3110 3752 3170 acclamant.

2110 3203 2179 3259 Et
2209 3203 2431 3260 abeunt
2463 3202 2712 3275 promoti
2744 3218 2847 3275 per
2883 3202 3122 3275 cbytum
3161 3200 3391 3258 chalces
3423 3201 3492 3258 ad
3525 3215 3754 3258 sacrum

1383 3346 1588 3404 JOAN.
1628 3348 1764 3404 JAC.
1813 3346 2076 3405 REISKII
2114 3345 2688 3404 COMMENTARIUS

406 3472 670 3556 (Q9).Aut
695 3473 1063 3556 ypoaspdpnc,
1097 3477 1163 3530 ut
1209 3473 1304 3556 hic
1360 3477 1420 3530 et
1465 3474 1740 3556 deinceps
1787 3480 1874 3556 e_s_t
1921 3474 1982 3530 in

2100 3473 2158 3556 in
2201 3472 2457 3556 Ecclesia
2513 3475 2705 3556 (ξι-φορ.
2762 3472 2868 3530 hoc
2923 3473 3206 3556 dicebant
3253 3469 3430 3556 δρβοὶ,
3475 3475 3546 3556 _et
3601 3487 3741 3529 con-

334 3543 546 3610 ισοξ
577 3543 768 3617 qualis
797 3543 1016 3614 tuerit,
1050 3543 1165 3602 non
1215 3547 1361 3602 bene
1412 3547 1568 3612 novi,
1599 3543 1751 3602 sitne
1801 3547 1981 3613 idem,

380 3616 436 3691 ui
471 3616 866 3691 numerarius,
912 3617 983 3673 de
1035 3633 1155 3691 qu_o_
1197 3633 1250 3672 v.
1286 3617 1532 3691 Gnther.
1555 3618 1664 3691 ΟΠ.
1698 3618 1765 3691 D_.
1805 3622 1893 3691 ᾼ.,
1925 3635 1978 3686 p.

337 3633 436 3743 agi
471 3633 866 3684 numeramus,
912 3633 983 3673 ue
1035 3633 1150 3691 quo
1197 3633 1250 3672 v.
1286 3633 1524 3675 uurner.
1557 3633 1664 3674 un.
1698 3633 1765 3675 υ.
1805 3633 1893 3686 a.,
1925 3635 1978 3686 p.

350 3758 365 3760 _
407 3687 463 3742 9.
495 3687 686 3744 Vales.
719 3689 792 3745 ad
849 3691 1044 3745 Amm.
1099 3688 1357 3745 Marcell.
1403 3705 1458 3760 p.
1507 3689 1578 3744 93
1631 3697 1683 3745 et
1735 3689 1860 3757 353,
1899 3691 1981 3746 Du

337 3758 530 3842 Gange
545 3760 746 3842 gloss.
781 3760 905 3842 Lat.
938 3761 1083 3842 _v.
1107 3766 1165 3817 et
1189 3758 1456 3842 auctores
1487 3761 1559 3842 ab
1589 3776 1661 3842 eo_
1686 3761 1980 3842 numerosi

337 3830 513 3903 citati.
545 3831 722 3888 Erant
751 3837 947 3889 autem
967 3832 1048 3888 illi
1080 3832 1442 3903 computistas
1462 3832 1546 3886 vel
1577 3831 1978 3900 calculatores,

336 3901 606 3976 deinceps
635 3903 911 3976 tabularii
957 3903 1121 3970 dicti,
1158 3901 1260 3976 qui
1311 3902 1612 3976 publicum
1671 3917 1979 3976 nummum

336 3973 553 4030 aerario
585 3974 934 4043 inferebant,
986 3990 1089 4031 seu
1139 3973 1236 4056 qui
1271 3973 1602 4100 .Eecuniam
1642 3975 1863 4046 regiam
1914 3990 1982 4056 ex

337 4045 599 4100 tributis.
631 4046 908 4100 nortoriis
934 4050 988 4100 et
1013 4044 1284 4100 vectigali
1334 4062 1404 4100 us
1435 4054 1656 4100 nartam
1687 4045 1746 4100 in
1779 4061 1981 4100 iuraris

337 4045 599 4120 tributis,
631 4046 908 4120 portoriis
934 4050 988 4104 et
1013 4044 1407 4120 vectigalibus
1435 4054 1656 4120 partam
1687 4044 1746 4120 in
1779 4044 1981 4120 iuraris

334 4115 681 4192 inferebant.
710 4118 840 4192 Fuit
858 4133 1089 4192 quoque
1116 4115 1613 4192 numerariusille,
1635 4116 1733 4187 qui
1759 4115 1980 4187 gladia-

333 4191 490 4263 tores
518 4194 576 4246 et
593 4191 840 4263 aurigas
865 4187 1204 4263 numeraret
1229 4188 1375 4263 etin
1411 4187 1664 4263 libellum
1705 4204 1976 4263 numera-

333 4261 486 4316 rium
516 4257 820 4330 referebat,
845 4262 916 4318 de
945 4277 1059 4330 quo
1097 4261 1215 4316 vid.
1269 4257 1519 4316 Salmas.
1554 4259 1649 4330 ad,
1671 4262 1792 4315 Scr.
1826 4259 1977 4316 Hist.

333 4336 480 4406 aug.
513 4334 659 4406 an,
693 4350 752 4406 p.
787 4334 910 4406 192.

333 4402 490 4476 adp.
523 4405 650 4460 405.
678 4402 736 4460 Si
767 4405 902 4462 talis
935 4405 1028 4462 hic
1057 4403 1404 4473 intelligitur
1426 4402 1826 4476 numerarius,
1859 4418 1976 4476 non

331 4474 500 4532 video
522 4477 829 4543 rationem,
863 4493 1036 4548 quare
1057 4474 1464 4548 admissionali
1485 4474 1737 4530 addatur
1755 4479 1813 4530 et
1831 4474 1974 4548 quid

331 4548 618 4604 ambobus
648 4549 730 4604 rei
756 4545 1067 4606 com'mune
1091 4547 1241 4604 sitin
1266 4546 1628 4619 negotiorum
1660 4550 1825 4619 tanta
1855 4545 1976 4619 dis-

334 4619 742 4676 similitudine.
774 4620 870 4676 Ait
910 4625 1104 4676 autem
1154 4617 1367 4675 auctor‘
1395 4623 1613 4688 uoster,
1664 4617 1977 4673 admissio-

333 4689 529 4772 natem
563 4691 856 4772 prqivisse
871 4692 1210 4772 numerario
1233 4690 1428 4752 verba,
1453 4705 1580 4772 quis
1609 4690 1974 4772 numerarius

335 4759 620 4835 deinceps,
639 4763 796 4821 clara
832 4768 890 4819 et
936 4779 1143 4820 sonora
1185 4776 1321 4819 voce
1368 4759 1734 4835 recitaverit;
1767 4765 1826 4835 et
1859 4760 1975 4835 pri-

998 4349 1030 4389 e
1066 4331 1178 4388 alio
1228 4330 1562 4387 numerario
1611 4329 1809 4387 Horrei
1857 4330 1972 4386 vid.

336 4848 498 4916 mum
530 4831 762 4916 quidem
795 4835 984 4916 Grasse
1014 4835 1303 4916 clamasse
1335 4833 1734 4916 numerarium
1766 4833 1842 4916 ab
1870 4831 1974 4914 ad-
2009 4851 2056 4916 Β

335 4903 661 4962 missionali
687 4907 965 4961 edoctum
997 4905 1202 4974 στήτω,
1232 4911 1439 4974 surgat,
1471 4918 1676 4973 nempe
1699 4904 1977 4972 patricius

339 4975 519 5047 eloco
542 4993 672 5044 suo,
688 4981 790 5032 aut
808 4976 981 5031 stetin
1006 4976 1256 5047 pedibus
1277 4975 1401 5047 suis
1423 4979 1751 5047 erec_tus;et
1771 4974 1982 5047 deinde

332 5046 391 5122 i_d
422 5046 619 5116 ipsum
651 5043 845 5122 Latine
877 5043 1105 5122 quoque
1143 5045 1481 5122 repetiisse:
1537 5045 1696 5122 Leva,
1728 5043 1980 5122 patricie,

337 5116 478 5183 loco,
538 5122 679 5173 aut:
738 5116 910 5187 Leve,
952 5116 1226 5186 patricie'
1266 5125 1518 5187 stratege,
1577 5121 1714 5187 aut_
1748 5116 1983 5187 patrici:

370 5191 608 5261 rce/ecta,
642 5189 782 5246 loco.
816 5183 976 5261 verti
1009 5205 1066 5261 p.
1087 5189 1194 5244 230
1213 5203 1411 5261 vocem
1437 5183 1553 5242 leva
1579 5183 1760 5261 :totlle'
1773 5185 1978 5242 velum.

388 5275 540 5332 eque
568 5261 783 5318 desunt
812 5259 954 5316 mihi
988 5259 1244 5332 rationes
1263 5260 1481 5331 quibus
1502 5272 1629 5313 eam
1653 5259 1984 5332 interpreta-

337 5330 558 5389 tionem
591 5333 919 5390 defendam.
953 5333 1064 5389 Sed
1097 5330 1328 5388 mallem
1379 5337 1573 5384 tamen
1614 5330 1852 5387 vertisse
1893 5339 1981 5386 at-

335 5403 466 5476 tolle
508 5412 578 5472 te,
621 5421 788 5476 surge
833 5407 915 5476 in,
947 5404 1124 5476 pedes.
1174 5403 1262 5460 lta
1304 5401 1579 5476 solebant
1621 5402 1817 5476 gmedib
1865 5417 1981 5458 aavo

334 5475 575 5547 verbum
606 5472 788 5534 levare
827 5472 1105 5534 adhibere
1155 5491 1257 5547 pro
1303 5474 1514 5547 levare,
1561 5472 1758 5547 tollere
1805 5480 1982 5528 semet

335 5543 559 5622 ipsum,
598 5565 858 5622 surgere,
901 5554 967 5622 ut
989 5565 1057 5622 ex
1075 5543 1454 5622 Ordinalibus
1471 5544 1747 5622 Bomanis
1760 5548 1984 5622 constat

341 5615 381 5672 l.
415 5633 488 5687 c.,
523 5615 582 5691 p.
614 5615 765 5678 447':
796 5621 982 5678 Finita
1012 5618 1216 5677 litania
1239 5619 1418 5689 surgit
1446 5615 1705 5671 dominus
1730 5617 1987 5742 pontiﬁce:

341 5686 562 5742 dicens:
604 5693 857 5742 Oremus.
920 5695 1191 5742 Diaconus
1217 5709 1236 5742 :
1279 5690 1590 5742 Flectamus
1625 5703 1823 5742 genua.
1921 5701 1985 5741 e-

337 5686 562 5745 diccus':
604 5693 857 5748 Oremus.
920 5695 1191 5749 Diaconus
1217 5709 1236 5745 :
1279 5686 1590 5746 Flectamus
1624 5686 1823 5758 genua.
1876 5686 1985 5742 Re-

342 5761 683 5830 spondetur:
726 5765 938 5833 Levate,
988 5765 1248 5834 Pontifex
1303 5761 1434 5818 dicit
1480 5761 1815 5827 orationem,
1868 5762 1980 5817 etc.

2086 3545 2343 3618 junctim
2371 3561 2439 3602 ac
2467 3544 2626 3602 velut
2667 3561 2770 3617 per
2805 3545 3149 3618 epexegesin
3182 3543 3362 3617 ὀρθοὶ,
3405 3546 3616 3617 στῶμεν
3648 3563 3749 3599 κα·-

2093 3612 2381 3678 λῶς.Νο,ω
2406 3619 2640 3689 quando
2655 3612 3018 3689 evangelium
3036 3612 3340 3688 legendum
3355 3612 3532 3683 esset,
3548 3634 3750 3674 assur-

2092 3692 2308 3760 gebant
2337 3695 2394 3743 et
2421 3689 2657 3745 stabant
2689 3706 2789 3760 per
2809 3694 2988 3745 totam
3012 3689 3173 3744 illam
3195 3689 3502 3745 lectionem
3533 3705 3547 3744 :
3582 3690 3746 3760 item,

2094 3759 2327 3830 quando
2351 3776 2547 3831 preces
2568 3759 2764 3816 essent
2789 3759 3087 3825 facienda,
3121 3761 3530 3831 assurgebant.
3566 3759 3748 3829 Chry-

2095 3836 2390 3902 sestomus
2410 3830 2839 3902 ΔἱξοτῑιὶΙηΧΧΙΧ
2863 3833 2930 3886 ad
2959 3831 3236 3902 populum
3272 3830 3696 3902 A’nlipcbenum
3729 3846 3741 3884 :

2094 3897 2250 3974 Εὐχῂ
2283 3899 2374 3974 καὶ
2406 3897 2588 3974 δὲησις
2627 3899 2865 3974 ἐκτενής.
2898 3901 3004 3974 Καὶ
3033 3897 3142 3974 γὰρ
3172 3899 3304 3974 auito
3331 3897 3492 3974 τοῦτο
3534 3898 3602 3974 τὸ
3639 3919 3745 3974 ,πα-

2091 3969 2494 4045 ρακέλιῦεσθαι
2527 3969 2911 4045 τὸνλδιάκονον
2943 3969 3134 4045 ὁίποίσιίΔ
3155 3970 3246 4045 stat
3290 3970 3497 4045 λέγειν’
3534 3970 3742 4045 Ὀρθοὶ,

2091 4038 2302 4115 στῶμεν
2355 4041 2558 4107 καλῶς,
2593 4040 2702 4117 οὐχ
2759 4039 2972 4105 ἁπλῶς,
3024 4038 3150 4096 οὐδὲ
3204 4041 3323 4111 εἰκῆ
3365 4038 3744 4113 ’νενομοθέτηὲ

2091 4132 2196 4168 ται.
2233 4143 2302 4155 —-
2343 4113 2441 4166 Διά
2485 4116 2647 4167 τοῦτο
2696 4113 2802 4168 γὰρ
2863 4111 3047 4168 καλῶς
3107 4112 3320 4167 ἑστάναι
3382 4118 3496 4167 κατ’
3534 4111 3742 4167 ἐκεῖνον

2089 4132 2196 4168 ται.
2233 4143 2302 4155 —-
2343 4132 2441 4166 Δια
2485 4133 2647 4167 τουτο
2696 4133 2802 4239 ἔαρ
2863 4132 3047 4176 καΛως
3107 4132 3320 4167 εσταναι
3382 4132 3496 4167 κατ’
3534 4132 3742 4167 εκεινον

2089 4185 2186 4270 ῖρν
2210 4183 2399 4270 καιρὸν
2426 4182 2696 4270 κολευρμε
2734 4204 2785 4270 α,
2813 4186 2889 4241 Τὸ
2911 4257 2924 4270 ι
2945 4185 3048 4270 γὰρ
3092 4183 3276 4270 καλῶς
3308 4183 3539 4270 forgive:
3591 4181 3743 4266 οὐδὲν

2089 4252 2232 4312 ἄλλο
2271 4252 2406 4324 ἐστι,
2437 4263 2548 4314 etc.
2585 4252 2786 4329 Liquet
2811 4273 2880 4329 ex
2910 4252 3029 4313 his"
3053 4257 3262 4328 verbis,
3294 4255 3451 4329 ὀρθοὶ
3498 4257 3742 4312 seorsim

2090 4335 2147 4384 et
2177 4329 2505 4385 distinctim
2535 4345 2570 4385 a
2611 4325 2991 4400 sequentibus
3033 4325 3256 4400 στῶμεν
3276 4325 3462 4388 καλῶς
3503 4329 3744 4384 efferen-

2092 4400 2234 4456 dum
2261 4416 2410 4464 esse,
2439 4405 2496 4456 et
2543 4416 2721 4458 novos
2752 4401 2978 4457 Graecos
3026 4400 3262 4456 inscitia
3291 4400 3655 4471 antiquitatis
3684 4403 3741 4455 et

2086 4486 2277 4528 errore
2306 4472 2561 4538 aurium,
2594 4489 2663 4529 ex
2716 4471 3042 4529 detestabili
3093 4487 3197 4528 suo
3246 4471 3552 4528 iotacismo
3601 4471 3738 4526 sub-

2087 4551 2240 4617 nato,
2302 4544 2657 4617 conjungere
2713 4544 2956 4617 in__suis
3025 4542 3549 4617 exclamationibus
3599 4547 3739 4617 ante

2085 4612 2747 4686 lectionem—sacrorum
2800 4615 3079 4672 librorum
3137 4615 3199 4671 iu
3247 4613 3505 4671 Ecclesia
3553 4612 3734 4686 σοφία.

2086 4684 2244 4758 ὀρθή,
2273 4690 2553 4758 tanquam
2583 4687 2633 4743 si
2663 4690 2816 4742 esset
2844 4688 3122 4752 sapientia
3151 4695 3301 4742 recta
3324 4703 3344 4758 ;_
3396 4701 3528 4758 cum
3549 4684 3735 4758 debe-

2085 4756 2215 4834 rent
2243 4775 2311 4812 ex
2339 4756 2517 4814 veteri
2566 4759 2835 4834 instituto
2885 4758 3173 4814 clamare:
3208 4756 3735 4834 Σοφίαμδαρὶςητίιι,

2090 4828 2188 4902 Dei
2204 4845 2446 4902 nempe,
2477 4845 2624 4884 nunc
2649 4830 2924 4902 loquetur,
2969 4845 3117 4883 nunc
3151 4824 3527 4902 recitabitur‘;
3554 4824 3733 4902 6990i,

2088 4899 2312 4955 scilicet
2340 4898 2520 4968 estote,
2553 4898 2876 4967 recti’sitis,
2911 4901 3099 4955 levate.
3131 4898 3402 4955 Albertus
3431 4898 3736 4955 Stadensis

2089 4973 2174 5043 Α,
2224 4971 2397 5043 H79:
2456 4972 2594 5026 Data
2651 4970 2928 5027 sententia
3001 4971 3058 5042 [a
3135 4987 3366 5027 summo
3443 4970 3735 5043 pontiﬁce]

2089 5042 2299 5115 volenti
2327 5042 2478 5113 loqui
2501 5044 2747 5115 deposito
2779 5043 2862 5114 [in
2893 5044 3160 5115 genubus
3191 5048 3250 5098 et
3296 5042 3457 5115 terra
3489 5043 3731 5115 jacenti]

2089 5113 2218 5168 data
2276 5128 2386 5168 non
2436 5116 2515 5168 est
2569 5112 3024 5178 audientiafsed
3082 5114 3344 5169 hostiarii
3384 5112 3734 5168 clamabant:

2091 5187 2302 5252 Levate,
2331 5183 2538 5240 andalc
2566 5185 2583 5257 [
2615 5201 2716 5239 seu
2750 5187 2901 5240 abite
2930 5184 3112 5257 hinc].
3158 5187 3407 5242 Tenenles
3445 5185 3637 5257 tecum
3685 5185 3738 5257 et

2087 5263 2294 5329 focum,
2325 5256 2584 5329 cubantes
2614 5265 2666 5312 et
2698 5257 2938 5312 levantes
2971 5256 3098 5329 [seu
3141 5256 3460 5329 surgentes]
3493 5257 3551 5310 in
3583 5256 3738 5329 justi-

2115 5295 2272 5312 υνκ...
2325 5295 2583 5312 mea...“
2614 5295 2663 5312 υ.
2698 5295 2937 5312 πωπω..
2996 5295 3098 5313 ου..
3141 5295 3230 5314 ου,
3278 5295 3438 5313 seu...
3609 5295 3713 5309 ..νη

2089 5295 2168 5384 ίία
2199 5300 2532 5400 [territorio]
2564 5329 2824 5400 alicujus,
2848 5295 3734 5385 occxirruntinbveteribuschar-

2088 5399 2186 5455 tis.
2213 5399 2309 5455 Sic
2340 5399 2742 5472 quoqueinl'ra
2772 5401 2926 5470 apud
2945 5400 3221 5457 Nostrum
3256 5417 3311 5472 p.
3342 5401 3464 5466 140i,
3490 5400 3735 5472 trans/er

2131 5487 2193 5527 ro
2223 5469 2562 5543 transieris,
2595 5471 2708 5526 alio
2757 5469 2980 5543 migra;
3014 5473 3128 5528 vid.
3181 5469 3273 5527 Du
3314 5472 3510 5543 Gange
3541 5469 3730 5543 Gloss,

2135 5548 2215 5598 at.
2251 5542 2306 5599 h.
2339 5560 2393 5600 v.
2428 5542 2500 5599 Ut
2532 5544 2766 5600 redeam
2820 5541 2973 5599 unde
3019 5543 3254 5613 deverti,
3307 5541 3533 5600 videtur
3585 5541 3730 5595 mihi

2089 5615 2461 5688 numerarius
2488 5630 2615 5672 esse
2644 5614 2960 5688 cohortalis
2991 5614 3206 5688 aliquis
3237 5615 3309 5672 de
3337 5615 3594 5688 tagmate
3624 5613 3732 5668 Nu-

2088 5686 2230 5742 meri
2248 5685 2335 5742 vel
2366 5687 2644 5743 Artthmos
2664 5685 2839 5744 dicto.
