4158 6212
401 361 521 426 499

1477 366 2007 427 CONSTANTINI
2054 366 2748 429 PORPHYROGENITI

3700 367 3821 431 500

401 506 665 576 puteum,
697 518 945 573 cumque
974 502 1155 557 cereis
1177 503 1439 558 accensis
1468 504 1752 576 templum
1777 504 2044 577 ingressi,

2166 504 2232 558 τὰ
2261 504 2543 575 ποιήματα
2594 502 2787 558 αὐτῶν.
2822 503 2949 559 Ὅτε
2980 499 3037 556 δὲ
3067 500 3213 578 λέγει
3252 503 3315 557 τὸ
3365 499 3541 576 ὄνομα
3590 503 3679 558 καὶ
3718 508 3819 575 τήν

402 592 463 647 in
497 608 737 648 scamno
766 592 1142 663 patriciorum
1178 592 1527 662 consistunt,
1561 601 1617 649 et
1648 610 1780 649 cum
1817 602 2049 666 tempus

401 681 753 752 precationis
784 698 817 735 a
849 679 1177 750 patriarcha
1215 697 1391 752 super
1435 683 1698 754 patriciis
1746 687 2050 739 recitandae

403 769 853 841 appropinquat,
884 769 1043 825 venit
1074 771 1502 827 reterendarius
1533 788 1749 843 eosque
1792 774 2053 841 advocat,

404 863 461 914 et
481 858 564 914 sic
586 857 868 929 templum
892 863 948 914 et
968 859 1209 926 soleam,
1226 860 1321 915 ubi
1346 862 1774 918 antimensium
1798 864 2051 936 positum

399 951 506 1008 est.
531 947 765 1003 intrant.
800 947 1136 1005 Patriarcha
1155 950 1225 1004 ab
1250 949 1420 1005 altari
1446 953 1787 1023 procedens,
1810 954 2052 1009 codicil-

397 1038 487 1094 los
517 1039 589 1094 ab
618 1040 764 1111 ipsis
795 1044 1064 1111 sumptos
1094 1041 1152 1095 in
1184 1042 1540 1099 antimensio
1573 1044 1820 1116 reponit,
1853 1060 2051 1115 preces

403 1127 622 1194 reeitat,
638 1132 694 1184 et
714 1128 805 1184 his
831 1130 1037 1196 ﬁnitis,
1059 1130 1379 1203 unicuique
1402 1133 1646 1204 patricio
1664 1150 1804 1189 suos
1822 1134 2049 1190 codicil-

396 1216 483 1274 los
515 1218 728 1286 tradit;
762 1236 877 1291 quo
909 1219 1080 1287 facto,
1112 1220 1329 1292 singuli
1364 1222 1591 1294 patricii
1623 1223 1777 1279 dona
1809 1240 1916 1279 sua
1948 1240 2050 1280 seu

402 1307 746 1379 apocombia
777 1308 837 1362 in
868 1308 1219 1364 antimensio
1252 1310 1521 1379 otl'erunt,
1556 1317 1847 1384 strategus
1889 1329 2055 1368 num-

406 1414 533 1453 mos
566 1397 777 1465 LXXII,
810 1399 1144 1454 ordinarius
1179 1401 1241 1465 L,
1274 1400 1622 1457 honorarius
1653 1402 1908 1459 XXXVI.
1945 1409 2052 1460 Pa-

402 1488 656 1545 triarcba
685 1489 754 1543 ad
780 1488 1221 1557 antimensium,
1250 1489 1309 1545 in
1342 1508 1453 1561 quo
1470 1492 1623 1548 dona
1644 1497 2050 1565 reposuerunt,

407 1593 733 1649 progresso,
769 1578 989 1648 patricii
1010 1577 1246 1645 intrant,
1272 1583 1329 1634 et
1350 1582 1757 1637 communione
1782 1582 1927 1653 ipsis
1949 1583 2055 1635 im-

407 1667 639 1737 pertita,
664 1667 735 1721 ad
764 1682 1070 1721 scamnum
1096 1667 1473 1738 patriciorum
1500 1670 1832 1739 discedunt,
1853 1686 2056 1726 omnes

407 1770 545 1826 saga
570 1770 864 1825 purpurea
894 1760 1148 1825 gestant,
1181 1760 1238 1810 et
1265 1756 1547 1827 obsequio
1605 1758 1890 1829 promotis
1940 1758 2058 1813 dis-

406 1844 651 1911 tributo,
682 1844 752 1897 ad
784 1844 984 1899 domos
1016 1860 1152 1899 suas
1184 1860 1320 1900 cum
1365 1846 1672 1901 comitibus
1723 1847 2053 1903 discedunt.

409 1931 722 1989 Silentiarii
745 1932 903 2003 sagis
928 1936 1117 1988 russis
1147 1933 1361 2005 induti,
1394 1936 1725 1991 conscensis
1755 1937 1938 2008 equis,
1972 1936 2055 2008 ip-

408 2036 605 2076 sorum
628 2020 924 2076 codicillos
948 2027 1177 2092 portant
1197 2028 1253 2077 et
1276 2039 1458 2094 usque
1478 2025 1546 2078 ad
1567 2025 1771 2081 domos
1794 2042 1932 2080 suas
1955 2041 2054 2081 eos

410 2114 756 2180 sequuntur.
792 2110 851 2165 Si
892 2115 1187 2180 promotus
1227 2112 1505 2182 patricius
1562 2129 1799 2168 uxorem
1862 2113 2052 2184 habet,

409 2199 762 2254 silentiarius
793 2199 1091 2255 codicillos
1125 2202 1376 2271 patriciae
1409 2202 1581 2268 tradi,
1613 2203 1763 2258 etab
1785 2220 1852 2259 ea
1883 2221 2054 2259 num-

409 2301 535 2341 mos
556 2285 649 2340 XII
674 2286 884 2357 accipit
908 2304 919 2343 :
943 2287 991 2341 si
1014 2288 1220 2344 caelebs
1244 2294 1348 2357 est,
1374 2289 1731 2347 silentiarius
1754 2291 2054 2348 codicillos

412 2374 471 2430 in
505 2375 742 2446 grabato
770 2377 897 2445 ejus
928 2378 1175 2448 reponit,
1209 2379 1280 2433 ab
1312 2378 1436 2450 ipso
1470 2396 1744 2435 nummos
1773 2381 1877 2437 Xll
1900 2382 2054 2437 acci-

407 2464 513 2535 pit,
546 2469 602 2519 et
633 2464 894 2520 convivio
920 2464 1159 2535 insuper
1183 2471 1476 2538 exceptus,
1510 2468 1750 2524 domum
1783 2470 2052 2527 discedit.

2162 594 2328 663 ἀξίαν,
2364 597 2656 661 προσκυνεῖ
2706 592 2843 667 πρὸς
2872 592 2964 646 τὸν
2998 588 3289 667 δήμαρχον
3330 593 3418 647 καὶ
3470 593 3565 647 τὸν
3610 592 3813 668 δῆμον,

2161 682 2251 735 καὶ
2318 683 2345 735 6
2397 678 2686 755 δήμαρχος
2743 680 2878 755 πρὸς
2938 679 3097 734 αὐτὸν
3142 686 3314 734 ποιῶν
3357 681 3419 735 τὸ
3465 677 3626 744 σέϐας
3671 687 3810 757 (70),

2163 770 2374 844 ὁμοίως
2403 768 2766 844 ἀκτολογοῦσι
2807 771 2898 824 καὶ
2937 771 3064 831 τοὺς
3112 770 3365 839 λοιποὺς,
3398 772 3613 844 ὁμοίως
3650 772 3742 827 καὶ
3781 775 3810 828 6

2164 858 2341 933 δῆμος
2379 864 2476 914 τοῦ
2525 860 2769 915 Βενέτου.
2805 858 2909 913 Καὶ
2968 858 3301 934 ἀπέρχονται
3362 860 3414 914 οἱ
3471 856 3813 935 προϐληθέν-

2163 970 2248 1012 τες
2300 946 2388 1003 διὰ
2432 952 2529 1003 τοῦ
2586 952 2760 1026 χυτοῦ
2803 955 2903 1017 τῆς
2941 950 3161 1024 χαλκῆς
3211 948 3288 1010 εἷς
3324 949 3387 1003 τὸ
3432 950 3589 1026 ἅγιον
3622 952 3811 1027 φρέαρ,

2163 1037 2253 1093 καὶ
2286 1038 2514 1093 ἅπτουσι
2568 1037 2772 1113 κηροὺς
2829 1038 2917 1091 καὶ
2967 1037 3306 1112 εἰσέρχονται
3366 1037 3417 1091 ἐν
3449 1043 3531 1111 τῷ
3556 1045 3689 1112 ναῷ,
3722 1041 3814 1096 καὶ

2158 1127 2403 1183 ’ίστανται
2436 1126 2512 1191 είς
2537 1128 2599 1181 τὸ
2641 1128 2875 1200 σκάμνον
2908 1132 3016 1182 τῶν
3060 1127 3384 1201 πατρικίων,
3418 1128 3510 1183 καὶ
3551 1128 3639 1185 ὅτε
3671 1130 3811 1186 ἐστιν

2171 1219 2198 1272 6
2248 1218 2434 1293 καιρὸς
2494 1217 2737 1293 γενέσθαι
2795 1218 2896 1285 τὴν
2956 1217 3127 1293 εὐχὴν
3182 1221 3290 1272 τῶν
3328 1219 3631 1295 πατρικίων
3671 1221 3819 1294 παρά

2168 1308 2267 1363 τοῦ
2302 1308 2675 1386 πατριάρχου,
2714 1301 2936 1383 ἔρχεται
2968 1309 2995 1362 6
3043 1306 3451 1385 ῥεφερενδάριος
3499 1310 3588 1364 καὶ
3646 1330 3817 1385 προσ-

2166 1396 2413 1452 καλεῖται
2455 1396 2671 1463 αὐτοὺς,
2697 1398 2784 1451 καὶ
2820 1396 3159 1471 εἰσέρχονται
3199 1397 3275 1458 εἰς
3306 1398 3397 1460 τὸν
3430 1400 3555 1454 ναὸν
3605 1400 3681 1462 εἰς
3718 1402 3816 1469 τὴν

2170 1485 2432 1555 σωλαίαν,
2466 1482 2583 1540 ἔνθα
2629 1482 2844 1541 ⁹ίσταται
2900 1486 2963 1539 τὸ
3012 1485 3334 1558 ἀντιμίσιον.
3369 1486 3475 1542 Καὶ
3543 1487 3818 1567 ἐξέρχεται

2168 1575 2196 1629 ὁ
2235 1575 2588 1649 πατριάρχης
2627 1573 2686 1628 ἐκ
2715 1577 2810 1629 τοῦ
2850 1574 3258 1648 θυσιαστηρίου,
3290 1576 3375 1629 καὶ
3428 1572 3695 1649 λαμϐάνει
3754 1578 3820 1632 τὰ

2164 1661 2506 1719 κωδιιέλλια
2536 1662 2586 1734 ἐξ
2632 1663 2837 1731 αὐτῶν,
2876 1661 2967 1717 καὶ
3012 1663 3224 1732 τίθησιν
3275 1663 3409 1719 αὐτὰ
3444 1662 3495 1718 ἐν
3536 1669 3614 1736 τῷ
3664 1668 3818 1721 ἀντι-

2170 1752 2355 1827 μισίῳ,
2386 1751 2475 1806 καὶ
2504 1756 2655 1806 ποιεῖ
2698 1752 2798 1819 τήν
2832 1751 3027 1826 εὐχὴν,
3059 1753 3149 1806 καὶ
3210 1753 3308 1806 εἶθ’
3336 1753 3510 1814 οὕτως
3552 1752 3814 1808 ἐπιδίδω-

2168 1862 2250 1896 σιν
2302 1840 2375 1895 ένὶ
2427 1840 2635 1912 έκάστῳ
2683 1838 2953 1913 πατρικίῳ
2998 1841 3063 1893 τὰ
3117 1838 3451 1895 κωδικέλλια
3500 1841 3813 1911 αὐτῶν,καὶ

2158 1929 2385 1991 ἕκαστος
2414 1929 2695 2002 πατρίκιος
2727 1928 2906 1999 τίθησι
2937 1930 3000 1983 τὸ
3032 1924 3371 2002 ἀποκόμϐιον
3423 1928 3588 1985 αὐτοῦ
3631 1930 3682 1986 έν
3733 1937 3815 2005 τῷ

2166 2018 2483 2092 ἀντιμισίῳ,
2530 2019 2557 2072 6
2607 2019 2907 2094 στρατηγὸς
2952 2018 3264 2091 νομίσματα
3312 2021 3422 2091 (71)
3474 2020 3575 2096 οβ’,
3633 2022 3660 2075 6
3719 2016 3817 2095 ἔμ-

2162 2131 2399 2185 πραττος
2443 2109 2752 2183 νομίσματα
2806 2116 2868 2181 ν’,
2921 2111 2948 2164 ὁ
3004 2108 3279 2183 ἄπραττος
3339 2112 3659 2185 νομίσματα
3712 2111 3813 2175 λςῖ

2164 2201 2265 2256 Καὶ
2301 2199 2600 2273 ἀπέρχεται
2645 2200 2672 2252 6
2702 2199 3056 2273 πατριάρχης
3098 2197 3151 2253 ἐν
3208 2203 3288 2271 τῷ
3346 2200 3660 2273 ἀντιμισίῳ,
3693 2198 3819 2265 ἔνθα

2164 2284 2438 2361 μεταδίδει
2468 2288 2588 2330 ³⁴-³⁵
2609 2289 2747 2359 (72),
2794 2288 2883 2341 καὶ
2933 2281 3270 2363 εἰσέρχονται
3312 2290 3365 2342 οἱ
3395 2291 3675 2365 πατρίκιοι
3725 2289 3817 2344 καὶ

2164 2379 2561 2447 κοινωνοῦσιν,
2586 2375 2682 2429 εἶθ’
2722 2376 2901 2438 οὕτως
2959 2378 3291 2453 ἀπέρχονται
3350 2378 3429 2442 εἷς
3469 2378 3533 2433 τὸ
3582 2378 3820 2452 σκάμνον

2164 2470 2277 2521 τῶν
2311 2465 2637 2539 πατρικίων,
2668 2465 2758 2519 καὶ
2792 2469 3024 2541 φοροῦσι
3055 2465 3214 2541 σαγία
3246 2464 3483 2537 ἀληθινὰ
3526 2466 3823 2545 ἀμφότεροι

408 2553 502 2608 καὶ
557 2549 925 2627 διαμερίζεται
994 2556 1106 2627 (75)
1166 2555 1227 2609 τὸ
1287 2554 1498 2629 ὀψίκιον
1562 2556 1637 2620 είς
1692 2557 1819 2620 τοὺς
1877 2554 2312 2633 προϐληθέντας,
2353 2555 2443 2610 καὶ
2502 2554 2887 2630 ἀναχωροῦσιν
2938 2556 3014 2617 εἱς
3067 2555 3195 2618 τοὺς
3228 2556 3414 2619 οἷ’κους
3469 2558 3649 2614 αὐτῶν
3700 2559 3827 2633 ὀψι-

408 2644 711 2718 κευόμενοι.
755 2644 859 2699 Καὶ
920 2646 970 2699 ο¹ι
1032 2643 1389 2719 σιλεντιάριοι
1452 2650 1739 2725 φοροῦντες
1798 2647 1957 2721 σαγία
2015 2647 2148 2723 ῥοῆς
2206 2640 2600 2719 καὸαλλάριοι,
2655 2646 3008 2720 βαστάζοντες
3079 2656 3146 2701 τὰ
3210 2643 3549 2703 κωδικέλλια
3623 2648 3821 2721 αὐτῶν,

408 2733 500 2789 καὶ
549 2730 883 2810 ἀπέρχονται
936 2734 1102 2809 μέχρι
1157 2739 1263 2791 τῶν
1312 2734 1476 2790 οἴκων
1526 2736 1702 2792 αὐτῶν
1762 2737 2126 2811 ὀψικεύοντες.
2159 2736 2223 2794 Εἰ
2278 2736 2372 2808 μὶν
2433 2734 2551 2810 ἔχει
2582 2740 2809 2811 γυναῖκα
2857 2737 2885 2790 6
2934 2731 3272 2811 προϐληθεὶς
3310 2738 3615 2812 πατρίκιος,
3646 2736 3823 2795 ἐπιδί-

412 2822 575 2880 δωσιν
631 2824 658 2878 ὁ
709 2822 1069 2899 σιλεντιάριος
1129 2826 1196 2878 τὰ
1250 2822 1589 2880 κωδικέλλια
1637 2831 1706 2900 τῇ
1763 2827 2041 2901 πατρικίᾳ,
2069 2827 2161 2881 καὶ
2220 2821 2487 2898 λαμϐάνει
2547 2824 2598 2894 ἐξ
2638 2825 2804 2893 αὐτῆς
2859 2826 3171 2898 νομίσματα
3224 2828 3311 2900 ιβ”
3347 2827 3393 2881 εί
3446 2824 3503 2881 δὲ
3552 2828 3655 2883 οὐκ
3702 2826 3819 2903 ἔχει

421 2919 673 2990 γυναῖκα,
704 2912 918 2983 τίθησιν
974 2913 1107 2967 αὐτὰ
1165 2913 1239 2975 εἰς
1295 2914 1386 2968 τὸν
1443 2909 1744 2989 κράϐαττον
1795 2912 1979 2982 αὖτοῦ,
2038 2917 2127 2969 καὶ
2195 2909 2461 2987 λαμϐάνει
2517 2914 2583 2968 τὰ
2640 2914 2710 2987 ιβ’
2770 2912 3082 2987 οομίσματα
3138 2912 3189 2985 ἐξ
3248 2914 3432 2985 αὐτοῦ,
3482 2917 3572 2971 καὶ
3629 2916 3824 2992 ἀριστᾷ

528 3004 541 3023 ›
616 3002 629 3022 ν
710 3006 733 3016 ε’
1094 3003 1119 3019 Π
1518 3008 1540 3019 ’⁸
1602 3002 1622 3025 ,ρ
1729 3004 1743 3022 \
2053 3003 2066 3024 9
2143 3008 2169 3018 ’³

417 3023 521 3076 μετ
572 3022 737 3057 αυτου
770 3004 903 3075 (74),
934 3003 1024 3057 καὶ
1057 3023 1233 3064 ουτως
1265 3002 1538 3079 ἀναχωρει
1573 3024 1649 3058 εις
1690 3024 1781 3059 τον
1815 3005 1963 3059 οἶκον
2008 3024 2194 3060 αυτου.

482 3098 549 3151 V.
585 3095 1025 3151 Observandum
1078 3099 1186 3163 est,
1236 3097 1389 3167 quod
1431 3096 1521 3151 die
1565 3096 1713 3152 festo
1764 3096 2050 3168 promotio

2239 3094 2308 3149 E’.
2344 3094 2460 3167 Χρὴ
2514 3090 2569 3147 δὲ
2617 3093 2922 3166 γινώσκειν,
2949 3094 3031 3147 ὅτι
3090 3092 3141 3148 έν
3204 3094 3367 3169 έορτῇ
3430 3090 3684 3169 προϐολὴ
3721 3115 3822 3150 πα-

412 3184 635 3257 patrieii
667 3200 781 3239 non
824 3183 1189 3248 instituatur,
1222 3184 1566 3240 instituatur
1619 3202 1748 3240 vero
1795 3184 1855 3239 in
1889 3186 2056 3240 dode-

2166 3183 2376 3257 τρικίου
2434 3183 2495 3237 οὗ
2560 3181 2786 3257 γίνεται,
2842 3184 2941 3250 τήν
3025 3179 3441 3258 δωδεκαήμερον
3521 3188 3636 3257 (75)
3714 3190 3820 3239 τῶν

414 3289 673 3331 caemero
728 3273 1030 3339 festorum,
1065 3273 1122 3327 in
1179 3272 1523 3329 hexaemero
1581 3275 1918 3345 septimanis
1978 3290 2061 3329 re-

417 3361 764 3424 novationis,
799 3362 856 3415 in
889 3362 981 3415 die
1016 3361 1343 3416 Palmarum
1374 3370 1428 3416 et
1472 3364 1773 3417 Dominica
1814 3378 2059 3433 pagana.

416 3452 627 3506 Sancto
660 3450 915 3503 Sabbato
941 3455 1181 3505 senatus
1203 3450 1570 3520 admonetur,
1596 3458 1659 3506 ut
1682 3452 1826 3507 albis
1847 3452 2062 3508 tunicis

412 3544 469 3596 et
497 3539 823 3593 alrebaticis
857 3539 1108 3604 incedat,
1140 3545 1197 3594 et
1229 3541 1575 3613 priusquam
1608 3541 1831 3597 domini
1876 3542 1935 3597 in
1966 3558 2064 3597 ec-

416 3626 654 3684 clesiam
708 3627 962 3695 veniant,
1017 3631 1305 3684 secretum
1352 3630 1633 3686 candidas
1683 3631 1913 3687 tunicas
1960 3647 2063 3703 ge-

416 3720 583 3773 stans
613 3718 671 3772 in
705 3716 1166 3788 ehrysolriclinio
1191 3724 1395 3789 praesto
1425 3722 1533 3788 est,
1559 3719 1843 3791 promotio
1865 3720 1936 3775 ad
1961 3736 2063 3791 pa-

415 3806 681 3863 triciatus
725 3806 1067 3878 dignitatem
1117 3806 1462 3877 celebratur,
1515 3816 1563 3864 et
1609 3809 1668 3863 in
1719 3809 2063 3866 consistorio

415 3896 697 3954 solemnis
727 3896 1095 3967 imperatoris
1126 3897 1184 3953 in
1215 3897 1425 3954 throno
1448 3915 1747 3954 consessus
1780 3900 1863 3965 tit,
1896 3915 2064 3955 sena-

418 3991 514 4041 tus
533 3985 724 4043 omnis
747 3985 1094 4041 atrebaticas
1124 3987 1376 4056 tunicas,
1408 3992 1469 4043 ut
1488 3988 1579 4043 die
1612 3988 1796 4044 sancti
1829 3988 2067 4049 Sabbati

421 4092 547 4132 mos
584 4080 692 4141 est,
726 4075 954 4148 patricii
996 4091 1194 4131 recens
1249 4078 1423 4133 creati
1471 4077 1785 4133 atrebatica
1816 4083 2063 4141 mutant,

421 4169 588 4241 sique
619 4168 677 4223 in
713 4166 801 4223 bis
832 4171 1124 4237 strategus
1146 4171 1256 4237 est,
1289 4184 1492 4239 sagum
1519 4183 1871 4239 purpureum
1896 4183 2066 4222 suos-

2167 3271 2369 3345 έορτῶν
2419 3274 2622 3345 γίνεται
2670 3272 2762 3325 καὶ
2811 3272 2909 3339 τὴν
2970 3272 3269 3347 έξαήμερον
3320 3276 3419 3337 τῆς
3484 3271 3822 3344 διακαινησί-

2170 3382 2296 3435 μου,
2327 3362 2417 3415 καὶ
2469 3363 2568 3429 την
2623 3361 2831 3435 ἡμέραν
2861 3366 2967 3415 τῶν
3008 3362 3179 3415 Βαίων
3214 3365 3303 3417 καὶ
3363 3362 3414 3417 ἐν
3470 3369 3684 3440 παγανῇ
3720 3370 3825 3423 Κυ-

2169 3456 2333 3527 ριακῇ
2375 3451 2441 3516 ³6,
2476 3452 2565 3504 καὶ
2595 3450 2658 3504 τὸ
2690 3452 2846 3526 ἅγιον
2879 3446 3161 3505 Σάϐϐατον
3198 3451 3458 3524 μηνύεται
3508 3455 3542 3522 ἡ
3590 3454 3829 3529 σύγκλη-

2170 3561 2288 3608 τος,
2345 3538 2436 3593 ’ἱνα
2480 3539 2786 3614 βαστάζωσι
2835 3541 2901 3593 τὰ
2946 3538 3124 3615 ἄσπρα
3173 3539 3440 3619 χλανίδια
3509 3543 3644 3616 μετά
3717 3550 3826 3599 τῶν

2172 3623 2568 3703 ἀτραϐατικῶν,
2628 3627 2715 3683 καὶ
2760 3629 2864 3702 πρὸ
2920 3633 3017 3683 τοῦ
3069 3629 3322 3685 ἀπελθεῖν
3381 3630 3506 3687 τοὺς
3559 3630 3823 3699 δεσπότας

2173 3718 2250 3780 εἷς
2307 3718 2407 3785 τὴν
2468 3715 2763 3788 ἐκκλησίαν
2825 3716 3044 3796 δέχεται
3121 3718 3366 3795 σέκρετον
3426 3721 3558 3792 μετὰ
3615 3722 3823 3779 λευκῶν

2172 3804 2476 3882 χλανιδίων
2526 3806 2601 3868 εἷς
2650 3805 2711 3861 τὸ
2762 3806 3241 3881 χρυσοτρίκλινον,
3271 3810 3361 3863 καὶ
3392 3809 3587 3884 γίνεται
3618 3812 3653 3879 ἡ
3686 3831 3823 3885 προ-

2173 3894 2317 3965 ϐολή
2359 3902 2459 3965 τῆς
2509 3897 2897 3971 πατριότητος,
2932 3895 3017 3950 καὶ
3061 3893 3270 3952 δίδοται
3322 3899 3721 3972 μεταστάσιμον
3771 3898 3827 3955 ἓν

2173 3990 2254 4057 τῷ
2312 3985 2704 4059 κονσιστωρίῳ,
2765 3985 2854 4038 καὶ
2912 3982 3174 4040 ἀλλάσσει
3232 3991 3377 4042 πᾶσα
3423 3989 3457 4057 ἡ
3520 3988 3829 4065 σύγκλητος

2176 4068 2505 4148 ἀτραϐατικὰ
2534 4072 2796 4148 χλανίδια
2826 4073 2960 4129 κατὰ
2998 4076 3096 4145 τὴν
3144 4078 3427 4146 συνήθειαν
3472 4085 3571 4147 τῆς
3618 4077 3827 4152 ἡμέρας

2174 4168 2272 4218 τοῦ
2319 4162 2474 4238 ἁγίου
2533 4158 2836 4233 Σαϐϐάτου,
2889 4163 3099 4237 ὁμοίως
3166 4164 3255 4219 καὶ
3315 4167 3365 4219 οἱ
3423 4163 3830 4240 προϐληθέντες

1709 4267 1945 4323 νΑΡιΙΕ
1986 4264 2396 4321 LECTIONES.

492 4364 607 4407 ⁸⁴-³⁶
642 4361 971 4438 μεταδίδωσι
1015 4364 1106 4422 ed.
1186 4363 1233 4399 ³⁵
1263 4366 1517 4438 κυριακῇ,
1550 4363 1640 4418 καὶ
1670 4364 1761 4422 3d-

1452 4470 1651 4525 JOAN.
1692 4471 1829 4524 JAC.
1874 4467 2136 4524 REISKII
2174 4465 2764 4526 COMMENTARIUS.

494 4570 608 4639 (70)
640 4569 878 4625 Videtur
901 4566 1183 4643 peculiare
1206 4566 1439 4643 aliquod
1466 4566 2069 4643 genusinclinatioqis
2099 4569 2146 4633 Β
2182 4573 2319 4643 tunc
2356 4580 2485 4643 sese
2518 4565 2745 4643 dividit,
2776 4564 2839 4620 hi
2870 4581 2932 4621 se
2963 4565 3096 4623 huic
3126 4567 3383 4639 patricio,
3417 4569 3513 4625 alii
3546 4574 3829 4643 secundo,

424 4635 682 4710 corporis
731 4656 831 4713 seu
884 4635 1328 4713 προσκυνῖςςεως,
1361 4635 1720 4713 adoratiortz's,
1752 4635 2070 4713 fuisse.__'I:6

424 4704 707 4783 προσῆκον
748 4704 1039 4783 ἀπονέμειν
1092 4704 1253 4770 σέϐας
1310 4709 1487 4783 habet
1541 4709 1781 4783 Cedren,
1835 4728 1887 4780 p.

425 4777 773 4845 Ιᾶθηισὲϐας
808 4777 1051 4853 ριιοίίὶόο
1083 4788 1252 4852 atque
1291 4780 1567 4853 religione
1616 4781 1809 4853 posuit
1836 4777 1909 4851 'p.
1943 4782 2070 4853 604.

496 4857 610 4928 (71)
653 4857 749 4912 Μ..
781 4850 919 4928 νῖι,ὄ
948 4850 1174 4928 duplici
1199 4850 1680 4928 superimposito:
1700 4853 1763 4909 Id
1794 4850 1878 4909 est
1909 4850 2072 4923 νομί-

426 4924 626 4999 σματα.
661 4929 781 4984 Mos
814 4926 910 4982 ille
953 4924 1059 4999 fuit
1107 4925 1348 4999 librarii,
1373 4930 1438 4980 ut
1464 4924 1469 4925 ⁷
1496 4924 1750 4999 plurales
1801 4941 2073 4980 numeros

427 4996 528 5073 per
557 4998 909 5073 compendia,
930 4998 1193 5073 scribens
1214 4998 1434 5073 litteras
1451 4996 1816 5073 geminaret;
1851 5001 1912 5073 ut
1936 5015 2071 5073 κοκο

427 5067 563 5127 sunt
597 5067 861 5139 comites,
894 5067 966 5142 λλ
1000 5069 1373 5142 ευηιμλίτραι,
1410 5067 1506 5142 ubi
1539 5084 1722 5124 unum
1763 5087 1825 5121 κο
1869 5068 2075 5123 fuisset

426 5147 609 5215 κόμης
642 5150 698 5201 et
732 5158 905 5197 unum
939 5138 972 5195 λ
1006 5138 1689 5215 unalibra.Nomismata
1712 5146 1906 5215 autem
1935 5143 2074 5215 sunt

428 5211 658 5271 nummi
689 5215 873 5282 aurei,
895 5229 1143 5284 quorum
1181 5214 1281 5266 100
1310 5212 1475 5284 initio
1490 5219 1547 5268 et
1570 5212 1784 5284 secutis
1802 5211 2073 5284 tempori-

428 5288 539 5342 bus
576 5289 649 5341 72
676 5282 1083 5341 tantummodo
1114 5284 1320 5338 libram
1355 5282 1480 5337 auri
1506 5282 1851 5349 efficiebant,
1877 5287 1934 5337 et
1960 5282 2075 5336 sin-

428 5358 567 5429 gula
597 5360 868 5413 duodena
900 5355 1217 5429 miliaresia
1245 5354 1641 5429 continebant.

500 5430 615 5499 (72)
785 5422 1193 5501 μεταδίδᾲιηὴοο
1256 5431 1345 5481 est
1404 5420 1698 5497 μεταδίδει.
1745 5423 2071 5495 Smpissime

428 5494 636 5556 Noster
666 5494 830 5572 ὃίδεὶν
861 5517 964 5572 pro
996 5494 1500 5572 διδόναιυευτρθι,

500 5574 611 5643 (73)
664 5571 803 5629 Vult
859 5567 1320 5643 dicereehTota
1384 5567 1555 5643 turba
1613 5567 2064 5643 silentiariorum

428 5640 884 5715 caeter’orumque
930 5640 1427 5715 officialium,_qui
1475 5655 1675 5715 recens
1720 5640 2065 5715 honoratum

430 5712 856 5788 obscquiare—et
888 5731 1014 5770 cum
1045 5730 1250 5785 pompa
1276 5712 1510 5768 domum
1531 5713 1635 5767 ded
1650 5729 1812 5767 uecre
1833 5712 2063 5775 debent,

2182 4636 2279 4714 alii
2306 4641 2471 4714 tertio
2495 4642 2551 4690 et
2573 4636 2657 4691 sic
2681 4653 2851 4714 porro
2873 4636 3284 4714 aggregaht,et
3306 4636 3824 4714 eumobsequiaut;

2184 4706 2535 4785 ’A_pp6_r_spoz,
2598 4714 2658 4762 ut
2686 4706 2762 4763 in
2817 4706 3456 4785 prae—cedentibusgjam
3516 4706 3827 4785 aliquoties

2182 4780 2554 4856 offendimus,
2589 4796 2771 4856 omnes
2803 4787 2981 4856 notat,
3023 4798 3138 4856 non
3191 4780 3366 4856 ambo.
3401 4780 3695 4856 Quotquot
3726 4788 3827 4843 de-

2183 4869 2358 4929 muAm‘
2381 4852 2596 4929 fuerint
2625 4853 2872 4929 patricii,
2906 4850 3231 4929 ἀμφότεροι,
3265 4855 3441 4911 simul
3493 4850 3714 4913 omnes.

2252 4922 2365 4994 (74)
2397 4922 2476 4978 De
2507 4923 2782 4978 conviviis
2831 4922 3154 4980 amicorum
3195 4943 3327 4981 cum
3382 4944 3582 4983 recens
3632 4935 3825 4986 creato

2183 5010 2524 5072 quocunque
2557 4994 2896 5072 magistratu
2944 4996 3157 5072 die_§u‘i
3208 4997 3405 5072 ofﬁcii,
3437 5015 3550 5072 seu
3588 5016 3675 5066 eo,
3708 5018 3825 5072 quo

2182 5067 2436 5138 primum
2472 5073 2771 5138 promotus
2805 5068 2930 5132 fuit,
2961 5084 3017 5122 v.
3043 5067 3230 5124 Vales.
3256 5071 3326 5125 ad
3362 5071 3653 5126 Ammian.
3680 5067 3823 5128 Mar-

2182 5136 2309 5193 celi.
2351 5156 2404 5207 p.
2437 5139 2525 5203 84,
2560 5144 2611 5192 et
2642 5137 2793 5193 intra
2832 5156 2887 5207 p.
2922 5139 3045 5195 M2.

2252 5210 2363 5279 (75)
2396 5208 2587 5263 Nihilo
2621 5209 2751 5279 plus
2782 5208 2938 5265 edito
2968 5210 3043 5265 Μ.
3079 5210 3173 5267 hic
3214 5210 3323 5267 loci
3377 5210 3617 5268 habent.
3659 5214 3827 5269 Nihi-

2180 5279 2444 5353 lominus
2467 5285 2688 5353 eertum
2717 5285 2806 5353 est
2859 5280 3073 5353 aliquid
3112 5282 3343 5353 deesse,
3374 5299 3423 5338 e.
3459 5301 3508 5339 c.
3544 5282 3708 5352 ὑλλά,
3738 5287 3826 5342 vel

2181 5348 2231 5423 ei"
2261 5352 2337 5421 μὴ
2376 5349 2562 5423 μόνον,
2594 5352 2682 5406 vel
2716 5349 2855 5423 ὅταν,
2885 5348 3140 5407 δὲ’κατά.
3198 5355 3261 5411 Ut
3307 5348 3609 5412 duodecim
3663 5348 3829 5413 erant

2181 5422 2303 5497 dies
2335 5422 2541 5479 a’festo
2572 5422 2895 5497 gativitatis
2917 5423 3127 5497 Christi
3152 5441 3334 5497 usque
3364 5428 3434 5481 ad
3467 5430 3674 5483 testum
3712 5429 3825 5483 Lu-

2182 5494 2404 5577 minum
2437 5512 2537 5576 seu
2569 5493 3379 5577 Theophanim,.qu_ibus'tota
3426 5499 3587 5577 curia
3617 5497 3827 5577 hilaria

2179 5568 2405 5635 agebat,
2442 5568 2521 5621 ita
2568 5583 2797 5637 quoque
2842 5568 3294 5623 convivabantur
3340 5570 3402 5625 in
3453 5569 3586 5626 aula
3635 5586 3734 5642 per
3762 5570 3823 5624 τὸ

2178 5636 2498 5707 ἒξαήμερον,
2522 5653 2632 5709 sex
2663 5639 2809 5705 dies,
2846 5637 2947 5709 qui
2980 5638 3192 5695 festum
3232 5639 3531 5698 Pasehstis
3569 5645 3627 5699 et
3663 5646 3828 5699 octa-

2178 5726 2304 5766 vam
2333 5710 2389 5765 in
2420 5708 2567 5765 albis
2593 5708 3049 5767 intercedebant.
