4158 6212
363 386 473 446 501

1235 382 1336 443 DE
1379 380 1831 443 CERIMONIIS
1878 382 2111 444 AULJE
2151 382 2639 444 BYZANTIN/E
2684 384 2831 446 LIB.
2881 389 2929 447 Ι.

3643 390 3761 455 502

356 518 637 593 πατρίκιοι
686 515 753 575 τὰ
807 509 1159 591 ἄτραὸατικὰ,
1236 515 1281 570 εί
1351 516 1444 587 μὲν
1516 514 1627 570 ἐστι
1702 516 2040 590 στρατηγὸς⁴

2117 533 2231 589 que
2260 517 2553 575 codicillos
2582 535 2779 575 coram
2838 520 3093 578 dominis
3118 526 3322 595 gestat.
3354 526 3423 581 Et
3453 527 3661 585 abeunt
3690 529 3760 583 ad

359 609 519 686 φορεῖ
549 606 737 683 σαγίον
768 604 1053 675 ἀληθινὸν,
1107 604 1388 680 βαστάζων
1430 605 1519 659 καὶ
1548 603 1615 659 τὰ
1673 602 2011 660 κωδικὲλλια

360 699 534 753 αὐτοῦ
594 695 895 770 ἔμπροσθεν
954 698 1061 748 τῶν
1142 690 1437 751 δεσποτῶν.
1509 692 1608 747 Καὶ
1675 693 2007 767 ἀπέρχονται

363 787 530 862 μέχρι
556 793 657 855 τῆς
683 782 995 855 ἐκκλησίας,
1027 782 1117 837 καὶ
1148 783 1240 838 ’ὀτε
1286 781 1612 855 ἀλλάξουσιν
1663 782 1715 837 oi
1757 780 2007 837 δεσπόται

353 877 450 939 τὰς
499 872 720 938 ἐνδυτὰς
782 879 882 941 τῆς
932 870 1247 940 ἐκκλησίας,
1311 872 1733 949 ὑποστρέφουσιν
1801 871 1852 926 ἐν
1927 872 2008 944 τῷ

358 964 613 1036 παλατίῳ
646 964 738 1018 καὶ
768 961 1134 1018 ἀλλάσσουσιν
1175 964 1227 1017 οἱ
1275 956 1682 1032 πγοόληθὲντες
1729 963 2007 1036 πατρίκιοι

359 1057 425 1110 τὰ
454 1053 631 1128 ἅσπρα
694 1049 976 1127 χλανίδια,
1034 1052 1125 1106 καὶ
1192 1049 1503 1127 ἐπαίρουσιν
1552 1053 1605 1107 οἱ
1654 1051 2005 1127 σιλεντιάριοι

362 1145 430 1202 τὰ
457 1139 797 1198 κωδικέλλια
823 1141 1022 1199 αὐτῶν.
1056 1143 1124 1199 Οἱ
1152 1142 1245 1213 μὲν
1276 1142 1575 1215 στρατηγοὶ
1628 1142 1762 1214 μιτά
1805 1140 2008 1216 σαγίων

364 1234 639 1304 ἀληθινῶν
683 1229 1013 1307 ἀπέρχονται
1069 1229 1120 1285 ἐν
1180 1235 1249 1304 τῇ
1316 1229 1602 1302 ἐκκλησιᾳ,
1686 1232 1863 1293 καθὼς
1940 1232 2008 1286 τὰ

364 1320 762 1398 προρρηθέντα,
822 1317 913 1375 διὰ
977 1325 1084 1375 τῶν
1125 1318 1348 1395 σχολῶν
1400 1320 1493 1374 καὶ
1548 1320 1643 1381 τὰς
1695 1319 1868 1394 δοχὰς
1898 1324 2007 1375 τῶν

366 1414 569 1484 μορῶν,
617 1408 707 1463 καὶ
759 1406 1034 1483 ἐξέρχεται
1078 1406 1106 1461 6
1164 1407 1515 1483 πατριάρχης
1584 1405 1643 1461 ἐκ
1679 1411 1775 1462 τοῦ
1822 1408 2007 1462 θυσια-

362 1496 613 1573 στηρίου,
661 1497 752 1551 καὶ
809 1501 957 1551 ποιεῖ
993 1497 1092 1565 τήν
1154 1494 1346 1571 εὐχὴν,
1379 1494 1453 1557 ὡς
1505 1492 1620 1571 ἔχει
1652 1498 1687 1565 ἠ
1716 1497 2005 1568 ξσυνήθεια,

359 1588 449 1642 καί
509 1587 884 1661 ἀναχωροῦσιν
945 1584 1019 1647 εἷς
1078 1584 1204 1648 τοὺς
1278 1582 1461 1647 οἴκους
1547 1584 1742 1653 αὐτῶν,
1828 1586 2005 1645 καθὼς

363 1676 616 1749 ἀνωτέρω
684 1672 919 1749 εἴρηται.
971 1680 1055 1731 Ἐν
1134 1674 1315 1747 ἡμέρᾳ
1396 1678 1806 1749 παρακῦπτικοῦ
1879 1675 2007 1749 φιά-

364 1764 465 1835 λης
499 1767 612 1837 (76)
643 1764 875 1840 γίνεται,
905 1763 994 1817 καὶ
1044 1764 1387 1833 παρακύπτει
1447 1766 1581 1836 μετά
1620 1764 1682 1819 τὸ
1737 1761 2005 1819 κωδικέλ-

364 1851 481 1908 λιον
510 1854 577 1926 ³⁷,
605 1853 697 1908 καὶ
754 1852 806 1907 ἐν
858 1856 928 1926 τῇ
988 1850 1384 1926 συμπληρώσει
1441 1857 1537 1907 τοῦ
1595 1857 2006 1927 παρακοπτικοῦ

359 1948 460 2012 τῆς
508 1940 715 2019 φιάλης
761 1947 869 1997 τῶν
924 1943 1156 1996 Βενέτων
1218 1941 1546 2016 ἀπέρχονται
1606 1942 1673 1998 τὰ
1732 1943 1869 2017 μέρη
1930 1941 2008 2004 εἰς

354 2033 484 2093 τοὺς
531 2032 732 2093 τόπους
792 2028 967 2085 αὐτῶν
1026 2029 1101 2091 είς
1161 2028 1255 2091 τάς
1312 2030 1549 2105 σχολὰς,
1586 2031 1797 2103 ὁμοίως
1825 2031 1914 2085 καὶ
1951 2031 2003 2085 οἱ

352 2116 760 2197 προϐληθέντες
847 2120 1126 2193 πατρίκιοι
1210 2120 1594 2194 ὀψικευόμινοι
1667 2120 2001 2196 ἀπέρχονται

354 2210 549 2274 εἰςτὰς
605 2208 837 2285 σχολὰς,
897 2209 987 2265 καὶ
1039 2207 1289 2284 δέχονται
1342 2209 1538 2273 αὐτοὺς
1590 2210 1659 2266 τὰ
1719 2210 1880 2285 μέρη,
1912 2212 2000 2265 καὶ

354 2298 688 2375 ἀπέρχονται
722 2298 775 2354 έν
814 2302 887 2373 τῇ
940 2297 1227 2370 ἐκκλησίᾳ,
1276 2298 1365 2354 καὶ
1414 2298 1725 2375 πληροῦται
1783 2304 1926 2355 πᾶσα
1964 2303 1999 2370 ἡ

357 2387 679 2455 ἀκολουθία,
739 2388 813 2450 ὡς
889 2383 1008 2463 ἔχει
1078 2389 1113 2456 ἡ
1175 2389 1448 2457 συνήθεια,
1498 2389 1677 2451 καθὼς
1750 2388 2003 2463 ἀνωτέρω

358 2476 589 2552 εἷ’ρηται.
623 2476 691 2533 Ei
722 2474 778 2532 δὲ
809 2475 909 2531 οὐκ
965 2472 1075 2531 ἔστι
1144 2474 1511 2553 συγκλητικὸς
1571 2478 1599 2531 6
1664 2475 2001 2551 προϐληθεὶς

358 2568 665 2640 πατρίκιος,
695 2564 823 2622 ἀλλ’
869 2564 1012 2620 ’ἐστιν
1061 2565 1165 2620 ἃπὸ
1226 2564 1480 2632 σπαθίου,
1531 2565 1630 2621 οὐκ
1696 2565 2000 2641 εἰσέρχεται

355 2656 409 2712 ἐν
446 2661 525 2729 τῷ
554 2654 1019 2732 χρυσοτρικλίνῳ,
1049 2653 1179 2710 ἀλλ’
1209 2652 1385 2710 ἐνδύει
1415 2654 1576 2711 αὐτὸν
1619 2655 1648 2710 6
1678 2661 1777 2725 τῆς
1835 2677 2001 2711 κατα-

358 2745 590 2808 στάσεως
658 2744 845 2823 σαγίον
903 2744 1060 2821 ῥοῆς.
1093 2744 1195 2801 Καὶ
1236 2743 1327 2801 ὅτε
1379 2744 1667 2809 εἰσέλθωσι
1722 2745 1790 2801 τά
1848 2744 1999 2819 βῆλα

2119 608 2444 675 ecclesiam,
2476 610 2730 683 dumque
2752 612 2976 668 domini
3006 614 3252 670 instrata
3283 616 3537 673 ecclesias
3570 625 3763 675 muta-

2118 702 2276 763 runt,
2317 699 2387 753 ad
2448 698 2722 769 palatium
2788 705 3171 769 revertuntur,
3233 707 3482 776 promoti
3542 708 3763 776 patricii

2117 786 2276 842 albas
2300 786 2525 843 tunicas
2555 788 2831 857 induunt,
2864 790 3169 846 silentiarii
3228 810 3427 849 eorum
3464 796 3763 853 codicillos

2117 881 2368 947 gestant.
2399 878 2646 949 Strategi
2661 879 2818 950 sagis
2834 881 3161 952 purpureis,
3196 889 3257 937 ut
3278 883 3535 940 diximus
3563 901 3759 957 supra,

2116 966 2188 1020 ad
2244 965 2551 1021 ecclesiam
2593 968 2746 1024 142
2798 985 2901 1039 per
2948 969 3178 1026 scholas
3211 976 3268 1027 et
3299 972 3615 1030 factionum
3655 979 3769 1032 sta-

2115 1052 2305 1110 tiones
2351 1055 2585 1124 abeunt,
2642 1056 2972 1128 patriarcha
3028 1059 3100 1114 ab
3143 1076 3239 1115 ara
3290 1078 3653 1133 progressus,
3700 1069 3765 1119 ut

2117 1159 2243 1199 mos
2270 1149 2378 1212 est,
2403 1150 2695 1216 precatur,
2727 1146 2928 1218 sicque
2955 1148 3195 1204 domum
3233 1153 3664 1224 unusquisque,
3701 1163 3762 1209 ut

2116 1232 2395 1300 diximus,
2418 1234 2686 1291 discedit.
2715 1235 2889 1291 Porro
2916 1236 2963 1291 si
2994 1239 3279 1307 promotio
3311 1256 3377 1296 eo
3408 1241 3522 1309 die,
3556 1258 3670 1314 quo
3701 1242 3760 1297 in

2113 1320 2311 1393 phiala
2340 1322 2587 1378 thronus
2610 1323 3021 1393 imperatorius
3045 1326 3301 1396 ponitur,
3332 1328 3680 1395 instituitur,
3712 1330 3762 1385 is

2115 1426 2348 1482 quoque
2375 1428 2509 1467 cum
2534 1411 2801 1468 codicillo
2821 1413 3124 1485 prospicit,
3155 1419 3213 1470 et
3233 1422 3543 1488 postquam
3557 1418 3762 1475 Veneti

2114 1517 2181 1558 eo
2230 1502 2324 1558 die
2354 1503 2648 1559 solemnes
2706 1505 3055 1561 cerimonias
3085 1506 3292 1577 phialae
3347 1525 3642 1581 peregere,
3676 1511 3761 1567 fa-

2115 1590 2335 1646 ctiones
2354 1592 2425 1647 ad
2449 1590 2576 1648 loca
2606 1608 2713 1647 sua
2733 1592 2793 1647 in
2825 1592 3057 1649 scholas
3080 1610 3144 1650 se
3168 1596 3477 1651 conferunt
3512 1614 3524 1651 :
3548 1598 3766 1653 abeunt

2116 1694 2346 1751 quoque
2377 1680 2621 1751 promoti
2656 1680 2881 1751 patricii
2940 1699 3066 1737 cum
3097 1683 3378 1755 obsequio
3410 1686 3467 1740 in
3510 1686 3759 1753 scholas,

2118 1769 2219 1824 ubi
2252 1786 2286 1825 a
2315 1770 2669 1827 factionibus
2692 1771 3081 1843 excipiuntur,
3106 1772 3315 1830 deinde
3346 1774 3403 1829 in
3435 1776 3762 1843 ecclesiam,

2116 1858 2425 1930 omnisque
2440 1861 2584 1915 ritus
2604 1859 2684 1915 ibi
2718 1876 2820 1932 pro
2840 1877 3017 1927 more,
3054 1877 3227 1933 quem
3261 1879 3367 1918 nos
3390 1880 3567 1935 supra
3590 1881 3763 1936 expo-

2119 1947 2367 2015 suimus,
2393 1950 2710 2021 peragitur.
2736 1948 2792 2005 Si
2815 1956 3117 2022 promotus
3141 1953 3421 2024 patricius
3457 1970 3573 2009 non
3601 1970 3765 2010 sena-

2115 2036 2247 2091 torii
2278 2036 2522 2105 ordinis,
2547 2039 2645 2093 sed
2670 2056 2823 2095 unus
2846 2041 2916 2095 de
2933 2041 3242 2111 spathariis
3273 2048 3382 2111 est,
3418 2059 3531 2099 non
3570 2044 3766 2116 ingre-

2112 2123 2272 2179 ditur
2328 2124 2877 2198 chrysotriclinium,
2920 2130 3020 2184 sed
3079 2129 3518 2186 cerimoniarius
3568 2134 3759 2201 ipsum

2113 2229 2254 2287 sago
2286 2230 2455 2271 russo
2488 2215 2699 2271 induit.
2731 2216 2888 2273 Velis
2919 2217 3190 2274 omnibus
3226 2219 3760 2293 chrysotriclinium

2113 2317 2217 2373 pro
2268 2318 2430 2358 more
2467 2302 2749 2375 ingressis
2802 2308 2859 2358 et
2907 2304 2967 2360 in
2998 2306 3345 2362 consistorio
3406 2308 3758 2379 constitutis,

2114 2391 2553 2448 cerimoniarius
2582 2392 2955 2448 candidatum
2989 2395 3047 2449 in
3080 2394 3306 2466 pulpito
3346 2400 3638 2466 portarum
3669 2414 3765 2452 ar-

2112 2486 2446 2553 gentearum
2479 2496 2614 2536 cum
2655 2480 2769 2536 alio
2796 2481 3117 2538 silentiario
3171 2488 3350 2549 tenet,
3413 2490 3550 2539 tunc
3597 2485 3759 2541 solus

2110 2568 2387 2625 ostiarius
2415 2570 2590 2637 venit,
2621 2586 2757 2625 eum
2791 2569 2852 2625 in
2883 2570 3007 2625 velo
3041 2570 3300 2626 interiori
3342 2574 3667 2640 constituit,
3699 2579 3758 2630 et

2111 2658 2281 2730 signo
2313 2660 2686 2730 aprmposito
2716 2660 2871 2728 dato,
2907 2658 3095 2714 velum
3140 2659 3353 2732 pulsat,
3388 2662 3543 2732 quod
3576 2662 3756 2717 silen-

2108 2747 2310 2804 tiarius
2358 2748 2531 2815 tollit,
2586 2753 2644 2806 et
2699 2750 2785 2804 sic
2843 2752 3138 2815 promotus
3191 2750 3472 2821 patricius
3508 2750 3567 2807 in
3616 2768 3755 2826 sago

1704 2843 1945 2900 VARUE
1988 2845 2284 2903 LECTION
2293 2846 2395 2903 ES.

429 2918 471 2953 ³“¹
499 2918 605 2971 τῶν
639 2912 1018 2971 κωδικελλίων
1051 2917 1143 2973 ed.

1383 3015 1587 3073 JOAN.
1627 3016 1773 3072 JAC.
1824 3015 2077 3072 REISKII
2116 3016 2702 3075 COMMENTARIUS.

428 3116 538 3187 (76)
586 3114 708 3180 Quo
740 3113 859 3187 “die
911 3112 1229 3187 imperator
1272 3114 1330 3169 in

359 3185 528 3244 strat'
582 3185 809 3257 populis
878 3185 1252 3257 pyrrhicham
1328 3185 1680 3257 saltantibus
1744 3191 2003 3257 retracta

361 3256 840 3315 acclamantibus.
901 3256 998 3312 Est
1055 3261 1247 3313 autem
1308 3256 1504 3329 phiala
1562 3256 1791 3329 proprie
1838 3256 1999 3312 lacus

359 3344 745 3393 marmoreus,
802 3343 1016 3399 aquam
1102 3344 1172 3384 ex
1237 3328 1690 3399 superimposito
1754 3329 2000 3399 siphone

357 3401 758 3475 prosilientem
817 3400 1169 3526 excigiensu
1217 3399 1406 3470 qualis
1478 3404 1599 3454 erat
1654 3400 1713 3454 in
1788 3402 1998 3455 trison-

358 3474 487 3542 cho,
549 3474 700 3542 quod
743 3470 941 3542 Theop
989 3471 1103 3527 ilus
1155 3486 1295 3541 imp.
1364 3475 1673 3536 struxerat,
1730 3476 1787 3526 et
1832 3473 1998 3527 dein-

359 3516 494 3617 ἷιέξὲ
540 3516 1002 3617 ίῗιῖῖρξεῖῖτὶἓ,
1036 3516 1113 3597 iii
1150 3516 1289 3617 _(Tu'a
1338 3516 1630 3617 εἱὲιμῐείιί
1657 3516 1787 3617 in;
1814 3516 1996 3610 ιαὲἱὶὲ,

357 3613 513 3674 circa
543 3630 716 3686 quem
741 3614 1020 3670 factiones
1033 3614 1321 3669 statistem
1332 3614 1569 3684 poribus
1600 3613 1995 3683 desultabant,

358 3688 708 3759 imperatore
738 3700 768 3739 e
800 3686 1051 3759 fenestra
1102 3692 1527 3759 prospectante,
1552 3686 1704 3759 quod
1738 3690 1825 3759 est
1844 3704 2001 3759 ᾃπρο-

358 3754 579 3812 κύπτειν
610 3762 667 3814 et
714 3754 1117 3825 παρακύπτεινξ
1159 3754 1491 3812 Ιιοζόίοἰῑω*
1548 3756 1787 3825 Michael
1832 3754 2000 3812 Cala-

355 3830 562 3903 phates
618 3824 901 3903 προκύψας
966 3825 1025 3881 ἐκ
1078 3830 1181 3903 τοῦ
1250 3827 1581 3903 καθίσματος
1635 3824 1996 3899 δημηγορεῖν,

354 3898 624 3958 deorsum
650 3898 1012 3971 prospiciens
1033 3916 1063 3954 e
1087 3900 1356 3971 fenestris
1376 3898 1457 3971 vel
1478 3898 1690 3971 etiame
1706 3898 1997 3971 mainianu

352 3968 666 4030 tribunalis
694 3968 991 4038 circensis,
1036 3970 1307 4026 cathisma
1372 3969 1528 4037 dicti,
1588 3970 1673 4041 ad,
1720 3968 1998 4041 populum

352 4060 670 4117 perorasse,
720 4042 878 4114 apud
937 4041 1175 4098 Cedren.
1250 4058 1304 4111 p.
1344 4041 1469 4095 75L
1528 4040 1807 4113 Conf.’p.’
1870 4042 1997 4106 761,

351 4115 545 4172 collat.
574 4132 629 4187 p.
660 4114 787 4187 752.
812 4114 933 4187 _In_
962 4129 1099 4169 voce
1127 4109 1397 4187 πρόκυψις
1429 4111 1769 4187 vacillarunt
1818 4111 1999 4187 inter-

352 4193 545 4266 pretes
575 4184 743 4257 'apud
802 4184 1106 4266 Godinum.
1167 4184 1418 4266 Gretser.
1457 4202 1510 4266 p.
1546 4184 1638 4250 92,
1669 4184 1998 4266 sapplicatio

350 4254 543 4327 vertit,
578 4254 751 4329 quem
782 4263 1153 4329 correcturus
1207 4254 1517 4329 Gnarushin
1553 4256 1812 4327 margine
1852 4254 1997 4310 sub-

351 4326 546 4386 stituit
573 4326 885 4395 ᾱεεειιιαιίο,
918 4332 1048 4399 etp.
1070 4328 1162 4396 66,
1197 4343 1254 4385 n.
1285 4328 1377 4394 50,
1404 4326 1507 4399 ille
1536 4326 1783 4399 verterat
1812 4334 2000 4382 orato-

351 4402 523 4470 rium,
555 4400 649 4456 hic
681 4401 827 4472 locus
856 4397 1207 4471 imperatorii
1228 4397 1450 4460 throni;
1470 4398 1634 4472 vertit
1662 4398 1834 4472 Goar.
1867 4416 2000 4472 προ-

1443 3113 1594 3169 hiala
1650 3131 1778 3170 sese
1834 3130 1999 3169 mon-
2032 3115 2074 3182 C
2114 3114 2285 3182 nalis,
2320 3114 2417 3169 ubi
2449 3116 2637 3170 stabat
2684 3114 2782 3170 ille
2812 3115 3060 3172 thronus
3110 3117 3168 3171 in
3227 3118 3400 3183 circo,
3462 3120 3517 3172 et
3562 3117 3620 3172 in
3654 3117 3755 3171 tri-

2112 3186 2356 3242 conchio
2410 3186 2582 3258 alius,
2623 3203 2654 3243 e
2696 3203 2814 3258 quo
2872 3187 3274 3258 prospectabat
3347 3190 3403 3243 in
3462 3188 3755 3257 subjectae

2110 3273 2297 3324 areas,
2329 3255 2635 3332 πρόκυμμα
2660 3255 2730 3315 δί’
2751 3255 3092 3332 παράκυμμα
3141 3255 3585 3332 appellabatur,
3612 3265 3668 3315 et
3693 3275 3755 3332 se

2110 3330 2435 3385 monstrare
2467 3331 2701 3402 populo,
2733 3330 2977 3402 ejusque
2997 3339 3092 3385 aut
3121 3330 3441 3387 certamina
3460 3331 3757 3402 equestria

2107 3402 2460 3466 cursoriave,
2484 3410 2580 3455 aut
2613 3402 2775 3456 ludos
2792 3401 2957 3469 alios,
2990 3406 3053 3457 ut
3088 3402 3447 3470 saltationes,
3473 3401 3754 3470 spectare,

2106 3473 2411 3545 dicebatur
2449 3474 2758 3545 παράκυψιν
2790 3478 2997 3545 ποιεῖν.
3057 3473 3284 3545 Nicetas
3340 3474 3399 3545 in
3454 3473 3650 3529 Alexio
3684 3473 3754 3545 _I,

2107 3561 2165 3599 n.
2215 3545 2288 3618 ὃς
2340 3540 2465 3618 ἔστη
2510 3540 2691 3618 ἐπάνω
2737 3543 2909 3600 τόπου
2958 3543 3176 3618 ὑψηλοῦ
3237 3544 3486 3618 εξαίφνης
3549 3540 3754 3618 φανεὶς,

2106 3616 2341 3692 ποιῇσας
2388 3617 2487 3684 τὴν
2536 3619 2630 3692 νῦν.
2665 3614 2966 3692 λεγομένην
3008 3614 3484 3692 ’πρόκυψινηῐᾷδιιι
3528 3614 3630 3673 hac
3659 3614 3756 3672 oc-

2108 3687 2337 3743 casione
2368 3690 2691 3744 emendabo
2738 3687 3027 3759 insignem
3059 3687 3333 3745 'Athenasi
3366 3689 3580 3758 locum,
3640 3704 3755 3759 quo

2108 3776 2357 3843 parrans
2409 3760 2479 3814 de
2527 3760 2734 3843 ordine
2793 3758 3096 3843 epularum
3138 3761 3445 3843 .regiarum
3510 3759 3568 3813 in
3626 3758 3757 3838 aula

2107 3830 2358 3896 Persica,
2409 3846 2609 3885 eorum
2664 3831 2743 3885 ait
2799 3829 2869 3885 ad
2928 3830 3190 3887 convivia
3230 3829 3511 3884 invitatos
3544 3845 3657 3883 non
3693 3829 3753 3881 in

2106 3904 2304 3955 eodem
2337 3918 2470 3955 cum
2506 3918 2637 3971 rege
2672 3901 2925 3957 triclinio
2983 3900 3347 3965 accubuisse,
3396 3900 3493 3953 sed
3551 3900 3755 3955 ambos

2108 3971 2350 4027 seorsim
2376 3970 2960 4044 inseparatisdiaztis
2993 3994 3007 4039 ;
3039 3972 3124 4026 sic
3154 3976 3348 4044 tamen
3383 3970 3561 4026 fuisse
3600 3976 3754 4024 stru-

2109 4048 2267 4097 ctum
2304 4040 2617 4097 triclinium
2652 4043 2824 4114 regis,
2876 4050 2935 4096 ut
2969 4059 3064 4114 per
3112 4040 3485 4114 Rapixumxa,_
3526 4059 3753 4114 prospe-

2106 4116 2343 4169 ctorium
2376 4113 2516 4180 (sive
2549 4130 2615 4168 ea
2647 4112 2899 4169 fenestra
2917 4113 3102 4181 vitris,
3135 4112 3250 4168 sive
3282 4112 3519 4168 clathris
3552 4113 3754 4167 ferreis

2110 4184 2393 4255 ligneisve
2417 4185 2639 4240 munita
2663 4186 2858 4255 fuerit)
2892 4185 3188 4253 despicere
3220 4184 3280 4239 in
3304 4186 3531 4238 diaetam
3564 4183 3756 4237 convi-

2109 4272 2313 4312 varum
2343 4272 2599 4325 suorum,
2660 4272 2979 4327 eorumque
3030 4256 3291 4310 actiones
3358 4256 3666 4327 observare
3702 4262 3756 4308 et

2108 4343 2407 4401 sermones
2431 4328 2634 4393 audire
2653 4326 2924 4401 potuerit,
2939 4328 3079 4401 “ipse
3093 4327 3310 4401 nemini
3336 4326 3753 4401 observandas,

2111 4399 2296 4472 Locus
2354 4399 2589 4472 hic__est
2759 4400 2859 4472 MS
2886 4394 3125 4472 ξλΈστιν
3176 4396 3451 4472 οἰκήματα
3496 4394 3590 4472 δῷῃο
3639 4396 3755 4449 κατ’

350 4465 570 4551 κύψει’ς,
595 4474 735 4551 loca,
779 4471 837 4525 in
893 4465 1178 4551 qtlibusjit
1216 4472 1411 4551 (_Itr0_n_0
1439 4470 1694 4551 sublimis
1735 4465 1997 4551 ξεεζεείοι
2030 4486 2073 4551 [)
2109 4465 2358 4551 ἄντικρυς
2420 4465 2710 4551 ἀλλήλων,
2771 4468 2822 4551 έν
2958 4468 3005 4551 ‘6
3068 4465 3323 4551 βασιλεῦς
3382 4468 3461 4551 τὸ.
3522 4467 3750 4551 ,ἄριστον

349 4541 464 4601 late
512 4544 613 4600 illa
642 4543 714 4599 de
743 4557 883 4615 voce
901 4541 1190 4615 disputat.
1238 4542 1400 4615 P._‘_75
1447 4542 1679 4615 exponit
1728 4541 1994 4615 tribunal

351 4615 651 4688 imperiale
669 4612 889 4688 acclive
914 4612 1441 4688 aliquot‘gradibus
1454 4614 1693 4688 editius.
1727 4612 1871 4668 Hinc
1900 4628 2000 4688 ap-

356 4682 521 4759 paret
584 4687 727 4743 ratio
791 4682 1687 4759 interpr'etatipnis_Leichianss.
1752 4682 1998 4759 Παρακῷ-

357 4755 506 4813 ἱιτιιν
536 4763 595 4815 et
630 4755 968 4830 προκύπτειν
1010 4765 1096 4813 est
1152 4755 1366 4813 Graecis
1430 4760 1711 4830 spectare,
1771 4755 1907 4812 item
1938 4756 1999 4810 in

356 4828 732 4898 conspectuin
762 4831 978 4896 venire,
1012 4844 1075 4885 se
1130 4828 1463 4898 conspectui
1502 4828 1727 4893 offerre,
1762 4843 1999 4897 praeser-

354 4900 461 4957 tim
486 4897 815 4972 derepente,
848 4901 968 4957 sive
999 4900 1069 4972 de
1095 4897 1289 4972 plano,
1335 4898 1499 4972 sive
1528 4915 1630 4967 per
1660 4899 1999 4972 fenestram.

358 4972 441 5029 Ita
486 4968 731 5043 usurpat
772 4968 1205 5043 Aristophanes
1244 4970 1302 5024 in
1331 4968 1432 5025 illo
1458 4970 1541 5043 _de
1598 4970 2003 5043 meretricibus

356 5036 721 5115 perquam'le
767 5041 862 5098 ido
903 5056 916 5097 ε
958 5036 1365 5112 ΙῘαρακλίνασαι
1414 5040 1514 5107 της
1567 5036 1785 5099 αὐλείας
1826 5058 2002 5112 παρα-

356 5057 773 5167 κόπτουσι.κᾷ
830 5130 914 5167 τις
968 5111 1216 5167 ποοσέγη
1272 5110 1362 5164 τὸν
1419 5114 1541 5164 νοῦν
1600 5110 1814 5167 αὐταῖς.
1872 5108 2002 5163 ἂνα-

352 5108 646 5181 κόπτουσι,
677 5108 914 5189 naval;
968 5108 1216 5189 προσέχῃ
1272 5110 1541 5189 τὸν-νοῦν
1600 5110 1814 5189 αὐταῖς,
1872 5108 2004 5189 ἄνα·

354 5186 602 5260 χωροῦσι
635 5201 656 5260 '_
690 5182 934 5260 xitijv
964 5181 1618 5260 _d’tirlp,"irapa}t'31rtouct.
1680 5182 1824 5260 Item
1874 5184 2003 5238 Ari-

357 5251 535 5330 stides
564 5264 603 5312 t.
636 5257 680 5326 Ι,
705 5251 760 5330 ρ’.
792 5256 918 5330 367,
953 5256 1002 5330 Al.
1053 5251 1145 5330 ed.
1202 5251 1451 5322 Anglic.,
1502 5254 1599 5330 ubi
1659 5251 1853 5330 στόΛος
1899 5273 2007 5330 πα-

360 5328 599 5403 ρακύψας
656 5326 747 5385 est
806 5328 999 5403 classi:
1053 5327 1361 5403 derepente,
1417 5327 1793 5403 nescientibus
1839 5326 2001 5391 unde,

356 5397 529 5471 itaque
546 5400 996 5471 exspectantibus
1022 5400 1433 5471 superueniens.
1467 5397 1535 5452 Et
1590 5412 1722 5471 cum
1756 5397 2004 5471 thronus

358 5468 679 5542 imperiali's
740 5472 799 5528 in
831 5472 984 5527 circo
1015 5468 1270 5542 et’alibi,
1304 5468 1403 5523 ubi
1441 5468 1841 5542 παρακὺπτικά.
1876 5485 2006 5541 pro-

358 5539 713 5614 spectacula,
773 5548 957 5610 erant,
1010 5557 1111 5597 seu
1166 5541 1431 5614 fenestra:
1483 5539 1626 5595 velis
1684 5539 2003 5614 praeterisse,

362 5611 516 5670 unde
546 5615 995 5686 prospiceretur,
1034 5612 1277 5669 cortinis
1308 5611 1537 5686 cinctus
1591 5616 1734 5677 erat,
1762 5611 2003 5686 _qui_bus

363 5681 621 5742 reductis
650 5681 844 5742 subito
883 5686 945 5741 in
977 5687 1356 5753 conspectum
1416 5682 1627 5748 venire,
1690 5681 1776 5737 vel
1818 5681 2001 5738 etiam

364 5759 693 5829 prospicere
732 5757 860 5828 ipse
899 5757 1005 5820 sic,
1062 5760 1125 5811 ut
1166 5772 1227 5829 a_
1257 5753 1488 5829 nomine
1545 5754 2000 5829 conspiceretur.

370 5825 597 5901 poterat
628 5825 962 5900 imperator,
993 5843 1062 5884 ex
1118 5843 1183 5884 eo
1212 5825 1377 5885 locus
1408 5827 1532 5899 ipse
1561 5825 1765 5883 editior
1812 5826 2000 5882 tribu-

2104 4536 2373 4615 ποιεῖται,
2393 4542 2483 4596 καὶ
2540 4536 2590 4615 ἔν
2746 4541 2797 4615 οἱ
2856 4536 3195 4615 σῦνδειπνοι,
3221 4538 3355 4613 θύρᾳ
3378 4540 3543 4615 καὶᾉρ
3568 4536 3756 4615 ’βασι-

2109 4609 2233 4673 λεὺς
2264 4611 2510 4687 ἐκείνους
2550 4609 2781 4687 ὁμῖδιὰ
2834 4615 2932 4687 τοῦ
2989 4609 3423 4687 παρακύμματος
3480 4609 3604 4687 [ἤιξ’
3638 4611 3749 4687 leg.

2150 4702 2211 4759 r_o
2278 4683 2785 4759 παρακαλύμματος
2816 4683 3210 4759 Δξιιιιεζᾶίριηιςῐι
3257 4683 3578 4759 librorum]
3654 4686 3752 4759 τοῦ

2136 4756 2193 4810 πὶ
2252 4760 2320 4829 τῇ
2357 4752 2533 4829 ’θύρᾳ,
2567 4752 2763 4812 ἐκεῖνοι
2813 4752 3067 4829 δ’-αὐτὸν
3115 4754 3237 4829 οὐχ
3268 4755 3489 4829 ὁρῷσιν.
3523 4752 3656 4829 Qua
3692 4754 3752 4809 in

2109 4825 2714 4909 narratione'quisest
2745 4827 3158 4909 qui-pivanum
3186 4825 3527 4891 'Turcicum,
3561 4825 3755 4909 imitat

2108 4904 2236 4955 tum
2271 4895 2565 4955 Persicum
2613 4899 2722 4955 hoc
2761 4895 3121 4965 institutum,
3182 4915 3297 4953 non
3328 4905 3621 4965 agnoscat,
3655 4895 3754 4965 qui

2154 4971 2346 5026 uidem
2379 4972 2764 5038 itineratores,
2798 4970 3031 5025 Petrum
3066 4967 3219 5024 della
3248 4968 3411 5024 Valla
3456 4972 3513 5023 et
3561 4967 3754 5023 simile

2154 5058 2183 5097 e
2213 5043 2389 5097 rebus
2411 5043 2734 5098 Turcarum
2766 5046 3069 5097 narrantes
3101 5040 3345 5113 legerit?
3390 5038 3603 5113 quibus
3626 5054 3755 5113 ~me-

2110 5112 2287 5169 liores
2319 5114 2453 5185 huic
2512 5114 2635 5170 loco
2693 5112 2947 5169 Athenaai
3005 5110 3347 5185 interpretes
3400 5110 3513 5165 non
3549 5110 3751 5185 habeo,

2113 5201 2261 5257 quos
2292 5184 2480 5241 edam.
2531 5186 2713 5257 Erant,
2760 5200 2931 5257 porro
2990 5182 3131 5239 talia
3162 5182 3548 5257 ’προκύμματα
3574 5182 3752 5257 varia,

2114 5252 2173 5311 tit
2228 5256 2286 5311 in
2342 5256 2511 5323 circo,
2572 5257 2628 5312 in
2671 5252 2919 5327 siginate
2966 5272 3068 5312 seu
3126 5252 3262 5311 area
3311 5252 3642 5327 triconchii,
3694 5252 3753 5308 in

2112 5328 2390 5385 ecclesiis.
2446 5326 2755 5385 Fuerintne
2812 5329 2932 5383 hinc
2989 5327 3319 5399 procyptica
3386 5326 3560 5397 plana
3617 5340 3752 5399 cum

2114 5401 2420 5471 superficie
2476 5399 2938 5473 perpendiculari
2991 5398 3389 5473 aediﬁciorum,
3440 5398 3499 5451 in
3540 5398 3755 5473 quibus

2112 5466 2299 5533 erant.
2333 5488 2403 5526 an
2438 5466 2795 5542 projecta__et
2842 5470 3132 5542 exstantia
3188 5471 3505 5542 (mmniana
3550 5466 3751 5542 ‘Latini

2114 5534 2454 5611 appellantf
2493 5534 2667 5598 Gissci
2716 5534 2894 5610 ἕξαιτα
2954 5542 3042 5597 vel
3074 5534 3243 5609 ἔξετά,
3288 5541 3361 5595 ab
3402 5535 3503 5607 ἔξω
3548 5536 3751 5611 Ἱεσθαι,

2114 5609 2301 5679 ΕΗίεν,
2333 5613 2688 5681 Francogalli
2719 5609 2808 5669 de:
2834 5614 3091 5682 balcons),
3124 5628 3238 5669 non
3298 5612 3498 5681 liquet.
3541 5609 3753 5665 Phialae

2112 5692 2272 5741 erant
2300 5686 2493 5753 varias,
2527 5694 2588 5741 ut
2618 5685 2677 5739 in
2710 5686 2882 5755 circo,
2916 5685 3016 5740 ubi
3049 5682 3756 5756 utraqueifactio,‘Vene_ta

2112 5772 2321 5826 nempe
2342 5760 2398 5811 et
2432 5750 2690 5821 Prasias,
2723 5750 2887 5813 suam
2923 5756 3179 5827 phialam
3200 5750 3491 5819 'habebat,
3524 5752 3660 5806 item
3694 5750 3751 5803 in

2110 5827 2376 5899 sigmate.
