4158 6212
356 380 481 455 503,

1410 367 1941 429 CONSTANTINI
1984 361 2684 427 PORPHYROGENITI

3659 367 3775 428 504

358 532 547 585 russo,
572 532 605 569 a
630 508 1040 566 cerimoniario
1072 505 1303 576 alioque
1360 503 1681 559 silentiario
1728 506 2015 559 sustenta-

2136 497 2224 554 ἵλα
2253 500 2389 554 κατὰ
2428 500 2528 568 τὴν
2550 502 2829 571 συνήθειαν
2854 499 2906 556 ἐν
2938 503 3018 575 τῷ
3067 502 3517 578 χρυσοτρικλίνῳ
3542 505 3630 559 καὶ
3658 526 3779 559 σταο

358 610 479 667 tus,
512 600 833 663 ingreditur
856 602 913 650 et
944 612 1055 650 una
1077 610 1207 648 cum
1232 592 1577 649 silentiariis
1600 592 1848 663 primam
1879 592 2012 646 ado—

360 692 644 749 rationem
676 687 927 750 exhibet,
950 683 1267 738 secundam
1295 682 1354 737 in
1390 682 1580 737 medio
1599 681 1869 747 triclinio,
1903 688 2011 734 ter-

358 783 499 838 tiam
531 776 784 848 quodam
820 791 853 828 a
884 773 1090 829 throno
1114 770 1435 829 intervallo.
1466 775 1594 826 Mox
1617 772 1687 825 ab
1726 769 1799 825 iis
1829 770 2012 825 dedu-

360 875 509 936 ctus,
544 866 717 937 pedes
751 880 816 919 ac
838 878 1030 934 genua
1053 862 1249 932 magni
1278 865 1337 916 et
1368 861 1611 917 minoris
1640 858 2010 931 imperatoris

362 954 675 1021 osculatur,
692 958 751 1008 et
772 952 1044 1024 expansis
1064 951 1360 1020 manibus,
1382 955 1690 1022 postquam
1714 948 2015 1005 codicillos

362 1064 395 1103 a
424 1044 679 1102 dominis
710 1044 955 1115 accepit,
988 1044 1219 1097 dextras
1259 1057 1459 1097 eorum
1513 1039 1831 1106 osculatur,
1864 1040 2014 1095 ceri-

362 1133 683 1192 moniarius
722 1147 853 1189 eum
898 1133 967 1187 ad
1001 1131 1217 1197 locum,
1251 1131 1348 1187 ubi
1378 1130 1620 1185 tertium
1676 1128 2017 1202 procubuit,

362 1223 608 1293 reducit,
641 1226 696 1280 et
722 1222 948 1295 patricii
980 1238 1013 1277 a
1044 1221 1366 1292 magistris,
1397 1220 1622 1276 caeteris
1652 1219 1917 1291 patriciis
1948 1234 2015 1273 ac

363 1311 701 1369 silentiariis
732 1310 1095 1374 circumdati,
1148 1309 1393 1378 intrant,
1440 1324 1470 1365 e
1519 1308 1731 1379 quibus
1787 1311 2013 1362 tantum

368 1402 591 1475 patricii
625 1400 838 1473 gratias
860 1398 1116 1454 dominis
1144 1402 1346 1469 agunt,
1408 1396 1612 1466 reliqui
1652 1412 1787 1452 vero
1854 1412 2018 1451 sena-

363 1502 534 1560 tores,
558 1492 837 1564 quoniam
872 1506 984 1546 non
1018 1507 1171 1545 unus
1202 1488 1292 1543 sui
1327 1488 1550 1545 ordinis
1573 1492 1876 1560 promotus
1905 1491 2016 1553 est,

367 1585 525 1641 haud
558 1582 889 1654 procidunt.
926 1581 1222 1636 Postremo
1255 1580 1315 1633 in
1358 1578 1607 1633 solemni
1640 1576 1914 1647 obsequio
1946 1576 2017 1631 ad

370 1671 814 1738 consistorium,
848 1670 983 1725 inde
1017 1670 1088 1725 ad
1124 1668 1437 1724 ecclesiam
1489 1667 1632 1731 abit,
1666 1666 1764 1721 ubi
1798 1666 2025 1737 reliqua

367 1763 565 1820 omnia
597 1778 698 1833 pro
733 1775 891 1815 more
922 1759 1096 1814 etiam
1132 1774 1160 1812 a
1191 1758 1413 1812 caeteris
1440 1755 1701 1828 patriciis
1734 1770 2021 1826 peragun-

2116 594 2250 653 θῶσι
2296 590 2703 663 κονσιστώριον,
2770 596 2960 665 κρατεῖ
3004 593 3032 646 6
3081 598 3181 661 τῆς
3239 593 3620 656 καταστάσεως
3682 596 3775 649 τὸν

2116 677 2407 756 ὀφείλοντα
2436 675 2822 751 προϐληθῆναι
2847 679 2925 743 εἷς
2944 681 3007 735 τὸ
3046 679 3354 736 πούλπιτον
3375 687 3485 737 τῶν
3520 682 3772 757 ἀργυρῶν

2115 771 2305 821 πυΛῶν
2342 769 2475 839 μετὰ
2492 765 2667 822 ἄλλου
2700 768 3087 843 σιλεντιαρίου,
3108 771 3199 825 καὶ
3223 765 3446 845 ἔρχεται
3469 772 3497 825 6
3517 771 3568 807 ⁸⁸
3597 771 3777 827 ὀστιά-

2118 877 2233 932 ριος
2279 858 2463 929 μόνος,
2494 856 2585 911 καὶ
2613 854 2831 912 ’ίσταται
2861 856 2939 920 είς
2968 860 3032 914 τὸ
3079 859 3257 933 βῆλον
3306 855 3528 926 ἔσωθεν,
3560 861 3651 915 καὶ
3685 862 3775 915 ὅτε

2118 940 2261 1019 λάϐῃ
2286 946 2348 1000 τὸ
2376 950 2547 1018 νεῦμα
2570 947 2715 1019 παρὰ
2733 951 2830 1001 τοῦ
2858 948 3248 1021 πραιποσίτου,
3270 948 3455 1007 κρούει
3479 950 3543 1004 τὸ
3571 949 3771 1024 βῆλον,

2116 1034 2204 1089 καὶ
2237 1029 2446 1109 ἔπαίρει
2469 1035 2602 1090 αὐτὸ
2626 1036 2653 1090 6
2694 1034 3082 1109 σιλεντιάριος,
3104 1038 3194 1092 καὶ
3241 1038 3549 1112 εἰσέρχεται
3573 1040 3601 1094 6
3629 1059 3771 1115 προ-

2119 1118 2345 1193 ϐληθεὶς
2377 1123 2658 1199 πατρίκιος
2691 1123 2795 1179 ἀπὸ
2828 1124 3019 1200 σαγίου
3052 1125 3208 1201 ῥοῆς,
3230 1127 3603 1202 κρατούμενος
3663 1128 3771 1184 61:6

2118 1218 2213 1267 106
2243 1220 2342 1281 τῆς
2370 1214 2745 1276 καταστάσεως
2770 1216 2861 1269 καὶ
2891 1214 3078 1289 ἑτέρου
3129 1214 3518 1291 σιλεντιαρίου,
3559 1218 3651 1273 καὶ
3681 1218 3779 1273 πί-

2118 1323 2241 1357 πτει
2266 1302 2399 1375 μετὰ
2427 1304 2533 1357 τῶν
2578 1301 2957 1380 σιλεντιαρίων
2987 1305 3015 1359 6
3063 1300 3399 1379 προϐληθεὶς
3437 1308 3501 1362 τὸ
3552 1312 3775 1383 πρῶτον

2119 1394 2182 1448 τὸ
2214 1389 2462 1465 δεύτερον
2502 1394 2691 1448 πίπτει
2742 1392 2819 1457 εἷς
2875 1396 2974 1464 τήν
3018 1394 3188 1467 μέσην
3216 1400 3313 1451 106
3368 1395 3681 1471 τρικλίνου,
3721 1400 3785 1452 τὸ

2119 1482 2299 1557 τρίτον
2332 1482 2513 1537 πίπτει
2578 1484 2683 1537 ἀπὸ
2716 1480 3089 1556 διαστήματος
3136 1488 3232 1539 106
3291 1485 3496 1555 σένζου.
3532 1486 3638 1541 Καὶ
3688 1487 3785 1564 φέ-

2126 1593 2304 1647 ρουσιν
2363 1571 2546 1638 αὐτὸν,
2576 1573 2664 1627 καὶ
2721 1571 2906 1628 πίπτει
2946 1571 3250 1647 ἔμπροσθεν
3297 1579 3398 1629 106
3437 1573 3766 1646 ὑποποδίου,

2122 1662 2211 1717 καὶ
2244 1660 2395 1739 φιλεῖ
2450 1660 2579 1725 τούς
2635 1659 2809 1723 πόδας
2866 1666 2964 1718 106
2999 1663 3241 1739 μεγάλου
3277 1663 3545 1739 βασιλέως
3593 1666 3683 1719 καί
3712 1666 3783 1719 τὰ

2130 1751 2225 1807 δύο
2259 1750 2420 1806 06106
2450 1750 2669 1827 γόνατα,
2698 1751 2911 1823 ὁμοίως
2942 1754 3031 1806 καὶ
3065 1758 3162 1808 106
3198 1758 3419 1828 μικροῦ,
3459 1753 3549 1807 καὶ
3609 1753 3782 1809 ἁπλοῖ

371 1862 483 1923 tur,
517 1868 587 1909 ex
608 1849 849 1906 ecclesia
878 1864 1015 1904 vero
1049 1848 1380 1915 discedens,
1412 1861 1621 1917 sagum
1664 1859 2021 1917 purpureum

2136 1839 2228 1902 τὰς
2286 1845 2476 1915 χεῖρας
2535 1837 2625 1894 καί
2684 1835 2950 1913 λαμϐάνει
2992 1841 3137 1916 παρᾶ
3192 1846 3300 1897 τῶν
3371 1840 3642 1897 δεσποτῶν
3715 1843 3784 1895 τὰ

371 1946 628 2014 gestans,
653 1943 887 1994 domum
907 1937 1049 1993 abit.

2136 1926 2494 1996 κωδικὲλλια,
2526 1930 2616 1982 καὶ
2650 1926 2832 2003 φειλεῖ
2859 1930 2953 1990 τὰς
2996 1936 3186 2005 χεῖρας
3216 1934 3325 1984 τῶν
3370 1928 3663 2001 δεσποτῶν,
3697 1929 3786 1984 καὶ

380 2023 736 2083 όπισθοποδεῖ
799 2024 957 2079 αὐτὸν
1025 2024 1053 2078 6
1120 2030 1220 2093 τῆς
1288 2023 1686 2090 καταστάσεωε,
1753 2019 1878 2074 ἔνθα
1932 2021 1995 2075 τὸ
2072 2019 2255 2094 τρίτον
2333 2016 2728 2091 προσεκύνησε,
2804 2018 2895 2072 καὶ
2972 2018 3313 2097 εἲσέρχονται
3392 2020 3443 2073 οἱ
3510 2018 3786 2093 πατρίκιοι

370 2102 479 2171 ἀπὸ
544 2136 603 2170 τε
670 2116 984 2190 μαγίστρων
1024 2113 1113 2167 καὶ
1178 2117 1287 2167 τῶν
1349 2111 1559 2167 λοιπῶν
1629 2109 1953 2184 πατρικίων,
2020 2108 2381 2184 κρατούμενοι
2450 2106 2554 2162 ὑπὸ
2623 2106 3022 2183 σιλεντιαρίων,
3091 2110 3619 2186 ἀπευχαριστοῦντες
3668 2114 3788 2169 τοῖς

375 2203 662 2263 δεσπόταις
720 2203 997 2276 πατρίκιοι
1028 2202 1117 2255 καὶ
1181 2202 1367 2273 μόνον·
1402 2201 1453 2254 o't
1522 2196 1577 2253 δὲ
1644 2197 1832 2253 λοιποὶ
1874 2197 2238 2273 συγκλητικοὶ
2297 2197 2358 2251 ού
2416 2196 2724 2267 πίπτουσιν,
2785 2198 2859 2260 ὡς
2901 2200 2977 2271 μὴ
3044 2200 3337 2273 γενομένου
3379 2196 3773 2274 σύγκλητικοῦ.

371 2296 471 2347 Καὶ
512 2290 808 2365 ἀπέρχεται
858 2290 1245 2363 ὀψικευόμενος
1305 2288 1356 2344 ἐν
1420 2293 1501 2361 τῷ
1537 2287 1936 2362 κονσιστωρίῳ,
1983 2287 2072 2341 καὶ
2132 2284 2305 2349 οὕτως
2352 2284 2686 2361 ἀπέρχονται
2744 2286 2794 2340 ἐν
2852 2291 2921 2361 τῇ
2981 2286 3271 2360 ίκκλησίᾳ,
3328 2288 3416 2342 καὶ
3482 2288 3548 2343 τὰ
3612 2287 3781 2343 λοιπᾶ

371 2381 541 2437 πάντα
569 2378 902 2454 πληροῦται,
945 2380 1018 2441 ὼς
1066 2373 1183 2453 ἔχει
1241 2381 1274 2447 ἡ
1324 2380 1601 2449 συνήθεια,
1658 2377 1749 2431 καὶ
1808 2376 2030 2431 ἐπὶτῶν
2084 2374 2317 2444 λοιπῶν,
2348 2375 2442 2430 καὶ
2507 2376 2596 2431 ’ὀτε
2662 2374 2942 2453 ἀναχωρεῖ
2971 2376 3076 2433 ἀπὸ
3131 2384 3231 2447 τῆς
3270 2376 3587 2448 ἐκκλησίας,
3621 2380 3781 2456 φορεῖ

374 2471 465 2526 καὶ
497 2471 666 2531 αὐτὸς
714 2468 897 2543 σαγίον
932 2467 1216 2538 ἀληθινὸν,
1247 2468 1337 2522 καὶ
1372 2466 1544 2529 οὕτως
1573 2467 1853 2541 ἀναχωρεῖ
1881 2465 1956 2527 εἰς
1977 2466 2067 2521 τὸν
2089 2466 2239 2520 οἶκον
2272 2463 2457 2521 αὐτοῦ.

852 2560 1006 2615 14³
1040 2558 1278 2614 CAPUT
1310 2557 1555 2613 XLVIII.

593 2648 935 2703 Obseruando
957 2649 1017 2702 in
1051 2648 1396 2719 promotione
1422 2647 1816 2717 patriciorum.

451 2737 493 2794 Ῑ.
528 2738 879 2807 Imperatore
917 2750 1206 2791 cameram
1280 2750 1457 2806 prope
1506 2734 1790 2804 templum
1833 2731 2030 2788 Sancti

380 2825 667 2882 Theodori
688 2825 842 2880 intra
854 2822 1042 2879 velum
1062 2822 1348 2895 ingresso,
1374 2822 1717 2894 prepositus
1736 2820 2033 2878 vestitores

387 2922 576 2982 vocat,
607 2914 706 2986 qui
738 2914 933 2985 ipsum
957 2912 1157 2969 tunica
1197 2912 1473 2980 induunt,
1525 2911 1733 2984 hisque
1761 2910 2029 2982 egressis,

386 3024 420 3063 a
449 3003 757 3078 praeposito
787 3011 1118 3071 coronatur,
1160 3000 1373 3057 deinde
1399 3017 1429 3058 e
1454 3016 1683 3058 camera
1712 3001 1811 3057 ubi
1869 3016 2029 3057 coro-

384 3100 558 3152 natus
587 3097 677 3151 est
704 3094 898 3166 prodit
918 3097 1093 3165 atque
1141 3092 1200 3147 in
1232 3090 1437 3147 throno
1467 3108 1572 3148 suo
1602 3090 1661 3146 in
1712 3088 2033 3161 chrysotri-

388 3183 568 3242 clinio
599 3183 1344 3241 constitutosedet.lnterea
1374 3180 1626 3253 praefecti
1658 3180 1927 3237 cubiculo
1958 3180 2030 3235 ab

389 3280 637 3345 utroque
692 3273 892 3340 latere,
942 3270 1281 3328 cubicularii
1323 3274 1379 3327 et
1408 3269 1969 3343 spathocubicularii
1998 3285 2031 3324 a

393 3370 550 3433 tergo
581 3360 777 3417 throni
802 3361 858 3415 in
892 3360 1108 3415 circulo
1140 3365 1355 3430 astant,
1388 3365 1453 3415 ut
1482 3364 1571 3415 est
1600 3359 2027 3427 semicirculus,

387 3466 504 3524 quo
535 3465 631 3519 per
660 3456 785 3504 octo
817 3446 937 3503 vela
975 3447 1300 3519 ingressuri
1352 3448 1549 3505 venire
1597 3447 1811 3502 debent
1851 3463 1865 3502 :
1901 3463 2030 3516 pro-

383 3536 732 3608 tospatharii
749 3552 877 3591 vero
902 3535 1153 3591 eunuchi
1198 3536 1665 3608 prOpethronum
1681 3534 2029 3601 consistunt,

386 3626 605 3683 Deinde
636 3628 1004 3681 mensurator
1033 3628 1137 3681 aut
1162 3625 1333 3681 etiam
1370 3624 1572 3697 papias
1603 3623 1805 3696 palatii
1837 3623 2034 3697 magni

385 3713 753 3771 thuribulum
782 3714 983 3785 sumit,
1017 3717 1072 3770 et
1097 3732 1129 3770 ο.
1157 3713 1282 3770 velo
1314 3712 1546 3770 sublato
1584 3712 2036 3786 cbrysotriclinii

386 3819 520 3859 cum
556 3802 726 3859 thure
754 3802 1017 3871 veniens,
1052 3802 1463 3873 imperatorem
1494 3800 1779 3871 incensat,
1805 3818 1919 3874 quo
1949 3805 2037 3857 ter

389 3894 559 3964 facto,
621 3893 887 3950 discedit.
934 3893 1097 3950 Tunc
1136 3892 1502 3965 praspositus,
1536 3892 1702 3964 signo
1734 3909 1767 3948 a
1797 3891 2035 3948 domino

388 3987 647 4056 accepto,
688 3984 809 4040 abit
834 3986 892 4039 et
930 3998 1123 4039 coram
1156 3982 1487 4055 imperatore
1517 3980 1578 4038 in
1611 3982 1801 4039 medio
1833 3981 2038 4052 praefe'

386 4081 605 4129 olorum
636 4072 888 4130 cubiculi
915 4076 1051 4144 stat,
1082 4072 1474 4145 manibusque
1520 4088 1637 4127 una
1677 4087 1811 4127 cum
1842 4071 2039 4127 tunica

386 4180 497 4221 sua
523 4163 820 4235 expansis,
842 4163 1714 4234 imperatorem—veneratur,non
1742 4160 2036 4217 inclinatis

384 4256 583 4309 tamen
615 4251 904 4323 genibus;
938 4254 1027 4306 est
1049 4252 1204 4306 enim
1239 4254 1465 4305 tantum
1498 4250 1721 4321 species
1750 4248 2037 4305 adoratio-

388 4342 497 4410 nis,
531 4340 763 4412 qualem
796 4341 936 4396 ordo
996 4339 1109 4394 diei
1168 4341 1432 4411 requirit.
1491 4339 1585 4395 Sic
1616 4354 1749 4393 cum
1805 4338 2037 4393 duobus

388 4426 669 4493 ostiariis,
702 4426 803 4497 qui
853 4430 988 4479 ante
1020 4426 1209 4495 ipsum
1244 4425 1436 4497 virgas
1487 4442 1626 4480 suas
1657 4424 1718 4479 in
1750 4424 2039 4495 tripetone

388 4518 639 4586 gestant,
669 4512 1058 4585 progreditur,
1107 4514 1414 4585 magistros
1454 4530 1487 4568 a
1519 4512 1925 4568 cerimoniario
1946 4529 2035 4568 or-

389 4604 624 4661 dinatos
657 4604 889 4674 reperit,
922 4618 1139 4672 eosque
1191 4601 1532 4673 praerositus
1560 4600 1802 4657 advocat
1836 4605 2035 4657 :extra

2740 2557 2994 2612 ΚΕΦΑΛ.
3041 2557 3179 2616 Mll'.

2212 2644 2350 2700 Ὅσα
2380 2640 2462 2698 δεῖ
2499 2642 2935 2721 παραφυλάττειν
2967 2644 3055 2699 ἐπὶ
3081 2641 3337 2720 προϐολῇ
3390 2644 3714 2721 πατρικίων.

2212 2734 2291 2789 Α“.
2353 2730 2626 2788 Εἰσελθὼν
2688 2733 2716 2788 6
2777 2731 3034 2808 βασιλεὺς
3101 2735 3177 2796 είς
3214 2739 3316 2805 τὴν
3385 2736 3633 2811 καμάραν
3686 2736 3789 2805 τὴν

2142 2821 2303 2876 οὖσαν
2335 2822 2470 2897 πρὸς
2494 2824 2586 2876 τὸν
2613 2822 2736 2877 ναὸν
2782 2826 2877 2877 106
2929 2824 3114 2898 Ἀγίου
3172 2820 3457 2899 Θεοδώρου
3488 2820 3634 2878 ἔνδον
3690 2827 3790 2879 106

2145 2909 2343 2986 βήλου,
2374 2910 2765 2986 προσκαλεῖται
2798 2912 2826 2965 6
2849 2913 3207 2988 πραιπόσιτος
3244 2912 3372 2976 τούς
3433 2914 3788 2989 βεστήτορας,

2140 3001 2228 3054 καὶ
2286 2995 2683 3077 περιϐάλλουσι
2755 3002 2853 3071 τὴν
2909 2999 3148 3077 χλανίδα
3213 3003 3303 3057 τὸν
3374 3001 3622 3078 βασιλέα,
3695 3002 3785 3057 καὶ

2137 3090 2344 3144 τούτων
2402 3088 2749 3162 ἐξελθόντων,
2805 3091 3053 3169 στέφεται
3106 3091 3353 3162 61161106
3402 3090 3784 3167 πραιποσίτου,

2138 3175 2319 3233 ἔπειτα
2377 3176 2649 3254 ἐξέρχεται
2710 3178 2767 3232 ἐκ
2823 3181 2920 3247 τῆς
2973 3180 3247 3255 καμάρας,
3305 3179 3357 3236 ἐν
3528 3180 3783 3258 ἐστέφθη,

2138 3267 2226 3321 καὶ
2286 3266 2518 3322 ἀνελθὼν
2577 3268 2853 3338 καθέζεται
2913 3268 3001 3323 ἐπὶ
3047 3275 3149 3325 106
3202 3271 3387 3340 σένζου
3466 3270 3632 3326 αὑτοῦ
3686 3274 3784 3326 106

2137 3355 2401 3429 σταμένου
2449 3356 2524 3419 είς
2568 3357 2630 3412 τὸ
2680 3357 3153 3433 χρυσοτρίκλινον.
3205 3359 3454 3415 Στάντων
3477 3362 3523 3397 ³⁸
3580 3356 3638 3414 δὲ
3676 3364 3787 3415 τῶν

2137 3438 2421 3521 ἀρχόντων
2453 3453 2549 3504 106
2593 3444 2984 3505 κουϐουκλείου
3043 3446 3191 3515 ἔνθεν
3227 3451 3496 3520 κάκεῖθεν,
3556 3453 3608 3507 o't
3656 3472 3787 3507 κου-

2142 3535 2487 3611 βικουλάριει
2547 3536 2635 3591 καὶ
2713 3539 2765 3592 o't
2836 3535 3463 3615 σπαθοκουϐικου).άριοι
3533 3538 3784 3594 ’ίστανται

2141 3624 2317 3679 ὀπίσω
2357 3624 2543 3699 κύκλῳ
2563 3629 2658 3681 τοῦ
2695 3627 2899 3700 σὲνζου,
2931 3629 3107 3690 καθὼς
3157 3627 3271 3685 ἐστι
3317 3630 3378 3685 τὸ
3428 3628 3783 3702 ἡμικύκλιον,

2142 3710 2233 3768 διὰ
2260 3714 2325 3769 τὸ
2360 3716 2688 3793 χωρηθῆναι
2725 3714 2852 3778 τοὺς
2911 3714 3219 3791 μέλλοντας
3267 3716 3492 3774 είσελεῖν
3540 3715 3629 3773 διὰ
3676 3722 3786 3773 τῶν

2143 3802 2286 3859 ὀκτὼ
2322 3803 2532 3879 βήλων·
2558 3805 2609 3859 οἱ
2642 3802 2700 3860 δὲ
2745 3808 3227 3883 πρωτοσπαθάριοι
3264 3808 3519 3887 εὐνοῦχοι
3539 3806 3786 3863 ’ίστανται

2140 3891 2377 3964 πλησίον
2432 3897 2529 3948 106
2582 3893 2793 3966 σένζου.
2863 3895 2994 3952 Εἶτα
3052 3892 3239 3973 λαβὼν
3296 3898 3387 3952 τὸν
3443 3896 3703 3971 θυμιατὸν
3761 3896 3789 3950 6

2146 3980 2520 4055 μινσουράτωρ
2570 3981 2604 4050 ἢ
2659 3982 2748 4036 καὶ
2793 3983 2821 4037 6
2869 3981 3071 4045 παπίας
3112 3986 3209 4039 τοῦ
3255 3981 3524 4039 παλατίου
3553 3986 3650 4038 106
3695 4002 3791 4055 με-

2142 4067 2337 4145 γάλου,
2370 4072 2538 4143 θυμίᾷ
2562 4069 2667 4126 ἀπό
2717 4075 2813 4125 106
2854 4070 3150 4148 αἲρομένου
3202 4072 3381 4147 βήλου
3432 4070 3529 4129 106
3582 4092 3791 4149 γρυσο-

2141 4156 2445 4232 τρικλίνου,
2494 4160 2582 4215 καὶ
2635 4158 2922 4233 ἀνέρχεται
2980 4164 3190 4233 θυμιῶν
3240 4162 3332 4215 τὸν
3383 4160 3635 4236 βασιλέα,
3699 4162 3792 4216 καὶ

2141 4251 2301 4302 τοῦτο
2346 4252 2519 4303 ποιῶν
2563 4247 2623 4302 ἐκ
2677 4248 2867 4323 τρίτου
2921 4250 3225 4324 ὑποχωρεῖ.
3266 4251 3367 4307 Καὶ
3402 4244 3585 4304 λαϐὼν
3622 4255 3793 4324 νεῦμα

2144 4337 2171 4391 6
2220 4336 2583 4409 πραιπόσιτος
2633 4336 2778 4411 παρὰ
2837 4342 2934 4392 106
2999 4337 3289 4412 βασιλέως,
3345 4337 3639 4413 ἀπέρχεται
3701 4339 3795 4395 καὶ

2138 4424 2350 4480 ’ίσταται
2379 4424 2681 4502 ἔμπροσθεν
2713 4430 2811 4481 106
2848 4424 3121 4501 βασιλέως
3154 4426 3313 4499 μέσον
3357 4430 3466 4481 τῶν
3506 4426 3791 4501 ἀρχόντων

2144 4520 2240 4570 106
2274 4510 2688 4583 κουϐουκλείου,
2742 4516 2831 4570 καὶ
2873 4514 3201 4595 ἐφαπλώσας
3248 4516 3346 4577 τὰς
3386 4520 3578 4591 χεῖρας
3626 4517 3794 4573 αὐτοῦ

2148 4604 2278 4679 μετᾶ
2327 4608 2423 4658 106
2472 4600 2769 4679 χλανιδίου
2819 4605 3011 4674 αὑτοῦ,
3061 4610 3355 4681 προσκυνεῖ
3408 4606 3498 4660 τὸν
3540 4604 3788 4681 βασιλέα,

388 4692 586 4749 velum
637 4667 813 4765 porte
856 4667 1323 4765 chrysotriel-inii—
1353 4691 1468 4747 duo
1522 4689 1831 4747 silentiarii
1877 4695 2028 4748 stant

2147 4694 2224 4767 μή
2255 4690 2446 4755 κλίνας
2492 4694 2557 4747 τὰ
2611 4692 2833 4769 γόνατα,
2904 4692 2956 4750 εἴ
3000 4696 3076 4768 μὴ
3104 4667 3292 4767 Ιμόνον
3341 4694 3404 4750 τὸ
3453 4667 3648 4770 σχῆμα
3692 4702 3795 4764 τῆς

387 4791 441 4841 et
464 4781 766 4840 arcessitis
797 4798 831 4838 a
862 4781 1171 4854 preposito
1222 4780 1539 4853 magistris,
1572 4778 1762 4836 velum
1793 4797 1829 4837 a
1859 4780 2036 4837 silen-

384 4872 572 4930 tiariis
595 4888 827 4930 sursum
851 4871 1094 4937 tollitur,
1119 4877 1175 4927 et
1204 4870 1528 4944 ingreditur
1559 4870 1815 4943 primum
1846 4870 2036 4929 velum

388 4963 794 5037 magistrorum
818 4978 940 5018 cum
966 4962 1294 5035 praeposito,
1326 4961 1425 5034 qui
1476 4977 1653 5035 prope
1672 4961 1815 5018 illud
1837 4963 2039 5018 consti-

388 5057 572 5118 tutus,
605 5053 746 5108 dum
764 5054 895 5124 post
924 5067 986 5108 se
1004 5051 1521 5123 magistroshabet,
1537 5051 1788 5108 ostiariis
1802 5053 2037 5125 signum

390 5143 485 5198 dat
514 5142 668 5199 intra
697 5140 889 5198 velum
910 5140 1773 5214 stantibus.Porropraepositus
1797 5142 1855 5198 in
1889 5142 2034 5211 velo,

389 5232 559 5305 signo
596 5232 668 5288 ab
699 5230 1051 5304 imperatore
1089 5235 1345 5303 accepto,
1392 5231 1784 5288 mensuratori
1817 5236 1917 5287 aut
1945 5248 2039 5287 cu-

388 5320 673 5378 biculario
690 5320 878 5377 velum
910 5319 1137 5378 tollenti
1167 5320 1354 5391 capite
1376 5320 1605 5391 aunuit,
1632 5324 1690 5375 et
1715 5319 2039 5392 ingreditur

391 5410 753 5484 praepositus,
786 5426 1075 5483 suumque
1105 5408 1298 5466 locum
1322 5413 1584 5482 occupat.
1621 5409 1877 5483 Magistri
1898 5425 2033 5466 vero

2148 4784 2594 4857 προσκυνήσεως,
2636 4782 2696 4837 60
2728 4784 2930 4859 τρόπον
2963 4786 2997 4853 ἡ
3028 4790 3128 4853 τῆς
3160 4785 3372 4859 ἡμερας
3420 4785 3567 4854 τάξις
3626 4783 3794 4839 άπαι-

2143 4878 2245 4930 τεῖ.
2288 4872 2386 4927 Καὶ
2436 4872 2535 4936 εἴθ’
2589 4871 2763 4934 οὕτως
2810 4871 3085 4948 ἐξέρχεται
3140 4874 3275 4946 μετὰ
3324 4871 3421 4929 δύο
3480 4872 3789 4949 ἀστιαρίων,

2146 4956 2448 5035 ἔμπροσθεν
2495 4958 2658 5016 αὐτοῦ
2717 4956 3091 5036 βασταζόντων
3149 4961 3240 5015 καὶ
3272 4960 3363 5028 ⁸τὰ
3395 4961 3585 5037 βεργία
3616 4960 3789 5015 αὐτῶν

2147 5047 2199 5105 ἐν
2224 5055 2294 5125 τῇ
2324 5051 2638 5124 τριπὲτωνι,
2670 5048 2758 5105 καὶ
2801 5049 3035 5125 εὑρίσκει
3066 5051 3194 5113 τοὺς
3251 5040 3583 5126 μαγίστρους
3642 5052 3789 5120 ἡτοι-

2150 5142 2444 5213 μασθέντας
2512 5139 2659 5215 παρὰ
2717 5144 2815 5195 106
2871 5142 2969 5209 τῆς
3010 5141 3425 5213 ξκαταστάσεως,
3468 5138 3557 5195 καὶ
3623 5159 3791 5215 προσ-

2146 5229 2390 5285 καλεῖται
2450 5228 2643 5290 αὐτοὺς
2702 5230 2730 5284 6
2778 5228 3159 5298 πραιπόσιτος*
3223 5230 3312 5285 καὶ
3378 5227 3628 5285 ’ίστανται
3693 5227 3793 5298 ἔξω

2143 5321 2241 5374 106
2275 5316 2453 5393 βήλου
2484 5322 2583 5384 τῆς
2612 5316 2794 5389 πύλης
2828 5322 2927 5373 τοῦ
2960 5316 3420 5395 χρυσοτρικλίνου
3481 5316 3576 5373 δύο
3610 5316 3793 5373 σιλεν-

2144 5408 2370 5483 τιάριοι,
2402 5408 2490 5463 καὶ
2520 5407 2681 5478 ἡνίκα
2728 5406 3153 5485 προσκληθῶσιν
3202 5408 3254 5464 o't
3308 5409 3599 5482 μάγιστροι
3649 5404 3794 5482 παρὰ

1740 5578 1986 5635 VARLE
2032 5578 2449 5639 LECTIONES.

465 5734 508 5770 ³⁸
540 5734 567 5789 ὁ
599 5752 716 5793 om.
750 5735 841 5793 ed.
919 5734 964 5770 ‘9
994 5731 1254 5787 ἱστάντων
1286 5735 1377 5791 ed.
