4158 6212
373 391 492 452 505
1255 391 1354 450 DE
1397 389 1856 451 CERIMONIIS
1901 390 2137 451 AULIE
2179 388 2660 450 BYZAN’I‘INIE
2704 389 2847 448 LIB.
2895 388 2942 448 l.
3667 387 3786 446 506

370 528 469 580 τοῦ
498 522 890 598 πραιποσίτοι),
938 522 1146 600 αἶ’ρεται
1196 523 1418 594 ὕπερθεν
1463 519 1526 576 τὸ
1579 520 1752 597 βῆλον
1807 521 1909 577 ὑπὸ
1950 543 2024 576 σι-

2146 522 2298 578 intra
2326 520 2519 578 velum
2551 520 2824 594 ingressi,
2857 537 2918 576 se
2948 523 3342 592 prosternunt,
3374 528 3428 577 et
3475 528 3783 594 postquam

377 613 725 690 λεντιαρίων,
766 615 856 668 καὶ
907 613 1245 690 εἰσέρχονται
1303 614 1356 667 οἱ
1417 613 1709 688 μάγιστροι
1764 612 1897 684 μετὰ
1935 615 2024 666 τοῦ

2141 627 2460 678 surrexere,
2491 610 2551 665 in
2580 612 2785 666 ordine
2815 627 2922 666 suo
2946 619 3073 682 post
3097 612 3392 682 praefectos
3415 612 3684 670 cubiculo
3708 613 3778 668 ab

374 703 768 779 πραιποσίτου,
809 703 871 759 τὸ
914 707 1130 774 πρῶτον
1168 700 1363 778 βῆλον,
1415 701 1504 755 καὶ
1553 702 1678 762 στὰς
1725 703 1753 756 6
1793 701 2024 776 πραιπό-

2143 706 2388 772 utroque
2419 707 2594 756 latere
2627 705 2848 756 astant.

375 811 528 856 σιτος
591 789 834 861 πλησίον
898 796 996 846 τοῦ
1052 790 1216 846 αὐτοῦ
1267 789 1469 866 βήλου,
1511 791 1564 844 οἱ
1621 788 1679 844 δὲ
1735 791 2021 864 μάγιστροι
2061 787 2237 843 ὀπίσω
2292 787 2476 856 αὐτοῦ,
2545 788 2683 843 νεύει
2743 790 2769 842 6
2827 788 3192 862 πραιπόσιτος
3257 789 3384 851 τοὺς
3453 789 3786 864 ὀστιαρίους,

372 883 464 937 καὶ
524 879 770 937 ἵστανται
837 877 990 936 ἔνδον
1045 885 1142 936 τοῦ
1201 879 1402 956 βήλοο.
1466 875 1660 935 Λαϐὼν
1720 877 1777 934 δί
1841 883 2011 953 νεῦμα
2069 879 2096 933 6
2156 875 2303 934 ἔνδον
2362 879 2722 950 πραιπόσιτος
2755 878 2899 953 παρὰ
2927 881 3024 932 τοῦ
3059 877 3348 952 βασιλέως,
3383 875 3574 933 δίδωσι
3617 883 3786 951 νεῦμα

371 976 452 1044 τῷ
485 971 896 1046 μινσουράτωρὶ
919 971 953 1040 ἦ
976 976 1056 1044 τῷ
1081 966 1527 1046 κουϐικουλαρίῳ
1554 976 1634 1044 τῷ
1664 968 1872 1046 αἶ’ροντι
1901 970 1964 1025 τὸ
1998 968 2174 1044 βῆλον
2198 970 2266 1035 ⁴⁰,
2297 968 2389 1023 καὶ
2410 968 2714 1044 εἰσέρχεται
2745 970 2772 1024 6
2803 969 3161 1044 πραιπόσιτος
3190 969 3280 1023 καὶ
3312 968 3593 1044 ἀνέρχεται
3629 969 3680 1024 ἐν
3713 973 3780 1044 τῇ

375 1062 558 1119 στάσει
617 1063 803 1118 αὐτοῦ’
855 1065 908 1118 οἱ
957 1060 1014 1118 δὲ
1065 1063 1352 1139 μέγιστροι
1401 1061 1736 1126 εἰσελθόντες
1786 1059 1933 1117 ἔνδον
1975 1065 2071 1118 τοῦ
2133 1059 2333 1136 βήλου,
2384 1059 2667 1132 πίπτουσι,
2718 1062 2808 1116 καὶ
2841 1061 3158 1124 ἀναστάντες
3183 1059 3424 1116 ἵστανται
3457 1061 3510 1116 ἐν
3541 1067 3610 1136 τῇ
3639 1063 3782 1132 τάξει

375 1155 552 1210 αὑτῶν
581 1155 688 1210 ἀπὸ
727 1158 834 1209 τῶν
866 1153 1150 1230 ἀρχόντων
1182 1159 1279 1210 τοῦ
1311 1149 1705 1209 κουϐουκλείου
1736 1151 1882 1218 ἔνθεν
1915 1153 2183 1218 κάκεῖθεν.

448 1247 520 1303 Β“.
556 1244 658 1303 Καὶ
712 1245 866 1309 αὖθις
926 1240 1112 1301 λαϐὼν
1170 1249 1340 1319 νεῦμα
1397 1246 1425 1300 6
1482 1245 1844 1320 πραιπόσιτος
1884 1244 2028 1319 παρὰ

375 1339 472 1390 τοῦ
512 1333 807 1410 βασιλέως,
857 1334 1162 1410 εἰσέρχεται
1205 1335 1281 1398 εἰς
1325 1336 1388 1390 τὸ
1432 1334 1617 1408 μέσον,
1658 1335 1748 1389 καὶ
1788 1354 2026 1409 προσκυ-

373 1425 564 1497 νήσας,
623 1425 698 1485 ὼς
755 1421 1012 1500 ἀνωτέρω
1081 1422 1319 1499 εἴρηται,
1397 1421 1676 1503 ἐξέρχεται
1735 1422 1870 1496 μετὰ
1929 1419 2024 1478 δύο

377 1511 662 1587 ὀστιαρίων
721 1511 773 1567 ἐν
842 1518 923 1585 τῷ
993 1511 1308 1584 τριπέτωνι,
1361 1513 1454 1568 καὶ
1510 1511 2026 1587 προσκαλεσάμενος

373 1603 505 1664 τοὺς
553 1602 909 1672 ἀνθυπάτους,
951 1603 1152 1678 εἰσάγει
1206 1602 1420 1668 αὐτοὺς,
1476 1601 1651 1677 βῆλον
1714 1602 1780 1678 β’·
1850 1621 2023 1676 προσ-

372 1695 697 1765 κυνήσαντες
755 1691 812 1749 δὲ
865 1694 956 1750 καὶ
1005 1695 1186 1766 αὐτοὶ,
1248 1693 1496 1750 ’ίστανται
1543 1695 1648 1749 ἀπὸ
1706 1699 1813 1749 τῶν
1857 1693 2022 1769 μαγί-

2214 1245 2283 1301 ll.
2328 1245 2552 1302 Rursus
2617 1245 2966 1318 praepositus
3025 1245 3346 1302 secundum
3413 1245 3781 1318 imperatoris

2139 1341 2343 1390 nulum
2375 1335 2434 1391 in
2468 1335 2725 1391 medium
2754 1335 2936 1404 venit,
2968 1339 3024 1391 et
3057 1335 3416 1404 adcretione,
3447 1336 3516 1390 de
3546 1351 3662 1407 qua
3691 1353 3783 1391 su-

2138 1439 2240 1495 pra
2270 1424 2549 1490 diximus,
2580 1425 2756 1492 facta,
2786 1439 2914 1480 cum
2942 1425 3173 1480 duobus
3203 1425 3460 1481 ostiariis
3493 1427 3646 1480 144
3674 1424 3783 1480 tri-

2135 1518 2404 1585 petonem
2437 1514 2600 1586 petit,
2631 1518 2716 1569 σοι
2765 1525 3072 1586 postquam
3122 1515 3502 1585 proconsules
3529 1516 3776 1582 vocavit,

2133 1619 2230 1660 eos
2260 1604 2319 1658 in
2352 1603 2610 1659 secundo
2639 1602 2765 1659 velo
2804 1603 3062 1670 adducit,
3112 1604 3343 1675 ipsique
3391 1609 3524 1676 post
3571 1605 3781 1660 adora-

2131 1692 2350 1749 tionem
2386 1693 2458 1748 ad
2490 1701 2803 1764 utrumque
2835 1692 3247 1765 magistrorum
3281 1694 3436 1750 latus
3480 1709 3539 1749 se
3578 1694 3778 1749 confe-

373 1802 544 1860 στρων
602 1779 747 1848 ἔνθεν
804 1785 1068 1854 κάκεῖθεν,
1128 1785 1157 1839 6
1213 1781 1268 1840 δὲ
1323 1784 1684 1858 πραιπόσιτος
1740 1781 2024 1858 ἀνέρχεται

2135 1788 2294 1850 runt,
2330 1782 2677 1855 prapositus
2719 1799 2853 1838 vero
2898 1797 3066 1838 suam
3118 1782 3430 1838 stationem
3464 1783 3690 1854 repetit,
3723 1786 3782 1839 et

373 1871 425 1928 ἰν
481 1876 550 1946 τῇ
611 1874 788 1928 στάσει
848 1871 1032 1945 αὑτοῦ,
1089 1873 1252 1928 τοῦτο
1311 1870 1366 1928 δὲ
1422 1878 1569 1927 ποιεῖ
1622 1871 1758 1927 κατά
1817 1869 2026 1926 εἷ’σοδον

372 1960 598 2018 δκάστου
651 1960 855 2036 βήλου.
911 1962 1013 2018 Καὶ
1065 1961 1218 2026 αὖθις
1269 1957 1455 2016 λαϐὼν
1501 1967 1693 2036 νεῦμα,
1727 1961 2025 2035 ἐξέρχεται,

370 2050 448 2112 ὡς
482 2050 736 2125 ἀνωτέρω
783 2049 1021 2124 εἴρηται,
1064 2047 1116 2104 ἒν
1155 2054 1236 2122 τῷ
1274 2050 1589 2125 τριπὲτωνι,
1639 2049 1729 2105 καὶ
1780 2069 2025 2124 προσκα-

373 2137 555 2193 λεῖται
620 2138 941 2213 πατρικίους
989 2139 1079 2193 καὶ
1130 2137 1491 2213 στρατηγοὺς,
1540 2138 1629 2192 καὶ
1689 2137 1891 2214 εἰσάγει
1932 2137 2026 2192 αὖ·

369 2225 521 2297 τοὺς,
567 2227 743 2301 βῆλον
786 2229 850 2302 γ’⁶
891 2227 1259 2283 ἓκτελοῦντων
1297 2227 1385 2283 καὶ
1435 2227 1614 2283 αὐτῶν
1658 2226 2024 2297 προσκύνησιν

370 2317 461 2372 καὶ
512 2317 720 2387 στάσιν,
770 2319 845 2375 ὡς
883 2319 973 2373 καὶ
1015 2318 1067 2372 οἱ
1113 2319 1330 2392 πρώην.
1379 2319 1574 2376 Ἰστέον
1606 2315 1682 2390 δὲ,
1715 2315 1820 2386 ὅτι,
1854 2317 1899 2372 εἷ
1934 2318 2027 2390 μὶν

373 2404 472 2462 οὐκ
509 2403 650 2462 ἔστιν
693 2407 721 2462 6
761 2406 1010 2482 ὕπαρχος
1060 2406 1369 2482 πατρίκιος,
1410 2408 1464 2461 ἓν
1525 2411 1602 2478 τῷ
1655 2405 1824 2481 τρίτῳ
1867 2405 2028 2482 βήλῳ

372 2500 481 2552 τῶν
509 2494 812 2572 πατρικίων
860 2497 1162 2571 εἰσέρχεται
1222 2496 1272 2551 ἐν
1330 2499 1398 2570 τῇ
1450 2494 1619 2572 δοχῇ,
1651 2497 1739 2552 ὲᾶν
1775 2493 1832 2550 δὲ
1860 2495 2024 2551 κυαί-

373 2605 517 2660 στωρ
557 2586 593 2656 ἢ
633 2583 934 2663 λογοθὲτης
982 2588 1094 2660 (77)
1142 2587 1177 2655 ἤ
1221 2586 1430 2660 γενικὸς
1481 2587 1594 2659 (78)
1640 2585 1677 2655 ἢ
1734 2584 1792 2640 ἐκ
1819 2589 1928 2640 τῶν
1956 2587 2023 2640 τὰ

370 2677 557 2746 πρῶτα
632 2673 860 2753 ὀφφίκια
924 2675 1292 2754 κατεχόντων,
1371 2675 1474 2730 οὐκ
1547 2674 1648 2728 εἰσὶ
1719 2672 2020 2750 πατρίκιοι,

371 2760 550 2825 οὐδεὶς
598 2762 903 2844 εἲσὲρχεται
963 2765 1097 2837 μετὰ
1141 2768 1250 2820 τῶν
1301 2765 1626 2839 πατρικίων,
1677 2762 1804 2819 ἀλλ’
1845 2760 2020 2839 εἰσέρ-

368 2871 556 2927 χονται
593 2855 727 2926 μετά
754 2855 853 2922 τῆς
893 2852 1228 2928 συγκλήτου.
1283 2852 1386 2911 Καὶ
1418 2848 1601 2908 Λαϐὼν
1635 2853 1801 2908 πάλιν
1849 2858 2022 2926 νεῦμα

370 2942 399 2996 6
449 2943 808 3017 πραιπόσιτος
865 2943 1012 3017 παρά
1075 2947 1172 2998 τοῦ
1235 2941 1526 3018 βασιλέως,
1588 2943 1886 3018 εἰσέρχεται
1945 2943 2023 3007 εἰς

373 3033 435 3086 τὸ
489 3033 672 3106 μέσον,
713 3033 803 3087 καὶ
854 3035 1233 3107 προσκυνήσας
1270 3031 1360 3087 καὶ
1420 3030 1702 3095 ἐκτελέσας
1743 3033 1937 3100 πάντα,
1989 3023 2021 3088 ἃ

370 3119 421 3177 ἐν
448 3125 528 3194 τῷ
557 3121 759 3196 πρώτῳ
817 3121 982 3196 βήλῳ
1020 3121 1334 3195 ἐξετέλεσεν,
1393 3119 1669 3209 ἐξέρχεται
1731 3122 1866 3196 μετᾶ
1918 3118 2014 3209 δύο
2045 3145 2090 3209 c

369 3209 660 3284 ὀστιαρίων
720 3209 773 3266 ἔν
808 3215 888 3282 τῷ
950 3209 1260 3284 τριπέτωνι,
1327 3209 1416 3265 καὶ
1465 3207 1664 3286 εἱσᾶγει
1731 3211 1829 3279 τὴν
1881 3208 2012 3284 σόγ-

368 3295 598 3368 κλητον,
657 3296 702 3354 δ’
760 3298 934 3374 βῆλον
993 3301 1038 3337 “
1098 3303 1234 3374 (79)°
1286 3298 1563 3355 ἐκτελοῦσι
1617 3296 1676 3354 δὲ
1713 3299 1803 3354 καὶ
1860 3298 2015 3353 αὐτοὶ

366 3385 598 3459 ὁμοίως.
657 3387 1110 3464 Συνεισὲρχονται
1185 3387 1366 3450 αὐτοῖς
1444 3385 1534 3441 διὰ
1605 3394 1706 3456 τῆς
1779 3386 2016 3463 πλαγίας

366 3476 547 3532 αὐτῶν
594 3475 645 3531 ἰν
691 3477 786 3550 μὲν
834 3481 914 3549 τῷ
963 3475 1120 3550 δεξιῷ
1182 3477 1332 3550 μὲρει
1392 3479 1443 3531 οἱ
1495 3478 1845 3552 βεστήτορες,
1878 3474 1930 3531 ἐν
1961 3473 2018 3531 δὲ

363 3568 441 3636 τῷ
494 3564 763 3639 εὐωνύμῳ
804 3567 832 3621 6
883 3563 1186 3642 λογοθέτης
1237 3566 1372 3639 μετᾶ
1415 3572 1522 3621 τῶν
1566 3566 1893 3640 ἀσηκρητῶν
1925 3566 2015 3620 καὶ

362 3653 390 3707 ὁ
450 3651 859 3730 βεφερινδᾶριος
938 3657 1052 3729 μετ’
1132 3654 1308 3711 αὐτῶν
1379 3660 1560 3733 φορῶν
1646 3655 1894 3732 φελώνην
1970 3656 2019 3691 ⁸⁸

360 3739 563 3821 ἅσπρον
596 3747 734 3820 (80).
785 3743 980 3803 Ἰστὲον
1020 3743 1076 3801 δὲ
1131 3746 1214 3800 6'1:
1265 3745 1316 3799 οἱ
1365 3746 1459 3817 μὲν
1507 3745 1812 3818 ἆσηκρῆται
1841 3745 1931 3800 καὶ
1963 3746 2014 3800 οἱ

2137 1878 2222 1928 sic
2253 1873 2378 1928 vela
2405 1871 2636 1944 singula
2683 1873 2887 1928 ordine
2943 1871 3278 1929 introducit.
3330 1872 3557 1928 Rursus
3611 1872 3780 1944 signo

2136 1961 2292 2032 dato,
2318 1962 2387 2017 ad
2420 1961 2788 2034 tripetonem,
2813 1965 2877 2017 ut
2899 1978 3075 2033 supra
3100 1961 3382 2028 diximus,
3407 1976 3781 2034 progressus,

2135 2050 2409 2121 patricios
2439 2056 2498 2108 et
2543 2056 2826 2121 strategos
2859 2056 3025 2108 vocat
3043 2059 3098 2107 et
3130 2051 3187 2106 in
3222 2050 3346 2107 velo
3377 2051 3544 2109 tertio
3589 2050 3778 2106 addu-

2137 2140 2249 2194 cit:
2301 2137 2436 2210 ipsi,
2487 2143 2550 2194 ut
2611 2139 2854 2210 priores,
2905 2141 3155 2196 adorant
3200 2155 3454 2212 suasque
3497 2140 3780 2196 stationes

2137 2231 2426 2299 repetunt.
2457 2227 2897 2283 Observandum
2919 2235 3027 2296 est,
3062 2229 3416 2298 praefectum,
3437 2228 3482 2282 si
3507 2229 3782 2297 patricius

2138 2332 2254 2372 non
2287 2317 2380 2385 sit,
2415 2315 2653 2372 tertium
2684 2315 2876 2372 velum
2918 2316 3294 2387 patriciorum
3344 2316 3402 2370 in
3452 2316 3781 2387 receptione

2135 2405 2394 2462 intrare:
2425 2405 2472 2460 si
2495 2422 2627 2462 vero
2672 2409 2928 2478 quaestor
2956 2414 3054 2461 aut
3097 2405 3392 2478 logotbeta
3423 2409 3524 2460 aut
3579 2405 3781 2461 aerario

2137 2494 2441 2567 prafectus
2471 2499 2571 2550 aut
2601 2511 2632 2550 e
2664 2495 3020 2567 proceribus,
3045 2494 3146 2567 qui
3179 2494 3386 2566 primis
3435 2493 3644 2550 officiis
3673 2495 3778 2549 ad—

2135 2583 2276 2639 moti
2306 2588 2468 2652 sunt,
2501 2582 2735 2656 patricii
2775 2600 2891 2639 non
2942 2583 3080 2648 sint,
3121 2584 3346 2638 nullum
3395 2598 3594 2640 eorum
3645 2599 3777 2639 cum

2132 2671 2415 2745 patriciis,
2452 2672 2553 2727 sed
2586 2687 2720 2727 cum
2753 2675 2958 2728 senatu
2991 2672 3228 2728 intrare.
3249 2672 3477 2727 Rursus
3506 2671 3674 2743 signo
3706 2671 3778 2727 ab

2131 2761 2485 2833 imperatore
2517 2761 2671 2827 dato,
2706 2759 3076 2832 praepositus,
3100 2761 3159 2816 in
3187 2761 3378 2816 medio
3396 2761 3776 2828 constitutus,

2131 2855 2436 2923 postquam
2469 2850 2868 2906 adorationem
2903 2866 2969 2905 ac
3018 2849 3244 2923 reliqua
3291 2850 3492 2906 omnia
3534 2849 3778 2922 peregit,

2131 2959 2258 3014 qum
2287 2942 2346 2997 in
2380 2942 2569 3014 primo
2600 2941 2727 2998 velo
2757 2949 2888 2998 acta
2909 2942 3048 3009 sint,
3080 2958 3217 2998 cum
3266 2942 3496 2998 duobus
3527 2940 3775 2997 ostiariis

2133 3032 2477 3103 tripetonem
2509 3031 2652 3099 adit,
2687 3047 2752 3086 ac
2783 3035 3124 3087 senatorum
3153 3035 3424 3102 quartum
3457 3029 3650 3086 velum
3677 3031 3777 3086 ad-

2130 3122 2313 3190 ducit,
2346 3120 2443 3191 qui
2489 3121 2722 3176 eosdem
2779 3120 2923 3176 ritus
2976 3121 3326 3177 observant:
3383 3135 3517 3176 cum
3578 3120 3670 3176 bis
3703 3120 3773 3176 ab

2129 3225 2327 3266 eorum
2359 3210 2558 3277 latere,
2591 3225 2626 3266 a
2654 3209 2856 3266 dextra
2905 3213 3064 3280 parte
3102 3208 3418 3274 vestitores,
3451 3225 3484 3264 a
3531 3207 3772 3264 sinistra

2126 3299 2412 3370 logotheta
2452 3315 2586 3355 cum
2620 3317 2654 3355 a
2701 3299 2944 3357 secretis
2984 3307 3038 3356 et
3087 3299 3530 3369 referendarius,
3576 3297 3769 3355 albam

2127 3389 2396 3462 penulam
2426 3394 2686 3462 gestans,
2719 3390 3022 3446 accedunt.
3056 3391 3137 3445 Ex
3169 3389 3258 3446 his
3287 3407 3341 3454 ,a
3383 3389 3643 3456 secretis,
3671 3404 3774 3444 ve-

2127 3479 2386 3549 stitores,
2406 3478 2733 3552 logothetes
2751 3484 2809 3535 et
2837 3479 3094 3535 decanus
3115 3479 3255 3535 dum
3288 3480 3532 3550 intrant,
3555 3495 3618 3536 se
3652 3494 3771 3535 non

2124 3574 2524 3640 prosternunt,
2557 3570 2652 3625 sed
2686 3572 2816 3641 post
2855 3573 3139 3627 secretum
3168 3570 3240 3624 ab
3291 3572 3540 3641 utroque
3590 3567 3769 3624 latere

2125 3657 2490 3726 subsistunt;
2523 3663 2762 3715 senatus
2783 3674 2935 3730 vero,
2961 3667 3021 3714 ut
3042 3659 3320 3726 diximus,
3345 3657 3567 3714 accedit
3589 3672 3772 3728 eaque

2125 3748 2344 3816 omnia,
2377 3763 2506 3819 qua;
2538 3747 2782 3819 priores,
2817 3748 3058 3820 peragit.
3112 3747 3361 3802 Posthac
3401 3747 3769 3819 prapositus,

1727 3900 1971 3957 VARUE
2012 3900 2420 3959 LECTIONES.

427 4015 474 4092 ‘f
507 4018 720 4092 EXQA.
757 4017 979 4092 ’la1éov,
1021 4016 1205 4092 611,53.
1237 4012 1380 4073 ἔστιν
1411 4015 1670 4091 εὐνοῦχος
1703 4016 1730 4071 6
1767 4034 2176 4090 μινσουρατωρ,
2221 4012 2362 4092 αἶ’ρει
2405 4017 2468 4071 τὸ
2523 4015 2718 4092 βῆλον,
2769 4015 2816 4071 εἴ
2865 4012 2922 4070 δὶ
2974 4017 3073 4089 μή,
3124 4009 3600 4089 κουϐικουλάριος.
3647 4014 3692 4050 ⁴¹
3726 4011 3774 4069 δ’

361 4084 510 4161 βῆλα
550 4089 678 4147 00d.
757 4089 804 4125 ⁴²
835 4086 1040 4164 ἃσπραν
1068 4084 1162 4147 ed.

1409 4218 1614 4276 JOAN.
1653 4217 1800 4275 JAC.
1845 4217 2111 4274 REISKII
2149 4215 2719 4274 COMMENTARIUS

424 4332 538 4406 (‘77)
561 4333 762 4391 Plures
786 4339 953 4392 erant
977 4335 1305 4408 logothetze,
1324 4335 1382 4392 in
1407 4336 1625 4462 quibus
1646 4337 1820 4392 etiam
1845 4331 2005 4408 λογο-

424 4422 513 4462 ιης
573 4404 600 4458 6
633 4405 883 4462 γενικὸςε
921 4409 1076 4462 unde
1133 4413 1236 4462 aut
1291 4409 1374 4462 sic
1455 4409 1770 4462 egendum.
1803 4413 1904 4462 aut
1958 4402 1995 4462 ἧ

354 4402 600 4482 ᾔτης’-ὁ
633 4405 883 4482 γενικὸςᾉε
921 4402 1076 4464 unde
1133 4413 1240 4482 aut
1291 4402 1374 4464 sic
1423 4402 1770 4482 legendum,
1803 4402 1995 4482 aut'v'i

355 4473 669 4552 delendum
700 4495 827 4552 esse
858 4480 966 4536 hoc
999 4485 1197 4536 nostro
1227 4479 1353 4537 loco
1395 4473 1578 4552 videri
1609 4473 1782 4551 queat
1814 4473 1998 4552 prima
2030 4473 2074 4538 Ι)

357 4547 564 4620 fronte.
596 4549 705 4606 Sed
741 4551 823 4607 nil
873 4553 1226 4608 movendum
1277 4561 1495 4620 putem.
1545 4547 1997 4616 Qu'ando'euim

353 4616 648 4696 logotbeta
703 4623 790 4696 sic
847 4624 1000 4679 nude
1056 4616 1409 4696 appellatur,
1466 4623 1761 4696 logotheta
1817 4623 2008 4680 dromi

357 4693 788 4766 seuArationalis
810 4711 1021 4751 cursus
1054 4693 1419 4766 intelligitur.

401 4763 542 4843 ⁹(78)
575 4764 858 4843 Generalis
889 4770 1034 4843 erat,
1077 4767 1176 4843 qui
1206 4763 1286 4843 τῷ
1314 4764 1536 4842 γενικῷ,
1566 4767 2006 4843 generaligzra-

358 4835 467 4914 rt'o,
500 4842 942 4921 praeessethaut,
976 4842 1041 4891 ut
1077 4835 1192 4921 alii
1226 4835 2005 4921 interpretanturtaediflcio,

357 4909 418 4961 in
475 4922 593 4974 quo
645 4909 887 4975 subditi,
945 4909 1357 4979 negotiatores,
1393 4913 1602 4978 nautis,
1663 4910 1889 4964 tributa
1948 4914 2008 4964 et

357 4978 666 5059 vectigalia
747 4979 1065 5059 solvebant.
1143 4980 1332 5059 Quod_
1366 4981 1580 5059 eodem
1632 4980 1800 5059 redit.
1855 4979 2006 5059 glim

356 5046 677 5103 audiébant
703 5046 988 5111 καθολικοῖ
1021 5067 1034 5104 :
1079 5052 1233 5107 conf.
1285 5051 1477 5106 Vales.
1513 5051 1584 5106 ad
1631 5053 1822 5106 Amm.
1855 5051 2007 5105 Mar-

357 5116 585 5200 cel‘l.‘_p.
644 5120 735 5200 86,
795 5125 858 5200 et
907 5121 1044 5200 3135,
1094 5119 1549 5200 ubihatallgltx}:
1593 5121 2005 5200 1i<__’Acpptttﬁ<

363 5187 885 5318 ξῗιέἀέἶὶνὲξοηαιίι
911 5192 1156 5265 Africae;
1193 5194 1332 5249 item
1360 5193 1448 5249 Du
1467 5187 1667 5267 Gange
1686 5187 1872 5250 Gloss.
1905 5187 2001 5250 Gr.

695 5280 743 5318 r.

358 5278 415 5318 ει
445 5278 572 5317 Ut’ll
607 5278 743 5318 UDP.

429 5334 548 5411 (79)
597 5335 700 5411 Est
751 5334 1017 5411 quidem_
1047 5336 1109 5392 in
1169 5335 1414 5392 membr.
1474 5333 1517 5390 δ’
1552 5333 1721 5411 βῆλα,
1772 5341 2008 5411 qualum;

353 5405 500 5486 pcta,
532 5408 619 5490 vel
651 5405 910 5490 quatuor
939 5407 1155 5490 missus
1202 5424 1526 5490 procerum,
1552 5405 1803 5490 corpora
1833 5407 2008 5464 simul

352 5479 767 5548 ingredientia.
801 5483 980 5534 Erant
1009 5479 1358 5552 plerumque
1387 5485 1605 5549 septem
1649 5479 1775 5536 vela
1806 5495 2005 5549 proce-

360 5561 516 5632 rum,
547 5565 679 5632 quas
724 5551 798 5632 ad
847 5551 992 5622 imp.
1043 5551 1537 5632 admittebantur;
1589 5568 1655 5632 v._
1702 5567 1757 5622 p.
1788 5552 1912 5619 139,
1952 5557 2008 5605 et

363 5615 1193 5696 alibitinterdump'auciora,
1245 5615 1546 5696 nunquam
1601 5615 1770 5696 plura
1826 5615 2006 5693 quam

365 5695 491 5766 o_cto_
515 5710 530 5760 ;
556 5692 678 5766 vid.
712 5692 935 5766 penult.
968 5699 1145 5752 Recte
1173 5699 1368 5751 tamen
1386 5692 1496 5766 hic
1521 5692 1641 5766 loci
1662 5692 2008 5750 emendasse

370 5757 442 5815 cl.
481 5757 772 5822 Leicbiu'm
828 5769 978 5838 patet
1019 5783 1049 5824 e
1105 5765 1512 5839 sequentibus,
1547 5765 1648 5823 ubi
1705 5766 2004 5839 quintum,

2114 4338 2368 4402 sextum,
2399 4335 2716 4406 septimum
2748 4343 2800 4393 et
2833 4342 3104 4395 octavum
3135 4335 3325 4392 velum
3345 4333 3586 4393 seorsim
3614 4351 3763 4392 enu-

2122 4414 2446 4463 merantur.

2178 4479 2291 4551 (80)
2324 4476 2592 4556 malta-Inv
2634 4478 2792 4556 idem
2849 4485 2971 4556 est;
2995 4475 3526 4556 δίᾳυθωφελώνιον,
3557 4478 3769 4550 phana-

2115 4550 2280 4628 lt'um,
2315 4553 2580 4628 penula;
2631 4555 2748 4628 vid.
2789 4557 2885 4628 Du
2935 4550 3128 4628 Gange
3160 4550 3363 4628 _Gl'oss_.
3411 4551 3509 4628 Gr.
3559 4567 3614 4605 v.
3649 4570 3769 4628 φαι-

2113 4619 2287 4691 νόλης
2316 4619 2376 4678 et
2406 4625 2556 4680 intra
2585 4625 2653 4680 ad
2688 4642 2742 4694 p.
2779 4624 2900 4680 154.
2936 4619 3280 4680 Ρὴεῑοηίαω
3322 4623 3539 4679 Graecis
3570 4619 3766 4678 ext'sti-

2117 4704 2312 4777 matur
2341 4695 2694 4777 idemnatque
2726 4695 2953 4777 paenula
2984 4696 3346 4777 Latinorum,
3367 4701 3424 4777 et
3457 4704 3770 4777 pertrans-

2115 4768 2463 4836 positionem
2492 4766 2807 4822 litterarum
2840 4768 2975 4822 inde
3006 4768 3162 4821 dicta
3183 4782 3330 4822 esse.
3367 4766 3427 4821 Si
3459 4765 3535 4821 ita
3569 4765 3763 4834 habet,

2114 4840 2184 4893 de
2213 4855 2326 4908 quo
2361 4854 2475 4893 non
2509 4837 2735 4903 dubito,
2769 4840 2934 4894 facile
2979 4843 3069 4893 est
3118 4839 3364 4893 formam
3404 4837 3619 4894 veteris
3655 4855 3768 4907 pae-

2115 4909 2268 4964 nulas
2297 4909 2561 4965 definire.
2586 4910 2874 4964 Convenit
2906 4925 3114 4981 nempe
3136 4923 3263 4964 cum
3297 4925 3466 4981 sacco
3497 4908 3582 4964 vel
3617 4925 3769 4981 cam~

2115 4997 2286 5050 pana.
2322 4981 2514 5036 medio
2543 4997 2664 5035 sevo
2713 4981 2796 5035 sic
2851 4980 3287 5051 dieta,’estque
3344 4980 3424 5045 id,
3488 4981 3643 5050 quod
3701 4980 3762 5034 in

2116 5053 2472 5123 imaginibus
2512 5051 2838 5107 Graecorum
2888 5053 3249 5123 sacerdotum
3298 5053 3572 5108 sacerdos
3619 5066 3762 5108 con-

2114 5122 2364 5196 spicitur
2405 5124 2840 5196 bumerisiﬂsuis
2880 5122 3143 5179 attollere
3160 5123 3245 5196 ab
3296 5127 3542 5196 utraque
3575 5127 3758 5192 parte,

2115 5195 2297 5251 sclida
2341 5196 2545 5261 vestis,
2597 5195 2838 5261 pallium
2886 5199 3074 5251 totum
3124 5195 3504 5250 circumcirca
3551 5210 3761 5265 corpus

2115 5265 2434 5336 involvens,
2467 5267 2516 5322 si
2566 5266 2840 5322 deorsum
2885 5268 3117 5337 pendet.
3152 5265 3760 5337 Symeo_Tbess_al_oni-

2113 5339 2303 5409 pensis
2362 5330 2430 5406 p.'
2479 5339 2604 5409 448,
2664 5338 2745 5394 ita
2800 5330 3120 5409 describit;
3182 5330 3762 5409 éatvosltovu‘a’vautttl

2115 5406 2308 5464 λευκόν
2364 5404 2483 5482 Ἐστι
2542 5404 2681 5482 δίχα
2750 5407 3034 5482 μανικίων,
3087 5406 3217 5482 ὅλον
3277 5404 3635 5482 περιστ-ἐλλον
3687 5404 3761 5461 τὸ

2113 5485 2294 5555 σῶμα,
2327 5481 2537 5556 αἶ’ρεται
2591 5473 2695 5556 ῦπρ
2750 5473 2860 5534 τῶν
2890 5473 3123 5556 *χειρῶν
3183 5478 3242 5534 ἐκ
3290 5473 3563 5556 πλαγίου-
3597 5480 3760 5556 ἐν-ςτῷ

2112 5548 2289 5627 καίρῷ
2315 5548 2423 5610 τᾶίν
2448 5554 2607 5625 ἱερῶν
2651 5548 2846 5628 ἔργων.
2878 5548 2996 5628 Est:
3017 5548 3210 5628 igitur
3242 5553 3382 5628 alba
3409 5548 3441 5622 ς-
3468 5553 3565 5607 sed
3584 5551 3756 5628 _ol_im

2113 5624 2226 5682 non
2260 5624 2404 5695 erat,
2435 5624 2633 5695 verum
2668 5624 2843 5681 fusca.
2877 5626 2944 5680 Et
2974 5625 3118 5695 forte
3157 5624 3294 5680 inde
3325 5640 3534 5680 nomen
3567 5624 3756 5678 dedu-

2113 5697 2360 5777 condam
2392 5693 2684 5777 φελώνιον.
2729 5696 2874 5752 Nam
2907 5693 3230 5777 φαινερλιον,
3271 5697 3429 5768 quod
3459 5695 3612 5750 idem
3638 5697 3752 5777 est,

2112 5785 2145 5824 a
2192 5767 2416 5827 Latino'
2447 5773 2673 5842 paenula
2721 5767 2992 5826 manasse
3039 5767 3240 5839 liquet,
3284 5767 3473 5838 neque
3521 5769 3754 5822 contro-
