4158 6212
408 371 523 429 507

1468 361 1986 428 CONSTANTINI
2031 360 2733 422 POHPHYROGENITI

3688 368 3811 430 508'

407 523 614 563 rursus
646 506 966 575 ingressus,
1000 506 1058 559 in
1109 520 1215 559 suo
1267 504 1471 560 ordine
1519 506 1652 569 stat,
1686 503 1744 554 et
1772 497 1936 568 signo
1965 496 2023 551 at

2153 495 2476 567 βεστήτορες
2508 492 2596 547 καὶ
2649 493 2676 547 6
2725 489 3027 565 λογοθέτης
3073 493 3161 547 καὶ
3215 493 3243 549 6
3293 491 3507 560 δεκανὸς
3544 499 3806 567 εἷσιοντες

405 597 750 663 imperatore
781 595 938 660 dato,
970 594 1029 647 in
1065 594 1321 649 medium
1358 591 1564 664 pergit,
1599 590 1865 658 factaque
1896 586 2036 641 ado-

407 687 649 755 ratione,
680 700 808 740 cum
832 684 1086 741 ostiariis
1106 689 1164 739 et
1192 685 1371 757 virgis
1400 684 1742 755 tripelonem
1776 678 1939 749 petit,
1972 691 2038 731 ac

405 773 647 829 comites
678 772 1003 829 scholarum
1038 774 1105 827 ad
1132 773 1397 844 quintum
1418 773 1608 828 velum
1637 767 1919 839 perducit,
1941 765 2038 835 qui

404 865 659 930 eosdem,
687 880 752 919 ac
778 863 1185 934 priores,ritus
1203 864 1530 919 observant.
1548 859 2040 931 Praepositusvero

405 954 706 1020 accedens,
740 952 798 1007 in
834 969 940 1007 suo
990 952 1112 1007 loco
1165 952 1452 1019 subsistit,
1504 967 1569 1005 ac
1615 963 1823 1004 rursus
1873 944 2040 1015 signo

404 1041 559 1108 dato,
591 1040 648 1094 in
677 1042 930 1097 medium
966 1042 1142 1108 venit,
1176 1042 1397 1108 adorat,
1432 1044 1488 1096 et
1522 1053 1809 1110 egressus,
1843 1034 2038 1089 candi-

403 1130 571 1185 datos
590 1131 658 1185 ad
683 1131 874 1185 velum
909 1134 1131 1185 sextum
1156 1131 1338 1199 ducit,
1362 1130 1461 1201 qui
1492 1140 1544 1183 et
1568 1127 1701 1198 ipsi,
1732 1132 2038 1195 postquam

403 1218 711 1285 solemnia,
746 1218 1105 1287 utdiximus,
1160 1218 1538 1284 celebrarunt,
1590 1217 1650 1270 in
1697 1230 1803 1269 suo
1837 1212 2040 1268 ordine

402 1307 748 1362 consistunt.
777 1308 994 1362 Iterum
1028 1307 1377 1380 praepositus
1406 1307 1727 1377 ingressus,
1755 1309 1879 1371 post
1901 1302 2041 1356 ado-

402 1397 703 1464 rationem,
747 1398 1114 1464 domesticos,
1157 1397 1347 1453 velum
1398 1396 1735 1468 septimum,
1780 1390 2035 1458 adducit,

402 1485 499 1554 qui
521 1485 755 1541 easdem
774 1487 1122 1542 cerimonias
1144 1486 1452 1542 observant
1476 1502 1488 1538 :
1515 1483 1723 1539 deinde
1745 1485 2035 1546 octavum,

400 1589 581 1644 expue
591 1576 783 1630 tectos.

2148 583 2213 638 οὐ
2279 581 2589 651 πίπτουσιν,
2649 580 2774 637 ἄλλ’
2810 579 3059 636 ἵστανται
3119 581 3336 640 ὂπισθεν
3392 590 3489 642 τοῦ
3547 591 3800 667 σεκρέτου

2148 670 2288 736 ἔνθεν
2348 674 2612 740 κάκεῖθεν,
2676 675 2710 742 ἡ
2772 669 2828 725 δὲ
2882 671 3214 747 σύγκλητος,
3288 676 3364 739 ὡς
3448 680 3798 756 προείρηται,

2150 757 2448 816 ἐπελθοῦσα
2488 760 2696 816 έκτελεῖ
2727 762 2956 828 ἅπαντα,
3007 761 3081 822 ὡς
3132 764 3223 816 καὶ
3272 764 3325 817 οἱ
3354 765 3641 842 πρότερον.
3676 772 3804 828 Εἶτα

2148 850 2388 906 ἀνελθὼν
2423 851 2468 887 ⁴³
2501 849 2663 905 πάλιν
2695 850 2721 904 ὁ
2756 850 3135 924 πραιπόσιτος,
3176 849 3393 908 ’ἰσταται
3444 854 3495 910 έν
3546 862 3616 932 τῇ
3658 862 3801 931 τάξει

2148 939 2334 1007 αὑτοῦ,
2392 939 2483 994 καὶ
2549 934 2732 995 λαϐὼν
2792 938 2939 1012 παρά
2998 943 3094 993 τοῦ
3147 940 3417 1014 βασιλέως
3458 949 3651 1019 νεῦμα,
3694 951 3805 1004 εἰσ-

2148 1029 2368 1103 έρχεται
2445 1028 2630 1101 μέσον,
2699 1025 2790 1082 καὶ
2854 1030 3229 1102 προσκυνήσας
3307 1028 3583 1108 ἐξέρχεται
3671 1040 3804 1110 μετὰ

2150 1116 2437 1192 ὀστιαρίων
2482 1119 2571 1171 καὶ
2606 1116 2840 1193 βεργίων
2892 1114 2943 1171 ἒν
2981 1122 3058 1190 τῷ
3104 1118 3416 1192 τριπέτωνι,
3474 1126 3564 1179 καὶ
3594 1126 3801 1200 εἰσάγει

2146 1206 2273 1267 τοὺς
2316 1208 2564 1279 κόμητας
2594 1211 2699 1261 τῶν
2735 1203 2957 1280 σχολῶν
3000 1207 3075 1268 εἰς
3116 1208 3176 1261 τὸ
3207 1210 3243 1262 ε’
3278 1209 3474 1285 βῆλον·
3521 1212 3802 1272 ἐκτελοῦσι

2150 1293 2206 1350 δὲ
2255 1294 2343 1350 καί
2401 1295 2555 1351 αὐτοὶ
2615 1296 2846 1367 ὁμοίως.
2904 1296 2964 1353 Ὀ
3018 1295 3075 1351 δέ
3112 1299 3474 1372 πραιπόσιτος
3514 1302 3801 1380 ἀνέρχεται

2147 1385 2235 1440 καὶ
2291 1387 2503 1440 ’ἰσταται
2559 1383 2610 1439 ἐν
2678 1388 2745 1457 τῇ
2803 1385 2947 1457 τάξει
3000 1387 3190 1457 αὐτοῦ,
3247 1388 3336 1442 καὶ
3394 1391 3547 1455 αὖθις
3616 1390 3801 1451 λαϐὼν

2146 1479 2317 1547 νεῦμα
2376 1473 2680 1552 εἷσέρχεται
2742 1475 2818 1536 εἱς
2861 1475 2923 1528 τὸ
2985 1474 3146 1546 μέσον
3209 1476 3297 1531 καὶ
3351 1488 3666 1552 προσκυνεῖ,
3711 1486 3799 1540 καὶ

2148 1562 2377 1633 ἐξελθὼν
2428 1563 2630 1637 εἷ’σάγει
2686 1560 3060 1634 κανδιδάτους,
3123 1563 3295 1640 βῆλον
3357 1569 3423 1637 ς’,
3478 1570 3569 1624 καὶ
3620 1571 3799 1641 αὐτοὶ,

401 1663 475 1723 ὡς
527 1664 869 1739 προείρηται,
928 1667 993 1721 τὰ
1046 1667 1248 1736 συνήθη
1310 1664 1698 1728 ἐκτελέσαντες,
1761 1659 2005 1713 Ἰστανται
2058 1654 2108 1709 έν
2160 1659 2231 1728 τῇ
2270 1655 2411 1724 τάξει
2471 1654 2668 1709 αὑτῶν.
2732 1655 2831 1710 Καὶ
2889 1655 2917 1708 6
2982 1658 3341 1730 πραιπόσιτος
3398 1658 3658 1725 εἰσελθὼν
3689 1665 3799 1719 πά-

400 1749 489 1805 λιν
517 1753 605 1807 καὶ
637 1758 1034 1830 προσκυνήσας,
1091 1756 1290 1832 εἰσάγει
1347 1753 1723 1828 δομεστίκους,
1772 1751 1943 1823 βῆλον
1995 1751 2074 1815 ζ’·
2114 1745 2203 1798 xui
2255 1744 2411 1799 αὐτοὶ
2456 1742 2764 1800 ἐκτελοῦσιν
2824 1744 3050 1817 ὁμοίως.
3111 1747 3239 1803 Εἶτα
3295 1748 3492 1827 εἰσάγει
3525 1752 3651 1815 τοὺς
3684 1755 3793 1810 ἀπὸ

397 1838 674 1917 ἐπάρχων,
712 1845 780 1917 βῆ
791 1844 883 1898 λον
916 1846 987 1915 η’.

471 1933 566 1988 ΙΙΙ.
602 1934 741 1990 Octo
773 1944 962 1991 autem
998 1936 1137 1993 velis
1180 1937 1263 1993 ita
1293 1936 1618 2007 completis,
1652 1948 1779 1989 cum
1836 1932 2023 1986 octavc

2216 1926 2286 1978 I“.
2331 1924 2429 1978 Καὶ
2469 1922 2827 1987 τελεσθέντων
2862 1930 2970 1980 τῶν
3005 1927 3055 1996 η’
3104 1927 3317 2001 βήλων,
3359 1931 3796 2007 συνεισέρχονται

396 2021 840 2079 cerimoniarius
868 2031 924 2080 et
946 2025 1303 2082 silentiarius
1324 2028 1472 2083 145
1499 2026 1571 2080 ab
1595 2026 1840 2091 utroque
1861 2019 2040 2073 latere

392 2114 525 2178 post
572 2116 860 2167 secretum
913 2114 1157 2181 intrant,
1210 2121 1267 2170 et
1313 2115 1362 2171 si
1415 2114 1756 2169 candidatus
1787 2106 2037 2180 patriciis

393 2195 693 2267 dignitatis
727 2199 786 2254 in
822 2217 938 2257 uno
970 2216 1038 2257 ex
1069 2201 1164 2257 his
1194 2202 1339 2258 velis
1368 2202 1673 2274 ingressus
1702 2202 1811 2261 est,
1860 2196 2038 2266 inque

392 2283 516 2340 loco
548 2288 752 2343 secreti
777 2293 911 2359 stat,
935 2291 1251 2361 imperator
1277 2292 1672 2363 praepositum,
1697 2292 1753 2344 et
1774 2302 1945 2358 quem
1963 2285 2033 2340 ad

390 2374 614 2442 patricii
647 2377 989 2448 dignitatem
1024 2381 1263 2437 evehere
1292 2382 1435 2447 vult,
1460 2385 1644 2448 vocat,
1666 2395 1879 2436 nomen
1905 2378 2033 2447 ejus

389 2464 722 2533 praeposito,
741 2467 789 2521 is
805 2468 1459 2539 cerimoniarioindicat,
1475 2471 1573 2542 qui
1588 2487 1786 2527 secum
1802 2473 2032 2540 sumpto

388 2550 703 2607 silentiario
732 2560 789 2608 et
818 2557 1146 2624 candidato,
1191 2558 1385 2613 statim
1420 2575 1517 2613 eos
1568 2560 1626 2614 in
1677 2559 1936 2614 medium
1971 2557 2031 2612 in

386 2646 758 2708 conspectum
818 2644 1187 2713 imperatoris
1244 2648 1533 2715 producit.
1592 2647 1648 2702 Si
1697 2664 1828 2703 vero
1889 2648 2027 2702 foris

386 2726 626 2790 mansit,
660 2744 791 2783 cum
824 2731 1048 2787 scilicet
1077 2734 1203 2802 ejus
1250 2735 1505 2803 dignitas
1560 2735 1674 2807 ipsi
1706 2752 1841 2790 cum
1900 2740 2028 2791 octo

380 2813 767 2872 velisintrare
799 2835 913 2874 non
948 2822 1247 2891 permittit,
1284 2824 1729 2879 cerimoniarius
1778 2840 1843 2879 ac
1873 2840 2025 2879 unus

382 2918 413 2958 e
444 2903 783 2962 silentiariis
816 2924 949 2963 cum
985 2926 1050 2966 eo
1075 2919 1353 2979 remanet,
1376 2912 1697 2984 imperator
1724 2930 1857 2970 vero
1889 2930 2027 2983 prte-

380 2991 641 3064 positum
674 3000 840 3052 vocat
870 3014 934 3053 ac
966 3014 1178 3056 nomen
1212 3003 1584 3072 promovendi
1637 3002 1749 3075 ipsi
1781 3002 2019 3069 indicat,

377 3083 721 3153 praepositus
751 3085 810 3139 in
862 3088 1053 3144 medio
1100 3094 1321 3145 secreto
1371 3091 1593 3158 adorat,
1635 3091 1845 3148 deinde
1889 3108 2020 3149 cum

379 3169 608 3227 duobus
639 3173 893 3231 ostiariis
938 3193 1226 3249 egressus,
1263 3195 1393 3235 eum
1423 3181 1669 3237 arcessit
1698 3196 2020 3254 sagumque

2151 2013 2286 2084 μετὰ
2335 2017 2432 2067 τοῦ
2472 2010 2673 2087 ὀγδόου
2736 2011 2915 2088 βήλου
2969 2016 2997 2068 6
3052 2022 3155 2084 τῆς
3210 2019 3585 2081 καταστάσεως
3624 2021 3716 2075 καὶ
3748 2023 3799 2077 οἱ

2148 2101 2499 2177 σιλεντιάριοι
2567 2096 2711 2165 ἔνθεν
2769 2102 3012 2159 κάκεῖθεν
3088 2100 3307 2161 ὄπισθεν
3363 2112 3461 2163 τοῦ
3518 2107 3793 2184 σεκρέτου,

2144 2190 2232 2244 καὶ
2268 2190 2313 2245 εἰ
2358 2191 2451 2263 μὲν
2485 2190 2735 2259 εἰσῆλθεν
2784 2193 2811 2246 6
2866 2190 3091 2265 μέλλων
3140 2196 3378 2269 γίνεσθαι
3427 2198 3712 2272 πατρίκιος
3743 2200 3796 2256 έν

2144 2281 2217 2335 ένὶ
2251 2285 2358 2335 τῶν
2391 2279 2606 2356 βήλων,
2639 2279 2729 2335 καὶ
2764 2279 2981 2337 ἵσταται
3030 2282 3084 2338 ἐν
3115 2288 3184 2359 τῇ
3217 2283 3361 2361 δοχῇ
3392 2292 3489 2342 τοῦ
3517 2288 3793 2364 σεκρέτου,

2141 2369 2531 2443 προσκαλεῖται
2583 2372 2610 2425 ὁ
2663 2370 2913 2444 βασιλεὺς
2969 2373 3061 2427 τὸν
3112 2376 3490 2449 πραιπόσιτον,
3522 2380 3614 2434 καὶ
3645 2380 3701 2434 ὃν
3732 2377 3793 2435 ἂν

2139 2458 2335 2534 κελεύῃ
2395 2461 2443 2496 ⁴⁴
2493 2455 2864 2532 προϐαλέσθαι
2916 2464 3223 2537 πατρίκιον,
3294 2466 3443 2542 λέγει
3500 2470 3561 2524 τὸ
3618 2467 3793 2545 ὄνομα

2138 2548 2301 2604 αὐτοῦ
2340 2554 2419 2621 τῷ
2456 2550 2825 2625 πραιποσίτῳ,
2883 2551 3133 2615 κακεῖνος
3182 2554 3328 2631 λέγει
3364 2562 3444 2629 τῷ
3481 2565 3582 2628 τῆς
3625 2580 3793 2616 κατα-

2138 2638 2397 2706 στάσεως,
2462 2638 2709 2702 κάκεῖνος
2771 2635 2955 2695 λαϐὼν
3028 2644 3144 2714 μετ’
3199 2644 3364 2701 αὐτοῦ
3431 2647 3791 2725 σιλεντιάριον

2133 2728 2224 2781 καί
2289 2728 2382 2782 τὸν
2463 2725 2743 2801 μέλλοντα
2818 2725 3229 2817 προϐληθῆναι,
3292 2735 3541 2817 ἐξαίφνης
3601 2739 3791 2815 ἄγουσι

2134 2818 2223 2872 καὶ
2267 2818 2446 2873 ἱστᾶσι
2477 2818 2525 2855 ⁴⁸
2583 2818 2742 2891 μέσον
2804 2816 3107 2896 ἔμπροσθεν
3144 2826 3246 2878 τοῦ
3309 2816 3601 2900 βασιλέως·
3636 2830 3700 2886 Εἰ
3732 2828 3788 2887 δὲ

2133 2902 2234 2975 ἔξω
2264 2903 2496 2980 ἔμεινεν,
2547 2908 2621 2970 ὡς
2675 2909 2751 2980 μὴ
2802 2908 2955 2979 ἀξίας
3006 2906 3175 2981 οὔσης
3225 2918 3326 2983 τῆς
3371 2916 3572 2987 τάξεως
3613 2919 3781 2975 αὐτοῦ

2130 2994 2387 3052 εἰσελθεῖν
2433 2997 2569 3071 μετὰ
2605 3000 2710 3052 τῶν
2754 3004 2803 3068 η’
2851 2996 3063 3072 βήλων,
3100 3000 3246 3073 μένει
3280 3006 3396 3076 μετ’
3423 3005 3590 3062 αὐτοῦ
3620 3009 3650 3063 6
3677 3015 3779 3080 τῆς

2128 3089 2503 3152 καταστάσεως
2535 3088 2669 3161 μετᾶ
2721 3086 3081 3164 σιλεντιαρίου
3121 3091 3261 3162 ένὸς,
3321 3094 3349 3149 6
3417 3092 3475 3151 δὲ
3527 3097 3781 3171 βασιλεὺς

2127 3174 2515 3250 προσκαλεῖται
2546 3178 2640 3231 τὸν
2683 3177 3039 3251 πραιπόσιτον
3090 3181 3179 3236 καὶ
3223 3183 3479 3258 γνωρίζει
3508 3185 3570 3240 τὸ
3602 3182 3777 3260 ὄνομα

380 3260 619 3317 rubrum
651 3270 974 3335 gestantem
1009 3268 1261 3324 adducit.
1289 3270 1738 3326 Cerimoniarius
1768 3279 1819 3328 et
1847 3272 2018 3327 silen-

2132 3270 2222 3321 τοῦ
2256 3264 2558 3339 μέλλοντος
2604 3262 3013 3341 προϐληθῆναι,
3060 3271 3087 3324 6
3136 3267 3192 3324 δὲ
3238 3274 3595 3343 πραιπόσιτος
3616 3274 3780 3333 ’ἱστα-

377 3348 584 3405 tiarius
615 3366 747 3407 eum
782 3356 1149 3427 comitantur,
1184 3362 1240 3413 et
1261 3358 1319 3413 in
1355 3359 1544 3416 medio
1577 3364 1794 3417 secreto
1825 3376 2015 3418 coram

378 3436 727 3508 imperatore
776 3446 1161 3516 constituunt,
1209 3448 1547 3518 praepositus
1585 3465 1868 3505 cameram
1918 3451 2017 3506 in-

375 3541 636 3600 gressus,
670 3531 898 3588 tabulas
928 3550 961 3589 a
1010 3536 1401 3593 secundicerio
1453 3539 1632 3594 sumit
1661 3555 1872 3611 easque
1903 3540 2012 3596 im-

376 3616 623 3684 peratori
657 3619 851 3675 tradit.
882 3622 1192 3679 Adducunt
1221 3642 1355 3683 vero
1377 3627 1752 3684 candidatum
1776 3629 2015 3685 cerimo-

376 3702 595 3761 niarius
626 3705 1424 3786 silentiarius,eumqueante
1448 3717 1622 3788 pedes
1644 3717 2012 3790 imperatoris

374 3798 775 3866 prosternunt,
809 3815 975 3871 quos,
1024 3803 1361 3861 adcretione
1410 3807 1580 3873 facta,
1623 3824 1784 3880 asque
1815 3825 1881 3865 ac
1911 3825 2013 3882 ge-

374 3900 511 3951 nua,
544 3885 753 3942 deinde
786 3892 842 3944 et
874 3906 1101 3963 manus,
1136 3894 1353 3951 tabulis
1385 3897 1659 3968 acceptis,
1692 3899 2008 3956 osculatur.

372 3974 529 4029 Tunc
552 3976 744 4046 ipsum
780 3983 928 4036 retro
948 3982 1266 4039 abductum
1299 3986 1357 4041 in
1389 3987 1582 4042 medio
1612 3993 1831 4045 secreto
1862 3989 2013 4045 inter

372 4062 627 4119 cubiculi
661 4067 958 4136 praefectos
990 4072 1376 4140 constituunt,
1402 4074 1513 4147 ipsi
1537 4075 1844 4132 silentiarii
1878 4095 2008 4149 par-

371 4151 473 4208 tim
506 4154 575 4209 ad
635 4156 919 4223 dextram,
944 4161 1182 4230 ‘partim
1216 4164 1286 4218 ad
1346 4164 1645 4220 sinistram
1678 4166 2006 4235 discedunt,

370 4257 618 4312 quorum
653 4246 699 4301 is
727 4246 827 4317 qui
850 4249 920 4303 ad
949 4250 1209 4306 dextram
1233 4256 1353 4308 stat
1382 4253 1633 4324 primum
1660 4256 2006 4329 magistrum

369 4328 551 4398 ducit,
583 4339 636 4387 et
667 4335 736 4389 ad
767 4335 1031 4392 dextram
1077 4340 1324 4409 promoti
1358 4341 1581 4411 patricii
1631 4328 1850 4411 statuit,
1883 4346 2007 4415 qui,

368 4418 705 4477 adcretione
728 4423 895 4492 facta,
928 4425 1263 4496 imperatori
1317 4446 1595 4502 prospera
1642 4440 2005 4504 apprecatur,

366 4506 576 4563 deinde
606 4512 674 4567 ad
703 4512 1011 4569 stationem
1046 4532 1216 4571 suam
1249 4518 1632 4590 ordinemque
1652 4521 1791 4576 abit.
1815 4522 2006 4578 Preci-

363 4594 477 4651 bus
509 4606 699 4654 autem
732 4604 788 4655 et
834 4600 1082 4657 solemni
1113 4607 1431 4676 gratiarum
1481 4608 1706 4664 actione
1753 4626 1786 4664 a
1817 4610 2006 4681 primo

2122 3374 2209 3408 ται
2264 3355 2424 3426 μέσον
2477 3357 2574 3408 τοῦ
2624 3355 2897 3426 σεκρέτου,
2954 3358 3042 3412 καὶ
3099 3363 3499 3435 προσκυνήσας,
3540 3363 3772 3435 ἐξελθὼν

2123 3443 2257 3516 μετὰ
2312 3439 2406 3497 δύο
2461 3442 2771 3519 ὀστιαρίων,
2827 3444 3219 3519 προσκαλεῖται
3281 3449 3462 3521 αὐτὸν,
3513 3456 3600 3508 καὶ
3656 3454 3769 3510 εἱσ-

2119 3532 2258 3604 άγει,
2291 3534 2558 3611 φοροῦντα
2598 3533 2780 3608 σαγίον
2834 3534 2987 3608 ῥοῆς.
3040 3536 3307 3609 Κρατοῦσι
3361 3537 3418 3596 δὲ
3464 3541 3622 3598 αὐτὸν
3652 3542 3768 3600 ὅτε

2115 3628 2215 3691 τῆς
2273 3622 2645 3683 καταστάσεως
2709 3622 2798 3677 καὶ
2870 3622 3250 3700 σιλεντιάριος,
3311 3630 3399 3684 καὶ
3458 3633 3663 3688 ἱστᾶσιν
3721 3637 3766 3671 ⁸⁸

2116 3711 2275 3767 αὐτὸν
2317 3712 2478 3784 μέσον
2527 3716 2625 3766 τοῦ
2684 3713 2933 3787 σεκρέτου
2994 3709 3297 3791 ἔμπροσθεν
3342 3723 3439 3773 τοῦ
3473 3721 3766 3796 βασιλέως,

2117 3801 2144 3856 6
2205 3798 2262 3855 δὲ
2317 3800 2675 3875 πραιπόσιτος
2718 3800 2978 3866 εἰσελθὼν
3032 3803 3083 3858 έν
3140 3808 3210 3879 τῇ
3264 3808 3486 3883 καμάρᾳ
3541 3810 3629 3866 καὶ
3672 3813 3767 3873 τὰς

2115 3889 2328 3953 πλάκας
2359 3892 2471 3965 (81)
2522 3892 2667 3965 παρὰ
2722 3895 2821 3947 τοῦ
2879 3890 3133 3968 δευτέρου
3185 3891 3392 3968 λαϐὼν,
3452 3896 3768 3956 ἐπιδίδωσιν

2118 3981 2282 4042 αὐτὰς
2312 3985 2391 4053 τῷ
2428 3978 2663 4055 βασιλεῖ.
2706 3982 2937 4057 Ἀγουσι
2981 3979 3038 4038 δὲ
3080 3983 3171 4039 τὸν
3208 3983 3485 4058 μέλλοντα
3513 3985 3777 4062 προϐλη-

2118 4078 2273 4140 θῆναι
2333 4072 2361 4124 6
2419 4076 2520 4140 τῆς
2576 4071 2950 4135 καταστάσεως
3007 4074 3099 4129 καὶ
3157 4075 3186 4130 6
3243 4074 3623 4155 σιλεντιάριος,
3682 4082 3773 4136 καὶ

2116 4163 2397 4237 ῥίπτουσιν
2450 4160 2612 4217 αὐτὸν
2671 4160 2748 4225 εἷς
2806 4162 2934 4225 τοὺς
2973 4161 3146 4228 πόδας
3200 4170 3298 4222 τοῦ
3337 4163 3631 4245 ϐασιλέως,
3678 4173 3769 4228 καὶ

2114 4252 2501 4326 προσκυνήσας
2561 4250 2855 4319 ἀσπάζεται
2912 4250 3129 4324 αὐτοὺς,
3190 4254 3302 4309 εἶτα
3355 4258 3422 4312 τὰ
3461 4258 3508 4293 ⁴⁷
3562 4260 3769 4334 γόνατα

2113 4342 2297 4410 αὐτοῦ,
2358 4340 2474 4395 εἶτα
2537 4334 2724 4395 λαϐὼν
2777 4339 2873 4403 τὰς
2918 4339 3131 4405 πλάκας
3189 4341 3293 4397 ἀπὸ
3340 4348 3436 4398 τοῦ
3469 4347 3769 4422 βασιλέως,

2114 4430 2267 4506 φιλεῖ
2320 4428 2409 4484 καὶ
2464 4429 2559 4491 τὰς
2621 4432 2812 4503 χεῖρας
2881 4427 3067 4487 αὐτοῦ.
3126 4429 3224 4485 Καὶ
3286 4428 3547 4498 λαϐόντες
3602 4438 3771 4496 αὐτὸν

2113 4518 2474 4594 ἀποφέρουσιν
2525 4517 2926 4595 ὀπισθοφανῶς,
2975 4518 3067 4573 καὶ
3117 4519 3337 4576 ἱστῶσιν
3378 4523 3541 4581 αὐτὸν
3604 4528 3770 4600 μέσον

2112 4612 2209 4663 τοῦ
2267 4603 2518 4681 σεκρέτου
2576 4604 2879 4678 ἄναμεταξὺ
2936 4610 3045 4662 τῶν
3102 4612 3198 4664 τοῦ
3236 4607 3627 4671 κουϐουκλείου
3667 4618 3765 4693 ἆρο

366 4684 643 4757 magistro
675 4690 950 4761 peractis,
982 4692 1180 4748 statim
1213 4694 1575 4752 silentiarius
1605 4699 1673 4753 ad
1708 4676 2003 4757 sinistram

2132 4676 2788 4773 (6vtwv,'8tap.eptC0vTat
2834 4676 2898 4752 δὲ
2953 4696 3005 4752 οἱ
3064 4696 3439 4778 σιλεντιάριοι,
3487 4707 3543 4759 οἱ
3577 4706 3671 4780 μὲν
3704 4676 3765 4764 έκ

363 4775 714 4834 constitutus
744 4779 1085 4852 magistrum
1117 4783 1189 4839 ab
1224 4783 1337 4841 alio
1368 4784 1550 4844 latere
1569 4786 1824 4857 adducit,
1843 4805 2009 4846 eum-

366 4878 479 4934 que
512 4867 583 4921 ad
617 4865 921 4925 sinistram
975 4873 1227 4942 promoti
1278 4875 1513 4945 patricii
1557 4877 1733 4945 sistit,
1767 4879 1891 4951 ipse
1916 4896 2010 4936 so-

2121 4784 2330 4856 δεξιῶν,
2364 4785 2416 4840 οἱ
2449 4781 2503 4840 δὲ
2543 4784 2596 4855 ἐξ
2646 4784 2961 4860 εὐωνύμων,
3010 4789 3101 4843 καὶ
3148 4784 3333 4846 λαϐὼν
3380 4792 3409 4847 6
3457 4790 3628 4864 δεξιὸς
3674 4796 3766 4853 τὸν

2119 4878 2340 4949 πρῶτον
2403 4873 2728 4949 μάγιστρον,
2786 4871 2904 4950 ἄγει
2961 4876 3121 4932 αὐτὸν
3180 4879 3268 4933 καὶ
3306 4878 3523 4948 ’ἱστησιν
3579 4881 3632 4937 έν
3688 4889 3767 4956 τῷ

1730 5001 1971 5059 VARIE
2012 4999 2315 5057 LECTION
2321 4999 2426 5058 ES.

434 5078 480 5114 ⁸⁸
510 5077 708 5153 ἀνέλθῃ
738 5083 831 5139 ed.
906 5086 951 5121 “
978 5082 1187 5140 κελεύει
1227 5089 1357 5145 cod.
1391 5084 1799 5163 προϐάλλεσθαι
1831 5093 1922 5149 ed.
1997 5090 2044 5126 ‘5
2066 5087 2246 5145 ’ἔστασι
2279 5090 2371 5146 θὰ’
2446 5088 2492 5125 ⁴⁶
2516 5084 2726 5142 Ἰστασιν
2755 5090 2845 5146 Od.
2922 5090 2966 5127 ‘7
2994 5091 3063 5148 τὰ
3090 5110 3205 5152 om.
3239 5098 3366 5153 cod.
3399 5102 3456 5156 et
3492 5100 3584 5156 ed.

1392 5200 1596 5257 JOAN.
1646 5202 1789 5260 JAC.
1832 5200 2095 5259 REISKII
2135 5198 2727 5256 COMMENTARIUS.

364 5297 611 5380 vertitur
667 5316 736 5380 ea
770 5302 853 5380 _d_e
900 5301 1273 5380 re_;_7re).)téc
1301 5306 1455 5380 olim
1514 5308 1885 5380 appellabant
1933 5309 2014 5377 id,

365 5370 524 5448 quod
592 5369 886 5448 ὑπόκιρῥος
946 5369 1224 5448 deinceps
1282 5369 1797 5436 ᾶὶοεδθηῑῗϐοωι-
1826 5383 1877 5436 is
1933 5369 2019 5437 est

367 5438 539 5522 hodie
600 5438 892 5501 nobis'de
951 5438 1252 5522 capucinis
1311 5450 1614 5522 monachis
1675 5452 2013 5522 appellatus,

366 5515 523 5593 quod
558 5530 757 5593 eorum
793 5515 1146 5593 c_aputia'_vel
1176 5520 1350 5593 frocci
1384 5539 1575 5593 panno
1624 5515 1848 5578 soleant
1878 5515 2019 5580 con-1

367 5583 502 5639 fecti
553 5602 682 5642 esse
730 5583 911 5655 hujus
970 5590 1203 5646 coloris.
1257 5592 1359 5649 Est
1384 5583 1606 5649 'autem
1659 5594 2017 5652 dilutissima

368 5656 551 5723 rufus,
586 5657 738 5714 inter
768 5659 965 5714 album
998 5666 1056 5717 et
1111 5664 1326 5729 rufum,
1354 5665 1452 5720 sed
1507 5664 1592 5721 sic
1634 5670 1698 5721 ut
1745 5668 1814 5723 ad
1858 5667 2015 5724 hunc

369 5728 577 5800 magis,
610 5745 781 5801 quam
814 5732 884 5787 ad
916 5731 1106 5800 illum,
1140 5728 1391 5805 accedat,
1424 5736 1705 5809 rothgrau.

2195 5307 2312 5391 (8.1)¹
2337 5306 2706 5391 Tabulashvel
2734 5310 3030 5391 codicillos
3060 5314 3400 5391 patriciatus
3422 5317 3639 5389 quibus
3670 5337 3767 5391 pa-

2127 5378 2394 5457 triciatus
2425 5379 2722 5457 tribuitur.
2759 5388 2932 5457 Sunt
2955 5378 3200 5457 propria:
3247 5378 3514 5446 eburném
3551 5378 3768 5450 tabula

2127 5449 2436 5533 diptychae,
2471 5466 2570 5533 seu
2593 5453 2845 5533 duarum
2884 5449 3132 5533 alarum,
3156 5457 3459 5533 plicatiles,
3482 5477 3609 5533 quas
3645 5449 3763 5520 me;

2127 5522 2222 5577 dio
2255 5522 2362 5578 suo
2393 5522 2771 5580 continebant
2791 5527 3048 5596 diploma
3072 5522 3311 5586 honoris
3333 5532 3390 5587 in
3422 5522 3764 5593 membrana

2124 5599 2467 5663 exaratum;
2527 5611 2576 5649 v.
2639 5613 2695 5666 p.
2728 5598 2868 5652 151:
2930 5598 3026 5653 ubi
3074 5600 3275 5657 tabula:
3324 5619 3450 5659 cum
3493 5605 3764 5664 codicilli:

2123 5670 2183 5721 et
2210 5682 2267 5736 p.
2304 5666 2427 5732 153,
2460 5666 2561 5722 ubi
2592 5667 2805 5726 tabulae
2831 5668 3030 5741 absque
3049 5671 3317 5729 codicillis
3336 5683 3759 5735 memorantur.
