4158 6212
396 401 514 461 509

1230 398 1330 457 DE
1375 395 1829 458 CERIMONIIS
1873 393 2132 457 AULE.
2180 387 2650 450 ΒΥΖΑΝΤΙΝᾹΞ
2695 386 2842 447 LlB.
2889 389 2936 447 Ι.

3689 387 3808 448 510

399 535 557 607 δεξιῷ
610 528 763 609 μέρει
827 537 926 588 τοῦ
982 526 1393 608 προϐληθέντος
1435 528 1746 603 πατρικίου,
1797 528 2047 588 κάκεῖνος

2160 524 2402 581 lemmes
2426 519 2758 592 imperatori
2777 521 3000 592 gratias
3025 522 3165 592 agit,
3190 522 3491 594 faustaque
3513 526 3804 595 precatur,

396 625 804 700 προσκυνήσας,
841 621 1234 698 ὑπερεῦχονται
1266 620 1311 655 ⁴⁸
1366 619 1458 673 τὸν
1523 615 1772 692 βασιλέα,
1804 618 1893 672 καὶ
1953 615 2048 671 εἶθ’

401 717 577 777 οὕτως
611 713 904 789 ἀπέρχεται
965 711 1016 767 ἐν
1069 714 1137 784 τῇ
1195 709 1360 764 αὐτοῦ
1393 709 1573 764 στάσει
1629 729 1688 762 τε
1733 707 1822 762 καὶ
1885 707 2045 776 τάξει,

399 807 505 863 Καὶ
553 806 713 874 ἡνίκα
750 801 944 876 τελέσῃ
974 803 1072 870 τὴν
1104 800 1276 874 εὐχήν
1324 799 1413 854 καὶ
1452 797 1798 872 εὐχαριστίαν
1837 798 1864 851 6
1895 801 2050 870 πρῶ-

397 914 494 955 τος
570 892 887 966 μάγιστρος,
946 890 1147 953 εὐθέως
1222 882 1626 960 καταλαμϐάνει
1676 887 1704 940 ὁ
1765 885 2047 959 εὐώνυμος

399 981 780 1056 σιλεντιάριος,
832 979 1059 1054 εἲσάγων
1115 978 1407 1052 μάγιστρον
1469 976 1528 1030 ἐκ
1573 979 1670 1031 τοῦ
1723 974 1906 1049 ἑτέρου
1958 973 2048 1046 μέ-

401 1091 544 1147 ρους,
568 1071 656 1124 καὶ
719 1068 933 1140 ἵστησιν
993 1067 1156 1122 αὐτὸν
1199 1065 1248 1136 ἐξ
1301 1064 1592 1139 εὐωνύμων
1645 1069 1743 1119 τοῦ
1800 1059 2048 1137 προϐλη-

399 1160 580 1219 θέντος
639 1157 954 1232 πατρικίου,
985 1155 1075 1209 καὶ
1119 1153 1280 1216 αὐτὸς
1352 1152 1706 1227 ὑπερεύχεται
1757 1152 1847 1207 τὸν
1879 1153 2044 1227 βασι-

401 1247 498 1302 Λὲα
547 1249 1001 1324 ὰπευχαριστῶν·
1051 1243 1208 1312 ἡνίκα
1259 1240 1315 1297 δὲ
1349 1241 1542 1314 μέλλει
1593 1240 1821 1314 ἐξελθεῖν
1870 1243 1897 1296 ὁ
1948 1242 2045 1296 αὐ-

396 1338 490 1400 τὸς
525 1339 847 1411 μάγιστρος,
878 1327 1288 1406 καταλαμϐάνει
1319 1333 1366 1368 ⁴⁹
1387 1333 1415 1386 6
1447 1331 1508 1387 ἐκ
1553 1329 1737 1401 δεξιῶν
1787 1332 1851 1385 τὰ
1910 1331 2048 1386 αύτά

397 1409 820 1473 ποιῶνζἸστέον
855 1411 933 1483 δὲ,
967 1413 1053 1470 ὅτι
1092 1415 1287 1474 πάντες
1329 1414 1379 1467 οἱ
1420 1409 1753 1475 εἷσελθὸντες
1802 1412 1891 1466 διὰ
1939 1415 2047 1466 τῶν

401 1507 546 1560 ὀκτὼ
587 1503 776 1579 βήλων
813 1504 990 1578 χωρὶς
1021 1507 1126 1558 τῶν
1172 1503 1498 1576 ἀσηκρητῶν
1537 1499 1628 1556 καί
1682 1504 1787 1556 τῶν
1850 1500 2045 1575 βεστη-

397 1595 575 1669 τόρων
623 1593 712 1648 καὶ
773 1596 869 1648 τοῦ
929 1588 1366 1669 ῥεφερενδαρίου,
1406 1587 1628 1651 ἕκαστος
1687 1589 1862 1644 αύτῶν
1909 1590 2044 1644 κατά

399 1684 497 1752 τήν
543 1679 680 1736 ἰδίαν
729 1681 903 1752 τάξιν,
945 1679 1270 1756 εἰσέρχεται,
1304 1678 1669 1753 κρατούμενος
1709 1678 1812 1733 ὑπό
1861 1677 2046 1734 σιλεν-

395 1771 630 1847 τιαρίου,
678 1769 915 1840 πλησίον
973 1773 1071 1823 τοῦ
1149 1763 1556 1842 προϐληθέντος
1628 1767 1939 1841 πατρικίου,
1996 1768 2048 1822 οἱ

2157 626 2526 686 egressurum
2582 626 2715 665 vero
2773 609 3122 682 magistrum
3183 610 3544 667 silentiarius
3590 613 3690 682 qui
3733 613 3802 668 ad

2157 703 2415 757 dextram
2460 698 2812 754 constitutus
2855 704 2964 764 est,
3016 700 3251 755 eosdem
3287 701 3433 755 ritus
3463 701 3802 770 observans,

2157 790 2388 862 excipit.
2414 792 2696 843 Caeterum
2728 805 2932 844 omnes
2963 805 3028 843 ac
3055 788 3298 859 singuli,
3332 795 3538 859 prater
3559 795 3806 844 secreta-

2159 881 2299 947 rios,
2334 878 2638 934 vestitores
2671 882 2727 932 et
2757 878 3234 942 referendarium,
3270 894 3372 948 per
3401 883 3530 934 octo
3553 878 3675 933 vela
3705 896 3808 949 pro

2159 987 2264 1026 sua
2295 967 2573 1040 dignitate
2603 982 2670 1021 ac
2703 966 2928 1030 ordine,
2952 982 2984 1019 a
3006 965 3351 1022 silentiariis
3383 966 3610 1038 stipati,
3630 983 3809 1040 prope

2159 1055 2466 1130 patricium
2491 1059 2849 1128 promotum,
2881 1054 3089 1124 partim
3121 1071 3155 1109 a
3184 1055 3406 1124 dextra,
3437 1057 3644 1124 partim
3675 1073 3706 1110 a
3728 1056 3808 1110 si-

2159 1147 2362 1212 nistra,
2414 1144 2848 1216 ingrediuntur,
2881 1147 2938 1198 et
2986 1144 3180 1198 omnia
3212 1145 3434 1212 ordine,
3484 1146 3637 1200 146
3681 1161 3806 1216 quas

2159 1237 2433 1305 magister
2460 1235 2533 1290 ad
2561 1234 2820 1289 dextram
2852 1233 3270 1304 sinistramque
3293 1241 3658 1305 peregerunt,
3683 1250 3806 1304 per-

2156 1329 2358 1398 agunt.
2401 1328 2718 1394 Postquam
2748 1339 2882 1379 vero
2914 1339 3117 1378 omnes
3146 1323 3546 1379 adorationem
3577 1329 3635 1379 et
3664 1339 3800 1395 gra-

2153 1415 2366 1471 tiarum
2397 1413 2685 1469 actionem
2719 1413 3055 1484 imperatori
3083 1412 3414 1483 exhibuere,
3451 1412 3809 1468 cerimonia-

2158 1502 2280 1559 rius
2309 1507 2368 1558 et
2387 1500 2742 1557 silentiarius
2773 1505 3108 1573 promotum
3143 1501 3454 1572 patricium
3486 1501 3803 1572 excipiunt,

2155 1610 2190 1648 a
2211 1591 2425 1664 quibus
2445 1590 2518 1646 ad
2551 1590 2959 1661 imperatorem
2992 1591 3334 1661 perductus,
3353 1607 3573 1662 pronus
3595 1591 3652 1646 in
3687 1596 3805 1646 ter-

2158 1697 2280 1737 ram
2332 1681 2509 1752 pedes
2538 1695 2606 1735 ac
2635 1695 2830 1750 genua
2857 1680 2985 1751 ejus
3028 1681 3339 1747 osculatur,
3375 1685 3640 1752 precatus
3673 1696 3808 1737 vero

2157 1774 2214 1827 et
2242 1769 2447 1840 gratiis
2476 1768 2809 1838 imperatori
2839 1769 3005 1836 actis,
3037 1769 3110 1823 ad
3152 1784 3324 1824 suum
3355 1769 3618 1824 ordinem
3645 1769 3765 1823 abit
3791 1784 3808 1825 :

402 1860 494 1934 μὶν
530 1858 590 1915 ἐκ
629 1857 838 1931 δεξιῶν,
871 1858 922 1911 οἱ
973 1854 1028 1911 δὲ
1068 1857 1119 1926 ἐξ
1173 1856 1492 1929 ἀριστερῶν,
1541 1855 1820 1910 ἐκτελοῦσι
1869 1852 1926 1909 δὲ
1962 1855 2050 1908 καί

2164 1859 2532 1931 prepositus,
2556 1857 2720 1928 signo
2746 1857 2817 1913 ab
2865 1855 3216 1930 imperatore
3238 1857 3397 1925 dato,
3423 1857 3568 1914 dicit
3599 1874 3614 1914 :
3639 1879 3668 1908 ι(
3691 1857 3794 1913 Ju-

397 1948 549 2005 αύτοὶ
604 1951 776 2003 πάντα
817 1945 1154 2013 ἀκολούθως,
1186 1946 1244 2000 ’ὀν
1292 1944 1494 2020 τρόπον
1525 1947 1553 2000 ὁ
1602 1945 1662 2000 ἐκ
1709 1941 1895 2014 δεξιῶν
1947 1944 2052 2017 μά-

2162 1949 2307 2004 bete.
2342 1969 2370 1998 »

395 2059 619 2113 γιστρος
676 2038 767 2092 καὶ
828 2038 856 2091 ὁ
914 2035 966 2106 ἐξ
1015 2034 1310 2109 ἀριστερῶν
1361 2034 1682 2104 ἒξετέλεσαν.
1735 2034 1832 2088 Καὶ
1893 2034 2106 2089 πάντων
2161 2037 2654 2109 προσκυνησάντων
2703 2036 2794 2090 καὶ
2846 2035 3431 2110 άπευχαριστησάντων
3487 2035 3579 2090 τὸν
3643 2036 3810 2109 βασι-

398 2127 520 2199 λία,
555 2121 815 2187 λαϐόντες
870 2125 960 2180 τὸν
1018 2119 1399 2198 προϐληθέντα
1447 2122 1737 2198 πατρίκιον
1787 2123 1815 2176 ὃ
1868 2143 1926 2178 τε
1971 2129 2071 2192 τῆς
2110 2124 2487 2186 καταστάσεως
2529 2125 2620 2179 καὶ
2666 2125 2694 2178 ὁ
2745 2121 3132 2196 σιλεντιάριος,
3190 2123 3411 2197 ἄγουσιν
3470 2120 3629 2178 αύτὸν
3674 2125 3812 2198 πρὸς

395 2218 488 2273 τὸν
529 2217 578 2253 ⁵ο
646 2212 893 2290 βασιλέα,
950 2216 1040 2270 καί
1099 2214 1280 2268 πεσὼν
1320 2211 1472 2287 φιλεῖ
1535 2214 1662 2274 τοὺς
1723 2209 1892 2274 πόδας
1946 2217 2044 2268 τοῦ
2116 2213 2411 2288 βασιλέως,
2462 2215 2578 2269 εἶτα
2633 2214 2699 2267 τὰ
2755 2213 2953 2287 γόνατα
2999 2212 3187 2280 αὐτοῦ,
3225 2214 3316 2267 καὶ
3381 2211 3669 2286 εὐξάμενος
3721 2215 3810 2268 καὶ

399 2308 882 2382 ἀπευχαριστήσας
907 2307 999 2361 τὸν
1034 2303 1280 2373 ϐασιλέα,
1313 2303 1562 2359 ἀπελθὼν
1593 2302 1810 2360 ’ίσταται
1851 2302 1902 2358 ἐν
1941 2309 2011 2378 τῇ
2039 2305 2186 2376 τάξει
2226 2304 2417 2375 αὐτοῦ,
2449 2305 2560 2358 εἶτα
2591 2298 2776 2358 λαϐὼν
2808 2307 2977 2376 νεῦμα
3026 2304 3054 2357 6
3096 2304 3455 2378 πραιπόσιτος
3510 2303 3656 2377 παρὰ
3711 2306 3812 2358 τοῦ

409 2394 682 2474 βασιλέως
716 2393 865 2470 λέγει
893 2413 905 2426 ·
946 2419 967 2445 α
1005 2392 1327 2451 Κελεύσατε.
1362 2418 1390 2445 ι)

469 2489 540 2543 Δ’.
593 2487 697 2542 Καὶ
764 2486 959 2547 πάντες
1026 2484 1443 2558 ὑπερευξάμενοι
1518 2482 1853 2563 ἐξέρχονται,
1898 2485 1926 2538 6
1993 2481 2050 2538 δὲ

400 2574 657 2652 βασιλεὺς
709 2575 935 2635 ἀναστὰς
993 2573 1098 2628 ἀπὸ
1151 2577 1249 2629 τοῦ
1289 2573 1477 2642 σένζου
1521 2572 1711 2642 αὐτοῦ,
1745 2571 2049 2646 εἰσέρχεται

400 2665 452 2720 ἰν
498 2669 568 2739 τῇ
615 2664 838 2740 καμάρᾳ
881 2667 979 2718 τοῦ
1020 2661 1211 2736 Ἀγίου
1261 2659 1576 2737 Θεοδώρου,
1635 2663 1725 2717 καὶ
1797 2656 1980 2715 λαϐὼν
2019 2661 2048 2715 6

401 2753 758 2829 πραιπόσιτος
786 2753 850 2809 τὸ
896 2752 1111 2826 στέμμα
1141 2749 1247 2806 ἅπὸ
1293 2758 1396 2821 τῆς
1448 2750 1692 2829 κεφαλῆς
1738 2755 1835 2807 τοῦ
1887 2753 2051 2824 βασι-

402 2843 564 2913 λέως,
594 2843 987 2918 προσκαλεῖται
1038 2843 1164 2902 τοὺς
1218 2842 1572 2917 βεστήτορας,
1611 2839 1701 2895 καὶ
1753 2838 2046 2894 ἀπαλλάσ-

405 2954 584 2988 σουσιν
625 2931 779 2987 αὐτοὶ
819 2931 917 3000 τὴν
971 2927 1209 3008 χλανίδα
1264 2930 1454 2985 αὐτοῦ.
1496 2929 1557 2986 Ὁ
1614 2926 1671 2982 δὲ
1712 2923 2048 3002 προϐληθεὶς

403 3021 687 3097 πατρίκιος
755 3019 1028 3095 ἐξέρχεται
1097 3017 1185 3073 διὰ
1241 3022 1348 3072 τῶν
1389 3016 1604 3072 σκύλων
1653 3016 1704 3071 έν
1755 3022 1834 3089 τῷ
1881 3017 2046 3071 ἱππο-

2236 2485 2434 2541 lV.Sic
2463 2500 2670 2541 omnes
2690 2485 2881 2540 fausta
2903 2484 3118 2556 precati
3142 2485 3471 2550 discedunt,
3495 2486 3811 2556 imperator

2159 2591 2294 2632 vero
2341 2593 2374 2630 a
2403 2575 2614 2630 throno
2663 2589 2930 2646 surgens,
2962 2591 3253 2630 cameram
3299 2575 3495 2631 Sancti
3524 2576 3811 2631 Theodori

2157 2664 2517 2736 ingreditur;
2537 2664 2906 2736 praepositus,
2923 2681 3139 2721 corona
3152 2665 3386 2736 acapite
3405 2666 3532 2736 ejus
3549 2665 3810 2738 dempta,

2158 2754 2456 2810 vestitores
2477 2759 2664 2824 vocat,
2693 2755 2793 2826 qui
2817 2754 3077 2811 tunicam
3101 2756 3528 2827 imperatoriam
3563 2759 3807 2811 mutant.

2157 2841 2464 2900 Promotus
2495 2849 2688 2899 autem
2720 2843 3001 2915 patricius
3034 2860 3133 2916 per
3179 2846 3338 2917 ecyla
3375 2845 3448 2900 ad
3494 2845 3808 2916 hippodro-

2159 2947 2320 2987 mum
2347 2933 2491 2998 abit,
2511 2949 2708 2989 coram
2734 2949 2847 3004 quo
2872 2933 3253 3000 silentiarius,
3272 2933 3518 2990 tabellae
3549 2939 3804 3006 gestans,

2160 3022 2458 3092 procedit;
2485 3022 2630 3093 ipse,
2650 3022 2930 3102 templum
2960 3023 3150 3078 Sancti
3175 3023 3452 3092 Stephani
3476 3024 3801 3094 ingressus,

403 3108 620 3186 δρόμῳ,
651 3111 739 3166 καὶ
795 3113 1083 3184 περιπατεῖ
1127 3103 1430 3182 ἔμπροσθεν
1472 3106 1635 3161 αὐτοῦ
1685 3106 2045 3178 σιλεντιάριος

2160 3124 2355 3164 cereos
2379 3110 2664 3175 accendit,
2692 3119 3093 3181 precatusque
3115 3112 3432 3180 egreditur,
3456 3115 3512 3165 et
3534 3111 3606 3164 ab
3625 3110 3804 3164 hono-

405 3201 683 3275 βαστάζων
737 3200 833 3263 τὰς
896 3197 1130 3268 πλάκας,
1189 3197 1278 3252 καὶ
1343 3194 1601 3260 εἰσελθὼν
1648 3195 1723 3258 είς
1788 3198 1880 3251 τὸν
1917 3195 2044 3250 ναὸν

401 3295 500 3345 τοῦ
556 3289 744 3366 Ἀγίου
793 3289 1090 3362 Στεφάνου,
1131 3286 1285 3342 ἅπτει
1330 3287 1556 3361 κηροὺς,
1611 3287 1701 3341 καὶ
1759 3285 2050 3358 εὐξάμενος

402 3377 680 3452 ἐξέρχεται
727 3376 950 3453 ἐκεῖθεν,
1009 3376 1098 3430 καὶ
1157 3373 1580 3453 ὂηριγευόμενος
1629 3374 1731 3429 ὑπό
1796 3395 1855 3429 τε
1895 3375 2050 3445 ἀξιω-

405 3470 648 3540 ματικῶν
701 3468 836 3540 (82),
880 3449 1241 3542 σκευοφόρων,
1275 3469 1617 3537 στρατιωτῶν
1644 3465 1937 3539 ταγμάτων
1979 3464 2047 3536 ⁸ο,

403 3554 639 3611 δεκανῶν
670 3554 763 3610 καὶ
807 3552 1138 3630 διαιταρίων,
1169 3551 1444 3630 διέρχεται
1493 3551 1583 3608 διὰ
1636 3558 1731 3608 τοῦ
1782 3550 2050 3626 ἱπποδρό-

407 3667 510 3719 μου
547 3645 638 3700 καὶ
677 3652 778 3714 τῆς
831 3646 1168 3719 θερμάστρας
1217 3647 1350 3716 (83),
1384 3645 1471 3698 καὶ
1528 3644 1824 3718 ἀπέρχεται
1872 3641 1924 3697 ἐν
1970 3647 2050 3713 τῷ

401 3732 800 3806 κονσιστωρίῳ,
857 3731 946 3786 καὶ
998 3734 1136 3806 ἅψας
1194 3730 1396 3804 κηροὺς
1452 3729 1752 3805 ἐξέρχεται,
1808 3730 1896 3784 καὶ
1944 3730 2048 3784 ύπό

403 3826 511 3877 τῶν
586 3820 762 3876 αὐτῶν
844 3818 1294 3896 δηριγευόμενος,
1351 3818 1637 3898 ἒξέρχεταε
1684 3818 1772 3874 διά
1829 3841 1888 3874 τε
1941 3824 2050 3874 τῶν

403 3907 726 3982 ἒξκουϐίτων
784 3911 876 3966 καὶ
919 3913 1029 3965 τῶν
1061 3908 1309 3988 σχολῶν.
1343 3910 1603 3984 Δέχονται
1661 3907 1820 3964 αὐτὸν
1873 3910 1925 3963 o't
1952 3913 2049 3963 τοῦ

408 4004 607 4078 μέρους
643 4007 749 4058 τῶν
781 3999 1039 4069 Βενέτων,
1071 3999 1123 4055 ἐν
1153 4001 1199 4072 ᾧ
1247 3993 1408 4054 ἅπτει
1453 3999 1658 4073 κηροὺς
1715 4001 1743 4053 6
1797 3999 2050 4073 βασιλεὺς

404 4093 458 4148 ἐν
487 4096 557 4166 τῇ
597 4091 752 4166 τρίτῃ
776 4091 942 4161 τάξει,
977 4092 1070 4154 δρε
1111 4088 1443 4164 προέρχεται
1481 4087 1670 4159 ἔξωθεν
1702 4089 1748 4124 ⁵ί
1795 4093 1903 4143 τῶν
1957 4110 2050 4162 με·

404 4181 590 4260 γάλων
620 4179 834 4251 πυλῶν,
866 4177 1227 4255 ἀκτολογοῦσι
1259 4175 1315 4233 δὲ
1357 4177 1540 4248 αὐτὸν,
1573 4179 1752 4240 καθὼς
1800 4177 2047 4233 τελοῦσιν

403 4272 457 4327 ἐν
495 4276 612 4333 ταῖς
672 4265 978 4345 προϐολαῖς
1036 4273 1143 4325 τῶν
1196 4267 1517 4344 πατρικίων,
1545 4267 1800 4345 λέγοντες
1833 4268 1920 4323 καὶ
1963 4268 2043 4323 re"

403 4385 433 4415 α
461 4362 525 4420 Ὀ
557 4357 720 4433 δεῖνα,
736 4383 766 4412 ››
787 4358 895 4415 καί·
920 4380 941 4410 ι
967 4359 1093 4417 Eia:
1122 4359 1410 4434 πατρίκιος
1434 4359 1588 4432 (84)»
1612 4358 1702 4412 καὶ
1734 4353 2049 4413 ἐπιδίδωσιν

2159 3199 2324 3267 ratis,
2349 3216 2382 3252 a
2403 3198 2801 3270 scenophoris,
2825 3215 2858 3252 a
2881 3198 3166 3254 militibus
3190 3203 3532 3270 tagmatum,
3567 3198 3803 3253 decauis

2159 3303 2225 3344 ac
2273 3288 2549 3343 diaatariis
2601 3289 2874 3359 stipatus,
2909 3305 3009 3359 per
3057 3289 3277 3345 circum
3311 3288 3702 3358 balneumque
3743 3289 3802 3342 in

2158 3378 2567 3434 consistorium
2602 3379 2745 3445 abit,
2771 3385 2828 3433 et
2857 3379 3038 3434 cereis
3067 3379 3351 3447 accensis,
3387 3380 3590 3435 iisdem
3626 3379 3804 3434 comi-

2157 3468 2445 3534 tantibus,
2501 3483 2604 3538 per
2655 3468 2931 3523 excubias
2989 3467 3338 3540 scholasque
3393 3468 3658 3523 discedit.
3703 3467 3810 3522 Fa-

2159 3556 2423 3612 ctionarii
2457 3555 2659 3612 Veneti
2693 3573 2850 3622 eum,
2885 3557 2982 3613 ubi
3028 3557 3344 3629 imperator
3372 3573 3566 3613 cereos
3597 3573 3808 3612 accen-

2158 3646 2262 3714 dit,
2295 3645 2358 3702 in
2389 3646 2559 3702 tertio
2589 3648 2792 3702 ordine
2824 3647 3145 3718 excipiunt,
3170 3652 3226 3702 et
3255 3648 3395 3702 dum
3429 3663 3532 3718 per
3562 3662 3807 3717 magnas

2159 3740 2355 3808 portas
2380 3736 2666 3806 procedit,
2698 3736 2832 3804 ipsi,
2860 3741 2922 3790 ut
2955 3739 3012 3790 in
3048 3736 3510 3806 promotionibus
3533 3735 3808 3805 patricio-

2158 3841 2290 3878 rum
2315 3823 2525 3891 solent,
2560 3823 2908 3892 acclamant,
2933 3823 3226 3879 dicentes:
3265 3844 3293 3873 «
3323 3822 3389 3877 N.
3411 3823 3475 3876 N.
3498 3845 3527 3872 ››
3561 3829 3617 3877 et
3642 3839 3655 3876 :
3681 3845 3709 3872 ‹‹
3738 3826 3806 3877 Es

2161 3913 2439 3983 patricius
2475 3930 2490 3981 ;
2526 3935 2554 3962 »
2586 3913 2938 3968 demarchus
2976 3929 3110 3969 vero
3159 3911 3270 3983 ipsi
3314 3911 3576 3966 libellum
3607 3912 3806 3966 tradit.

2161 4003 2243 4056 Ad
2278 4005 2500 4072 portam
2534 4017 2714 4072 prope
2753 4001 2991 4056 chalcen
3023 4001 3432 4056 ascendentem
3461 3999 3640 4055 factio
3669 4003 3808 4054 Pra-

2161 4092 2292 4148 sina
2321 4089 2555 4160 excipit,
2575 4090 2926 4146 demarchus
2950 4089 3211 4145 libellum
3246 4089 3361 4161 ipsi
3383 4089 3578 4155 tradit,
3599 4091 3661 4145 in
3684 4105 3806 4144 me-

2161 4181 2278 4250 dio,
2313 4185 2374 4236 ut
2401 4197 2633 4252 semper
2662 4180 2724 4235 in
2753 4180 2845 4235 his
2877 4180 3304 4251 receptionibus
3332 4179 3500 4248 solet,
3528 4178 3809 4235 constitu-

2161 4275 2278 4326 tus.
2312 4271 2411 4326 His
2443 4287 2477 4327 a
2525 4271 2880 4326 factionibus
2911 4269 3182 4342 peractis,
3225 4286 3322 4341 per
3352 4268 3610 4325 chalcem
3639 4283 3806 4341 egre-

2163 4359 2340 4429 ditur,
2399 4363 2457 4416 et
2505 4360 2576 4415 ad
2636 4364 2907 4416 sanctum
2958 4367 3198 4432 puteum
3237 4359 3559 4431 digressus,
3611 4373 3806 4416 cereos

1755 4458 1989 4516 VARle
2038 4459 2345 4515 LECTION
2353 4459 2454 4515 ES.

474 4561 521 4596 4⁸
566 4556 922 4633 ὑπερεύχεται
989 4558 1144 4633 conj.
1179 4557 1246 4614 R.
1321 4556 1390 4633 "_
1422 4553 1745 4633 éEsloeiv,_6
1796 4554 1956 4633 αύτος
1999 4557 2298 4633 μάγιστρος
2356 4555 2550 4633 καταλ.
2583 4558 2675 4613 ed.
2751 4557 2801 4591 ⁵ο
2853 4556 2945 4611 τὸν
3004 4573 3118 4613 om.
3151 4557 3242 4613 ed.

3345 4556 3392 4594 ⁵1
3426 4554 3806 4628 ἀξιωματικῶν

406 4628 1501 4709 σκευοφόρων,’στρατιωτῶν,ταγμάτων
1533 4630 1622 4684 ed.
1699 4628 1750 4664 ⁵³
1780 4631 1886 4683 τῶν
1919 4645 2034 4685 om.
2068 4628 2160 4686 ed.
2193 4628 2250 4682 δὲ
2282 4645 2398 4686 om.
2427 4631 2516 4685 ed.

1438 4725 1640 4784 JOAN.
1680 4725 1826 4783 JAC.
1869 4726 2135 4783 REISKII
2176 4725 2771 4784 COMMENTARIUS.

473 4836 586 4907 (82)
629 4835 706 4890 Ab
752 4833 1040 4888 honoratis
1075 4833 1224 4907 ‘(seu
1269 4831 1640 4907 syncleticis,
1676 4832 1776 4907 vel
1811 4833 2037 4888 ordinis
2072 4836 2116 4902 Ι)

402 4901 677 4984 senatorii
709 4901 1092 4984 atquetogati
1111 4901 1304 4972 'viris),
1323 4901 1372 4957 ἀ
1395 4905 1740 4984 sceuophori:
1761 4903 1884 4984 (.seu
1923 4921 2042 4960 ma-

401 4977 746 5052 gistratibus
771 4972 1002 5052 militari
1014 4975 1140 5052 bu_s,
1163 4990 1414 5052 quorum
1463 4972 1561 5052 est
1579 4973 1648 5027 τὰ
1669 4972 1853 5042 σκεύη,
1873 4991 2038 5052 vasa,

405 5044 472 5106 ut
497 5053 753 5113 scutum,
776 5046 1031 5111 hastam,
1050 5044 1237 5115 signa,
1260 5044 1480 5112 labara,
1503 5049 1846 5117 etc.,coram
1870 5046 1946 5100 im
1958 5063 2050 5117 pe-

405 5125 598 5176 ratore
629 5118 798 5185 ferre,
831 5122 899 5188 ut
926 5120 1065 5170 sunt
1093 5117 1397 5188 spatharii,
1430 5115 1769 5188 candidati),
1799 5115 2049 5188 amiliti-

403 5193 504 5249 bus
531 5195 833 5258 tagmatum
863 5187 1425 5258 (aeugprazsidiorum
1460 5187 1856 5258 urbanorum).
1882 5189 2045 5243 Conf.

401 5281 457 5335 p.
519 5253 644 5335 147,
697 5258 804 5335 ult.
852 5253 1244 5335 ubi__'i_ct¢v'rat
1277 5254 1334 5312 οἷ’
1359 5253 1827 5335 τεᾼᾶειωματικοί
1862 5257 1951 5335 καὶ
1981 5260 2048 5335 τά

401 5328 696 5461 ἓκουτάρια
738 5331 906 5403 (sunt
961 5329 1139 5385 iidem
1193 5335 1368 5402 atque
1397 5328 1450 5382 οἱ
1481 5328 1824 5404 σκευοφόροι)
1855 5329 1945 5383 καὶ
1994 5329 2048 5384 οἱ

439 5423 724 5461 ιαιταριοι.

439 5423 724 5459 ιαιταοιοι.

471 5423 978 5548 (θὲῗρῗιίξνηιαεενα
1005 5469 1210 5548 eet_vel
1233 5470 1641 5548 balneumtvel
1656 5472 2046 5548 vaporarium.

408 5542 608 5604 Putem
659 5545 946 5615 posterius
996 5543 1216 5616 potius,
1263 5542 1359 5616 hic
1417 5543 1651 5616 quidem
1700 5542 1831 5616 loci,
1872 5559 2046 5616 quam

408 5622 588 5703 prius.
621 5614 1028 5703 Erantiauteom
1058 5614 1678 5703 vaporarioetgpyrz'lia
1710 5614 1767 5668 in
1799 5615 2047 5703 milibus,

407 5685 467 5746 in
518 5689 906 5756 monasteriis,
954 5687 1013 5741 in
1063 5685 1281 5742 scholis
1333 5686 1609 5755 militum,
1649 5687 1896 5757 grandes
1942 5686 2050 5742 (cci

409 5761 498 5818 vel
530 5763 686 5827 salte,
709 5761 766 5816 in
801 5759 1014 5888 quibus
1039 5757 1193 5830 ignis
1217 5758 1648 5814 accendebatur
1665 5760 2050 5826 etconvenie-

409 5835 570 5888 bant.
621 5832 715 5888 oui
745 5847 812 5888 ca
837 5829 996 5888 eﬁeri
1041 5829 1296 5888 vellent:
1343 5829 1403 5888 in
1434 5830 1653 5888 auibus
1691 5830 1864 5888 etiam
1894 5830 2046 5888 sole-

408 5835 570 5902 bant,
621 5832 715 5905 qui
745 5829 996 5890 caleﬁeri
1041 5829 1296 5900 vellent;
1343 5829 1403 5888 in
1434 5830 1653 5903 quibus
1691 5830 1864 5888 etiam
1894 5830 2046 5888 sole-

2147 4832 2288 4905 bant
2320 4832 2475 4888 reﬂci
2509 4850 2612 4888 seu
2639 4833 2836 4888 cibum
2856 4848 3080 4904 capere.
3107 4833 3168 4889 V.
3195 4832 3282 4887 Dn
3314 4834 3507 4904 Gange
3530 4832 3798 4905 v.7Pyrile

2149 4904 2199 4958 ei
2239 4904 2624 4972 Vaporarium.
2652 4905 2759 4958 Hic
2792 4904 2902 4960 loci
2927 4913 3018 4960 est
3046 4907 3412 4974 vaporarium
3438 4904 3796 4960 scholariuoi

2155 4989 2256 5048 seu
2314 4974 2573 5030 militum
2629 4975 3119 5048 comitatensium,
3155 4981 3218 5030 ut
3263 4976 3359 5046 qui
3393 4976 3547 5031 haud
3594 4975 3796 5048 procul

2158 5047 2310 5100 circo
2341 5049 2654 5102 stationem
2687 5063 2788 5102 seu
2822 5047 3080 5103 scholam
3113 5063 3282 5102 suam
3313 5047 3622 5103 habebant.
3649 5048 3796 5114 Quia

2158 5122 2374 5172 tamen“
2401 5133 2615 5186 vapore
2673 5118 2930 5173 balneari
2987 5118 3272 5184 solebant,
3333 5135 3430 5176 seu
3491 5120 3794 5183 Laconica,

2157 5191 2560 5262 et‘juupticeat
2633 5189 2888 5262 balneari
2939 5195 3124 5262 notat,
3191 5189 3328 5245 item
3396 5188 3795 5262 θερμαίνεσθαι,

2157 5258 2302 5314 nihil
2334 5258 2551 5326 obstat,
2585 5277 2700 5335 quo
2743 5261 2938 5316 minus
2969 5259 3280 5335 θέρμαστρα
3308 5258 3791 5335 θιίαῐή’ῂοιοθυω

2158 5335 2337 5402 notet,
2379 5334 2690 5402 praasertim
2742 5348 2875 5387 cum
2923 5333 3284 5390 calefactoria
3330 5339 3387 5389 et
3434 5333 3795 5390 balneatoria

2149 5401 2358 5476 juncta
2380 5401 2437 5476 et
2469 5404 2580 5476 sibi
2611 5403 2882 5475 contigua
2911 5403 3251 5476 plerumque
3278 5412 3492 5462 essent.

2237 5475 2351 5544 (84)
2389 5474 2627 5549 Vulgari
2681 5474 2996 5532 Graecismo
3055 5474 3173 5530 εἷσε
3210 5477 3302 5531 hic
3345 5486 3430 5532 est
3470 5493 3572 5549 pro
3612 5475 3660 5529 εἶ
3701 5475 3790 5530 vel

2159 5548 2253 5610 είς,
2285 5562 2339 5601 es
2367 5547 2655 5617 patricius.
2692 5549 2743 5601 id
2788 5554 2896 5614 est,
2930 5563 3054 5604 rere
3081 5565 3134 5604 es
3159 5547 3714 5619 patriciusfcreatus
3736 5562 3795 5601 es

2154 5614 2446 5692 patricius,
2495 5619 3126 5692 gaudemuaaudientcs
3159 5614 3215 5692 te
3261 5620 3432 5675 talem
3476 5635 3607 5674 esse.
3641 5614 3788 5692 Etfaa,

2159 5689 2245 5748 vel
2277 5691 2474 5761 potius
2500 5689 2631 5756 εἷσε,
2658 5695 2747 5745 est
2776 5689 2930 5746 idem
2962 5696 3136 5761 atque
3164 5690 3324 5744 εἶσαι.
3358 5695 3504 5745 Nam
3531 5689 3789 5761 promis-

2158 5760 2436 5820 cue’novi
2466 5763 2646 5817 Graaci
2678 5761 2946 5816 scribunt
2973 5781 3028 5814 αι
3049 5760 3121 5816 et
3158 5780 3201 5827 ε,
3237 5761 3526 5828 iidemque
3550 5760 3789 5815 verbum

2158 5833 2591 5894 substantivum
2651 5848 2764 5888 non
2818 5829 2956 5903 εἶμί,
3015 5829 3092 5892 εἷς
3147 5830 3236 5888 vel
3286 5830 3355 5902 εἴ,
3415 5828 3526 5884 ἆστί
3583 5829 3788 5898 conju-
