4158 6212
362 367 473 428 511

1423 360 1947 421 CONSTANTlNl
1996 361 2692 426 PORPHYROGENITI

3645 365 3769 427 512

362 500 647 567 accendit,
673 502 870 572 postea
902 499 1173 569 Magnam
1207 496 1511 553 ecclesiam
1535 498 1883 570 ingreditur,
1902 496 2001 557 ubi

2118 494 2262 568 αὖτῷ
2284 498 2311 551 6
2340 495 2630 575 δήμαρχος
2655 492 3039 572 λιϐελλάριον.
3056 499 3161 555 Καὶ
3184 495 3428 564 ἀνελθὼν
3450 498 3501 556 ἒν
3526 502 3597 575 τῇ
3616 501 3766 578 πύλῃ

362 592 433 645 ad
468 606 663 647 sacras
680 590 895 658 januas
927 586 1271 654 subsistens,
1306 591 1579 658 precatur
1610 602 1623 641 :
1658 586 2003 657 patriarcha,

362 684 668 751 postquam
693 693 827 733 eum
855 677 1169 745 advocavit,
1194 676 1471 731 inclinato
1494 676 1683 747 capite
1716 681 2003 748 precatur,

362 786 394 823 a
427 783 541 839 quo
572 772 769 836 postea
803 782 1034 822 sacrum
1067 782 1279 837 corpus
1309 771 1366 822 et
1396 766 1742 838 sanguinem
1778 765 2007 822 Domini

359 857 544 911 nostri
572 855 706 911 Jesu
732 854 947 909 Christi
980 855 1213 927 accipit,
1232 856 1481 927 datoque
1516 855 1735 922 osculo,
1760 854 2005 911 dimitti-

357 950 474 1001 tur.
501 945 813 1014 Patricius,
838 944 1083 1000 solemni
1108 960 1350 1000 munere
1379 944 1638 1001 ecclesias
1667 945 1883 1010 oblato,
1906 960 2007 1015 per

358 1034 618 1090 medium
656 1034 940 1105 templum
972 1036 1043 1091 ad
1074 1034 1407 1090 nartheeem
1453 1034 1596 1103 abit,
1629 1034 1750 1106 ubi,
1784 1037 2007 1091 mutata

359 1129 540 1192 veste,
575 1123 1045 1196 scaramangium
1080 1141 1253 1181 suum
1288 1139 1613 1196 sagumque
1644 1139 2004 1196 purpureum

359 1212 572 1283 induit,
597 1218 653 1268 et
684 1229 1001 1269 conscenso
1028 1230 1197 1286 equo,
1231 1230 1349 1268 una
1379 1229 1514 1269 cum
1546 1212 1885 1280 silentiario,
1916 1218 2006 1268 ta-

364 1302 550 1360 bellas
597 1308 732 1359 ante
778 1304 970 1375 ipsum
1022 1304 1238 1359 ferente
1281 1318 1605 1375 sagumque
1645 1319 2003 1375 purpureum

359 1398 638 1465 gestante,
682 1392 975 1450 discedit:
1020 1396 1167 1449 147
1226 1393 1435 1463 reliqui
1493 1408 1677 1463 usque
1730 1393 1801 1448 ad
1852 1394 2005 1449 aedes

356 1499 493 1539 suas
526 1499 660 1538 eum
703 1483 1076 1539 comitantur.
1127 1483 1230 1539 Hic
1274 1499 1405 1539 vero
1436 1482 1860 1539 observandum
1892 1486 2002 1549 est,

350 1590 474 1642 eos,
507 1590 655 1645 quos
687 1590 861 1646 supra
890 1573 1504 1641 commemoravimus,
1540 1573 1786 1645 pedibus
1820 1574 2000 1629 comi-

350 1664 484 1727 tari,
511 1681 655 1735 quos
680 1665 915 1735 quidem
941 1664 1220 1736 patricius
1243 1664 1619 1720 domiomnes
1642 1665 1874 1736 excipit,
1900 1665 2000 1720 ubi

352 1752 493 1808 sella
523 1752 843 1810 silentiario
873 1753 947 1810 ad
979 1770 1242 1810 mensam
1275 1769 1453 1825 prope
1485 1753 1794 1825 patricium
1817 1755 1889 1809 ad
1922 1753 1998 1808 si-

353 1842 605 1898 nistrum
659 1842 834 1908 latus,
888 1859 1052 1913 aequo
1093 1842 1332 1908 honore,
1378 1843 1535 1913 quod
1585 1844 1711 1913 ejus
1744 1842 2001 1915 dignitas

350 1931 624 2001 postulat,
660 1930 899 2002 ponitur
927 1949 939 1987 :
976 1931 1277 2003 accipiunt
1299 1948 1434 1987 vero
1465 1936 1521 1987 et
1550 1931 1663 2003 ipsi
1695 1931 2000 1988 silentiarii

350 2034 415 2075 ac
445 2018 626 2088 copiis
659 2019 911 2090 praefecti
936 2037 968 2075 a
999 2020 1241 2091 patricio
1268 2020 1554 2076 solemnia
1586 2037 1851 2087 munera,
1874 2038 1999 2077 om-

348 2120 570 2176 nesque
630 2105 832 2161 domos
877 2122 1034 2173 suas,
1088 2106 1311 2177 gratias
1360 2108 1476 2162 Deo
1521 2116 1755 2179 agentes
1794 2112 1851 2164 et
1880 2107 2000 2164 cle-

346 2193 783 2249 mentissimum
846 2195 1254 2267 imperatorem
1333 2202 1603 2253 nostrum
1668 2196 1996 2266 laudantes,

349 2287 642 2354 repetunt.

2114 582 2351 654 πλησίον
2382 594 2482 657 τῆς
2511 587 2754 667 χαλκῆς,
2776 584 2995 664 δέχεται
3026 586 3189 642 αὐτὸν
3217 589 3281 644 τὸ
3305 590 3469 664 μέρος
3491 596 3599 647 τῶν
3630 596 3772 664 Πρα-

2115 674 2293 746 σίνων,
2325 678 2413 731 καὶ
2474 674 2788 731 ἐπῐδίδωσιν
2820 676 2847 730 6
2899 672 3195 751 δήμαρχος
3251 677 3314 732 τὸ
3374 674 3765 755 λιϐελλάριον,

2112 764 2201 818 καὶ
2241 761 2447 820 ἵσταται
2493 765 2680 839 μέσον,
2713 764 2787 827 ὠς
2834 762 3062 828 εἷ’θισται
3109 766 3260 838 αὑτῷ
3302 768 3533 824 πάντοτε
3559 767 3612 823 ἐν
3642 775 3764 832 ταῖς

2116 848 2307 928 δοχαῖς
2362 853 2617 929 γίνεσθαι.
2650 855 2780 911 Εἶτα
2844 852 3182 909 τελεσάντων
3227 859 3337 910 τῶν
3398 853 3495 913 δύο
3565 863 3767 933 μερῶν,

2116 940 2390 1018 ἐξέρχεται
2449 942 2537 999 διὰ
2590 951 2691 1013 τῆς
2751 941 3107 1019 χαλκῆς,καὶ
3165 942 3393 1001 διελθὼν
3449 946 3614 1023 μέχρι
3668 953 3764 1004 τοῦ

2115 1030 2271 1105 ἁγίου
2329 1033 2579 1110 φρέατος,
2612 1034 2767 1088 ἅπτει
2827 1032 2998 1087 ἐκεῖσε
3044 1034 3271 1108 κηροὺς,
3304 1034 3394 1089 καὶ
3444 1036 3543 1100 εἷθ’
3587 1035 3761 1099 οὕτως

2116 1119 2417 1195 εἰσέρχεται
2467 1122 2543 1184 εἰς
2598 1122 2695 1191 τὴν
2759 1119 3020 1197 Μεγάλην
3063 1119 3379 1194 ἐκκλησίαν,
3411 1124 3503 1182 καὶ
3543 1123 3761 1200 ἔμπρο-

2116 1219 2237 1272 σθεν
2266 1214 2374 1264 τῶν
2431 1210 2598 1287 ἁγίων
2658 1212 2837 1285 θυρῶν
2883 1211 3074 1279 ἑστὼς,
3108 1208 3347 1286 εὔχεται,
3373 1214 3462 1268 καὶ
3520 1234 3761 1289 προσκα-

2116 1301 2414 1374 λεσάμενος
2470 1300 2631 1356 αὐτὸν
2695 1303 2723 1357 6
2777 1303 3148 1377 πατριάρχης,
3207 1302 3382 1359 κλίνει
3436 1307 3539 1375 τὴν
3599 1306 3764 1361 αὐτοῦ

2113 1388 2376 1469 κεφαλήν,
2412 1389 2583 1467 λέγων
2642 1390 2836 1470 εὒχήν,
2887 1391 2979 1445 εἶθ’
3030 1393 3075 1427 ⁸⁸
3131 1392 3306 1455 οὕτως
3359 1400 3614 1449 κοινωνεῖ
3667 1398 3763 1450 τοῦ

2112 1480 2390 1558 ἀχράντου
2448 1481 2702 1553 σώματος
2750 1480 2841 1535 καὶ
2898 1479 3129 1554 α’ίματος
3188 1486 3285 1536 τοῦ
3350 1482 3556 1557 Κυρίου
3599 1486 3761 1557 ἡμῶν

2113 1569 2294 1639 Ἰησοῦ
2352 1572 2583 1642 Χριστοῦ
2632 1569 2776 1644 παρὰ
2826 1572 2921 1624 τοῦ
2995 1568 3363 1645 πατριάρχου,
3421 1570 3510 1626 καὶ
3588 1573 3764 1627 ἀσπα-

2112 1659 2339 1731 σάμενος
2396 1657 2555 1713 αὐτὸν
2616 1660 2645 1713 ὸ
2693 1660 3064 1734 πατριάρχης,
3122 1660 3433 1734 ἀποπέμπει
3490 1661 3670 1719 αὐτόν.
3703 1662 3761 1716 Ὀ

2112 1744 2168 1802 δὲ
2226 1748 2511 1819 πατρίκιος
2552 1749 2651 1817 τὴν
2709 1748 2759 1821 ἐξ
2821 1744 2974 1810 ἔθους
3021 1753 3090 1822 τῇ
3147 1747 3406 1820 ἐκκλησίᾳ
3464 1748 3759 1825 διδομένην

2114 1839 2397 1908 συνήθειαν
2431 1834 2705 1907 δεδωκὼς,
2737 1836 3017 1913 ἐξέρχεται
3059 1835 3149 1893 διὰ
3181 1836 3345 1912 μέσου
3376 1840 3471 1895 τοῦ
3512 1844 3644 1895 ναοῦ
3675 1838 3757 1903 είς

2109 1929 2199 1983 τὸν
2248 1928 2510 2003 νάρθηκα,
2560 1927 2776 1982 κάκεῖσε
2815 1925 3129 1997 ἀπαλλάξας
3191 1926 3387 2003 βάλλει
3440 1930 3501 1983 τὸ
3558 1948 3760 1998 σκαρι-

2114 2016 2347 2092 μάγγιον
2380 2015 2543 2071 αὐτοῦ
2589 2014 2681 2070 καὶ
2733 2015 2919 2090 σαγίον
2975 2015 3257 2087 ἀληθινὸν,
3290 2015 3381 2072 καί
3439 2017 3536 2082 εἶθ’
3584 2019 3761 2081 οὕτως

2108 2104 2340 2177 ἐξελθὼν
2369 2106 2666 2181 ἀπέρχεται
2698 2102 2932 2185 ἔφιππος
2964 2105 3146 2179 αὐτὸς,
3177 2105 3268 2161 καὶ
3317 2107 3345 2161 6
3400 2106 3761 2183 σιλεντιάριος

2109 2192 2411 2271 ἔμπροσθεν
2502 2196 2692 2263 αὐτοῦ,
2757 2196 3037 2269 βαστάζων
3124 2196 3218 2257 τὰς
3296 2194 3533 2265 πλάκας,
3580 2201 3762 2276 φορῶν

2110 2284 2296 2362 σαγίον
2342 2282 2625 2353 ἀληθινὸν,
2676 2284 2729 2338 οἱ
2787 2282 2843 2338 δὲ
2888 2282 3102 2352 λοιποὶ,
3150 2284 3243 2347 οὓς
3293 2281 3549 2359 ἀνωτέρω
3608 2286 3763 2362 εἰρή-

345 2390 539 2443 καμεν,
599 2369 975 2448 δηριγεύουσιν
1035 2374 1194 2429 αὐτὸν
1258 2376 1422 2450 μέχρι
1476 2380 1573 2431 τοῦ
1632 2373 1789 2430 οἷ’κου
1846 2375 2031 2434 αὐτοῦ.
2087 2376 2282 2431 Ἰστέον
2346 2371 2422 2437 δὲ,
2483 2372 2564 2428 ὅτι
2626 2371 2716 2434 οὓς
2768 2372 3023 2447 ἀνωτέρω
3077 2370 3320 2447 εἷ’πομεν,
3371 2374 3528 2444 πεζοὶ
3587 2372 3758 2448 δηρι-

340 2461 584 2536 γεύουσι,
617 2459 941 2520 καταλαϐὼν
1004 2462 1061 2519 δὲ
1116 2466 1144 2519 6
1202 2466 1486 2540 πατρίκιος
1542 2467 1635 2521 τὸν
1692 2467 1842 2521 οἶκον
1900 2464 2086 2528 αὐτοῦ,
2153 2463 2476 2539 ὑποδέχεται
2535 2464 2758 2533 πάντας,
2806 2466 2841 2533 ἡ
2889 2461 2946 2519 δὶ
2998 2462 3050 2519 ἐν
3118 2470 3187 2539 τῇ
3234 2464 3472 2540 τραπέζῃ
3528 2464 3758 2541 καθέδρα

343 2556 443 2606 τοῦ
504 2551 869 2627 σιλεντιαρίου
927 2554 1172 2624 πλησίον
1222 2559 1320 2610 τοῦ
1372 2557 1660 2630 πατρικίου
1727 2556 1801 2617 εἷς
1846 2557 1908 2611 τὸ
1968 2555 2250 2630 ἀριστερὺν
2313 2554 2477 2627 μέρος
2536 2552 2801 2626 ἰσοτίμως
2870 2553 3151 2623 καθέζεται
3216 2555 3328 2627 (85)
3374 2556 3409 2623 ἡ
3470 2554 3575 2630 γάρ
3613 2556 3760 2629 τάξις

349 2640 524 2701 οὕτως
590 2641 860 2717 παρέχει·
922 2639 1259 2716 λαμϐάνουσι
1316 2642 1373 2701 δὲ
1426 2645 1514 2699 καῖ
1571 2646 1728 2702 αὑτοὶ
1784 2646 1928 2720 παρά
1981 2650 2079 2701 τοῦ
2128 2643 2417 2718 πατρικίου
2476 2641 2529 2698 ο⁹ί
2585 2664 2643 2699 τε
2698 2642 3053 2720 σιλεντιάριοι
3092 2645 3182 2699 καὶ
3224 2645 3276 2699 οἱ
3310 2650 3633 2721 στρατιῶται
3663 2648 3757 2709 τὰς

354 2724 406 2798 ἐξ
447 2726 601 2791 ἔθους
636 2726 898 2799 διδομένα
940 2733 1131 2793 αὐτοῖς
1163 2734 1441 2804 συνηθείας
1474 2738 1608 2809 (86),
1649 2737 1737 2791 καὶ
1773 2734 2066 2811 ἀπέρχεται
2096 2732 2324 2797 ἕκαστος
2356 2732 2432 2798 είς
2466 2732 2559 2789 τὸν
2594 2734 2745 2790 οἶνον
2774 2734 2962 2807 αὐτοῦ,
3012 2733 3455 2810 εὐχαριστοῦντες
3491 2737 3585 2791 τὸν
3627 2736 3758 2793 Θεὸν

347 2817 437 2871 καὶ
466 2818 894 2894 ὑπερευχόμενοι
927 2825 1019 2876 τὸν
1051 2821 1423 2880 πλουτοποιὸν
1454 2828 1613 2899 ἡμῶν
1652 2824 1895 2902 βασιλέα.

348 2947 482 3003 Acta
528 2957 581 3004 et
627 2950 1048 3008 acclamatione:
1084 2952 1392 3037 faelionum
1437 2955 1496 3010 in
1524 2954 1863 3027 promotione
1889 2971 1993 3027 pa-

2113 2948 2438 3027 Ἀκτολογία
2492 2954 2601 3007 τῶν
2670 2947 2865 3025 δήμων
2925 2949 3011 3006 ἐπὶ
3073 2955 3378 3031 προαγωγῇ
3435 2954 3750 3030 Πατρικίου.

1083 3026 1256 3083 ινίεἰί.

413 3148 457 3203 Ι.
508 3147 689 3206 Solito
747 3150 1132 3222 promotionis
1190 3152 1419 3224 patricii
1477 3152 1591 3210 ritu
1658 3153 1718 3210 in
1773 3153 1989 3226 palatio

2173 3155 2250 3209 A'.
2284 3152 2399 3221 Τῆς
2427 3152 2694 3221 συνήθους
2732 3151 2933 3224 τάξεως
2980 3148 3316 3224 τελουμένης
3358 3151 3409 3208 ἐν
3452 3157 3535 3226 τῷ
3581 3150 3756 3210 παλα.

344 3242 598 3308 peracto,
623 3239 683 3294 in
714 3256 925 3312 pompa
954 3242 1273 3314 egreditur,
1305 3243 1619 3300 comitante
1650 3206 1988 3311 sileritiario,

2113 3206 2446 3314 cui;
2500 3206 2596 3295 τοῦ
2654 3206 2948 3316 πατρίκίου
2988 3206 3755 3319 προαγωγῇέξέοχέτα-ινέίά

341 3340 409 3382 eo
462 3327 703 3394 scilicet,
765 3329 865 3400 qui
918 3329 1217 3386 codicillos
1275 3332 1503 3402 patricii
1554 3335 1767 3403 portat,
1816 3336 1873 3387 et
1916 3334 1989 3387 ad

2113 3337 2194 3401 τῆς
2251 3329 2647 3405 προελεύσεως,
2698 3328 3090 3403 ὀψικευόμενος
3175 3329 3277 3386 ὑπὸ
3364 3330 3749 3407 σιλεντιαρίου,

347 3415 547 3471 Sancti
577 3416 854 3487 Stephani
899 3418 1204 3473 ecclesiam
1238 3419 1296 3473 in
1332 3419 1713 3491 hippodromo
1745 3419 1885 3491 abit,
1924 3437 1990 3477 ac

2113 3419 2352 3490 ἲηλονότι
2415 3422 2512 3474 τοῦ
2570 3420 2935 3494 σιλεντιαρίου
2988 3417 3350 3495 βαστάζοντος
3408 3420 3498 3476 τὸν
3546 3420 3749 3477 τούτου

344 3518 542 3559 cereos
565 3503 644 3557 ibi
672 3506 954 3562 accendit.
985 3507 1201 3564 Deinde
1224 3508 1294 3563 ab
1318 3509 1529 3564 ofﬁciis
1550 3508 1694 3564 aula
1718 3511 1989 3580 stipatus,

2113 3504 2451 3564 ιωδίκελλον.
2512 3509 2599 3563 καὶ
2659 3507 2956 3587 ἀπέρχεται
2997 3508 3073 3571 εἰς
3141 3512 3243 3575 τήν
3302 3507 3593 3581 ἐκκλησίαν
3650 3515 3747 3567 τοῦ

346 3592 418 3646 ad
465 3591 880 3648 consistorium
923 3610 1191 3667 pergens,
1224 3612 1417 3651 cereos
1455 3597 1536 3652 ibi
1566 3598 1831 3654 accendit
1864 3615 1877 3653 :
1912 3599 1992 3654 ita

2113 3595 2448 3673 ,πποδρόμου
2530 3596 2606 3660 είς
2692 3597 2783 3653 τὸν
2841 3599 3039 3675 ’Ἃγιον
3094 3599 3385 3675 Στέφανον,
3435 3599 3525 3655 καὶ
3594 3601 3747 3657 ἅπτει

339 3685 396 3736 et
427 3680 485 3736 in
518 3680 765 3737 ecclesia
804 3684 1057 3751 Domini,
1093 3685 1191 3741 ubi
1224 3702 1490 3758 proceres
1521 3695 1575 3743 et
1611 3688 1848 3743 scutarii
1880 3705 1986 3744 nu-

2113 3687 2269 3742 ἐκεῖσε
2329 3685 2555 3762 κηρούς.
2610 3686 2715 3743 Καὶ
2774 3687 3168 3763 ὀψικευόμενος
3204 3689 3308 3744 ὑπὸ
3346 3688 3724 3764 ἀξιωματικῶν

344 3769 486 3826 meri
507 3774 565 3826 et
585 3770 830 3828 disetarii
852 3776 1116 3830 omnium
1140 3775 1445 3832 diaetarum
1470 3781 1525 3833 et
1542 3777 1747 3834 decani
1779 3777 1837 3833 in
1857 3794 1990 3849 por-

2113 3774 2392 3851 ἱπέρχεται
2460 3774 2512 3831 έν
2571 3780 2649 3848 τῷ
2718 3778 3121 3854 κονσιστωρίῳ,
3170 3777 3261 3834 καὶ
3342 3780 3498 3835 ἅπτει
3580 3754 3749 3837 ἐκεῖσέ

343 3859 459 3915 ticu
492 3860 938 3919 candidatorum
965 3865 1201 3922 adsunt.
1228 3867 1273 3922 Α
1305 3866 1516 3937 quibus
1542 3866 1798 3939 stipatus
1815 3866 1990 3938 patri-

2113 3865 2324 3939 ιηροὺς,
2356 3863 2572 3938 ὁμοίως
2619 3865 2710 3920 καὶ
2769 3865 2845 3929 είς
2905 3866 3000 3937 τήν
3048 3870 3144 3923 τοῦ
3176 3868 3374 3944 Κυρίου
3432 3865 3745 3940 ἐκκλησίαν,

1722 3995 1960 4055 νΑΙιιίΕ
2002 3995 2418 4055 LECTIONES.

412 4094 457 4131 ⁸³
485 4094 575 4149 καὶ
608 4095 701 4150 εἶθ’
739 4096 829 4153 ed.

1394 4202 1592 4261 JOAN.
1632 4206 1770 4262 JAC.
1813 4204 2073 4263 REISKII
2112 4203 2692 4263 COMMENTARIUS.

340 4309 520 4379 gent;
568 4306 666 4364 sed
717 4306 887 4379 εἷμαι,
920 4321 1063 4375 sum,
1096 4302 1234 4379 εζσαι
1264 4302 1351 4360 vel
1383 4303 1544 4373 εἶσαι,
1595 4303 1866 4379 emebat,
1900 4305 1989 4363 vel
2097 4307 2157 4379 in
2205 4306 2375 4376 linea,
2410 4321 2513 4362 seu
2567 4304 2877 4363 altitudine
2911 4303 3087 4373 sellis,
3139 4301 3189 4375 ἐξ
3223 4299 3363 4375 ἴσου,
3395 4320 3510 4361 non
3551 4304 3745 4362 humi-

342 4375 471 4445 ἔῖνε,
494 4387 591 4434 est.
627 4375 1113 4434 VidfGrammat.
1137 4375 1347 4443 lingua:
1372 4380 1579 4432 Graeca:
1612 4376 1869 4447 vulgaris
1905 4379 1985 4434 Du
2026 4435 2061 4447 _
2100 4377 2236 4433 lius.

342 4435 533 4521 Gange
564 4435 1391 4521 Glossario‘GrazcoApraziixam
1426 4466 1482 4521 p.
1506 4450 1594 4505 3t.
1629 4435 1794 4519 Apud
1827 4466 1989 4505 eum-
2024 4435 2067 4499 D

346 4516 493 4601 dem'
508 4537 573 4601 .v.
610 4516 1193 4601 xcaponagdtnchp-ec
1234 4516 1503 4601 prostant
1532 4516 1939 4601 Ptoc'hodrolni
1973 4537 1986 4576 :

338 4590 439 4665 ορκ
480 4590 591 4665 εἷσε
622 4586 887 4665 σεϐαστοῦ
935 4586 1142 4655 παιδίν,
1196 4586 1321 4665 οὔτε
1369 4589 1807 4665 κουροπαλάτου.
1851 4593 1983 4665 Pag.

338 4663 533 4735 Nostri
570 4664 690 4733 154,
748 4664 843 4719 ubi
902 4670 1101 4718 nostra
1146 4662 1326 4718 editio
1358 4660 1622 4735 dat'si'ee,
1653 4669 1725 4720 Μ.
1767 4660 1991 4720 habent

340 4733 437 4794 εἷς.
467 4735 535 4789 Ει
566 4752 707 4792 sane
736 4734 1029 4791 veteribus
1067 4748 1296 4805 quoque
1328 4734 1543 4791 Graecis
1574 4733 1632 4790 in
1667 4752 1773 4791 usu
1809 4736 1988 4792 fuisse

338 4807 600 4862 medium
658 4808 815 4863 verbi
883 4805 1019 4876 εἰμί,
1080 4808 1449 4862 demonstrat
1508 4805 1577 4873 εἴ,
1633 4808 1786 4876 quod
1838 4808 1987 4864 nihil

2170 4449 2283 4521 (86)
2328 4448 2760 4521 Consuetudines
2807 4450 2864 4503 et
2907 4447 3173 4503 solemnia
3215 4449 3355 4502 sunt
3398 4446 3743 4521 _honaropria,

2097 4517 2458 4589 conchiaria,
2492 4518 2706 4575 salaria
2766 4524 3039 4575 consueta
3099 4523 3161 4575 et
3226 4517 3568 4585 constituta,
3612 4519 3744 4576 dari

2092 4593 2280 4662 jussa.
2314 4592 2447 4647 Vid.
2480 4591 2563 4645 Du
2610 4590 3030 4662 Cange_Gloss.
3063 4589 3161 4647 Gr.
3198 4589 3252 4644 h.
3286 4606 3337 4645 ν.
3373 4597 3433 4646 et.
3464 4590 3653 4647 Latin.
3685 4609 3741 4648 ν.

2098 4658 2445 4733 cansueludo,
2480 4663 2615 4717 item
2648 4678 2703 4719 V.
2737 4658 3042 4733 Σολέμννια
3064 4667 3119 4718 et
3147 4661 3432 4717 solemnia.
3453 4662 3739 4731 Συνήθεια,

2099 4731 2317 4807 ἐκταγή,
2338 4732 2702 4807 ἐκταγιατικά,
2725 4731 3010 4807 ερρνῑὶιίαξ,
3050 4733 3386 4807 significant
3414 4733 3591 4789 idem.
3611 4736 3744 4807 Lab-

2097 4804 2248 4861 beus'
2264 4806 2336 4860 ad
2368 4804 2615 4878 Syn’ops.
2651 4804 2826 4863 Basil.
2860 4822 2917 4878 p.
2948 4807 3041 4878 74,
3069 4804 3191 4861 sine
3213 4804 3445 4876 quadam
3476 4805 3744 4878 suﬁragii

336 4878 489 4933 aliud
532 4882 659 4951 est,
718 4883 894 4951 atque
953 4882 1320 4951 contractum
1396 4878 1555 4932 εἶσαι.
1614 4878 1868 4951 Veteres,
1924 4880 1985 4935 in

337 4950 577 5021 scriptis
614 4950 1111 5021 ,certe,’amabant
1140 4951 1357 5021 formas
1402 4956 1727 5006 contractas
1757 4950 1814 5005 in
1866 4968 1985 5008 me-

336 5021 432 5076 dio
466 5020 481 5090 ξ
517 5027 576 5077 at
606 5020 665 5076 in
699 5023 935 5093 scriptis
962 5036 1260 5093 novorum,
1295 5020 1518 5093 plebeio
1551 5038 1819 5078 sermone
1848 5039 1984 5079 con-

337 5094 546 5165 captis,
600 5092 836 5165 saepius
866 5092 1201 5149 terminatio
1250 5092 1522 5149 secundas
1572 5110 1835 5163 personae
1865 5094 1983 5149 sin-

338 5164 563 5237 gularis
596 5166 655 5220 in
690 5166 882 5222 medio
914 5183 1003 5217 σαι
1035 5165 1304 5237 occurrit,
1339 5170 1403 5220 ut
1430 5167 1582 5237 apud
1620 5170 1893 5237 Nostrum
1929 5182 1983 5237 p.

336 5236 469 5310 ἓί9,
522 5237 835 5310 Κομίζεσαι⁸
887 5254 990 5310 pro
1040 5236 1273 5310 κομίζῃ,
1304 5243 1438 5308 fers,
1466 5234 1545 5308 ip.
1579 5234 1984 5310 360,ἀναλαμ-

338 5302 561 5381 ϐάνεσαι
609 5302 741 5381 ’ρίο
813 5302 1231 5380 ἀναλαμϐάνῃ,”
1261 5302 1506 5381 adipis.-
1544 5309 1767 5381 AApudL
1803 5302 1982 5362 The-o-

334 5380 515 5451 phan.
577 5376 656 5451 pf
692 5382 811 5446 118,
864 5387 954 5436 est
985 5376 1279 5451 λυθρόῦσαι
1314 5376 1417 5451 pro
1464 5376 1688 5451 λυθρόῦ,
1730 5378 1984 5451 liberaris

407 5452 518 5522 (85)
570 5450 715 5522 Mira
772 5452 950 5508 dictio
1005 5453 1039 5519 ἡ
1091 5448 1333 5520 -κάθεὸρᾶ
1373 5449 1646 5522 καθέζεται
1696 5465 1797 5520 pro
1825 5449 1982 5504 ἳστα-

332 5541 444 5593 ται,
494 5520 759 5589 καθίεται,
818 5522 1196 5591 κατατίθεται;
1248 5522 1357 5587 vel,
1391 5523 1439 5578 εἰ
1477 5520 1752 5587 καθέζεται
1810 5523 1981 5579 malis

332 5596 402 5650 ad
463 5594 855 5652 silentiarium
910 5597 1141 5660 referre,
1190 5595 1403 5650 debent
1456 5593 1627 5649 verba
1683 5593 1718 5660 ἡ
1770 5589 1826 5647 δὲ
1882 5614 1981 5649 κα-

1063 5614 1141 5650 ΐϐ.
1190 5614 1403 5650 (1608οι
1456 5614 1627 5649 νει-οδ
1683 5614 1718 5650 η
1770 5614 1826 5647 οε
1882 5614 1981 5649 κα-

335 5661 495 5739 θέδρα
539 5666 624 5723 sic
674 5667 863 5738 accipi
898 5684 912 5722 :
944 5636 1210 5738 quantum
1247 5670 1429 5739 autem
1465 5664 1534 5739 ad
1579 5636 1766 5739 sede‘m
1811 5668 1979 5723 silen-

334 5734 496 5793 tiarii
534 5740 599 5796 in
628 5734 879 5796 conuiuio
911 5734 1127 5803 attinet,
1169 5737 1313 5793 sedet
1345 5738 1439 5794 ille
1480 5734 1763 5811 ἰσοτίμως,
1796 5740 1982 5798 eadem

2098 4878 2367 4933 solutione
2410 4877 2717 4949 percipere,
2746 4882 2838 4933 est
2866 4877 2969 4949 ’ad
3008 4878 3289 4933 honorem
3318 4884 3393 4949 et
3430 4877 3739 4949 collegium

2101 4949 2377 5030 aliquodﬁ
2391 4947 2732 5030 provenire,_
2744 4948 2978 5030 etiamsi
2992 4965 3111 5030 pro
3135 4948 3397 5030 introitu
3429 4947 3604 5030 nihil?
3624 4947 3743 5030 sol-

2098 5018 2266 5077 vatur
2291 5038 2305 5087 ;
2336 5019 2580 5077 Gnther.
2616 5038 2672 5092 p.
2702 5021 2829 5076 502.
2850 5018 3100 5075 Notitias
3130 5022 3334 5092 talium
3368 5018 3741 5076 consuetudi-

2100 5108 2239 5147 num
2297 5093 2470 5148 babet
2511 5090 2760 5164 aliquas,
2787 5093 2966 5148 codex
3012 5095 3207 5148 noster
3251 5090 3403 5147 libro
3453 5092 3734 5148 secundo.

2098 5164 2390 5247 biotitiamn
2422 5162 2913 5247 consuetudinum
2959 5165 3207 5247 praefeci.
3239 5169 3423 5247 ‘praat.
3475 5167 3534 5247 et
3568 5179 3738 5247 .spor-

2096 5235 2271 5291 tular.
2296 5235 2451 5292 offic.
2476 5252 2579 5307 per
2602 5235 2856 5291 Africam
2889 5234 3066 5290 habet
3092 5251 3125 5291 e
3153 5234 3350 5307 codice
3369 5234 3732 5307 .lustinianeo

2096 5306 2336 5392 Gnther.
2398 5305 2630 5392 E136.
2672 5324 2799 5392 sqq:
2831 5308 3046 5392 Notitia
3074 5305 3445 5392 ‘quantitatis.
3489 5321 3738 5392 consua-

2096 5378 2371 5433 tudinum
2404 5377 2475 5433 ab
2515 5376 2896 5435 archontibus
2938 5376 3264 5434 dandarum
3303 5382 3393 5433 est
3430 5377 3490 5433 in
3522 5376 3736 5433 Novell.

2090 5450 2308 5522 Justin.
2344 5466 2400 5520 p.
2444 5450 2533 5519 47,
2565 5467 2657 5522 sq.
2691 5452 2972 5507 Praeterea
3010 5451 3071 5505 in
3103 5450 3219 5505 fine
3250 5449 3565 5506 multarum
3596 5465 3740 5522 con-

2092 5521 2467 5595 stitutionum
2500 5520 2756 5592 additur,
2780 5522 3410 5595 quantum‘bunoratus
3444 5520 3738 5595 procedi-

2091 5593 2241 5649 cillis
2271 5598 2394 5666 aut
2436 5594 2769 5666 insignibus
2797 5592 2952 5651 'dare
2999 5592 3227 5665 debeat,
3271 5598 3336 5649 ut
3372 5592 3599 5664 p.118,
3633 5593 3739 5649 412

2093 5666 2191 5721 fin.
2217 5665 2304 5721 ed.
2331 5664 2666 5737 Scrimgeri.
