4158 6212
398 325 517 385 515
1463 317 1987 381 CONSTANTINI
2032 317 2735 380 PORPHYROGENITI
3677 325 3796 383 516

386 457 639 515 venisti!
674 478 701 506 ››
733 458 1045 511 Cantores:
1080 475 1108 503 «
1141 452 1340 509 Merito
1377 456 1433 508 te
1466 458 1737 508 amarunt
1777 450 2014 518 domini,

2146 450 2268 522 κίῳ,
2298 450 2388 505 καὶ
2440 449 2692 525 λέγουσιν
2742 451 2795 505 οἱ
2842 450 3089 524 κράκται.
3125 472 3153 502 ιι
3202 451 3332 507 Rise
3362 451 3390 505 6
3426 448 3594 521 δεῖνα,
3629 453 3740 508 εἷσε
3769 454 3797 509 6

389 554 454 605 ut
484 547 778 620 egregium
814 544 1181 616 dignumque
1208 544 1400 599 virum
1431 543 1441 597 Ξ
1472 564 1500 594 ››
1524 541 1776 616 populus
1801 559 1816 596 :
1838 564 1866 591 «
1898 541 2014 597 Pul‘

2145 537 2311 611 δεῖνα,
2346 541 2456 595 εἷσε
2506 541 2533 594 6
2573 538 2740 597 δεῖνα.
2783 562 2811 592 ››
2862 539 2953 593 καὶ
3005 539 3033 593 6
3085 539 3217 601 λαός
3250 539 3310 593 ἐκ
3348 540 3417 615 γ’·
3459 560 3484 593 ο
3520 540 3644 597 Eius
3682 563 3796 596 πα-

387 639 522 694 chre
561 635 752 693 venit!
793 656 821 684 »
854 633 1173 690 Cantores:
1205 656 1235 685 «
1265 634 1374 689 Sed
1419 633 1675 689 omnium
1714 634 1950 688 Creator
1979 646 2010 685 e

2141 628 2372 703 τρίκιος,
2403 630 2531 688 εἷσε.
2557 653 2585 681 ››
2630 631 2697 687 Οἱ
2741 629 2990 705 κράκται-
3044 649 3072 681 ι
3110 625 3307 691 Καλῶς
3346 625 3514 697 ἦλθες
3564 630 3633 701 ⁸9,
3659 651 3799 706 προ-

387 726 672 783 Dominus
699 749 711 791 ;
737 746 765 774 »
790 722 1042 796 populus
1067 738 1083 778 :
1106 745 1135 773 «
1168 722 1416 780 Pulchre
1442 722 1633 779 venit!
1664 742 1692 772 »
1724 724 1995 776 Cantores

2146 713 2289 786 ϐολὴ
2320 722 2426 773 τῶν
2466 718 2782 793 εὐεργετῶψ
2824 738 2850 770 ι
2903 718 2932 772 6
2978 716 3131 780 λαός-
3177 740 3204 770 α
3237 715 3435 779 Καλῶς
3455 714 3624 787 ἦλθες
3661 720 3730 780 ⁸ο,
3768 746 3790 773 ι

389 836 417 866 ‹‹
449 816 551 881 Te,
579 831 612 871 0
646 814 907 886 patricie,
941 830 1111 885 quam
1148 813 1477 869 diutissime
1509 810 1848 869 conservet!
1883 829 1908 861 ι

2145 806 2212 863 Oi
2241 808 2489 878 κράκται’
2522 830 2552 858 ‹‹
2595 805 2794 865 Καλῶς
2831 804 3019 873 ἦλθες,
3068 805 3275 875 ποθητὶ
3311 808 3418 860 τῶν
3456 803 3726 865 ἀνάκτων.
3764 833 3792 861 ››

386 906 412 958 6
446 902 596 964 λαός·
634 925 661 955 ‹‹
694 902 894 963 Καλιῖς
923 902 1112 969 ἦλθες.
1148 925 1176 954 ››
1210 903 1277 959 Oi
1298 905 1544 976 κράκται·
1584 926 1605 953 ι
1642 900 1838 961 Καλῶς
1868 897 2036 968 ἦλθεν
2070 897 2097 951 6
2131 895 2347 971 εὐγενὴς
2376 896 2434 950 ἐκ
2461 896 2771 970 προγόνων·
2811 919 2831 946 ι
2868 896 2895 949 6
2924 894 3078 963 λαὸς,
3112 918 3141 946 ‹‹
3186 894 3383 956 Καλῶς
3444 893 3634 964 ἦλθεν.
3671 912 3699 949 ››
3727 900 3795 956 0i.

381 994 629 1067 κράκται”
689 1017 717 1045 ‹‹
779 990 977 1053 Καλῶς
1044 990 1236 1061 ἦλθες,
1305 994 1331 1047 6
1401 990 1548 1047 δεῖνα
1611 989 1862 1064 πατρίκιε
1889 989 1997 1044 τῶν
2055 984 2420 1056 Ῥωμαίων.»
2486 986 2513 1040 6
2575 985 2728 1048 λαὸς’
2801 1009 2821 1036 ιι
2869 984 3096 1060 εΚαλῶς
3134 982 3301 1054 ἦλθες
3357 986 3428 1041 δί.
3471 1007 3501 1036 ››
3541 985 3608 1042 Οἱ
3648 989 3791 1062 κρά-

382 1102 524 1138 κται·
573 1107 603 1135 α
658 1080 856 1144 Καλῶς
915 1083 1082 1151 ἦλθες
1132 1082 1208 1143 εἷς
1257 1081 1524 1161 φιλοῦντά
1573 1082 1629 1135 σὲ
1680 1079 1855 1152 δῆμον
1900 1080 1970 1114 ⁸³·
2021 1099 2046 1130 υ
2089 1077 2116 1131 6
2164 1074 2319 1137 λαός.
2372 1098 2401 1127 ‹‹
2462 1073 2663 1137 Καλῶς
2720 1076 2909 1144 ἦλθες.
2972 1099 3000 1126 »
3064 1076 3130 1132 Οἱ
3187 1075 3436 1149 κράκταιο
3511 1099 3541 1126 ‹‹
3598 1078 3791 1147 Ἀξίως

381 1193 439 1230 σε
508 1174 802 1251 ἠγάπησαν
872 1175 925 1228 οἱ
985 1171 1261 1242 δεοπόται,
1333 1194 1406 1236 ως
1479 1172 1607 1228 ὄντα
1670 1171 1903 1247 καθαρὸν
1960 1168 2053 1223 καὶ
2119 1165 2355 1236 ἐπάξιον·
2418 1190 2446 1220 »
2500 1168 2527 1220 6
2568 1164 2721 1230 λαός·
2777 1188 2809 1220 (ι
2850 1166 3042 1228 Καλῶς
3080 1164 3269 1237 ἦλθες.
3316 1193 3345 1220 ››
3386 1170 3453 1228 Oi
3536 1171 3788 1248 κράκταιο

383 1264 596 1321 ‹‹“Αλλ’
630 1266 657 1319 ὀ
688 1267 904 1321 πάντων
940 1266 1184 1335 Ποιητής
1207 1264 1299 1319 καὶ
1352 1264 1655 1333 Δεσπότης.
1692 1285 1720 1315 ››
1753 1262 1781 1316 6
1832 1259 1986 1323 λαὸς.
2021 1283 2049 1311 ‹‹
2104 1257 2301 1320 Καλῶς
2349 1255 2541 1327 ἦλθεν.
2595 1281 2623 1310 ››
2673 1258 2739 1315 Οἱ
2785 1256 3034 1332 κράκται’
3089 1281 3117 1310 «ι
3178 1257 3413 1334 Φυλάξει
3465 1284 3543 1337 σε,
3596 1262 3791 1337 πατρί-

380 1376 482 1427 κιε,
518 1356 593 1420 εἷς
622 1354 809 1427 πλήθη
845 1355 1061 1431 χρόνων
1077 1358 1145 1411 δ”.
1173 1378 1201 1407 ››

452 1450 526 1505 ΙΙ.
564 1449 702 1505 Inde
748 1450 993 1521 gradum
1045 1449 1373 1503 dimovente
1420 1446 1683 1519 patricio,
1724 1444 2014 1500 comitatur

2209 1446 2268 1495 Β.
2314 1439 2417 1495 Καὶ
2470 1438 2867 1502 ἀποκινοῦντος
2922 1444 3020 1495 τοῦ
3045 1444 3357 1515 πατρικίου,
3419 1444 3658 1519 ὀψικεύει
3689 1443 3789 1520 ’ἑμ-

379 1554 510 1593 eum
575 1554 607 1593 a
666 1538 857 1593 fronte
914 1536 1191 1609 populus,
1242 1540 1297 1591 et
1354 1534 1706 1608 apelaticum
1764 1532 1904 1587 dicit
1958 1547 2028 1587 ex

379 1632 581 1698 quarto
610 1632 748 1682 tono
776 1643 788 1683 :
814 1650 842 1677 «
867 1628 911 1681 A
934 1642 1206 1697 suprema
1237 1623 1607 1681 Providentia
1632 1620 1891 1679 coronati
1926 1637 2025 1690 pro

376 1718 580 1771 merito
612 1732 715 1771 suo
746 1718 803 1771 et
828 1714 1247 1786 sapientissimi
1281 1712 1673 1768 benefactores
1698 1717 1774 1778 te,
1805 1714 1865 1764 ut
1896 1709 2026 1763 cha-

376 1805 677 1861 rissimum
710 1821 967 1872 servum,
1001 1804 1069 1860 N.
1103 1804 1197 1869 N.,
1222 1803 1472 1858 summis
1504 1802 1824 1857 honoribus
1855 1815 2021 1855 orna-

378 1898 536 1961 runt,
572 1893 1101 1965 protospatbarium
1135 1892 1420 1948 illustrem
1454 1896 1510 1947 et
1542 1890 1795 1945 nobilem
1827 1906 1861 1943 a
1892 1905 2019 1943 ma-

370 1982 625 2053 joribus,
651 1984 841 2054 adque
870 1981 1234 2052 splendidam
1269 1980 1494 2052 patricii
1528 1978 1867 2050 dignitatem
1894 1993 2026 2048 pro-

377 2076 675 2127 vexerunt.
712 2091 736 2122 ι)
771 2072 858 2126 Sic
892 2071 1191 2126 abducunt
1220 2086 1353 2125 eum
1387 2070 1446 2124 in
1478 2067 1757 2139 obsequio
1797 2065 1871 2121 ad
1909 2066 2022 2122 Ve-

378 2164 572 2215 netam
599 2161 939 2227 factionem;
959 2159 1093 2215 illuc
1116 2159 1269 2215 enim
1296 2159 1503 2214 delatis
1524 2157 1739 2213 desinit
1759 2171 2020 2223 carmen;

378 2266 492 2320 quo
544 2250 717 2319 facto,
760 2255 1025 2305 cantores
1069 2249 1304 2317 dicunt;
1340 2271 1368 2298 «
1403 2248 1556 2303 Deus
1604 2251 1822 2313 sancte,
1857 2261 2023 2301 serva

374 2338 726 2411 patricium;
762 2361 789 2388 »
826 2338 1074 2409 populus
1107 2343 1229 2394 ter:
1265 2361 1291 2389 «
1327 2338 1478 2393 Deus
1519 2341 1734 2392 sancte.
1772 2355 1799 2385 »
1831 2334 2021 2390 Factio

372 2427 721 2485 Venetorum
757 2428 814 2483 in
848 2428 1043 2484 cbalce
1086 2427 1395 2500 patricium
1427 2427 1658 2496 excipit,
1693 2423 2021 2497 peragitur-

373 2530 487 2586 que
516 2515 773 2570 officium
805 2519 859 2570 et
892 2516 1031 2571 ordo
1076 2514 1365 2583 factionis,
1398 2518 1462 2569 ut
1501 2520 1635 2568 ante
1666 2530 1699 2567 a
1728 2514 1971 2567 Prasina
2001 2526 2015 2566 :

374 2611 649 2674 praeterea
681 2602 823 2658 dicit
862 2602 1209 2674 apelalicum
1243 2603 1363 2658 toni
1398 2602 1507 2657 IV:
1544 2622 1569 2653 ι
1602 2603 1648 2656 Α
1681 2606 1791 2655 Deo
1821 2604 2017 2655 custo-

376 2691 504 2759 diti,
537 2714 564 2742 ››
608 2696 673 2746 ut
719 2708 894 2763 supra
935 2691 1180 2747 relatum
1226 2696 1333 2747 est.
1371 2691 1585 2745 Deinde
1628 2706 1731 2761 per
1776 2689 2014 2760 chytum

373 2781 599 2837 cbalces
641 2785 1030 2851 sanctumque
1070 2786 1333 2850 puteum,
1367 2781 1463 2834 ubi
1507 2795 1701 2835 cereos
1732 2777 2013 2847 accendit,

372 2873 604 2941 transit,
621 2887 685 2926 ac
706 2871 949 2940 soleam,
966 2870 1063 2925 ubi
1081 2870 1493 2925 antimensium
1513 2874 1647 2936 stat,
1664 2868 2011 2940 ingreditur.

366 2961 438 3015 At
468 2960 795 3032 patriarcha
826 2960 940 3016 exit
970 2978 1003 3015 a
1034 2960 1285 3016 sacrario
1316 2966 1562 3031 ejusque
1592 2956 1891 3015 codicillos
1924 2974 2018 3011 su-

367 3049 491 3118 mit,
540 3067 685 3120 quos
732 3050 789 3104 in
842 3049 1190 3105 antimensio
1248 3049 1494 3121 reponit,
1546 3048 1756 3103 deinde
1814 3062 2013 3117 preces

366 3137 522 3205 facit,
547 3148 599 3195 et
623 3138 714 3193 his
748 3137 947 3206 finitis,
971 3139 1213 3210 patricio
1246 3138 1545 3193 codicillos
1574 3138 1769 3205 tradit,
1796 3136 2009 3207 quibus

2136 1529 2365 1603 προσθεν
2414 1526 2576 1583 αὐτοῦ
2614 1528 2642 1582 6
2701 1524 2903 1601 δῆμος,
2944 1527 3123 1604 λέγων
3183 1529 3510 1588 ἀπελκτικὸν
3569 1535 3673 1612 ἤχ.
3721 1532 3785 1593 δ’.

2136 1641 2166 1670 α
2194 1618 2260 1675 O't
2300 1615 2359 1671 ἐκ
2386 1624 2485 1687 τῆς
2509 1615 2618 1672 ἄνω
2650 1618 2913 1691 Προνοίας
2945 1616 3266 1693 ἐστεμμένοι
3298 1620 3588 1691 ἀξιοδότως
3620 1626 3786 1698 “(90)

2135 1706 2401 1761 πάνσοφοι
2433 1706 2703 1782 εὐεργέται
2737 1728 2814 1775 σε,
2867 1707 2943 1771 ὡς
2988 1708 3445 1785 προσφιλέστατον
3497 1709 3719 1781 δοῦλον,
3751 1713 3781 1767 6

2137 1791 2301 1861 δεῖνα,
2346 1794 2611 1868 ἐτίμησαν
2669 1794 2722 1850 έν
2776 1796 3091 1870 ὑπερτέραις
3154 1797 3342 1869 ἀξίαις,
3374 1801 3778 1874 πρωτοσπαθά-

2140 1904 2253 1959 ριον
2295 1880 2510 1958 ἔντιμον
2540 1886 2629 1939 καὶ
2671 1885 2861 1959 εὐγενῆ
2890 1884 2948 1940 ἐκ
2994 1886 3300 1962 προγόνων,
3334 1889 3425 1943 καὶ
3477 1889 3553 1952 εἷς
3614 1888 3780 1964 ὑπέρ-

2134 1994 2294 2048 τιμον
2346 1971 2522 2046 δόξαν,
2577 1975 2678 2044 τῆν
2736 1976 3025 2050 πατρικίου
3070 1975 3351 2050 ἀνύψιυσαν
3409 1976 3575 2048 άξίαν.
3621 2002 3649 2030 ››
3684 1980 3783 2035 Καὶ

2134 2063 2431 2139 ἀπάγουσιν
2491 2064 2651 2118 αὐτὸν
2710 2063 3053 2138 ὀψικεύοντες
3101 2062 3206 2128 ἕως
3261 2074 3361 2137 τῆς
3413 2065 3590 2144 δοχῆς
3674 2074 3781 2125 τῶν

2133 2152 2369 2209 Βενέτων
2426 2152 2615 2228 (μέχρι
2659 2154 2759 2228 γὰρ
2792 2152 2963 2209 ἐκεῖσε
3018 2154 3325 2229 πληροῦται
3379 2158 3491 2231 (91)
3520 2158 3583 2212 τὸ
3614 2160 3781 2229 ποίη-

2136 2244 2253 2315 μα),
2286 2242 2374 2295 καὶ
2427 2242 2563 2314 μετὰ
2617 2241 2679 2297 τὸ
2726 2241 3087 2315 πληρωθῆναι
3140 2242 3387 2318 λεγουσιν
3435 2246 3487 2299 οἱ
3553 2246 3778 2320 κράκται

2130 2325 2189 2383 ἔσ
2245 2332 2311 2389 ⁸⁵,
2346 2354 2374 2382 ‹‹
2432 2331 2492 2387 Ὁ
2543 2331 2671 2393 Θεὸς
2720 2332 2748 2385 6
2789 2332 2967 2405 ἅγιος,
3027 2337 3203 2388 σῶσον
3254 2335 3345 2388 τὸν
3389 2336 3691 2410 πατρίκιον.
3753 2361 3773 2389 ι

2128 2420 2217 2473 καὶ
2243 2421 2271 2475 6
2305 2420 2437 2481 λαὸς
2478 2419 2537 2475 ἐκ
2566 2414 2707 2495 γ’ἕσ.
2742 2444 2769 2471 ‹‹
2817 2421 2877 2477 Ὀ
2927 2422 3058 2483 Θεὸς
3119 2424 3147 2477 6
3191 2418 3372 2498 ἅγιος.
3409 2448 3436 2475 ››
3495 2425 3584 2478 καὶ
3619 2422 3776 2501 δέχε-

2126 2530 2213 2563 ται
2274 2509 2433 2565 αὐτὸν
2480 2510 2544 2564 τὸ
2605 2510 2767 2583 μέρος
2809 2514 2917 2565 τῶν
2961 2511 3198 2567 Βενέτων
3250 2512 3326 2575 εἷς
3373 2517 3473 2585 τήν
3531 2523 3775 2590 χαλκῆν,

2125 2600 2215 2655 καὶ
2246 2601 2509 2677 γίνεταιὴ
2551 2599 2847 2656 ἀκολουθία
2893 2601 2981 2656 καὶ
3030 2605 3065 2672 ἡ
3108 2602 3255 2674 τάξις
3301 2606 3401 2671 τής
3453 2602 3646 2680 δοχῆς,
3678 2626 3776 2661 κα-

2127 2690 2235 2751 θὼς
2284 2688 2372 2743 καὶ
2431 2690 2624 2764 πρώην
2674 2689 2759 2745 ἐπὶ
2792 2696 2892 2760 τῆς
2940 2688 3116 2767 δοχῆς
3164 2698 3272 2748 τῶν
3294 2694 3773 2767 ἶΙρασίνωνοπλῆν

2128 2774 2330 2851 λέγειθδ
2362 2778 2689 2833 ἀπελατικὸν
2720 2776 2819 2854 ἤχ·
2855 2777 2919 2836 δ’.
2962 2804 2987 2830 ‹‹
3036 2781 3105 2837 Οἱ
3163 2780 3221 2836 ἐκ
3278 2786 3411 2837 Θεοῦ
3468 2785 3775 2857 κρατούμε-

2123 2887 2229 2934 νοι,
2265 2891 2293 2918 ››
2317 2867 2390 2929 ὡς
2423 2867 2766 2946 προεγράφη,
2800 2869 2901 2924 Καὶ
2936 2866 3210 2944 διέρχεται
3244 2867 3332 2925 διὰ
3357 2876 3455 2926 τοῦ
3482 2871 3655 2947 χύτου
3674 2879 3773 2943 τῆς

2125 2954 2363 3030 χαλκῆς,
2397 2956 2487 3010 καὶ
2528 2955 2832 3031 εἰσέρχεται
2862 2954 2939 3017 εἷς
2964 2957 3026 3011 τὸ
3057 2960 3207 3034 ἅγιον
3265 2960 3433 3034 φρέαρ
3481 2958 3571 3015 καί
3614 2962 3772 3017 ἅπτει

2121 3045 2460 3121 κηροὺς,καί
2489 3047 2639 3119 ’μετὰ
2680 3051 2841 3102 τοῦτο
2895 3047 3197 3122 εἰσέρχεται
3240 3047 3319 3113 εἴς
3372 3052 3474 3121 τήν
3532 3050 3769 3120 σωλέαν,

2122 3132 2247 3190 ἔνθα
2271 3133 2488 3191 ’ίσταται
2517 3136 2578 3190 τὸ
2628 3135 2953 3209 ἀντιμίσιον.
3000 3137 3061 3193 Ὁ
3112 3135 3170 3192 6‘s
3224 3139 3571 3215 πατριάρχης
3631 3139 3771 3216 ἐξέρ-

365 3197 639 3301 acceptis,
672 3197 1079 3301 apocombi-um
1112 3229 1191 3284 ibi
1225 3230 1474 3300 reponit.
1506 3228 1725 3283 Deinde
1755 3197 2008 3297 patriar-

2754 3197 2763 3209 .
3336 3197 3345 3213 .
3429 3197 3569 3215 ,ηι-
3660 3197 3727 3216 ι.

2123 3244 2272 3299 χεται
2326 3226 2429 3280 ἀπὸ
2475 3229 2571 3279 τοῦ
2618 3225 3024 3301 θυσιαστηρίου,
3066 3228 3155 3282 καὶ
3203 3225 3467 3301 λαμϐάνει
3515 3231 3607 3286 τὸν
3653 3251 3766 3285 κω-

362 3317 478 3373 cba
509 3318 661 3373 149
695 3318 1015 3374 sacrarium
1049 3319 1247 3385 intrat,
1280 3322 1337 3372 et
1368 3317 1437 3372 ad
1481 3316 1680 3383 altare,
1716 3316 1814 3370 ubi
1849 3313 2011 3370 festis

361 3405 564 3461 diebus
595 3406 769 3461 etiam
802 3406 1181 3476 imperatores
1212 3404 1671 3469 communicant,
1697 3404 1818 3458 abit
1839 3406 1895 3457 et
1916 3420 2011 3459 sa-

355 3508 510 3549 cram
548 3509 771 3548 ccnnam
809 3493 1048 3565 patricio
1080 3492 1379 3563 impertit:
1406 3493 1527 3557 Quo
1560 3495 1814 3563 peracto,
1838 3493 2011 3564 patri-

359 3581 486 3637 cius
518 3582 591 3637 ad
622 3598 933 3638 scamnum
968 3582 1341 3653 patriciorum
1384 3581 1652 3647 discedit,
1686 3597 2011 3653 sagumque

361 3691 720 3748 purpureum
750 3674 962 3742 induit,
987 3679 1045 3731 et
1067 3674 1199 3730 inde
1224 3675 1443 3743 exiens,
1468 3690 1614 3745 equo
1647 3676 1887 3730 domum
1916 3689 2011 3730 ve-

362 3766 545 3836 hitur,
570 3782 600 3819 ιι
618 3764 787 3820 dictis
824 3764 1097 3820 omnibus
1119 3769 1174 3821 et
1195 3763 1421 3820 duabus
1448 3764 1799 3819 factionibus
1831 3764 2013 3835 stipa-

364 3858 481 3921 tus,
512 3869 759 3924 quarum
806 3869 1172 3925 unaquaeque
1213 3869 1385 3908 suum
1426 3852 1780 3923 apelaticum
1827 3853 2005 3909 dicit:

360 3943 720 4000 silentiarius
743 3948 961 4013 autem,
986 3960 1192 4015 sagum
1223 3960 1458 3999 russum
1483 3944 1688 4012 ferens,
1705 3959 1854 4015 equo
1877 3961 2010 4000 con-

359 4050 586 4103 scenso,
621 4032 955 4105 patricium,
991 4036 1158 4105 cujus
1192 4032 1492 4090 codicillos
1526 4037 1734 4103 portat,
1767 4034 2009 4088 comita-

354 4126 470 4181 tur.
506 4127 768 4195 Cumque
816 4124 1063 4198 domum
1109 4139 1277 4179 suam
1323 4122 1407 4178 sic
1442 4122 1731 4178 deductus
1771 4126 1876 4189 est,
1912 4138 2007 4178 co-

357 4214 527 4268 mites
578 4228 780 4268 omnes
829 4228 963 4267 cum
1013 4212 1265 4267 duarum
1312 4211 1633 4267 factionum
1671 4212 2006 4268 hominibus

353 4304 759 4367 revertuntur;
791 4301 1118 4356 convivium
1159 4315 1293 4355 vero
1337 4315 1470 4354 cum
1505 4299 1743 4371 patricio
1775 4300 1833 4354 in
1866 4300 2005 4354 aedi-

350 4388 462 4443 bus
489 4389 614 4457 ejus
649 4389 943 4459 priepositi
974 4388 1191 4458 aliique
1221 4387 1449 4459 patricii
1481 4393 1538 4442 et
1558 4387 1859 4455 officiales,
1886 4389 2004 4443 duo

351 4477 647 4531 demarchi
683 4481 738 4531 et
760 4476 1122 4533 silentiarius
1144 4492 1210 4532 eo
1235 4476 1323 4531 die
1346 4475 1679 4531 celebrant:
1706 4476 2002 4547 praepositi

2117 3310 2369 3368 δίκελλον
2410 3314 2599 3386 αὐτοῦ,
2631 3315 2719 3369 καὶ
2768 3315 2976 3385 τίθησιν
3020 3315 3185 3371 αὐτοῦ
3220 3314 3271 3372 ἐν
3323 3322 3401 3391 τῷ
3447 3318 3763 3393 ἀντιμισίῳ,

2114 3402 2231 3457 εἶτα
2260 3404 2532 3471 ποιεῖτὴν
2566 3402 2755 3478 ίεύχῆν
2787 3407 2851 3473 ⁸⁷,
2901 3404 2991 3459 καὶ
3043 3405 3179 3479 μετὰ
3217 3407 3317 3476 τὴν
3360 3408 3528 3484 εὖχήν
3587 3406 3765 3465 ἐπιδι-

2116 3488 2248 3545 δωσι
2279 3493 2370 3545 τὸν
2401 3488 2739 3546 κωδίκελλον
2766 3497 2847 3564 τῷ
2886 3493 3176 3568 πατρικίῳ,
3228 3497 3317 3550 καί
3375 3496 3509 3570 μετᾶ
3551 3499 3614 3553 τὸ
3664 3496 3764 3552 λα-

2115 3574 2229 3634 ϐεῖν
2260 3581 2308 3616 ⁵⁸
2334 3580 2425 3635 τὸν
2484 3578 2847 3653 κωδίκελλον,
2905 3584 3045 3637 τιθεῖ
3097 3584 3124 3638 6
3191 3586 3477 3659 πατρίκιος
3516 3587 3579 3642 τὸ
3611 3586 3761 3642 ἄπο-

2112 3665 2344 3742 κὸμϐιον
2366 3669 2418 3724 ἐν
2450 3674 2530 3741 τῷ
2569 3669 2879 3743 ἀντιμισίῳ.
2913 3672 2973 3728 Ὀ
3027 3668 3085 3726 δὲ
3134 3674 3480 3749 πατριάρχης
3526 3674 3765 3753 εἰσέρχε-

2112 3779 2200 3813 ται
2227 3760 2284 3813 ’=.v
2312 3763 2391 3831 τῷ
2422 3760 2814 3834 θυσιαστηρίῳ,
2863 3761 2953 3817 καὶ
2987 3759 3282 3837 ἀπέρχεται
3313 3761 3365 3817 ἐν
3414 3768 3494 3836 τῷ
3550 3764 3761 3837 ἀντιμιο

2115 3848 2237 3921 σίῳ,
2271 3845 2394 3912 ἔνθα
2425 3849 2511 3903 καὶ
2545 3852 2661 3910 τοῖς
2685 3845 2973 3911 δεσπόταις
3010 3855 3129 3912 ταῖς
3152 3852 3368 3926 ἑορταῖς
3403 3851 3759 3925 μεταδίδωσι,

2114 3939 2201 3992 καὶ
2251 3935 2577 4011 μεταδίδωσι
2632 3942 2712 4010 τῷ
2771 3940 3059 4015 πατρικίῳ’
3115 3942 3249 4013 μετὰ
3296 3940 3351 3996 δὲ
3373 3943 3473 4010 τήν
3512 3941 3759 4015 μετάλη-

2114 4030 2203 4101 ψιν
2232 4027 2529 4102 ἀπέρχεται
2562 4028 2588 4081 6
2620 4026 2904 4103 πατρίκιος
2937 4029 3013 4090 εἰς
3038 4030 3100 4083 τὸ
3146 4029 3381 4104 σκάμνον
3409 4035 3514 4086 τῶν
3566 4051 3761 4106 πατρι-

2110 4117 2266 4184 κίων,
2299 4116 2388 4170 καὶ
2420 4111 2812 4191 περιϐάλλεται
2844 4116 3098 4185 ἀληθινὸν
3139 4120 3351 4193 σαγίον,
3402 4120 3491 4175 καὶ
3543 4120 3761 4199 ἐξέρχε-

2109 4226 2195 4261 ται
2229 4205 2334 4261 ἀπὸ
2355 4210 2463 4259 τῶν
2514 4203 2704 4272 ἐκεῖσε,
2736 4203 2825 4259 καί
2873 4200 3278 4275 καϐϐαλικεύει,
3311 4209 3401 4261 καὶ
3462 4210 3759 4284 ἀπέρχεται

2112 4292 2163 4348 ἒν
2204 4298 2280 4365 τῷ
2310 4293 2649 4365 οἷ’κῳαῦτοῦ,
2674 4293 3060 4366 ὀψικευὸμενος
3083 4295 3186 4348 ὑπὸ
3210 4299 3316 4349 τῶν
3340 4299 3758 4371 προειρημένων

2110 4384 2199 4437 καὶ
2234 4383 2336 4438 ὑπὸ
2376 4386 2481 4437 τῶν
2512 4379 2607 4435 δύο
2641 4379 2856 4455 δήμων,
2888 4383 2977 4436 καὶ
3011 4380 3159 4458 λέγει
3211 4380 3439 4447 ἕκαστος
3486 4386 3665 4442 αὐτῶν
3698 4390 3762 4444 τὸ

2113 4472 2252 4528 ἴδιον
2308 4472 2657 4528 ιῑιπελατικὸν⁹
2712 4473 2739 4527 6
2794 4470 2851 4528 δὲ
2896 4471 3258 4550 σιλεντιάριος
3318 4481 3500 4555 φορῶν
3570 4478 3761 4555 σαγίον

352 4581 579 4637 quoque
610 4565 826 4637 singuli
857 4570 1042 4621 vestes
1075 4572 1369 4633 consutas,
1397 4565 1575 4621 limbo
1599 4581 1886 4636 purpureo
1912 4581 2001 4621 or-

2123 4561 2260 4633 Ξοῆς,
2322 4560 2410 4615 καὶ
2462 4559 2623 4623 αὐτὸς
2670 4556 3064 4635 καϐαλλάριος,
3115 4562 3357 4638 ὀψικεύει
3412 4566 3504 4621 τὸν
3564 4567 3761 4643 πατρί-

352 4658 538 4723 natas,
571 4654 791 4710 tribuni
822 4670 921 4711 seu
951 4654 1249 4712 demarchi
1281 4656 1451 4711 abdia
1483 4652 1798 4725 accipiunt.

2123 4672 2245 4720 ιιον,
2282 4650 2563 4724 βαστάζων
2596 4650 2658 4706 τὸ
2716 4650 2915 4707 τούτου
2958 4649 3320 4713 κωδίκελλον.
3373 4655 3471 4710 Καὶ
3522 4656 3657 4729 μετὰ
3695 4660 3761 4715 τὸ

353 4744 592 4811 σωθῆναι
643 4744 734 4798 τὸν
785 4762 1072 4817 πατρικιον
1126 4743 1201 4805 εἷς
1258 4744 1350 4799 τὸν
1401 4742 1549 4798 οἶκον
1598 4741 1761 4797 αὐτοῦ
1810 4741 2234 4819 ὑποστρέφουσιν
2287 4740 2337 4795 οἶ
2389 4738 2738 4813 ὀψικεύυντει,
2791 4740 2987 4807 πάντες
3031 4744 3119 4798 καὶ
3174 4744 3226 4797 οἱ
3279 4748 3388 4799 τῶν
3436 4742 3531 4800 δύο
3579 4752 3756 4819 μερῶν

346 4828 538 4907 δῆμοι,
599 4838 976 4889 συνεστιῶνται
1026 4831 1083 4889 δὲ
1126 4839 1206 4908 τῷ
1263 4832 1537 4910 πατρικίῳ
1617 4833 1669 4889 έν
1727 4838 1806 4905 τῷ
1856 4832 1993 4907 οἷ’κῳ
2051 4833 2214 4888 αὐτοῦ
2266 4835 2335 4906 τῇ
2383 4829 2519 4905 αὖτῇ
2580 4831 2765 4906 ἡμέρᾳ
2821 4833 2874 4887 οἱ
2921 4835 3264 4909 πραιοὸσιτοι
3312 4836 3402 4891 καὶ
3450 4832 3627 4913 ’ἑτεροι
3656 4858 3762 4893 πα-

1723 4962 1969 5018 VARI/E
2009 4959 2306 5018 LECTION
2316 4958 2395 5015 ES

426 5067 473 5154 ξ’
502 5066 639 5137 ἦλθε
680 5069 770 5123 ed.
848 5066 895 5103 ⁸ο
920 5064 1093 5154 ᾗλθεν
1126 5068 1217 5154 ed'.
1295 5067 1339 5102 θί
1374 5068 1580 5154 ΣὶςΟΔζ
1613 5066 1831 5154 Ἰστιεῖον⁹
1865 5064 1971 5137 ὃτι,
2001 5070 2099 5121 τοῦ
2148 5061 2445 5154 δημάρχου
2495 5060 2770 5154 λέγονταςέ
2825 5087 2851 5120 ιι
2900 5063 3098 5154 Καλῶς
3144 5066 3332 5154 ᾖλθες,
3386 5065 3433 5154 6’
3459 5063 3607 5123 δεῖνα
3654 5087 3761 5154 πα-

348 5134 549 5228 τρίκιε,
586 5162 613 5190 ››
646 5134 956 5214 προσκυνιῖ
981 5139 1008 5192 ὁ
1040 5138 1327 5212 πατρίκιος
1354 5139 1490 5210 πρὸς
1527 5140 1619 5194 τὸν
1668 5134 1965 5264 δήμαρχον
2002 5158 2092 5193 και
2135 5134 2235 5190 τὸν
2275 5134 2472 5208 δῆμον·
2504 5134 2592 5190 καὶ
2625 5137 2653 5190 6
2705 5134 2883 5207 δῆμος
2921 5139 3058 5211 πρὸς
3108 5134 3267 5195 αὖτὸν
3305 5138 3538 5211 ὁμοίως,
3586 5142 3759 5195 ποιῶν

348 5230 409 5263 το
443 5206 627 5272 σέϐας.
707 5211 755 5246 ⁸⁸
784 5210 861 5271 εἰς
902 5209 1199 5277 φιλοῦντας
1231 5206 1407 5277 δῆμον
1455 5212 1547 5267 ed.
1626 5210 1673 5245 ⁶⁶
1732 5229 1805 5277 χρ
1842 5232 1930 5265 νον
1986 5212 2077 5267 ed.
2154 5204 2515 5277 6‘_&Ero6‘6~rat
2566 5209 2657 5265 ed.
2735 5208 2781 5243 ⁶⁸
2819 5203 2879 5262 ἔσ
2926 5227 3044 5268 om.
3094 5214 3185 5270 ed.
3262 5213 3307 5248 ⁸⁵
3351 5208 3607 5277 λέγουσιν
3658 5217 3761 5270 aut

346 5211 409 5263 τὸ
443 5211 627 5272 σέϐας.
691 5211 755 5246 ’⁸⁸
784 5211 861 5271 εἰς
902 5211 1199 5287 φιλοῦντας
1231 5211 1407 5283 δῆμον
1455 5212 1547 5267 ed.
1626 5211 1673 5245 ⁶⁶
1732 5211 1930 5284 χρόνον
1986 5212 2077 5267 ed.
2154 5211 2202 5243 6‘
2241 5211 2515 5277 ἀξιοδόται
2566 5211 2657 5265 ed.
2735 5211 2781 5243 ⁶⁸
2819 5211 2879 5262 ἔσ
2926 5227 3044 5268 om.
3094 5214 3185 5270 ed.
3262 5213 3307 5248 ⁸⁵
3351 5211 3607 5287 λέγουσιν
3658 5231 3691 5270 a

352 5279 569 5358 λέγεται
603 5287 669 5339 Β.
696 5301 784 5341 ex.
811 5284 1120 5355 compend.
1152 5284 1280 5340 cod.
1388 5282 1433 5317 ⁶⁷
1459 5282 1593 5354 μετά
1631 5280 1804 5355 εὐχήν
1826 5284 1916 5339 ed.
1994 5283 2042 5318 ⁸⁸
2070 5274 2370 5353 λαμϐάνειν
2419 5280 2511 5334 ed.

1387 5400 1593 5457 JOAN.
1635 5401 1781 5457 JAC.
1824 5400 2088 5457 REISKII
2129 5398 2730 5457 COMMENTARIUS.

2185 5529 2300 5602 (91)
2329 5530 2489 5604 mue
2536 5531 2684 5604 enim
2729 5530 2927 5589 delatis
2973 5500 3140 5603 ﬁnit,
3168 5533 3367 5590 desinit
3414 5551 3665 5604 carmen,
3697 5547 3758 5591 eo

420 5533 533 5612 (90)
587 5527 915 5612 :AEtostS‘imC
972 5530 1125 5612 idem
1188 5535 1364 5612 atque
1409 5528 1571 5612 ἀξίως
1626 5530 1809 5612 valet_,_
1846 5547 2003 5589 coro-
2185 5529 2337 5612 (91).

2111 5618 2281 5674 usque
2314 5603 2460 5657 inter
2487 5603 2884 5659 ambulandum
2911 5605 3179 5661 cantando
3204 5610 3539 5680 protensum.

350 5606 478 5659 nati
505 5621 537 5658 a
574 5608 689 5660 Deo
734 5621 803 5660 ex
840 5604 1037 5660 merito
1083 5620 1209 5674 suo,
1245 5609 1397 5661 dono
1437 5604 1494 5661 in
1529 5604 1719 5660 locum
1755 5604 1998 5675 dignum

350 5675 577 5735 collato.
610 5678 742 5734 Vid.
777 5693 833 5750 p.
868 5676 990 5735 183.
1834 5710 1839 5717 ι
