4158 6212
366 335 483 396 517

1230 335 1330 396 DE
1373 332 1836 396 CERIMONIIS
1884 333 2115 395 AUL1E
2160 332 2640 396 BYZANTINE
2681 337 2829 397 LIB.
2877 337 2924 397 Ι.

3659 338 3778 398 518

363 465 564 541 τρίκιοι
593 467 684 522 καὶ
718 465 1064 546 ὀφφικιάλιοι
1103 465 1190 520 καὶ
1221 465 1272 520 οἱ
1304 462 1400 520 δύο
1432 461 1718 541 δήμαρχοι
1749 463 1838 520 καὶ
1885 466 1913 519 ὁ
1971 461 2353 540 σιλεντιάριος,
2412 467 2464 520 οἱ
2505 463 2564 522 δὲ
2619 467 2973 543 πραιπόσιτοι
3004 461 3375 539 λαμϐάνουσιν
3405 465 3507 523 δινᾶ
3541 467 3776 541 ἱματίων

364 552 719 632 ἒρῥαμμένων
767 554 874 610 ἀπὸ
901 549 1266 630 τριϐλαττίων
1294 554 1342 588 ⁶⁹
1372 553 1676 627 ὀρνεμένων
1707 555 1822 626 (92)
1858 553 1923 626 β’,
1957 552 2046 606 καὶ
2079 551 2132 605 οἱ
2168 547 2456 629 δήμαρχοι
2485 549 2651 610 ἆϐδία
2682 560 2814 629 (93).

979 647 1241 702 ΚΕΦΛΛ.
1281 644 1416 701 ΜΘ’.

472 738 611 794 Ὃσα
654 733 736 792 δεῖ
782 737 1222 813 παραφυλάττειν
1263 735 1349 791 ἐπὶ
1389 731 1646 812 προϐολῇ
1677 735 1917 792 ἀνθυπά-

1130 831 1258 867 των.

442 900 523 954 A‘.
579 899 860 969 Καθέζεται
918 899 946 952 ὁ
999 894 1255 972 βασιλεὺς
1305 897 1393 953 ἐπὶ
1449 902 1541 953 τοῦ
1595 897 1780 966 σένςου
1831 895 2022 969 ἐστεμ-

373 988 559 1060 μένος,
617 992 798 1067 φορῶν
848 989 945 1058 τήν
993 985 1234 1067 χλανίδα
1281 988 1467 1057 αὑτοῦ,
1524 987 1614 1042 καὶ
1672 987 1910 1042 ἰστανται
1969 987 2022 1040 οἱ

365 1080 463 1131 τοῦ
494 1071 891 1132 κουϐουκλείου
940 1073 1204 1152 ἄρχοντες
1250 1075 1301 1130 ἐν
1354 1080 1422 1149 τῇ
1471 1076 1618 1148 τάξει
1647 1076 1846 1130 αὑτῶν·
1882 1075 1934 1128 οἱ
1967 1070 2024 1128 δὲ

369 1159 1070 1241 σπαθαροκουϐικουλάριοι
1113 1167 1201 1220 καὶ
1254 1167 1306 1220 οἱ
1357 1159 1808 1238 κουϐικουλάριοι
1841 1161 2024 1219 ’ἵσταν-

366 1277 454 1310 ται
484 1251 697 1310 ὄπισθεν
723 1259 822 1311 τοῦ
858 1253 1129 1330 βασιλέως
1176 1254 1438 1311 κύκλοθεν
1467 1258 1512 1292 ⁷ο
1550 1257 1664 1328 (94)
1692 1258 1789 1308 τοῦ
1818 1257 2020 1326 ἡμικυ-

365 1343 544 1401 κλίου.
596 1345 649 1399 οἱ
720 1341 778 1399 δὲ
832 1346 1312 1420 πρωτοσπαθάριοι
1373 1346 1424 1400 οἱ
1475 1345 1728 1419 εὐνοῦχοι
1772 1341 2019 1398 ’ἵστανται

365 1433 602 1504 πκησίον
649 1438 746 1488 τοῦ
796 1434 1004 1504 σένζου,
1051 1438 1342 1511 φοροῦντες
1409 1433 1476 1488 τὰ
1540 1428 1768 1488 σαϐἀνια
1814 1433 2018 1502 αὐτων,

369 1519 722 1597 βαστάζοντες
766 1523 856 1577 καὶ
900 1525 966 1578 τὰ
1016 1518 1401 1588 σπαθοϐάκλια
1447 1521 1644 1581 αὐτῶν.
1695 1521 1794 1577 Καὶ
1835 1517 2019 1576 λαϐὼν

369 1612 629 1685 θυμιατὸν
664 1613 692 1667 ὁ
731 1612 956 1684 παπίας,
1005 1615 1174 1686 Θυμιᾷ
1222 1610 1452 1686 ὁμοίως,
1503 1613 1576 1674 ὡς
1624 1610 1710 1667 ἐπὶ
1762 1606 2016 1686 προϐολῇ

366 1701 691 1775 πατρικίων,
730 1702 819 1757 καὶ
872 1702 1174 1777 ὑποχωρεῖ.
1207 1702 1338 1758 Εἶτα
1368 1695 1550 1756 λαϐὼν
1592 1705 1763 1774 νεῦμα
1794 1702 1822 1755 ὁ
1854 1720 2018 1774 πραι-

364 1789 589 1854 πόσιτος
634 1790 782 1866 παρὰ
826 1793 924 1845 τοῦ
977 1789 1269 1864 βασιλέως,
1317 1789 1618 1865 εἰσέρχεται
1658 1790 1747 1844 καὶ
1797 1788 2014 1846 ἵσταται

365 1879 530 1951 μέσον
580 1878 880 1952 ἆναμεταξὺ
932 1883 1040 1933 τῶν
1097 1878 1381 1954 ἀρχόντων
1437 1883 1534 1935 τοῦ
1597 1873 2013 1949 κουϐουκλείου,

360 1967 449 2022 καὶ
507 1970 912 2042 προσκυνήσας,
963 1966 1239 2043 ἐξέρχεται
1292 1967 1344 2022 ἐν
1399 1972 1477 2036 τῷ
1523 1966 1814 2040 τριπέτωνι
1883 1969 2016 2039 μετά

360 2053 458 2111 δύο
490 2055 808 2131 ὀστιαρίων,
863 2055 956 2111 καὶ
1017 2053 1230 2112 ἐκτελεῖ
1285 2057 1475 2129 πάντα,
1527 2056 1584 2110 ’ὀν
1632 2055 1834 2130 τρόπον
1877 2057 2019 2109 ἀνω-

356 2144 502 2219 τέρω
537 2143 831 2218 εἰρήκαμεν
884 2142 934 2198 ἐν
986 2147 1054 2218 τῇ
1108 2138 1362 2218 προϐολῇ
1406 2147 1514 2198 τῶν
1565 2143 1884 2219 πατρικίων.
1914 2142 2017 2200 Καὶ

364 2232 566 2306 εἰσάγει
627 2233 804 2308 βῆλον
853 2235 920 2303 α’,
973 2233 1322 2310 μαγίστρους,
1371 2232 1462 2288 καὶ
1502 2231 1779 2288 ἐκτελοῦσι
1824 2232 2017 2304 πάντα,

365 2321 440 2377 ὡς
471 2323 506 2392 ἡ
556 2323 812 2392 συνήθεια
868 2318 1008 2397 ἔχει,
1068 2321 1278 2394 ὁμοίως
1326 2320 1492 2377 πάλιν
1547 2320 1780 2393 ἐξελθὼν
1821 2321 2017 2395 εἶ’σάγει

369 2408 542 2484 βῆλον
582 2411 648 2485 β’.
690 2411 1010 2484 πατρικίους
1051 2409 1142 2465 καὶ
1181 2409 1536 2485 στρατηγοὺς,
1587 2411 1678 2465 καὶ
1726 2408 1917 2472 ἁπλῶς
1955 2411 2022 2464 τὰ

365 2497 534 2554 λοιπᾶ
567 2498 738 2574 βῆλα,
769 2499 896 2562 τούς
929 2520 986 2555 τε
1026 2497 1354 2574 δημάρχους
1387 2499 1476 2555 καὶ
1508 2501 1600 2555 τὸν
1630 2499 2021 2573 τοποτηρητὴν

360 2593 469 2644 τῶν
502 2586 748 2664 σχολῶν.
790 2589 897 2645 Καὶ
941 2587 992 2644 εἷ’
1037 2591 1114 2662 μή
1149 2587 1396 2654 εἷσῇλθεν
1444 2587 1498 2644 ἐν
1527 2593 1596 2664 τῇ
1637 2587 1782 2664 δοχῇ
1813 2589 1842 2642 ὁ
1888 2587 2021 2660 μὲλ-

361 2677 473 2735 λων
523 2678 766 2753 γενέσθαι
817 2676 1144 2747 ἀνθύπατος,
1193 2675 1706 2752 προσκαλεσάμενος
1762 2680 1790 2733 ὁ
1866 2677 2022 2750 βασι-

363 2767 492 2830 λεὺς
522 2768 615 2822 τὸν
646 2765 1039 2840 πραίπόσιτον,
1072 2765 1218 2843 λέγει
1263 2767 1326 2822 τὸ
1375 2761 1550 2841 ὄνομα
1583 2773 1680 2824 τοῦ
1716 2767 2019 2843 μέλλοντος

354 2851 766 2930 προϐληθῆναι,
819 2854 1070 2919 κάκεῖνος
1141 2853 1291 2930 λέγει
1339 2860 1418 2926 τῷ
1466 2863 1569 2925 τῆς
1621 2859 2020 2930 καταστάσεως,

364 2945 611 3006 κάκεῖνος
666 2939 850 3000 λαϐὼν
901 2943 1084 3014 αὐτὸν,
1146 2943 1222 3006 ὡς
1287 2943 1376 2999 ἐπὶ
1443 2947 1756 3021 πατρικίου,
1805 2946 2024 3020 ἵστησιν

364 3033 528 3090 αὐτὸν
587 3031 891 3108 ἔμπροσθεν
941 3037 1051 3088 τῶν
1113 3031 1401 3108 ἀρχόντῶν
1452 3038 1551 3090 τοῦ
1599 3031 2020 3110 κουϐουκλείου,

2052 646 2107 712 Α

2724 648 2953 705 CAPUT
2990 647 3194 704 XLIX.

2306 733 2650 792 Observanda
2692 739 2752 792 in
2791 739 3144 808 promotione
3178 736 3592 808 proconsulum.

2207 896 2250 950 Ι.
2297 898 2622 970 Imperator
2654 901 2710 956 in
2749 899 2957 958 throno
2989 904 3303 958 coronatus
3324 915 3550 973 suaque
3583 901 3777 956 tunica

2131 985 2368 1044 indutus
2397 989 2581 1059 sedet,
2599 989 2868 1047 cubiculo
2892 991 3143 1062 praefecti
3169 990 3492 1047 secundum
3516 989 3775 1046 ordinem

2132 1093 2331 1145 suum,
2378 1080 3007 1151 spatharocubicularii
3056 1085 3112 1136 et
3169 1080 3517 1137 cubicularii
3556 1097 3588 1135 a
3617 1084 3775 1152 tergo

2132 1165 2522 1237 imperatoris,
2554 1169 2613 1224 in
2637 1170 3005 1227 semicirculo
3038 1169 3489 1241 protospatharii
3521 1168 3774 1225 eunuchi

2131 1272 2309 1328 propo
2335 1256 2638 1327 thronum,
2690 1260 2937 1316 sabania
2980 1276 3084 1315 sua
3132 1263 3188 1314 et
3216 1258 3667 1330 spathobaculos
3698 1258 3774 1315 fe-

2129 1351 2344 1411 rentes,
2374 1350 2827 1421 astant.Papias,
2861 1349 3154 1405 thuribulo
3187 1353 3446 1420 sumpto,
3479 1348 3770 1417 similiter,

2132 1439 2195 1489 ut
2224 1434 2282 1490 in
2313 1438 2680 1508 processione
2706 1437 3101 1509 patriciorum,
3123 1439 3390 1495 incensat
3418 1447 3472 1494 et
3502 1439 3768 1494 discedit.

2129 1523 2347 1579 Deinde
2377 1525 2547 1598 signo
2574 1527 2645 1583 ab
2672 1527 3020 1599 imperatore
3049 1532 3308 1598 accepto,
3339 1531 3518 1583 intrat
3549 1544 3774 1599 praepo-

2129 1613 2280 1668 situs
2311 1618 2366 1670 ct
2396 1614 2546 1670 inter
2581 1615 2832 1671 cubiculi
2878 1616 3182 1688 praefectos
3215 1616 3438 1672 medius
3468 1622 3605 1685 stat,
3641 1633 3771 1689 per—

2127 1709 2253 1758 acta
2283 1704 2641 1776 adoratione,
2683 1704 2743 1762 in
2774 1705 3118 1776 tripetonem
3151 1721 3283 1761 cum
3323 1706 3556 1762 duobus
3585 1707 3772 1762 ostia-

2127 1789 2229 1846 riis
2262 1792 2535 1862 procedit,
2578 1808 2932 1863 omnemque
2981 1793 3182 1859 ritum,
3216 1809 3393 1864 quem
3444 1794 3503 1850 in
3538 1811 3774 1866 promo—

2126 1879 2283 1935 tione
2351 1881 2725 1952 patriciorum
2784 1898 2965 1953 supra
3031 1882 3422 1954 exposuimus,
3483 1883 3769 1939 observat.

2129 1968 2343 2024 Deinde
2374 1969 2564 2025 velum
2595 1975 2618 2024 Ι
2654 1971 2775 2026 sive
2807 1971 3141 2041 magistros,
3175 1972 3276 2042 qui
3303 1971 3518 2039 omnia,
3552 1978 3615 2027 ut
3648 1987 3772 2028 mos

2127 2061 2235 2124 est,
2268 2058 2610 2128 perficiunt:
2644 2058 2854 2115 iterum
2887 2060 3377 2130 egressus,velum
3409 2061 3772 2132 II,patricios

2128 2150 2185 2200 et
2215 2152 2511 2218 strategos,
2545 2152 2867 2218 casteraque
2899 2147 3046 2214 vela,
3088 2148 3430 2203 demarchus
3452 2166 3684 2220 quoque
3716 2158 3774 2207 et

2131 2234 2462 2290 scholarum
2493 2236 2768 2290 vicarium
2817 2236 3075 2290 adducit.
3111 2235 3170 2289 Si
3218 2251 3352 2290 vero
3381 2236 3615 2292 futurus
3648 2255 3776 2308 pro-

2131 2323 2334 2380 consul
2369 2326 2425 2378 in
2458 2324 2826 2395 processione
2857 2341 2970 2379 non
3004 2323 3305 2394 ingressus
3328 2329 3436 2392 est,
3463 2328 3773 2397 praeposito

2131 2412 2313 2469 accito
2346 2412 2657 2484 imperator
2703 2429 2913 2468 nomen
2952 2413 3330 2484 promovendi
3365 2414 3522 2482 dicit,
3557 2415 3650 2470 hic
3680 2432 3776 2472 ce-

2131 2501 2490 2570 rimonisrio,
2523 2502 2624 2573 qui
2656 2503 2846 2574 ipsum
2879 2501 3187 2573 excipiens,
3222 2506 3286 2557 ut
3317 2519 3498 2575 supra
3527 2504 3597 2559 de
3631 2521 3772 2576 prte-

2132 2591 2320 2662 posito
2369 2591 2741 2647 observatum
2793 2596 2900 2659 est,
2949 2606 3143 2647 coram
3189 2592 3472 2663 przsfectis
3517 2593 3775 2651 cubiculi

2133 2681 2358 2750 statuit,
2416 2689 2470 2736 et
2527 2696 2881 2751 purpureum
2941 2680 3385 2752 quaternionem
3442 2681 3774 2752 imperatori

2130 2771 2355 2830 tradit:
2390 2771 2545 2828 150
2596 2771 3040 2827 cerimoniarius
3086 2787 3222 2827 vero
3273 2788 3409 2827 cum
3450 2774 3773 2832 silentiario

2131 2881 2265 2920 eum
2299 2863 2358 2918 in
2390 2866 2763 2932 conspectum
2817 2860 3191 2934 imperatoris
3243 2862 3482 2918 ductum
3535 2866 3776 2922 adorare

2133 2953 2424 3026 pedesque
2449 2955 2505 3007 et
2534 2967 2724 3022 genua
2753 2951 2877 3019 ejus
2924 2949 3176 3005 osculari
3201 2951 3431 3021 jubent.
3465 2952 3672 3010 Postea
3700 2954 3772 3010 ab

2131 3042 2478 3112 imperatore
2509 3051 2864 3108 purpureum
2912 3037 3354 3107 quaternionem
3400 3054 3501 3094 seu
3532 3057 3776 3110 procon-

1732 3154 1971 3213 VARl/E
2003 3155 2374 3215 LETIONES.

438 3247 484 3282 ⁸³
513 3238 840 3320 τριϐλατίων
874 3247 1186 3322 ὀρναμένων
1217 3249 1304 3307 ed.
1382 3248 1429 3286 7°
1457 3247 1718 3305 κυκλόθεν
1748 3255 1877 3310 cod.

1438 3360 1644 3416 JOAN.
1668 3361 1812 3418 JAC.
1851 3364 2111 3421 REISKll
2134 3360 2687 3421 OMMENTARIUS.

445 3474 556 3554 (9:2)
591 3473 667 3529 M.
707 3468 1070 3554 τριϐλαττςων
1122 3474 1475 3554 ρρνεμένων...
1513 3480 1634 3554 Erit
1677 3479 1871 3551 itaque
1929 3482 2013 3537 sic

2128 3487 2229 3538 stet
2247 3480 2317 3554 ad
2345 3480 2638 3554 sinistram
2661 3479 3026 3554 imperatoris
3044 3478 3222 3554 illius
3240 3477 3574 3550 hyparchus,
3609 3497 3773 3554 quem

376 3544 848 3623 distinguendum
891 3563 923 3623 Δ;⁸
967 3544 1074 3601 ἀπὸ
1122 3544 1742 3623 ἰματῖωνίέῥραμμένων
1777 3544 2014 3623 pestibus

374 3619 613 3694 consutis
652 3617 752 3694 _(de
785 3618 1019 3694 _quib_us
1073 3617 1260 3694 adip.
1327 3617 1743 3694 37l_'disput0)
1802 3629 1854 3680 et
1912 3620 2017 3677 ἀπὸ

374 3637 613 3674 consutis
656 3637 752 3687 (ae
807 3637 1019 3690 quibus
1073 3637 1144 3675 aa
1247 3663 1260 3677 .
1327 3637 1427 3675 511
1483 3637 1743 3694 αιερυιο)
1802 3637 1854 3680 et
1912 3637 2017 3677 απο

373 3683 749 3764 τριϐλαττίων
774 3687 1094 3762 ὀρνεμὲνων,
1137 3637 1371 3764 (illiset,
1404 3692 1734 3764 ὠρνημένων
1784 3712 1815 3747 a
1845 3696 2018 3751 verbo

375 3759 503 3833 ὀρᾷν
527 3777 684 3823 orna,
736 3759 846 3816 hoc
874 3759 961 3817 est
1007 3759 1153 3830 ora,
1181 3762 1266 3818 vel
1316 3759 1506 3834 potius
1539 3759 1837 3821 'ornatione
1857 3782 1878 3827 ,ο
1912 3767 2020 3823 hoc

376 3839 464 3888 est
499 3837 774 3905 praetexta
821 3834 1142 3902 instruere),
1186 3834 1469 3890 instructis
1525 3851 1662 3892 orna
1708 3835 2016 3905 triblattea,

373 3920 477 3976 seu
536 3904 719 3976 serica
769 3909 1043 3976 praetexta
1093 3913 1181 3959 ter
1227 3906 1428 3972 tincta,
1470 3922 1569 3961 seu
1603 3904 2018 3962 saturatissimi

375 3975 585 4030 coloris
641 3975 942 4047 purpurei.
984 3975 1152 4047 Ὀρνα
1187 3993 1303 4032 non
1354 3983 1577 4033 tantum
1628 3978 1858 4040 Graecis,
1916 3979 2019 4034 sed

374 4053 433 4104 et
467 4047 682 4121 Latinis
713 4047 888 4102 medii
930 4047 1034 4102 aevi
1065 4053 1154 4121 est
1196 4064 1314 4117 ora,
1349 4065 1524 4104 omne
1575 4050 1729 4121 quod
1763 4050 2018 4120 aliquam

376 4135 491 4192 non
521 4116 710 4192 modo
758 4125 1019 4192 ve_stem,_
1049 4119 1151 4174 sed
1201 4116 1376 4192 etiam
1427 4136 1549 4176 rem
1591 4116 2020 4192 quamcunque

376 4189 559 4263 ambit
588 4190 836 4263 etquasi
868 4189 1158 4260 continet;
1191 4191 1307 4248 vid.
1339 4190 1426 4247 Du
1475 4189 1667 4263 Gange
1707 4193 1884 4249 Gloss.
1920 4189 2016 4249 Gr.

376 4278 431 4320 v.
464 4255 596 4334 ὅρνα
626 4255 832 4334 εἷμαι,
857 4278 908 4316 ν.
933 4278 1096 4327 urna,
1139 4255 1354 4334 quibus
1386 4255 1775 4319 addamvhunc
1805 4265 2018 4322 Chron.

378 4332 606 4390 Cassio.
639 4332 738 4401 Ill,
768 4333 838 4387 33
871 4349 884 4387 :
917 4332 1182 4389 rotundas
1228 4336 1498 4404 imagines
1537 4350 1722 4391 omnes
1761 4340 2022 4403 argentea

377 4404 556 4460 solum
580 4420 720 4459 urna
752 4409 995 4474 quatuor
1027 4405 1299 4461 librorum
1327 4409 1680 4462 circumdans
1709 4423 1724 4475 ;
1756 4408 1852 4462 ubi
1881 4423 2022 4462 urna

382 4475 536 4549 idem
550 4481 833 4549 estgatque
854 4476 1093 4548 id,quod
1118 4482 1404 4534 nostrates
1427 4479 1684 4534 lite/tmen
1706 4478 2019 4549 appellant.

383 4548 544 4603 ldem
577 4547 672 4615 lli,
703 4550 792 4614 57,
825 4547 1109 4604 memorat
1133 4553 1533 4619 coopertorium
1559 4551 1754 4604 altaris
1783 4547 2022 4605 sericum

381 4635 508 4674 cum
534 4635 678 4673 urna
705 4635 1003 4689 purpurea,
1045 4625 1304 4675 ornatum
1336 4623 1656 4688 margaritis
1685 4637 1749 4675 ac
1782 4623 2020 4677 smaltis.

385 4691 498 4747 Sed
523 4696 580 4745 ut
611 4691 750 4759 dixi,
784 4691 1118 4764 credibilius
1155 4692 1298 4746 mihi
1332 4693 1570 4764 quidem
1593 4697 1704 4758 est,
1729 4708 1870 4748 orna
1893 4709 2024 4764 esse

387 4778 488 4836 pro
518 4764 732 4836 ornatio
749 4762 836 4836 vel
859 4767 1161 4836 ornatura;
1188 4762 1364 4833 cujus
1380 4765 1744 4836 formationis
1758 4781 1916 4818 exem
1929 4763 2024 4836 pla

386 4833 574 4903 plura,
605 4841 659 4888 et
691 4834 749 4888 in
783 4834 854 4889 iis
888 4833 994 4887 hoc
1033 4833 1224 4903 ipsum
1255 4850 1389 4890 orna
1420 4851 1665 4903 quoque,
1698 4833 2022 4890 Salmasius

379 4905 625 4977 protulit
656 4906 725 4977 ad
759 4904 880 4959 Scr.
916 4903 1061 4977 Hist.
1089 4913 1236 4977 Aug.
1271 4910 1314 4960 t.
1348 4907 1396 4961 ll
1428 4913 1483 4961 et
1501 4905 1758 4961 773.Non
1782 4923 2018 4976 possum

379 4975 439 5030 in
473 4976 587 5029 line
621 4975 794 5045 hujus
825 4976 1053 5044 capitis,
1085 4975 1222 5045 quin
1255 4977 1564 5032 formulam
1593 4975 1836 5031 veterem
1875 4977 2022 5032 Lati-

379 5063 517 5102 nam
551 5046 785 5099 creandi
823 5045 1070 5116 patricii,
1121 5063 1294 5117 quam
1346 5065 1415 5103 ex
1447 5047 1621 5103 Paulo
1655 5047 2020 5117 Forojuliano

377 5119 453 5172 de
485 5117 1199 5187 aestisiLongobardorum
1232 5119 1316 5173 Du
1353 5119 1539 5186 Canae
1569 5119 1626 5173 in
1660 5119 1847 5174 Gloss.
1898 5124 2018 5175 Lat.

376 5205 430 5243 v.
465 5186 744 5242 Patricius
802 5186 1002 5254 edidit,
1053 5187 1146 5243 hic
1187 5191 1418 5246 addam.
1480 5190 1689 5246 Poterit
1739 5191 2022 5246 nonnulla

377 5259 565 5316 nostri
613 5259 831 5332 codicis
881 5258 1190 5332 illustrare,
1238 5270 1292 5317 et
1333 5264 1660 5332 jucundum
1705 5263 1816 5316 erit
1845 5263 2019 5318 ambo

380 5333 661 5387 conferre.
713 5331 946 5386 Patricii
990 5330 1236 5403 dignitas
1295 5330 1483 5388 taliter
1537 5333 1873 5403 disponenda
1915 5339 2018 5400 est,

380 5403 774 5485 quatenus‘illa
802 5418 916 5485 non
943 5401 1050 5485 vili
1073 5418 1340 5485 persona,
1361 5421 1460 5485 nec
1478 5401 1653 5459 alicui
1682 5405 2023 5485 concedatur

379 5473 590 5543 ignoto.
635 5474 722 5528 Sit
768 5473 1116 5546 enimrvalde
1162 5487 1322 5532 notus
1369 5474 1711 5545 imperatori,
1743 5477 1816 5530 sit
1844 5475 2022 5546 ﬁdelis

380 5552 433 5602 et
461 5547 721 5618 prudens,
751 5562 859 5604 non
892 5545 1092 5620 elatus.
1135 5546 1616 5620 Protospatharius
1644 5545 1880 5620 veniens,
1896 5551 2024 5602 ante

383 5617 770 5689 imperatorem
824 5618 1104 5675 osculetur
1157 5617 1338 5675 suum’
1372 5620 1670 5674 humerum
1716 5625 1767 5672 et
1820 5617 2020 5672 dicat:

384 5688 619 5746 Maxime
681 5688 1098 5766 imperatorum,
1155 5690 1324 5760 adest,
1381 5705 1544 5767 quem
1597 5689 1816 5748 vocasti.
1879 5689 2023 5748 Tunc

2129 3570 2226 3609 nos
2257 3551 2494 3607 dicimus
2522 3552 2864 3622 pra/ectum,
2903 3553 2954 3605 et
2993 3550 3139 3606 dicat
3170 3553 3224 3607 ei
3261 3554 3566 3623 imperator
3591 3550 3774 3609 {Cum

2123 3623 2564 3695 protospathario
2589 3625 2844 3695 futurum
2866 3625 3173 3695 patricium
3201 3622 3475 3679 adducito.
3500 3625 3640 3680 Dum
3663 3642 3768 3681 au-

2123 3701 2232 3751 tem
2265 3693 2475 3767 venerit
2495 3697 2787 3767 patricius,
2812 3693 3094 3767 imprimis
3119 3697 3406 3749 osculatur
3424 3695 3584 3764 pedes
3605 3696 3774 3767 impe-

2125 3768 2348 3830 ratoris,
2380 3764 2575 3819 deinde
2603 3781 2770 3836 genu,
2801 3764 2875 3820 ad
2913 3770 3222 3836 extremum
3250 3767 3530 3820 osculetur
3564 3764 3770 3836 ipsum,

2127 3842 2257 3892 tunc
2283 3837 2562 3893 osculetur
2582 3851 2762 3890 omnes
2791 3836 3058 3890 Romanos
3077 3835 3772 3903 circumstantes,etdicant

2125 3923 2310 3963 omnes
2342 3923 2354 3960 :
2392 3905 2786 3960 Beneveniatis.
2822 3905 2985 3960 Nobis
3013 3907 3252 3960 nimium
3285 3907 3615 3962 laboriosum
3649 3923 3770 3964 esse

2127 3980 2343 4033 videtur
2357 3992 2666 4032 cortcessum
2697 3977 2852 4030 nobis
2873 3992 2905 4030 a
2928 3977 3029 4031 Deo
3059 3978 3430 4031 ministerium
3445 3979 3618 4033 solum
3639 3995 3766 4044 pro-

2125 4065 2325 4106 curare
2356 4065 2368 4102 :
2400 4049 2656 4119 quocirca
2684 4051 2737 4119 te
2763 4046 2921 4102 nobis
2951 4048 3262 4119 adjutorem
3281 4051 3598 4117 facimus,et
3623 4051 3768 4105 hunc

2126 4123 2384 4177 honorem
2409 4118 2509 4174 tibi
2519 4118 2876 4182 concedimus,
2896 4123 2956 4172 ut
2977 4118 3232 4173 Ecclesiis
3255 4120 3351 4173 Dei
3361 4125 3412 4174 et
3432 4122 3768 4188 pauperibus

2127 4194 2299 4261 legem
2325 4193 2524 4261 facias,
2555 4195 2607 4244 et
2663 4191 2791 4244 inde
2840 4189 2985 4261 apud
3031 4189 3368 4244 altissimum
3402 4192 3646 4247 Iudicem
3681 4209 3768 4246 ra-

2128 4260 2333 4319 tiOnem
2363 4261 2749 4332 reddas.rTunc
2779 4260 2972 4316 induat
3001 4277 3125 4315 eum
3158 4265 3461 4332 imperator
3492 4269 3760 4329 montum,

2126 4341 2177 4390 et
2204 4341 2372 4405 ponat
2399 4332 2451 4388 ei
2488 4336 2547 4388 in
2569 4331 2756 4405 dextro
2788 4332 2970 4386 indice
2997 4333 3290 4405 annulum,
3323 4341 3378 4388 et
3407 4333 3493 4388 de!
3525 4335 3575 4390 ei
3609 4335 3764 4390 bom-

2127 4404 2380 4461 bacinum
2410 4404 2634 4475 prapria
2687 4420 2854 4458 manu
2896 4404 3159 4474 scriptum
3205 4404 3301 4459 ubi
3356 4405 3544 4460 taliter
3586 4405 3766 4462 conli-

2126 4487 2328 4532 neatur
2384 4477 2650 4546 scriptum
2706 4492 2724 4530 :
2773 4476 2898 4529 Esto
2972 4475 3268 4546 palricius,
3337 4476 3649 4531 misericors
3713 4481 3766 4532 et

2117 4552 2326 4620 justus.
2359 4549 2502 4620 Tunc
2529 4555 2694 4616 ponat
2734 4546 2791 4620 ei
2828 4547 2886 4620 in
2934 4553 3098 4620 caput
3130 4562 3363 4620 aureum
3392 4548 3684 4614 circulum,
3716 4555 3768 4603 et

2126 4617 2393 4674 dimittat.
2427 4618 2675 4673 Observo
2727 4618 2797 4672 ad
2850 4617 3358 4690 hanc’rformulam
3390 4620 3601 4688 adhuc,
3637 4623 3768 4690 post

2127 4692 2535 4748 salutationem
2584 4689 2964 4744 Beneveniatis
3019 4686 3225 4760 (καλῶς
3281 4687 3471 4760 ἦλθες)
3514 4686 3762 4747 deesse:

2129 4768 2258 4818 tunc
2283 4764 2362 4816 ait
2405 4763 2728 4832 imperator,
2769 4766 2870 4832 aut
2917 4759 3106 4815 simile
3137 4762 3296 4831 quid.
3341 4759 3653 4831 Pro’legem
3681 4767 3768 4832 [a-

2053 4857 2098 4922 D
2129 4850 2249 4890 cere
2291 4830 2622 4922 dicere-mus
2658 4830 2850 4922 'hodie‘
2882 4830 3166 4922 justitia’rn
3214 4830 3631 4922 administrare.
3686 4831 3767 4922 De

2130 4905 2334 4960 annulo
2387 4907 2443 4957 et
2499 4902 2702 4957 circulo
2759 4903 3043 4972 patriciali
3093 4903 3272 4957 Graeci
3325 4903 3472 4958 nihil
3525 4903 3766 4960 habent.

2130 4973 2483 5031 Bombacium
2539 4977 2704 5046 notat
2754 4974 3012 5046 chartam
3073 4974 3494 5046 bombycinam,
3547 4975 3603 5029 in
3652 4991 3767 5046 qua

2128 5049 2385 5118 diploma
2424 5044 2764 5118 patriciatus
2807 5045 3086 5118 scriptum
3138 5044 3279 5101 erat.
3315 5046 3493 5102 Graeci
3542 5044 3770 5101 tabulas

2128 5116 2414 5175 eburneas
2464 5116 2755 5186 diptycha,
2789 5116 3138 5170 adhibebant
3179 5133 3310 5171 cum
3350 5118 3511 5172 intus
3538 5120 3769 5186 jacente

2129 5189 2418 5272 codicillo,
2451 5186 2780 5272 seu‘libello
2813 5187 3139 5254 cbartaceo,
3173 5188 3229 5243 id
3272 5193 3361 5244 est
3392 5204 3764 5260 pergameno.

2128 5262 2258 5316 Vid.
2293 5261 2359 5314 ad
2391 5276 2444 5331 p.
2483 5259 2606 5313 411.
3405 5259 3408 5260 ⁷

2198 5333 2416 5427 (95))2e
2446 5329 2552 5385 hac
2583 5345 2717 5384 voce
2771 5330 3159 5401 conjecturam
3203 5330 3426 5400 profero
3455 5331 3516 5387 in
3548 5333 3666 5388 not.
3695 5329 3771 5386 ad

2128 5403 2414 5550 {189.4%}:
2441 5467 2725 5550 κυκλόθεν,
2755 5472 2944 5550 ‘Forte
2975 5489 3219 5550 qu_oque_
3239 5471 3317 5550 si;
3357 5478 3554 5550 σχῆμα
3584 5473 3769 5550 deest,

2129 5541 2448 5619 elc'qojﬁpu
2494 5541 2873 5619 ﬁptxoxliop;
2923 5541 3076 5601 cohf.
3206 5547 3327 5613 143,
3361 5541 3768 5607 ῐιῖεἴκυκλόθεν

2128 5611 2466 5689 ipsis-nutet
2499 5611 2658 5688 δίκην
2686 5611 2916 5674 κύκλου.
