4158 6212
418 311 537 370 519

1491 303 2017 363 (ΣΟΝΞΤΑΝΤΙΝῘ
2063 304 2322 367 PORPH
2336 308 2539 368 YROG
2552 307 2755 368 ENITI

3710 311 3832 369 520

421 439 641 496 sulares
669 436 988 505 codicillos,
1022 449 1234 490 manus
1268 433 1397 504 ejus
1427 431 1723 506 osculans,
1755 434 1983 507 recipit,
2012 439 2052 491 et

2178 435 2268 489 καὶ
2299 431 2487 491 λαϐὼν
2535 438 2562 492 ὁ
2611 436 2974 511 πραιπόσιτος
3021 438 3343 511 πορφυροῦν
3386 434 3671 512 τετράδιον
3711 442 3828 513 (95)

418 531 499 586 ita
531 533 847 584 retrorsum
879 524 1197 581 abductum
1220 522 1279 577 in
1314 522 1506 579 medio
1529 522 2058 581 collocant.0mnes

416 635 549 675 vero
576 618 635 672 in
668 614 1037 688 processione
1085 612 1335 685 ingressi
1388 612 1709 669 solemnem
1761 615 2060 672 adoratio-

415 724 565 774 nem,
600 710 666 761 ut
693 722 868 778 supra
897 704 966 760 de
1016 702 1382 776 promotione
1423 702 1802 776 patriciorum
1835 704 2055 761 dictum

2167 521 2453 580 ἐπιδίδωσι
2512 530 2593 598 τῷ
2644 523 2861 602 βασιλεῖ
2917 526 2945 579 6
3007 522 3064 580 δὲ
3119 531 3222 595 τῆς
3281 527 3659 591 καταστάσεως
3696 529 3833 603 μετά

2168 613 2555 689 σιλεντιαρίου,
2618 616 2928 693 ἐνέγκαντες
2984 614 3143 670 αὐτὸν
3222 613 3459 685 πλησίον
3515 622 3613 673 to?»
3676 620 3833 693 βασι-

2168 702 2329 774 λέως,
2383 709 2602 761 ποιοῦσι
2650 712 3028 780 προσκυνῆσαι
3077 704 3167 760 καὶ
3218 703 3451 783 φιλῆσαι
3497 706 3631 771 τοὺς
3658 706 3830 771 πόδας

415 802 521 867 est,
557 796 850 852 exhibent.

2167 798 2262 848 τοῦ
2313 792 2604 870 βασιλέως,
2660 795 2759 859 εἶθ’
2818 794 2994 858 οὕτως
3050 796 3119 850 τά
3179 793 3388 868 μόνατα
3445 797 3633 854 αὐτοῦ.
3696 798 3828 854 Εἶτα

412 880 594 941 λαϐὼν
657 885 719 939 τὸ
775 887 1090 963 πορφυροῦν
1130 880 1407 957 τετράδιον
1467 883 1613 957 παρά
1668 887 1763 937 τοῦ
1812 880 2102 959 βασιλέως,
2156 882 2327 961 ἤγουν
2387 886 2449 941 τὸ
2507 883 2885 941 ἀνθυπατίκιον
2937 885 3002 954 ⁷³,
3054 881 3208 960 φιλεῖ
3253 886 3341 940 καὶ
3383 885 3479 949 τὰς
3512 891 3702 962 χεῖρας
3731 887 3827 943 αύ-

410 979 528 1044 τοῦ,
586 973 677 1029 καὶ
737 974 835 1038 εἶθ’
893 973 1065 1035 οὕτως
1123 973 1489 1050 ἀπαγαγόντες
1543 974 1592 1009 ’⁸³
1652 972 1814 1027 αὐτὸν
1888 971 2283 1049 ὁπισθοφανῶς,
2359 974 2564 1028 ἱστᾶσιν
2639 974 2799 1029 αὐτὸν
2880 972 3063 1046 μέσονο
3125 974 3350 1035 ἅπαντες
3411 971 3467 1029 δὲ
3525 976 3575 1030 οἱ
3642 973 3694 1030 έν
3759 979 3828 1049 τῇ

412 1063 557 1141 δοχῇ
607 1062 939 1127 εἰσελθόντες
987 1062 1268 1119 ἐκτελοῦσι
1336 1064 1437 1132 τὴν
1503 1060 1898 1138 προσκύνησιν,
1967 1061 2025 1116 δν
2079 1060 2281 1135 τρόπον
2363 1062 2616 1138 ἀνωτέρω
2684 1062 2892 1137 εἷ’ρηται
2943 1060 2995 1117 έν
3042 1065 3111 1136 τῇ
3160 1058 3415 1139 προϐολῇ
3474 1069 3585 1120 τῶν
3632 1085 3829 1141 πατρι-

407 1176 560 1215 κιων.

484 1248 555 1304 ΙΙ.
587 1246 645 1302 Si
668 1262 801 1306 vero
832 1246 1262 1319 promovendus
1284 1244 1344 1301 in
1376 1261 1589 1317 pompa
1618 1244 1920 1318 ingressus
1942 1260 2057 1300 non

414 1341 521 1405 est,
556 1338 658 1393 sed
708 1336 845 1392 foris
904 1336 1207 1402 remansit,
1257 1334 1415 1407 quod
1471 1334 1532 1391 in
1587 1350 1803 1406 pompa
1845 1333 2063 1390 intrare

412 1426 608 1496 majus
639 1429 728 1481 est
759 1439 931 1496 quam
962 1441 1065 1497 pro
1087 1424 1215 1495 ejus
1239 1423 1542 1496 dignitate,
1577 1427 1679 1479 aut
1707 1423 1779 1491 si,
1802 1423 1942 1496 quia
1958 1439 2063 1496 po-

412 1515 621 1571 sterior
650 1515 853 1570 ordine
893 1518 1003 1581 est,
1038 1514 1175 1569 foris
1227 1513 1521 1582 substitit,
1568 1530 1842 1586 egressus
1882 1513 2062 1585 patri-

413 1604 538 1661 cius
560 1621 693 1661 eum
725 1604 977 1673 adducit,
1002 1608 1059 1660 et
1091 1608 1451 1676 peraguntur
1473 1604 1692 1670 omnia,
1714 1619 1902 1676 usque
1923 1604 2058 1659 dum

413 1694 486 1751 ab
518 1696 867 1768 imperatore
898 1692 1341 1765 proconsulares
1380 1693 1679 1750 codicillos
1718 1693 1963 1765 accepit,
1999 1696 2063 1748 ut

2246 1244 2321 1300 B'.
2354 1242 2422 1301 Εἰ
2452 1240 2507 1298 δὲ
2540 1241 2639 1298 οὐκ
2679 1240 2926 1313 εἰσῆλθεν
2976 1244 3031 1297 ἓν
3076 1247 3144 1318 τῇ
3195 1240 3339 1318 δοχῇ
3372 1245 3400 1300 6
3436 1241 3656 1318 μέλλων
3689 1266 3828 1320 προ-

2171 1327 2471 1403 ϐληοῆναι,
2523 1330 2652 1387 ἀλλ’
2700 1332 3043 1406 έναπέμεινεν
3095 1330 3216 1406 ἔξω,
3269 1333 3344 1397 ὡς
3401 1336 3475 1407 μὴ
3512 1332 3823 1413 ἐνδέχεσθαι

2170 1423 2268 1492 τὴν
2301 1422 2445 1493 ἀξίαν
2475 1422 2640 1479 αὐτοῦ
2690 1421 3026 1498 εἰσέρχεσθαι
3080 1421 3131 1477 ἐν
3179 1428 3296 1484 ταῖς
3357 1420 3571 1498 δοχαῖς,
3616 1422 3649 1494 ἤ
3691 1424 3826 1479 κατὰ

2174 1512 2449 1587 ὑστέρησιν
2497 1514 2605 1586 (96)
2657 1510 2996 1587 ἐναπέμεινεν
3066 1505 3187 1583 ἔξω,
3244 1510 3514 1587 ἐξέρχεται
3574 1514 3601 1567 6
3659 1533 3825 1587 πραι-

2169 1602 2394 1665 πόσιτος
2450 1600 2538 1657 καὶ
2590 1601 2789 1678 εἰσάγει
2846 1600 3030 1670 αὐτὸν,
3085 1601 3327 1657 τελεῖται
3386 1599 3441 1656 δὲ
3499 1599 3700 1677 μέχρις
3759 1602 3821 1658 ἃν

2169 1686 2451 1766 καταλάϐῃ
2495 1693 2604 1764 (97)
2647 1691 2708 1745 τὸ
2766 1688 3145 1755 ἀνθυπατίκιον
3196 1691 3339 1767 παρᾶ
3393 1694 3489 1745 τοῦ
3521 1689 3817 1765 βασιλέως,

412 1803 587 1855 supra
654 1786 713 1841 in
782 1784 1099 1840 cerimonia
1156 1782 1535 1855 patriciorum
1604 1782 2050 1839 declaravimus.

2167 1780 2236 1842 ὡς
2286 1780 2540 1855 ἀνωτέρω
2586 1779 2637 1835 έν
2690 1783 2757 1854 τῇ
2802 1780 3125 1835 καταστάσει
3177 1784 3286 1835 τῶν
3345 1780 3641 1855 πατρικίων
3687 1778 3819 1851 ἐδη-

413 1874 625 1930 Omnes
655 1890 808 1939 vero,
844 1873 943 1945 qui
976 1888 1109 1928 eum
1130 1872 1446 1943 excipiunt,
1478 1877 1785 1944 postquam
1811 1888 2057 1928 consue-

415 1967 532 2017 tam
568 1964 967 2018 adorationem
1001 1965 1059 2017 et
1104 1962 1355 2017 faustam
1407 1960 1881 2032 apppecationem
1933 1976 2058 2031 per-

410 2068 593 2122 egere,
626 2057 958 2124 promotum
1003 2050 1407 2122 proconsulem
1440 2050 1882 2106 cerimoniarius
1922 2065 2057 2106 cum

411 2140 734 2196 silentiario
762 2141 833 2195 ad
865 2140 1278 2211 imperatorem
1330 2139 1513 2208 ducit,
1542 2155 1714 2210 quem
1746 2143 2055 2211 postquam

410 2228 691 2294 adoravit,
724 2228 1032 2285 revertitur
1061 2236 1114 2283 et
1136 2228 1194 2282 in
1229 2244 1332 2284 suo
1365 2227 1491 2283 loco
1523 2233 1657 2299 stat,
1704 2233 2057 2300 acceptoque

410 2316 579 2389 signo
609 2318 678 2373 ab
710 2318 1082 2390 imperatore,
1116 2317 1464 2389 praepositus
1494 2317 1634 2373 dicit
1664 2332 1677 2372 :
1713 2339 1741 2367 ‹‹
1766 2317 1992 2374 Jubete.
2024 2337 2054 2368 κ

1066 2497 1297 2553 CAPUT
1336 2498 1395 2552 L.

554 2587 911 2644 Obseruando
952 2590 1008 2643 in
1058 2588 1409 2659 promotione
1437 2587 1695 2658 patricia:
1723 2594 1913 2642 zosles.

485 2757 527 2810 Ι.
561 2753 813 2821 Domini,
845 2751 1137 2807 dibetisiis
1168 2758 1220 2807 et
1251 2752 1658 2826 chlamydibus
1683 2751 1949 2820 mutatis,
1984 2750 2057 2806 ad

410 2847 605 2915 portas
633 2841 816 2912 phari,
836 2842 1091 2896 medium
1112 2843 1325 2896 atrium
1352 2842 1963 2915 prospicientes,tergo
1986 2840 2056 2894 ad

409 2930 686 2987 orientem
739 2947 1039 2996 converso,
1086 2931 1438 2999 subsistunt,
1490 2948 1737 2989 coronas
1776 2947 1910 2987 vero
1941 2946 2056 2986 non

408 3026 662 3092 gestant.
698 3021 875 3094 Signo
918 3021 989 3076 ab
1022 3020 1163 3092 ipsis
1213 3020 1366 3088 dato,
1400 3022 1748 3093 praepositus
1780 3020 2057 3092 patricios

2169 1868 2444 1943 λώσαμεν.
2485 1868 2803 1931 Τελέσαντες
2834 1867 2891 1925 δὲ
2934 1870 3135 1931 πάντες
3186 1869 3237 1924 έν
3287 1873 3356 1943 τῇ
3390 1867 3537 1944 δοχῇ
3567 1873 3669 1940 τήν
3701 1890 3821 1925 συν-

2166 1960 2274 2030 ήθη
2344 1959 2711 2033 προσκύνησιν
2760 1958 2851 2013 καὶ
2902 1957 3417 2035 εὐχαριστήσαντες,
3481 1955 3819 2032 λαμϐάνουσι

2164 2048 2256 2101 τὸν
2285 2042 2672 2122 προϐληθέντα
2702 2047 3006 2102 ἀνθύπατον
3057 2050 3084 2103 6
3132 2051 3233 2117 τῆς
3280 2049 3655 2110 καταστάσεως
3687 2050 3820 2121 μετά

2168 2136 2555 2214 σιλεντιαρίου,
2587 2138 2677 2192 καὶ
2726 2138 3019 2213 ἀπάγουσιν
3070 2137 3231 2193 αὐτὸν
3279 2139 3415 2212 πρὸς
3445 2139 3536 2193 τὸν
3571 2134 3817 2214 βασιλέα,

2164 2228 2256 2283 καὶ
2302 2229 2680 2303 προσκυνήσας
2719 2228 2810 2282 τὸν
2872 2226 3098 2302 βασιλέα
3138 2227 3481 2306 ὑποστρέφει,
3528 2228 3615 2283 καὶ
3667 2227 3824 2282 ’ἱστα-

2164 2341 2250 2376 ται
2285 2317 2337 2374 ἐν
2370 2323 2438 2393 τῇ
2485 2320 2629 2392 τάξει
2678 2319 2868 2386 αὑτοῦ,
2916 2318 3007 2373 καὶ
3049 2313 3233 2373 λαϐὼν
3279 2324 3447 2392 νεῦμα
3496 2320 3524 2373 6
3578 2320 3814 2394 πραιπό-

2168 2430 2313 2472 σιτος
2344 2410 2491 2485 παρά
2520 2412 2616 2463 τοῦ
2651 2405 2943 2483 βασιλέως,
2977 2406 3148 2483 λέγει’
3185 2431 3210 2463 ιι
3246 2406 3563 2469 Κελεύσατε.
3598 2434 3626 2459 ››

2800 2497 3061 2550 ΚΕΦΑΛ.
3106 2495 3184 2551 Ν’.

2238 2588 2372 2639 Ὅσα
2432 2581 2513 2638 δεῖ
2568 2582 3008 2661 παραφυλάττειν
3054 2582 3158 2710 ίέπί
3205 2588 3505 2662 προαγωγῇ
3541 2587 3749 2655 ζωστῆς

2844 2676 3046 2710 πατοικ
3072 2677 3152 2710 ας.

2844 2676 3152 2732 πατρικιας.

2237 2746 2318 2801 Α’.
2371 2741 2766 2801 Ἀλλάσσουσιν
2828 2746 2879 2799 οἱ
2940 2741 3192 2800 δεσπόται
3250 2748 3315 2800 τά
3373 2741 3667 2817 διϐηττςσια
3725 2747 3815 2802 καὶ

2170 2834 2265 2895 τὰς
2303 2832 2615 2909 χλαμύδας,
2665 2835 2756 2889 καὶ
2802 2832 3047 2890 ’ἵστανται
3100 2833 3177 2898 εἰς
3223 2836 3318 2891 τὰς
3364 2834 3542 2901 πύλας
3586 2841 3683 2893 τοῦ
3716 2837 3819 2913 φά-

2168 2946 2286 2999 ρου,
2346 2925 2641 3000 βλέποντες
2717 2923 2805 2981 ἒπὶ
2880 2926 2973 2981 τὸν
3039 2926 3199 3000 μέσον
3254 2927 3500 2999 πυλῶνα,
3556 2928 3623 2983 τὰ
3678 2932 3821 2983 νῶτα

2166 3013 2385 3091 ἔχοντες
2416 3017 2553 3093 πρὸς
2592 3014 2886 3087 ἀνατολὴν,
2940 3015 3224 3091 στέμματα
3271 3015 3326 3073 δὲ
3377 3017 3438 3073 ού
3478 3022 3734 3095 φοροῦσιν
3768 3019 3819 3073 οῖ

406 3118 459 3167 et
494 3115 716 3184 partem
747 3112 1059 3169 consulum
1115 3128 1181 3167 ac
1213 3110 1667 3167 silentiariorum
1711 3112 1782 3167 ad
1817 3125 2050 3182 proces-

2169 3105 2442 3165 δεσπόται.
2506 3108 2609 3165 Καὶ
2669 3107 2758 3163 ὅτε
2816 3106 2960 3183 λάϐῃ
3021 3111 3049 3164 ὁ
3107 3109 3466 3184 πραιπόσιτος
3531 3111 3594 3166 τὸ
3649 3116 3823 3185 νεῦμα

403 3201 630 3257 sionem
653 3201 1100 3257 ecclesiasticam
1120 3201 1411 3273 ducit,qui
1443 3202 1501 3255 in
1525 3201 1739 3273 templo
1763 3199 2047 3256 consisto-

401 3290 553 3345 rium
582 3290 721 3345 hinc
750 3296 807 3345 et
838 3290 974 3345 inde
998 3291 1246 3360 ingressi
1273 3292 1519 3345 faciunt.
1553 3289 1730 3359 Signo
1754 3305 1786 3342 a
1807 3287 2049 3343 dominis

401 3383 658 3449 accepto,
704 3379 1049 3447 praepositus
1098 3378 1157 3432 in
1202 3377 1677 3449 paranarthecem
1727 3377 2044 3447 egreditur,

400 3470 455 3520 et
485 3466 935 3536 promovendam
961 3483 992 3520 a
1014 3466 1297 3533 custodia,
1332 3465 1432 3521 ubi
1464 3465 1735 3521 cancellis
1766 3465 2047 3520 instructa

397 3552 687 3610 vestibula
716 3558 873 3619 sunt,
902 3554 974 3609 ad
1004 3553 1253 3609 mediam
1285 3559 1512 3626 portam
1547 3554 1806 3622 adducit,
1828 3553 1927 3609 ubi
1955 3571 2045 3610 se-

399 3642 513 3699 mel
546 3644 604 3698 in
637 3659 829 3716 genua
859 3642 1124 3714 procidit.
1150 3642 1460 3714 Postquam
1492 3660 1626 3699 vero
1657 3643 1930 3709 surrexit,
1954 3659 2047 3699 co-

395 3750 518 3789 ram
551 3732 804 3789 dominis
827 3749 950 3790 eam
986 3732 1311 3799 constituit,
1335 3735 1404 3787 ad
1437 3750 1687 3805 quorum
1718 3732 1895 3805 pedes
1916 3749 2046 3804 pro—

397 3824 1029 3895 cumbit,etpostquam
1053 3823 1323 3889 surrexit,
1350 3840 1557 3878 manus
1588 3823 2044 3896 explicat,atque

394 3913 648 3968 dominis
681 3912 1080 3978 dalmaticam,
1114 3912 1403 3969 thoracem
1427 3918 1483 3969 et
1510 3912 1823 3968 matorium
1844 3913 2040 3968 album

395 4003 618 4074 recipit,
647 4011 697 4059 et
731 4020 941 4059 manus
972 4020 1173 4058 eorum
1205 4003 1525 4059 osculatur.
1560 4003 1721 4058 Tunc
1744 4018 1869 4057 eam
1897 4020 2043 4071 prte-

394 4094 620 4163 positus
659 4094 729 4148 ad
764 4093 1116 4161 custodiam,
1166 4093 1320 4148 unde
1369 4108 1607 4164 egressa
1647 4096 1755 4159 est,
1816 4090 2042 4147 reducit

393 4182 541 4238 151
580 4182 813 4254 ipsique
841 4180 1210 4237 dalmaticam
1242 4181 1453 4245 induit,
1488 4179 1801 4235 maforium
1833 4178 2034 4235 album

394 4273 643 4342 gestanti
668 4287 681 4337 ;
706 4270 914 4326 iterum
938 4287 1066 4326 eam
1085 4270 1145 4326 in
1168 4268 1468 4326 ecclesiam
1487 4267 1675 4340 phari,
1704 4268 1801 4323 ubi
1823 4267 2040 4323 domini

2160 3197 2305 3271 παρᾶ
2362 3202 2471 3252 τῶν
2534 3193 2829 3267 δεσποτῶν,
2891 3198 3091 3273 εἰσάγει
3148 3198 3276 3264 τοὺς
3340 3201 3660 3275 πατρικίους
3727 3200 3819 3255 καὶ

2161 3288 2323 3361 μέρος
2352 3291 2460 3340 τῶν
2507 3286 2722 3340 ὑπάτων
2770 3286 2859 3340 καὶ
2912 3286 3077 3361 μέρος
3120 3292 3226 3342 τῶν
3272 3286 3649 3362 σιλεντιαρίων
3679 3290 3817 3365 πρὸς

2155 3377 2252 3444 τήν
2301 3376 2549 3453 χώρησιν
2598 3382 2699 3444 τῆς
2746 3373 3037 3446 ἐκκλησίας
3086 3379 3219 3451 (98),
3273 3378 3361 3433 καὶ
3407 3378 3650 3433 ἳστανται
3692 3400 3817 3433 κον-

2157 3462 2445 3535 σιστώριον
2498 3462 2575 3524 εἰς
2628 3465 2726 3532 τήν
2782 3462 3077 3535 ἐκκλησίαν
3142 3467 3194 3519 οἱ
3264 3465 3593 3531 εἰσελθόντες
3669 3464 3815 3523 ἔνθεν

2154 3552 2418 3609 κάκεῖθεν.
2462 3551 2561 3608 Καὶ
2614 3546 2799 3607 λαϐὼν
2836 3558 3010 3627 νεῦμα
3055 3555 3082 3609 6
3130 3556 3491 3629 πραιπὸσιτος
3531 3556 3675 3631 παρᾶ
3703 3561 3814 3611 τῶν

2157 3638 2456 3709 δεσποτῶν,
2500 3640 2774 3718 ἐξέρχεται
2808 3641 2883 3704 εἰς
2936 3644 3030 3699 τὸν
3074 3643 3489 3720 παρανάρθηκα,
3536 3646 3623 3701 καί
3659 3646 3817 3701 ἐπαί-

2155 3749 2235 3805 ρει
2266 3732 2364 3800 τήν
2420 3728 2765 3805 βουλομένην
2821 3734 2865 3768 ⁷³
2916 3732 3021 3787 ἀπὸ
3073 3731 3170 3788 τοῦ
3211 3732 3475 3810 φύλακος,
3524 3730 3647 3789 ἔνθα
3680 3734 3813 3789 εἰσὶν

2154 3820 2207 3875 οἱ
2236 3820 2473 3896 γανωτοί
2504 3818 2755 3885 πυλῶνες
2786 3822 2835 3876 o't
2867 3821 3185 3879 ἀντίπεπτοι
3219 3826 3264 3860 ⁷⁸
3296 3826 3428 3899 (99),
3478 3825 3567 3879 καὶ
3602 3824 3806 3897 εἰσάγει

2154 3907 2324 3977 αὐτὴν
2357 3909 2773 3984 ὁπραιπὸσιτος
2841 3905 2987 3966 ἔνδον
3043 3918 3150 3967 τῶν
3216 3913 3390 3986 μέσων
3450 3912 3663 3985 πυλῶν,
3716 3914 3805 3969 καί

2152 3999 2336 4054 πίπτει
2396 4000 2532 4067 πρὸς
2585 3998 2712 4063 τοὺς
2767 3998 2939 4062 πόδας
2997 4004 3077 4075 (1)
3137 4002 3270 4071 αύτή
3332 4002 3421 4057 καὶ
3484 4002 3669 4076 μόνον,
3718 4001 3810 4056 καὶ

2152 4088 2455 4157 ἀναστάσης
2516 4086 2706 4157 αὐτῆς,
2779 4088 3040 4168 ἀποφέρει
3109 4090 3280 4161 αὐτὴν
3348 4092 3485 4166 πρὸς
3537 4090 3663 4152 τοὺς
3722 4088 3813 4146 δε-

2154 4175 2376 4243 σπότας,
2435 4176 2525 4230 καὶ
2582 4176 2769 4231 πίπτει
2828 4178 2967 4251 πρὸς
3024 4177 3157 4235 τοὺς
3220 4177 3392 4240 πόδας
3458 4178 3653 4249 αὐτῶν,
3718 4180 3809 4234 καὶ

2153 4267 2424 4321 ἀναστᾶσα
2476 4266 2647 4321 ἁπλοῖ
2691 4266 2785 4327 τὰς
2838 4271 3027 4342 χεῖρας
3078 4267 3166 4321 καὶ
3218 4262 3480 4341 λαμϐάνει
3530 4267 3675 4342 παρά
3701 4270 3810 4324 τῶν

1744 4384 1992 4440 VARI/E
2048 4384 2450 4441 LECTIONES.

465 4492 926 4566 ⁷¹Αάνβυπατίκιον
968 4498 1061 4562 Β..,
1094 4493 1454 4548 ανθυπατικὸν
1494 4493 1621 4566 cod_.
1655 4497 1711 4548 et
1740 4494 1832 4550 ed.
1885 4492 1954 4566 _77
1997 4491 2298 4566 ἀπάγοντες
2347 4492 2438 4549 ed.
2515 4490 2560 4527 ⁷³
2589 4495 2729 4549 Post
2764 4489 3101 4566 βουλομένην
3144 4493 3345 4551 deesse
3376 4502 3571 4553 censet
3605 4494 3800 4553 Leich.

390 4561 801 4640 προϐάλλεσθαι
832 4574 929 4623 aut
960 4561 1183 4637 aliquid
1215 4566 1429 4623 simile.
1505 4567 1550 4600 7‘
1582 4562 1900 4619 ἂντιπεπτοὶ
1924 4566 2053 4621 cod.

1457 4672 1659 4729 JOAN.
1689 4672 1835 4731 JAC.
1861 4672 2122 4729 REISKII
2153 4669 2749 4730 COMMENTARIUS.

463 4784 575 4854 (95)
618 4782 983 4854 Purpureum
1035 4781 1479 4851 quaternionem
1533 4797 1631 4837 seu
1692 4781 2043 4837 membranae
2075 4780 2121 4846 1)
2154 4777 2368 4834 editam
2394 4780 2890 4854 accentuationem
2917 4782 3129 4839 rectius
3159 4782 3393 4840 habere.
3418 4780 3527 4839 Sed
3563 4780 3801 4842 difﬁcile

393 4871 653 4927 purpura
689 4853 874 4927 tinctis
926 4854 1276 4927 complicato
1328 4860 1603 4927 quatuorﬂ
1632 4853 1798 4920 folia;
1833 4855 1901 4909 de
1932 4868 2047 4927 quo

394 4924 551 4982 inore
582 4925 952 4981 membranas
986 4925 1175 4981 colore
1222 4924 1536 4996 purpureo,
1572 4924 1741 4990 ﬂavo,
1773 4924 2039 4992 caeruleo,

391 4998 505 5054 alio
538 4997 857 5063 inﬁciendi,
890 4997 1119 5053 videndi
1150 4997 1256 5053 viri
1288 4996 1442 5053 docti
1472 4997 1546 5052 ad
1580 4996 2041 5068 Evangeliarium

396 5069 758 5141 quadruplex
793 5068 1112 5124 Blancbini.

465 5142 580 5211 (96)
612 5141 753 5210 Quia
782 5157 906 5196 sero
954 5146 1124 5209 venit,
1178 5139 1401 5197 caeteris
1454 5138 1694 5212 collegis
1731 5140 1853 5210 jam
1887 5139 2042 5195 intro

391 5215 612 5267 vocatis
644 5219 699 5268 et
729 5214 1032 5283 ingressis.

464 5284 577 5355 (97)
600 5284 724 5339 Non
757 5275 904 5341 solet
953 5286 1161 5340 Noster
1204 5275 1651 5355 καταλαμϐάνειν
1694 5282 2038 5355 Ινιοοᾷεθηειι,

392 5353 602 5428 nempe
654 5373 753 5425 pro
780 5355 1056 5428 adipisci,
1116 5353 1432 5428 usurpare,
1476 5354 1575 5408 sed
1609 5370 1728 5428 _pro
1756 5353 2039 5428 gdvenire.

391 5418 548 5485 Num
575 5418 747 5492 igitur
780 5418 950 5497 λαϐῇ,
984 5418 1086 5481 aut
1115 5424 1205 5479 καὶ
1238 5418 1382 5496 λ’άϐῃ
1418 5418 1780 5497 legendum]

457 5500 708 5569 (98)Prn
778 5495 1088 5569 capacilale
1140 5495 1397 5565 ecclesia,
1466 5511 1674 5566 nempe
1728 5495 1897 5551 Phari
1955 5495 2039 5552 vel

388 5568 645 5639 Deiparae
674 5568 869 5635 Phari,
913 5573 998 5624 tot
1037 5584 1312 5642 numero,
1371 5571 1514 5638 quot
1559 5570 1787 5642 χωρεῖν,
1835 5582 2041 5640 capere

389 5637 697 5695 commode
719 5644 906 5710 potest
936 5637 1198 5710 ecclesia.

459 5710 572 5782 (99)
604 5710 680 5767 M.
720 5708 1056 5763 ἀντιπεπτοὶ
1114 5709 1273 5781 gravi
1334 5714 1598 5768 accentu.
1654 5712 1797 5768 Puto
1840 5715 2036 5769 tamen

2157 4855 2263 4915 est,
2298 4855 2529 4929 certum
2540 4853 2615 4929 _d_e
2646 4853 2994 4929 etymologia
3008 4858 3067 4929 et
3084 4854 3509 4929 signiﬁcatione
3526 4855 3683 4929 vocis
3705 4857 3806 4929 ob-

2157 4938 2337 5000 scurae
2370 4926 2426 4978 et
2456 4922 2596 4978 alibi
2621 4922 2734 5000 non
2768 4922 2931 5000 lecta»;
2956 4931 3013 4981 et
3027 4922 3359 5000 difficulter
3384 4942 3515 5000 cum
3539 4928 3806 5000 analogia

2153 4993 2335 5068 Graeci
2379 4995 2668 5068 sermonis
2716 4998 3093 5053 conciliandae
3153 4999 3547 5068 pronuntiare.
3591 4993 3804 5056 VidEor

2152 5066 2299 5121 mihi
2346 5067 2583 5141 quidem
2635 5070 2929 5141 percipere
2975 5066 3487 5139 signiﬁcationem,
3543 5085 3671 5140 quas
3711 5075 3803 5129 est

2152 5154 2281 5193 mea
2311 5139 2949 5213 sententia,valvas'guze
2974 5141 3088 5197 sibi
3124 5141 3369 5198 invicem
3392 5139 3797 5213 obver’tuntur,

2152 5224 2397 5281 quarum
2432 5226 2549 5266 una
2579 5228 2755 5281 super
2784 5211 3025 5268 alteram
3056 5217 3113 5269 et
3143 5213 3419 5269 adversus
3442 5211 3683 5269 alteram
3715 5211 3801 5271 iu-

2152 5279 2421 5355 clinatur.
2455 5281 2616 5355 S_i_tue
2638 5279 2711 5338 ab
2729 5282 3051 5352 ἀντιπίπτω,
3081 5292 3180 5341 aut
3212 5285 3284 5340 ab
3321 5282 3648 5355 ἀντιπετάω,
3681 5301 3800 5343 non

2148 5351 2413 5433 dixerim.
2474 5352 2675 5433 Neutri
2736 5356 3074 5433 derivationi
3137 5357 3291 5413 favet
3347 5351 3642 5433 analogia;
3680 5357 3793 5433 Sed

2149 5424 2328 5497 Graeci
2361 5425 2491 5497 novi
2549 5426 2661 5497 sibi
2721 5428 2971 5485 multum
3029 5428 3088 5484 in
3147 5424 3577 5497 corrumpenda
3617 5428 3798 5486 veteri

2149 5493 2350 5560 lingua
2404 5496 2727 5569 indulgent.
2791 5499 2944 5559 Num
2992 5500 3242 5571 denique
3291 5493 3667 5573 ἂντῖστρεπτοι
3713 5499 3770 5557 1ο

2149 5567 2453 5623 nendum?

2148 5582 2405 5638 gendum

2219 5640 2300 5709 (1)
2329 5639 2648 5717 Qujusnam
2673 5641 2701 5695 ‘I
2749 5659 2860 5699 non
2908 5642 3271 5717 imperatoris
3302 5647 3474 5701 certe.
3509 5644 3657 5702 Num
3691 5644 3795 5717 igi-

2147 5708 2245 5765 tur
2274 5708 2421 5781 πρὸς
2444 5709 2505 5763 τὸ
2539 5708 2719 5780 οὖδας,
2758 5708 3013 5784 ρνοοῖάὶῐ
3041 5718 3099 5772 in
3124 5715 3328 5772 solum?
