4158 6212
329 370 441 430 521

329 493 607 551 δεσποτῶν
635 497 697 551 τὸ
746 494 1096 570 δελματίκιον
1144 496 1232 551 καὶ
1289 497 1353 551 τὸ
1413 497 1682 572 θωράκιον
1724 497 1812 552 καὶ
1872 519 1978 570 μαο

329 584 519 662 φόριον
554 582 781 660 άσπρον,
813 586 902 640 καὶ
947 585 1099 662 ιριλεῖ
1142 585 1240 647 τὰς
1291 591 1482 661 χεῖρας
1523 591 1630 640 τῶν
1682 583 1984 646 δεσποτῶν,

328 674 426 727 Καὶ
489 673 749 752 ἀποφέρει
803 675 974 742 αὐτὴν
1036 674 1111 738 είς
1164 675 1256 730 τὸν
1308 671 1546 750 φύλακα,
1585 674 1707 738 ὅθεν
1767 673 1986 745 ἐξῆλθε,

325 764 417 817 καὶ
448 761 619 818 ὲνδύει
660 763 828 833 αὐτην
865 763 926 817 τὸ
980 759 1358 836 δελματίκιον,
1391 762 1479 817 καὶ
1535 769 1692 841 φορεῖ
1747 763 1808 817 τὸ
1880 784 1988 836 μα-

327 852 526 925 φόριον
575 853 638 908 τὸ
695 850 920 926 ἄσπρον,
963 851 1052 906 καὶ
1109 851 1274 906 πάλιν
1321 851 1519 926 εἲσάγει
1551 851 1719 919 αὐτὴν
1763 851 1840 913 εἰς
1889 852 1982 907 τὸν

327 940 496 1019 φάρον
548 939 625 1004 είς
669 941 769 1008 τήν
803 938 1132 1010 ἐκκλησίαν,
1166 935 1287 995 ἔνθα
1325 938 1570 995 ’ίστανται
1619 941 1673 994 οἱ
1723 938 1982 996 δεσπόται

325 1030 414 1084 καὶ
473 1030 530 1083 οἱ
596 1027 975 1103 συγκλητικοί.
1010 1031 1128 1094 Εἶθ’
1189 1029 1362 1092 οὕτως
1421 1027 1574 1107 φιλεῖ
1627 1028 1756 1092 τοὺς
1812 1026 1986 1094 πόδας

323 1123 432 1173 τῶν
488 1115 786 1188 δεσποτῶν,
841 1121 931 1173 καὶ
992 1117 1275 1194 ἐξέρχεται
1333 1119 1831 1194 ἀπευχαριστοῦσα,
1891 1121 1982 1174 καὶ

328 1205 618 1282 ἀπέρχεται
671 1207 746 1269 εἰς
781 1207 844 1261 τὸ
878 1207 1128 1277 πάιθεον,
1170 1207 1258 1263 καὶ
1294 1207 1429 1282 μετὰ
1461 1209 1656 1283 μικρὸν
1708 1202 1980 1280 λαμϐάνει

1185 371 1286 429 DE
1332 369 1783 431 CERIMONIIS
1825 370 2062 432 AUL/E
2102 369 2579 434 BYZANTINIE
2620 374 2766 435 LIB.
2813 376 2862 435 Ι.

3628 385 3749 444 522

2093 504 2150 554 et
2171 505 2473 558 senatores
2504 508 2682 574 stant,
2708 505 2989 576 perducit.
3015 506 3234 566 Deinde
3263 511 3440 582 pedes
3472 511 3741 569 domino-

2098 604 2226 644 rum
2275 590 2532 647 osculata
2581 597 2638 647 et
2679 592 2884 664 gratiis
2923 597 3091 661 actis,
3123 597 3240 653 exit
3281 600 3352 654 ad
3400 601 3746 672 pantheum,

2097 677 2373 751 brevique
2423 679 2726 752 interjecto
2777 687 3059 754 tempore,
3092 688 3462 759 prepositus,
3503 695 3745 761 accepto

2095 768 2266 838 signo
2289 769 2360 823 ab
2403 769 2773 840 imperatore,
2798 773 2976 829 dicit:
3004 795 3029 825 α
3068 773 3298 832 Jubete.
3335 798 3363 827 ιο
3398 783 3647 834 Senatus
3678 795 3747 835 ex

2094 855 2340 913 ecclesia
2365 859 2436 913 ad
2478 859 2826 931 tripetonem
2875 861 3017 932 abit,
3045 869 3102 919 et
3140 865 3590 923 cerimoniarum
3628 883 3746 923 ma-

2092 943 2274 1014 gister
2327 945 2454 1002 vela
2502 963 2534 1003 e
2583 948 2844 1019 patriciis
2891 955 2947 1006 et
2996 953 3216 1008 caeteris
3261 955 3629 1013 senatoribus
3671 958 3742 1012 ad

2091 1036 2361 1090 eumdem
2376 1037 2724 1108 tripetonem
2741 1039 2994 1095 ordinat.
3010 1042 3094 1096 Ad
3115 1043 3439 1113 pantbeum
3455 1062 3590 1102 vero
3607 1062 3742 1102 cum

2092 1124 2342 1178 accessit
2369 1129 2530 1181 zoste
2561 1126 2822 1197 patricia,
2846 1128 3139 1186 thoracem
3162 1148 3341 1203 super
3369 1133 3741 1198 dalmaticam

2088 1211 2304 1279 induit,
2334 1212 2525 1269 lorum
2557 1230 2787 1286 quoque
2824 1224 2879 1272 et
2909 1217 3248 1289 prapoloma
3279 1225 3486 1290 gestat.

325 1303 496 1372 νεῦμα
549 1299 577 1351 ὁ
634 1298 1015 1371 πραιπόσιτος,
1049 1298 1138 1351 καὶ
1189 1296 1370 1373 λέγει’
1433 1323 1461 1349 «
1521 1298 1844 1352 Ιίελεῦσατε.
1909 1323 1936 1349 ››
1997 1299 2098 1356 Καὶ
2155 1299 2430 1375 ἐξέρχεται
2484 1304 2518 1370 ἡ
2582 1301 2896 1378 σύγκλητος
2959 1305 3066 1360 ἀπὸ
3118 1313 3218 1377 τῆς
3274 1306 3594 1380 ἔκκλησίας,
3650 1308 3742 1365 καὶ

328 1388 661 1463 ἀπέρχονται
724 1385 776 1440 ἐν
819 1391 898 1458 τῷ
945 1383 1262 1461 τριπέτωνι,
1321 1388 1410 1441 καὶ
1469 1387 1496 1440 ὁ
1552 1393 1655 1456 τῆς
1702 1388 2082 1450 καταστάσεως
2142 1387 2439 1463 εὐτρεπίζει
2515 1392 2584 1446 τὰ
2643 1391 2792 1467 βῆλα
2848 1393 2953 1448 ἀπό
3017 1414 3075 1450 τε
3129 1401 3238 1451 τῶν
3293 1400 3592 1473 πατρικίων
3650 1399 3741 1454 καὶ

323 1480 434 1531 τῶν
492 1476 699 1532 λοιπῶν
759 1479 1142 1551 συγκλητικῶν
1204 1476 1282 1539 εἰς
1331 1477 1422 1531 τὸν
1483 1474 1641 1530 αὐτὸν
1682 1476 2014 1550 τριπέτωνα,
2051 1475 2141 1530 καὶ
2193 1476 2283 1532 ὅτε
2338 1477 2548 1553 ἀπέλθῃ
2596 1482 2631 1549 ἡ
2692 1484 2871 1552 ζωστὴ
2927 1483 3183 1558 πατρικία
3234 1487 3312 1548 εἰς
3368 1487 3431 1541 τὸ
3487 1489 3739 1558 πάνθεον,

327 1563 570 1622 ἐνδύεται
601 1565 661 1621 τὸ
693 1565 956 1640 θωράκιον
986 1564 1165 1621 ἐπάνω
1196 1570 1292 1620 τοῦ
1323 1563 1679 1640 δελματικοῦ,
1710 1565 1800 1620 καὶ
1833 1571 1991 1642 φορεῖ
2018 1567 2108 1622 καὶ
2143 1565 2335 1644 λῶρον
2371 1570 2457 1624 καὶ
2492 1576 2555 1624 τὸ
2584 1570 2956 1645 προπόλωμα.

399 1658 472 1712 B'.
510 1654 603 1711 Καὶ
652 1654 751 1718 εἶθ’
791 1651 966 1716 οὕτως
1013 1658 1270 1731 φοροῦσιν
1301 1655 1352 1708 oi
1393 1650 1647 1709 δεσπόται
1681 1653 1746 1708 τά
1809 1654 1978 1728 στέμ-
2008 1662 2054 1725 Β

333 1767 493 1820 ματα,
553 1747 640 1801 καὶ
721 1745 1036 1815 καθέζονται
1113 1745 1165 1800 ἐν
1240 1751 1320 1819 τῷ
1378 1745 1572 1818 σένζῳ,
1627 1747 1715 1801 καὶ
1765 1745 1980 1802 νεύουσι

325 1840 404 1907 τῷ
460 1836 831 1910 πραιποσίτῳ,
874 1835 964 1890 καὶ
1039 1834 1314 1911 ἐξέρχεται
1370 1835 1504 1909 μετᾶ
1560 1835 1848 1910 ὀστιαρίων
1889 1835 1979 1890 καὶ

330 1923 588 2000 βεργίων,
645 1925 736 1978 καὶ
803 1921 1194 2000 προσκαλεῖται
1264 1921 1439 1998 βῆλον
1500 1925 1568 1992 α’,
1629 1924 1976 2000 μαγίστρους·

332 2012 507 2089 βῆλον
561 2013 630 2088 β’,
664 2011 1002 2088 πατρικίους
1044 2011 1216 2085 βῆλον
1263 2013 1334 2086 γ’,
1375 2010 1798 2087 συγκλητικοὺς,
1844 2013 1979 2067 ὐπάο

327 2122 478 2169 τους,
541 2100 812 2176 κόμητας,
875 2097 1252 2171 κανδιδάτους,
1304 2097 1680 2174 δομεστίκους,
1733 2100 1838 2155 ἀπὸ
1885 2099 1977 2155 έπ-

328 2191 516 2267 άρχων
567 2189 656 2245 καὶ
706 2187 1081 2262 στρατηλάτας
1115 2209 1128 2222 ·
1181 2189 1617 2265 συνεισέρχονται
1676 2186 1733 2244 δὲ
1778 2189 1866 2244 καὶ
1928 2191 1980 2243 οἱ

331 2277 683 2353 σιλεντιάριοι
726 2275 942 2333 ὄπισθεν
988 2285 1088 2347 τῆς
1148 2277 1461 2352 συγκλήτου
1520 2272 1659 2333 ἔνθεν
1707 2277 1976 2335 κάκεῖθεν.

332 2367 436 2424 Καὶ
477 2366 567 2424 ὅτε
603 2365 875 2442 πληρωθῇ
924 2367 991 2422 τά
1049 2369 1200 2440 βῆΛα
1237 2367 1326 2421 καὶ
1381 2369 1551 2440 σταθῇ
1608 2367 1670 2422 τὸ
1728 2366 1976 2442 σέκρετον

332 2459 486 2525 ὅλον,
523 2457 767 2512 νεύουσιν
799 2458 851 2512 οἱ
882 2453 1138 2512 δεσπόται
1166 2461 1245 2528 τῷ
1276 2455 1650 2532 πραιποσίτῳ,
1684 2457 1775 2512 καὶ
1833 2456 1976 2530 ἐξέρ-

331 2567 488 2624 χεται
546 2545 634 2601 διὰ
687 2552 788 2616 τῆς
849 2545 1190 2620 πληρώσεως
1222 2548 1316 2620 (1⁸)
1346 2553 1446 2616 τῆς
1502 2545 1702 2616 τάξεως
1727 2552 1835 2601 τῶν
1868 2567 1975 2602 πα-

331 2635 552 2710 τρικίων
618 2635 680 2690 τὸ
741 2634 904 2709 μέρος
960 2637 1058 2689 τοῦ
1122 2632 1379 2703 πανθέου,
1411 2633 1498 2688 καὶ
1556 2633 1854 2710 ἀπέρχεται
1895 2633 1972 2697 είς

325 2727 388 2781 τὸ
445 2726 689 2794 πάνθεον,
720 2722 842 2780 ἔνθα
895 2723 1037 2779 ἐστὶν
1110 2727 1146 2793 ἡ
1204 2718 1582 2798 προϐληθεῖσα
1640 2725 1818 2793 ζωστή
1868 2744 1973 2778 πα-

323 2814 525 2889 τρικία⁹
564 2815 655 2869 καὶ
714 2814 911 2889 εἰσάγει
971 2813 1168 2882 αὐτὴν,
1225 2817 1439 2886 κρατῶν
1485 2813 1652 2880 αὐτὴν
1700 2814 1805 2868 ἀπὸ
1861 2817 1972 2866 τῶν

327 2902 516 2977 ὤμων,
551 2903 638 2958 καὶ
680 2901 956 2979 διέρχεται
997 2901 1073 2962 εἰς
1128 2903 1228 2971 τὴν
1266 2902 1556 2975 πλήρωσιν
1613 2909 1716 2970 τῆς
1772 2902 1974 2970 τάξεως

2155 1657 2229 1712 ΙΙ.
2283 1659 2458 1714 Porro
2495 1661 2738 1727 domini,
2770 1663 2999 1718 coronis
3035 1665 3244 1735 ornati,
3279 1667 3338 1722 in
3390 1668 3600 1726 throno
3646 1685 3739 1726 se-

2092 1747 2232 1803 dent
2260 1753 2316 1804 et
2343 1749 2575 1820 signum
2623 1751 2932 1822 preposito
2979 1752 3144 1822 dant,
3176 1755 3277 1826 qui
3317 1771 3451 1812 cum
3483 1757 3739 1814 ostiariis

2090 1837 2284 1908 virgas
2314 1838 2683 1909 gestantibus
2731 1855 3021 1912 egressus,
3052 1841 3245 1898 velum
3298 1844 3576 1916 primum,
3607 1863 3736 1902 ma-

2090 1926 2326 1996 gistros,
2358 1927 2552 1984 velum
2584 1930 2936 1998 secundum,
2969 1930 3264 2002 patricios,
3303 1934 3564 2003 tertium,
3597 1953 3735 2009 syn-

2091 2013 2345 2082 cletieos,
2370 2017 2662 2085 consules,
2685 2018 2952 2086 comites,
2978 2019 3340 2090 candidatos,
3364 2023 3734 2092 domesticos,

2089 2103 2484 2173 expraefectos,
2507 2103 2779 2161 ductores
2809 2105 3100 2163 exercitus
3131 2109 3392 2176 advocat,
3413 2127 3644 2183 unaque
3664 2112 3735 2167 si-

2091 2187 2343 2245 lentiarii
2393 2195 2524 2260 post
2551 2198 2821 2248 senatum
2853 2193 2990 2249 hinc
3019 2198 3078 2249 et
3125 2195 3262 2251 inde
3299 2197 3731 2268 ingrediuntur.

2089 2279 2332 2344 Quando
2389 2279 2515 2335 vela
2571 2281 2863 2352 completa
2910 2286 3212 2354 totumque
3259 2290 3549 2341 secretum
3593 2303 3734 2342 con-

2087 2367 2355 2423 stitutum
2371 2372 2480 2432 est,
2499 2368 2721 2425 domini
2745 2371 3052 2442 prmposito
3075 2372 3311 2444 signum
3337 2373 3497 2442 dant,
3518 2391 3734 2447 perque

2087 2465 2298 2512 coelum
2360 2457 2586 2512 ordinis
2642 2458 3018 2530 patriciorum
3068 2461 3239 2516 factio
3291 2463 3360 2517 ad
3413 2464 3730 2534 pantbeum

2085 2546 2223 2610 abit,
2247 2546 2343 2602 ubi
2381 2551 2638 2616 promota
2668 2556 2820 2604 zoste
2848 2548 3090 2621 patricia
3129 2555 3266 2619 stat,
3299 2567 3476 2625 quam
3520 2552 3730 2610 hume-

2085 2635 2166 2690 ris
2187 2636 2483 2691 sustineus
2496 2635 2754 2703 adducit,
2767 2638 3212 2710 digressamque
3224 2656 3328 2712 per
3348 2641 3728 2713 patriciorum

2084 2727 2324 2793 emtum,
2375 2724 2560 2780 lorum
2601 2730 2659 2781 et
2704 2725 3046 2798 propoloma
3087 2728 3390 2797 ferentem,
3424 2729 3482 2801 in
3535 2731 3724 2788 medio

2083 2812 2284 2870 secreti
2305 2813 2682 2886 patriciorum
2709 2814 2880 2871 sistit.
2898 2814 3028 2871 Haec
3048 2815 3354 2888 paululum
3373 2834 3435 2874 se
3457 2817 3721 2884 inclinat,

2082 2902 2237 2974 quod
2260 2902 2383 2958 loro
2405 2901 2682 2974 impedita
2702 2904 3000 2976 procidere
3030 2905 3252 2977 nequit,
3275 2905 3484 2963 deinde
3506 2907 3718 2964 iterum

321 2999 428 3048 τῶν
488 2992 806 3066 πατρικίων,
853 2991 943 3046 καὶ
991 2988 1207 3061 ι’ίστησιν
1267 2991 1439 3060 αὐτην
1507 2990 1666 3063 μέσον
1725 2995 1828 3044 τοῦ
1877 3010 2000 3054 σεοη

2088 3007 2182 3062 per
2214 3006 2426 3061 paucos
2463 2991 2680 3063 gradus
2727 2992 3004 3059 adducta,
3039 2992 3311 3050 similiter
3357 3012 3419 3051 se
3459 2994 3721 3063 inclinat,

321 3081 512 3154 κρέτου
555 3086 662 3137 τῶν
712 3079 1034 3157 πατρικίων,
1082 3083 1352 3156 φοροῦσαν
1405 3101 1500 3134 τον
1564 3077 1743 3153 λῶρον
1786 3081 1832 3115 ’¹⁵
1879 3079 1969 3133 καὶ

319 3171 384 3226 τὸ
418 3168 788 3244 προπόλωμα.
822 3169 924 3226 Καὶ
964 3173 1256 3238 προσκυνέῖ
1305 3168 1524 3242 μικρὸν,
1557 3167 1635 3231 ὡς
1685 3169 1762 3240 μή
1813 3165 1971 3222 δυνα-

327 3260 500 3333 μένης
531 3258 699 3327 αὐτῆς
749 3262 927 3313 πεσεῖν
977 3253 1065 3311 διὰ
1111 3257 1201 3312 τὸν
1265 3254 1444 3329 λῶρον
1478 3259 1553 3330 (2)
1583 3256 1676 3311 καὶ
1722 3256 1786 3311 τὸ
1843 3276 1974 3332 προ-

322 3347 588 3422 πόλωμα,
618 3347 708 3402 καὶ
764 3345 928 3402 πάλιν
983 3344 1241 3424 ἀποφέρει
1297 3346 1468 3416 αὐτὴν
1511 3343 1673 3421 ὀλίγα
1725 3347 1969 3420 βήματα,

319 3439 410 3494 καί
463 3441 759 3513 προσκυνεῖ
812 3437 1046 3509 ὁμοίως,
1072 3435 1164 3490 καὶ
1222 3434 1296 3497 είς
1342 3435 1406 3490 τὸ
1444 3434 1627 3509 τρίτον
1674 3437 1772 3509 (3).
1802 3441 1973 3512 Προσ-

317 3527 465 3608 φέρει
508 3529 554 3564 ’³⁸
607 3524 776 3594 αὐτὴν
844 3524 921 3586 είς
981 3525 1047 3579 τὰ
1105 3523 1304 3600 γόνατα
1359 3528 1470 3578 τῶν
1533 3522 1832 3592 δεσποτῶν,
1880 3523 1970 3580 καὶ

317 3613 469 3692 φιλεῖ
513 3616 579 3670 τὰ
627 3611 723 3670 δύο
762 3614 966 3689 γόνατα
1012 3616 1108 3669 τοῦ
1161 3611 1403 3688 μεγάλου
1436 3609 1721 3684 δεσπότου,
1755 3614 1966 3687 ὁμοίως

315 3704 530 3761 καὶτοῦ
559 3708 779 3779 μικροῦ,
812 3700 980 3763 πόδας
1013 3699 1070 3757 δὲ
1110 3701 1172 3758 οὐ
1205 3700 1377 3779 φιλεῖ,
1411 3701 1484 3763 ὡς
1536 3703 1611 3774 μὴ
1665 3699 1973 3775 δυναμένης

318 3794 485 3865 αὐτῆς
523 3798 725 3852 πεσεῖν,
760 3793 878 3850 Εἶθ’
914 3792 1089 3854 οὕτως
1128 3791 1302 3845 ἁπλοῖ
1329 3790 1424 3852 τὰς
1459 3795 1671 3865 χεῖρας,
1703 3792 1793 3846 καὶ
1826 3789 1970 3862 λαμ-

319 3878 465 3939 ϐάνει
514 3882 610 3946 τὰς
648 3879 862 3941 πλάκας
917 3880 1054 3954 μετὰ
1098 3883 1207 3935 τῶν
1249 3875 1632 3948 κωδικέλλων,
1680 3879 1771 3932 καὶ
1821 3880 1972 3955 φιλεῖ

314 3973 410 4036 τὰς
443 3978 632 4048 χεῖρας
661 3975 768 4027 τῶν
800 3968 1098 4039 δεσποτῶν,
1129 3967 1220 4023 καὶ
1269 3967 1554 4043 ὑποχωρεῖ
1603 3967 1790 4042 ὀλίγον
1837 3989 1970 4045 κραο

311 4063 552 4135 τουμένη
611 4061 760 4136 παρᾶ
794 4062 892 4115 τοῦ
948 4056 1334 4131 πραιποσίτου,
1380 4056 1471 4112 καὶ
1504 4055 1809 4132 εἲσάγονται
1868 4058 1969 4114 ὑπὸ

309 4149 682 4226 σιλεντιαρίων
733 4147 1099 4224 κρατοῦμενοι
1166 4146 1272 4202 ἀπό
1331 4167 1389 4202 τε
1443 4147 1746 4223 μαγίστρου
1800 4147 1969 4224 μέχρι

309 4245 417 4295 τῶν
464 4237 854 4314 στρατηλατῶν
895 4237 1419 4312 ἀπευχαρ’στοῦντες
1481 4232 1571 4290 διὰ
1619 4236 1721 4303 τήν
1789 4257 1967 4310 τιμηο

2082 3083 2137 3135 et
2169 3079 2353 3135 tertio.
2381 3079 2525 3134 Tum
2571 3079 2816 3149 genibus
2847 3080 3221 3136 dominorum
3261 3081 3516 3150 admota,
3549 3086 3725 3140 ambo

2081 3167 2272 3238 magni
2302 3184 2464 3239 aeque
2503 3184 2569 3222 ac
2602 3167 2843 3223 minoris
2875 3168 3099 3225 domini
3141 3185 3351 3240 genua,
3385 3187 3499 3226 non
3531 3175 3724 3227 autem

2079 3257 2276 3328 pedes,
2322 3271 2457 3313 cum
2503 3258 2803 3330 procidere
2855 3262 3120 3329 nequeat,
3152 3257 3472 3315 osculatur.
3521 3261 3729 3317 Postea

2083 3345 2353 3401 manibus
2377 3347 2640 3416 expansis
2669 3346 2904 3402 tabulas
2925 3362 3059 3402 cum
3082 3346 3379 3404 codicillos
3400 3349 3603 3420 sumit,
3626 3351 3728 3406 do-

2081 3437 2376 3491 minorum
2395 3451 2604 3491 manus
2619 3434 2915 3502 osculans,
2936 3435 3408 3509 paululumquea
3422 3440 3729 3511 praposito

2082 3528 2411 3580 sustentata
2443 3524 2661 3579 recedit
2693 3541 2706 3579 :
2760 3529 2904 3580 tunc
2934 3541 3140 3580 omnes
3171 3541 3204 3580 a
3232 3525 3569 3583 silentiariis
3597 3544 3726 3584 sus-

2082 3612 2309 3682 tentati,
2366 3629 2399 3667 a
2438 3614 2715 3682 magistro
2756 3613 2828 3668 ad
2869 3615 3078 3670 ducem
3112 3615 3400 3671 exercitus
3445 3616 3730 3673 inducun.

2081 3707 2195 3771 tur,
2220 3719 2320 3772 pro
2343 3701 2628 3772 dignitate
2651 3702 2764 3773 ipsi
2785 3701 2996 3757 collata
3016 3702 3232 3774 gratias
3263 3703 3471 3760 acturi.
3504 3706 3727 3769 Quibus

2081 3809 2113 3846 a
2137 3797 2340 3846 senatu
2368 3791 2634 3859 peractis,
2659 3791 2848 3861 ipsam
2880 3792 3224 3863 praepositus
3247 3794 3314 3845 ad
3338 3807 3526 3863 genua
3547 3794 3730 3848 domi-

2083 3894 2291 3934 nurum
2327 3876 2534 3930 iterum
2567 3877 2825 3946 adducit,
2858 3879 3102 3948 ipsaque
3133 3878 3355 3947 gratias
3376 3879 3516 3949 agit.
3548 3882 3731 3951 Impe-

2083 3972 2242 4024 rator
2284 3981 2436 4032 vero,
2479 3970 2544 4021 ut
2588 3966 2819 4038 signum
2873 3965 3179 4038 praeposito
3223 3967 3294 4022 ad
3338 3967 3490 4022 latus
3533 3967 3729 4026 throni

2081 4057 2399 4114 constituto
2446 4054 2624 4125 dedit,
2672 4055 2903 4111 etiamsi
2954 4054 3324 4126 primicerius
3375 4057 3476 4123 sit,
3521 4063 3730 4130 printer

2081 4163 2213 4203 eum
2274 4143 2373 4216 qui
2432 4149 2632 4199 zosten
2692 4144 2847 4201 152
2910 4149 3224 4214 sustentat,
3274 4145 3413 4200 dicit
3461 4162 3481 4200 :
3532 4169 3560 4197 «ι
3631 4147 3730 4202 Ju-

2081 4238 2228 4292 bele.
2264 4255 2292 4284 »

313 4331 512 4389 θεῖσαν.
569 4329 666 4385 Καὶ
723 4330 850 4384 ὅταν
904 4325 1290 4402 συμπληρώσῃ
1344 4327 1380 4396 ἡ
1437 4325 1750 4402 σύγκλητος
1820 4328 1920 4395 τὴν
1988 4321 2364 4402 εὐχαριστίαν,
2424 4318 2627 4396 εἰσάγει
2705 4317 2875 4391 αὒτὴν
2932 4319 3098 4376 πάλιν
3153 4321 3180 4376 ὁ
3235 4322 3596 4396 πραιπὸσιτος
3654 4321 3730 4386 εἷς

1682 4451 1921 4508 VARUS
1961 4449 2258 4508 LECTION
2267 4448 2366 4504 ES.

386 4556 431 4590 τι
464 4551 531 4607 τὶ)
563 4550 749 4627 λῶρον
782 4554 875 4610 ed.
953 4551 999 4588 ⁷⁸
1027 4550 1090 4606 τὸ
1120 4549 1302 4626 τρίτον
1329 4534 1530 4624 προσιρ.
1563 4551 1654 4608 ed.

1387 4675 1593 4731 JOAN.
1622 4675 1764 4732 JAC.
1794 4674 2030 4732 RESKII
2069 4671 2658 4730 COMMENTARIUS.

391 4796 491 4868 (1⁸)
528 4797 628 4851 Per
647 4796 817 4868 ﬁnem
844 4795 1072 4868 ordinis
1110 4793 1494 4868 patriciqam,
1527 4789 1712 4857 illinc,
1732 4791 1830 4845 ubi
1866 4791 1972 4846 de-
2003 4794 2049 4858 D
2079 4791 2244 4868 cere?
2266 4787 2540 4867 Ignoscat
2571 4785 2736 4841 nobis
2763 4786 2850 4841 vir
2870 4785 3096 4868 doctus,
3114 4786 3383 4868 quisquis
3403 4786 3729 4868 ille_{ueri_t-

321 4859 528 4924 sinunt
549 4859 772 4922 stantes
795 4866 1026 4935 io_serie
1051 4859 1300 4935 patricii.
1326 4861 1405 4918 Τὸ
1424 4859 1614 4935 μέρος,
1635 4877 1844 4930 versus,
1871 4879 1974 4934 pro

318 4939 395 5000 ὡς
424 4938 510 4994 vel
541 4937 679 5008 πρὸς
705 4935 769 4991 τὸ
805 4933 997 5008 μέρος,
1026 4933 1099 5008 (fit
1125 4933 1587 5008 plagamtempli.

388 5013 468 5082 (2)
491 5004 731 5064 Videtur
755 5004 891 5077 ergo
912 5022 1025 5082 non
1044 5004 1272 5082 licuisse
1295 5004 1540 5082 illis,qui
1561 5005 1714 5082 toros
1736 5019 1976 5082 corpore

316 5076 625 5156 gererent,
657 5076 872 5156 vestem
919 5076 1240 5156 principem
1282 5078 1540 5156 virorum
1585 5080 1642 5129 et
1682 5077 1976 5156 majestati

317 5146 474 5225 pene
507 5146 740 5226 tantum
772 5146 950 5226 atque
999 5147 1280 5226 patriciis
1306 5148 1624 5226 propriam,
1655 5161 1843 5226 genua
1872 5146 1975 5226 ilc-

320 5216 502 5288 ctere,
538 5225 641 5276 aut
671 5220 835 5276 humi
853 5216 1185 5291 procidere.
1218 5217 1320 5291 Vir
1348 5216 1695 5291 doetus,_qui
1722 5216 1778 5291 in
1807 5216 1977 5291 ltela-

324 5296 586 5352 tionibus
608 5288 1169 5363 Gottingensibusde
1191 5289 1376 5363 primo
1403 5288 1584 5363 nostri
1603 5289 1795 5363 operis
1821 5288 1978 5363 volu-

321 5368 483 5423 mine
506 5358 888 5436 judicium'et
920 5358 1206 5436 indicium
1231 5358 1414 5436 dedit,
1443 5359 1810 5436 productoin
1851 5360 1978 5416 aliis

324 5440 435 5512 hoc
454 5429 688 5512 quoque
710 5434 858 5512 loco,
875 5449 1114 5490 causam
1131 5432 1187 5486 in
1212 5431 1410 5512 addita
1426 5429 1628 5512 notula
1647 5431 1832 5484 edidit
1851 5447 1980 5500 quae

321 5507 558 5580 quidem
581 5507 688 5562 sibi
714 5507 1000 5572 videatur,
1038 5520 1222 5580 quare
1248 5507 1488 5574 patricia
1511 5507 1667 5580 goste
1692 5517 1980 5580 non_pro-_-

318 5571 544 5656 uiderit,
580 5581 757 5656 lorum
774 5585 830 5633 et
863 5571 1202 5656 propol‘oma
1237 5571 1642 5656 gerens..Qui,’-l
1666 5571 1745 5656 si,
1782 5573 1882 5656 ait,
1916 5573 1978 5626 ob

323 5653 381 5708 ίιι
417 5647 592 5726 ipsum
623 5649 772 5726 datae
804 5647 1518 5726 veiles'rigidieprimariis
1546 5647 1793 5726 feminis,
1826 5654 1892 5726 ut
1915 5659 1983 5726 {re

327 5715 535 5794 possint
567 5720 808 5792 quidem,
830 5721 935 5776 etsi
969 5720 1153 5776 oblitae
1191 5717 1478 5790 dignitatis
1503 5716 1720 5782 vellent,
1753 5731 1808 5770 se
1836 5715 1977 5781 abii-

647 5847 912 5910 Ρλτκοι.
959 5850 1074 5909 Ga.
1120 5846 1302 5912 CXII.

2085 4860 2258 4929 cujus
2283 4857 2494 4912 nomen
2519 4857 2874 4927 ignoramus,
2891 4858 2934 4929 si
2960 4859 3031 4911 ab
3044 4860 3169 4926 ejus
3191 4858 3734 4914 sententiadiscedi-

2087 4925 2215 4986 mus
2237 4925 2715 5000 proﬁtemurque,
2737 4925 3040 4983 subtiliora
3060 4937 3116 5000 et
3137 4929 3467 4999 quassitiora
3488 4946 3557 4984 ea
3578 4944 3728 4994 esse,

2087 4999 2264 5074 quam
2305 5001 2561 5074 veriora._
2590 5004 2658 5054 Ut
2706 5000 2925 5074 diebus,
2965 4999 3123 5054 testis
3173 5008 3229 5054 et
3265 5001 3604 5068 Dominicis,
3657 5002 3731 5056 ob

2090 5070 2373 5143 temporis
2404 5070 2762 5143 religionem,
2801 5071 3061 5143 codicem
3091 5087 3315 5125 sacrum
3350 5079 3448 5127 aut
3479 5088 3727 5140 crucem,

2086 5151 2188 5199 aut
2216 5141 2550 5214 symbolum
2586 5142 2866 5214 ﬁdei,aut
2887 5159 2984 5196 vas
3015 5141 3250 5212 aliquod
3287 5158 3516 5197 sacrum
3554 5158 3728 5197 manu

2088 5213 2454 5284 gestantibus
2477 5213 2872 5284 ingeniculare
2891 5230 3004 5268 non
3041 5214 3249 5270 licebat
3265 5215 3337 5268 ob
3368 5215 3728 5282 majestatem

2088 5294 2144 5342 et
2176 5286 2554 5342 reverentiam
2593 5286 2826 5340 habitus
2858 5285 3274 5356 gestaminisve
3303 5285 3414 5352 sui,
3447 5285 3532 5340 sic
3563 5291 3733 5340 tantis

2086 5358 2481 5413 venerationis
2530 5360 2588 5411 et
2636 5357 2998 5412 auctoritatis
3043 5360 3168 5410 erat
3218 5356 3432 5423 lorum,
3473 5361 3732 5412 veterum

2089 5431 2298 5484 trabeae
2321 5429 2537 5499 imago,
2555 5434 2617 5482 ut
2637 5429 2738 5498 qui
2763 5444 2890 5483 eam
2917 5443 3154 5498 corpore
3171 5433 3416 5499 gereret,
3432 5434 3734 5498 exemptus

2088 5507 2244 5556 esset
2275 5498 2617 5571 necessitate
2650 5517 2706 5554 in
2739 5499 3009 5571 gentibus
3040 5498 3343 5553 adorandi.

2158 5571 2236 5641 (3)
2258 5571 2333 5626 M.
2369 5577 2496 5634 post
2519 5570 2574 5624 b.
2598 5587 2648 5624 v.
2678 5568 2830 5627 recte
2853 5571 3262 5642 distinguunt;
3287 5568 3736 5640 subintelligitur

2089 5640 2241 5698 enim
2275 5645 2585 5713 προσκυνεῖ,
2613 5660 2644 5695 a
2675 5640 2970 5696 communi
3006 5640 3339 5712 rﬁpctitum.

3340 5838 3411 5897 17
