4158 6212
430 368 551 426 523

1481 355 2011 419 CONSTANTINI
2055 356 2757 425 PORPHYROGENITI

3713 369 3833 430 524

432 505 499 559 τὰ
554 502 756 577 γόνατα
808 504 916 555 τῶν
977 495 1270 563 δεσποτῶν,
1317 493 1408 549 καὶ
1474 493 1865 568 ἀπευχαριστεῖ
1928 497 2046 555 τοῖς
2105 490 2409 556 δεσπόταις.
2468 497 2566 550 Καὶ
2613 498 2751 553 νεύει
2811 500 2838 552 6
2892 496 3145 573 βασιλεὺς
3203 502 3285 571 τῷ
3342 500 3697 573 πραιποσίτῳ
3753 507 3832 575 τῷ

431 595 624 648 ἑστῶτι
682 591 761 656 είς
814 591 875 645 τὸ
904 586 1139 662 πλαγίον
1184 589 1282 641 τοῦ
1340 584 1581 654 σέντζου,
1639 582 1736 638 κᾶν
1797 603 1855 638 τε
1899 583 2262 659 πριμικήριος
2320 584 2487 660 τύχῃ,
2548 584 2671 641 ἄνευ
2737 593 2834 643 τοῦ
2892 593 3222 663 κρατοῦντος
3278 589 3379 657 τὴν
3441 591 3681 661 ζωστὴν,
3741 592 3831 646 καὶ

432 681 619 746 λέγει·
654 704 679 735 ε
714 679 1029 735 Κελεύσατε.
1066 702 1094 730 ››

506 773 599 827 Ill.
618 772 828 827 Fausta
848 772 1215 841 apprecatus,
1231 770 1466 822 senatus
1485 779 1717 836 unaque
1728 766 1885 820 zoste
1905 778 2063 833 egre-

2248 764 2317 818 l".
2369 765 2470 820 Καὶ
2530 762 2816 840 ἐπεύχεται
2876 768 2909 835 ἡ
2980 765 3293 841 σύγκλητος
3359 768 3450 822 καὶ
3526 767 3831 844 ἐξέρχεται,

432 862 606 928 ditur,
642 861 813 932 cujus
849 858 1081 915 tabulas
1108 856 1463 914 silentiarius
1487 855 1718 927 accipit,
1755 861 1807 911 et
1838 854 1909 909 ad
1938 852 2067 908 lau-

430 952 654 1007 siacum
685 950 743 1006 in
776 949 1059 1021 obsequio
1099 945 1551 1004 silentiariorum
1582 953 1635 1001 et
1683 942 2071 1001 cubiculario-

430 1057 583 1106 rum,
602 1040 827 1095 tunicas
848 1039 1013 1095 albas
1035 1037 1415 1110 gestantium,
1434 1036 1504 1091 ad
1544 1034 1804 1105 tropicen
1828 1031 2069 1089 lausiaci

429 1132 571 1203 abit,
610 1148 715 1188 nec
737 1148 824 1199 eo,
850 1131 949 1186 ubi
983 1129 1273 1203 processio
1305 1131 1413 1198 est,
1446 1127 1546 1183 sed
1586 1126 1659 1181 ad
1688 1129 1905 1182 erotem
1940 1139 2070 1195 per-

431 1222 679 1293 gens,ad
700 1220 853 1276 latus
879 1235 1207 1293 magnaurte
1228 1222 1399 1288 atque
1440 1215 1513 1272 ad
1552 1214 1838 1288 porticum
1870 1212 2071 1269 candi-

428 1313 725 1378 datorum,
757 1310 828 1365 ad
862 1308 1138 1365 excubias
1172 1320 1389 1379 perque
1430 1305 1661 1361 scholas
1691 1304 1870 1369 venit,
1913 1302 2012 1357 ubi
2040 1316 2073 1354 a

431 1398 799 1466 factionibus,
833 1402 893 1452 ut
927 1396 1173 1469 patricii,
1199 1394 1503 1466 excipitur,
1533 1392 1797 1449 libellum
1839 1406 2073 1463 quoque

431 1508 462 1545 a
506 1488 757 1544 tribunis
802 1485 1034 1557 accipit,
1068 1489 1143 1552 et,
1192 1488 1257 1540 ut
1307 1498 1432 1539 mos
1466 1486 1577 1550 est,
1627 1482 1737 1553 ipsi
1789 1478 2073 1536 factiones

433 1578 777 1634 acclamant.
797 1576 933 1633 Abit
963 1579 1164 1647 postea
1196 1588 1297 1644 per
1316 1574 1551 1644 chytum
1579 1570 1809 1627 chalces
1841 1571 1910 1625 ad
1939 1583 2072 1625 san-

410 1698 413 1701 -
434 1672 593 1723 ctum
606 1672 872 1740 puteum,
886 1664 1206 1734 ingreditur
1223 1661 1497 1732 templum
1515 1658 2073 1731 sacrasquejanuas,

433 1758 536 1814 ubi
564 1755 983 1813 antimensium
1015 1753 1268 1825 positum
1301 1756 1390 1806 est
1417 1768 1427 1805 :
1484 1750 1810 1822 patriarcha
1840 1748 1912 1804 ab
1943 1764 2075 1804 ora-

433 1848 581 1905 torio
634 1848 947 1919 egreditur,
1010 1860 1247 1900 sumens
1312 1843 1441 1912 ejus
1496 1839 1745 1911 tabulas,
1803 1855 1949 1912 quas
2013 1838 2073 1893 in

436 1936 786 1994 antimensio
818 1933 1065 2007 reponit,
1099 1947 1433 2005 precesque,
1465 1937 1528 1985 ut
1575 1945 1749 2001 super
1792 1926 2074 2001 patriciis,

436 2028 650 2083 recitat.
675 2027 758 2081 Ad
791 2023 1089 2081 ecclesiam
1123 2036 1391 2094 proceres
1421 2023 1478 2075 et
1498 2018 1732 2092 reliquas
1767 2017 2075 2089 dignitates

435 2131 555 2171 una
592 2114 782 2185 ipsum
823 2112 1194 2177 comitantur,
1246 2108 1610 2180 peractisque
1669 2125 1702 2163 a
1748 2104 2077 2179 patriarcha

434 2205 726 2276 precibus,
753 2199 1095 2259 cubicularii
1117 2204 1173 2255 et
1193 2196 1499 2255 silentiarii
1528 2198 1599 2253 ad
1627 2196 1993 2253 metatorium
2016 2194 2076 2249 in

434 2292 756 2348 triclinium
778 2291 1117 2346 Thomaltes
1140 2287 1358 2343 dictum
1384 2286 1700 2354 deducunt,
1716 2301 1933 2358 perque
1956 2300 2081 2357 por-

433 2382 587 2438 ticus
634 2384 1035 2445 transeuntes,
1093 2378 1253 2433 intus
1302 2381 1477 2433 stant.
1523 2376 1793 2431 Proceres
1834 2391 1965 2431 vero
2015 2389 2081 2429 ac

433 2471 619 2527 ceteri
644 2472 715 2527 ab
738 2470 981 2527 ecclesia
1011 2467 1343 2535 discedunt,
1371 2466 1622 2537 patricias
1647 2469 1704 2519 et
1725 2464 2083 2535 strategissm

435 2559 847 2615 consistorium
881 2557 941 2612 in
981 2555 1231 2610 triclinio
1282 2568 1636 2622 magnaurae,
1679 2562 1877 2607 zosten
1927 2551 2080 2606 exci-

436 2646 679 2716 pientes,
706 2645 1085 2700 constituunt.
1110 2642 1243 2705 Quae
1267 2657 1401 2695 cum
1430 2657 1496 2696 eo
1538 2642 1805 2710 pervenit,
1832 2657 1865 2695 a
1894 2640 2081 2710 capite

435 2738 590 2792 inter
621 2735 887 2809 patricias
920 2734 1113 2790 media
1145 2732 1544 2801 constituitur,
1578 2747 1809 2804 unaque
1838 2742 1895 2788 et
1937 2732 2079 2787 item

436 2826 618 2881 altera
642 2824 1003 2897 procidentes
1026 2824 1085 2878 in
1107 2837 1315 2893 genus,
1340 2820 1662 2887 sportulam
1695 2821 1764 2875 ab
1795 2820 1894 2875 illa
1923 2820 2080 2875 acci-

436 2914 621 2985 piunt,
654 2912 899 2986 singulas
937 2910 1158 2968 scilicet
1198 2925 1471 2964 nummos
1512 2908 1600 2975 VI,
1635 2912 1690 2963 et
1730 2909 1814 2964 sic
1840 2908 2077 2965 abeunt.

433 3002 707 3061 Similiter
755 3001 1101 3072 strategissas
1132 3015 1263 3056 eam
1302 2999 1568 3069 adorant,
1607 2997 1978 3070 dominisque
2025 3003 2083 3056 et

435 3100 710 3169 promota:
747 3092 939 3149 felicia
970 3096 1381 3165 apprecantur.
1406 3089 1619 3146 Deinde
1652 3089 1962 3146 discedunt
1985 3108 2082 3161 pa-

432 3185 633 3254 triciis,
649 3186 718 3240 ad
740 3180 1077 3239 cubicularii
1097 3197 1231 3237 cum
1255 3178 1591 3236 silentiariis
1610 3195 1734 3234 eam
1757 3180 2075 3251 excipiunt,

434 3280 595 3346 perte
612 3284 828 3331 erotem
846 3276 902 3328 et
925 3274 1207 3344 porticum
1225 3274 1571 3326 Sanctorum
1594 3270 1694 3324 XL
1711 3270 1766 3323 in
1793 3268 2077 3339 palatium

433 3365 681 3429 ducunt,
716 3364 868 3417 unde
910 3377 1009 3432 per
1058 3358 1341 3415 solarium
1388 3357 1838 3430 chrysotriclinii
1886 3366 2075 3413 trans~

431 3452 580 3519 iens,
628 3449 877 3521 pharum
926 3448 1125 3514 intrat,
1170 3451 1227 3502 et
1283 3444 1469 3501 felicia
1518 3444 1770 3500 dominis
1824 3451 2076 3516 precata,

2180 852 2547 932 συνεξέρχεται
2602 851 2658 909 δὲ
2714 856 2802 909 καὶ
2860 858 2894 925 ἡ
2936 858 3226 927 ζωσθεῖσα,
3268 858 3358 912 καὶ
3410 853 3685 931 λαμϐάνει
3732 861 3830 921 τὰς

2178 941 2389 1003 πλάκας
2448 943 2613 1013 αὐτῆς
2680 943 3059 1021 σιλεντιάριος,
3110 946 3199 1000 καὶ
3258 946 3537 1025 ἐξέρχεται
3607 947 3683 1011 εἷς
3767 949 3829 1004 τὸ

2180 1029 2496 1103 λαυσιακὸν,
2532 1034 2893 1107 ὀψικευομένη
2953 1035 3055 1089 ὑπὸ
3105 1033 3477 1111 σιλεντιαρίων
3534 1038 3623 1091 καὶ
3696 1059 3832 1092 κους

2182 1115 2549 1196 ϐικουλαρίων
2596 1124 2909 1199 φορούντων
2963 1122 3219 1199 χλανίδια
3272 1124 3461 1195 λευκὰ,
3520 1125 3607 1181 καὶ
3667 1127 3833 1202 ἀπέρ-

2185 1229 2339 1285 χεται
2397 1210 2483 1266 ἐπὶ
2540 1213 2642 1281 τὴν
2696 1215 2963 1288 τροπικήν
3040 1218 3137 1269 τοῦ
3204 1212 3527 1285 λαυσιακοῦ,
3588 1216 3677 1269 καὶ
3736 1214 3835 1270 οὐκ

2183 1298 2483 1375 ἐξέρχεται,
2542 1296 2661 1355 ἔνθα
2704 1301 2847 1358 ἐστὶν
2916 1304 2950 1372 ἡ
3006 1300 3357 1378 προέλευσις⁹
3417 1302 3547 1360 ἀλλ’
3610 1303 3696 1359 ἐπὶ
3744 1306 3836 1360 τὸν

2184 1384 2377 1461 ἔρωτα,
2436 1390 2524 1443 καὶ
2610 1385 2841 1446 ἐκϐαίνει
2904 1390 2988 1447 ἰπὶ
3062 1392 3124 1447 τὸ
3185 1391 3418 1465 πλαγίον
3472 1398 3576 1463 τῆς
3638 1394 3839 1467 μαναύ-

2184 1496 2301 1552 ρας,
2334 1480 2423 1533 καὶ
2482 1478 2569 1533 ἐπὶ
2622 1480 2711 1534 τὸν
2757 1480 3013 1556 μάκρωνα
3070 1485 3180 1536 τῶν
3239 1479 3573 1537 κανδιδάτων
3637 1483 3713 1545 είς
3771 1485 3837 1539 τὰ

2184 1562 2467 1636 ἐξκούόιτα
2508 1568 2597 1623 καὶ
2640 1567 2727 1624 διὰ
2768 1574 2875 1625 τῶν
2918 1569 3169 1649 σχολῶν,
3198 1572 3289 1627 καὶ
3341 1569 3595 1647 δέχονται
3625 1572 3694 1628 τὰ
3738 1572 3836 1646 μέ-

2186 1676 2277 1731 ρη,
2318 1656 2395 1719 ὡς
2458 1656 2544 1712 ἐπὶ
2602 1662 2707 1713 τῶν
2752 1660 3075 1735 πατρικίων,
3109 1655 3375 1735 λαῦμάνει
3420 1660 3508 1716 καὶ
3563 1658 3832 1717 λιόεΛλά-

2185 1766 2299 1819 ριον
2328 1746 2473 1823 παρὰ
2501 1752 2607 1801 τῶν
2641 1744 2968 1825 δημάρχων,
2994 1748 3083 1805 καὶ
3138 1748 3498 1826 ἀκτολογοῦσι
3549 1750 3615 1805 τὰ
3662 1748 3833 1826 μέρη,

2186 1836 2262 1897 ὡς
2301 1838 2335 1905 ἡ
2370 1838 2626 1907 συνήθεια
2672 1834 2807 1912 ἔχει.
2870 1838 2969 1892 Καὶ
3018 1838 3317 1913 ἀπέρχεται
3357 1836 3446 1893 διὰ
3496 1842 3593 1894 τοῦ
3652 1842 3834 1918 χυτοῦ

2182 1933 2284 1995 τῆς
2332 1925 2551 2002 χαλκῆς
2597 1926 2672 1990 είς
2728 1929 2789 1983 τὸ
2850 1930 3004 2005 ἅγιον
3044 1935 3237 2005 φρέαρ,
3265 1928 3354 1984 καὶ
3414 1928 3721 2008 είσέρχεται
3782 1928 3835 1983 ἐν

2182 2019 2261 2086 τῷ
2298 2020 2412 2087 ναῷ
2469 2015 2545 2078 είς
2584 2018 2651 2072 τὰ
2691 2018 2820 2093 ἅγια
2868 2017 3044 2093 (inpia,
3076 2013 3199 2073 ἔνθα
3258 2019 3539 2093 πρόκειται
3582 2018 3645 2073 τὸ
3702 2020 3839 2073 ἀντι-

2108 2140 2155 2205 B
2189 2104 2392 2205 μίσιον,
2444 2105 2555 2205 καὶ.
2588 2100 2823 2205 έκϐαίνει
2861 2107 2887 2161 6
2946 2107 3296 2205 n‘nrptd‘pxnc
3336 2108 3443 2162 ἀπὸ
3501 2110 3599 2163 τοῦ
3657 2118 3835 2171 θυσια-

2191 2192 2436 2267 στηρίου,
2469 2193 2558 2247 καὶ
2594 2191 2885 2268 [λαμϐάνει
2939 2195 3034 2258 τὰς
3094 2195 3307 2259 πλάκας
3360 2195 3552 2267 αὐτῆς,
3610 2195 3700 2251 καὶ
3756 2195 3839 2251 τί-

2191 2286 2345 2351 θησιν
2401 2283 2563 2345 αὐτὰς
2603 2282 2678 2347 εἶς
2732 2286 2794 2339 τὸ
2839 2284 3171 2358 ἀντιμίσιον,
3202 2284 3295 2340 καὶ
3328 2292 3477 2341 ποιεῖ
3532 2286 3729 2360 εὐχήν,
3764 2285 3838 2346 ὡς

2191 2370 2277 2426 ἐπὶ
2329 2372 2439 2427 τῶν
2480 2374 2798 2447 πατρικίων.
2852 2374 3274 2448 Συνοψικεῦουσι
3335 2372 3393 2429 δὲ
3451 2374 3619 2444 αὐτὴν
3673 2374 3837 2450 μέχρι

2188 2468 2289 2530 τῆς
2320 2458 2614 2532 ἔκκλησίας
2662 2463 2751 2516 καὶ
2785 2464 2835 2517 οἱ
2866 2463 3225 2538 ἀξιωματικοῖ
3277 2464 3368 2519 καί
3401 2465 3453 2518 οἱ
3494 2463 3682 2519 λοιποὶ
3730 2467 3839 2517 τῶν

2190 2550 2513 2622 ἀξιωμάτων
2546 2553 2643 2625 (4),
2676 2554 2763 2606 καὶ
2807 2552 2933 2607 ὅταν
2994 2552 3382 2628 συμπληρώσῃ
3437 2555 3537 2623 τήν
3596 2552 3763 2628 εὐχὴν
3814 2551 3841 2606 6

2190 2640 2555 2717 πατριάρχης,
2633 2640 2943 2718 ἔπαίρουσιν
3020 2646 3186 2714 αὐτὴν
3263 2646 3313 2699 οἱ
3382 2639 3837 2718 κουϐικουλάριοι

2190 2730 2280 2783 καὶ
2344 2731 2395 2784 οἱ
2448 2729 2950 2806 σιλεντιαριοι,καῖ
3000 2734 3357 2813 ἀναφέρουσιν
3416 2734 3584 2802 αὐτὴν
3647 2733 3722 2794 εἰς
3779 2732 3842 2787 τὸ

2195 2820 2541 2894 μητατώριον
2600 2820 2687 2876 ἐπὶ
2737 2822 2826 2876 τὸν
2870 2821 3166 2896 Θωμαίτην
3200 2824 3270 2859 ’τῖ’
3299 2825 3397 2897 (5),
3420 2821 3510 2877 καὶ
3549 2823 3613 2878 τὰ
3658 2815 3849 2876 διαϐα-

2189 2908 2313 2961 τικὰ
2343 2908 2754 2985 ἀναχωροῦντες
2796 2909 2991 2975 ἔσωθεν
3039 2912 3246 2966 ἱστᾶσιν
3277 2912 3345 2969 ⁷⁷.
3386 2912 3453 2968 Οἱ
3489 2909 3545 2967 δὲ
3604 2911 3847 2983 ἀξιωμα-

2187 2998 2331 3051 τικοὶ
2370 2999 2458 3052 καὶ
2491 2999 2543 3053 οἱ
2575 2996 2768 3053 λοιποὶ
2801 3000 3178 3077 ἀναχωροῦσιν
3211 3000 3318 3056 ἀπὸ
3364 3006 3463 3069 τῆς
3521 2998 3843 3069 ἐκκλησίας,

2189 3085 2244 3139 αἱ
2277 3082 2332 3140 δὲ
2388 3089 2667 3161 πατρίκιαι
2724 3089 2813 3143 καὶ
2862 3090 2917 3143 αἱ
2976 3091 3367 3165 στρατήγισσαι
3421 3086 3663 3144 ’ίστανται
3720 3110 3844 3144 κον-

2189 3176 2476 3250 σισ-τώριον
2533 3178 2609 3241 είς
2658 3178 2750 3232 τὸν
2784 3176 3062 3254 τρίκλινον
3092 3179 3140 3216 ’³⁸
3190 3186 3293 3248 τῆς
3346 3178 3666 3254 μανναύρας,
3698 3177 3845 3233 ἐκδε-

2188 3266 2417 3338 χόμεναι
2477 3266 2577 3335 τὴν
2634 3269 2947 3335 ζωσθεῖσαν.
2998 3269 3101 3324 Καὶ
3164 3267 3255 3323 ὅτε
3310 3266 3483 3345 φθάσῃ
3512 3267 3579 3337 ⁷⁸,
3626 3265 3849 3322 ’ίσταται

2187 3354 2323 3408 κατὰ
2370 3354 2611 3436 κεφαλῆς
2661 3355 2762 3409 ἆνά
2838 3355 2997 3429 μέσον
3053 3358 3130 3431 (6)
3190 3360 3294 3411 νῶν
3379 3357 3701 3432 πατρικίων,
3752 3357 3844 3413 καὶ

2189 3442 2482 3519 ἀπέρχεται
2538 3443 2634 3517 μία
2714 3446 2812 3518 μία
2887 3450 3268 3520 προσκυνοῦσα
3334 3446 3424 3502 καὶ
3484 3442 3846 3520 λαμϐάνουσα

437 3542 497 3592 in
531 3536 884 3594 antimensio
923 3550 1200 3591 nummos
1241 3533 1345 3589 XII
1394 3533 1640 3605 reponit,
1686 3538 1741 3589 et
1778 3534 1955 3589 cereis
1984 3552 2075 3590 ac-

2193 3531 2497 3606 σπόρτυλον
2553 3534 2680 3605 παρ’
2730 3532 2919 3605 αὐτῆς,
2971 3530 3168 3610 ἔχοντα
3239 3533 3339 3591 ἀνὰ
3404 3536 3717 3610 νομίσματα
3778 3542 3843 3605 ς’,

435 3627 647 3694 censis,
672 3626 745 3682 ad
767 3627 917 3681 aedes
953 3641 1089 3681 suas
1110 3624 1281 3681 redit.
1320 3624 1607 3679 Caeterum
1644 3622 2077 3680 observandum

432 3721 541 3781 est,
577 3716 740 3772 festis
778 3716 1004 3782 diebus,
1038 3712 1339 3770 Dominica
1383 3728 1611 3785 pagana
1652 3721 1908 3785 excepta,
1944 3731 2074 3784 pro-

431 3807 751 3863 motionem
793 3804 1013 3861 nullam
1039 3804 1285 3860 institui.

2185 3620 2427 3693 Ὁμοίως
2482 3619 2571 3676 καὶ
2648 3622 2700 3675 αὶ
2758 3625 3147 3700 στρατήγισσαι
3206 3624 3595 3700 προσκυνοῦσιν
3648 3623 3841 3695 αὐτὴν,

2184 3712 2273 3767 καὶ
2304 3710 2625 3787 ἔπεύχονται
2684 3719 2803 3777 τοῖς
2862 3712 3171 3787 δεσπόταις,
3203 3717 3294 3771 καὶ
3344 3720 3440 3786 τήν
3495 3711 3839 3792 προϐληθεῖ-

2185 3824 2301 3864 σαν.
2337 3803 2433 3859 Καὶ
2492 3804 2869 3881 ἀναχωροῦσιν
2920 3809 2973 3862 αἱ
3023 3808 3331 3884 πατρίλιαι,
3372 3808 3461 3864 καὶ
3520 3805 3843 3885 ἐπαίρουσιν

433 3894 600 3963 αὐτὴν
658 3894 708 3949 οἱ
763 3887 1211 3967 κουϐικουλάριοι
1287 3892 1374 3946 καὶ
1435 3890 1487 3947 οἳ
1545 3890 1923 3967 σιλεντιάριοι,
1981 3892 2071 3949 καὶ
2132 3892 2469 3969 εἰσφέρουσιν
2529 3893 2694 3964 αὐτὴν
2752 3893 2802 3949 ἐν
2852 3900 2932 3969 τῷ
2992 3895 3244 3971 παλατίῳ
3303 3894 3390 3952 διὰ
3466 3902 3563 3952 τοῦ
3635 3893 3842 3973 ἔρωτος

430 3984 518 4038 καὶ
575 3988 683 4039 τῶν
740 3978 1069 4039 διαϐατικῶν
1126 3986 1233 4038 τῶν
1266 3982 1463 4058 Ἁγίων
1526 3983 1604 4056 μ’,
1636 3983 1726 4038 καὶ
1784 3981 2067 4039 ἐπικύπτει
2117 3986 2178 4039 τὸ
2226 3985 2456 4053 ἡλιακὸν
2514 3989 2615 4040 τοῦ
2654 3985 3134 4064 χρυσοτρικλίνου,
3169 3988 3256 4043 καὶ
3291 3987 3592 4063 εἰσέρχεται
3626 3986 3702 4049 είς
3751 3987 3844 4042 τὸν

430 4076 620 4152 φάρον,
662 4075 937 4152 εὐχομένη
988 4080 1107 4134 τοῖς
1147 4070 1432 4137 δεσπόταις
1480 4076 1569 4129 καὶ
1638 4076 1780 4129 τίθεῖ
1837 4075 2143 4150 σπόρτυΛον
2199 4074 2509 4149 νομίσματα
2556 4076 2626 4150 ιβ’
2656 4077 2731 4140 είς
2790 4079 2851 4132 τὸ
2906 4078 3238 4152 ἆντιμίσιον,
3282 4080 3369 4133 καὶ
3422 4076 3579 4133 ἅπτει
3632 4079 3841 4151 κηροὺς

426 4169 514 4222 καὶ
569 4164 845 4244 ἐξέρχεται
906 4169 983 4231 είς
1037 4168 1099 4221 τὸ
1174 4163 1395 4222 κελλίον
1469 4165 1659 4235 αὐτῆς.
1723 4166 1844 4239 Χρή
1914 4165 1971 4221 δὲ
2025 4167 2331 4241 γινώσκειν,
2386 4166 2471 4222 ὅτι
2528 4165 2581 4221 ὲν
2646 4169 2807 4243 ἑορτῇ
2850 4166 2912 4223 οὐ
2957 4168 3185 4244 γίνεται,
3242 4168 3289 4225 εἲ
3343 4170 3419 4243 μὴ
3478 4169 3528 4224 ἐν
3590 4171 3837 4243 Κυριακῇ

424 4261 664 4332 παγανῇ.

976 4346 1130 4403 158
1163 4343 1391 4400 CAPUT
1433 4345 1516 4400 LI.

667 4438 1015 4495 Obseruando
1044 4437 1105 4491 in
1128 4436 1477 4506 promotione
1514 4433 1825 4505 praepositi.

496 4603 537 4657 Ι.
574 4605 635 4658 In
669 4602 762 4657 die
788 4597 1128 4656 mutationis
1159 4596 1432 4667 vestium,
1456 4598 1688 4667 quando
1718 4594 1939 4651 domini
1969 4612 2063 4652 se-

2781 4352 3037 4407 ΚΕΦΔΛ.
3082 4349 3218 4407 ΝᾹ’.

2174 4437 2314 4493 Ὅσα
2370 4434 2453 4491 δεῖ
2523 4436 2964 4567 παραφυλάττεινὶ
3046 4440 3133 4495 ἐπὶ
3218 4445 3517 4515 προαγωγῇ
3598 4458 3833 4513 πραιποο

2911 4532 3085 4567 στου.

2911 4532 3085 4572 σιτου.

2245 4600 2320 4655 A'.
2347 4598 2432 4653 Ἑν
2460 4598 2638 4673 ἡμέρᾳ
2667 4597 3117 4675 ἀλλαξίμων,ὅτε
3145 4600 3460 4656 κελεύουσιν
3486 4600 3536 4655 οἱ
3568 4597 3832 4655 δεσπόται

422 4697 641 4749 cretum
662 4691 720 4747 in
755 4688 1127 4762 processione
1153 4685 1659 4757 exciperejubent,
1693 4688 1927 4740 mutant
1948 4684 2060 4758 ipsi

2187 4683 2409 4757 ίέξασθαι
2478 4689 2726 4763 σέκρετον
2800 4688 2887 4745 ἐπὶ
2945 4689 3288 4765 προελεύσει,
3348 4688 3713 4745 ἀλλάσσουσιν
3775 4687 3831 4742 οἳ

1770 4828 2008 4886 νΑιιιίΕ
2057 4827 2477 4891 LECTIONES.

489 4968 626 5042 ’Πτὸ
676 4962 987 5042 Θωμαίτιον
1045 4964 1135 5021 ed.
1213 4960 1278 4997 ’τ’
1313 4955 1509 5026 ἔσωθεν
1552 4958 1726 5014 ἴστᾶσι
1766 4960 1979 5031 Leich.,
2012 4958 2203 5032 ἔξωθεν
2251 4959 2357 5019 ἔσω
2406 4965 2561 5038 conj.
2596 4964 2659 5022 Β.
2713 4963 2908 5024 ἔσωθεν
2950 4963 3056 5024 ἔσω
3107 4968 3233 5027 cod.
3311 4964 3355 5004 ’⁷⁸
3406 4965 3469 5022 τὸ
3522 4964 3703 5042 τρίκλ.
3731 4965 3827 5026 0d.

418 5040 465 5077 τ’
495 5040 683 5115 φθάσει
712 5040 840 5096 cod.

1475 5158 1669 5216 JOAN.
1694 5158 1842 5216 ΠΛΟ.
1872 5159 2131 5218 REISKII
2161 5162 2758 5223 COMMENTARIUS.

409 5311 490 5436 $4)
523 5308 773 5375 Quinam
812 5304 1045 5389 hi'sint,
1068 5309 1120 5360 et
1161 5302 1262 5376 qui
1302 5299 1513 5358 diversi
1558 5302 1630 5357 ab
1667 5299 2053 5375 axiomaticis,

434 5386 588 5435 ateor
621 5395 712 5433 me
744 5392 989 5433 nescire.

434 5377 588 5435 “ateor
621 5395 712 5433 me
744 5377 989 5433 nescire.

483 5448 912 5521 (5)Tbomaites
943 5449 1061 5503 erat
1082 5444 1525 5521 tricliniumseu
1558 5444 2053 5521 palatiumypatri-

411 5516 618 5588 arch'aa,
636 5522 694 5575 in
722 5524 840 5576 foro
861 5522 1129 5587 Augustae
1152 5516 1461 5582 situm,ubi
1485 5516 1827 5588 patriarchae
1852 5516 2056 5575 biblio-

2167 5304 2325 5360 idem
2362 5305 2549 5381 valere
2588 5311 2762 5381 atque
2803 5306 2855 5362 tv
2896 5310 2975 5380 τῷ
3020 5310 3226 5381 χορῷς
3261 5306 3518 5381 consistit
3548 5303 3830 5381 prim_o_et

2169 5328 2325 5360 metu
2363 5328 2549 5363 valere
2588 5328 2762 5380 atque
2803 5328 2855 5362 εν
2896 5328 2975 5380 τῳ

2169 5392 2445 5451 supremo
2484 5377 2611 5436 loco
2642 5380 2794 5436 inter
2838 5328 3061 5451 patricii

3047 5375 3134 5449 bs,
3160 5375 3230 5437 in
3270 5378 3510 5449 collegio
3552 5375 3832 5449 patricio-

2166 5443 2316 5525 rufn.
2344 5443 2895 5525 Δ,ΑΙίιὶεμίξοηεὶεῐθιῖο
2935 5443 3237 5525 nequeunt
3284 5443 3447 5504 κατῖ
3477 5443 3830 5525 κειῇαλῆςρι

2164 5518 2264 5573 ἆνᾶ
2296 5517 2476 5591 μέσον.
2518 5521 2642 5578 Nisi
2681 5524 2825 5579 forte
2869 5517 3333 5579 dicas-collatam
3376 5538 3501 5578 eam
3532 5517 3592 5575 in
3626 5518 3826 5591 medio

409 5596 578 5650 theca
615 5597 771 5665 erat;
806 5591 921 5665 vid.
965 5589 1276 5665 Du_Cange
1307 5589 1376 5644 ad
1416 5588 1707 5665 Silentiar.
1736 5606 1790 5662 p.
1835 5589 1961 5661 540,
1997 5596 2053 5647 et
2163 5588 2480 5665 fuisse,sed
2504 5600 2667 5651 extra
2695 5595 2906 5651 seriem
2932 5593 3338 5665 patriciorum,
3364 5600 3428 5648 ut
3450 5593 3559 5648 hos
3582 5592 3650 5647 ad
3680 5590 3826 5665 dex-

407 5667 533 5731 CPl.
569 5664 800 5727 Cbrist.,
834 5663 977 5719 Item
1010 5659 1327 5717 Rhamnus.
1361 5676 1418 5731 p.
1448 5659 1539 5713 92.

476 5740 557 5809 (6)
578 5737 700 5793 Non
722 5740 907 5809 potest
929 5734 1019 5790 hic
1059 5732 1165 5790 loci
1196 5734 1253 5787 in
1282 5732 1468 5787 medio
1499 5736 1715 5797 notare,
1751 5733 1853 5787 sed
1883 5732 2049 5789 debet

2162 5668 2337 5787 tirsaBm,
2360 5664 2501 5721 alios
2522 5666 2591 5722 ad
2617 5666 2917 5723 sinistram
2933 5662 3097 5736 'pone
3120 5680 3182 5721 se
3218 5664 3493 5723 habuerit
3520 5680 3533 5733 ;
3563 5662 3718 5720 conf.
3756 5665 3823 5718 P.
