4158 6212
392 335 507 392 527

390 464 759 538 praepositus,
788 472 924 527 sago
956 453 1131 508 rubro
1171 446 1383 511 induit,
1414 444 1731 514 statimque
1762 439 2025 497 silentia-

390 530 541 610 rium
565 551 635 605 ad
652 543 1086 604 eonvocandum
1110 551 1338 593 omnem
1354 532 1602 591 civitatis
1620 530 2028 603 magistratum

389 642 445 696 in
469 633 871 695 consistorium
892 630 1089 697 mittit,
1109 625 1453 699 praapositus
1476 637 1609 677 cum
1638 620 1904 692 praefecto
1928 632 2029 687 per

387 727 709 784 lausiacum
740 730 791 779 et
822 718 1005 776 scalas
1038 730 1253 787 perque
1278 714 1539 783 januam,
1572 724 1697 780 quas
1722 707 1791 762 ad
1821 706 2024 760 ﬁscum

388 818 672 889 privatum
695 811 875 875 ducit,
899 803 1473 877 egreditur,indeque
1494 814 1626 855 eum
1655 796 2024 868 processione

386 883 486 980 per
507 904 792 978 porticum
810 897 1138 970 etapsidem
1154 909 1338 965 usque
1353 890 1425 947 ad
1438 896 1779 960 augusteum
1796 883 2021 951 transit,

384 977 481 1051 ubi
517 1000 749 1063 uterque
794 991 1153 1058 exspectans,
1204 983 1342 1037 dum
1384 979 1765 1051 magistratus
1812 977 2024 1046 ριέθδῐο

383 1081 719 1151 sit,assidet.
732 1074 1047 1132 Silentiarii
1064 1088 1194 1127 vero
1206 1069 1576 1126 advenientes
1590 1070 1648 1120 et
1662 1065 2021 1128 nuntiantes,

382 1171 777 1243 magistratum
810 1165 866 1219 in
887 1160 1233 1219 consistorio
1259 1159 1480 1225 adesse,
1509 1170 1717 1209 rursus
1742 1170 1774 1206 a
1802 1167 2023 1223 praepo-

380 1239 853 1318 sito'mandatum
871 1253 942 1306 de
965 1249 1307 1321 magistratu
1326 1246 1382 1301 in
1397 1242 1719 1315 onopodem
1739 1239 2024 1296 deducen-

377 1351 450 1405 do
480 1347 790 1419 accipiunt.
822 1343 988 1397 Tunc
1012 1336 1353 1409 praepositus
1388 1332 1717 1405 praefectum
1739 1328 1941 1395 sumit,
1966 1330 2024 1382 et

375 1418 648 1511 egressus
672 1449 735 1489 ex
756 1434 1056 1500 augusteo,
1085 1442 1183 1496 per
1203 1430 1437 1480 stenum
1460 1422 1693 1484 transit,
1720 1418 2021 1489 praefectus

375 1504 528 1582 in'tra
543 1529 769 1596 portam
783 1519 854 1574 ad
870 1515 1192 1587 onopodem
1210 1516 1240 1568 d
1253 1515 1519 1568 ucentem
1540 1511 1753 1573 manet,
1772 1522 1837 1561 ae
1860 1504 2019 1559 solus

374 1616 512 1683 exit,
543 1593 647 1669 ubi
688 1609 1068 1681 magistratus
1116 1608 1250 1666 stat,
1284 1599 1375 1655 cui
1426 1600 1499 1653 ab
1547 1598 1895 1667 imperatore
1948 1593 2020 1647 de

374 1682 644 1775 aequitate
674 1694 1089 1764 servandisque
1117 1690 1346 1762 legibus
1379 1693 1660 1759 praecepta
1688 1682 1884 1737 tradit.

1476 307 2004 373 CONSTANTINI
2048 300 2743 368 PORPHYROGENITI

2057 442 2107 505 Α
2140 434 2300 489 αὐτὸν
2355 434 2600 507 ὕπαρχον
2659 426 2899 489 πόλεως.
2960 450 2989 479 »ι
3048 420 3384 500 Παραλαϐὼν
3444 421 3502 478 δε
3545 423 3705 478 αὑτὸν
3758 425 3786 480 6

3672 294 3794 354 528

2139 520 2520 592 πραιπόσιτος,
2552 510 2878 592 περιϐάλλει
2918 512 3080 567 αὐτὸν
3124 509 3308 587 σαγίον
3360 511 3517 584 ῥοῆς,
3566 510 3657 564 καὶ
3699 509 3788 565 εὖ·

2129 610 2260 670 θέως
2317 604 2645 663 ἀποστέλλει
2692 602 3077 676 σιλεντιάριον,
3146 599 3623 673 προσκαλέσασθαι
3672 599 3772 667 τὴν

2131 695 2421 765 πολιτικήν
2504 694 2825 751 κατάστασιν
2877 692 3085 746 ἅπασαν
3147 687 3199 744 ἐν
3256 693 3338 761 τῷ
3394 689 3788 762 κονσιστωρίῳ,

2128 787 2218 841 καὶ
2250 786 2523 861 ἐξέρχεται
2555 786 2583 838 6
2615 782 2977 856 πραιπόσιτος
3032 780 3168 851 μετά
3222 783 3320 833 τοῦ
3381 778 3638 852 ὑπάρχου
3698 775 3789 832 διὰ

2131 881 2227 931 τοῦ
2261 875 2557 930 λαυσιακοῦ
2604 872 2693 927 καὶ
2753 875 2859 925 τῶν
2894 868 3134 924 σκαλίων
3157 869 3226 933 ⁸⁵,
3257 868 3345 922 καὶ
3376 866 3653 941 ἐξέρχεται
3688 864 3777 922 διὰ

2128 968 2225 1018 τοῦ
2257 962 2564 1037 μονοθύρου
2592 959 2689 1015 τοῖ’)
2720 954 2873 1021 ὄντος
2927 959 3003 1019 εἰς
3057 958 3118 1011 τὸ
3180 953 3405 1023 εἰδικὸν,
3436 956 3528 1010 καὶ
3572 954 3771 1011 ἐκεῖθεν

2132 1049 2581 1125 δηριγευόμενος,
2615 1046 2872 1104 διοδέύων
2915 1045 3003 1101 διά
3030 1051 3136 1101 τῶν
3190 1040 3516 1099 διαϐατικῶν
3558 1045 3648 1099 καὶ
3677 1052 3781 1113 τῆς

2128 1143 2345 1217 ἀψίδος,
2377 1144 2466 1198 καὶ
2517 1142 2819 1217 εἰσέρχεται
2846 1143 2892 1177 ⁸⁸
2935 1140 3102 1214 μέχρι
3153 1142 3249 1194 τοῦ
3298 1137 3662 1212 αὐγουστέως,
3693 1139 3785 1192 καὶ

2129 1236 2445 1302 καθέζονται
2504 1232 2806 1309 ἀμφότεροι
2855 1227 3049 1295 ἐκεῖσε,
3082 1226 3439 1301 ἐκδεχόμενοι
3493 1228 3693 1302 μέχρις
3725 1226 3784 1281 ἃν

2128 1316 2411 1395 καταλάϐῃ
2458 1322 2522 1375 τὸ
2571 1317 2900 1392 πολίτευμα.
2933 1319 3054 1374 Τῶν
3086 1314 3142 1372 δὲ
3182 1315 3559 1391 σιλεντιαρίων
3604 1312 3789 1371 ἐλθόν-

2125 1433 2232 1466 των
2291 1411 2382 1465 καὶ
2440 1407 2916 1484 ἀπαγγειλάντων,
2968 1407 3045 1471 ὡς
3090 1403 3175 1461 ὅτι
3235 1408 3465 1479 πάρεστι
3510 1407 3575 1460 τὸ
3624 1404 3789 1461 πολί-

2123 1520 2300 1572 τευμα
2343 1498 2394 1553 ἐν
2425 1503 2507 1570 τῷ
2537 1496 2934 1570 κονσιστωρίῳ,
2968 1490 3313 1566 λαμϐάνουσι
3349 1493 3517 1548 πάλιν
3548 1494 3601 1548 οἱ
3634 1492 3790 1549 αὑτοὶ

2126 1588 2476 1661 σιλεντιάριοι
2528 1586 2817 1660 πρόσταξιν
2864 1584 3010 1660 παρά
3064 1587 3163 1638 τοῦ
3219 1582 3584 1657 πραιποσίτου
3648 1585 3790 1658 πρὸς

2051 1664 2187 1731 Βτὸ
2237 1676 2530 1751 ἀπαγαγεῖν
2588 1674 2651 1728 τὸ
2702 1672 3009 1745 πολίτευμα
3060 1672 3135 1734 εἰς
3184 1672 3278 1726 τὸν
3333 1669 3590 1727 ὀνιῖποδα.
3644 1672 3790 1728 Τότε

376 1787 561 1847 λαϐὼν
596 1790 624 1843 6
679 1783 1038 1859 πραιπόσιτος
1094 1778 1186 1833 τὸν
1242 1777 1515 1850 ὕπαρχον,
1546 1771 1636 1826 καὶ
1694 1768 1926 1839 ἐξελθὼν
1986 1766 2092 1821 ἀπὸ
2144 1769 2244 1819 τοῦ
2302 1764 2663 1838 αύγουστέως,
2692 1761 2965 1837 διέρχεται
3016 1759 3103 1815 διὰ
3131 1766 3229 1815 τοῦ
3261 1765 3441 1817 στενοῦ
3478 1759 3567 1814 καὶ
3627 1761 3772 1833 μένει

374 1887 401 1937 δ
450 1881 695 1953 ὕπαρχος
751 1870 901 1930 ἔνδον
958 1878 1060 1939 τῆς
1112 1866 1293 1937 πύλης
1352 1848 1451 1934 τῆς
1510 1860 1802 1937 ἐξαγούσης
1859 1858 1996 1933 πρὸς
2038 1854 2130 1911 τδν
2192 1852 2438 1921 ὀνότοδα,
2474 1853 2750 1928 ἐξέρχεται
2794 1854 2839 1888 ⁸⁷
2896 1851 3078 1924 μόνος,
3110 1848 3235 1915 ἔνθα
3263 1849 3479 1905 ἵσταται
3519 1850 3581 1905 τὸ
3611 1849 3780 1906 πολί-

984 1959 997 1979 ’
1076 1963 1097 1974 υ

372 1990 566 2040 τευμα,
593 1966 683 2021 καὶ
743 1963 892 2038 λέγει
938 1963 1148 2027 αὐτοῖς,

445 2036 515 2113 II.
536 2036 670 2112 Fest
683 2056 790 2110 hoc
804 2036 1160 2120 colloquium
1179 2043 1526 2117 praepositus
1540 2036 2019 2095 cerimoniarium

364 2148 554 2218 jubet,
588 2145 777 2199 velum
810 2139 1031 2211 aperiat
1054 2136 1500 2206 praefectumque
1521 2129 1757 2184 advocet
1788 2142 1802 2181 :
1845 2139 2019 2196 quem

371 2247 669 2307 egressum
694 2226 1042 2302 praepositus
1064 2222 1281 2279 civitati
1316 2219 1648 2291 praefectum
1674 2218 2021 2287 patremque

371 2304 531 2379 urbis
560 2320 764 2377 tradit.
800 2321 1005 2372 Postea
1022 2311 1368 2385 prapositus
1399 2308 1471 2363 ab
1495 2304 1784 2377 enopodio
1809 2304 1878 2357 ad
1913 2317 2018 2373 pa-

372 2414 576 2468 latium
610 2407 937 2473 revertitur,
969 2400 1412 2459 cerimoniarius
1446 2402 1638 2451 autem
1673 2408 1807 2449 eum
1841 2390 2021 2447 silen-

370 2500 558 2558 tiariis
588 2499 923 2571 praefectum
955 2489 1221 2557 assumit,
1243 2501 1495 2557 eumque
1525 2486 1583 2539 in
1607 2482 2018 2539 consistorium

371 2593 550 2652 ducit,
576 2567 673 2642 ubi
695 2594 830 2640 eum
856 2581 1104 2652 praefecti
1134 2584 1313 2643 veste,
1344 2574 1586 2640 camiso,
1617 2569 1839 2626 scilicet
1860 2567 2020 2640 pelo-

374 2678 469 2734 nio
502 2682 561 2731 et
591 2676 736 2742 loro,
770 2672 944 2741 pedes
970 2682 1104 2723 vero
1135 2663 1340 2735 caligis
1372 2660 1582 2716 induit.
1618 2658 1835 2714 Deinde
1864 2654 2019 2712 ceri—

373 2762 696 2822 moniarius
713 2776 842 2817 cum
856 2757 1082 2812 civitate
1097 2750 1681 2826 pepuloqueduarum
1697 2746 2015 2811 factionum,

373 2854 475 2926 qui
504 2869 635 2909 eum
667 2865 867 2906 omnes
901 2843 1200 2916 paululum
1232 2839 1581 2911 prmcedunt,
1616 2852 1715 2907 per
1742 2834 2017 2890 excubias

375 2922 738 3009 scholasque,
769 2938 917 2990 inter
932 2929 1379 2988 acclamationes
1409 2926 1727 2982 dicentium
1752 2939 1767 2979 :
1794 2943 1820 2974 α
1857 2922 1919 2977 Ν.
1945 2922 2011 2977 Ν.

374 3031 682 3105 praefectus
716 3043 800 3095 es,
833 3046 861 3073 »
892 3028 1233 3085 transeunt;
1275 3016 1325 3072 si
1356 3015 1637 3089 patricius
1685 3017 1788 3082 est,
1822 3011 2014 3068 accla-

1171 1957 1205 2011 ’ἀ
1244 1952 1507 2028 ἐδιδάχθη
1554 1951 1701 2023 παρὰ
1747 1951 1845 2003 τοῦ
1902 1945 2173 2022 βασιλέως
2205 1942 2383 2020 λέγειν
2412 1943 2461 1978 ⁸⁸
2489 1943 2771 2006 νουθεσίας
2802 1937 2956 1995 ἓνεκα
2986 1940 3077 1995 καὶ
3120 1939 3369 2014 νομίμων
3404 1937 3778 2016 διακράτησιν.

2202 2035 2273 2087 Β’.
2306 2029 2458 2087 Μετὰ
2509 2026 2567 2083 δέ
2611 2029 2710 2096 τὴν
2761 2025 3053 2082 ὃιαλαλίαν
3099 2026 3311 2082 κελεύει
3343 2028 3372 2081 6
3422 2027 3783 2101 πραιπόσιτος

2124 2124 2205 2191 τῷ
2245 2125 2346 2188 τῆς
2394 2118 2772 2180 καταστάσεως
2820 2115 3109 2189 ἀνοιγῆναι
3156 2116 3218 2169 τὸ
3268 2112 3468 2190 βῆλον,
3500 2115 3590 2170 καὶ
3622 2134 3786 2189 προσ-

2124 2206 2372 2263 καλεῖται
2432 2207 2526 2261 τὸν
2594 2205 2865 2280 ὕπαρχον,
2915 2204 3163 2260 κάκείνου
3223 2203 3555 2273 ἐξελθόντος,
3614 2224 3785 2278 παρα·

2130 2295 2351 2351 δίδωσιν
2398 2295 2556 2351 αὐτὸν
2610 2296 2637 2349 6
2688 2295 3048 2370 πραιπόσιτος
3106 2297 3177 2367 τῇ
3234 2292 3488 2349 πολιτεία
3530 2292 3784 2370 ὕπαργον

2128 2385 2217 2440 καὶ
2248 2383 2452 2460 πατέρα
2484 2382 2723 2451 πόλεως,
2756 2384 2845 2437 καὶ
2877 2384 2968 2438 εἷθ’
3002 2382 3174 2445 οὕτως
3223 2382 3330 2437 ἀπὸ
3375 2387 3473 2438 τοῦ
3513 2359 3777 2445 ὀνόποὲος

2134 2452 2452 2550 ὑποπρέιρει
2484 2474 2512 2527 6
2543 2472 2908 2547 πραιπόσιτος
2949 2470 3000 2526 έν
3048 2475 3128 2542 τῷ
3179 2469 3454 2544 παλατίῳ,
3486 2471 3514 2525 6
3566 2468 3624 2526 δέ
3660 2452 3778 2540 τῆς

2126 2563 2499 2621 καταστάσεως
2557 2561 2690 2633 μετὰ
2747 2565 2852 2615 τῶν
2914 2558 3290 2633 σιλεντιαρίων
3363 2555 3633 2634 λαμϐάνει
3679 2561 3773 2615 τὸν

2127 2652 2397 2725 ὕπαρχον⁹
2439 2649 2528 2703 καὶ
2587 2647 2792 2724 εῗσάγει
2850 2649 3011 2703 αὐτὸν
3060 2647 3110 2702 έν
3139 2653 3220 2721 τῷ
3257 2648 3650 2722 κονσιστωρίῳ,
3682 2650 3776 2704 καὶ

2127 2738 2464 2795 ὑπαλλάσσει
2503 2738 2664 2794 αὐτὸν
2692 2739 2792 2807 τὴν
2820 2741 2917 2792 τοῦ
2951 2738 3208 2812 ὑπάρχου
3239 2737 3462 2809 στολὴν,
3494 2736 3661 2812 ἤγουν
3707 2740 3769 2794 τὸ

2124 2830 2395 2900 καμήσιον
2426 2828 2516 2881 καὶ
2546 2826 2609 2880 τὸ
2637 2825 2879 2881 πλώνιον
2909 2827 2998 2881 καὶ
3026 2827 3115 2880 τὸν
3138 2825 3319 2901 λῶρον
3341 2827 3512 2895 ⁸⁹,καὶ
3546 2824 3777 2882 ὑποδύει

2124 2918 2285 2972 αὐτὸν
2329 2916 2419 2972 καὶ
2459 2918 2521 2971 τὸ
2579 2915 2851 2992 καλίγιον.
2885 2916 2984 2970 Καὶ
3031 2916 3127 2980 εἶθ’
3170 2916 3346 2978 οὕτως
3388 2917 3415 2970 6
3466 2918 3566 2985 τῆς
3611 2937 3775 2971 κατα-

2122 3007 2360 3068 στάσεως
2412 3005 2547 3079 μετά
2603 3009 2701 3059 τοῦ
2768 3002 3175 3077 πολιτεύματος
3257 3003 3347 3059 καὶ
3422 3010 3529 3060 τῶν
3595 3002 3777 3078 δημο-

377 3092 538 3176 inant
553 3121 632 3175 ita
656 3136 713 3173 :«
727 3092 1192 3184 N.N.pra3fectus
1206 3111 1359 3162 esset
1373 3105 1815 3177 patricius,etc.n
1836 3109 2015 3173 Atque

2125 3100 2233 3151 τῶν
2263 3100 2371 3151 τῶν
2402 3093 2497 3149 δύο
2523 3093 2927 3168 μερῶν,ὀλίγον
2958 3094 3300 3167 ὄψικεύοντες
3325 3093 3502 3161 αὑτὸν,
3526 3092 3777 3170 διέρχον-

375 3210 459 3265 sic
479 3211 547 3262 ad
576 3206 843 3275 Magnam
867 3198 1169 3257 ecclesiam
1197 3212 1294 3267 per
1323 3200 1593 3250 sanctum
1617 3197 1853 3264 puteum
1873 3190 2014 3257 abit,

372 3297 669 3366 eereisque
699 3290 981 3354 accensis,
1013 3292 1069 3342 et
1101 3292 1386 3358 precatus,
1413 3284 1653 3338 domum
1687 3280 2016 3336 revertitur.

2124 3206 2214 3241 ται
2236 3182 2322 3239 διά
2341 3204 2401 3239 τε
2420 3187 2528 3238 τῶν
2553 3178 2880 3253 ἐεκουϐίτων
2914 3184 3004 3237 καὶ
3034 3186 3141 3237 τῶν
3175 3181 3422 3261 σχολῶν,
3442 3181 3777 3257 ἀκτολογου-

2132 3273 2295 3345 μένου
2327 3273 2378 3311 ⁹⁰
2429 3271 2516 3326 ὑπ’
2566 3269 2768 3337 αὐτῶν,
2826 3271 3100 3346 λεγόντων
3158 3270 3365 3325 αὐτῶν·
3428 3296 3455 3323 ‹‹
3516 3273 3577 3328 Ὀ
3625 3269 3777 3327 δεῖνα

374 3385 481 3439 εἷσε
540 3384 826 3455 ὕπαρχος·
864 3400 891 3428 ››
942 3376 1029 3429 έᾶν
1080 3371 1136 3428 δέ
1178 3372 1321 3427 ἐστιν
1380 3364 2013 3444 πατρίκιος,ἀκτολογεῖ
2059 3363 2264 3423 οὕτως·
2301 3385 2330 3412 ‹‹
2361 3362 2422 3417 Ὁ
2478 3358 2621 3415 δεῖνα
2679 3361 2785 3414 εἷσε
2841 3359 3114 3435 ὕπαρχος,
3176 3360 3283 3414 εἷσε
3340 3362 3381 3397 ⁹¹
3443 3360 3533 3415 καὶ
3582 3360 3774 3435 πατρί-

372 3492 490 3535 κιος
523 3494 551 3522 ››
582 3445 768 3524 κάλ’τά
797 3467 941 3535 ἑξῆς.
968 3462 1070 3519 Καὶ
1102 3462 1200 3525 εἴθ’
1233 3458 1407 3521 οὕτως
1436 3457 1736 3531 εἰσέρχεται
1769 3454 1819 3510 έν
1849 3459 1917 3529 τῇ
1949 3450 2173 3527 Μεγάλῃ
2204 3448 2470 3521 ἐκκλησίᾳ
2499 3445 2588 3503 διὰ
2630 3445 2728 3503 τυῦ
2780 3447 2937 3523 ἁγίου
2968 3450 3222 3525 φρέατος,
3254 3449 3344 3503 καὶ
3394 3449 3531 3523 ἅψας
3571 3450 3778 3523 κηροὺς

369 3560 460 3617 καὶ
495 3558 808 3631 εὐξάμενος,
850 3549 1173 3626 ὑποστρέφει
1204 3549 1279 3612 είς
1310 3549 1403 3603 τὸν
1432 3547 1582 3601 οἶκον
1612 3546 1800 3600 αὐτοῦ.

886 3648 927 3702 1
940 3645 1035 3702 55
1079 3641 1307 3700 CAPUT
1346 3641 1494 3695 LIII.

368 3745 503 3799 Acta
532 3743 584 3796 et
612 3732 1037 3793 acclamationes
1061 3730 1368 3872 [arctifpum
1403 3728 1462 3782 in
1496 3725 1835 3798 promotione
1865 3739 2010 3795 pra:-

1139 3818 1198 3858 σε
1223 3819 1262 3855 ι.

1139 3818 1242 3858 εσιι
1251 3843 1262 3855 .

439 3905 482 3959 Ι.
514 3904 802 3958 Consueto
834 3891 1212 3969 promotioais
1244 3887 1498 3963 praefecti
1532 3886 1643 3942 ritu
1676 3886 1737 3940 in
1792 3882 2007 3957 palatio

367 3996 619 4067 peracto,
643 4003 774 4044 cum
806 4001 940 4042 eum
989 3979 1331 4055 praapositus
1389 3994 1490 4050 per
1536 3974 1904 4033 triconchum
1952 3976 2010 4029 et

363 4062 625 4153 upsidem
639 4077 707 4133 ad
723 4078 1073 4147 augusteum
1087 4068 1308 4136 eduxit,
1325 4067 1384 4122 in
1400 4065 1750 4137 onopodium
1765 4062 2005 4127 abeunt,

362 4187 475 4242 quo
508 4170 819 4241 postquam
849 4162 1042 4220 omnis
1073 4158 1214 4215 ordo
1245 4155 1535 4230 praepositi
1560 4153 1836 4225 pervenit,
1862 4167 2005 4223 prai-

363 4239 589 4331 posit—us
620 4259 843 4328 patrem
875 4250 1038 4307 urbis
1058 4256 1383 4321 promotum
1418 4244 1750 4315 prafectum
1786 4239 2005 4296 consti-

363 4346 494 4402 tuit.
528 4326 748 4399 Deinde
776 4336 1218 4395 cerimoniarius
1249 4349 1382 4390 eum
1407 4329 1778 4400 sumitiuque
1810 4326 2005 4383 consi-

361 4434 607 4491 storium
635 4431 941 4486 hibernum
960 4426 1142 4492 ducit,
1167 4423 1267 4480 ubi
1285 4421 1527 4479 eamisio
1544 4419 1667 4474 loro
1684 4417 2005 4490 caligisque

2727 3630 2983 3684 ΚΕΦΑΛ.
3027 3629 3153 3688 ΝΓ’.

2119 3717 2450 3793 Ἀκτολογία
2535 3721 2641 3772 τῶν
2724 3714 2915 3789 δήμων
2996 3715 3085 3771 ἐπὶ
3154 3723 3255 3787 τῆς
3334 3717 3583 3793 ὑπάρχου
3637 3737 3773 3793 πρυ-

2822 3805 3063 3881 ἀγωγῆς.

2191 3901 2266 3949 Δ.
2314 3899 2425 3962 Τῆς
2465 3894 2725 3964 συνήθους
2774 3892 2976 3963 τάξεως
3020 3890 3361 3965 τελουμένης
3420 3891 3471 3946 έν
3519 3898 3599 3966 τῷ
3646 3914 3759 3949 πα-

2118 3980 2291 4054 λατίῳ
2340 3980 2428 4037 ἐπὶ
2456 3987 2524 4056 τῇ
2554 3985 2652 4036 τοῦ
2685 3981 2935 4057 ὑπάρχου
2964 3984 3290 4058 προαγωγῇ,
3321 3981 3411 4036 καὶ
3458 3986 3559 4036 τοῦ
3606 4002 3763 4057 πραι-

2073 4124 2078 4129 ,
2115 4070 2341 4126 ποσίτου
2388 4075 2580 4126 τοῦτον
2621 4068 2904 4145 ἐξάγοντος
2953 4066 3044 4125 διὰ
3070 4073 3172 4124 τοῦ
3201 4070 3503 4147 τρικόγχου
3533 4072 3626 4126 καὶ
3662 4079 3765 4141 τῆς

2115 4158 2306 4232 ἀψίδος
2336 4158 2411 4221 εἷς
2443 4158 2533 4213 τὸν
2575 4157 2897 4233 αύγουστέα,
2930 4158 3265 4234 ἀπέρχονται
3324 4157 3379 4215 ἐν
3436 4163 3515 4231 τῷ
3541 4162 3765 4232 ξὸνοπο-

2115 4243 2235 4319 δίῳ,
2266 4246 2357 4301 καὶ
2406 4244 2474 4315 δὴ
2533 4247 2713 4317 πάσης
2759 4248 2859 4315 τῆς
2905 4246 3103 4320 τάξεως
3138 4251 3238 4303 τοῦ
3294 4249 3657 4323 πραιποσίτου
3708 4250 3763 4306 έν

2110 4342 2192 4410 τῷ
2223 4333 2499 4409 ὀνοποδίῳ
2545 4334 2941 4411 ἀνερχομένῃς,
2971 4334 3339 4409 παραδίδωσιν
3387 4338 3415 4393 ὁ
3464 4338 3761 4413 πρηιπόσι-

2118 4447 2209 4488 τος
2241 4427 2447 4500 πατέρα
2484 4422 2703 4486 πόλεως
2739 4425 2831 4479 τὸν
2888 4419 3274 4500 προϐληθέντα
3325 4426 3600 4507 ὕπαρχον.
3631 4430 3764 4486 Εἶτα

359 4523 622 4586 indutus,
646 4518 717 4575 ad
750 4515 1039 4590 porticum
1071 4511 1511 4569 candidatorum
1539 4506 1716 4572 venit,
1749 4506 1823 4561 ab
1851 4504 2009 4560 omni

2125 4514 2326 4591 έπαίρει
2379 4514 2543 4568 αὐτὸν
2593 4514 2621 4568 6
2661 4520 2760 4583 τῆς
2800 4512 3203 4581 καταστάσεως,
3250 4515 3341 4571 καὶ
3391 4500 3622 4594 εἰσιρέρει
3662 4517 3763 4573 αύ-

360 4609 606 4683 praatorii
631 4608 833 4665 ordine
864 4604 936 4661 ad
968 4618 1157 4659 ansas
1188 4614 1372 4670 usque
1410 4596 1768 4655 cortinarum
1800 4598 2001 4666 portas

357 4704 626 4775 stipatus,
675 4693 1073 4754 admissionuli
1112 4692 1375 4748 dicente:
1416 4710 1445 4740 «
1496 4690 1616 4757 Sta,
1666 4707 1695 4735 »
1727 4688 2001 4755 tenetque

356 4773 722 4850 numerariua
743 4786 962 4849 velum,
978 4787 1035 4840 et
1057 4799 1071 4839 :
1093 4805 1120 4833 «
1146 4782 1293 4838 Lava
1310 4782 1391 4848 te,
1406 4775 1699 4850 hyparcbe
1713 4773 1998 4847 prefecte,

357 4884 503 4950 loco,
540 4901 567 4929 »
597 4876 807 4951 inquit,
838 4875 1152 4944 statimque
1182 4866 1611 4926 admissionalis
1643 4866 1799 4922 dicta
1827 4883 1859 4921 a
1890 4881 2001 4920 nu-

355 4970 603 5029 merario
644 4965 866 5038 repetit.
924 4963 1225 5019 Prmfectus
1300 4959 1439 5024 abit,
1482 4972 1585 5029 per
1657 4954 1904 5024 scholas,
1966 4971 1999 5010 a

355 5060 527 5119 dictis
558 5056 978 5119 circumdatus,
1010 5049 1239 5106 transit.

2105 4604 2199 4658 τὸν
2255 4601 2311 4659 ἒν
2366 4606 2446 4674 τῷ
2498 4605 2874 4677 κονσιστωρίῳ
2918 4606 2999 4675 τῷ
3057 4609 3380 4679 χειμερινῷ,
3437 4606 3528 4661 καὶ
3589 4603 3764 4662 ένδύει

2108 4691 2268 4747 αὐτὸν
2322 4692 2385 4747 τὸ
2439 4692 2715 4765 καμήσιον
2755 4691 2843 4747 καὶ
2900 4692 2993 4748 τὸν
3054 4689 3256 4765 λῶρον,
3312 4693 3405 4749 καὶ
3470 4690 3764 4751 ὑποδύεται

2106 4778 2398 4856 καλήγιιιν,
2429 4781 2521 4834 καὶ
2562 4774 2785 4855 ἔρχεται
2836 4777 2923 4836 ἐπὶ
2970 4780 3061 4836 τὸν
3117 4782 3377 4857 μάκρωνα
3424 4786 3531 4838 τῶν
3573 4780 3767 4839 κανδι-

2108 4868 2307 4941 δάτων,
2366 4870 2755 4945 ὀψικευόμενος
2818 4871 2921 4926 ὑπὸ
2980 4870 3156 4942 πάσης
3229 4878 3330 4942 τῆς
3403 4872 3603 4944 τάξεως
3661 4876 3761 4929 τοῦ

2106 4958 2442 5035 πραιτωρίου
2488 4956 2592 5021 ἓως
2640 4964 2748 5014 τῶν
2798 4957 3025 5034 χαλκῶν
3072 4958 3261 5016 πυλῶν
3308 4965 3416 5017 τῶν
3466 4966 3758 5037 κορτινῶν,

2109 5049 2238 5122 Καὶ]
2255 5046 2401 5124 λέγει
2432 5049 2460 5103 6
2493 5045 2990 5121 ἀδμηνσουνάλιος·
3025 5074 3051 5100 ‹‹
3099 5051 3293 5121 Στήτω
3319 5071 3331 5083 ο
3366 5073 3396 5101 »
3444 5051 3533 5105 καὶ
3572 5056 3765 5126 κρατεῖ

354 5152 382 5206 δ
411 5148 772 5221 νουμεράριος
829 5141 892 5195 τὸ
951 5136 1145 5213 βῆλον)
1177 5136 1268 5191 καὶ
1323 5133 1473 5210 λέγει
1508 5153 1521 5166 '
1560 5158 1591 5184 (ί
1638 5128 1802 5202 Αεδά,
1835 5132 2050 5211 ὕπαρχε
2101 5136 2426 5217 προφέκτωρ
2476 5140 2573 5209 (9),
2614 5133 2753 5207 λὼκ,
2794 5160 2821 5189 ››
2850 5136 2941 5192 καὶ
2990 5138 3157 5193 πάλιν
3208 5135 3355 5213 λέγει
3389 5140 3417 5194 6
3452 5137 3763 5213 ἀδμηνσου-

1702 5251 1946 5307 VARI/I3
1986 5252 2408 5311 LECTIONES.

334 5422 397 5477 ε..
421 5360 769 5513 ἴεγῖἷῗέῗέῗ
792 5359 916 5489 εἷθ’
959 5347 1644 5499 εο⁸⁶τδ²ἳέδρῖ¹3ίὲαξὲῗέίξέ
1677 5350 1973 5493 suos;
2021 5347 3136 5499 'Lbaxi‘01'iﬁim‘2i’2d‘fmi$5313?
3177 5356 3462 5414 “ddi”
3494 5360 3659 5428 “"m
3692 5357 3760 5413 R'

1387 5527 1585 5586 JOAN.
1625 5527 1767 5585 JAC.
1810 5528 2074 5587 BEISKII
2111 5531 2708 5589 COMMENTARIUS.

420 5656 501 5728 (9l
530 5656 730 5725 Itaque
760 5648 842 5705 illi
875 5645 1116 5703 barbare
1157 5656 1255 5714 pro
1282 5641 1554 5713 pra/ecta,
1587 5636 1659 5694 de
1688 5652 1805 5709 qua
1853 5636 2261 5696 terminatione
2302 5640 2470 5712 plura
2526 5638 2653 5698 dico
2686 5642 2752 5698 ad
2789 5659 2844 5714 p.
2900 5644 3027 5698 200.
3079 5642 3355 5700 Solebant
3408 5647 3603 5702 autem
3653 5659 3757 5700 vo-
