4158 6212
383 413 502 473 529

1163 465 1166 470 .
1227 415 1330 474 DE
1373 413 1830 477 CEBIMONIIS
1875 416 2112 477 AUL/E
2155 416 2627 477 BYZANTlN/E
2669 419 2822 477 LIB.
2869 419 2918 477 Ι.

3675 415 3796 476 530

381 544 596 615 νάλιος,
625 546 758 620 ἅπερ
793 539 1107 622 φωνοϐολεῖ
1135 545 1163 600 6
1193 547 1576 621 νουμεράριος.
1610 547 1712 604 Καὶ
1746 546 2025 623 ἐξέρχεται
2058 547 2086 602 6
2117 546 2388 623 ὕπαρχος,
2419 549 2509 602 καὶ
2553 527 2824 624 διέρχεται
2857 545 2946 602 διὰ
2981 552 3090 602 τῶν
3132 545 3377 623 σχολῶν,
3407 545 3796 621 ὀψικευόμενος

385 634 491 689 ὑπὸ
512 639 621 690 τῶν
649 656 880 711 προειρη
892 637 1086 709 μένων.

451 725 528 782 Β’.
561 725 634 780 Τὸ
667 721 725 780 δὲ
759 726 921 800 μέρος
967 728 1074 779 τῶν
1130 725 1366 780 Βενὲτων
1412 725 1626 781 ἵσταται
1676 729 1752 788 είς
1781 727 1908 790 τοὺς
1941 725 2017 782 λύε

2223 729 2296 784 il.
2332 727 2527 784 Factio
2548 728 2768 784 Veneta
2791 732 2907 784 stat
2937 728 3010 784 ad
3043 727 3306 799 lychnos,
3353 728 3683 800 praefectum
3708 745 3797 785 ex-

375 833 569 891 χνοος,
608 810 976 888 ἐκδεχόμενος
996 813 1044 849 9³
1062 813 1154 868 τὸν
1175 812 1443 889 ὕπαρχον,
1464 815 1554 869 καὶ
1577 815 1680 889 πρὸ
1713 819 1809 871 τοῦ
1833 817 2029 891 φθάσαι

375 900 535 956 αὺτὸν
580 902 654 964 εἷς
681 903 775 957 τὸν
810 905 908 958 τοῦ
940 902 1164 958 Βενὲτου
1196 898 1374 976 δῆμον
1407 901 1557 980 λέγει
1601 904 1628 958 6
1670 900 1846 976 δῆμος
1875 904 2034 974 ποίη-

380 1013 456 1064 μα
486 989 750 1066 δρομικὸν
783 989 888 1070 ἤχ.
923 989 985 1046 δ’·
1033 1015 1056 1044 ε
1089 992 1157 1050 Οἱ
1205 991 1264 1047 ἐκ
1301 996 1435 1048 Θεοῦ
1463 995 1885 1068 κραταιούμενοι
1914 1001 2035 1060 ταῖς

371 1083 566 1149 νίκαις,
625 1080 1046 1154 κοσμοπὸθητοι
1105 1079 1362 1137 δεσπόται
1420 1086 1527 1137 τῶν
1585 1083 1900 1156 Ῥωμαίων,
1951 1086 2027 1152 σὲ,

372 1171 446 1232 ὡς
476 1171 921 1244 γνησιοπόθητον
969 1173 1086 1243 (10)
1133 1171 1224 1226 καὶ
1274 1172 1596 1226 πιστότατον
1650 1169 1874 1228 δοῦλονί
1900 1193 2033 1248 προ⁸

369 1251 621 1311 εὗίόασαν
670 1256 832 1327 ἀξίως
899 1255 952 1311 ἐν
1017 1257 1333 1331 ὑπερτέραις
1382 1257 1571 1328 ἀξίαις,
1639 1263 2032 1332 πρωτοσπαθάο

369 1363 486 1416 ριον
535 1339 756 1418 ἔντιμον
807 1345 897 1399 καὶ
947 1344 1136 1422 εὐγενῆ
1171 1345 1232 1401 ἐκ
1282 1345 1590 1421 προγόνων,
1637 1347 1724 1400 καὶ
1758 1346 1835 1409 εἶς
1869 1347 2033 1421 ὑπέρ-

368 1454 529 1506 τιμον
567 1432 721 1504 δόξαν
780 1437 848 1508 τῇ
892 1438 990 1488 τοῦ
1041 1434 1296 1510 ὑπάρχου
1354 1436 1640 1509 ἀνύψωσαν
1672 1435 1812 1506 ἀξίᾳ.
1848 1459 1875 1488 ι)
1927 1437 2029 1492 Καὶ

379 1523 512 1593 μετᾶ
561 1523 622 1576 τὸ
671 1529 858 1592 στῆναι
913 1523 1006 1577 τὸν
1054 1525 1304 1600 ὕπαρχον
1352 1524 1427 1584 εἰς
1476 1523 1566 1578 τὸν
1602 1523 1833 1588 εἰωθότα
1862 1527 2028 1580 τόπον

372 1615 473 1678 τῆς
503 1611 670 1666 αὑτοῦ
723 1611 960 1674 στάσεως
1020 1611 1164 1685 λέγει
1223 1613 1251 1666 6
1311 1609 1510 1685 δῆμος·
1571 1637 1598 1663 ‹‹
1649 1613 1758 1687 ΙΙρὸ
1815 1615 2028 1669 πάντων

369 1699 777 1778 εὐφημήσωμεν
833 1700 960 1762 τοὺς
1011 1699 1274 1764 δεσπότας
1319 1709 1419 1772 τῆς
1479 1703 1831 1776 οἰκουμένης·
1891 1726 1917 1756 ››
1977 1705 2028 1758 οἱ

364 1788 610 1862 κράκται·
655 1810 677 1840 ε
729 1791 787 1843 Ὀ
837 1787 985 1844 δεῖνα
1035 1791 1126 1844 καὶ
1176 1791 1204 1844 6
1255 1787 1404 1845 δεῖνα
1446 1789 1701 1866 μεγάλων
1757 1791 2030 1867 βασιλέων

435 1877 448 1897 ς
530 1875 543 1895 ,
1112 1880 1125 1895 .
1224 1878 1239 1896 ε
1301 1877 1325 1898 η
1701 1880 1716 1900 ς
1825 1883 1836 1894 .

365 1897 450 1930 και
485 1877 905 1952 αυτοκρατόρων
948 1877 1135 1933 πολλα
1183 1899 1250 1933 τα
1300 1897 1417 1948 ετη·
1457 1904 1483 1930 ››
1534 1881 1562 1935 6
1622 1879 1755 1942 λαος
1817 1880 2028 1953 ομοίως

371 1963 431 2019 ἐκ
461 1986 530 2040 γ.
580 1968 646 2023 Οἱ
695 1966 943 2041 κράκται·
977 1991 1004 2017 ι(
1057 1967 1120 2024 Ὀ
1149 1963 1297 2021 δεῖνα
1333 1967 1425 2022 καὶ
1458 1969 1486 2022 6
1537 1965 1680 2022 δεῖνα
1729 1974 1836 2023 τῶν
1886 1970 2032 2024 εὐσε-

2140 817 2500 890 cipiens,qui
2520 819 2861 891 priusquam
2878 819 2946 875 ad
2971 834 3103 874 eum
3129 817 3582 889 pervenit,ducit
3605 835 3794 890 popu-

2140 907 2234 962 lus
2264 907 2589 964 cursorium
2634 922 2868 962 carmen
2906 907 3028 964 toni
3069 907 3142 962 IV
3175 923 3188 963 :
3215 929 3244 957 α
3279 911 3380 962 Per
3411 907 3592 962 Deum
3624 907 3793 962 victo-

2139 995 2238 1051 riis
2260 995 2548 1068 insignes,
2571 995 2930 1051 desiderium
2959 996 3140 1061 orbis,
3161 994 3382 1050 domini
3405 995 3794 1052 Romanorum

2143 1091 2217 1151 te,
2249 1088 2314 1139 ut
2334 1084 2408 1140 ab
2432 1085 2716 1141 omnibus
2735 1084 3080 1158 espetitum,
3110 1083 3516 1140 fidelissimum
3540 1101 3796 1154 servum,

2143 1174 2344 1231 merito
2372 1175 2431 1230 in
2457 1191 2690 1230 summa
2713 1174 3002 1247 dignitate
3027 1173 3406 1241 collocarunt,
3437 1174 3724 1230 illustrem
3739 1178 3797 1230 et

2139 1262 2395 1320 nobilem
2415 1279 2628 1334 genere
2642 1264 2932 1332 majorum
2951 1262 3506 1335 protospatharium,
3521 1267 3697 1334 teque
3716 1263 3788 1317 ad

2139 1352 2435 1409 excelsum
2503 1353 2791 1408 honorem
2835 1351 3010 1408 ofﬁcii
3039 1352 3293 1424 prafecti
3324 1356 3731 1422 provexerunt.
3766 1373 3795 1400 υ

2144 1441 2208 1497 in
2232 1441 2402 1497 solito
2437 1445 2636 1498 autem
2666 1440 2792 1496 loco
2826 1440 3099 1496 stationis
3120 1456 3238 1496 sua-
3259 1439 3528 1512 praefecto
3558 1438 3799 1495 colloca-

2139 1535 2219 1592 to,
2257 1530 2507 1602 populus
2554 1529 2742 1585 dicit:
2789 1550 2818 1578 «
2859 1532 3007 1585 Ante
3057 1527 3257 1584 omnia
3316 1527 3790 1584 concelebremus

2139 1617 2396 1674 universi
2447 1617 2736 1674 dominos.
2769 1638 2797 1666 »
2855 1616 3132 1672 Cantores
3183 1633 3247 1670 τε
3307 1615 3376 1672 N.
3433 1615 3501 1671 N.
3561 1615 3794 1688 magnis

2139 1707 2591 1780 imperatoribus
2619 1711 2676 1762 et
2706 1705 3091 1778 Augustabus
3132 1704 3418 1777 piissimis
3445 1703 3659 1761 multos
3691 1722 3795 1761 an-

2141 1813 2244 1852 nos
2269 1814 2282 1864 ;
2307 1819 2330 1848 ι
2371 1797 2622 1868 populus
2651 1795 2852 1851 eadem
2885 1803 3005 1862 ter;
3033 1798 3225 1866 postea
3266 1809 3482 1865 magna
3526 1810 3664 1850 voce
3691 1810 3791 1849 ac-

2139 1884 2345 1940 clamat
2379 1903 2392 1940 :
2427 1905 2454 1934 «
2511 1884 2652 1948 Quis
2716 1883 2895 1940 nollet
2952 1882 3324 1938 vehementer
3362 1881 3722 1950 collaudare,
3755 1904 3786 1932 »

2140 1983 2260 2041 ter;
2298 1995 2322 2025 ε
2347 1973 2539 2029 solum
2571 1972 2964 2028 immortalem
2997 1987 3213 2044 regem,
3240 1993 3268 2021 »
3300 1975 3389 2027 ter
3419 1988 3434 2039 ;
3459 1993 3489 2022 «
3511 1972 3608 2044 qui
3640 1970 3787 2027 tales

367 2047 646 2107 ϐεστάτων
679 2052 994 2130 αὖγουστῶν
1028 2052 1215 2110 πολλὰ
1244 2055 1311 2108 τᾶ
1341 2051 1458 2125 ἔτη·
1512 2080 1539 2106 ι»
1578 2057 1606 2111 6
1655 2054 1787 2119 λαὸς
1821 2057 2017 2129 ὁμοίως

2143 2064 2310 2119 nobis
2341 2063 2615 2118 Dominos
2650 2063 2830 2128 dedit,
2863 2085 2891 2114 »
2913 2068 3031 2118 ter:
3066 2084 3094 2112 ‹‹
3127 2061 3394 2118 omnium
3424 2061 3788 2133 prospiciens

367 2141 429 2196 ἐκ
485 2143 554 2218 γ’.
609 2141 716 2198 Καὶ
783 2145 827 2180 ⁸³
884 2143 981 2206 εἶθ’
1039 2143 1184 2198 οὕτω
1239 2142 1389 2216 λέγει
1447 2146 1580 2199 ἄκτα
1626 2143 1732 2200 ἀπὸ
1766 2147 2033 2222 φθογγῆς

371 2256 398 2281 ‹‹
432 2231 532 2294 Τίς
582 2231 681 2287 οὐκ
728 2227 845 2308 ἔχει
900 2232 987 2288 ἐπὶ
1036 2231 1228 2288 πλεῖον
1275 2231 1533 2304 δοξάσαι;
1579 2259 1606 2286 ››
1655 2233 1711 2289 ἐγ
1758 2240 1831 2311 γ’·
1865 2261 1886 2286 ι
1923 2237 2030 2292 Τὸν

369 2319 535 2391 μόνον
569 2320 832 2383 ἀθάνατον
868 2321 1118 2395 βασιλέα,
1163 2344 1190 2373 ››
1241 2322 1298 2376 ἐκ
1346 2327 1410 2398 γ’·
1449 2349 1476 2374 (ι
1509 2324 1601 2378 τὸν
1628 2323 1917 2386 τοιούτους
1949 2321 2029 2379 δε-

364 2405 578 2464 δωκότα
612 2410 739 2482 ὑμῖν
765 2407 1054 2481 δεσπότας,
1090 2435 1117 2462 η
1141 2411 1200 2465 ἐκ
1221 2417 1288 2486 γ’·
1313 2436 1340 2464 ‹‹
1375 2414 1782 2488 προνοούμενος
1813 2414 2026 2487 ἑκάστῳ

363 2499 463 2566 τὴν
513 2498 806 2574 σωτηρίαν,
858 2526 879 2554 ι
936 2498 994 2554 ἐκ
1049 2500 1115 2575 γ’·
1177 2524 1204 2551 ‹‹
1257 2502 1346 2555 καὶ
1406 2496 1757 2575 προϐιϐἀζων
1791 2503 1839 2539 ⁹⁴
1869 2503 2020 2574 ἀξίαν

2145 2151 2344 2218 saluti,
2383 2171 2412 2200 »
2451 2156 2572 2215 ter;
2605 2173 2632 2199 «
2675 2155 2733 2205 et
2785 2151 3131 2220 dignitatem
3181 2149 3376 2220 dignis
3431 2149 3724 2219 tribuens,
3759 2171 3785 2202 »

2145 2244 2233 2295 ter
2265 2257 2279 2307 ;
2305 2259 2334 2290 α
2361 2244 2418 2294 et
2445 2243 2500 2293 te
2521 2238 2589 2294 N.
2652 2238 2960 2310 splendide
2991 2237 3374 2304 bonorarunt,
3405 2258 3434 2286 η
3462 2242 3548 2292 ter
3585 2255 3598 2305 ;
3633 2259 3661 2286 «
3694 2254 3793 2294 ex-

2139 2327 2294 2384 celsa
2323 2327 2574 2400 praefecti
2606 2325 2902 2396 dignitate,
2933 2347 2960 2375 »
2982 2329 3071 2382 ter
3098 2343 3164 2392 ;«
3187 2333 3247 2380 at
3275 2325 3536 2381 omnium
3560 2328 3792 2382 Creator

2135 2421 2195 2472 et
2227 2417 2510 2472 Dominus
2547 2420 2812 2487 tempora
2867 2429 3067 2470 eorum
3126 2428 3261 2469 cum
3298 2412 3673 2484 Augustabus
3731 2417 3788 2470 et

2134 2504 2638 2579 porphyrogenitis
2675 2507 2907 2575 augeat.
2939 2526 2968 2554 ››

361 2591 477 2647 τοῖς
536 2586 731 2656 ἀξίοις,
769 2612 796 2638 ››
850 2588 910 2642 ἐκ
953 2589 998 2663 γ’
1021 2609 1032 2620 ·
1097 2610 1122 2639 ε
1155 2589 1247 2642 καὶ
1310 2589 1368 2644 σε
1425 2590 1454 2644 6
1502 2586 1651 2644 δεῖνα
1680 2590 1942 2665 ἐτίμησαν
2001 2591 2346 2667 παραδόξως,
2377 2616 2404 2644 ››
2462 2591 2522 2646 ὶκ
2550 2591 2629 2666 γ’·
2663 2615 2691 2642 ‹‹
2721 2595 2791 2664 τῇ
2839 2593 2937 2645 τοῦ
2968 2589 3221 2665 ὑπάρχου
3259 2585 3529 2663 περιδόξῳ
3569 2587 3711 2660 ἀξίᾳ,
3746 2612 3774 2640 ››

363 2673 424 2729 ἑκ
450 2676 515 2752 γ’·
572 2701 594 2728 ι
630 2675 757 2732 ἀλλ’
811 2679 840 2733 6
887 2679 1100 2733 πάντων
1150 2681 1390 2750 ποιητής
1440 2680 1530 2735 καὶ
1581 2678 1844 2752 δεσπότης
1891 2681 2018 2745 τοὺς
2068 2687 2304 2759 χρόνους
2355 2684 2533 2740 αὐτῶν
2581 2680 2848 2751 πληθύνει
2901 2680 2992 2735 σὺν
3023 2685 3142 2741 ταῖς
3174 2679 3507 2754 Αὐγούσταις
3534 2680 3624 2735 καὶ
3652 2685 3772 2742 τοῖς

364 2768 924 2840 πορφυρογενντςτοις.
959 2792 982 2820 ι

431 2853 504 2910 1".
566 2853 697 2910 Εἶτα
753 2852 1001 2931 λεγουσιν
1065 2856 1116 2909 οἱ
1191 2854 1439 2931 κράκται·
1503 2880 1530 2910 α
1589 2858 2016 2937 Εὐφημήσωμεν

361 2941 497 2995 κατὰ
526 2939 706 3016 χρέως
735 2943 828 2998 τὸν
863 2943 1110 3020 ὕπαρχον
1141 2945 1457 3019 Ῥωμαίων.
1493 2945 1615 3001 Bias
1647 2947 1676 3001 6
1707 2943 1874 3016 δεῖνα,
1907 2949 2018 3004 εἷσε

362 3029 390 3082 6
447 3025 616 3098 δεῖνα,
670 3031 775 3086 εἷσε
824 3033 857 3086 ἁ
904 3029 1053 3087 δεῖνα
1091 3033 1160 3105 9⁵,
1211 3034 1318 3088 εἷσε
1369 3032 1638 3110 ὕπαρχος,
1687 3033 1816 3092 εἷσε.
1851 3035 2014 3092 »Καὶ

360 3117 458 3172 εἶθ’
525 3119 702 3182 οὕτως
760 3119 1006 3197 λέγουσιν
1067 3123 1118 3176 οἱ
1177 3122 1424 3197 κράκται·
1488 3146 1516 3174 ‹‹
1577 3122 1770 3186 Καλῶς
1826 3123 2014 3196 ἦλθες,

356 3207 693 3262 Θεοστὲπτων
715 3209 763 3244 ⁹⁶
792 3209 820 3263 6
852 3206 1076 3273 δοῦλος·
1113 3231 1138 3264 s
1189 3211 1217 3265 6
1269 3209 1422 3274 λαός·
1475 3235 1504 3263 ‹‹
1536 3211 1732 3275 Καλῶς
1761 3211 1947 3283 ἦλθες.
1985 3237 2011 3267 ι

356 3297 420 3350 Οἱ
451 3296 697 3371 κράκται·
751 3321 779 3350 ‹‹
836 3297 1034 3361 Καλῶς
1081 3297 1272 3370 ἦλθες,
1321 3295 1575 3374 προϐολή
1627 3300 1948 3378 εὐεργετῶν·
1980 3325 2010 3354 ››

353 3385 382 3438 6
414 3381 570 3446 λαός·
605 3409 634 3437 α
671 3385 861 3450 Καλῶς
905 3386 1095 3456 ἦλθες.
1147 3411 1176 3440 ››
1225 3389 1292 3447 Οἱ
1337 3390 1584 3464 κράκται·
1619 3414 1648 3441 ‹‹
1682 3389 1877 3453 Καλῶς
1903 3391 2010 3461 ἦλ-

349 3474 454 3540 θες,
506 3474 534 3528 6
583 3474 810 3548 εὐγενὴς
861 3473 921 3530 ἔκ
965 3477 1272 3555 προγόνων·
1342 3502 1371 3530 ››

348 3558 536 3634 ἦλθες.
573 3586 603 3615 ››
640 3565 707 3621 O't
737 3565 986 3638 κράκται·
1021 3589 1049 3618 ‹‹
1084 3564 1282 3630 Καλῶς
1321 3565 1514 3636 ἦλθες,
1545 3570 1572 3623 6
1605 3565 1750 3624 δεῖνα
1794 3568 2009 3646 ὕπαρχε

347 3652 458 3704 τῶν
511 3651 827 3724 Ῥωμαίων·
885 3678 915 3706 ››
966 3654 994 3710 6
1035 3653 1186 3718 λαός·
1250 3679 1278 3707 ‹‹
1333 3655 1532 3719 Καλῶς
1581 3656 1748 3726 ἦλθες
1777 3658 1845 3715 ⁹⁷.
1881 3681 1909 3710 π
1940 3659 2008 3716 Οἱ

347 3737 593 3813 κράκται·
656 3764 685 3793 ‹‹
729 3739 892 3798 Ἀλλ’
947 3744 975 3798 6
1023 3743 1238 3799 πάντων
1290 3747 1533 3814 Ηοιητής
1586 3746 1674 3801 καὶ
1731 3747 2008 3817 Δεσπότης

347 3827 570 3906 φυλάξει
626 3849 705 3900 σε,
755 3830 988 3908 ὕπαρχε,
1031 3832 1108 3893 είς
1156 3831 1346 3904 πλήθη
1396 3833 1634 3908 χρόνων·
1669 3857 1697 3886 »ι
1731 3834 1838 3891 Καὶ
1873 3835 2006 3907 μετᾶ

348 3921 519 3972 ταῦτα
549 3915 834 3974 ἐπιδίδωσι
865 3916 1218 3994 λιϐελλὰριον
1253 3923 1282 3976 6
1313 3918 1604 3997 δήμαρχος
1635 3927 1716 3996 τῷ
1749 3921 2007 3998 ὕπάρχῳ,

347 4005 440 4060 καὶ
494 4003 743 4082 λέγουσιν
817 4009 868 4064 οἱ
918 4009 1165 4083 κράκται·
1233 4035 1262 4061 ‹‹
1311 4009 1510 4071 Καλῶς
1559 4010 1746 4086 ἦλθες,
1795 4013 2006 4081 ποθητὶ

341 4098 454 4150 τῶν
486 4095 750 4152 ἀνάκτων·
785 4119 812 4152 ε
848 4099 876 4152 6
907 4099 1060 4161 λαός·
1095 4122 1124 4150 α
1155 4097 1352 4162 Καλῶς
1377 4099 1563 4168 ἦλθες.
1595 4126 1622 4151 υ
1652 4101 1720 4157 Οἱ
1750 4103 1998 4176 κράκται·

344 4205 373 4236 α
407 4183 605 4249 Καλῶς
647 4183 843 4258 ἦλθες,
889 4189 917 4242 6
969 4184 1119 4242 δεῖνα
1166 4189 1382 4264 ὖπαρχε
1419 4194 1527 4244 τῶν
1559 4189 1875 4263 Ῥωμαίων·
1914 4215 1942 4242 η
1973 4193 2001 4246 6

341 4268 499 4335 λαός·
531 4297 561 4325 α
598 4273 795 4338 Καλῶς
827 4275 1014 4345 ἦλθες·
1071 4300 1096 4329 ι
1148 4278 1216 4334 Οἱ
1263 4279 1513 4351 κράκται·
1549 4301 1577 4331 α
1610 4278 1804 4342 Καλῶς
1831 4269 2001 4348 ἦλθες

339 4362 416 4427 εἷς
447 4363 714 4442 φιλοῦντα
755 4388 812 4424 σε
841 4365 1041 4442 δῆμον·
1077 4393 1105 4423 ›ι
1156 4372 1185 4426 6
1238 4369 1390 4432 λαός·
1431 4395 1459 4423 (ι
1512 4369 1711 4434 Καλῶς
1745 4370 1936 4440 ἦλθες.
1971 4396 1999 4424 ›·

336 4453 406 4512 Οἱ
455 4456 705 4529 κράκται·
757 4482 783 4508 ιι
820 4459 1012 4532 ’Δξίως
1059 4480 1116 4514 σε
1163 4461 1456 4536 ἠγάπησαν
1489 4462 1540 4514 οἱ
1576 4456 1851 4516 δεσπόται·
1889 4485 1917 4512 ››
1967 4462 1996 4516 6

338 4540 492 4606 λαός·
542 4569 570 4596 α
602 4544 798 4608 Καλῶς
849 4545 1036 4621 ᾖλθες.
1073 4570 1102 4598 ››
1151 4548 1218 4604 Οἱ
1257 4548 1504 4624 κράκται·
1549 4573 1576 4600 ‹‹
1607 4553 1698 4610 Ὦς
1739 4544 1868 4604 ὅντα
1896 4570 1995 4604 κα-

336 4632 498 4704 θαρὸν
531 4633 620 4687 καὶ
651 4633 890 4705 ἐπάξιον·
945 4659 974 4686 υ
1025 4636 1052 4690 6
1111 4634 1266 4698 λαός·
1326 4661 1354 4689 ‹‹
1408 4636 1606 4699 Καλῶς
1645 4637 1834 4707 ἦλθες.
1869 4661 1896 4691 ››
1923 4639 1992 4697 Οἱ

2201 2864 2294 2920 lII.
2325 2863 2808 2919 Posteacantores
2821 2861 3056 2917 dicunt:
3081 2883 3110 2911 α
3133 2860 3462 2916 Laudemus
3486 2877 3557 2916 ex
3575 2859 3772 2916 debito

2126 2951 2459 3024 praefectum
2491 2950 2889 3006 Romanorum
2915 2966 2930 3016 ;
2957 2954 3020 3004 tu
3043 2965 3106 3005 es
3124 2954 3293 3021 N.,tu
3317 2965 3380 3005 es
3397 2947 3490 3017 Ν..
3512 2951 3576 3004 tu
3598 2964 3660 3004 es
3677 2945 3774 3016 N.,

2122 3041 2431 3113 prefectus
2447 3057 2530 3096 es.
2551 3062 2579 3090 κ
2605 3041 2759 3098 156
2790 3039 2998 3096 Deinde
3019 3045 3286 3096 cantores
3303 3057 3317 3094 :
3333 3062 3361 3089 ‹‹
3377 3045 3529 3096 Bene
3542 3039 3771 3104 venisti,

2125 3128 2387 3186 famulea
2421 3133 2952 3185 Deocoronatorum
2973 3145 3030 3193 ;«
3053 3126 3306 3199 populus
3339 3142 3406 3182 :«
3440 3131 3592 3181 Bene
3611 3126 3776 3180 veni-

2123 3215 2222 3272 sti.
2259 3239 2286 3266 »
2316 3218 2628 3273 Cantores:
2673 3236 2700 3268 α
2722 3219 2873 3270 Bene
2893 3213 3122 3280 venisti,
3155 3230 3189 3269 a
3214 3213 3488 3270 beneficis
3517 3213 3772 3268 dominis

2121 3310 2382 3375 promote
2416 3323 2430 3371 ;
2465 3327 2494 3356 »
2529 3302 2780 3375 populus
2812 3320 2827 3359 :
2860 3328 2888 3352 «ι
2927 3301 3077 3357 Bene
3123 3301 3355 3358 venisti.
3390 3322 3418 3352 ι
3449 3303 3722 3356 Cantores
3753 3317 3768 3356 :

2122 3415 2150 3442 ‹‹
2183 3393 2337 3450 Bene
2366 3392 2601 3457 venisti,
2623 3391 2801 3448 nobili
2833 3405 3044 3463 genere
3073 3389 3348 3458 illustris;
3382 3412 3411 3440 »
3470 3386 3720 3462 populus
3751 3405 3766 3446 :

1429 3481 1456 3533 6
1511 3478 1667 3569 λαός·
1727 3503 1756 3533 α
1816 3479 2009 3569 Καλῶς

2130 3505 2153 3533 ι(
2184 3482 2338 3538 Bene
2367 3481 2598 3538 venisti.
2634 3504 2662 3531 »
2693 3486 3006 3536 Cantores:
3040 3501 3062 3528 ι
3107 3479 3261 3535 Bene
3289 3478 3519 3545 venisti,
3550 3477 3620 3534 N.
3655 3477 3767 3534 Ro-

2122 3587 2424 3628 manorum
2476 3572 2779 3644 prafecte;
2815 3591 2844 3618 »
2868 3568 3116 3641 populus
3148 3586 3162 3624 :
3197 3591 3226 3618 «
3281 3568 3433 3624 Bene
3473 3565 3700 3622 venisti.
3737 3589 3766 3616 »

2118 3662 2394 3719 Cantores
2427 3677 2442 3716 :
2481 3683 2502 3709 σ
2533 3660 2886 3716 Atomnium
2908 3661 3111 3714 Auctor
3131 3661 3187 3714 et
3221 3657 3497 3713 Dominus
3525 3661 3602 3723 te,
3626 3673 3770 3727 prae-

2119 3750 2288 3818 fecte,
2326 3748 2515 3804 multa
2553 3756 2810 3818 tempore
2842 3751 3165 3803 conservet.
3199 3767 3228 3795 »
3260 3746 3464 3801 Postea
3492 3744 3766 3800 tribunus

2117 3838 2387 3907 praefecto
2406 3834 2670 3891 libellum
2703 3835 2902 3902 tradit,
2917 3839 2973 3891 et
3003 3833 3486 3890 cantoresdicunt
3516 3849 3532 3898 ;
3557 3853 3586 3882 «
3610 3831 3763 3887 Bene

2115 3925 2343 3990 venisti,
2378 3925 2731 3980 desiderium
2769 3922 3132 3994 principum;
3163 3944 3192 3970 »
3217 3920 3468 3992 populus
3501 3938 3514 3977 :
3548 3943 3576 3971 «
3608 3920 3764 3976 Bene

2113 4014 2348 4070 venisti.
2385 4035 2413 4063 ››
2433 4015 2711 4071 Cantores
2743 4027 2758 4066 :
2788 4031 2816 4064 ε
2837 4012 2991 4067 Bene
3005 4011 3236 4077 venisti,
3262 4009 3331 4066 N.
3363 4010 3760 4067 Romanorum

2113 4103 2380 4174 praaieote
2407 4127 2422 4170 ς
2454 4125 2480 4151 »ι
2543 4101 2797 4173 populus
2829 4117 2843 4157 :
2869 4122 2897 4150 «
2931 4104 3083 4156 Bene
3132 4098 3410 4155 venisti.»
3441 4101 3715 4156 Cantores
3744 4116 3760 4156 :

2111 4214 2139 4241 «
2159 4190 2522 4248 Benevenisti
2538 4191 2610 4246 ad
2639 4189 2944 4245 factionem
2971 4187 3056 4244 tui
3081 4191 3376 4244 amantem
3395 4205 3409 4255 ;
3426 4210 3454 4237 ››
3469 4186 3719 4259 populus
3743 4205 3758 4243 :

2110 4303 2141 4332 α
2200 4281 2352 4338 Bene
2406 4280 2636 4336 venisti.
2685 4301 2714 4330 ι»
2764 4278 3135 4335 Cantores:«
3167 4276 3350 4348 Digne
3389 4281 3448 4332 te
3483 4279 3764 4332 amarunt

2108 4369 2363 4438 domini;
2401 4394 2424 4422 ι
2489 4367 2740 4441 populus
2773 4383 2838 4424 ει
2900 4367 3054 4423 Bene
3091 4365 3321 4423 venisti.
3357 4387 3385 4416 »
3424 4365 3708 4422 Cantores
3744 4382 3758 4420 :

2107 4480 2136 4509 α
2172 4459 2242 4516 Ut
2271 4457 2612 4531 praeclarum
2629 4465 2684 4514 et
2705 4457 2954 4529 dignum
2979 4473 3039 4524 ;s
3058 4455 3309 4529 populus
3335 4472 3348 4511 :
3383 4478 3411 4506 «
3435 4454 3759 4512 Beneveni-

2105 4549 2202 4606 sti.
2238 4570 2267 4600 »
2307 4549 2582 4604 Cantores
2614 4562 2630 4601 :
2665 4567 2694 4597 «
2735 4544 3010 4602 Omnium
3047 4549 3249 4601 auctor
3276 4548 3334 4601 et
3363 4543 3649 4600 Dominus
3679 4546 3756 4612 te,

2104 4638 2396 4712 prafecte,
2428 4636 2526 4692 diu
2571 4633 2910 4692 conservet!
2947 4655 2976 4683 ››

333 4721 588 4791 κράκται·
629 4747 656 4774 α
689 4721 852 4780 Ἀλλ’
883 4724 912 4780 6
944 4724 1162 4780 πάντων
1195 4727 1441 4796 Ποιητής
1469 4726 1558 4781 καὶ
1600 4728 1876 4799 Δεσπότης
1910 4725 2137 4805 φυλάξει
2169 4747 2248 4799 σε,
2279 4723 2514 4801 ὕπαρχε,
2546 4722 2624 4786 εἷς
2653 4723 2842 4794 πλήθη
2872 4721 3110 4797 χρόνων.
3155 4744 3184 4774 »

1690 4844 1934 4902 νΛΒΙιΕ
1975 4841 2390 4902 LECTIONES.

406 4947 451 4981 ”
483 4940 847 5020 indsxdpsvov
880 4948 974 5002 ed.
1050 4947 1098 4982 93
1125 4948 1217 5002 καὶ
1241 4966 1360 5020 om.
1393 4951 1490 5005 ed.

1576 4941 2648 5038 Ot'np'0yoousgéyou(~etQTEPO6LQécOVTCC
2681 4945 2950 5038 corrigi.
3001 4943 3367 5038 ’fnTertiiim
3405 4944 3519 5038 sig:
3549 4942 3577 4996 6
3608 4939 3754 4996 δεῖνα

333 5032 452 5071 om.
489 5018 582 5072 ed.
611 5011 706 5052 ’Ἴδε
737 5017 1056 5074 θεόστεπτος
1095 5021 1187 5074 ed.
1268 5019 1310 5056 ³⁷
1345 5020 1550 5076 ΣΧΟΛ.
1613 5011 1830 5087 Ἰσ-ὲέον,
1881 5011 1988 5090 ὅτι,
2033 5024 2132 5076 τοῦ
2182 5011 2364 5092 δῆμου
2397 5011 2667 5078 λεοντος·
2707 5039 2736 5066 ‹‹
2769 5011 2964 5076 Καλῶς
2997 5013 3188 5083 ἦλθες,
3221 5015 3249 5068 6
3281 5011 3428 5069 δεῖνα
3457 5013 3689 5090 δπαρχε,
3720 5037 3749 5066 »

333 5089 629 5142 προσκυνεῖ
658 5087 686 5140 ὁ
719 5086 967 5142 ὓπαργος
995 5089 1131 5142 πρὸς
1157 5089 1250 5142 τὸν
1281 5087 1458 5142 δῆμον
1492 5090 1582 5142 καὶ
1620 5091 1714 5142 τὸν
1744 5088 2059 5142 δῆααογον-
2093 5089 2303 5142 ὁμοίως
2334 5088 2424 5142 καὶ
2457 5039 2695 5142 ἔδῆιιος
2723 5086 2860 5142 πρὸς
2890 5086 3051 5142 αὐτὸν
3096 5089 3268 5141 ποιῶν
3296 5086 3357 5141 τὸ
3389 5079 3569 5142 σέϐας.

330 5089 629 5160 προσκυνεῖ
658 5087 686 5140 ὁ
719 5086 967 5162 ὕπαρχος
995 5089 1131 5162 πρὸς
1157 5089 1250 5144 τὸν
1281 5087 1458 5162 δῆμον
1492 5090 1582 5145 καὶ
1620 5091 1714 5145 τὸν
1744 5086 2060 5167 δήμαρχον,
2093 5086 2303 5165 ὁμοίως
2334 5088 2424 5144 καὶ

2516 5084 2695 5160 δῆμος
2723 5086 2860 5161 πρὸς
2890 5079 3051 5142 αὐτὸν
3096 5079 3268 5141 ποιῶν
3296 5086 3357 5141 τὸ
3389 5079 3569 5146 σέϐας.

1381 5205 1577 5264 JOAN.
1618 5205 1764 5263 JAC.
1807 5207 2064 5264 REISKII
2103 5201 2694 5263 COMMENTARIUS.

329 5318 496 5392 cibus
539 5317 758 5392 Latinis
812 5317 1452 5392 explicationisigratia
1489 5324 1717 5392 Graecas
1773 5339 1976 5380 earum
2087 5323 2212 5388 dus.
2261 5325 2495 5392 integer,
2529 5318 3015 5392 benevolus_;__vid.
3041 5318 3245 5392 Codin.
3292 5317 3461 5392 Offic.

328 5387 840 5467 interpretationes
888 5387 1144 5467 'addcre.
1227 5387 1318 5447 Ita
1382 5392 1534 5467 intra
1581 5389 1864 5467 Αὕγουστε
1892 5414 1980 5448 σεο

331 5451 515 5533 Gesti,
546 5462 864 5530 posteriose
892 5477 1029 5518 voce
1060 5463 1309 5531 priorem
1349 5451 1692 5533 explicante'.

401 5531 517 5605 (10)
574 5533 800 5588 Resolvi
857 5533 1029 5588 debet
1059 5537 1119 5588 in
1139 5533 1363 5605 γνήσιον
1399 5531 1489 5587 καὶ
1518 5533 1784 5604 ποθητόν⁹
1820 5535 1983 5590 bene-

332 5601 515 5674 volum
528 5606 612 5658 vel
638 5607 912 5660 sincerum
935 5613 986 5659 et
1017 5601 1265 5674 cupitum
1287 5622 1389 5662 seu
1420 5601 1813 5661 desideratum.
1850 5605 1978 5662 Vid.

329 5673 399 5750 ad
432 5690 488 5750 p_.
523 5675 611 5750 t3.
634 5676 931 5750 Adhibent
951 5673 1283 5750 noviGrmci
1305 5693 1504 5733 vocem
1536 5677 1760 5750 γνήσιος
1792 5677 1986 5750 liben-

332 5748 418 5800 ter
445 5745 519 5801 de
545 5746 767 5816 liberis,
797 5747 1004 5804 amicis
1033 5752 1092 5804 et
1122 5750 1328 5819 servis,
1362 5765 1464 5820 pro
1495 5745 1760 5815 amem,
1785 5749 1981 5806 candi-

2093 5333 2212 5388 dus,
2261 5333 2495 5392 integer,
2529 5333 2860 5385 (renovatus;
2891 5333 3011 5376 νια.
3041 5333 3245 5377 uouin.
3292 5333 3461 5374 Uine.
3505 5333 3564 5390 p.
3616 5333 3743 5386 ιιι,

2093 5395 2218 5448 123.
2243 5392 2584 5462 TbeOphan.
2609 5409 2666 5463 p.
2697 5392 2798 5463 81.
2820 5390 3128 5463 Nicephor.
3150 5390 3361 5447 CPtan.
3383 5391 3538 5449 Patr.
3568 5405 3626 5462 ρ.
3652 5391 3739 5446 12.

2091 5465 2186 5520 Vel
2223 5470 2414 5535 potest
2442 5462 2675 5536 quoque
2702 5462 2926 5536 γνήσιος
2957 5462 3013 5518 in
3061 5463 3166 5518 hac
3197 5463 3617 5536 compositione
3647 5477 3745 5515 ao-

2091 5531 2329 5606 cipipro
2373 5531 2526 5602 caro,
2571 5531 2788 5599 (amato,
2835 5533 3093 5606 adeoque
3148 5531 3584 5606 γιησιοπόθητον
3613 5547 3743 5606 esse

2091 5602 2338 5662 amatum
2369 5616 2530 5678 atque
2556 5602 3481 5678 desideratum)“in'Antbolog.
3517 5621 3568 5675 p.
3606 5602 3736 5670 218,

2700 5676 2772 5748 ὈΔ
2792 5671 2923 5748 μηδ’
2942 5675 3164 5748 Δᾀστοῖιτι
3194 5671 3450 5748 φιληθείς

2498 5744 2689 5818 Τίμων
2720 5741 2834 5801 οὐδ’
2861 5741 3023 5819 ’Λίδη
3053 5741 3275 5819 γνήσιός
3307 5741 3420 5816 εἶμι
3449 5742 3624 5802 νέκυς.
