4158 6212
399 361 520 422 537

1269 357 1370 417 DE
1414 354 1866 418 CERIMONIIS
1911 355 2149 418 AULE
2192 358 2664 428 BYZANTIN/E
2707 365 2855 428 LIB.
2905 369 2952 426 Ι.

3689 361 3814 426 538

403 511 599 567 χονται
631 491 682 545 οἱ
712 495 821 545 τῶν
870 491 1051 564 μερῶν
1098 487 1230 550 τοὺς
1277 484 1562 554 δεσπότας,
1593 487 1685 540 καὶ
1717 481 2060 558 λαμϐάνουσι

2176 500 2508 564 promotum
2541 498 2870 560 tribunum,
2903 512 3038 554 eum
3081 495 3157 552 ad
3186 494 3595 551 consistorium
3629 508 3818 565 usque

401 600 493 635 τον
526 573 911 653 προϐληθέντα
959 573 1268 649 δήμαρχον,
1320 574 1662 648 ὀψικεύοντες
1703 573 1862 628 αὐτὸν
1896 576 2060 650 μέχρι

400 673 499 726 τοῦ
530 666 947 742 κονσιστωρῖου,
983 665 1081 721 Καὶ
1133 664 1436 739 εἰσέρχεται
1487 665 1514 718 6
1562 660 1921 738 προϐληθεὶς,
1972 665 2059 719 καὶ

401 760 558 813 ἅπτει
607 757 813 832 κηροὺς
864 754 918 810 ἐν
963 758 1042 827 τῷ
1099 757 1336 825 σταυρῷ,
1386 752 1475 806 καὶ
1525 751 1820 829 ἀπέρχεται
1852 751 1932 815 εἷς
1960 755 2060 823 την

399 850 520 900 τοῦ
568 846 766 918 Κυρίου
823 843 1143 914 ἐκκλησίαν,
1191 841 1282 897 καὶ
1351 843 1506 897 ἅπτει
1564 839 1777 896 κάκεῖσε
1832 841 2061 916 κηροὺς,

403 938 495 990 καὶ
541 935 841 1014 ἀπέρχεται
899 932 1292 1007 ὀψικευὸμενος
1333 929 1421 987 διὰ
1467 936 1576 987 τῶν
1627 937 1913 1006 κορτινῶν,
1972 935 2058 988 καὶ

403 1025 738 1102 εὐφημοῦσιν
767 1023 930 1078 αὐτὸν
960 1025 1036 1084 εἷς
1066 1021 1162 1077 τὸν
1201 1023 1372 1077 τόπον
1402 1020 1570 1077 αὐτοῦ
1619 1021 1724 1076 ἀπὸ
1771 1024 1868 1090 τῆς
1916 1019 2063 1096 χαλ-

400 1123 503 1185 κῆς
540 1115 706 1190 μέχρι
737 1114 834 1169 τοῦ
868 1111 1101 1185 μηλίου.
1146 1112 1250 1168 Καὶ
1281 1105 1633 1166 καϐαλικεύει
1665 1111 1693 1165 6
1723 1106 2064 1185 προϐληθεὶς

401 1203 506 1259 ἀπὸ
537 1201 750 1279 σαγίου,
780 1202 872 1256 καὶ
904 1199 1213 1274 ὀψικευεται
1269 1200 1374 1254 ὑπὸ
1422 1203 1521 1255 τοῦ
1575 1200 1795 1273 μέρους,
1829 1199 2067 1276 φορούν-

399 1297 508 1348 τῶν
564 1291 830 1346 κάκείνων
899 1289 1058 1363 σαγία
1125 1288 1258 1366 ῥοῆς
1324 1289 1414 1344 καὶ
1485 1289 1886 1364 σκαραμάγγια.
1957 1288 2062 1343 Καὶ

401 1379 699 1455 ἀπέρχεται
730 1380 877 1435 οὕτω
911 1377 1076 1452 μέχρι
1124 1382 1220 1432 τοῦ
1269 1374 1507 1433 στάϐλου
1555 1381 1652 1432 τοῦ
1695 1382 1894 1452 μὲρους
1929 1378 2062 1450 ('23),

401 1470 491 1524 καὶ
557 1472 750 1542 θεωρεῖ
802 1469 933 1530 τοὺς
1002 1465 1208 1529 ’ἱππους
1281 1468 1476 1537 αὐτοῦ,
1539 1467 1630 1522 καὶ
1691 1460 2062 1536 καϐαλικεὺει,

403 1558 496 1614 καὶ
529 1556 821 1634 ἀπέρχεται
861 1557 1256 1631 ὀψικευόμενος
1307 1558 1477 1632 μὲχρι
1525 1560 1622 1612 τοῦ
1666 1555 1821 1610 οἳκου
1873 1554 2061 1616 αὐτοῦ,

403 1645 853 1702 ἀκολουθούντων
909 1642 1303 1720 καϐαλλαρίων
1349 1651 1447 1702 τοῦ
1507 1642 1916 1718 δευτερεύοντος
1971 1642 2062 1698 καὶ

401 1740 498 1790 τοῦ
547 1734 935 1814 γειτονιάρχου
983 1736 1075 1790 καί
1115 1739 1213 1790 τοῦ
1265 1735 1542 1809 νοταρίου,
1587 1733 1899 1811 φορούντων
1934 1753 2066 1788 σκα-

403 1823 709 1901 ραμάγγια.
767 1827 882 1900 Χρή
945 1822 1003 1879 δὲ
1080 1825 1392 1900 γινώσκειν,
1441 1823 1523 1880 ὅτι
1569 1817 2056 1896 προλαμϐάνουσιν

403 1913 479 1976 εἷς
519 1916 612 1968 τὸν
641 1915 793 1969 οἶκον
839 1918 938 1968 τοῦ
982 1908 1395 1988 προϐληθέντος
1429 1914 1454 1968 6
1486 1911 1645 1972 αὐτὸς
1690 1913 2057 1988 γειτονάρχης

398 2002 491 2056 καὶ
523 2003 550 2056 ὁ
579 2003 831 2075 νοτάριος
880 2001 969 2057 καὶ
1019 2002 1070 2056 οἱ
1121 1999 1334 2071 λοιποὶ,
1384 2002 1472 2056 καὶ
1524 2001 1764 2055 ἲστανται
1801 2000 1935 2072 μετά
1962 2003 2060 2054 τοῦ

2169 584 2538 641 comitantur.
2582 586 2767 642 Intrat
2798 585 2913 651 ille,
2947 583 3244 653 cereisque
3275 583 3332 638 in
3364 598 3538 639 cruce
3558 582 3816 637 accensis

2167 672 2472 729 ecclesiam
2511 674 2738 730 Domini
2769 673 2937 746 petit,
2968 672 3170 744 ibique
3201 687 3396 727 cereos
3429 669 3718 734 accendit,
3751 685 3816 724 ac

2167 761 2227 817 in
2261 762 2546 835 obsequio
2578 777 2682 835 per
2710 763 2968 819 cortinas
2999 761 3140 829 abit,
3173 760 3344 832 eique
3392 759 3452 814 in
3491 757 3618 815 loco
3646 774 3750 813 suo
3782 774 3816 814 a

2167 856 2331 922 porta
2349 850 2576 908 ohalces
2597 852 2665 907 ad
2692 850 2944 907 millium
2966 865 3168 908 omnes
3191 848 3378 905 felicia
3402 851 3812 920 apprecantur.

2178 939 2502 1005 Promotus,
2536 955 2676 1012 sago
2729 940 3000 1008 indutus,
3031 955 3147 1010 quo
3177 937 3430 1006 vehitur,
3454 935 3820 1009 praecedente

2169 1043 2302 1083 eum
2336 1028 2608 1093 factione,
2633 1045 2764 1101 quae
2781 1029 2957 1084 etiam
2977 1029 3156 1083 rubra
3176 1030 3233 1082 et
3264 1025 3666 1096 scaramangia
3686 1025 3817 1080 fert.

2168 1117 2264 1172 Sic
2297 1117 2368 1173 ad
2402 1116 2704 1173 stabulum
2737 1116 3010 1173 factionis
3041 1115 3322 1188 procedit,
3353 1115 3599 1185 ejusque
3638 1127 3822 1183 equos

2169 1207 2820 1278 conspicatus,domum
2837 1206 2896 1261 in
2912 1204 3161 1262 solemni
3178 1219 3391 1276 pompa
3405 1219 3555 1274 equo
3569 1201 3820 1271 vehitur,

2166 1294 2469 1350 caballarii
2519 1294 2905 1352 secundicerii
2959 1310 3059 1350 seu
3091 1293 3312 1361 vicarii,
3371 1289 3736 1362 gitoniarcha
3764 1293 3822 1345 et

2168 1382 2398 1453 notarii,
2421 1383 2843 1454 scaramangiis
2875 1381 3082 1450 induti,
3114 1382 3311 1454 ipsum
3337 1385 3681 1452 sequuntur.
3707 1379 3819 1434 Cte-

2166 1472 2356 1525 terum
2379 1470 2808 1526 observandum
2827 1475 2936 1536 est,
2954 1470 3013 1525 in
3037 1468 3254 1524 aedibus
3271 1467 3516 1540 promoti
3539 1465 3821 1538 gitoniar-

2169 1556 2367 1626 cham,
2399 1559 2694 1615 notarium
2747 1573 2815 1614 ac
2866 1557 3126 1630 reliquos
3177 1559 3536 1628 exspectare,
3588 1557 3646 1610 et
3692 1569 3822 1610 cum

2169 1646 2420 1702 factione
2446 1651 2712 1718 promoto
2741 1647 3103 1718 gratulantes
3136 1645 3192 1700 in
3228 1645 3376 1700 atrio
3408 1644 3560 1714 ejus,
3594 1647 3659 1698 ut
3692 1659 3821 1698 mos

2165 1740 2275 1805 est,
2300 1737 2529 1804 adesse,
2553 1736 2651 1792 ubi
2675 1736 3163 1805 secundicerium,
3185 1733 3638 1808 gitoniarcham,
3663 1741 3820 1789 nota-

2088 1849 2137 1915 B
2168 1825 2320 1880 rium
2344 1841 2410 1882 ac
2432 1830 2671 1882 caeteros
2694 1827 2987 1898 praefectos
3011 1829 3067 1881 et
3081 1824 3372 1897 principes
3393 1824 3461 1879 ad
3486 1821 3815 1878 convivium

2167 1918 2354 1969 vocat.
2389 1916 2580 1986 Atque
2612 1913 2766 1971 idem
2818 1915 2963 1972 ritus
2997 1915 3068 1970 ab
3117 1913 3303 1969 altera
3342 1911 3517 1969 etiam
3570 1909 3819 1966 factione

2171 2000 2529 2057 observatur.

402 2091 624 2165 μέρους,
691 2091 1063 2170 εὐφημοῦντες
1119 2091 1213 2145 τὸν
1279 2084 1684 2164 προϐληθέντα,
1751 2088 1828 2150 εἷς
1884 2088 1976 2143 τὸν
2017 2084 2242 2141 πυλῶνα
2281 2088 2473 2157 αὐτοῦ,
2524 2087 2706 2152 καθὼς
2762 2087 2880 2167 ἔχει
2939 2091 2974 2157 ἡ
3033 2090 3308 2158 συνήθεια,
3357 2086 3449 2142 καὶ
3507 2084 3666 2140 καλεῖ
3722 2085 3815 2140 τὸν

400 2177 785 2255 δευτερεύοντα
831 2179 920 2234 καὶ
965 2180 1058 2235 τὸν
1105 2177 1495 2257 γειτονιάρχην
1544 2178 1636 2234 καὶ
1683 2178 1776 2233 τὸν
1823 2176 2075 2248 νοτάριον
2118 2176 2210 2230 καὶ
2257 2175 2385 2237 τοὺς
2440 2176 2669 2239 Λοιποὺς
2719 2176 2993 2251 ἄρχοντας
3043 2178 3136 2231 καὶ
3185 2177 3252 2232 τὰ
3298 2178 3561 2249 πρωτεῖα.
3606 2173 3727 2247 Χρή
3761 2170 3819 2226 δὲ

398 2271 706 2344 γινώσκειν,
739 2271 822 2326 ὃτι
854 2273 888 2340 ἡ
923 2269 1059 2339 αὖτή
1091 2268 1391 2325 ἀκολουθία
1420 2271 1621 2345 γίνεται
1651 2270 1740 2324 καὶ
1774 2268 1860 2324 ἐπὶ
1892 2271 1989 2322 τοῦ
2020 2266 2205 2341 ἐτέρου
2238 2266 2455 2342 μέρους.

403 2359 539 2416 Ὃσα
588 2358 676 2434 δεῖ
715 2357 1174 2434 παραφυλάττειν,
1223 2359 1269 2434 εξ
1319 2357 1527 2434 κελεύει
1561 2359 1587 2412 6
1625 2358 1880 2434 βασιλεὺς
1919 2377 2058 2432 προ-

644 2425 907 2485 ϐαλέσθαι
936 2433 958 2468 ⁸
987 2427 1082 2485 δυο
1117 2425 1442 2505 δημάρχους
1476 2430 1528 2484 ἐν
1559 2425 1639 2502 τῷ
1683 2431 1818 2504 ἅμα.

474 2518 788 2591 Μηνῦονται
821 2520 910 2575 καὶ
950 2518 1268 2601 ἀνέρχονται
1317 2523 1384 2575 τά
1436 2516 1532 2574 δύο
1568 2518 1704 2594 μὲρη
1739 2517 1790 2573 ἒν
1822 2523 1902 2590 τῷ
1935 2519 2059 2573 ὄνοι

403 2606 604 2681 ποδίῳ,
653 2610 743 2664 καὶ
797 2606 1167 2683 παραδίδωσιν
1215 2609 1244 2662 ὁ
1295 2608 1652 2682 πραιπόσιτος
1704 2607 1796 2662 τὸν
1837 2611 2053 2679 πρῶτον

406 2694 698 2776 δήμαρχον
731 2697 802 2752 εἰ(
836 2699 898 2752 τὸ
953 2699 1118 2771 μέρος
1169 2693 1356 2766 αὺτοῦ,
1389 2697 1599 2769 ὁμοίως
1629 2696 1719 2750 καὶ
1754 2695 1846 2750 τὸν
1869 2691 2048 2771 ἕτερον

405 2785 482 2848 εἷς
539 2787 600 2841 τὸ
663 2786 824 2860 μέρος
882 2785 1067 2841 αὐτοῦ·
1125 2785 1194 2840 τὰ
1253 2782 1309 2839 δὲ
1358 2783 1529 2839 λοιπά
1566 2785 1740 2839 πάντα
1792 2781 2052 2854 τελεῖται,

404 2876 585 2938 καθὼς
628 2874 882 2949 ἀνωτέρω
920 2874 1153 2949 εἴρηται.
1204 2875 1284 2929 Τά
1331 2874 1427 2946 μὲν
1479 2870 1741 2947 χλανίδια
1791 2871 2054 2948 ἐπαίρου-

401 2984 482 3018 σιν
515 2963 567 3018 οἱ
599 2961 882 3040 δήμαρχοι
932 2963 1038 3018 ἀπὸ
1085 2968 1196 3018 τῶν
1247 2959 1676 3037 διαδεδεγμένων
1709 2962 1733 2996 ⁸
1763 2963 1876 3034 (24)
1906 2959 2054 3033 δημ-

403 3052 610 3130 άρχων,
638 3053 666 3107 6
700 3049 920 3114 Βένετος
959 3051 1180 3108 Βένετον
1230 3051 1321 3106 καὶ
1370 3050 1597 3126 Τύρεον,
1637 3049 1727 3106 καὶ
1772 3051 1800 3104 6
1851 3051 2050 3122 Πράσι-

400 3162 494 3204 νος
524 3143 754 3214 ὁμοίως,
786 3139 973 3210 ἐπειδὴ
1009 3141 1270 3215 βασιλικά
1298 3140 1457 3196 εἰσιν.

1017 3232 1437 3300 κεφΑΑ.Νς.

503 3321 636 3373 Ὅσα
686 3316 762 3374 δει
811 3317 1249 3398 παραφυλάττειν
1297 3318 1384 3374 ἐπὶ
1427 3321 1734 3395 προαγωγῇ
1767 3315 1942 3374 δευτε-

1087 3390 1358 3465 ρεῦοντος.

470 3480 795 3536 Κελεύουσιν
847 3481 902 3533 οἱ
951 3477 1207 3534 δεσπόται
1252 3485 1331 3552 τῷ
1381 3480 1727 3554 πραιποσίτῳ
1759 3480 1879 3552 περῖ
1911 3499 2050 3554 προ-

397 3562 570 3637 ϐολῆς
629 3564 1055 3643 δευτερεύοντος,
1108 3568 1197 3622 καὶ
1255 3565 1578 3624 ἀποστέλλει
1623 3569 1651 3622 6
1690 3568 2050 3641 πραιπόσιτος

397 3654 783 3730 σιλεντιάριον,
843 3657 934 3711 καὶ
990 3661 1146 3726 ζητεῖ
1193 3657 1286 3711 τὸν
1334 3653 1652 3735 δήμαρχον,
1699 3655 1789 3710 καὶ
1845 3654 1932 3710 ἐὰν
1961 3657 2047 3712 εὖ·

399 3745 548 3820 ρεθῇ,
605 3742 826 3800 δίδωσιν
877 3743 1164 3820 ἀπόκρισιν
1215 3751 1330 3806 τοῖς
1379 3742 1685 3812 δεσπόταις,
1718 3744 1808 3798 καὶ
1859 3746 1909 3798 οἱ
1961 3741 2049 3800 δε-

390 3833 585 3888 σπόται
641 3831 998 3907 παραδιδοῦσι
1077 3837 1158 3906 τῷ
1235 3833 1580 3907 πραιποσίτῳ
1638 3833 1694 3886 ὅν
1759 3831 2046 3906 βούλονται

390 3917 761 3997 προϐαλέσθαι
790 3926 808 3959 ⁷
857 3919 1256 3997 δευτερεύοντα,
1309 3921 1412 3978 Καὶ
1463 3919 1736 3996 ἐξέρχεται
1791 3921 2047 3993 ὀψικευό-

394 4031 554 4083 μενος
597 4011 700 4066 ὑπὸ
746 4006 1219 4086 κουϐικουλαρίων
1268 4009 1359 4064 καὶ
1409 4009 1786 4081 σιλεντιαρίων
1815 4013 1923 4064 τῶν
1955 4003 2044 4062 ὅν-

390 4121 500 4155 των
557 4095 921 4175 ἑϐδομαρίων,
983 4100 1072 4155 καὶ
1124 4095 1464 4174 παραδίδωσι
1522 4099 1615 4152 τὸν
1671 4096 2046 4172 δευτερεύοντα

391 4192 469 4259 τῷ
499 4185 799 4264 δημάρχῳ,
860 4191 947 4244 καὶ
1000 4188 1326 4267 ἐπεύχονται
1381 4191 1498 4250 τοῖς
1554 4183 1858 4248 δεσπόταις.
1902 4191 2042 4260 Προ-

392 4272 653 4334 6άλλεται
685 4276 742 4334 δὲ
772 4281 805 4348 ἢ
860 4279 911 4335 ἐν
961 4283 1038 4350 τῷ
1074 4277 1414 4352 ἡμικυκλίῳ,
1449 4275 1484 4346 ἤ
1519 4275 1569 4332 ἐν
1603 4281 1671 4351 τῇ
1713 4276 2040 4352 θερμάστρᾳ,

389 4367 434 4422 εἱ
485 4364 542 4422 δὲ
590 4368 798 4422 ἀσθενεῖ
844 4368 871 4421 6
926 4364 1240 4446 δήμαρχος,
1291 4366 1496 4441 ἐπαίρει
1547 4365 1706 4420 αὐτὸν
1739 4367 1767 4420 6
1799 4359 2040 4438 ἑϐδομά-

2240 2356 2628 2426 Οὺεενυαηιια,
2659 2358 2710 2413 εἰ
2754 2356 3079 2430 imperatori
3121 2356 3257 2411 duo:
3285 2353 3606 2411 demarchus
3637 2369 3749 2408 una

2662 2448 2994 2502 constituere
3020 2443 3316 2518 placuerit.

2242 2535 2374 2590 Duaa
2391 2535 2674 2591 factiones
2688 2535 2999 2591 admonita
3018 2535 3074 2588 in
3095 2531 3451 2604 onopodium
3468 2529 3818 2600 ascendunt,

2165 2627 2222 2678 et
2244 2623 2587 2694 praepositus
2603 2625 2855 2696 primum
2881 2623 3182 2678 tribunum
3199 2620 3433 2678 factioni
3453 2619 3820 2690 sue,pariter

2164 2717 2220 2766 et
2241 2711 2485 2767 alterum
2505 2712 3078 2780 suae,tradit.Czetera
3093 2709 3288 2766 omnia
3303 2713 3368 2765 ut
3388 2725 3570 2780 supra
3590 2707 3816 2762 dictum

2161 2803 2272 2868 est,
2306 2805 2682 2871 peraguntur.
2716 2800 2970 2856 Tunicae
3000 2815 3132 2856 vero
3183 2797 3485 2870 accipiunt
3528 2797 3600 2852 ab
3632 2813 3816 2852 exau-

2161 2889 2405 2944 ctoratis
2437 2889 2708 2955 tribunis,
2740 2888 2996 2945 Venetus
3028 2893 3306 2944 Venetam
3362 2890 3420 2941 et
3449 2885 3702 2958 Tyriam,
3737 2889 3817 2957 ita

2160 2982 2217 3032 et
2244 2976 2544 3044 Prasinus,
2574 2977 2852 3048 quoniam
2879 2978 2966 3032 hae
2997 2975 3372 3048 imperatoris
3402 2979 3560 3030 sunt.

2678 3308 2718 3361 ‘l
2731 3307 2833 3364 59
2863 3303 3099 3362 CAPUT
3140 3304 3282 3360 LVI.

2368 3395 2719 3455 Obseruando
2748 3397 2806 3450 in
2836 3393 3176 3466 promotione
3202 3391 3595 3449 :emmdicerii.

2227 3483 2458 3540 Domini
2521 3485 2830 3557 praeposito
2889 3485 2961 3540 de
3016 3483 3379 3556 promotione
3423 3482 3806 3539 secundicerii

2152 3574 2491 3631 mandatum
2519 3574 2680 3642 dant,
2706 3578 2763 3630 et
2795 3573 2977 3629 mittit
3007 3572 3355 3646 praepositus
3385 3571 3802 3641 silentiarium,

2155 3667 2220 3716 ut
2248 3663 2553 3720 tribunum
2594 3670 2852 3735 querat;
2903 3678 3017 3734 quo
3065 3667 3316 3734 reperto,
3349 3677 3693 3730 responsum
3727 3660 3800 3715 ad

2153 3751 2422 3808 dominos
2446 3753 2679 3823 perfert,
2698 3751 2757 3806 hi
2783 3751 3108 3823 praeposito,
3133 3767 3302 3821 quem
3331 3749 3800 3804 secundicerium

2154 3843 2511 3898 constituere
2540 3840 2761 3908 volunt,
2809 3841 3069 3895 tradunt.
3102 3839 3235 3910 Ipse
3291 3837 3602 3908 egreditur,
3635 3852 3668 3891 a
3698 3852 3805 3891 cu-

2150 3929 2456 3986 biculariis
2514 3934 2571 3983 et
2627 3928 2998 3994 silentiariis,
3041 3927 3138 3998 qui
3198 3943 3265 3981 ea
3314 3925 3645 3996 septimana
3694 3922 3796 3980 illo

2154 4033 2390 4073 munere
2438 4018 2780 4088 funguntur,
2814 4015 3080 4087 stipatus,
3113 4014 3172 4069 hi
3198 4012 3661 4069 secundicerium
3695 4012 3797 4067 tri-

2153 4107 2310 4162 buno
2340 4107 2600 4170 tradunt,
2623 4105 2998 4175 dominisque
3021 4105 3213 4158 fausta
3232 4105 3643 4173 apprecantur.
3665 4105 3798 4155 Pro-

2153 4201 2419 4251 movetur
2449 4200 2642 4249 autem
2673 4193 2763 4249 vel
2795 4194 2851 4248 in
2886 4190 3226 4260 hemicyclio
3255 4190 3343 4245 vel
3376 4190 3434 4244 in
3459 4188 3706 4244 camino.
3737 4187 3795 4243 Si

2151 4289 2344 4340 autem
2399 4283 2668 4339 tribunus
2728 4282 2930 4338 morbo
2989 4281 3232 4348 laborat,
3285 4277 3646 4335 silentiarius
3693 4275 3796 4349 qui

2150 4390 2253 4447 per
2283 4373 2445 4429 illam
2479 4373 2868 4444 septimanam
2902 4370 3093 4427 ofﬁcio
3125 4369 3405 4441 fungitur,
3432 4383 3566 4424 eum
3593 4384 3627 4422 a
3651 4384 3797 4438 prte-

393 4476 506 4530 ριος
565 4457 926 4534 σιλεντιάριος
981 4458 1128 4533 παρά
1183 4461 1279 4512 τοῦ
1335 4456 1722 4532 πραιποσίτου,
1777 4455 1866 4510 καὶ
1935 4453 2074 4519 ἀπε

2164 4461 2344 4534 posito
2376 4462 2641 4534 suscipit,
2673 4470 2726 4518 et
2758 4461 2958 4517 abiens
2987 4461 3058 4515 ad
3103 4457 3325 4514 tribuni
3356 4459 3526 4522 aedes,
3558 4455 3668 4528 ipsi
3698 4473 3792 4511 se—

393 4547 609 4620 ἑρχεται
662 4546 712 4602 ἐν
757 4552 838 4621 τῷ
892 4547 1029 4620 οῗκῳ
1075 4552 1172 4601 τοῦ
1223 4543 1540 4622 δημάρχου,
1574 4545 1662 4600 καὶ
1701 4541 2039 4621 παραδίδωσι

393 4640 476 4708 τῷ
506 4633 784 4712 δημάρχω
822 4637 913 4692 τὸν
959 4634 1352 4711 δευτερεύοντα.
1403 4637 1530 4710 Χρή
1573 4633 1630 4690 δὶ
1679 4632 1897 4704 εἷδέναι,
1932 4636 2038 4701 ὅτι,

390 4724 478 4780 ὅτε
536 4725 565 4779 6
625 4725 981 4795 πραιπόσιτος
1039 4721 1380 4799 παραδίδωσι
1428 4728 1509 4795 τῷ
1566 4724 1912 4797 σιλεντιαρίῳ
1949 4731 2040 4778 τὸν

389 4810 786 4888 δευτερεύοντα,
838 4815 1174 4889 εὓρίσκονται
1220 4814 1310 4869 καὶ
1361 4815 1411 4868 0".
1453 4818 1551 4868 τοῦ
1596 4813 1810 4888 μὲρους,
1863 4815 1890 4870 6
1929 4834 2040 4890 γει-

383 4903 708 4982 τονιάρχης,
735 4905 763 4958 6
794 4905 1067 4976 νοτάριος,
1099 4904 1222 4972 ἤτοι
1273 4904 1300 4957 6
1351 4900 1782 4981 χαρτουλάριος,
1814 4904 1841 4956 6
1873 4923 2036 4972 ποιη-

2148 4550 2547 4607 cundicerium
2593 4550 2789 4606 tradit.
2822 4547 3262 4605 Observandum
3315 4561 3448 4601 vero
3495 4549 3604 4610 est,
3637 4545 3794 4615 quod

2150 4641 2288 4696 dum
2324 4641 2668 4711 praepositus
2699 4637 3160 4694 sccundicerium
3195 4632 3519 4690 silentiario
3550 4631 3796 4688 traditu-

2148 4745 2251 4784 rus
2298 4733 2407 4796 est,
2443 4727 2712 4785 factionis
2758 4725 3138 4800 gitoniarcha,
3173 4723 3456 4798 notarius.
3483 4737 3584 4778 seu
3617 4720 3795 4776 char-

2149 4815 2420 4884 tularius,
2455 4825 2641 4888 poeta,
2676 4815 2937 4871 musicus
2975 4819 3032 4869 et
3061 4811 3364 4885 magister,
3399 4815 3462 4866 ut
3505 4810 3612 4880 ipsi
3645 4825 3792 4881 quo-

2148 4921 2262 4976 que
2311 4919 2445 4959 eum
2478 4921 2510 4959 a
2547 4904 2850 4976 preposito
2893 4902 3202 4974 accipiant,
3253 4898 3470 4956 adsint.
3507 4898 3790 4955 Caeterum

1738 5080 1984 5137 VARUE
2025 5081 2436 5139 LECTIONES.

455 5259 480 5293 ⁵
511 5250 919 5330 προϐάλλεσθαι
951 5255 1042 5310 ed.
1119 5254 1142 5288 ⁸
1173 5249 1614 5328 διαδεδειγμένων
1648 5254 1740 5310 ed.
1817 5252 1840 5286 ⁷
1869 5247 2284 5326 προϐάλλεσθαι
2308 5255 2400 5311 ed.

1384 5427 1581 5483 JOAN.
1621 5429 1764 5484 JAC.
1809 5427 2074 5485 REISKII
2112 5427 2703 5487 COMMENTARIUS.

451 5586 564 5656 (23)
596 5584 892 5656 Habebant
921 5598 1058 5654 ergo
1090 5580 1387 5656 factiones
1417 5580 1729 5656 peculiaria
1759 5579 1870 5656 sibi
1901 5589 2028 5656 σιμ·
2139 5583 2426 5656 inaream
2476 5575 2968 5656 producerentur,
3031 5579 3321 5656 habebant
3381 5573 3788 5656 ᾅρκτοτρόφους

377 5643 558 5723 bula,
581 5672 682 5728 pro
725 5654 889 5728 equis
929 5643 1054 5728 suis
1083 5652 1391 5728 certamini
1419 5643 2030 5728 'committendiSLiis-
2138 5643 3179 5728 νει-θηριοκὸμουςςνὶἁηιῗιιοοορὶυε
3215 5643 3783 5728 ᾼοεοᾲοῑτλριιεξάο.

380 5743 496 5800 que
531 5716 792 5783 'a'dditos'
825 5723 1197 5796 ἱπποκόμους.
1256 5721 1430 5791 Olim,
1484 5738 1620 5780 cum
1669 5722 1862 5780 adhuc
1895 5722 2028 5778 ferte
2207 5716 2769 5794 (ﬂj'Bxadctoratis:
2801 5724 2919 5780 vid.
2953 5716 3128 5795 paulo
3158 5726 3290 5777 ante
3320 5724 3437 5774 not.
3475 5716 3562 5770 18.
