4138 6212
340 365 457 427 543

1401 360 1932 422 CONSTANTINI
1977 362 2678 428 PORPHYROGENI’I‘I

3626 369 3746 429 5M

342 501 576 572 gelones
609 502 666 555 et
696 497 905 564 clerus,
940 512 1103 568 teque
1131 511 1198 552 ac
1228 500 1470 554 senatus
1515 498 1729 567 omnis,
1760 498 1816 553 in
1856 514 1977 553 sca-

2098 506 2312 573 χρυσῆς
2342 499 2635 575 χλαμύδος
2683 499 2773 555 καὶ
2804 495 3157 575 καμπαγίων,
3196 499 3287 555 καὶ
3320 501 3656 578 εἰσέρχονται
3688 508 3740 560 οἱ

343 588 917 659 ramangiisintrant,
933 590 1266 656 canuntque
1287 602 1713 659 eaqumcanere
1733 604 1857 643 mos
1875 591 1981 644 est.

342 678 549 733 Postea
581 676 924 748 praepositus
956 677 1408 731 cerimoniarum
1440 679 1713 747 magistro
1750 682 1980 745 signum

226 754 237 759 q
339 766 459 833 dat,
489 764 585 836 qui
616 764 758 820 dicit
788 782 801 819 :
835 788 862 814 ‹‹
891 765 1187 835 Egredere,
1213 765 1549 837 imperator,
1574 766 1692 822 Rex
1713 772 1767 823 te
1786 782 1981 836 regum

338 859 395 909 et
425 853 702 910 Dominus
731 854 1158 910 dominantium
1192 858 1357 910 vocat
1378 872 1390 909 :
1412 877 1439 905 »
1464 872 1578 926 quo
1600 861 1687 910 ter
1716 854 1980 926 repetito,

338 942 537 998 statim
566 960 599 998 a
621 942 905 999 ministris
937 942 1301 1013 imperatoris
1324 942 1544 1000 tollitur
1573 961 1805 1015 corpus,
1837 948 1893 1000 et
1922 943 1981 998 in

336 1030 577 1088 chalcen
612 1032 1002 1103 deportatum,
1033 1030 1111 1087 ibi
1146 1032 1468 1102 reponitur,
1500 1034 1811 1105 omniaque
1855 1049 1983 1089 mo-

334 1136 395 1176 re
422 1121 651 1176 solenni
692 1124 1064 1191 peraguntur.
1098 1121 1242 1175 Cum
1293 1136 1505 1192 corpus
1558 1122 1747 1178 etferri
1793 1122 1981 1192 debet,

334 1209 743 1265 cerimoniario
767 1210 1114 1281 praepositus
1142 1209 1377 1281 signum
1410 1212 1529 1277 dat,
1552 1212 1650 1282 qui
1682 1219 1763 1267 ter
1791 1211 1982 1266 dicere

333 1299 392 1353 in
414 1298 555 1369 cipit
580 1314 593 1351 :
621 1320 647 1348 «
675 1298 979 1370 Egredere,
1002 1298 1338 1370 imperator,
1365 1322 1393 1349 ››
1413 1304 1610 1370 etquae
1633 1304 1978 1372 sequuntur,

334 1394 510 1459 atque
539 1387 621 1442 ita
646 1403 861 1458 corpus
894 1387 965 1442 ab
998 1388 1386 1458 imperatoriis
1437 1388 1921 1459 protospathariis
1951 1405 1982 1444 e

335 1476 531 1532 chalce
563 1480 954 1545 eXportatum,
982 1493 1083 1548 per
1104 1478 1356 1532 mediam
1384 1477 1615 1543 transit,
1635 1493 1887 1548 cumque
1908 1478 1979 1532 ad

333 1562 549 1629 locum,
572 1564 671 1619 ubi
694 1568 958 1635 componi
982 1566 1174 1631 debet,
1191 1565 1450 1636 pervenit
1470 1567 1749 1637 ofﬁcium,
1778 1571 1980 1621 cantus

334 1658 391 1709 et
419 1661 622 1709 caetera
653 1671 781 1726 quis
802 1654 1031 1710 institui
1055 1653 1266 1722 solent,
1290 1655 1371 1709 ibi
1405 1660 1783 1726 peraguntur.
1816 1654 1982 1711 Post-

332 1759 400 1799 ea
433 1744 899 1810 cerimoniarius,
934 1745 1102 1815 signo
1152 1762 1184 1800 a
1232 1746 1542 1817 praeposito
1574 1745 1730 1814 dato,
1772 1750 1860 1801 ter
1887 1762 1983 1800 ex-

270 1878 275 1883 .
331 1831 579 1888 clamat:
616 1854 644 1881 ι(
677 1833 855 1898 lntra,
888 1833 1226 1903 imperator,
1253 1840 1421 1889 vocat
1447 1839 1505 1890 te
1547 1835 1660 1889 Rex
1696 1849 1893 1905 regum
1928 1838 1986 1890 et

330 1922 615 1978 Dominus
634 1922 1064 1977 dominantium
1088 1938 1148 1989 ;››
1164 1922 1374 1977 deinde
1387 1922 1470 1977 sic
1492 1940 1504 1978 :
1523 1945 1551 1973 ‹‹
1572 1923 1805 1994 Depone
1828 1939 1984 1978 coro-

330 2027 469 2067 nam
483 2012 714 2081 acapite
730 2017 886 2077 tuo,»
900 2011 1168 2066 etstatim
1186 2010 1663 2082 haecaprazposito
1678 2011 1984 2081 tollitur,et

328 2100 650 2171 imponitur
667 2099 845 2155 fascia
868 2117 1161 2170 purpurea
1183 2099 1459 2171 simplex;
1477 2105 1534 2154 at
1553 2099 1667 2155 alio
1690 2100 1746 2154 in
1774 2115 1979 2155 monu-

332 2194 525 2245 mento
558 2190 875 2259 reponitur.
912 2190 1225 2245 Sciendum
1270 2195 1361 2246 est
1408 2190 1680 2246 eumdem
1732 2206 1978 2258 morem,

331 2280 599 2335 eumdem
626 2279 798 2333 ritum
823 2280 1200 2349 eamdemque
1220 2279 1701 2335 consuetudinem
1718 2278 1895 2334 etiam
1922 2280 1981 2334 in

329 2370 602 2440 Augustae
636 2368 836 2423 funere
859 2368 1174 2423 observari.
1210 2368 1385 2423 Debet
1412 2372 1605 2424 autem
1639 2368 1984 2424 cerimonia-

331 2454 453 2510 rius
482 2456 541 2509 in
579 2455 779 2510 funere
809 2456 1083 2526 Augustis
1105 2454 1330 2511 dicere:
1363 2478 1384 2504 ι
1413 2455 1712 2522 Egredere,
1732 2457 1980 2527 impera-

329 2544 464 2610 trix,
488 2547 654 2599 vocat
675 2548 730 2599 te
764 2543 882 2598 Rex
903 2544 1270 2615 regnantium
1289 2552 1342 2599 et
1364 2543 1647 2599 Dominus
1669 2545 1979 2600 dominan-

330 2633 503 2688 tium.
540 2653 567 2679 »

2088 594 2188 656 τῆς
2228 589 2420 664 Ἀγίας
2455 590 2656 667 Σοφίας
2689 587 2938 664 γήλωνες
2969 590 3077 659 (34)
3108 588 3198 643 καὶ
3235 590 3263 643 6
3294 587 3526 664 κλῆρος,
3568 593 3745 647 ὡσαύ-

2091 695 2200 729 τως
2230 675 2322 729 καὶ
2379 679 2525 729 πᾶσα
2572 677 2605 743 ἡ
2662 672 2975 748 σύγκλητος
3027 673 3133 728 ἀπὸ
3164 676 3615 753 σκαραμαγγίων,
3646 680 3737 734 καὶ

2092 762 2368 837 ψάλλουσι
2399 765 2533 819 κατά
2572 762 2922 819 ἀκολουθίαν.
2956 762 3071 819 Εἶθ’
3126 762 3267 818 οὕτω
3310 765 3452 820 νεύει
3497 767 3526 820 6
3570 788 3741 841 πραι-

2091 853 2314 915 πόσιτος
2368 857 2447 925 τῷ
2514 860 2616 922 τῆς
2684 852 3083 923 καταστάσεως,
3140 853 3231 907 καὶ
3312 852 3459 929 λέγει
3524 854 3735 912 ἐκεῖσε·

2091 966 2117 995 ‹‹
2153 941 2394 1015 Ἔξελθε,
2429 940 2675 1017 βασιλεῦ,
2708 940 2867 996 καλεῖ
2896 962 2951 996 σε
2983 942 3010 995 6
3045 944 3088 979 ¹³
3120 941 3385 1008 Βασιλεὺς
3420 949 3527 999 τῶν
3584 948 3740 1019 βασι-

2092 1029 2360 1086 λευόντων
2402 1033 2491 1086 καὶ
2528 1031 2727 1106 Κύριος
2762 1034 2868 1085 τῶν
2924 1031 3282 1104 κυριευόντων
3311 1052 3322 1065 ·
3382 1057 3410 1084 ››
3458 1038 3619 1089 τοῦτο
3656 1036 3743 1091 λέ-

2089 1141 2173 1194 γει
2234 1119 2438 1194 τρίτον,
2473 1120 2562 1175 καὶ
2594 1119 2897 1194 παραυτίκα
2938 1120 3147 1194 αἴρεται
3178 1121 3238 1175 τὸ
3299 1120 3554 1195 λείψανον
3596 1126 3742 1199 παρά

2087 1213 2195 1264 τῶν
2256 1208 2577 1285 βασιλικῶν,
2635 1208 2725 1263 καὶ
2771 1208 2938 1263 παλιν
2998 1209 3331 1286 εἰσφέρουσιν
3400 1208 3531 1267 αὒτὸ
3589 1210 3738 1269 ἔνδον

2088 1300 2187 1368 τῆς
2248 1299 2484 1374 χαλκῆς,
2518 1299 2606 1352 καὶ
2657 1298 2894 1362 τιθέασιν
2943 1299 3078 1353 αὐτὸ
3127 1298 3319 1369 ἐκεῖσε,
3376 1302 3463 1355 καὶ
3520 1308 3738 1359 ποιοῦσι

2088 1387 2153 1443 τὰ
2221 1386 2270 1455 ἐξ
2328 1381 2500 1448 ἔθους.
2539 1392 2644 1442 Καῖ
2673 1386 2760 1441 ὅτε
2818 1385 3025 1460 ὀφείλει
3082 1386 3312 1460 ἀρθῆναι
3344 1388 3407 1442 τὸ
3456 1390 3739 1464 λείψανον,

2089 1478 2227 1531 νεύει
2262 1477 2289 1529 ὁ
2320 1476 2680 1550 πραιπόσιτος
2736 1480 2813 1547 τῷ
2852 1483 2951 1544 τῆς
2994 1475 3390 1548 καταστάσεως,
3421 1479 3512 1533 καὶ
3572 1479 3739 1560 ἆρχε·

2089 1586 2179 1619 ται
2227 1562 2407 1639 λέγειν
2453 1563 2514 1620 ἐκ
2542 1563 2726 1638 τρίτου
2773 1564 2856 1630 τὸ,
2903 1588 2931 1615 ‹‹
2985 1565 3222 1634 Ἔξελθε,
3274 1564 3524 1639 βασιλεῦ,
3576 1592 3603 1619 ››
3648 1569 3741 1623 καὶ

2089 1654 2157 1707 τά
2186 1654 2328 1723 ἑξῆς,
2361 1654 2449 1707 καὶ
2503 1652 2598 1707 εἶθ’
2643 1652 2814 1715 οὕτως
2867 1653 3140 1727 ἐξέρχεται
3200 1654 3262 1707 τὸ
3324 1653 3573 1729 λείψανον
3630 1656 3740 1711 ἀπὸ

2089 1749 2190 1811 τῆς
2235 1741 2477 1816 χαλκῆς,
2541 1741 2937 1817 βασταζόμενον
2994 1742 3097 1796 ὑπὸ
3159 1742 3457 1818 βασιλικῶν
3512 1766 3735 1820 πρωτο-

2093 1829 2423 1904 σπαθαρίων,
2479 1830 2567 1884 καὶ
2631 1826 2902 1905 διέρχεται
2955 1828 3043 1883 διὰ
3089 1836 3191 1898 τῆς
3252 1832 3444 1903 μέσης,
3495 1833 3586 1887 καὶ
3641 1834 3735 1888 τὸν

2090 1919 2256 1974 τόπον
2285 1914 2705 1974 καταλαϐόντων
2745 1920 2808 1987 ¹⁴,
2843 1917 2894 1972 ὲν
2924 1920 2969 1990 ᾧ
3031 1918 3221 1992 μέλλει
3272 1916 3619 1992 κηδευθῆναι,
3649 1923 3735 1995 γί-

2090 2029 2235 2063 νεται
2280 2010 2314 2077 ἡ
2373 2006 2671 2075 ἀκολουθία
2727 2014 2826 2077 τῆς
2875 2005 3205 2081 ψαλμῳδίας
3254 2008 3346 2063 καὶ
3396 2009 3463 2064 τά
3510 2011 3734 2081 συνήθη.

2092 2098 2223 2154 Εἶτα
2277 2096 2415 2151 νεύει
2472 2096 2638 2151 πάλιν
2707 2096 2735 2149 6
2794 2096 3151 2171 πραιπόσιτος
3204 2101 3283 2168 τῷ
3339 2104 3440 2167 τῆς
3472 2099 3739 2153 καταστά-

2094 2208 2249 2257 σεως,
2281 2186 2370 2241 καὶ
2429 2191 2663 2241 ποιεῖται
2701 2187 2801 2254 τὴν
2853 2186 3190 2264 ἀναφώνησιν
3244 2183 3457 2248 οὕτως’
3520 2212 3548 2239 ‹‹
3607 2184 3738 2245 Εἴσ.

2092 2274 2236 2345 ελθε,
2274 2273 2520 2349 βασιλεῦ,
2552 2274 2712 2329 καλεῖ
2772 2294 2827 2328 σε
2885 2276 2912 2328 ὁ
2964 2273 3217 2335 Βασιλεὺς
3265 2279 3372 2328 τῶν
3428 2275 3741 2351 βασιλευόν-

2089 2384 2196 2417 των
2228 2362 2319 2417 καὶ
2372 2363 2565 2436 Κύριος
2612 2367 2722 2416 τῶν
2771 2362 3154 2437 κοριευὸντων,
3189 2386 3213 2416 ι
3251 2362 3311 2419 ἐκ
3369 2364 3575 2438 τρίτου.
3625 2366 3739 2430 Εἶθ’

2091 2450 2289 2513 οὕτως·
2325 2475 2352 2503 ιι
2390 2451 2629 2515 ’Δπὸθου
2657 2452 2719 2506 τὸ
2752 2452 2966 2523 στέμμα
3012 2452 3118 2505 ἀπὸ
3147 2459 3248 2520 τῆς
3278 2451 3521 2532 κεφαλῆς
3553 2474 3669 2509 σου·
3707 2479 3734 2505 n

2090 2540 2177 2595 καὶ
2237 2538 2434 2604 εὐθέως
2483 2538 2687 2615 α’ίρεται
2748 2542 2895 2614 παρά
2948 2544 3045 2595 τοῦ
3101 2543 3487 2615 πραιποσίτου,
3520 2544 3615 2597 καὶ
3661 2544 3740 2598 τί-

2092 2642 2240 2695 θεται
2271 2630 2621 2701 σημεντέϊνον
2657 2631 2700 2666 ¹⁶
2727 2632 2843 2702 (35)
2888 2630 3023 2702 μετᾶ
3069 2637 3348 2709 πορφυρᾶς
3399 2630 3557 2701 λιτῆς
3599 2634 3735 2704 (36),

331 2715 421 2770 καὶ
475 2715 678 2770 τίθεται
733 2715 785 2770 ἐν
832 2720 911 2784 τῷ
968 2718 1245 2789 μνημείῳ.
1281 2718 1498 2783 Ἰστέον,
1531 2716 1615 2772 ὅτι
1657 2717 1684 2770 ὁ
1742 2717 1903 2780 αὐτὸς
1931 2720 2100 2780 τύπος
2129 2717 2217 2772 καὶ
2243 2719 2278 2786 ἠ
2312 2715 2445 2785 αὐτὴ
2479 2716 2626 2789 τάξις
2678 2716 2767 2771 καὶ
2838 2716 3133 2772 ἀκολουθία
3163 2718 3366 2793 γίνεται
3398 2718 3489 2773 καὶ
3530 2718 3609 2781 εἷς
3635 2721 3735 2789 τήν

333 2813 438 2874 τῆς
479 2806 783 2881 αὐγούστης
828 2803 1075 2876 κηδείαν.
1108 2809 1234 2882 Χρὴ
1290 2804 1348 2862 δὲ
1402 2808 1496 2862 τὸν
1547 2814 1649 2876 τῆς
1696 2809 2071 2870 καταστάσεως
2112 2807 2196 2862 ἐπὶ
2236 2810 2304 2880 τῇ
2337 2803 2504 2879 ἐξόδῳ
2533 2808 2631 2876 τῆς
2666 2806 2968 2882 αὐγούστης
3002 2805 3205 2881 λέγειν·
3253 2829 3274 2859 ι
3309 2807 3552 2879 ’¹Βξελθε,
3583 2809 3737 2883 βασί-

335 2894 519 2965 λισσα,
550 2901 712 2951 καλεῖ
741 2916 798 2950 σε
838 2896 866 2950 ὁ
899 2897 1170 2960 Βασιλεὺς
1197 2901 1306 2951 τῶν
1343 2896 1744 2968 βασιλευόντων
1776 2899 1861 2953 καὶ
1894 2898 2095 2973 Κύριος
2124 2900 2232 2951 τῶν
2262 2896 2644 2970 κυριευόντων.
2679 2919 2707 2949 ››

942 2987 1073 3043 CAP
1084 2986 1172 3043 UT
1209 2988 1353 3044 LXI.

333 3075 676 3133 Obseruando
706 3080 824 3147 post
851 3077 1049 3148 ﬁnitas
1067 3093 1253 3148 preces
1291 3086 1341 3133 et
1370 3083 1496 3134 vota
1545 3078 1605 3132 in
1652 3078 1843 3135 natali
1886 3078 1976 3133 die

958 3148 1339 3220 imperatoris.

398 3237 438 3292 Ι.
464 3237 719 3293 Ριεωῐοοιί
737 3254 940 3294 omnes
965 3242 1264 3308 postquam
1286 3238 1549 3293 vestibus
1572 3238 1814 3293 mutatis
1838 3254 1969 3309 pro-

324 3325 509 3395 gressi
539 3334 695 3393 sunt,
733 3326 1022 3396 processio
1057 3327 1113 3380 in
1152 3326 1474 3381 Justiniani
1523 3325 1777 3382 triclinio
1828 3326 1968 3380 sub-

324 3412 497 3474 sistit,
526 3413 782 3481 horaque
804 3414 1331 3484 apprOpinquante,
1350 3414 1679 3470 convivium
1712 3418 1967 3485 paratur,

323 3515 539 3554 mensas
570 3500 628 3553 in
658 3499 972 3555 Justiniani
998 3501 1250 3557 triclinio
1275 3502 1544 3572 reposita.
1572 3502 1790 3558 Deinde
1815 3517 1972 3572 egre-

322 3588 479 3641 ditur
505 3586 841 3657 imperator,
865 3588 1143 3645 dibetesio
1165 3606 1458 3662 purpureo
1490 3592 1764 3659 amictus,
1798 3605 1970 3647 vene-

322 3678 513 3733 randae
548 3694 756 3733 menses
788 3696 907 3735 sum
947 3681 1189 3750 assidet,
1221 3687 1278 3737 et
1307 3684 1375 3737 ad
1427 3681 1752 3737 convivium
1784 3681 1968 3737 vocati

322 3764 586 3837 magistri
609 3767 837 3839 patricii
863 3783 927 3823 ac
947 3768 1156 3839 reliqui
1178 3775 1478 3825 senatores
1502 3772 1740 3825 intrant.
1758 3768 1970 3825 Omnes

318 3870 449 3910 vero
464 3856 995 3925 mutatoria,utmos
1008 3864 1121 3925 est,
1138 3864 1294 3914 veste
1308 3858 1608 3925 incedunt,
1630 3858 1857 3932 patricii
1872 3864 1967 3913 tu-

320 3943 467 3998 nicis
478 3960 616 3999 auro
631 3945 1183 4018 praetextis,strategi
1200 3948 1352 4018 sagis
1367 3945 1967 4019 suis,protospatharii

2694 2989 2954 3042 ΚΕΦΑΛ.
2984 2987 3117 3044 ΞΔ’.

2081 3077 2221 3132 ’Ὁσα
2262 3073 2369 3151 ’δεῖ
2421 3075 2923 3151 πιαραφυλάττειν,
2964 3083 3065 3151 τῇς
3145 3074 3410 3151 αἰτήσεως
3440 3078 3585 3151 ’(37)
3644 3097 3737 3131 τε·-

2262 3145 2536 3219 λουμένης
2567 3145 2861 3221 γενεθλίων
2902 3146 3084 3221 ἡμέρᾳ
3120 3152 3215 3202 τοῦ
3262 3145 3553 3222 βασιλέως.

2154 3236 2231 3294 Α’.
2268 3236 2673 3311 Προσέρχονται
2726 3236 2955 3299 ἅπαντες
3007 3237 3058 3291 οἱ
3117 3234 3383 3311 ἄρχοντες
3439 3233 3733 3310 ἠλλαγμέ-

2082 3343 2189 3390 νοι,
2219 3324 2311 3377 καὶ
2357 3321 2572 3378 ’ίσταται
2633 3326 2667 3393 ἡ
2719 3322 3040 3398 προέλευσις
3100 3323 3151 3378 ἒν
3216 3323 3294 3397 τῷ
3346 3325 3731 3395 Ἰουστινιανῶ,

2081 3412 2170 3467 καὶ
2217 3414 2406 3487 τρίτης
2458 3415 2602 3489 ὥρας
2650 3410 3086 3484 καταλαϐούσης,
3138 3420 3441 3489 στοιχεῖται
3479 3414 3541 3469 τὸ
3589 3412 3733 3483 κλη-

2082 3500 2302 3574 τώριον,
2364 3504 2399 3570 ἡ
2455 3499 2514 3556 δὲ
2566 3503 2806 3573 τράπεζα
2857 3501 3078 3559 ’ίσταται
3130 3501 3182 3557 ἐν
3231 3507 3311 3575 τῷ
3360 3503 3731 3574 Ἰουστινιανῷ

2080 3588 2366 3663 τρικλίνῳ.
2401 3589 2501 3646 Καὶ
2562 3589 2838 3666 ἐξέρχεται
2881 3593 2907 3646 6
2945 3590 3202 3667 βασιλεὺς
3257 3586 3733 3665 περιϐεϐλημένος

2082 3672 2404 3747 διϐητήσιον
2470 3683 2811 3756 προφυροῦν,
2870 3679 2960 3734 καὶ
3008 3683 3289 3749 καθέζεται
3347 3676 3436 3734 ἐπὶ
3495 3685 3596 3747 τῆς
3643 3698 3729 3732 τι-

2083 3765 2210 3839 μίας
2252 3766 2417 3822 αὐτοῦ
2465 3768 2760 3841 τραπέζης,
2805 3769 2894 3824 καὶ
2942 3768 3283 3843 εἰσέρχονται
3334 3768 3387 3821 o't
3437 3766 3730 3836 κληθέντες

2078 3854 2184 3911 ἀπό
2235 3878 2293 3913 τε
2345 3857 2677 3933 μαγίστρων,
2709 3860 3010 3933 πατρικίων
3068 3859 3157 3912 καὶ
3218 3857 3427 3913 λοιπῶν
3484 3855 3729 3931 συγκλη-

2075 3951 2267 4003 τικῶν.
2302 3948 2571 4010 Ἅπαντες
2619 3945 2675 4002 δὲ
2736 3948 2912 4003 αὐτῶν
2973 3944 3308 4022 εἷσέρχονται
3357 3943 3728 4020 ἠλλαγμένοι,

1687 4045 1925 4103 VARI/ﬁ
1972 4046 2271 4103 LECTION
2281 4049 2376 4103 ES.

394 4128 439 4162 ¹³
468 4128 496 4181 6
527 4144 641 4185 om.
674 4131 765 4187 ed.
844 4131 890 4168 ¹⁴
920 4124 1225 4187 καταλαϐὸν
1267 4132 1359 4188 ed.
1440 4132 1484 4168 ¹¹
1514 4137 1836 4203 σημεντεῖον
1868 4134 1965 4190 ed.

1353 4230 1560 4286 JOAN.
1606 4230 1749 4287 JAC.
1792 4229 2053 4287 REISKII
2091 4230 2683 4289 COMMENTARIUS.

327 4318 443 4385 (34)
474 4319 737 4393 Probane
778 4320 853 4374 sit
883 4320 1005 4376 hmo
1052 4339 1159 4377 vox
1216 4326 1273 4377 et
1329 4322 1466 4393 quid
1529 4321 1837 4392 significet,
1872 4321 1972 4377 alii

329 4393 478 4463 forte
525 4390 758 4463 melius,
802 4408 974 4461 quam
1025 4409 1152 4463 ego,
1207 4390 1476 4449 dixerint.
1510 4390 1719 4449 Incidit
1777 4403 1968 4448 tamen

327 4460 671 4537 aliquando,
703 4479 774 4515 an
806 4460 917 4517 non
952 4460 1175 4534 legfsit
1202 4464 1459 4537 γείτονες,
1490 4466 1689 4537 accola:
1738 4464 1832 4537 vel
1877 4467 1970 4519 in-

327 4530 480 4596 cola,
523 4531 798 4607 Solebant
834 4530 1036 4601 certe:
1063 4530 1226 4607 more
1275 4552 1343 4591 ex
1397 4536 1579 4607 veteri
1635 4535 1966 4607 gentilismo

316 4608 564 4677 retento,
598 4603 763 4677 multi
801 4611 1006 4677 praeter
1036 4606 1253 4661 olerum
1285 4607 1343 4661 in
1379 4603 1964 4677 templiswhabitare,

324 4672 398 4748 ad
429 4676 556 4742 ejus
590 4672 983 4748 ministerium
1022 4678 1317 4732 destinati.
1351 4678 1419 4733 Et
1465 4672 1615 4748 apud
1668 4672 1965 4733 Muhame¥

322 4745 513 4817 denos
564 4746 784 4817 templa
857 4758 989 4804 sunt
1046 4749 1363 4805 diversoria
1420 4745 1860 4805 derviscborum
1910 4754 1968 4805 et

324 4816 747 4873 mendicorum.

395 4888 510 4963 (35)
554 4890 612 4943 Id
672 4896 763 4963 est
809 4892 1224 4960 :egmentinum.
1274 4890 1745 4963 Subintelligitur
1780 4907 1969 4963 came-

325 4957 593 5034 ζαιιεριιηι,
627 4961 710 5034 vel
740 4957 968 5034 stenima
1018 4964 1232 5017 factum
1279 4979 1348 5034 ea
1402 4957 1744 5034 segme'ntis,
1775 4961 1831 5017 id
1877 4968 1966 5019 est

324 5030 522 5103 fasciis
551 5031 740 5103 longis
770 5042 823 5087 et
842 5032 977 5088 latis
1022 5034 1193 5090 serici
1240 5030 1663 5090 villosifUnde
1707 5051 1813 5089 vox
1857 5050 1965 5090 no-

322 5104 447 5155 stra
495 5101 734 5176 somniet
779 5103 1005 5159 videtur
1052 5121 1279 5176 quoque
1340 5107 1687 5176 provenisse.
1750 5106 1829 5161 De
1877 5122 1963 5161 se-

316 5174 571 5247 gmentis
600 5174 768 5247 aliter
795 5180 994 5231 censet
1033 5174 1357 5231 Salmasius
1407 5184 1445 5231 t.
1500 5178 1569 5233 Il.
1619 5177 1761 5232 Hist.
1814 5184 1959 5247 Aug.

318 5260 375 5312 p.
410 5244 536 5310 570,
570 5245 798 5300 scilicet
825 5263 954 5302 esse
970 5265 1112 5303 auro
1138 5256 1412 5304 consutas
1433 5253 1489 5304 et
1510 5254 1809 5303 contextae
1830 5244 1961 5303 oras

312 5316 588 5390 vestium,
623 5325 949 5388 praetextas,
986 5319 1360 5390 paragaudia,
1391 5320 1617 5373 frisium
1653 5320 1737 5372 vel
1787 5318 1957 5390 phry-

317 5385 814 5460 gionicum'opus.
842 5385 1050 5445 Verum
1076 5385 1188 5445 ndn
1212 5390 1564 5460 videturipsi
1590 5390 1779 5444 favere
1799 5385 1962 5445 locus

320 5466 532 5537 noster,
565 5458 623 5513 in
658 5475 775 5531 quo
822 5468 1179 5517 memoratur
1225 5458 1643 5537 camelau'cium
1696 5475 1958 5537 segmen-

318 5532 532 5604 tinum,
569 5546 699 5604 cum
748 5548 1026 5602 purpura,
1070 5550 1235 5604 pura,
1270 5534 1326 5587 id
1377 5537 1466 5587 est
1509 5547 1651 5586 auro
1700 5547 1813 5585 non
1866 5533 1958 5586 in-

318 5599 555 5673 signita,
586 5599 1087 5673 absquegsutura'
1115 5599 1290 5658 aurea
1337 5604 1422 5658 vel
1474 5618 1645 5672 opere
1694 5604 1957 5673 phrygio.

319 5669 510 5750 E’qtest
538 5669 729 5750 tamen
760 5671 1012 5750 πᾴρφυρα
1050 5690 1164 5750 non
1216 5675 1287 5750 de
1329 5669 1711 5750 camelaucio:
1735 5669 1960 5750 νεῖ-’ἰο-

318 5742 460 5811 tota,
490 5743 593 5799 sed
624 5744 695 5799 de
726 5742 1055 5816 chlamyde,
1088 5745 1134 5797 si
1184 5745 1318 5813 quis
1365 5744 1523 5812 velit,
1573 5745 1777 5817 accipi.
1819 5745 1957 5818 Pag.

2082 4322 2230 4395 t7t,_
2283 4321 2566 4395 habemus
2604 4320 3080 4395 ,xpuoos‘égsvta,
3133 4337 3325 4395 aurea
3389 4324 3723 4395 segmenta;

2002 4393 2236 4518 l)qu'od
2294 4394 2465 4448 etiam
2545 4390 2822 4450 adversus
2897 4390 3248 4449 Salmasium
3320 4408 3577 4464 pugnare
3642 4390 3723 4445 vi-

2122 4480 2265 4518 eur.

2122 4472 2265 4519 Θιυΐ.

2152 4536 2265 4606 (36)
2299 4534 2558 4603 Purpura
2604 4540 2715 4603 est,
2764 4551 2890 4606 quae
2919 4550 3062 4590 auro
3100 4543 3409 4607 argentove
3456 4538 3559 4589 aut
3608 4532 3723 4589 alio

2079 4612 2237 4660 caret
2267 4614 2493 4660 ornatu.

2320 4676 2560 4759 Quando
2622 4686 2825 4758 rogant
2873 4692 3159 4759 proceres.
3197 4679 3255 4732 et
3289 4675 3598 4759 factiones,
3658 4680 3723 4731 ut

2078 4748 2184 4802 sibi
2223 4748 2392 4803 liceat
2419 4763 2615 4802 coram
2647 4748 2997 4819 imperatore
3042 4748 3564 4804 saximodeximum
3616 4762 3721 4802 seu

2076 4819 2400 4890 tripudium
2435 4820 2519 4874 vel
2573 4821 2940 4890 pyrrhicham
2990 4820 3303 4883 celebrare,
3334 4835 3516 4889 eoque
3546 4820 3719 4874 modo

2077 4890 2301 4946 natales
2332 4890 2558 4960 imperii
2590 4893 2714 4960 ejus
2745 4893 3038 4947 decorare.
3087 4890 3423 4947 Formulam
3457 4890 3718 4961 rogatio-

2077 4962 2169 5017 nis
2204 4962 2370 5018 habet
2400 4967 2574 5033 caput
2604 4978 2873 5033 sequens.
2902 4962 3046 5018 Huic
3077 4978 3210 5018 vero
3252 4961 3719 5033 inscriptioinon

2076 5035 2362 5097 congruit.
2406 5032 2592 5100 Quare
2636 5032 2780 5102 εωρὶ
2830 5035 2902 5089 de
2950 5033 3158 5089 lacuna
3204 5032 3513 5104 suspicari.
3566 5032 3720 5104 Sane

2076 5106 2397 5173 perfectum
2432 5104 2573 5159 nihil
2602 5110 2688 5160 est
2712 5106 2816 5161 hoc
2846 5106 2903 5160 in
2934 5106 3145 5175 capite,
3172 5102 3359 5175 neque
3388 5103 3590 5174 liquet,
3622 5102 3716 5160 cui

2074 5174 2432 5231 solemnitati
2467 5176 2681 5231 faciant
2700 5192 2791 5231 ea.
2815 5192 2945 5231 quae
2984 5175 3257 5231 oreoiuit.
3285 5175 3602 5231 Conﬁrmat
3626 5190 3719 5229 me

2075 5193 2432 5231 sonemnitau
2467 5193 2681 5231 lactant
2700 5193 2791 5240 ea,
2815 5193 2945 5247 quae
2984 5193 3257 5247 preclpit.
3285 5193 3602 5231 Lonnrmat
3626 5193 3714 5229 me

2075 5246 2135 5303 in
2198 5247 2302 5319 hac
2332 5248 2619 5319 sententia
2675 5246 2873 5313 dictio,
2933 5246 3007 5307 ὡς
3071 5244 3415 5319 προείρηται,
3475 5261 3531 5317 ρ.
3592 5245 3714 5300 168.

2071 5318 2241 5386 Atqui
2284 5317 2379 5373 hic
2431 5316 2538 5372 loci
2599 5319 2799 5373 debuit
2854 5319 3073 5374 dictum
3118 5316 3327 5385 fuisse,
3388 5318 3447 5373 in
3508 5319 3712 5383 frusto,

2071 5389 2225 5458 quod
2261 5389 2453 5459 periit,
2486 5388 2653 5455 illud,
2687 5389 2844 5460 quod
2875 5390 2954 5445 ibi
2987 5390 3330 5459 diciturjam
3364 5389 3423 5444 in
3456 5386 3714 5456 superio~

2071 5460 2231 5514 ribus
2251 5466 2769 5517 commemoratum
2792 5462 2991 5530 fuisse,
3010 5466 3067 5517 et
3086 5466 3278 5516 tamen
3304 5474 3592 5530 nusquam
3615 5474 3717 5530 ap-

2072 5540 2227 5601 paret
2242 5531 2394 5587 .Hec
2412 5538 2599 5603 autem
2615 5533 2664 5587 si
2689 5533 2952 5603 coniectu
2963 5525 3026 5587 ra
3049 5532 3375 5603 displiceat,
3398 5525 3719 5603 debetxM-

2072 5600 2208 5662 σεως
2256 5608 2353 5675 aut
2400 5601 2735 5675 ἀριστήσεως
2777 5600 2880 5658 aut
2937 5600 3224 5663 ἑστιάσεως
3283 5620 3412 5675 pro_
3446 5600 3713 5670 αἰτήσεως

2071 5674 2295 5745 reponi.
2328 5673 2507 5741 Caput
2547 5677 2700 5731 enim
2748 5675 3001 5745 exponit,
3052 5673 3348 5745 quomodo
3400 5673 3542 5745 imp.
3580 5688 3712 5745 pro-

2070 5744 2233 5800 ceres
2262 5746 2523 5802 convivio
2549 5744 2816 5815 excipiat.
