4138 6212
352 355 466 414 545

1235 355 1335 415 DE
1379 354 1832 416 CEBIMONIIS
1875 356 2114 418 AULE
2156 357 2630 419 BYZANTIN/E
2673 359 2818 420 LIB.
2866 361 2912 420 I.

3636 366 3755 427 546

350 483 530 547 καθὼς
589 482 840 549 ε’ίθισται,
903 485 954 537 oi
1034 485 1131 555 μὲν
1195 484 1473 558 πατρίκιοι
1533 485 1599 540 τὰ
1645 482 2034 561 χρυσόταϐλαε

2122 505 2181 546 ac
2211 489 2401 546 caeteri
2435 489 2688 547 ministri
2730 493 2884 548 102
2918 509 3017 562 pro
3049 509 3154 548 sua
3185 493 3434 567 quisque
3475 497 3758 570 dignitate

350 571 525 626 αὐτῶν
571 570 852 646 χλανίδια,
886 574 936 626 oi
986 569 1042 626 δὲ
1093 575 1388 649 στρατηγοὶ
1422 574 1488 628 τὰ
1519 575 1682 649 σαφία
1710 573 1910 645 αὐτῶν,
1947 575 2005 630 οἷ’

2111 583 2301 634 vestes
2311 579 2676 649 gestantetin
2695 581 2956 636 convivio
2972 580 3096 637 etin
3116 585 3438 640 mutatoriis
3450 587 3757 645 consident

352 659 409 715 δὲ
467 662 950 735 πρωτοσπαθάριοι
1008 661 1097 716 καὶ
1155 662 1206 716 oi
1263 661 1451 717 λοιποὶ
1499 663 1788 741 ἄρχοντες,
1818 662 2042 729 ἕκαστος
2099 668 2236 721 κατᾶ
2281 666 2344 720 τὸ
2395 663 2538 721 ἴδιον
2593 666 2826 742 ἀξίωμα,
2851 673 3079 747 φοροῦσι
3137 670 3227 724 καὶ
3277 671 3372 734 τὰς
3405 672 3627 744 στολὰς,
3660 678 3749 733 καὶ

353 752 670 820 καθέζονται
703 750 756 806 ἐν
789 754 868 821 τῷ
896 749 1194 825 κλητωρίῳ
1223 751 1590 830 ἡλλαγμένοι.

428 841 500 898 Β’.
553 844 655 896 Καὶ
711 841 925 894 παντων
991 839 1357 904 καθεσθέντων
1415 846 1522 897 τῶν
1579 843 1997 919 προειρημένων

351 929 636 1002 ἀρχόντων
695 926 746 982 ἐν
807 931 885 998 τῷ
940 926 1260 1002 κλητωρίῷ,
1311 927 1605 1000 δηλοποιεῖ
1661 932 1688 986 ὁ
1745 932 1999 1006 βασιλεὺς

346 1021 462 1077 τοῖς
495 1015 802 1091 πατρικίοις
834 1013 923 1071 διὰ
959 1020 1057 1070 τοῦ
1086 1024 1188 1086 τῆς
1217 1018 1513 1094 τραπέζης,
1552 1020 1626 1079 ὡς
1677 1019 1761 1075 ὐτι
1798 1044 1826 1072 ‹‹
1884 1023 2004 1078 Ἐκ-

351 1099 585 1159 6αλλετε
618 1105 688 1158 τὰ
724 1102 992 1178 χλανίδια
1025 1105 1202 1179 ὑμῶν,
1235 1129 1263 1158 ››
1308 1107 1399 1162 καὶ
1444 1109 1766 1170 ἀναστάντες
1807 1110 1859 1163 οἱ
1907 1130 2004 1164 πα-

348 1193 546 1266 τρίκιοι
597 1193 688 1247 καὶ
736 1193 788 1246 oi
838 1194 1131 1269 στρατηγοὶ
1185 1195 1582 1270 ὑπερεόχονται
1615 1195 1708 1249 τὸν
1751 1194 2000 1271 βασιλέα,

350 1282 441 1335 καὶ
494 1279 934 1336 ἀπαλλάσσουσιν
1007 1284 1058 1336 oi
1120 1283 1214 1356 μὲν
1274 1285 1555 1358 πατρίκιοι
1620 1286 1688 1340 τὰ
1745 1283 2004 1364 χλανίδια

353 1372 553 1440 αὐτῶν,
607 1373 658 1427 oi
700 1369 755 1427 δὲ
824 1374 1122 1449 στρατηγοὶ
1186 1376 1254 1428 τὰ
1310 1375 1471 1451 σαγία
1518 1373 2006 1448 αὐτῶν,ἀπολαμο

356 1456 576 1515 Simone:
607 1457 788 1523 δὲτὰς
819 1460 997 1516 αὐτῶν
1046 1461 1248 1524 στολὰς
1308 1462 1660 1538 ἐγγιατιάριοι
1723 1461 2004 1538 βασιλικοὶ

357 1550 410 1605 oi
439 1549 828 1623 παριστάμενοι
869 1549 920 1605 ἐν
957 1553 1026 1624 τῇ
1066 1550 1215 1605 κάτω
1259 1553 1520 1626 τραπέζῃ,
1550 1552 1642 1606 καὶ
1700 1549 2002 1608 ἐπιδιδοῦσι

353 1638 488 1695 αὐτὰ
515 1645 632 1701 τοῖς
668 1641 966 1716 ὑπουργοῖς
1005 1640 1184 1695 αὐτῶν
1223 1640 1300 1704 εἰς
1347 1641 1414 1696 τά
1461 1641 1652 1698 σκύλα.
1685 1644 1750 1700 0i
1792 1639 1848 1696 δὲ
1906 1639 2006 1716 ἆρ-

353 1749 546 1805 χοντες
572 1733 670 1785 τοῦ
699 1726 1095 1786 κουϐουκΛείου
1136 1730 1484 1808 ἠλλαγμένοι
1517 1732 1665 1796 ὄντες
1721 1731 2002 1788 ἐκτελοῦσι

2184 848 2250 903 II.
2303 848 2588 906 Omnibus
2670 855 2866 906 autem
2943 852 3112 908 dictis
3187 855 3523 924 proceribus
3602 860 3760 914 assi-

2111 935 2404 1005 dentibus,
2439 952 2540 1008 per
2580 953 2792 994 mensae
2841 939 3174 1011 praefectum
3226 941 3543 1013 imperator
3577 948 3764 1017 patri-

2111 1025 2216 1079 ciis
2267 1025 2460 1092 edicit,
2511 1031 2699 1082 vestes
2757 1043 2897 1083 suas
2954 1029 3266 1099 deponant,
3325 1039 3762 1108 surgentesque

2112 1110 2336 1180 patricii
2366 1115 2425 1166 et
2483 1113 2722 1184 strategi
2782 1114 2967 1169 fausta
3022 1114 3366 1186 imperatori
3427 1127 3763 1193 precantur,

2114 1204 2461 1270 mutantque
2492 1201 2722 1272 patricii
2757 1203 3002 1272 tunicas,
3036 1206 3272 1278 strategi
3309 1223 3468 1279 saga,
3507 1226 3756 1280 quorum

2113 1292 2304 1343 vestes
2329 1286 2696 1358 imperatoris
2726 1292 3110 1362 apparitores,
3145 1292 3202 1348 in
3249 1295 3507 1352 inferiori
3545 1315 3758 1356 mensa;

2114 1379 2400 1443 astantes,
2433 1383 2697 1447 sumunt,
2730 1387 2784 1432 et
2813 1395 3016 1435 eorum
3038 1380 3275 1438 famulis
3299 1383 3356 1438 in
3382 1384 3554 1456 scylis
3594 1392 3760 1443 stan-

2117 1465 2269 1519 tibus
2299 1466 2560 1522 tradunt.
2595 1469 2668 1521 At
2715 1467 2984 1522 cubiculo
3029 1470 3305 1539 praefecti,
3329 1479 3551 1530 mutata
3582 1482 3760 1541 veste,

2114 1554 2402 1625 duplicem
2437 1555 2659 1611 faciunt
2687 1571 3051 1626 consessum,
3085 1559 3136 1615 si
3169 1562 3468 1618 Dominica
3499 1564 3594 1621 die
3633 1583 3767 1622 con-

2115 1641 2329 1713 tingit:
2364 1660 2477 1699 non
2508 1645 2663 1700 enim
2716 1661 2782 1700 eo
2831 1645 2924 1700 die
2955 1650 3246 1719 susceptio
3279 1650 3539 1709 solennis
3571 1654 3761 1728 impe-

2115 1731 2322 1787 ratoris
2354 1733 2440 1798 ﬁt,
2471 1741 2526 1789 et
2557 1736 2863 1806 prapteroa
2891 1735 3086 1791 omnis
3115 1747 3352 1795 senatus
3384 1747 3592 1798 mutat.

355 1815 585 1873 διπλοῦν
643 1819 1082 1894 παραστάσιμον,
1117 1819 1162 1875 εἰ
1207 1821 1352 1895 τύχῃ
1411 1819 1463 1875 ἐν
1524 1826 1799 1898 Κυριακῆς
1840 1824 1974 1895 (38)’
2009 1819 2074 1874 οὗ
2131 1819 2234 1894 γὰρ
2274 1816 2550 1895 ἐνδέχεται
2602 1821 2772 1895 ταύτῃ
2833 1822 3016 1896 ἡμέρᾳ
3079 1825 3324 1898 γενέσθαι
3395 1826 3632 1903 δέξιμον,
3665 1832 3759 1886 καὶ

365 1903 454 1961 3ιὰ
483 1911 650 1963 τοῦτο
681 1905 942 1962 ἂλλάσσει
973 1913 1117 1962 πᾶσα
1147 1910 1182 1978 ἡ
1216 1907 1547 1982 σύγκλητος.

966 1998 1225 2054 ΚΕΦΑΛ.
1265 1998 1396 2054 ΞΒ’.

783 2083 1300 2163 παραφυλάττεινῌν
1328 2085 1380 2140 ἐν
1481 2086 1774 2163 παραμονῇ
1908 2086 2011 2160 εξε-

1043 2178 1149 2230 μου
1195 2159 1332 2230 (39).

347 2299 350 2301 λ
436 2245 516 2302 Α’.
555 2245 910 2320 Εἱσέρχονταὶ
964 2247 1030 2301 τὰ
1097 2245 1192 2302 δύο
1259 2246 1397 2322 μέρη
1458 2247 1535 2309 εἰς
1591 2248 1654 2302 τὸ
1700 2253 1887 2323 σῖγμα,
1919 2247 2007 2302 καὶ

365 2332 662 2403 αἶτοῦνται,
723 2330 973 2407 λέγοντες
1031 2336 1082 2390 oi
1138 2337 1363 2409 κράκται
1399 2353 1413 2368 ·
1449 2359 1477 2387 ‹‹
1530 2333 1743 2403 Πολλὰ,
1800 2334 2008 2405 πολλὰ,

367 2419 585 2477 πολλά·
621 2445 649 2473 ››
710 2422 737 2476 6
788 2419 920 2483 λαός
951 2441 964 2454 ’
1004 2447 1031 2479 ι
1080 2422 1272 2479 [Ιολλὰ
1319 2419 1412 2494 ἔτη
1477 2423 1552 2485 εἰς
1599 2422 1804 2482 πολλά.
1856 2448 1885 2476 »
1943 2425 2009 2482 Oi

295 2527 298 2530 ’
367 2511 628 2584 κράκται’
663 2534 690 2562 ‹‹
725 2509 936 2566 Πολλοέ
998 2513 1122 2584 ὑμῖν
1179 2513 1398 2587 χρόνοι,
1445 2513 1508 2567 τὸ
1558 2508 1863 2585 πρόϐλημα
1909 2519 2011 2582 τῆς

367 2597 614 2674 Τριάδος·
649 2623 678 2651 ‹‹
709 2601 930 2677 φθογγεῖ
976 2603 1020 2638 ί⁶
1049 2601 1138 2656 καὶ
1170 2603 1198 2656 6
1231 2600 1363 2664 λαὸς
1403 2599 1463 2657 ἐκ
1491 2603 1540 2677 γ’
1564 2620 1576 2634 ·
1612 2598 1821 2656 Πολλοὶ
1879 2601 2005 2674 ὑμῖν

365 2691 580 2765 χρόνοι.
616 2715 643 2742 ››
684 2691 748 2745 Oi
775 2691 1000 2765 κράκται
1037 2712 1051 2724 ·
1088 2715 1116 2745 ‹‹
1140 2691 1350 2748 Πολλοὶ
1399 2693 1526 2764 ὑμῖν
1562 2692 1773 2766 χρόνοι,
1799 2693 1827 2746 6
1859 2688 2010 2746 δεῖνα

366 2779 453 2834 καὶ
484 2780 512 2834 6
544 2777 691 2836 δεῖνα
747 2780 1140 2858 αὐτοκράτορες
1188 2782 1482 2855 Ῥωμαίων
1510 2802 1523 2814 ·
1573 2804 1602 2834 ››
1653 2784 1879 2858 φθογγεῐ
1916 2781 2007 2836 καὶ

370 2869 396 2923 6
428 2865 559 2931 λαὸς
607 2869 666 2924 ἐκ
700 2870 764 2946 γ’.
789 2895 817 2922 ‹‹
853 2868 1064 2926 Πολλοὶ
1119 2873 1245 2944 ὑμῖν
1309 2870 1518 2945 χρόνοι.
1559 2896 1578 2920 ι
1631 2872 1693 2925 Oi
1740 2872 1966 2945 κράκται
1991 2913 2002 2924 .

374 2979 400 3012 ι
430 2956 640 3015 Πολλοὶ
685 2958 810 3030 ὑμῖν
844 2959 1056 3034 χρόνοι,
1099 2962 1151 3016 oi
1201 2960 1522 3036 θεράποντες
1577 2963 1674 3014 τοῦ
1705 2959 1904 3032 Κυρίου
1928 2978 1940 2991 ο
1979 2983 2005 3010 ››

367 3048 590 3124 φθογγεῖ
634 3047 726 3102 καὶ
784 3049 812 3101 6
855 3045 988 3112 λαὸς
1033 3048 1093 3105 ἐκ
1145 3050 1354 3126 τρίτου’
1389 3073 1417 3100 «
1454 3045 1664 3103 Πολλοὶ
1708 3048 1835 3122 ὓμῖν
1869 3049 2008 3123 χρό-

367 3157 472 3193 νοι.
517 3161 544 3187 ››
594 3137 662 3193 Oi
719 3137 964 3212 κράκται·
1001 3162 1030 3190 (ι
1087 3136 1303 3196 Πολλοὶ
1352 3139 1479 3212 ὑμῖν
1535 3139 1752 3214 χρόνοι,
1785 3139 1814 3192 6
1864 3136 2009 3192 δεῖνα

355 2085 426 2142 ’Ὀ
438 2105 504 2139 σα
606 2081 687 2139 δεῖ

367 3223 456 3279 καὶ
515 3225 543 3278 6
584 3221 732 3279 δεῖνα
787 3227 1092 3303 Δύγοῦσται
1148 3232 1256 3282 τῶν
1304 3227 1627 3300 Ῥωμαίων·
1689 3251 1717 3278 ››
1787 3230 2009 3302 φθογγεῖ

366 3313 458 3369 καὶ
511 3313 540 3368 6
580 3311 712 3374 λαὸς
760 3312 818 3369 ἐκ
865 3317 932 3392 γ’·
960 3340 986 3367 ‹‹
1023 3315 1232 3372 Πολλοὶ
1284 3316 1410 3389 ὑμῖν
1467 3315 1682 3391 χρόνοι.
1715 3338 1744 3368 ››
1777 3315 1845 3373 Oi
1874 3314 2007 3389 κρά-

365 3419 508 3458 κται*
544 3426 572 3455 κ
595 3403 683 3465 Ὠς
732 3399 923 3460 δοῦλοι
977 3405 1276 3480 τολμῶμεν
1329 3403 1698 3478 παρακαλέσαι
1728 3426 1741 3438 ·
1777 3429 1804 3458 ››
1843 3409 2013 3485 φθογ-

2122 3408 2323 3464 eadem
2371 3409 2476 3460 ter.
2491 3382 2508 3385 ⁷
2523 3403 2802 3458 Cantores
2847 3417 2861 3456 :

363 3512 444 3566 γει
491 3493 582 3548 καὶ
623 3493 652 3547 ὁ
694 3489 826 3556 λαὸς
873 3493 932 3548 ἐκ
977 3496 1023 3571 γ’
1072 3495 1302 3569 ὁμοίως.
1341 3496 1408 3552 Oi
1464 3493 1689 3570 κρᾶκται
1725 3514 1737 3527 ·
1773 3519 1802 3548 ››
1857 3495 2006 3554 Μετὰ

366 3575 538 3658 φόϐου
595 3579 953 3657 δυσωποῦμεν
1021 3585 1148 3648 τοὺς
1203 3582 1488 3647 δεσπόταςο
1520 3609 1549 3636 ››
1594 3589 1817 3662 φθογγεῖ
1846 3584 1935 3639 καὶ
1980 3586 2008 3640 6

368 3667 500 3732 λαὸς
529 3668 589 3725 ἐκ
615 3676 662 3746 γ’
701 3671 932 3744 ὁμοίως.
965 3674 1031 3731 Oi
1062 3673 1287 3749 κράκται
1314 3693 1326 3706 °
1369 3697 1396 3728 α
1425 3675 1778 3747 Ἀνεξικάκως
1836 3694 2010 3750 παρα-

365 3755 698 3831 κλήϐητε,ὧ
747 3759 1020 3838 εὐεργέται
1062 3763 1132 3800 1⁷·
1176 3786 1205 3814 ››
1251 3764 1278 3816 ὁ
1329 3760 1462 3824 λαὸς
1495 3762 1704 3834 ὁμοίως
1744 3760 1804 3817 ἐκ
1847 3769 1910 3837 γ’.
1945 3765 2012 3820 Oi

366 3851 616 3921 κράκταιο
642 3872 670 3900 ‹‹
702 3847 799 3912 Εἷς
863 3851 965 3919 τήν
1025 3848 1207 3922 δέησιν
1266 3855 1372 3904 τῶν
1427 3847 1643 3904 δούλων
1672 3849 1824 3923 ὑμῶν
1854 3849 2016 3908 Βενέ-

367 3953 497 3990 των“
534 3960 560 3987 »
623 3938 651 3991 6
701 3935 834 4001 λαὸς
892 3936 952 3992 ἐκ
1002 3947 1048 4016 γ’
1107 3939 1337 4013 ὁμοίως.
1390 3939 1458 3997 Oi
1515 3939 1778 4012 κράκται·
1814 3962 1840 3993 α
1899 3941 2012 4008 Τήν

2040 2011 2090 2078 Β

2715 2001 2949 2058 CAPUT
2992 2003 3164 2060 LXII.

2124 2085 2473 2150 Obseruando
2514 2087 2698 2158 pridie
2741 2088 3022 2163 eius‘diet',
3062 2106 3170 2160 quo
3198 2092 3505 2163 imperator
3536 2098 3591 2152 in
3626 2099 3764 2155 urbe

2691 2159 3049 2230 excipiendus
3075 2159 3190 2216 est.

2193 2252 2238 2308 Ι.
2273 2255 2405 2306 Dure
2438 2246 2715 2303 factiones
2742 2248 2932 2318 sigma
2961 2247 3201 2316 intrant,
3235 2258 3290 2306 et
3321 2256 3765 2324 precantur;di-

2120 2348 2259 2398 cunt
2289 2343 2555 2394 cantores
2586 2352 2600 2391 :
2631 2357 2659 2386 «ι
2693 2335 2928 2404 Multos,
2960 2335 3194 2405 mullos,
3229 2339 3483 2410 multos;
3524 2364 3551 2392 »
3578 2360 3761 2416 papu-

2120 2429 2216 2485 lua
2248 2445 2262 2485 ;
2297 2449 2324 2477 ‹‹
2350 2426 2561 2482 Multos
2591 2440 2777 2480 annos
2809 2424 2866 2480 in
2899 2424 3138 2481 multos.
3167 2448 3195 2476 »
3226 2427 3504 2487 Cantores
3527 2446 3541 2486 :
3567 2432 3762 2489 «Μαι.

2119 2523 2176 2573 ta
2222 2516 2388 2572 vobis
2445 2519 2732 2584 tempora,
2791 2512 3068 2568 trinitatis
3130 2503 3762 2588 propugnaculum,»

2119 2606 2338 2663 clamat
2386 2610 2440 2658 et
2487 2601 2740 2674 populus
2771 2607 2855 2657 ter
2890 2618 2903 2656 :
2948 2624 2976 2651 ‹‹
3013 2602 3192 2659 Multa
3220 2606 3388 2661 vobis
3421 2614 3699 2680 tempora.
3737 2631 3766 2659 ››

2120 2719 2149 2747 ‹‹
2180 2696 2457 2752 Cantores
2491 2708 2505 2746 :
2539 2714 2566 2741 «
2600 2690 2782 2747 Multa
2812 2690 2973 2746 vobis
3004 2696 3286 2764 tempora,
3319 2694 3389 2750 N.
3419 2695 3486 2751 N.
3512 2699 3762 2768 impera-

2118 2790 2271 2841 tores
2299 2782 2694 2838 Romanorum
2728 2797 2742 2834 :
2774 2801 2803 2831 ››
2829 2778 3038 2835 clamat
3068 2789 3122 2836 et
3151 2781 3404 2852 populus
3425 2787 3514 2840 ter
3535 2802 3549 2840 :
3570 2786 3762 2843 «Mul-

2118 2878 2178 2928 ta
2205 2871 2368 2927 vobis
2404 2875 2684 2939 tempora.
2725 2887 2750 2919 ι
2783 2867 3062 2924 Cantores
3090 2884 3106 2924 :
3141 2892 3170 2920 «
3204 2869 3386 2928 Multa
3418 2873 3580 2931 vobis
3609 2880 3760 2932 tem-

2120 2979 2281 3035 pora,
2339 2957 2538 3015 famuli
2598 2957 2870 3026 Domini;
2928 2980 2955 3008 ‹‹
2990 2959 3204 3016 clamat
3248 2966 3307 3017 et
3338 2966 3590 3034 populus
3623 2974 3710 3023 ιθι-
3744 2984 3757 3024 ε

2120 3074 2148 3100 ‹‹
2181 3050 2367 3106 Multa
2397 3047 2557 3102 vobis
2584 3052 2865 3118 tempora.
2899 3069 2928 3096 »
2967 3051 3241 3104 Cantores
3275 3065 3289 3104 :
3326 3070 3354 3099 «
3380 3052 3563 3108 Multa
3596 3055 3761 3112 vobis

2120 3145 2406 3210 tempora,
2438 3134 2506 3190 N.
2531 3133 2600 3190 N.
2631 3136 2899 3204 Augustae
2931 3135 3364 3208 Romanorum;
3399 3160 3430 3189 »ι
3466 3141 3682 3198 clamat
3708 3151 3764 3199 et

2122 3225 2375 3302 papulus
2404 3229 2492 3280 ter
2522 3241 2536 3280 :
2572 3244 2601 3272 «
2651 3222 2834 3278 Multa
2864 3222 3026 3279 vobis
3060 3231 3342 3296 tempora.
3377 3248 3404 3276 »
3437 3229 3710 3286 Cantores
3743 3247 3756 3286 ε

2119 3339 2149 3368 ‹‹
2185 3317 2255 3374 Ut
2291 3313 2439 3371 servi
2491 3311 2712 3385 precari
2748 3311 3070 3378 audemus;
3105 3334 3134 3362 »
3165 3313 3382 3372 clamat
3412 3321 3472 3372 et
3508 3318 3760 3390 populus

2914 3423 2943 3453 «
2976 3402 3120 3458 Cum
3164 3403 3371 3462 timore
3399 3408 3758 3478 suspicimus

2117 3495 2429 3563 dominos;
2466 3515 2486 3541 ι
2513 3490 2725 3547 clamat
2753 3495 2812 3547 et
2841 3490 3089 3563 populus
3120 3492 3408 3552 similiter.
3440 3497 3715 3554 Cantores
3742 3515 3756 3554 :

2119 3609 2147 3638 «
2181 3587 2307 3642 Non
2357 3580 2575 3652 iniuria
2620 3580 2996 3648 invocamini,
3048 3581 3330 3652 benefici;
3367 3606 3396 3634 »
3447 3584 3657 3644 clamat
3704 3592 3764 3645 et

2121 3673 2372 3748 populus
2421 3669 2693 3727 similiter
2735 3669 2922 3725 tribus
2963 3669 3209 3726 vicibus.
3255 3673 3533 3731 Cantores
3567 3693 3579 3730 :
3616 3697 3644 3728 κ
3675 3677 3759 3732 Ad

2120 3777 2318 3836 preces
2341 3774 2640 3816 servorum
2663 3763 2986 3814 vestrorum
3008 3758 3358 3815 Venetorum
3387 3777 3448 3826 ;»
3473 3763 3685 3819 clamat
3706 3770 3766 3821 et

2124 3851 2369 3925 papulus
2397 3854 2504 3904 ter.
2538 3847 2852 3902 Cantores:
2889 3870 2914 3897 ‹ι
2951 3847 3310 3918 Majestatem
3345 3855 3506 3905 tuam
3551 3853 3760 3910 festum

2123 3941 2277 3996 hunc
2300 3937 2454 3992 diem
2479 3933 2723 3990 ntnobis
2744 3935 3037 3990 celebrare
3055 3936 3716 4008 permittat,precamnr;
3735 3963 3764 3990 υ

1727 4057 1963 4114 VARle
2002 4055 2407 4116 LECTIONES.

443 4146 489 4183 ¹⁶
518 4146 733 4222 φθογγὴ
766 4149 857 4206 ed.
904 4149 1120 4222 ubique
1150 4149 1388 4223 prtebet,
1421 4153 1486 4206 ut
1515 4163 1714 4221 supra.
1793 4146 1834 4182 ¹⁷
1866 4147 1940 4202 ὡς
1973 4147 2147 4224 εὖεργ.
2181 4148 2272 4204 ed.

1405 4259 1609 4316 JOAN.
1649 4258 1798 4314 JAC.
1841 4257 2106 4316 REISKII
2145 4252 2728 4313 COMMENTARIUS.

441 4356 551 4425 (38)
582 4356 677 4413 Sic
709 4357 806 4420 M.,
840 4363 1014 4424 recte,
1047 4375 1113 4416 ex
1166 4374 1325 4415 more
1375 4375 1533 4414 novae
1582 4356 1827 4414 Graeciae.
1879 4356 2008 4414 Vid.

374 4430 597 4499 notrad
635 4445 690 4499 p.
720 4429 844 4484 312.

442 4498 554 4586 (ξφ)
586 4498 776 4586 Pridie
804 4503 931 4571 ejus
960 4501 1096 4586 diei,
1131 4501 1230 4586 qui
1259 4500 1599 4586 imperatori
1645 4500 1856 4586 natalis
1907 4500 2015 4586 irri-

376 4569 516 4643 perii
535 4579 655 4643 est,
689 4576 746 4626 et
774 4569 890 4643 quo
919 4569 1260 4628 solemniter
1287 4569 1650 4630 adorandum
1675 4589 1737 4627 se
1769 4573 1903 4627 dare
1928 4572 2014 4627 fa-

373 4639 663 4714 etionibus
693 4639 883 4699 debet.
919 4643 996 4700 De
1025 4645 1118 4700 die
1162 4644 1338 4714 natali
1391 4643 1622 4714 imperii
1671 4643 1779 4714 hoc
1828 4646 2016 4714 capite

374 4712 487 4789 egi,
511 4711 848 4789 liqueteA,
883 4717 908 4770 1
947 4715 1104 4789 ιῄτὴν-
1133 4711 1554 4789 αὐτοκρατορίαν
1593 4734 1688 4789 σου
1719 4711 2015 4789 αἰτούμεθα

371 4780 640 4858 ἑορτάσαι.
675 4784 886 4858 Videor
919 4780 1059 4842 mibi
1092 4786 1200 4842 boc
1222 4786 1281 4858 in
1302 4780 1766 4858 'loco'vestigium
1799 4780 2008 4850 aetatis,

373 4799 640 4910 εορτασαι.
682 4799 886 4842 Videor
919 4799 1059 4842 mini
1092 4799 1200 4842 noc
1222 4803 1281 4842 in
1308 4799 1432 4844 loco
1454 4799 1766 4858 vestigium
1799 4799 2008 4850 atatis,

373 4870 408 4910 a
478 4871 654 4926 quam
688 4857 887 4912 referri
931 4856 1304 4913 cerimoniale
1352 4864 1618 4913 nostrum
1667 4858 1862 4923 debet,
1906 4858 2011 4913 deo

373 4925 1032 5001 prehendere,_si_modo
1062 4930 1132 4984 de
1165 4933 1424 5001 tempore
1469 4945 1578 4984 suo
1627 4928 1854 4984 locutus
1904 4929 2013 4984 fuit

373 5001 574 5073 auctor
619 4998 712 5052 hic
761 4998 890 5064 loci,
941 5015 1130 5073 neque
1155 4998 1381 5073 totum
1413 4999 1523 5055 hoc
1551 5005 1727 5073 caput
1757 5015 1888 5073 cum
1920 5015 2013 5054 se-

373 5067 692 5140 quentibus
741 5084 772 5123 e
818 5070 995 5125 veteri
1033 5067 1411 5128 'cerimoniali
1459 5067 1856 5140 transcripsit,
1916 5073 2016 5124 aut

373 5135 515 5223 anni
546 5144 805 5208 tempora
825 5142 1102 5223 persequi
1133 5141 1334 5223 voluit.
1365 5141 1602 5223 scilicet
1629 5135 2014 5223 exceptionem

376 5209 697 5284 factionum
715 5209 1135 5281 gratulantium
1157 5212 1491 5284 imperatori
1511 5211 1759 5268 natalem
1774 5209 2016 5284 imperii

375 5278 621 5354 collocat
647 5278 850 5337 auctor
877 5288 1014 5339 ante
1035 5278 1277 5340 aureum
1300 5285 1574 5350 circense,
1603 5284 1750 5354 quod
1775 5283 1832 5338 in
1857 5278 2012 5339 diem

379 5351 530 5407 luna
562 5353 889 5422 proximum
923 5373 956 5410 a
992 5354 1296 5412 Dominica
1324 5355 1384 5410 in
1433 5355 1598 5410 Albis
1622 5351 1828 5411 fuisse
1871 5355 2015 5410 cele-

378 5422 612 5479 bratum
643 5430 888 5482 constat.
922 5425 1087 5483 Unde
1125 5425 1456 5492 concludas,
1507 5425 1672 5482 illum
1703 5427 2014 5496 imperato-

381 5510 524 5570 rem,
553 5496 630 5570 ad
655 5513 828 5568 quem
862 5497 970 5554 hoc
1001 5503 1178 5568 caput
1223 5498 1491 5570 pertinet,
1543 5497 1857 5570 Imperium
1886 5504 2018 5570 ante

381 5565 542 5621 illum
576 5565 728 5625 diem
763 5571 996 5626 adiisse.
1019 5565 1456 5638 Constantinus,
1482 5565 1692 5624 Leonis
1732 5567 2019 5638 Sapientis

381 5638 704 5720 ﬁlius,_ille
755 5642 956 5715 nequit
999 5657 1163 5720 esse;
1217 5637 1584 5720 quippelqui
1630 5657 1663 5696 a
1701 5645 1862 5720 patre
1889 5637 2017 5720 ipso

404 5716 523 5767 esto
555 5709 922 5772 Pentecostes
951 5709 1173 5788 collega
1201 5709 1393 5771 dictus
1418 5715 1477 5769 et
1506 5709 1840 5770 coronatus
1888 5709 2016 5766 fuit.

2121 4352 2636 4427 Congruituigitur
2686 4352 2792 4408 hoc
2821 4351 2908 4427 _in
2955 4352 3405 4427 Constantinum
3435 4353 3764 4427 Juniorem,

2123 4423 2370 4498 Romani
2403 4423 2707 4498 filium,__t_i_t
2736 4423 2834 4498 qui
2867 4439 2982 4498 una
3011 4440 3146 4498 cum
3179 4425 3352 4498 fratre
3381 4425 3616 4494 Basilio,
3659 4423 3765 4498 p04-

2123 4440 2370 4484 rtomam
2403 4440 2608 4491 unum,
2642 4440 2707 4478 ut
2779 4440 2834 4479 ui
2867 4440 2982 4480 una
3011 4440 3146 4480 cum
3179 4440 3352 4481 iratre
3382 4440 3616 4494 nasute,
3659 4443 3764 4498 po-

2122 4499 2235 4555 tuit
2263 4497 2322 4552 in
2370 4496 2567 4568 patris,
2602 4440 2945 4568 XY.(idartii
2974 4495 3255 4563 defuncti,
3287 4513 3555 4567 regnum,
3588 4499 3764 4554 adeo-

2124 4586 2239 4642 que
2256 4566 2399 4642 ante
2431 4566 2736 4642 Pasebatis
2768 4567 2981 4622 festum
3017 4566 3370 4642 successisse
3397 4569 3765 4640 dici,quam-

2124 4637 2213 4697 vis
2243 4641 2451 4696 fratres
2479 4637 2565 4712 illi
2599 4639 2972 4712 minorennes
3019 4639 3136 4712 sub
3181 4639 3414 4695 duobus
3443 4637 3762 4704 tutoribus,
3843 4707 3848 4712 '

2048 4684 2092 4748 υ
2124 4684 2451 4782 aestas
2476 4684 2778 4782 βὶίρὲἔξὲξ
2793 4684 3506 4776 ἇῦἕιῖἷιθ”νῐέίαῖίὲἒέ,“ἇίίι“
3517 4684 3768 4767 νῖἓιέἱῖἇί

2122 4779 2339 4855 absque
2367 4779 2635 4855 imperio.
2669 4779 2804 4855 Sed,
2829 4787 2892 4835 ut
2921 4781 3059 4846 dixi,
3094 4783 3284 4836 debile
3316 4783 3424 4839 hoc
3455 4799 3766 4854 argumen-

2122 4851 2403 4926 tum—est.
2442 4851 2566 4926 Non
2608 4851 2764 4907 enim
2809 4859 3061 4926 constat,
3092 4859 3383 4926 auctorem
3434 4851 3763 4926 temporum

2124 4926 2264 4985 anni
2295 4923 2504 4980 seriem
2537 4922 2595 4977 in
2622 4924 2958 4978 recensione
2987 4923 3328 4981 bilariorum
3360 4922 3764 4982 factionalium

2127 5004 2182 5056 et
2205 4993 2554 5068 circensium
2587 4994 2755 5064 sequi
2785 4994 3079 5068 voluisse;
3114 4998 3434 5068 praesertim
3467 5015 3599 5054 cum
3629 5014 3763 5053 eum

2121 5070 2246 5142 ipse
2277 5065 2488 5142 turbet,
2522 5072 2918 5142 post-aureum
2951 5065 3216 5142 circense
3235 5085 3481 5142 narrans
3509 5071 3580 5125 de
3600 5084 3758 5142 exce-

2167 5140 2321 5195 tione
2367 5135 2609 5192 hiberna
2655 5135 2715 5208 in
2760 5151 2893 5208 area
2935 5138 3242 5194 triconcbii
3288 5141 3457 5208 facta,
3507 5146 3565 5196 et
3613 5141 3769 5196 inter

2149 5207 2721 5282 achanicum,_q_uod
2771 5207 2842 5282 XI
2891 5208 3048 5275 Maii,
3082 5209 3253 5266 Urbis
3309 5207 3501 5282 regie,
3533 5211 3763 5282 natali,

2125 5283 2323 5350 ﬂebat,
2354 5285 2411 5336 et
2440 5278 2937 5350 ipsipimmediate
2990 5283 3332 5337 continuum
3367 5278 3768 5338 Macellarium

2124 5371 2221 5411 seu
2257 5348 2528 5423 Lupercal
2561 5348 2919 5421 intergerens
2948 5350 3227 5408 Votorum
3260 5352 3574 5416 ludicrum,
3609 5353 3763 5423 quod

2127 5427 2186 5482 in
2214 5437 2476 5482 mensem
2523 5423 2868 5496 Januarium
2912 5423 3134 5480 incidit.
3188 5424 3406 5496 Deinde
3437 5429 3628 5496 potest
3657 5425 3764 5479 hoc

2126 5503 2300 5568 caput
2329 5508 2556 5568 quoque
2583 5493 2654 5548 ad
2703 5492 3110 5568 imperatorem
3152 5495 3409 5566 aliquem
3439 5492 3764 5568 respicere,

2127 5565 2390 5640 quiante
2429 5565 2876 5640 Constantinum
2930 5567 3130 5640 Leonis
3186 5565 3349 5633 viiit,
3379 5573 3437 5621 et
3465 5565 3602 5640 ante
3653 5566 3762 5621 fes-

2126 5635 2274 5708 t'um,
2307 5638 2392 5694 vel
2426 5636 2554 5708 ipso
2587 5637 2728 5708 festo
2779 5635 3076 5693 Paschalis
3109 5644 3414 5694 coronatus
3443 5645 3498 5692 et
3527 5637 3769 5707 inaugu-

2131 5715 2290 5767 ratus
2320 5707 2567 5781 imperio
2601 5707 2728 5763 fuit.
