4138 6212
333 359 449 418 54⁸1
1405 335 1934 401 CONSTANTINI
1979 333 2673 395 PORPHYROGENITI
3614 340 3733 399 548

337 491 555 548 clamat
583 491 638 544 et
669 484 916 557 populus
956 479 1246 537 similiter.
1277 478 1555 532 Cantores
1587 490 1600 527 :
1635 495 1662 524 ι(
1697 471 1975 528 Dominos

2104 467 2511 542 ιύτοκρατορίαν
2601 470 2710 539 (40)
2785 489 2880 522 σου
2973 468 3274 541 αἰτούμεθα
3361 471 3651 544 ιορτάσαι·
3707 498 3734 523 η

338 555 731 636 Romanorum
754 555 968 637 serva,
1002 567 1274 633 Domine;
1316 588 1343 616 «
1377 565 1589 620 clamat
1618 567 1674 617 et
1722 561 1975 633 populus

2104 563 2313 636 ρθογγεῖ
2341 557 2429 612 καὶ
2472 559 2499 610 6
2555 555 2687 621 λαὸς
2726 558 2786 612 ἐκ
2809 559 2854 633 γ’
2882 559 3114 630 ὁμοίιος.
3147 559 3214 615 υἱ
3262 557 3486 632 κράκται
3513 579 3527 593 ⁸
3561 583 3590 611 ‹‹
3625 562 3734 617 Κό-

338 677 422 722 ter
453 683 466 721 :
501 687 527 715 ‹‹
561 663 827 728 Domine,
860 675 1041 715 serva.
1076 678 1104 707 »δ
1138 660 1408 712 Cantores
1441 667 1454 708 :
1491 675 1518 704 ιι
1557 651 1823 717 Domine,
1855 666 1974 705 ser-

2104 667 2190 716 ne,
2243 651 2415 700 σῶσον
2472 645 2598 707 τοὺς
2659 645 2922 708 δεσπότας
2961 653 3071 701 τῶν
3102 647 3412 717 Ῥωμαίων·
3451 671 3473 701 ι
3520 656 3738 723 φθεγγεῐ

333 773 405 811 va
432 752 695 809 dominos
745 766 878 805 cum
928 746 1209 818 Augustis
1240 744 1589 814 conjugibus
1638 744 1695 796 et
1724 739 1974 810 porphy-

2104 735 2174 790 ιαὶ
2233 737 2260 790 6
2314 734 2444 795 λαὸς
2495 733 2553 788 ἐκ
2608 735 2815 810 τρίτου’
2853 760 2880 787 ‹‹
2919 736 3100 811 Κύριε,
3155 742 3353 793 σῶσον.
3399 763 3427 788 ››
3486 740 3553 795 Οἳ
3605 741 3735 812 κρά-

338 841 639 916 rogenitis.
673 861 701 891 ιι

2104 843 2228 877 ’ταιο
2264 849 2291 875 ‹‹
2355 826 2538 898 Κύριε,
2573 829 2744 878 σῶσον
2805 824 2931 885 τοὺς
2990 822 3252 888 δεσπότας
3305 826 3398 881 σὺν
3463 833 3582 888 ταῖς
3629 827 3737 883 Λύ-

2085 906 2337 981 γούσταις
2367 908 2455 961 καὶ
2487 912 2602 969 τοῖς
2636 910 3192 984 πορφυρογεννήτοις.
3228 933 3255 960 ››

2159 998 2236 1052 Β’.
2273 995 2370 1050 Καὶ
2404 993 2593 1066 δείλης
2626 996 2965 1074 εἰσέρχονται
3015 999 3081 1052 τὰ
3130 999 3266 1073 μέρη
3306 1000 3374 1054 τὰ
3410 997 3506 1054 δύο
3555 999 3631 1061 εἷς
3676 1002 3737 1054 τὸ

412 1025 481 1080 ΙΙ.
513 1022 750 1094 Vesperi
776 1022 899 1076 duas
925 1018 1222 1081 factiones,
1259 1015 1449 1085 sigma
1476 1029 1604 1069 cum
1632 1011 1856 1068 facibus
1887 1010 1976 1063 in-

2089 1090 2264 1160 σῖγμα
2297 1086 2430 1158 μετὰ
2477 1085 2696 1153 φατλία,
2731 1089 2822 1140 καὶ
2870 1087 3074 1162 γίνεται
3125 1090 3159 1152 ἡ
3208 1085 3487 1165 λεγομένη
3538 1089 3744 1167 φακλα-

338 1117 560 1171 trantes
575 1109 912 1168 faculariam
933 1108 1033 1178 (ita
1047 1107 1202 1162 enim
1227 1097 1982 1170 dicitur),celebrant,etsal-

341 1207 552 1269 tantes,
585 1200 936 1272 apelaticum
969 1196 1090 1252 toni
1120 1194 1313 1266 gravis
1341 1191 1822 1248 cantant:108«
1855 1187 1979 1241 Sal-

340 1298 489 1360 vete,
521 1290 745 1347 domini
776 1289 1206 1349 Romanorum;
1240 1278 1712 1345 salvete,delici¢e
1728 1275 1982 1333 universi

345 1382 503 1439 orbis
526 1381 735 1436 salvete
760 1395 774 1443 ;
808 1393 991 1448 reges,
1017 1375 1185 1440 N.N.,
1210 1388 1356 1443 quos
1376 1370 1634 1425 Trinitas
1664 1368 1909 1422 victores
1929 1370 1986 1422 et

344 1471 737 1528 benefactores
768 1464 1084 1522 constituit.
1121 1461 1366 1517 Posthac
1403 1460 1729 1515 ascendunt
1757 1456 1815 1510 in
1850 1471 1983 1527 gra-

347 1561 551 1625 dus,et
580 1558 783 1612 dicunt
810 1551 1160 1625 apelaticum
1184 1550 1302 1606 toni
1347 1548 1540 1620 gravis
1569 1547 1640 1602 IV
1667 1563 1680 1600 :
1713 1569 1741 1596 «
1766 1546 1988 1600 Gaudet

348 1649 529 1714 orbis,
571 1653 626 1702 te
682 1646 1089 1714 imperatorem
1136 1639 1557 1707 dominumque
1603 1634 1985 1704 conspiciens,

349 1743 566 1808 tuaque
623 1736 764 1789 urbs
819 1732 1062 1788 letatur.
1095 1731 1141 1784 Α
1184 1728 1299 1784 Deo
1332 1730 1604 1782 coronato
1634 1725 1724 1790 N.,
1757 1722 1990 1777 laetatur

347 1827 509 1892 ordo,
569 1822 891 1894 principem
939 1824 996 1874 te
1045 1817 1269 1909 ordinis
1318 1813 1703 1909 conspiciens,
1735 1815 1792 1866 et
1820 1810 1989 1909 beata
2021 1845 2066 1909 Β

349 1919 485 1971 sunt
515 1916 766 1983 sceptra,
798 1913 853 1963 te
903 1907 1324 1978 sceptrigerum
1375 1908 1564 1958 nacta.
1599 1903 1786 1957 Ornas
1835 1901 1988 1955 enim

347 2004 558 2060 solium
592 2005 843 2070 paternae
877 1996 1206 2066 majestatis,
1241 2009 1359 2049 una
1399 2008 1532 2048 cum
1563 1993 1828 2062 Augusta
1857 1987 1985 2060 pul-

347 2095 469 2150 chri
517 2090 739 2148 ordinis
785 2088 978 2144 radios
1018 2085 1312 2154 amittens,
1345 2099 1522 2155 quare
1556 2084 1848 2137 fortunata
1889 2095 1990 2149 per

345 2189 402 2238 te
431 2181 630 2236 civitas
663 2176 887 2249 imperii
935 2176 1015 2230 tui
1065 2175 1221 2230 diem
1269 2178 1330 2228 ut
1359 2173 1570 2228 festum
1602 2171 1742 2242 agit.
1775 2191 1804 2220 ››
1837 2168 1987 2224 Can-

347 2275 500 2326 tores
527 2267 855 2323 acclamant
887 2283 901 2321 :
926 2284 956 2314 «
987 2263 1253 2331 Domine,
1286 2277 1451 2316 serva
1480 2260 1746 2316 dominos
1775 2258 1988 2312 Roma-

350 2375 554 2417 norum
583 2373 597 2426 ;
629 2379 658 2407 »
694 2353 941 2427 populus
988 2356 1075 2408 ter
1115 2367 1130 2406 :
1186 2371 1215 2401 ‹‹
1264 2349 1529 2418 Domine,
1563 2363 1746 2404 serva.
1772 2367 1800 2396 »
1837 2346 1987 2401 Csn~

346 2454 502 2506 tores
534 2463 548 2502 :
585 2467 614 2496 «
646 2444 915 2508 Domine,
965 2455 1133 2497 serva
1162 2457 1194 2496 a
1225 2444 1281 2494 te
1310 2443 1617 2494 coronatos
1643 2455 1656 2504 ;
1691 2433 1905 2492 clamat
1935 2440 1991 2490 et

348 2535 600 2612 populus
629 2539 719 2589 ter
750 2551 764 2589 :
797 2555 826 2583 ‹‹
859 2530 1125 2598 Domine,
1177 2543 1360 2584 serva.
1413 2547 1442 2576 η
1474 2526 1785 2582 Cantores:
1822 2546 1848 2574 «
1879 2524 1991 2579 Do-

350 2610 525 2687 mine,
555 2637 719 2677 serva
747 2619 1130 2689 imperatores
1170 2630 1305 2669 cum
1337 2613 1619 2685 Augustis
1649 2610 1991 2682 conjugibus

349 2716 405 2767 et
436 2706 942 2783 porphyrogenitis
964 2707 975 2762 l
1016 2728 1045 2754 ι)

2093 1173 2186 1247 ρέα
2222 1178 2356 1247 (41),
2404 1175 2494 1229 καὶ
2543 1175 2760 1249 λέγουσι
2834 1177 2924 1232 τὸν
3007 1177 3334 1232 ἆπελατικὸν
3391 1179 3738 1253 χορεύοντες,

2092 1264 2194 1336 ἤχ.
2232 1264 2396 1338 βαρύς
2424 1285 2434 1295 ·
2462 1289 2490 1316 ‹‹
2523 1265 2778 1338 Χαίρετε,
2811 1263 3068 1321 δεσπόται
3109 1273 3217 1321 τῶν
3263 1267 3550 1339 Ῥωμαίων
3578 1285 3592 1300 ⁸
3624 1269 3748 1343 χαί-

2098 1372 2233 1425 ρετε,
2267 1354 2294 1406 ὁ
2326 1355 2492 1415 πόθος
2533 1360 2632 1423 τῆς
2675 1353 2814 1423 ’ὀλης
2844 1355 3170 1428 οἰκουμένης
3195 1375 3209 1390 ·
3253 1356 3495 1433 χαίρετε,
3529 1357 3746 1421 ἄνακτες

2097 1444 2124 1498 ὁ
2156 1441 2299 1498 δεῖνα
2327 1444 2417 1498 καὶ
2450 1444 2476 1498 6
2509 1441 2677 1512 δεῖνα,
2709 1445 2802 1508 οὓς
2839 1447 2874 1514 ἡ
2907 1447 3072 1521 Τριὰς
3114 1447 3472 1522 ἀνηγόρευσεν
3518 1449 3744 1518 νικητὰς

2097 1534 2182 1588 καὶ
2213 1532 2425 1604 κόσμου
2475 1532 2778 1610 εὐεργέτας.
2811 1559 2838 1586 ››
2892 1536 2990 1592 Καὶ
3038 1537 3172 1608 μετὰ
3216 1542 3388 1591 ταῦτα
3427 1537 3748 1612 ἆνέρχονται

2099 1621 2174 1684 εἰς
2224 1623 2290 1676 τὰ
2333 1621 2522 1697 βάθρα,
2555 1623 2644 1676 καὶ
2696 1621 2943 1698 λέγουσιν
2993 1624 3322 1680 ἀπελατικὸν
3367 1623 3468 1703 ἤχ.
3520 1626 3618 1681 πλ.
3653 1624 3736 1679 δ”

2099 1735 2126 1762 (ε
2170 1711 2362 1785 Χαίρει
2405 1712 2431 1764 6
2484 1713 2693 1784 κόσμος
2742 1714 2883 1787 ὁρῶν
2928 1735 2984 1768 σε
3033 1713 3405 1790 αὐτοκράτορα
3452 1713 3743 1786 δεσπότην,

2099 1800 2190 1854 καὶ
2222 1803 2256 1868 ἡ
2289 1800 2452 1862 πόλις
2506 1822 2601 1855 σου
2646 1800 2923 1874 τίρπεται,
2967 1804 3254 1866 θεόστεπτε
3293 1805 3321 1858 6
3363 1801 3505 1858 δεῖνα
3583 1803 3748 1878 Copai-

2102 1897 2247 1960 ζεται
2277 1892 2390 1962 (42)
2439 1892 2472 1957 ἡ
2524 1891 2672 1962 τάξις
2718 1911 2775 1944 σε
2832 1889 3107 1964 βλέπουσα
3147 1895 3471 1968 ταξιάρχην,
3521 1893 3610 1947 καὶ
3660 1893 3746 1947 εὖ.

2098 1982 2326 2053 τυχοῦσι
2388 1980 2454 2032 τὰ
2511 1986 2761 2054 σκῆπτρα
2834 1983 3186 2056 σκηπτοῦχός)
3273 2004 3328 2036 σε
3420 1982 3740 2055 κεκτημένα.

2098 2076 2468 2143 Κατακοσμεῖς
2495 2069 2594 2146 γὰρ
2629 2073 2719 2124 τὸν
2757 2071 2952 2145 θρόνον
2983 2080 3085 2142 τῆς
3138 2088 3395 2148 πατρῴας
3444 2072 3746 2148 βασιλείας,

2098 2160 2188 2214 σὺν
2239 2165 2308 2233 τῇ
2355 2159 2639 2235 Λύγοόστῃ
2689 2160 3030 2235 προπέμπων
3084 2164 3445 2238 μαρμαρυγὰς
3479 2163 3742 2234 εὐταξίας.

2098 2247 2212 2303 ὅθεν
2239 2249 2579 2323 εὐημεροῦσα
2628 2246 2715 2303 διὰ
2764 2255 2859 2304 σοῦ
2899 2253 2934 2320 ἡ
2985 2250 3256 2321 πολιτεία,
3308 2259 3407 2321 τῆς
3452 2259 3552 2322 σῆς
3594 2251 3748 2307 αὺτο-

2097 2339 2389 2414 κρατορίας
2437 2339 2676 2412 ἑορτάζει
2733 2340 2833 2408 τὴν
2883 2336 3111 2414 ἡμέραν.
3157 2365 3185 2394 ιν
3240 2342 3336 2396 Καὶ
3391 2341 3636 2415 λέγουσιν
3692 2343 3746 2396 οἱ

2098 2431 2324 2502 κράκται
2362 2429 2428 2482 τὰ
2490 2429 2653 2482 ἄκτα·
2699 2453 2724 2479 ‹‹
2791 2429 2974 2500 Κύριε,
3038 2435 3212 2485 σῶσον
3289 2432 3417 2493 τοὺς
3485 2429 3748 2492 δεσπότας

2097 2518 2430 2590 Ῥωμαίων·
2463 2537 2490 2570 s
2524 2517 2612 2570 καὶ
2665 2518 2691 2570 6
2745 2517 2877 2579 λαὸς
2925 2518 2982 2572 ἐκ
3026 2525 3108 2591 γ’·
3163 2543 3191 2570 ‹‹
3257 2519 3442 2594 Κύριε,
3490 2525 3684 2575 σῶσον.
3723 2544 3748 2571 ››

2100 2606 2163 2659 Οἱ
2222 2611 2487 2680 κρακται·
2527 2631 2546 2656 ι
2613 2605 2796 2680 Κύριε,
2833 2610 3006 2661 σῶσον
3063 2611 3189 2672 τοὺς
3247 2607 3306 2662 ιιι
3364 2612 3458 2663 σοῦ
3496 2606 3755 2680 ἐστεμμὲ-

2100 2713 2247 2756 νους·
2284 2719 2311 2746 ιο
2344 2697 2574 2770 φθογγεῖ
2601 2696 2693 2748 καὶ
2727 2696 2754 2749 6
2787 2694 2918 2757 λαὸς
2967 2695 3026 2750 ἐκ
3071 2698 3115 2772 γ’
3144 2713 3158 2728 ⁸
3203 2721 3230 2747 ‹‹
3274 2697 3461 2774 Κύριε,
3491 2703 3687 2754 σῶσον.
3725 2720 3749 2750 ι

353 2799 419 2854 Οἱ
449 2798 675 2873 κράκται
698 2811 711 2825 ⁸
748 2816 777 2845 ι(
811 2793 998 2868 Κύριε,
1031 2796 1203 2846 σῶσον
1251 2790 1380 2854 τοὺς
1428 2787 1688 2850 δεσπότας
1720 2787 1812 2843 σὺν
1843 2792 1960 2851 ταῖς
1988 2785 2318 2863 Αὐγούσταις
2345 2785 2436 2838 καὶ
2460 2789 2577 2848 τοῖς
2606 2788 3163 2862 πορφυρογεννήτοις.
3211 2809 3232 2838 ι

945 2883 1180 2939 CAPUT
1219 2883 1406 2939 LXLI.

354 2977 702 3037 Obseruando
732 2989 893 3031 mane
923 2974 1040 3054 eius
1076 2971 1208 3054 diei,
1241 2987 1345 3054 quo
1377 2972 1438 3027 in
1469 2971 1606 3026 urbe
1637 2970 1997 3042 excipiendus

962 3053 1041 3102 est
1069 3049 1390 3117 imperator.

427 3141 469 3197 I.
504 3141 831 3209 Antequam
882 3134 1106 3191 domini
1158 3134 1216 3188 In
1267 3133 1544 3190 thronum
1593 3133 1999 3198 ascenderunt,

2715 2879 2976 2933 ΚΕΦΑΛ.
3019 2877 3143 2932 ΞΓ’.

2107 2967 2247 3021 ’Όσα
2300 2961 2381 3018 δεῖ
2431 2965 2472 3002 ¹⁸
2523 2963 2816 3038 φυλάττειν
2855 2967 2924 3038 τῇ
2975 2965 3229 3042 ἐπαύριον
3282 2967 3359 3029 εἰς
3416 2967 3478 3021 τὸ
3520 2964 3755 3040 ὃὲξιμον.

2180 3128 2259 3185 Α’.
2293 3128 2402 3200 Πρὸ
2460 3131 2555 3182 τοῦ
2606 3123 2800 3182 ἀνιέναι
2849 3147 2977 3188 τους
3020 3125 3284 3192 δεσπότας
3345 3129 3430 3184 ἐπι
3496 3148 3592 3184 του
3642 3147 3760 3182 σεν-

352 3234 618 3287 cantores
649 3203 854 3282 dicunt
884 3240 896 3279 :
932 3247 961 3276 ι(
995 3224 1226 3279 Oriatur
1256 3223 1452 3278 divina
1481 3223 1788 3292 majestas;
1824 3243 1852 3272 ››
1886 3221 1989 3276 cla-

2108 3221 2201 3286 ζου
2235 3218 2344 3288 (43)
2377 3215 2629 3288 λέγουσιν
2699 3217 2751 3270 οἱ
2804 3215 3067 3291 κράκταιο
3131 3242 3152 3273 ι
3220 3215 3534 3275 Ἀνάτειλον
3593 3219 3628 3286 ἡ
3676 3213 3757 3270 ἔνο

352 3323 473 3374 mat
503 3326 557 3373 et
590 3316 842 3388 populus
887 3318 975 3368 ter
1029 3330 1043 3367 :
1096 3333 1120 3364 ι
1156 3313 1405 3379 Oriatur,
1441 3333 1469 3361 »
1499 3317 1554 3366 et
1583 3317 1790 3367 caetera
1820 3309 2000 3365 accla-

353 3406 650 3462 mationis.
684 3405 1000 3473 Postquam
1034 3402 1423 3457 consederunt
1452 3400 1510 3454 in
1543 3399 1707 3469 solio,
1740 3399 1998 3470 primum

354 3511 524 3550 cruce
554 3495 812 3564 signant,
852 3492 1082 3547 dicente
1114 3490 1321 3561 populo
1350 3506 1363 3544 :
1398 3512 1425 3539 «
1452 3491 1719 3548 Sanctus.
1741 3493 1996 3557 sanctus,

353 3587 616 3641 sanctus.
641 3604 670 3631 »
693 3581 866 3636 Porro
898 3588 1160 3636 cantores
1196 3594 1209 3633 :
1237 3599 1261 3630 ι
1285 3578 1480 3634 Gloria
1512 3579 1568 3632 in
1599 3577 1839 3634 excelsis
1860 3577 1998 3642 Deo,

353 3678 410 3729 et
456 3673 513 3726 in
563 3676 714 3726 terra
763 3685 908 3740 pax;
957 3690 986 3719 »ι
1037 3667 1289 3740 populus
1339 3667 1625 3723 similiter.
1670 3666 1998 3722 Cantores:

353 3782 383 3813 ‹‹
415 3762 570 3817 Inter
607 3758 875 3815 homines
922 3757 1288 3815 Christianos
1335 3755 1757 3828 beneplacitum
1787 3774 1800 3824 ;
1825 3777 1853 3806 «
1887 3755 2000 3810 cla-

2102 3308 2220 3368 θεος
2288 3303 2538 3378 βασιλεία
2608 3308 2759 3388 (44)·
2801 3327 2826 3358 ι
2899 3309 3131 3384 φθογγεῖ
3186 3309 3276 3362 καὶ
3324 3309 3353 3361 6
3402 3305 3534 3368 λαὸς
3583 3303 3643 3359 ἐκ
3687 3313 3756 3382 γί

2104 3417 2133 3445 ‹‹
2166 3392 2496 3464 ’Λνάτειλον,
2523 3417 2551 3445 »
2583 3394 2674 3447 καὶ
2721 3393 2788 3448 τὰ
2837 3395 2958 3464 ἑξῆς
3001 3398 3108 3449 τῶν
3148 3395 3345 3452 ἅκτων.
3382 3393 3481 3449 Καὶ
3529 3395 3618 3449 ὅτε
3660 3393 3752 3448 ἆν-

2104 3481 2346 3546 ἑλθωσιν.
2396 3483 2447 3536 οἱ
2508 3480 2765 3537 δεσπόται
2815 3483 2902 3537 ἐπὶ
2982 3488 3078 3538 τοῦ
3127 3485 3333 3554 σένζου,
3384 3485 3748 3563 κατασφραγι-

2107 3581 2256 3644 ζουσι
2288 3577 2397 3647 (45)
2429 3581 2672 3648 πρῶτον,
2703 3575 2792 3630 καὶ
2844 3574 2994 3652 λέγει
3043 3579 3070 3630 6
3106 3578 3240 3640 λαός
3263 3603 3290 3630 ι(
3321 3581 3540 3653 ⁸Λγιος,
3574 3579 3753 3653 ἅγιος,

2105 3664 2276 3738 ἅγιος.
2312 3686 2339 3714 ››
2373 3665 2438 3720 Οἱ
2487 3664 2749 3736 κράκταιο
2795 3686 2823 3716 ‹‹
2873 3664 3086 3735 Πολλὰ,
3127 3664 3334 3736 πολλὰ,
3376 3665 3594 3721 πολλά·
3654 3689 3675 3715 ι
3729 3665 3758 3719 ὁ

2108 3751 2275 3812 λαός·
2314 3774 2340 3803 υ
2375 3751 2568 3808 [Ιολλὰ
2613 3747 2707 3822 ἔτη
2752 3751 2828 3812 εἰς
2875 3751 3083 3812 πολλά.
3118 3776 3146 3806 ››
3181 3756 3284 3813 Καὶ
3335 3755 3430 3819 εἶθ’
3484 3754 3627 3810 οὕτω
3666 3753 3759 3808 λὲ-

1713 3846 1948 3905 VARl/E
1987 3844 2405 3900 LECTIONES.

423 3948 471 3984 ⁸⁸
500 3945 581 4002 δεῖ
609 3950 777 4005 deest
806 3947 865 4003 in
898 3949 1026 4004 cod.

1390 4035 1587 4092 JOAN.
1629 4036 1773 4092 JAC.
1817 4033 2079 4090 REISKII
2119 4031 2712 4088 COMMENTARIUS.

424 4127 540 4200 (40)
573 4126 864 4200 Rogamus
895 4123 1070 4200 liceat
1125 4123 1314 4200 nobis
1345 4123 1596 4200 natalem
1628 4123 1858 4194 imperii
1892 4122 1995 4190 tui,

356 4195 531 4266 eum,
570 4195 688 4268 quo
744 4196 1051 4266 imperium
1120 4196 1339 4268 adiisti,
1398 4195 1658 4268 hilariter
1706 4211 1995 4268 peragere.

355 4263 521 4352 Conf.
558 4263 615 4340 β’.
650 4269 773 4352 165,
816 4263 930 4352 ,τῆς
981 4273 1080 4352 σῇς
1130 4263 1556 4352 αὐτοκρατορίας
1609 4263 1870 4352 ὲ-ορτέζξῖ
1897 4263 1995 4333 τὴν

354 4338 588 4412 ἡμέραν,
621 4345 678 4412 et
717 4340 932 4412 p._163,
972 4339 1072 4396 ubi
1105 4347 1255 4412 recte
1293 4338 1750 4412 interpres._Vid.
1783 4341 1999 4412 Casau-

2107 4118 2324 4196 ἀρεταῖς
2354 4123 2684 4196 προ-σανεῖχε
2713 4120 2802 4196 καὶ
2843 4119 3127 4196 ὡραΐζετο,
3169 4122 3502 4196 _virtutibus
3547 4124 3758 4196 tatenta

2107 4191 2482 4247 mundum'ab
2540 4191 2778 4247 iis"sibi
2837 4191 3230 4263 quaerebat.'u
3287 4193 3434 4262 τάξις
3493 4195 3754 4249 ordinem

2109 4263 2615 4337 honestissimum,
2652 4263 2706 4317 id
2741 4269 2828 4318 est
2859 4265 3245 4337 senatorium,
3275 4264 3332 4320 in
3361 4266 3552 4337 specie
3575 4271 3760 4336 notat,

2111 4335 2438 4390 imitatione
2471 4334 2835 4391 Latinorum.
2869 4335 3128 4392 Occurrit
3157 4336 3265 4393 hoc
3296 4334 3474 4393 aen—su
3507 4337 3565 4392 in
3618 4334 3758 4395 Cod.

358 4406 597 4491 bon'._ad
632 4406 934 4491 Scr..llist.
970 4414 1198 4491 Aug.__t.
1232 4411 1281 4491 I_,_
1309 4426 1364 4480 p.
1398 4406 1488 4491 45,
1521 4410 1617 4491 ubi
1658 4411 1728 4465 de
1758 4410 2002 4491 diversis
2035 4473 2077 4491 ἢ
2111 4406 2398 4491 Ἐοςοᾶοε.
2435 4422 2550 4461 non
2575 4407 2781 4491 semel.
2833 4408 3125 4491 Con{._l).u
3177 4409 3368 4480 Cange
3416 4425 3468 4466 ν.
3522 4407 3686 4491 ρνᾳο.
3708 4415 3766 4464 et

359 4481 658 4538 natalibus
688 4480 826 4551 agit.
856 4485 934 4536 De
976 4473 1379 4552 rogationibus
1428 4473 1748 4537 factionum
1781 4483 1896 4536 vid.
1930 4479 2005 4536 ad
2034 4473 2081 4538 D
2116 4477 2310 4552 Τάξιςη
2335 4477 2557 4552 Forma
2572 4477 2933 4552 Constantini
2968 4483 3046 4552 M.
3077 4478 3147 4552 in_
3176 4473 3480 4552 mar-inore
3510 4481 3761 4535 Asiatico

407 4595 420 4610 .
459 4554 531 4608 63
559 4557 616 4607 et
647 4553 768 4606 170.

361 4572 834 4694 μᾶῗβέιιῖίῶἶο.
881 4621 1079 4694 chorea
1106 4639 1232 4678 cum
1273 4623 1519 4692 facibus.
1555 4623 1704 4693 Ergo
1727 4624 1849 4693 jam
1882 4627 2006 4678 tum

363 4693 644 4767 temperie
676 4710 912 4766 quoque
938 4693 1278 4767 saltationes
1310 4711 1442 4751 cum
1478 4694 1682 4750 faculis
1705 4698 1806 4750 aut
1827 4694 2008 4751 cereis

363 4769 421 4824 in
457 4765 566 4824 usu
597 4765 783 4834 erant,
813 4765 908 4839 fut,
949 4765 1117 4822 hodie
1146 4771 1306 4839 sunt
1351 4767 1410 4822 in
1453 4767 1622 4839 aulis,
1653 4767 2006 4839 principum.

363 4840 444 4896 De
476 4838 1009 4895 illuminationibus
1038 4843 1095 4894 et
1142 4837 1380 4910 ignibus
1420 4837 1824 4895 artificialibus
1849 4837 2008 4895 ’vete-

365 4928 496 4967 rum
523 4911 796 4967 annotavi
840 4912 1109 4982 quadam
1164 4912 1234 4966 ad
1269 4927 1325 4982 p.
1365 4910 1489 4972 351,
1542 4911 1636 4966 ubi
1687 4911 1756 4966 de
1786 4910 2009 4967 hilariis

364 4982 823 5054 triumphalibus
843 4980 955 5054 egi,

437 5049 635 5128 (112)—Id
687 5058 773 5110 est
827 5049 1239 5128 καλλωπίζεται
1287 5056 1345 5110 et
1402 5049 1851 5128 μεγαλαυχεῖται,
1903 5053 2009 5109 hoc

363 5127 520 5182 velut
559 5130 825 5181 ornatum
871 5125 1182 5196 quemdam
1234 5140 1405 5181 suum
1467 5125 1737 5193 ostentat,
1788 5141 1854 5182 eo
1885 5140 2009 5181 sese

407 5202 531 5253 arat
571 5201 631 5253 et
675 5197 958 5253 fastuatur
1005 5200 1181 5266 atque
1210 5196 1529 5268 gloriatur,
1579 5198 1612 5265 ἡ
1664 5197 1831 5265 τάξις,
1878 5196 2008 5252 ordo

407 5215 531 5253 arat
571 5215 631 5253 et
675 5215 958 5253 rastuaiur
1005 5215 1181 5266 atque
1228 5215 1529 5268 gloriatur,
1579 5215 1612 5265 η
1664 5215 1831 5265 recte,
1878 5215 2006 5252 orao

363 5215 712 5341 {senatorius
763 5268 1017 5340 nempe),
1067 5267 1234 5341 quod,
1275 5273 1348 5341 tu!
1389 5269 1471 5325 sis
1511 5269 1634 5340 ejus
1681 5268 2006 5341 ταξιαρχῃς,

363 5336 711 5412 ordinarius,
746 5336 1016 5412 princeps
1047 5336 1293 5412 ordinis.
1330 5339 1417 5412 Ita
1445 5336 1658 5397 Zosim.
1683 5341 1778 5407 IV,
1809 5336 2007 5412 3⁷8ζέπί

361 5408 822 5485 κατωρθωμένοις
871 5408 1182 5486 πράγμασιν
1233 5408 1558 5486 ὡραΐζεσθαι
1607 5412 1772 5478 dixit,
1824 5410 1890 5464 ob
1921 5426 2010 5466 res

365 5489 500 5540 bene
521 5482 701 5552 gestas
747 5499 865 5541 sese
904 5482 1070 5555 velut!
1096 5482 1326 5555 ὡραῖον,
1356 5483 1678 5555 speciosum,
1711 5487 2006 5555 esteatare.

360 5557 489 5611 Sich
521 5557 779 5626 paerden,
807 5555 929 5626 sich
957 5553 1071 5626 υγὶει
1095 5552 1281 5626 damit
1337 5552 1571 5626 ιιίίιςεεηἈ
1602 5569 1703 5626 nos
1733 5552 2006 5626 dicimus.

365 5622 530 5684 Idem
565 5629 658 5694 IV,
709 5622 772 5698 [ξς
821 5625 887 5680 42
923 5642 934 5682 :
971 5624 1347 5698 ὡραϊζομένου
1395 5629 1472 5696 τῷ
1515 5622 1715 5694 πλήθει
1754 5623 1843 5679 καὶ
1909 5644 2005 5696 μεθ

361 5698 502 5771 γὲϐει
559 5701 666 5752 τῶν
729 5694 970 5771 δωρεῶν,
1023 5694 1154 5753 eum
1183 5694 1189 5696 ⁷
1221 5694 1620 5771 εἱὺί-Ριοοδνει
1675 5698 1738 5752 ob
1767 5694 2008 5771 copiam

361 5768 910 5847 magnitudinemque
966 5783 1277 5826 munerum.
1335 5768 1587 5839 Nicetes,
1650 5785 1706 5840 p.
1751 5768 2007 5838 29,“Ταῖς

2117 4552 2268 4606 inter
2297 4547 2705 4622 inscriptiones
2736 4566 2768 4622 a
2808 4549 3087 4606 Richardo
3120 4550 3364 4606 Pocokio
3395 4551 3583 4608 editas
3615 4569 3671 4622 p.
3704 4553 3759 4619 9,

2119 4638 2175 4678 n.
2226 4621 2523 4693 5.__quar_n_
2553 4619 2684 4693 inde
2727 4620 3020 4693 integram
3073 4623 3274 4693 repetii
3317 4623 3374 4678 in
3422 4619 3760 4679 recensione

2117 4690 2432 4773 mea_illius
2467 4690 2599 4745 libri
2627 4692 2772 4748 actis
2803 4690 3162 4773 eruditorum
3196 4694 3331 4750 anni
3365 4694 3546 4773 hujus
3578 4693 3760 4773 inser-

2117 4768 2196 4831 ta,
2230 4763 2371 4818 dicit
2400 4763 2735 4833 Augustum
2781 4765 3026 4821 salutem
3070 4767 3253 4823 dicere
3289 4763 3478 4824 ordini
3523 4766 3766 4822 civitatis

2117 4837 2560 4893 Orcistanorum.

2188 4907 2300 4975 (43)
2332 4906 2412 4979 De
2439 4906 2647 4962 throno
2677 4905 3052 4979 Cathismatis
3091 4923 3193 4964 seu
3234 4908 3433 4978 palatii
3463 4909 3770 4979 circensis,

2117 4994 2148 5034 e
2179 4995 2296 5050 quo
2336 4977 2504 5034 ludos
2535 4982 2798 5049 spectare
2830 4977 3049 5036 solebat
3076 4977 3418 5052 imperator,
3454 4981 3544 5038 hic
3574 4977 3770 5038 sermo

2117 5059 2225 5108 est.

2192 5121 2307 5195 (44)
2366 5120 2598 5190 Adverti,
2664 5136 2693 5177 ο
2756 5122 3008 5191 maiestas
3059 5122 3392 5181 auctoritate
3437 5123 3630 5181 divina
3679 5140 3768 5181 re-

2115 5209 2314 5264 gnam.

2188 5265 2302 5332 (45)
2331 5265 2721 5334 Imperatores
2772 5264 3018 5320 Romani
3069 5265 3208 5323 olim
3260 5282 3390 5322 cum
3435 5266 3494 5322 in
3543 5267 3766 5324 circum

2116 5336 2433 5406 Venissent,
2466 5335 2663 5406 osculo
2691 5336 2851 5406 jacto
2884 5337 3152 5394 manibus
3203 5338 3523 5395 adorabunt
3567 5343 3626 5394 et
3675 5356 3768 5394 sa-

2117 5405 2888 5480 lutabantpopulumjyid.
2931 5407 3101 5465 Dion.
3150 5411 3314 5466 Cass.
3368 5428 3421 5480 p.
3480 5411 3636 5478 1055,
3675 5411 3768 5475 71,

2117 5480 2208 5554 ed.
2242 5477 2624 5554 Hamb._Ejus
2658 5479 2717 5534 in
2751 5477 3407 5554 locumsuccessitmos
3439 5482 3605 5554 signo
3636 5498 3770 5537 cru-

2119 5551 2202 5607 cis
2234 5549 2664 5625 signandi_ope
2717 5551 3044 5625 rhostbelii,
3090 5569 3188 5608 seu
3238 5549 3563 5625 chlamydis
3613 5559 3770 5609 certo

2117 5621 2371 5695 quodam
2407 5621 2577 5678 modo
2610 5622 2967 5694 compositae,
2999 5625 3069 5679 de
3100 5640 3214 5694 quo
3251 5621 3524 5697 deinceps
3557 5626 3770 5697 saepius

2114 5698 2377 5753 occurret
2405 5709 2618 5750 sermo.
