4138 6212
297 407 300 411 '
410 384 528 444 549

1279 378 1381 438 DE
1424 372 1888 438 CERIMONIIS
1933 371 2177 435 AULE
2218 372 2690 440 BYZANTIN/E
2731 381 2881 442 LIB.
2931 381 2977 441 Ι.

3703 387 3826 450 880

413 534 570 589 γουσι
600 513 668 566 τὰ
701 509 838 566 ἄκτα
877 507 929 564 οἷ
978 508 1223 580 κράκται·
1273 528 1302 558 ι(
1354 505 1489 574 Δόξα
1536 503 1589 559 ἐν
1648 500 1893 578 ὐψίστοις
1943 503 2058 572 Θεῷ

2183 509 2304 565 mat
2325 511 2382 564 et
2402 503 2652 581 populus
2670 509 2872 567 eadem
2893 515 3000 568 ter.
3025 511 3300 569 Cantores
3323 528 3337 568 :
3362 535 3390 564 «
3418 516 3583 580 Quod
3620 519 3818 589 populi

411 601 498 656 καὶ
532 601 618 656 ἐπὶ
661 603 764 678 γῆς
815 598 1031 673 εἷρήνη’
1086 621 1112 647 ››
1165 596 1192 650 6
1250 594 1383 656 λαὸς
1416 595 1475 648 ἐκ
1504 595 1692 670 τρίτου
1726 592 1958 666 ὁμοίως.
1990 590 2058 648 Οἱ

413 693 661 767 κρακται·
715 714 743 742 ‹‹
815 689 901 744 Ἐν
956 685 1264 761 ἀνθρώποις
1331 685 1664 760 Χριστιανῶν
1731 678 1969 738 εὐδοκίαο
2033 705 2060 732 ››

414 784 649 856 (pec-Hei
687 777 776 833 καὶ
809 777 835 831 6
868 775 1000 837 λαός
1032 775 1091 830 ἐκ
1118 775 1184 850 γ”
1216 772 1448 848 ὁμοίως.
1482 774 1550 828 Οἱ
1579 773 1818 847 κρέκται³
1857 795 1883 822 ‹‹
1937 770 2060 827 Ὀτι

413 872 648 944 ἠλέησεν
680 873 710 926 α
740 872 870 934 Θεὸς
897 869 988 923 τὸν
1021 866 1152 922 λαὸν
1185 863 1374 922 αὐτοῦ.
1409 887 1438 917 ιν
1484 867 1713 942 φθογγεῖ
1741 862 1829 918 καὶ
1877 862 1904 916 6
1928 859 2062 920 λαὸς

413 962 623 1037 ὁμοίως
654 960 712 1017 ἐκ
760 963 826 1037 γ’.
872 961 934 1012 Οἱ
977 957 1226 1031 κράκται⁶
1277 979 1304 1008 ‹‹
1357 955 1492 1026 Δόξα
1537 958 1654 1026 Θεῷ
1700 956 1781 1025 τῷ
1824 950 2058 1023 δεσπότῃ

412 1054 646 1108 πάντων·
706 1074 734 1101 ››
792 1051 1012 1127 φθογγεῖ
1066 1046 1157 1102 καὶ
1217 1047 1244 1100 6
1291 1045 1423 1106 λαὸς
1485 1042 1545 1099 ἐκ
1597 1051 1642 1118 γ’
1701 1041 1937 1114 ὁμοίως,
1997 1041 2059 1093 Οἱ

413 1144 660 1218 κράκταν
697 1164 724 1191 ‹‹
760 1134 972 1204 Πολλὰ,
1006 1134 1210 1206 πολλὰ,
1243 1132 1450 1189 πολλὰ.
1487 1156 1514 1184 ››
1545 1131 1827 1208 Τριλὲξιον
1859 1132 1902 1166 1⁸
1948 1130 2063 1203 (46)

416 1253 447 1284 α
466 1277 480 1302 ,
512 1229 611 1306 ἧχ’
649 1225 688 1283 δ’
726 1252 752 1279 ››
782 1229 845 1284 Ὀ
879 1228 1006 1290 Θεὸς
1031 1227 1058 1280 ὁ
1082 1222 1357 1294 δεσπόζων
1380 1221 1626 1298 ἀοράτων
1651 1221 1742 1276 καὶ
1765 1220 2063 1295 ὁρωμένων

2169 601 2260 657 sui
2286 599 2436 655 Deus
2475 599 2750 654 misertus
2779 607 2902 669 est;
2938 619 2962 651 ι
3001 600 3268 657 similiter
3292 601 3501 658 clamat
3535 610 3590 661 et
3622 623 3816 678 pOpu-

2173 689 2268 744 lus
2300 693 2404 744 ter.
2428 687 2702 744 Cantores
2728 702 2741 743 :
2768 709 2797 738 «
2824 687 3019 745 Gloria
3049 687 3164 745 Deo
3195 691 3459 747 omnium
3485 693 3752 763 domino;
3791 717 3819 745 ››

2173 777 2425 852 populus
2473 774 2676 834 eadem
2717 782 2824 834 ter.
2857 778 3135 836 Cantores
3168 798 3182 837 :
3218 801 3244 833 ι
3297 779 3534 850 Multos,
3579 784 3816 852 multos,

2173 867 2423 935 multos;
2450 889 2478 916 »
2499 867 2783 939 populus:
2815 891 2836 918 ιι
2860 871 3078 926 multos
3101 887 3285 927 annos
3309 871 3370 928 in
3394 873 3631 930 multos.
3650 895 3678 924 »
3699 875 3819 930 Tri-

2173 956 2389 1014 lexium
2414 957 2455 1011 Ι.
2479 956 2601 1012 toni
2622 957 2696 1011 IV
2722 974 2734 1013 :
2760 980 2788 1008 ‹‹
2821 958 2992 1028 Deus,
3025 959 3299 1017 dominus
3339 962 3728 1020 invisibilium
3761 970 3821 1022 et

2174 1044 2520 1113 visibilium,
2542 1061 2644 1102 vos
2675 1052 2911 1103 centum
2937 1063 3122 1105 annos
3144 1048 3203 1104 in
3241 1066 3380 1122 paoe
3404 1050 3684 1110 Romanis
3713 1053 3820 1110 im-

2176 1149 2380 1207 perare
2409 1135 2584 1206 sinat,
2613 1140 3076 1210 praesentemque
3108 1137 3263 1194 diem
3293 1140 3470 1196 vestri
3493 1142 3725 1214 imperii
3759 1151 3821 1200 ut

2179 1224 2389 1280 festum
2420 1222 2716 1281 celebrare
2740 1224 2754 1279 l

417 1325 632 1396 ἀξιώσει
681 1325 844 1398 ὐμᾶς,
901 1319 1178 1391 δεσπόται,
1227 1320 1414 1376 ἑκατὸν
1453 1317 1505 1372 ἐν
1555 1318 1740 1394 εἰρήνῃ
1790 1316 2026 1392 χρόνους
2078 1316 2382 1392 βασιλεύειν
2432 1317 2745 1393 Ῥωμαίων,
2799 1319 2888 1375 καὶ
2938 1321 3036 1391 τὴν
3070 1327 3364 1398 παροῦσαν,
3435 1327 3646 1402 ἡμέραν
3717 1334 3816 1399 τῆς

419 1415 841 1488 αὐτοκρατορίας
867 1412 1163 1487 ἑορτάζειν.
1201 1434 1227 1461 ››

494 1509 565 1563 Β’.
593 1509 788 1563 “Amm
814 1505 877 1559 α“.
909 1504 1159 1581 λέγουσιν
1195 1503 1243 1556 οἱ
1287 1503 1536 1576 κράκταιο
1592 1523 1620 1552 ‹‹
1673 1496 1884 1554 Πολ)οἶ
1937 1498 2064 1572 ὑμῖν

420 1595 634 1672 χρόνοι,
678 1597 712 1664 ἡ
762 1591 942 1658 ἔνθεος
1000 1591 1270 1667 βασιλεία⁸
1309 1615 1330 1642 ι
1369 1591 1600 1669 φθογγεῖ
1626 1588 1718 1645 καὶ
1751 1590 1778 1644 6
1812 1588 1946 1650 λαὸς
2007 1586 2066 1642 ix

419 1687 482 1760 γ’·
517 1709 543 1737 ιι
579 1681 789 1739 Πολλοὶ
823 1683 950 1756 ὑμῖν
977 1681 1188 1758 χρόνοι,
1221 1703 1245 1734 ι)
1283 1679 1371 1735 καὶ
1403 1680 1468 1734 τὰ
1518 1679 1642 1750 ἑξῆς
1697 1684 1803 1733 τῶν
1863 1676 2061 1734 ἔκτων.

421 1772 703 1849 Τριλέξιον
741 1773 806 1847 β’·
857 1796 876 1824 ι
939 1773 1284 1847 Ἀσύγκριτοι
1334 1773 1660 1844 στρατιῶται
1702 1771 1838 1842 (47),
1888 1767 2064 1822 οἴκου-

425 1864 588 1935 μένης
645 1863 702 1917 οἱ
758 1860 1067 1936 πρόμαχοι,
1119 1859 1474 1939 στεφηφόροι,
1533 1858 1585 1913 τί
1645 1855 1704 1912 ἐκ
1747 1861 1878 1912 Θεοῦ
1912 1857 2061 1931 ὑψω-

422 1952 598 2016 θέντες
657 1954 704 1989 ³⁸
760 1949 848 2006 ἐπὶ
899 1949 1097 2024 θρόνου
1145 1955 1245 2018 τῆς
1294 1947 1593 2023 βασιλείας,
1658 1945 2067 2021 διὲσκορπίσατε

421 2033 550 2109 ἔθνη
607 2039 803 2098 ὅπλοις
864 2036 1061 2101 ἐνθέοις
1119 2043 1216 2106 τῆς
1274 2031 1570 2099 εὐσεϐείαςο
1620 2034 1746 2091 ἀλλ’
1788 2035 1816 2090 ὁ
1865 2036 1993 2096 Θεὸς
2038 2035 2066 2089 6

424 2128 620 2202 στέψας
652 2128 791 2202 ὑμᾶς
823 2126 914 2181 καὶ
963 2126 1181 2180 πάντων
1229 2126 1453 2195 κτίστης
1502 2123 1590 2180 ἐπὶ
1646 2124 1843 2181 πλεῖον
1897 2123 2068 2180 πλεο-

423 2217 571 2272 viast
620 2216 772 2290 ὑμῶν
823 2216 919 2278 τὰς
969 2215 1201 2289 ἡμέρας.
1255 2238 1282 2266 ››
1339 2217 1536 2272 ’Ἀκτον
1712 2211 1967 2288 λέγουσιν
2017 2213 2067 2267 οἱ

426 2306 677 2382 κράκταιο
720 2328 748 2361 c
780 2307 834 2359 Ὀ
888 2302 1034 2358 δεῖνα
1072 2303 1160 2358 καὶ
1211 2305 1238 2358 6
1283 2300 1426 2360 δεῖνα
1487 2302 1738 2378 μεγάλων
1799 2301 2066 2379 βασιλέων

425 2397 511 2452 καὶ
546 2395 960 2469 αὐτοκρατόρων
994 2391 1180 2448 πολλᾶ
1208 2393 1275 2448 τὰ
1303 2388 1420 2462 ἔτηο
1450 2393 1523 2455 ὡς
1553 2393 1620 2447 τὰ
1661 2391 1808 2447 αἴσια
1866 2395 2071 2448 ἅπαντα

427 2485 503 2546 εἷς
552 2485 620 2539 τὰ
672 2484 876 2558 πὲρατα
935 2482 1310 2560 ἐκφωνεῖσθαι.
1374 2479 1805 2556 Εὐφημήσωμεν
1857 2481 2070 2537 Βὲνετοι

428 2575 566 2631 κατὰ
593 2572 792 2648 χρέως⁹
826 2568 1086 2640 εὐσεϐεῖς,
1119 2568 1328 2626 πολλοὶ
1377 2568 1506 2644 ὐμῖν
1563 2565 1780 2646 χρόνον
1829 2569 2070 2641 νικηταέ,

430 2661 638 2718 πολλοὶ
695 2660 822 2734 ὕμῖν
875 2660 1091 2736 χρόνοιο
1152 2658 1358 2734 ἐκλογὴ
1418 2660 1515 2728 τῆς
1576 2655 1833 2734 Τριάδος,
1864 2655 2071 2713 πολλοὶ

433 2751 560 2824 ὑμῖν
591 2750 806 2826 χρόνοι·
841 2773 870 2801 >›
896 2747 1183 2824 Τριλέξιον
1212 2750 1280 2824 γ”
1317 2773 1344 2800 ‹‹
1378 2749 1532 2824 Ηαρὰ
1573 2752 1707 2803 Θεοῦ
1754 2744 2072 2823 φιλανθρώ-

431 2862 534 2896 που
573 2842 727 2915 ὑμεῖς
783 2838 1098 2917 ἐστὲφθητε,
1154 2839 1489 2915 Αὐγοῦσται,
1546 2835 1732 2910 νοητῷ
1791 2835 1848 2892 δὲ
1902 2835 2073 2910 ἐλαίῳ

431 2928 836 3007 ἒπευλογήθητε
883 2929 1169 3004 οὐρανόθεν
1229 2927 1304 2990 είς
1361 2928 1718 3003 χαρμοσύνην
1779 2932 1876 2982 τοῦ
1939 2931 2076 2982 Λαοῦ

437 3020 610 3093 ὑμῶν,
655 3013 1060 3090 θεοπρόϐλητοι
1103 3015 1436 3092 Αὐγοῦσται,
1479 3018 1568 3071 καὶ
1618 3017 1694 3080 εἷς
1731 3017 2076 3073 κατόίπτωσιν

435 3111 647 3164 πάντων
674 3107 947 3163 ἐναατίων.
984 3132 1011 3159 ››
1045 3112 1243 3162 ’Ἅκτον
1271 3107 1337 3182 γ’.
1400 3105 1643 3180 Λέγουσιν
1705 3107 1756 3161 οἱ
1818 3106 2070 3183 κράκται⁶

2248 1500 2316 1558 II.
2358 1501 2788 1572 Acclamatiol;
2831 1503 3032 1562 dicunt
3063 1511 3333 1565 cantores
3368 1526 3382 1565 :
3429 1533 3457 1562 «
3490 1510 3688 1586 Longa
3717 1529 3820 1572 vo-

2176 1591 2266 1647 bis
2279 1596 2536 1665 tempora
2548 1593 2822 1666 majestas
2834 1594 3061 1666 divina;
3083 1617 3106 1645 ι
3123 1599 3375 1670 papulua
3389 1603 3504 1657 ter:
3523 1602 3717 1675 Longa
3730 1621 3822 1660 vo-

2177 1677 2264 1737 bis
2280 1689 2390 1737 lem
2400 1699 2561 1754 pora,
2575 1705 2603 1734 η
2621 1687 2677 1738 et
2697 1686 2902 1740 cetera
2916 1686 3378 1744 acclamationis.
3395 1690 3716 1748 Trilexium
3738 1694 3784 1748 Il
3805 1710 3818 1751 :

2179 1791 2207 1819 «
2268 1771 2762 1842 Ineomparabiles
2812 1773 3046 1844 milites,
3097 1775 3435 1835 defensores
3486 1798 3550 1836 ac
3597 1787 3820 1840 tutores

2176 1858 2452 1928 universi,
2491 1861 2747 1918 coronati
2779 1879 2812 1918 a
2847 1864 2980 1934 Deo,
3026 1865 3185 1922 164
3215 1867 3448 1925 exaltati
3497 1870 3557 1926 in
3606 1871 3818 1930 throno

2175 1949 2515 2022 majestatis,
2549 1951 2801 2024 subigito
2838 1957 3041 2025 gentes
3081 1955 3298 2014 divinis
3347 1959 3526 2016 armis
3567 1959 3820 2033 pietatis.

2177 2039 2288 2094 Sed
2341 2046 2512 2109 Deus,
2571 2040 2667 2112 qui
2727 2058 2824 2098 vos
2881 2045 3198 2115 coronavit,
3249 2052 3473 2105 creator
3529 2051 3822 2122 omnium,

2179 2127 2301 2182 dies
2331 2132 2552 2184 vestros
2601 2129 2786 2202 magis
2830 2133 3133 2206 magisque
3176 2141 3406 2206 augeat.
3442 2160 3470 2188 »
3517 2138 3820 2196 Acclama-

2178 2216 2258 2272 tio
2280 2215 2327 2271 II
2353 2233 2368 2283 ;
2399 2216 2606 2272 dicunt
2634 2221 2940 2275 cantores:
2975 2241 3004 2270 ‹‹
3038 2219 3190 2278 Ν.Ν.
3226 2224 3458 2296 magnis
3497 2223 3817 2297 imperato-

2180 2305 2342 2362 ribus
2364 2311 2420 2362 et
2439 2303 2716 2378 Augustis
2740 2307 2957 2366 multos
2980 2327 3182 2381 annos,
3211 2316 3272 2367 ut
3313 2312 3501 2371 felicia
3531 2316 3728 2371 omnia
3760 2316 3821 2372 in

2178 2395 2443 2451 terminis
2481 2395 2712 2467 imperii
2752 2398 3116 2456 nuntientur.
3159 2397 3573 2459 Acclamemus
3619 2401 3830 2460 Veneti

2180 2499 2246 2539 ex
2275 2481 2489 2541 debito.
2525 2482 2724 2558 Longa
2772 2484 2956 2556 vobis,
2992 2504 3024 2542 ο
3069 2486 3172 2560 pii,
3205 2493 3513 2563 temporal
3555 2489 3834 2562 victores,

2180 2572 2356 2646 longa
2374 2574 2539 2630 vobis
2562 2573 2860 2646 tempora!
2886 2576 3055 2632 electi
3077 2595 3109 2632 ιι
3130 2576 3434 2650 Trinitate,
3456 2581 3632 2656 longa
3665 2582 3835 2639 vobis

2182 2663 2472 2736 tempora!
2505 2686 2530 2713 ι»
2550 2663 2866 2720 Trilexium
2893 2665 2970 2720 Ill
2987 2683 3002 2722 :
3021 2687 3049 2717 «
3070 2667 3117 2722 A
3135 2667 3594 2737 Deo,hominum
3614 2672 3827 2741 amico,

2182 2756 2465 2810 coronatas
2482 2751 2644 2820 estis,
2671 2758 2966 2824 Augusta,
2988 2759 3047 2811 et
3081 2756 3386 2830 sapientiae
3432 2757 3557 2816 oleo
3586 2761 3656 2816 ad
3690 2759 3829 2816 lati-

2183 2841 2322 2900 tiam
2346 2841 2543 2918 populi
2565 2841 2737 2898 vestri
2758 2842 2987 2901 caelitus
3010 2855 3326 2918 perunctae,
3350 2865 3382 2905 a
3406 2849 3521 2904 Deo
3547 2855 3826 2922 promotae

2184 2935 2478 3006 Augustas,
2505 2935 2563 2987 et
2584 2931 2642 2988 in
2667 2929 2907 2988 exitium
2937 2934 3202 2992 omnium
3228 2935 3626 2994 inimicorum.
3653 2961 3681 2988 »
3712 2941 3830 2996 Ac-

2186 3021 2453 3080 clamatio
2476 3018 2586 3089 III;
2621 3025 2923 3077 cantores:
2961 3045 2990 3072 «
3023 3021 3218 3094 Longa
3246 3023 3411 3080 vobis
3444 3034 3724 3098 tempora,
3756 3025 3826 3083 N.

2189 3109 2544 3181 N.Augustaa
2578 3109 2972 3166 Romanorum
2999 3127 3013 3180 ;
3043 3132 3072 3160 »
3105 3111 3318 3168 clamat
3339 3121 3392 3168 et
3423 3114 3678 3186 populus
3709 3123 3827 3172 ter:

441 3223 466 3249 ‹‹
499 3197 709 3254 Ηολλοὶ
742 3197 868 3270 ὑμῖν
900 3195 1116 3272 χρόνοι,
1149 3197 1176 3250 6
1210 3193 1356 3251 δεῖνα
1384 3195 1474 3249 καὶ
1509 3195 1535 3249 6
1569 3193 1716 3250 δεῖνα
1767 3196 2072 3272 Δύγοῦσται

2185 3223 2213 3252 ‹‹
2251 3199 2438 3269 Longa
2463 3199 2629 3254 vobis
2661 3201 2944 3268 tempora.
2969 3222 2997 3249 ››
3021 3200 3304 3256 Cantores
3325 3219 3345 3258 :
3372 3224 3392 3252 α
3422 3204 3658 3273 Multos,
3683 3205 3828 3260 mul-

438 3287 873 3360 τῶνῬωμαίων·
910 3310 930 3338 ι
967 3291 1200 3366 φθογγεῖ
1227 3287 1314 3341 καὶ
1353 3287 1380 3340 6
1414 3285 1544 3347 λαὸς
1593 3284 1651 3340 ἐκ
1679 3293 1742 3361 γ”
1779 3311 1807 3338 ‹‹
1860 3285 2074 3342 Πολλοὶ

441 3378 568 3452 ὑμῖν
601 3375 809 3453 χρόνοι.
843 3401 872 3429 ››
904 3376 971 3435 Οἱ
1000 3375 1246 3450 κράκται’
1281 3400 1309 3427 ‹‹
1345 3373 1558 3445 Πολλὰ,
1591 3372 1798 3445 πολλὰ,
1831 3376 2074 3437 πολλά.»

436 3469 464 3522 6
492 3467 648 3530 λαός·
686 3463 925 3523 «Ηολλὰ
955 3463 1050 3535 ἔτη
1084 3465 1159 3528 εἷς
1200 3463 1404 3520 πολλοὶ·
1446 3489 1474 3516 ››
1523 3464 1614 3520 καὶ
1662 3464 1822 3520 αὐλεῖ
1868 3468 1928 3522 τὸ
1977 3463 2074 3543 ὅρ-

433 3576 620 3632 γανον.
681 3554 783 3612 Καὶ
837 3552 1108 3629 λέγουσιν.
1159 3579 1188 3607 ι(
1256 3560 1552 3631 ’¹Αγιαχας.
1622 3553 1726 3610 Καὶ
1786 3557 1876 3611 ὅτε
1931 3555 2075 3628 πλη-

433 3647 607 3722 ρώσῃ,
667 3643 923 3721 λέγουσιν
973 3645 1025 3699 οἱ
1071 3643 1300 3721 κράκται
1350 3646 1536 3718 φωνήν
1582 3642 1684 3720 ἤχ.
1733 3665 1792 3701 π.
1847 3642 1909 3699 δ’·
1945 3671 1971 3699 ι(
2003 3648 2073 3702 Τὸ

435 3733 614 3812 ίχάδιν
646 3735 788 3811 ἅγια·
824 3758 852 3786 ››
895 3733 983 3789 καὶ
1022 3735 1050 3787 6
1091 3732 1246 3797 λαός.
1293 3758 1323 3786 ‹‹
1363 3732 1696 3808 ’Δνδρίζεται
1748 3736 1782 3804 ἡ
1829 3735 1992 3798 πόλις
2038 3738 2072 3806 ἠ

433 3829 542 3881 τῶν
598 3824 913 3898 Ῥωμαίων,
972 3819 1234 3898 δεξαμένη
1295 3822 1354 3878 ἐκ
1410 3826 1506 3878 τοῦ
1567 3820 1708 3878 ἰδίου
1762 3825 2077 3897 θρὲμματος

430 3915 531 3986 τήν
579 3912 873 3988 σωτηρίαν·
917 3913 1007 3968 καὶ
1055 3910 1332 3984 δοξάζεται
1377 3912 1442 3966 τὸ
1491 3919 1768 3986 σκῆπτρον
1839 3919 1939 3982 τῆς
1990 3911 2076 3985 ἐξ-

432 4001 635 4060 ουσίαςο
697 4001 964 4079 ἀπάνάγια
1011 4003 1078 4076 ³1,
1121 4000 1206 4057 ὅτι
1255 4001 1585 4076 ιπεσκὲψατο
1638 4000 1788 4074 αὐτῷ
1835 3999 2073 4072 ἀνατολή

430 4090 481 4162 ἔξ
527 4093 698 4168 ’ὐψους
761 4088 850 4146 διὰ
920 4095 1037 4160 σοῦ,
1092 4092 1120 4146 6
1170 4089 1316 4147 δεῖνα
1361 4089 1507 4162 ἄναξ,
1551 4095 1649 4146 τοῦ
1699 4091 2075 4168 ἀγαπήσαντος

2188 3287 2535 3355 tos,multos
2559 3304 2574 3355 ;
2599 3307 2629 3337 »
2653 3287 2938 3359 populus:
2959 3310 2987 3337 «
3011 3287 3226 3346 Multos
3247 3307 3434 3347 annos
3454 3292 3514 3347 in
3531 3293 3746 3348 multos
3765 3312 3778 3364 ;
3797 3316 3826 3344 »

2186 3381 2245 3434 et
2273 3379 2518 3433 sonante
2547 3389 2764 3448 organo
2804 3375 3046 3432 dicunt:
3101 3398 3130 3429 ι(
3161 3377 3388 3435 Sancte.
3420 3399 3446 3432 ι
3484 3380 3608 3447 Quo
3637 3382 3828 3454 ﬁnito,

2188 3471 2451 3524 cantores
2499 3473 2632 3522 tono
2680 3462 2917 3538 obliquo
2958 3464 3073 3524 IV:
3107 3489 3136 3517 ‹‹
3188 3465 3442 3535 Sancta;
3475 3491 3504 3520 »
3539 3474 3594 3526 et
3643 3487 3825 3546 pOpu-

2186 3557 2326 3613 lus:
2371 3577 2399 3607 ››
2440 3553 2835 3611 Conﬁrmatur
2881 3556 3022 3612 urbs
3071 3557 3466 3615 Romanorum
3512 3577 3546 3616 a
3591 3560 3827 3633 proprio

2187 3647 2423 3702 alumno
2453 3643 2702 3701 salutem
2733 3647 2922 3711 nacta,
2954 3649 3013 3700 ct
3049 3645 3338 3704 exaltatur
3379 3656 3674 3721 sceptrum
3725 3666 3832 3721 po-

2185 3734 2377 3791 tentia:
2411 3750 2480 3790 :o
2513 3733 2923 3789 sanctissima!
2975 3736 3128 3807 quod
3159 3736 3349 3807 ipsam
3389 3739 3581 3794 oriens
3612 3755 3679 3794 ex
3709 3738 3824 3796 alto

2185 3823 2380 3878 invisit
2408 3837 2509 3894 per
2538 3829 2612 3890 te,
2645 3821 2713 3877 N.
2738 3823 3078 3895 imperator,
3100 3824 3198 3894 qui
3230 3825 3497 3882 amavisti
3528 3826 3824 3896 justitiam

2186 3917 2242 3969 et
2264 3917 2477 3969 unctus
2497 3927 2557 3968 es
2578 3910 2702 3969 oleo
2731 3916 2934 3968 sancto
2969 3929 3004 3970 a
3028 3913 3268 3972 Domino
3294 3913 3306 3970 ι
3332 3914 3548 3972 civitati
3581 3932 3692 3987 pax
3723 3933 3826 3987 per

2187 4018 2343 4070 eum,
2395 4001 2497 4072 qui
2540 4001 2795 4071 captivos
2843 4001 2916 4056 ab
2963 3999 3220 4058 inimicis
3268 4003 3558 4070 liberavit,
3609 4005 3824 4064 donata

2186 4095 2292 4148 est.
2321 4111 2350 4142 ι)

431 4179 774 4254 δικαιοσύνην
804 4183 894 4237 καὶ
923 4182 1244 4257 χρισθέντος.
1267 4181 1321 4237 ἐν
1353 4179 1524 4256 ἐλαίῳ
1570 4179 1713 4259 ἁγίῳ
1762 4181 1906 4237 πατὰ
1937 4180 2164 4257 Κυρίου,
2203 4172 2504 4256 ἒϐραϐεὐθη
2558 4174 2748 4252 εἰρήνη
2801 4180 2869 4252 τῇ
2914 4177 3168 4252 πολιτείᾳ
3195 4183 3273 4253 τῷ
3304 4179 3592 4256 ῥυσαμένῳ
3622 4183 3669 4218 ³³
3715 4184 3840 4256 (48)

430 4270 481 4343 ἐξ
511 4269 724 4348 ιχθρῶν
755 4272 881 4335 τοὺς
911 4269 1334 4348 αἰχμαλώτους.
1358 4295 1389 4327 η

498 4361 572 4418 Γ“.
624 4359 983 4418 Ἀπελατικὸν
1041 4360 1146 4417 ἀπό
1191 4368 1381 4440 φωνῆσ
1423 4363 1523 4438 ἤχ.
1556 4383 1615 4420 π.
1651 4359 1725 4417 δ⁹”
1759 4387 1788 4415 ‹‹
1823 4362 1923 4420 Χαί
1933 4381 2010 4439 ρει
2043 4364 2071 4417 ὁ

425 4447 632 4527 κόσμος
663 4451 806 4526 ὁρῶν
849 4471 908 4510 σε
955 4449 1331 4528 αὐτοκράτορα
1361 4449 1652 4522 δεσπότην,
1683 4451 1773 4507 καὶ
1821 4452 1855 4519 ἡ
1906 4450 2071 4516 πόλις

427 4557 522 4594 σου
573 4539 850 4616 τέρπεται,
883 4540 1169 4605 θεόστεπτε
1224 4541 1252 4596 6
1311 4537 1475 4597 δεῖνα⁶
1511 4537 1803 4616 ὡραίζεται
1853 4543 1889 4612 ἡ
1920 4540 2069 4611 τάξις

425 4628 484 4683 αἱ
523 4627 804 4703 βλέπουσα
837 4629 1160 4706 ταξιάρχην,
1208 4630 1300 4686 καὶ
1348 4630 1635 4707 εὐτυχοῦςι
1682 4632 1749 4686 τὰ
1796 4634 2068 4704 σκῆπτρα,

425 4719 776 4796 σκηπτοῦχόν
833 4741 891 4776 σε
947 4721 1277 4795 κεκτημένα.
1347 4721 1732 4796 Κάτακοσμεῖς
1809 4723 1916 4798 γὰρ
1972 4723 2064 4778 τὸν

422 4807 613 4884 θρόνον
661 4809 760 4878 τῆς
820 4810 1078 4887 πασρῲας
1127 4807 1411 4884 βασιλείας
1468 4812 1560 4864 σὺν
1623 4813 1689 4885 τῇ
1755 4807 2065 4887 Αὐγούστῇ,

420 4897 764 4971 προπίμπων
821 4898 1180 4972 μαρμαρυγὰς
1240 4896 1506 4972 εὐταξίας,
1541 4897 1660 4964 ὅθεν
1722 4897 2068 4972 εὐημεροῦσα

421 4981 514 5039 διὰ
561 4988 660 5038 σοῦ
716 4985 753 5055 ἡ
809 4983 1063 5040 πολιτεία
1131 4987 1231 5054 τῆς
1303 4986 1728 5062 αὐτοκρατορίας
1813 4987 2060 5062 ἑορτάζει

420 5073 522 5142 τὴν
553 5070 787 5146 ἡμέραν.
819 5091 848 5128 ι
873 5072 981 5129 Καὶ
1009 5072 1116 5129 ἀπὸ
1146 5074 1343 5130 τούτου
1396 5074 1646 5151 λέγουσιν
1706 5076 1759 5130 οἱ
1816 5075 2064 5152 κράκταιο

2258 4361 2351 4417 ill.
2393 4357 2758 4431 Apelaticum
2808 4359 2934 4414 toni
2975 4358 3092 4416 obl.
3135 4360 3253 4418 IV:
3317 4384 3346 4415 κ
3400 4362 3625 4420 Gaudet
3653 4362 3836 4436 orbis,

2183 4453 2419 4508 intuens
2436 4454 2491 4506 te
2511 4449 2920 4521 imperatorem
2943 4447 3369 4526 dominumque
3393 4472 3407 4523 ;
3433 4453 3660 4510 laetatur
3684 4456 3830 4511 urbs

2182 4543 2308 4609 tua,
2341 4557 2374 4596 a
2421 4537 2532 4595 Deo
2573 4545 2844 4594 coronato
2889 4535 2983 4608 N.;
3015 4543 3268 4596 exsultat
3310 4541 3472 4610 ordo,
3503 4546 3559 4598 te
3601 4541 3826 4599 ordinis

2178 4629 2572 4688 institutorem
2592 4625 2823 4694 videns;
2849 4626 3040 4684 felicia
3058 4635 3285 4700 sceptra
3304 4639 3438 4689 sunt
3460 4651 3475 4701 ;
3502 4635 3559 4688 te
3585 4633 3829 4705 sceptri-

2179 4735 2383 4791 gerum
2417 4725 2604 4774 nacta.
2627 4716 2814 4774 Ornas
2843 4715 3003 4774 enim
3037 4717 3320 4776 thronum
3353 4725 3608 4792 paternae
3643 4723 3827 4794 maje-

2179 4808 2347 4865 statis
2369 4822 2506 4862 cum
2537 4809 2823 4878 Augusta,
2853 4805 3126 4863 emittens
3156 4808 3530 4879 splendorem
3564 4811 3705 4866 boni
3735 4827 3831 4868 oro

2191 4896 2368 4963 dinis,
2404 4907 2580 4968 quare
2620 4908 2720 4971 per
2755 4897 2812 4951 te
2841 4894 3166 4952 exhilarata
3201 4909 3291 4953 res
3334 4899 3570 4972 publica
3599 4899 3833 4973 imperii

2179 4988 2263 5046 tui
2294 4987 2449 5046 diem
2479 4985 2753 5046 celebrat.
2789 5010 2811 5041 ι
2849 4988 3055 5046 Postea
3081 4993 3352 5049 cantores
3383 4991 3586 5052 dicunt
3612 5009 3626 5049 :
3651 5016 3680 5044 ‹‹
3715 4997 3829 5050 Βοσ-

2179 5079 2358 5146 mine,
2390 5093 2560 5136 serva
2588 5076 2857 5134 dominos
2886 5077 3312 5152 Romanorum;
3345 5104 3375 5134 ιο
3406 5083 3661 5156 populus
3685 5088 3776 5140 ter
3807 5097 3825 5141 :

1761 5209 2002 5269 νΑιιιΑι
2042 5211 2455 5270 LECTIONEB.

494 5299 539 5335 η
556 5293 791 5373 τριλὲξιν
820 5299 946 5357 cod.
1023 5299 1070 5335 ³⁸
1099 5298 1432 5379 στεφηφόροι
1464 5297 1523 5355 ἐκ
1553 5304 1710 5373 Θεοῦ,
1735 5301 1825 5376 ὗψ.
1860 5303 1953 5361 ed.

2058 5301 2105 5339 ⁸⁸
2134 5301 2399 5380 ἆναναγία
2428 5304 2558 5360 00d.
2590 5317 2694 5374 pro
2723 5301 2884 5357 ἅπαν.

2989 5304 3038 5340 ³⁸
3066 5302 3156 5359 διὰ
3183 5310 3281 5360 τοῦ
3312 5304 3615 5383 ῥυσαμένου
3660 5310 3754 5366 ed.

1455 5426 1664 5487 JOAN.
1709 5428 1852 5486 JAC.
1895 5427 2158 5485 REISKII
2209 5425 2804 5486 COMMENTARIUS.

490 5523 600 5599 (46)
648 5523 910 5599 Βουκ-ιιι
958 5524 1052 5599 Μ..
1107 5521 1515 5599 τριλέξιν-ρυιο
1554 5540 1679 5599 esse
1710 5527 1794 5599 sic
1822 5527 2068 5596 dictum,

2177 5525 2384 5603 τηγοῖξς
2415 5525 2838 5603 ειρρειιειιξοιιιἱ
2860 5527 2931 5583 At
2960 5528 3094 5601 quis
3123 5529 3183 5585 in
3215 5531 3426 5590 saeculo
3457 5532 3588 5590 rudi
3615 5535 3672 5588 et
3701 5531 3827 5588 inﬂa

419 5597 556 5672 quia
592 5601 712 5651 tota
762 5595 1257 5672 allocutthribus
1280 5595 1455 5668 λὲξέσι
1479 5603 1569 5672 sat
1606 5598 1796 5672 longis
1825 5595 2063 5654 conata-4
2173 5595 2298 5672 ceto
2327 5595 2842 5672 decus_requirat?

420 5665 1114 5743 bat,uno_quoque}i£ez
1148 5670 1294 5743 actis
1325 5665 1692 5743 interpolata.

471 5710 744 5813 ῐίίηέῐῖίέ
757 5710 1064 5800 Εἱῖίῖιὶἔῖ
1071 5710 1886 5816 Ξτόἷὶιὶὶὲἷᾶἷόἵέξέἒῐᾉηιίυε
1902 5759 2064 5817 στρα-

2181 5671 2360 5799 ιαξξιὸ)
2389 5667 2726 5738 ὃυδίιιιίιν,
2758 5671 2822 5728 in
2861 5671 3126 5740 salvanle,
3159 5671 3269 5731 hoc
3320 5681 3403 5730 est
3441 5691 3542 5746 per
3585 5674 3787 5731 salvan
3817 5709 3823 5717 ι
