4138 6212
369 353 485 413 555
1451 346 1994 411 CONSTANTINI
2039 347 2733 411 PORPHYBOGENITI
3654 351 3773 414 556

367 482 482 556 ipsi
512 486 860 555 congruunt,
886 477 1170 551 apelatici,
1196 476 1445 545 trilexia,
1470 480 1770 538 tetralexia
1799 480 2010 537 debent

2160 480 2191 530 ἁ
2221 480 2317 546 τῆς
2341 484 2746 549 ΙΙεντηκοστῆς,
2778 475 2867 531 καὶ
2900 474 3089 537 ἁπλῶς
3141 476 3266 549 περὶ
3308 474 3423 539 ο’ίας
3466 478 3774 545 ὑποθέσεώς

370 572 616 630 recitari.
2125 565 2235 621 ἐστι
2266 568 2326 621 τὸ
2347 564 2580 641 δέξιμον,
2615 565 2898 645 ὀφείλουσι
2931 563 3185 640 λέγεσθαι
3236 562 3288 619 οἵ
3344 587 3401 621 τε
3450 566 3774 626 ἂπελατικοι

2125 656 2213 709 καὶ
2236 657 2302 711 τὸ.
2321 654 2560 730 τριλέξια
2589 656 2678 711 καὶ
2699 657 2765 711 τὰ
2804 653 3134 730 τετράλεκτα
3164 655 3302 728 (55).

2733 766 3000 821 ΚΕΦΑΛ.
3033 768 3156 818 ΞΔ’.

2126 856 2264 911 Ὅσα
2357 850 2440 908 δεῖ
2483 851 2962 930 ’παραφυλαττεινᾲ
3048 852 3124 930 είς
3200 853 3262 930 το
3329 850 3616 930 ’δέξιμονέ
3677 862 3774 913 τοῦ

2197 930 2407 1000 χρυσοῦ
2482 922 2859 999 ἱπποδρομίου
2939 922 3161 995 δευτέρᾳ
3234 922 3433 1000 ἡμέρα
3473 922 3632 1000 ’μετά
3705 932 3769 986 τὸ

2198 997 2524 1071 ἀντίπασχα.

2196 1088 2273 1143 Α’.
2300 1082 2516 1140 Δίδοται
2554 1086 2614 1139 τὸ
2648 1085 2875 1159 πέρατον
2918 1087 2963 1122 ²⁹
3010 1088 3118 1158 (56)
3169 1085 3273 1139 ἀπὸ
3321 1084 3623 1151 κελεύσεως
3683 1087 3773 1145 διὰ

2124 1180 2220 1229 τοῦ
2276 1176 2653 1251 πραιποσίτομ
2700 1180 2767 1249 τῇ
2830 1178 3082 1251 Κυριακῷ
3125 1171 3370 1249 ἐσπέρας,
3430 1178 3591 1245 ἡνίκα
3634 1178 3771 1234 ὑπο-

2128 1265 2341 1339 στρέφει
2377 1266 2404 1319 ὁ
2440 1264 2693 1340 βασιλεὺς
2733 1271 2835 1333 τῆς
2884 1268 2979 1319 τοῦ
3019 1264 3173 1341 ἁγίου
3217 1264 3443 1321 Μωκίου
3503 1267 3771 1339 προελεῦη

864 768 905 822 1
918 766 1018 823 06
1049 764 1285 823 CAPUT
1323 766 1520 827 LXIV.

455 854 825 927 Obseruando,
856 857 908 911 si
936 854 1244 926 imperator
1274 856 1333 911 in
1364 871 1539 912 aureo
1571 854 1925 927 hippodromo

620 925 883 998 postridie
911 925 1247 999 antipaschaz
1275 925 1754 999 excipiendusést.

436 1093 478 1147 Ι.
503 1093 776 1149 Paratum
800 1111 833 1148 a
856 1093 1130 1149 mandato
1161 1109 1264 1165 per
1293 1092 1668 1165 praepositum
1701 1090 1794 1147 die
1815 1088 2012 1147 Domi-

362 1182 492 1259 nica
524 1182 771 1252 vesperi,
804 1182 1037 1253 quando
1063 1182 1380 1254 imperator
1411 1199 1444 1238 a
1475 1181 1845 1252 processione
1878 1197 2012 1235 san-

362 1271 439 1326 cti
472 1268 640 1326 Mocii
663 1271 986 1338 revertitur,
1011 1269 1206 1336 datur,
1232 1287 1416 1343 eoque
1439 1272 1531 1327 die
1554 1272 1682 1326 duae
1707 1266 2012 1337 factiones,

359 1375 726 1431 unaquaeque
770 1364 829 1416 in
880 1360 1117 1431 propria
1164 1360 1380 1431 phiala,
1429 1360 1768 1416 faculariam
1820 1374 2012 1427 suam,

2154 1375 2259 1417 ἐως
2318 1356 2453 1427 (57),
2509 1354 2600 1408 καὶ
2660 1352 2937 1408 ἐκτελοῦσι
2980 1356 3048 1427 τῇ
3107 1352 3243 1427 αὐτῇ
3302 1355 3487 1429 ἡμέρᾳ
3544 1358 3609 1411 τὰ
3675 1355 3771 1413 δύο

362 1464 541 1520 quam
562 1444 804 1519 singulas
825 1462 994 1519 agere
1016 1446 1225 1519 solent,
1247 1446 1563 1504 celebrant.
1586 1446 1859 1520 Sequenti
1882 1462 2014 1501 vero

2154 1442 2292 1517 ιέρη,
2332 1440 2557 1499 ἕκαστον
2588 1441 2639 1497 ἐν
2666 1446 2735 1517 τῇ
2786 1439 2898 1515 ἰδίᾳ
2939 1440 3137 1522 φιάλῃ,
3186 1444 3284 1513 τήν
3346 1442 3511 1500 αὐτοῦ
3568 1445 3776 1522 φακλα-

363 1555 466 1595 seu
498 1538 756 1594 secunda
779 1537 871 1592 die
893 1554 1095 1594 omnes
1126 1538 1274 1593 albis
1308 1537 1519 1594 tunicis
1544 1537 1757 1607 induti,
1783 1535 2014 1608 patricii

2162 1530 2267 1598 ἐαν,
2305 1531 2376 1593 ὡς
2410 1529 2636 1586 εέθισται
2660 1530 2847 1593 αὐτοῖς
2880 1530 2930 1586 ἐν
2962 1529 3157 1605 ἐκάστῃ
3207 1535 3372 1586 τοῦτο
3439 1528 3637 1589 τελεῖν.
3684 1538 3769 1609 Τῇ

364 1627 597 1698 quidem
631 1626 845 1682 tunicis
878 1643 1020 1683 auro
1053 1627 1368 1699 praetextis,
1392 1626 1578 1682 caeteri
1612 1642 1747 1681 vero
1780 1642 1882 1697 pro
1909 1642 2014 1680 sua

2158 1618 2460 1693 ὲέπιούσῃ,
2492 1620 2664 1694 ἤγουν
2702 1623 2771 1693 τῇ
2822 1616 3064 1693 δευτέρᾳ,
3116 1620 3479 1695 προέρχονται
3538 1622 3771 1687 ἅπαντες

363 1715 612 1788 quisque
641 1714 925 1788 dignitate
956 1716 1297 1787 procedunt.
1332 1713 1788 1771 Cerimoniarius
1816 1718 2012 1769 autem

2154 1705 2473 1786 ,λλαγμένοι
2522 1709 2628 1763 ἀπὸ
2675 1707 2882 1763 λευκῶν
2922 1706 3245 1783 χλανιδίων,
3280 1710 3331 1764 οἱ
3366 1709 3457 1783 μὲν
3487 1731 3768 1785 πατρικιοι

363 1806 545 1875 venit,
578 1806 913 1878 praeposito,
946 1806 1105 1876 quod
1138 1805 1355 1861 tribuni
1388 1821 1525 1861 suos
1558 1803 1785 1860 libellos
1810 1803 2014 1859 attule-

2165 1798 2215 1851 ιὰ
2255 1792 2650 1876 χρυσοτάϐλων
2702 1792 3027 1876 χλανιδίων,
3074 1798 3125 1852 οἱ
3159 1794 3217 1852 δὲ
3284 1795 3496 1872 λοιποὶ,
3545 1795 3768 1863 ἕκαστος

359 1894 499 1960 rint,
531 1892 935 1964 nuntiaturus,
966 1908 1283 1965 omnesque
1317 1893 1376 1946 in
1407 1890 1725 1947 Justiniani
1759 1890 2011 1947 triclinio

2154 1888 2258 1942 ατὰ
2315 1888 2415 1958 τὴν
2460 1887 2624 1941 αὑτοῦ
2655 1886 2824 1956 τάξιν·
2856 1888 2916 1943 Ὀ
2949 1885 3005 1941 δὲ
3042 1891 3143 1955 τῆς
3189 1889 3565 1950 καταστάσεως
3596 1887 3769 1954 ἐλθὼν

359 1984 598 2052 adsunt,
640 1980 933 2054 pmpositi
975 1983 1151 2037 etiam
1192 1982 1565 2053 tripetonem,
1600 1990 1662 2036 ut
1703 1997 1884 2053 supra
1922 1979 2014 2035 dia

2158 1975 2294 2046 ηλοῖ
2320 1980 2399 2049 τῷ
2428 1978 2793 2051 πραιποσίτῳ,
2828 1977 2902 2038 ὡς
2936 1975 3019 2031 ὅτι
3053 1977 3103 2030 οἱ
3136 1972 3421 2053 δήμαρχοι
3444 1972 3674 2054 ἤνεγκαν
3708 1981 3775 2035 τὰ

364 2076 524 2128 ctum
565 2075 675 2136 est,
717 2086 854 2126 cum
903 2070 1181 2126 omnibus
1226 2069 1606 2126 cubiculariis
1648 2086 1713 2125 ac
1758 2067 2014 2125 estiariis

2154 2060 2456 2140 ,ιϐελλάρια
2500 2067 2677 2120 αὐτῶν
2736 2069 2864 2138 (58)·
2909 2065 2999 2120 καὶ
3053 2063 3300 2121 ’ίστανται
3332 2066 3382 2121 ἐν
3434 2071 3515 2140 τῷ
3546 2069 3771 2124 Ἰουστι-

364 2160 559 2231 virgas
626 2176 765 2215 suas
838 2158 1204 2230 portantibus
1274 2158 1700 2230 ingrediuntur.
1768 2159 1853 2214 Ab
1926 2158 2014 2214 his

2159 2160 2288 2229 ιανῷ
2322 2154 2586 2231 τρικλίνῳ
2637 2155 2864 2217 ἅπαντες
2908 2154 3082 2209 αὐτῶν
3103 2158 3168 2225 ³ο,
3202 2156 3253 2210 οἱ
3306 2153 3362 2211 δὲ
3406 2158 3763 2229 πραιπόσιτοι

367 2248 645 2306 omnibus
693 2248 893 2320 stipati
945 2264 1018 2303 ex
1063 2249 1355 2321 tripetone
1403 2249 1753 2321 procedunt,
1805 2265 2014 2322 perque

2156 2241 2459 2308 ἷσελθὸντες
2504 2243 2555 2299 ἐν
2604 2251 2684 2318 τῷ
2731 2244 3041 2320 τριπέτωνι,
3093 2246 3169 2308 ὠς
3224 2246 3477 2321 ἀνωτέρω
3535 2247 3770 2321 εἴρηται·

367 2339 694 2397 lausiacum
743 2342 1135 2409 transeuntes,
1178 2338 1503 2395 Justiniani
1551 2338 1876 2395 triclinium
1926 2338 2014 2395 in-

2154 2335 2263 2391 ιετά
2292 2338 2398 2390 τῶν
2441 2336 2582 2408 [τοῦ]
2636 2328 3035 2390 κουϐουκλείου
3084 2335 3353 2404 ἁπάντων,
3400 2337 3775 2411 βασταζόντων

367 2432 545 2485 trant.
577 2428 640 2483 In
692 2427 802 2484 hoc
843 2426 1187 2483 cubicularii
1231 2444 1443 2495 omnes,
1478 2428 1926 2484 cerimoniarius
1964 2432 2014 2483 et

2154 2432 2235 2481 κῶν
2268 2424 2559 2501 ὀστιαρίων
2588 2425 2656 2479 τὰ
2687 2423 2863 2480 αὐτῶν
2902 2424 3112 2500 βεργία.
3150 2426 3250 2480 Καὶ
3282 2424 3711 2501 δηριγευόμενος
3728 2427 3771 2465 ³¹

371 2515 677 2573 silentiarii
702 2515 773 2570 ab
798 2520 1049 2587 utraque
1078 2519 1241 2587 parte
1271 2517 1599 2572 secundum
1633 2532 1799 2571 suam
1835 2516 2014 2589 digni-

2154 2515 2219 2568 m."
2263 2514 2438 2568 αὐτῶν
2510 2514 2724 2568 πάντων
2776 2513 3087 2588 ἐξέρχονται
3167 2512 3227 2569 ἐκ
3288 2515 3384 2569 τοῦ
3444 2516 3775 2590 τριπέτωνος

372 2611 579 2673 tatem,
617 2604 903 2675 praepositi
936 2605 995 2659 in
1028 2604 1215 2677 capite
1256 2604 1429 2660 medii
1471 2604 1622 2661 inter
1652 2605 1810 2676 ipsos
1840 2610 2014 2662 stant.

2154 2604 2215 2660 ni
2249 2601 2550 2665 διελθόντες
2584 2598 2672 2657 διὰ
2700 2608 2796 2658 τοῦ
2838 2607 3156 2672 Λαυσιακοῦ,
3190 2602 3531 2683 εἰσέρχονται
3592 2604 3642 2660 ἐν
3693 2610 3773 2677 τῷ

373 2692 741 2765 Ἰουστινιανῷ
796 2690 1089 2767 τρικλίνῳ.
1147 2693 1252 2748 Καὶ
1309 2693 1361 2747 οἱ
1414 2694 1507 2765 μὲν
1566 2696 1663 2746 τοῦ
1719 2688 2118 2751 κουϐουκλείυυ
2171 2695 2397 2757 ἅπαντες
2457 2694 2545 2749 καὶ
2606 2696 2634 2749 ὁ
2692 2702 2791 2764 τῆς
2849 2694 3230 2757 καταστάσεως
3282 2695 3371 2751 καὶ
3413 2695 3770 2772 ειλεντιάριοι

367 2780 615 2837 ’ίστανται
660 2782 711 2836 ἐν
759 2786 840 2853 τῷ
885 2780 1034 2854 αὗτῷ
1094 2782 1362 2857 τρικλίνῳ
1407 2780 1553 2847 ἔνθεν
1598 2783 1815 2839 κάκεῖσε
1862 2788 1998 2840 κατὰ
2056 2788 2154 2851 τὰς
2199 2785 2376 2842 αὐτῶν
2421 2787 2617 2856 τάξεις·
2665 2787 2719 2842 οἱ
2770 2784 2828 2841 δὲ
2897 2788 3255 2863 πραιπόσιτοι
3308 2784 3559 2843 ’ίστανται
3604 2788 3655 2842 ἐν
3706 2790 3775 2863 τῇ

374 2872 511 2947 μέσῃ
545 2871 724 2925 αὐτῶν
745 2870 884 2947 πρὸς
908 2874 980 2944 τῇ
1010 2866 1249 2948 κεφαλῇ.

442 2967 514 3022 II.
537 2964 779 3020 Tribuni
802 2963 1135 3021 silentiariis
1156 2964 1711 3038 apprOpinquantes,
1735 2966 2017 3026 inclinato

369 3055 555 3127 capite
586 3053 929 3127 prmpositos
959 3053 1240 3121 salutant,
1268 3058 1470 3126 postea
1493 3055 1752 3112 medium
1783 3058 2019 3114 cubicu-

369 3145 497 3200 lum
549 3148 936 3213 transeuntes,
987 3142 1218 3200 libellos
1270 3144 1417 3216 ipsis
1461 3146 1722 3216 tradunt,
1773 3149 1871 3218 qui
1923 3163 2014 3204 eo

2154 3146 2313 3209 ιόντες
2348 3146 2511 3222 μέσον
2554 3151 2662 3202 τῶν
2710 3151 2808 3202 τοῦ
2865 3141 3282 3217 κουϐουκλείου,
3338 3145 3641 3202 ἐπιδιδοῦσι
3707 3148 3775 3202 τὰ

369 3242 633 3303 sumunt,
694 3243 1017 3309 paratoque
1074 3251 1107 3291 a
1156 3236 1433 3291 mandato
1491 3238 1760 3304 reddunt,
1820 3244 2014 3309 postea

2154 3231 2459 3311 ιιὸελλάρια
2491 3240 2603 3297 τοῖς
2635 3235 3039 3311 πραιποσίτοις,
3076 3234 3226 3291 αὐτοῖ
3251 3233 3309 3290 δδ
3341 3231 3617 3310 δεξάμενοι
3638 3234 3773 3291 αὐτὰ

368 3326 506 3381 inde
560 3326 775 3381 reversi
832 3323 1145 3396 praepositi,
1199 3324 1372 3379 dictis
1427 3325 1858 3395 comitantibus,
1920 3343 2014 3399 per

2154 3322 2461 3380 ιντιδιδοῦσι
2491 3325 2599 3380 ἀπὸ
2625 3322 2926 3387 κελεύσεως
2966 3326 3027 3381 τὸ
3079 3326 3309 3401 πέρατον
3357 3327 3489 3398 (59),
3540 3325 3630 3380 καὶ
3678 3325 3773 3381 εἶθ’

370 3415 695 3471 lsusiacum
730 3414 1071 3485 tripetonem
1104 3414 1321 3469 intrant
1343 3430 1358 3469 :
1383 3414 1468 3469 sic
1489 3421 1547 3470 et
1572 3416 1783 3471 tribuni
1807 3416 2014 3473 abeun-

2154 3412 2303 3478 ιῦτως
2344 3410 2774 3488 ὑποστρέψαντες
2831 3414 2939 3469 ἀπὸ
2988 3418 3095 3470 τῶν
3146 3414 3318 3469 ἐκεῖσε
3362 3414 3413 3469 οἱ
3475 3414 3776 3491 πραιπόσι-

373 3508 481 3569 tes,
504 3504 564 3558 in
596 3519 705 3559 sua
735 3501 987 3573 quisque
1018 3500 1215 3573 phiala
1245 3502 1444 3557 onioia
1474 3503 1700 3559 dextmo
1731 3520 1831 3559 seu
1863 3518 2014 3561 exce-

2154 3523 2235 3571 ’Ot,
2291 3500 2707 3578 δηριγεῦόμενοι
2771 3503 2875 3559 ὑπὸ
2941 3509 3049 3559 τῶν
3102 3504 3535 3579 προειρημένων,
3598 3504 3774 3578 εἰσέρ-

372 3592 557 3665 ptioni
604 3589 976 3662 imperatoris
1026 3590 1359 3646 necessaria
1400 3596 1624 3662 parant.
1659 3590 1902 3657 Quando
1934 3592 2014 3649 fa-

2154 3609 2323 3666 ίονται
2372 3589 2460 3647 διὰ
2511 3596 2610 3648 τοῦ
2658 3590 2954 3648 λαυσιακοῦ
3006 3591 3055 3647 ἐν
3107 3598 3187 3666 τῷ
3215 3592 3530 3669 τριπέτωνι·
3564 3591 3775 3667 ὁμοίως

373 3680 597 3737 otionee
640 3678 943 3746 ordinatae,
991 3695 1132 3735 vasa
1178 3695 1488 3751 progressa
1536 3685 1695 3749 sunt,
1742 3686 1799 3739 et
1844 3683 2014 3739 verbo

2154 3679 2220 3735 Lati
2253 3682 2305 3736 οἱ
2347 3679 2633 3758 δήμαρχοι
2686 3682 3063 3759 κατέρχονται,
3115 3678 3339 3748 ἕκαστος
3389 3682 3565 3739 αὐτῶν
3614 3680 3671 3739 ἐν
3709 3686 3779 3756 τῇ

373 3786 600 3840 omnes,
624 3784 877 3842 quorum
908 3768 1230 3826 ministerio
1248 3768 1311 3826 in
1331 3770 1557 3828 deximo
1578 3788 1725 3842 opus
1756 3776 1863 3839 est,
1889 3787 2014 3844 pro-

2156 3768 2247 3844 δίᾳ
2294 3770 2492 3849 φιάλῃ,
2539 3772 3051 3848 προευτρεπίζοντες
3088 3774 3153 3828 τὰ
3180 3777 3278 3829 τοῦ
3327 3770 3573 3847 δεξίμου·
3606 3772 3773 3843 ἡνίκα

1734 3916 1969 3973 νΑΒΙιΕ
2009 3915 2313 3975 LECTION
2322 3919 2425 3977 ES.

439 4035 484 4117 ξ’
521 4030 751 4117 περάτρν
804 4031 893 4105 B.,
941 4028 1170 4117 πέρατον
1215 4034 1355 4117 _cod.
1432 4034 1477 4070 ³ο
1526 4031 1753 4095 ἅπαντες
1790 4032 2001 4107 (αὐτῶν.
2082 4036 2150 4093 lt.
2216 4036 2438 4111 aliquid
2490 4039 2712 4097 deesse.
2766 4044 2865 4096 aut
2915 4034 3186 4098 αἰτοῦντες
3254 4035 3482 4111 legend.
3557 4039 3780 4096 censet.

368 4106 413 4145 3‘
445 4102 1043 4182 ὃηριὴευόμενοιόοιιὶ.
1078 4104 1271 4164 Leich.

1354 4241 1558 4302 JOAN.
1596 4243 1740 4301 JAC.
1783 4241 2039 4299 REISKII
2079 4242 2678 4304 COMMENTARIUS.

370 4364 545 4421 mine.
577 4356 1007 4435 Protqcursoris
1032 4357 1119 4435 _ib_i
1150 4358 1386 4435 mentio.
1411 4358 1746 4435 2.347.499
1776 4359 1927 4435 circo
1956 4363 2012 4414 et
2044 4363 2089 4426 Ι)
2193 4363 2302 4433 (55)
2351 4362 2423 4418 Ut
2468 4362 2536 4415 τὰ
2580 4358 2823 4435 τριλὲξια
2863 4368 3025 4434 sunt,
3060 4379 3187 4420 mea
3235 4361 3551 4435 sententia,
3584 4360 3776 4433 longae

369 4436 522 4491 ludis
550 4433 689 4488 circ.
724 4429 1379 4505 Giorn.__dei_I_.et_terat_l,
1411 4430 1559 4495 VIII,
1598 4432 1715 4505 166.
1755 4436 1835 4485 De
1874 4432 2012 4505 obe-
2123 4429 2319 4490 rhese's
2350 4435 2532 4489 ternis
2565 4429 2763 4505 pansis
2795 4429 3053 4492 actorum
3090 4433 3577 4505 interpolatmita
3597 4429 3779 4505 tetra-

372 4508 516 4561 lisco
541 4499 1146 4584 Iin_sceni§.nxlyﬂ;5£,
1180 4502 1259 4556 ib.
1293 4498 1458 4584 Urpaa
1492 4502 1795 4584 prfemium
1839 4502 2015 4557 victo-
2128 4505 2473 4584 leetaerun}
2505 4498 2789 4584 dilationes
2822 4508 3117 4584 quaternis
3144 4498 3406 4584 actortnn
3432 4504 3663 4560 vicibus
3694 4502 3782 4559 di-

372 4594 505 4633 rum
538 4575 597 4631 in
628 4573 803 4629 ludis.
828 4571 924 4639 IV,
947 4570 1325 4647 287,0rgana
1346 4570 1533 4647 graeci
1560 4571 1711 4626 inter
1728 4587 1848 4647 pus
1878 4587 2020 4647 pres:
2126 4577 2368 4631 stinctaa.
2421 4576 2635 4644 Quodsi
2676 4593 2811 4634 vero
2839 4570 2957 4635 'illa
3006 4579 3225 4635 fuerint
3273 4577 3578 4644 dictiones,
3632 4591 3782 4647 quas

374 4649 548 4719 cipua
576 4648 789 4719 decora
817 4641 1225 4719 numerabant.
1253 4641 1607 4719 Y._Nigellu§
1638 4658 1695 4714 p.
1724 4644 1816 4719 76,
1850 4641 1907 4697 et
1936 4643 2017 4719 ibi
2125 4649 2277 4719 terni
2318 4641 2584 4704 cantores
2629 4648 2804 4704 simul
2847 4652 3177 4716 recitarent,
3221 4653 3390 4703 erunt
3422 4649 3507 4702 has
3551 4641 3783 4719 quoque

2044 1851 2092 1917 B

2201 2968 2273 3024 B'.
2310 2967 2415 3026 Καὶ
2445 2965 2694 3031 ἐλθόντες
2728 2966 2779 3023 οἳ
2829 2964 3115 3044 δήμαρχοι
3159 2965 3395 3039 πλησίον
3426 2972 3532 3025 τῶν
3591 2968 3771 3025 σιλενο

2124 3057 2373 3132 τιαρίων,
2408 3062 2774 3133 προσκυνοῦσι
2817 3063 2934 3120 τοῖς
2990 3057 3393 3133 πραιποσίτοις,
3446 3059 3563 3115 εἶτα
3623 3056 3777 3114 διελ-

374 4712 586 4777 Murat.
630 4716 793 4773 Demi
838 4715 897 4769 in
941 4712 1093 4769 circo
1137 4713 1537 4769 conciderunt.
1577 4712 1732 4785 Svm.
1772 4713 2015 4785 Logoth.

373 4810 432 4867 p.
466 4792 590 4867 491.
624 4787 706 4867 De
748 4786 1105 4867 circensibus
1134 4786 1304 4867 ludis
1328 4788 1402 4867 _in
1434 4784 1738 4867 .encaaniis
1760 4784 1921 4867 urbis
1961 4792 2019 4842 et

372 4857 590 4944 nppliis
620 4862 1045 4944 imperatorum
1068 4857 1347 4944 celebrari
1372 4857 1563 4944 solitis.
1585 4874 1635 4944 γ.
1672 4860 1741 4913 ad
1774 4857 2012 4944 M‘artyr.

369 4928 472 4993 SS.
507 4928 939 5004 Anarayrorum
969 4928 1423 5001 Wagnereccius
1456 4947 1510 5001 p.
1544 4931 1609 4985 14
1638 4945 1761 5003 sqq.
1801 4928 2013 4987 Eadem

369 5004 704 5085 spectacula
728 5002 1037 5085 interdum
1071 5003 1128 5055 in
1158 5002 1491 5085 Blachernis
1529 5002 1809 5085 celebrari
1852 5002 2013 5058 sole-

365 5075 509 5136 bant
534 5095 587 5150 p.
617 5077 701 5132 15.
728 5075 877 5129 Loco
897 5076 1185 5128 metarum
1208 5075 1504 5130 interdum
1537 5075 1804 5146 ingentes
1835 5090 2017 5145 pneu-

365 5152 712 5202 maticorum
727 5160 1079 5202 organorum
1101 5145 1265 5201 folles
1281 5146 1833 5202 oonebantur.P.15.
1850 5150 2017 5202 Σφεν-

365 5158 712 5207 maticorum
727 5160 1079 5218 organorum
1101 5158 1265 5201 tones
1280 5158 1729 5216 ponebantum'.
1748 5158 1833 5200 15.
1850 5158 1889 5198 2:
1938 5165 2013 5198 εν-

364 5220 519 5292 δόνη,
553 5220 734 5306 fupda
763 5214 1243 5306 in‘cirgo.‘Mavla
1280 5217 1475 5306 populi
1506 5218 1571 5306 in
1598 5166 2013 5306 sponsipnibns

361 5287 746 5350 circensibus.
800 5288 859 5343 P.
909 5287 975 5340 17
1020 5287 1371 5361 Auargyror.
1421 5288 1503 5343 De
1551 5287 1901 5343 factionibus
1951 5289 2011 5344 in

361 5353 2011 5450 βριεωιίδρεπροξέξύῖξῖξξκ-ηεειιίὲειετίὲξιε,εξοιξείειεις

359 5439 522 5493 tibus
565 5429 963 5505 Luitprandus
1004 5429 1188 5485 locum
1232 5429 1547 5486 notabilem
1592 5430 1769 5485 habet
1810 5447 1863 5498 p.
1908 5432 2010 5486 136

358 5504 1059 5584 [Αεςεῐὶο-ηίελΕᾳυοιξυωα
1088 5501 1751 5584 ῃοῠὶιὶυτῃλζθῐλθειοεῖε
1790 5501 1929 5584 olim
1974 5520 2009 5584 ει

359 5573 639 5639 Romanis
685 5573 895 5632 litteris
934 5573 1284 5630 tradebatur.
1329 5574 1461 5629 Vid.
1494 5573 1699 5629 Graevii
1742 5575 1901 5639 praef.
1934 5575 2003 5629 ad

357 5658 399 5709 t.
435 5654 533 5709 XII
564 5652 733 5706 Thes.
767 5647 890 5717 (Fa.
924 5645 982 5701 in
1026 5646 1269 5719 Equus.)
1309 5647 1604 5704 Hactenus
1645 5644 2009 5703 Collectanea

357 5725 687 5783 Leichiana.

2124 4718 2409 4775 dictiones
2458 4737 2491 4775 a
2539 4721 2843 4790 qunternis
2901 4722 3079 4777 simul
3133 4721 3465 4777 recitandae.
3530 4715 3780 4790 D'itﬂcile

2124 4791 2181 4845 in
2223 4793 2396 4846 rebus
2426 4788 2681 4862 antiquis
2711 4798 2769 4848 et
2807 4792 3076 4850 obscuris
3117 4796 3340 4849 certum
3373 4798 3429 4846 et
3459 4804 3658 4846 verum
3690 4788 3779 4843 di-

2123 4876 2274 4917 cere.

2192 4935 2307 5004 (56)
2346 4934 2520 5008 Datur
2556 4938 2834 5005 paratum,
2867 4936 2923 4992 id
2956 4941 3064 5003 est,
3098 4936 3440 5008 imperatur,
3473 4937 3540 4987 ut
3568 4945 3777 4987 omnes

2121 5010 2307 5076 parati
2341 5007 2481 5079 sint.
2514 5008 2676 5063 Conf.
2712 5025 2767 5079 p.
2803 5010 2906 5063 166
2935 5015 2989 5063 et
3023 5009 3144 5064 168.

2192 5079 2300 5149 (57)
2340 5077 2485 5133 Nam
2516 5094 2580 5134 eo
2614 5076 3044 5137 die'Dominico
3076 5081 3147 5135 ad
3178 5080 3237 5135 S.
3272 5076 3525 5134 Mocium
3567 5090 3769 5149 proce-

2119 5146 2294 5204 debat
2323 5149 2656 5217 imperator,
2691 5155 2757 5205 ut
2787 5156 2942 5224 patet
2981 5168 3050 5208 ex
3091 5149 3472 5222 inscriptione
3512 5146 3641 5219 cap.
3678 5146 3766 5213 16,

2119 5235 2178 5275 ι).
2204 5221 2273 5275 58
2304 5225 2361 5275 et
2391 5221 2461 5275 59
2490 5221 2621 5275 init.

2165 5260 2178 5274 .
2204 5221 2273 5275 58
2304 5225 2361 5275 et
2391 5221 2461 5275 59
2490 5221 2621 5276 init.

2119 5235 2178 5291 p.
2204 5235 2273 5275 eo
2304 5235 2361 5275 et
2391 5235 2461 5275 ου
2490 5235 2621 5276 init.

2190 5293 2302 5368 (58)
2329 5291 2462 5347 Illas
2484 5307 2693 5368 nempe
2714 5293 2985 5368 schedas,
3010 5295 3070 5352 in
3094 5295 3312 5368 quibus
3337 5292 3557 5368 scripta
3578 5291 3780 5344 essent

2115 5367 2375 5438 carmina
2417 5363 2801 5438 gratulatoria
2843 5363 3129 5438 praesenti
3165 5363 3445 5422 hilaritati
3489 5375 3771 5433 congrua.

2114 5433 2285 5510 Copi.
2314 5433 2444 5510 not:
2462 5437 2534 5510 6_O
2565 5452 2694 5510 seq.
2719 5442 2775 5492 et
2810 5433 2864 5510 ρ’.
2901 5440 3024 5495 173.

2187 5507 2300 5582 (59)
2335 5508 2405 5563 Μ.
2454 5505 2532 5561 τὼ
2570 5502 3002 5582 περἐτω.Ῥοι·ιθ
3053 5510 3306 5566 exaravit
3355 5505 3633 5582 librarius
3684 5502 3779 5582 big

2114 5572 2296 5652 locia}
2325 5596 2427 5651 pro
2460 5599 2509 5645 ο,
2544 5572 2762 5652 ut'ipsi
2806 5584 3067 5638 solemne
3113 5582 3238 5649 fuit,
3271 5582 3517 5651 ideoque
3565 5577 3687 5652 leg._
3711 5572 3777 5652 εὖ

2110 5646 2361 5735 raptito}
2404 5650 2563 5778 quod
2614 5646 2769 5709 idem
2798 5659 2902 5739 .est
2951 5658 3126 5726 atque
3172 5646 3235 5707 τὸ
3283 5646 3539 5727 περάτον,
3590 5646 3775 5702 reddit

2111 5737 2271 5778 ipsis.
2304 5739 2408 5778 auo
2483 5732 2833 5778 zmoeratorzs
2874 5742 3031 5778 mssa
3076 5733 3378 5778 acceperat.
3410 5719 3729 5778 PARATUI!
3750 5736 3766 5778 :

2111 5719 2271 5792 ipsis,
2304 5719 2445 5793 quod
2483 5725 2833 5795 imperatoris
2865 5719 3047 5797 jussu“
3076 5719 3378 5798 acceperat,
3410 5720 3582 5779 PARA
3596 5719 3766 5787 TUM;
