4138 6212
361 342 480 404 557
627 391 630 396 .
1211 339 1312 400 DE
1357 338 1708 402 CERIMON
1714 337 1810 401 IIS
1853 339 2003 401 AUl.

2129 340 2603 403 ΒΥΖΑΝΤΙΝιΕ
2648 342 2792 402 LIB.
2840 342 2883 403 l.
3647 347 3765 408 558

363 474 422 531 δὲ
451 471 844 549 εὖτρεπισθῶσι
871 473 940 528 τὰ
991 473 1153 547 μέρη,
1186 467 1444 542 ἐξέλθωσι
1475 471 1534 528 δὲ
1587 473 1676 528 καὶ
1705 473 1772 529 τὰ
1821 471 2003 543 σκεύη,

2126 480 2447 547 cesserunt,
2482 475 2844 548 apocrisiarii
2873 477 3094 542 autem,
3125 477 3176 533 si
3207 477 3307 549 qui
3347 478 3562 549 adsint,
3610 480 3765 538 infra

360 562 450 618 καὶ
508 561 734 625 ἔὶπλῶς¹
788 563 1015 624 ἅπαντες
1107 562 1157 616 οἱ
1227 563 1728 637 καθυπουργοῦντες
1811 560 1864 616 ἐν
1926 566 2003 635 τῷ

2118 568 2273 619 stant
2291 564 2350 620 in
2373 564 2589 636 phiala,
2623 570 2766 621 tunc
2783 565 2961 620 intrat
2981 564 3418 622 cerimoniarius
3439 569 3753 640 praeposito

361 648 585 724 δεξίμῳ,
637 651 683 708 εί
720 651 937 726 τύχωσι
971 647 1028 704 δὶ
1074 648 1164 704 καὶ
1210 650 1640 726 ἅποκρισιάριοι,
1681 651 1770 705 καὶ
1818 649 2003 705 ἵσταν·

2117 659 2319 725 parata
2350 670 2478 712 esse
2503 656 2702 712 omnia
2730 656 3120 712 nuntiaturus.

359 761 448 795 ται
476 742 524 778 ³³
553 742 704 796 κάτω
769 738 823 795 ἐν
854 743 923 813 τῇ
955 739 1144 816 φιάλῃ,
1172 739 1258 794 καὶ
1291 741 1415 795 τότε
1479 740 1784 815 εἰσέρχεται
1849 741 1877 794 6
1942 747 2043 809 τῆς
2109 741 2511 814 καταστάσεως,
2568 743 2658 798 καὶ
2723 740 2894 814 δηλοῖ
2956 747 3036 816 τῷ
3100 743 3468 820 πραιποσίτῳ,
3535 743 3613 807 ὡς
3678 744 3762 801 ὅτι

358 828 569 887 ἅπαντα
597 827 795 903 ἕτοιμά
818 827 984 886 ἐστιν.

432 921 506 988 Γ’,
537 921 598 976 Ὁ
649 916 707 973 δὶ
767 919 1022 981 βασιΑεὺς
1063 914 1324 974 εἰσελθὼν
1370 916 1422 973 ιν
1450 923 1519 993 τῇ
1544 923 1641 975 τοῦ
1687 918 1847 995 ἁγίου
1879 925 2004 974 Θεο-

359 1005 539 1082 δώρου
567 1007 785 1081 καμάρᾳ
816 1007 905 1061 καὶ
937 1005 1204 1080 στεφθεὶς,
1272 1004 1548 1082 διέρχεται
1597 1005 1687 1064 διὰ
1724 1012 1820 1062 τοῦ
1862 1027 1999 1082 χρυ-

358 1097 728 1168 σοτρικλίνου,
783 1094 1214 1172 δηριγευόμενος
1265 1097 1368 1152 ὑπὸ
1429 1101 1536 1152 τῶν
1567 1097 1855 1172 ἀρχόντων
1905 1101 2001 1153 τοῦ

358 1181 772 1255 κουεουκλείου,
805 1183 1023 1242 ὄπισθεν
1061 1181 1118 1240 δὲ
1145 1189 1242 1240 τοῦ
1276 1184 1545 1260 βασιλέως
1573 1185 1828 1262 εὐνοῦχοι
1857 1208 2004 1262 πρω-

360 1275 742 1350 τοσπαθάριοι,
793 1278 1087 1349 φοροῦντες
1139 1274 1206 1330 τὰ
1264 1295 1324 1329 τε
1384 1275 1645 1350 στιχάρια
1681 1277 1861 1332 αὐτῶν
1908 1276 2000 1332 καὶ

361 1357 606 1429 σαϐάνια,
667 1364 1021 1438 βαστάζοντες
1043 1363 1133 1419 καὶ
1172 1364 1220 1399 ³³
1261 1364 1326 1418 τὰ
1369 1359 1746 1420 σπαθοϐάκλια
1802 1366 2000 1436 αὑτῶν,

359 1451 448 1507 καὶ
481 1450 783 1522 ἐξελθόντες
823 1451 876 1508 ἕν
907 1456 986 1523 τῷ
1014 1450 1326 1526 τρῖπὲτωνι,
1365 1451 1615 1510 ’ίστανται
1659 1453 1712 1509 ἐν
1771 1458 1840 1529 τῇ
1887 1450 2000 1526 ὁδῷ

359 1549 460 1610 τῆς
507 1540 800 1617 ἐξαγούσης
860 1539 1042 1612 πόλης
1109 1541 1214 1598 ἀπὸ
1269 1546 1366 1598 τοῦ
1421 1545 1754 1618 τριπέτωνος
1811 1543 1864 1600 ἂν
1920 1549 2000 1618 τῷ

362 1629 664 1702 λαυσιακῷ,
725 1632 776 1685 οἱ
828 1627 886 1685 δὲ
934 1631 1212 1706 πατρίκιοι
1268 1631 1357 1687 καὶ
1416 1635 1708 1709 στρατηγοί
1757 1631 2000 1690 ἵστανται

361 1719 506 1776 ἔνθεν
534 1719 749 1776 κάκεῖσε
789 1717 840 1774 ἐν
857 1724 939 1792 τῷ
994 1721 1274 1794 λαυσιακῷ
1317 1722 1482 1800 μέχρι
1529 1729 1629 1792 τῆς
1680 1723 2000 1800 εἷσαγούσης

358 1808 542 1881 πύλης
573 1808 626 1864 ἐν
652 1814 732 1882 τῷ
755 1811 1132 1882 Ἰουστινιανῷ.
1169 1811 1517 1885 Ἐμπροσθεν
1565 1808 1621 1868 δὲ
1677 1819 1776 1882 τῆς
1833 1814 2005 1884 αὐτῆς

358 1899 540 1971 πύλης
569 1903 667 1955 τοῦ
691 1900 1077 1956 Ἰουστινιανοῦ
1102 1897 1320 1955 ἵσταται
1377 1901 1406 1955 6
1455 1908 1555 1970 τῆς
1604 1903 2005 1974 καταστάσεως,

357 1989 449 2046 καὶ
505 1990 781 2046 πεσόντων
837 1993 945 2043 τῶν
987 1988 1400 2064 προειρημένων
1457 1993 1762 2064 πατρικίων
1817 2013 1878 2047 τε
1914 1991 2006 2049 καὶ

358 2082 700 2155 στρατηγῶν,
758 2078 898 2133 νεύει
947 2079 976 2133 6
1033 2077 1394 2154 πραιπόσιτος
1451 2083 1529 2152 τῷ
1576 2087 1680 2150 τῆς
1741 2082 2005 2137 καταστά·

357 2188 496 2230 σεως
555 2166 661 2222 ἀπὸ
709 2163 1032 2234 κελεόσεως,
1082 2167 1174 2222 καὶ
1250 2164 1682 2244 δηριγευόμενος
1734 2169 1838 2225 ὑπὸ
1895 2175 2007 2226 τῶν

356 2258 642 2334 ἀρχόντων
664 2260 762 2314 τοῦ
783 2253 1198 2324 κουϐουκλείου,
1229 2259 1529 2333 πατρικίων
1559 2280 1618 2314 τε
1671 2259 1762 2314 καὶ
1820 2279 2010 2338 στρατ-

357 2348 530 2416 ηγῶν,
578 2340 857 2417 ἐξέρχεται
917 2341 970 2397 ἐν
1028 2339 1107 2414 τῷ
1167 2343 1536 2416 Ἰουστινιανῷ
1590 2341 1860 2418 τρικλίνῳ
1903 2353 2005 2416 τῆς

359 2429 735 2508 προελεύσεως
765 2432 834 2488 ³⁴.
868 2429 971 2490 Καί
1025 2431 1262 2488 στάντων
1319 2433 1566 2488 ἁπάντων
1617 2432 1668 2488 ἐν
1725 2438 1805 2506 τῷ
1855 2433 2006 2507 αὐτῷ

354 2518 616 2596 τρικλίνῳ
653 2517 799 2576 ἔνθεν
828 2520 1045 2576 κάκεῖσε
1090 2525 1199 2576 τῶν
1237 2521 1654 2596 προειρημένων
1697 2523 2004 2597 πατρικίων

2187 923 2288 980 Ill.
2332 923 2651 994 Imperator
2695 927 2892 979 autem
2923 924 2984 980 S.
3015 923 3304 981 Theodori
3343 941 3627 982 cameram
3669 925 3762 983 in-

2111 1027 2348 1083 gressus
2379 1017 2439 1068 et
2467 1029 2683 1068 corona
2706 1011 3036 1080 redimitus,
3072 1029 3173 1084 per
3197 1014 3760 1086 chrysotriclinium,

2109 1117 2143 1154 a
2171 1101 2456 1171 prafectis
2507 1101 2771 1158 cubiculo
2815 1101 3084 1173 stipatus,
3133 1107 3268 1175 post
3321 1119 3457 1160 eum
3506 1106 3762 1162 eunuchi

2112 1189 2564 1261 protospatharii
2597 1191 2845 1260 tunicas,
2878 1191 3103 1247 sabana
3124 1196 3182 1248 et
3204 1193 3661 1264 spathobaculos
3687 1196 3765 1252 fe-

2111 1281 2324 1346 rentes,
2356 1276 2666 1348 prodeunt,
2697 1276 3033 1350 egressique
3063 1278 3123 1334 in
3158 1280 3527 1351 tripetonem,
3576 1297 3756 1354 prape

2111 1369 2339 1436 portam
2365 1383 2400 1423 a
2421 1366 2708 1438 tripetone
2728 1367 2798 1422 ad
2825 1366 3150 1424 lausiacum
3173 1369 3502 1438 ducentem,
3529 1371 3762 1442 patricii

2110 1469 2244 1510 vero
2275 1460 2332 1510 et
2362 1455 2788 1526 provinciarum
2822 1457 3079 1528 praal'ecti
3109 1459 3181 1513 ab
3215 1463 3462 1529 utroque
3483 1459 3662 1516 latere
3696 1461 3758 1516 in

2111 1539 2372 1601 lausiaco
2403 1561 2591 1616 usque
2620 1546 2693 1601 ad
2720 1550 2948 1617 portam
2979 1545 3041 1602 in
3086 1546 3403 1604 triclinium
3440 1548 3761 1606 Justiniani

2110 1630 2423 1689 ducentem
2453 1633 2810 1691 consistunt.
2841 1635 2926 1689 Ad
2961 1639 3188 1706 portam
3221 1636 3367 1692 hanc
3399 1637 3576 1694 etiam
3608 1639 3758 1695 ceri-

2114 1722 2434 1778 moniarius
2464 1722 2650 1790 adest,
2683 1727 2740 1780 et
2766 1723 2937 1780 dictis
2961 1723 3222 1795 patriciis
3252 1731 3310 1782 et
3330 1728 3607 1800 strategis
3633 1745 3762 1800 pro-

2114 1811 2463 1881 sidentibus,
2525 1812 2872 1884 praepositus
2935 1813 3342 1872 cerimoniario
3394 1833 3429 1872 a
3481 1819 3758 1875 mandato

2115 1901 2353 1974 signum
2388 1904 2509 1972 dat,
2534 1903 2712 1974 inque
2741 1902 3022 1960 comitatu
3056 1905 3452 1973 prafeclorum
3483 1906 3758 1975 cubiculi,

2115 1991 2490 2062 patriciorum
2521 1996 2580 2046 et
2609 1992 2829 2048 ducum
2857 2005 2926 2046 ex
2951 1993 3323 2064 processione
3344 1993 3405 2050 in
3443 1994 3761 2052 Justiniani

2116 2078 2434 2134 triclinium
2464 2081 2809 2150 ingreditur.
2842 2082 2992 2136 167
3030 2086 3093 2137 in
3146 2088 3396 2154 utroque
3444 2083 3624 2155 hujus
3655 2085 3764 2140 tri-

2116 2164 2277 2223 clinii
2307 2166 2483 2224 latere
2514 2167 2685 2223 dictis
2743 2167 3002 2239 patriciis
3032 2174 3089 2225 et
3145 2171 3432 2242 praefectis
3489 2174 3762 2229 omnibus

2115 2272 2253 2315 cum
2284 2261 2405 2312 toto
2437 2265 2638 2312 senatu
2700 2259 3094 2330 congregatis,
3156 2259 3481 2330 imperator
3536 2265 3651 2316 stat
3704 2261 3763 2316 in

2117 2346 2308 2418 primo
2341 2347 2637 2403 umbilico.
2669 2346 2982 2404 Venientes
3013 2354 3211 2404 autem
3235 2348 3595 2407 dictiomnes
3623 2351 3767 2408 ado-

2117 2441 2270 2504 rant,
2301 2441 2360 2493 et
2391 2441 2696 2509 postquam
2716 2451 3039 2502 surrexere,
3059 2441 3285 2510 signum
3311 2440 3656 2511 praepositus
3686 2439 3767 2496 si-

2115 2526 2384 2584 lentiario
2405 2526 2464 2582 in
2491 2526 2761 2582 inferiore
2792 2532 2955 2598 parte
2979 2543 3182 2582 eorum
3213 2529 3395 2584 stanti
3423 2546 3458 2584 a
3489 2530 3766 2586 mandato

356 2630 413 2665 τε
475 2610 564 2665 καὶ
632 2613 947 2684 στρατηγῶν
1006 2610 1142 2684 μετὰ
1205 2609 1384 2681 πάσης
1466 2617 1569 2682 τῆς
1662 2611 2002 2688 συγκλήτου,

2117 2617 2237 2682 dat,
2290 2616 2459 2687 isque
2511 2615 2699 2671 dicit:
2755 2637 2783 2666 «
2823 2615 3032 2672 Jubete
3101 2635 3118 2685 ;
3177 2639 3207 2667 ››
3257 2617 3372 2689 ipsi
3427 2617 3766 2690 imperatori

352 2697 558 2756 ’ίσταται
594 2701 622 2756 ὁ
655 2699 910 2774 βασιλεὺς
962 2698 1015 2754 ἐν
1053 2704 1132 2772 τῷ
1179 2701 1383 2775 πρώτῳ
1431 2699 1712 2780 ὀμφαλίῳ.
1778 2701 2003 2767 Ἐλθόν-

2119 2704 2449 2761 acclamant
2484 2720 2498 2760 :
2530 2726 2559 2754 ιι
2594 2704 2657 2760 In
2691 2705 2872 2760 multa
2903 2705 3175 2776 bonaque
3207 2711 3489 2777 tempora.
3517 2729 3546 2758 ››

354 2810 440 2852 τες
489 2787 544 2846 δὲ
600 2791 826 2853 ἅπαντες
883 2791 934 2846 οἱ
991 2789 1429 2865 προλελεγμένοι
1485 2795 1871 2866 προσκυνοῦσι,
1935 2792 2026 2848 καὶ
2075 2793 2418 2861 ἀναστάντες,
2469 2792 2606 2846 νεύει
2665 2793 2693 2846 6
2742 2794 3105 2866 πραιπόσιτος
3155 2797 3234 2865 τῷ
3292 2793 3640 2870 σιλεντιαρίῳ
3688 2794 3768 2868 τῷ

357 2881 549 2937 ἱστῶτι
603 2880 656 2936 ἐν
710 2885 791 2953 τῷ
846 2879 1138 2956 κατωτέρῳ
1197 2880 1348 2956 μέρει
1395 2887 1498 2951 τῆς
1555 2880 1721 2952 αὐτῆς
1791 2879 1968 2956 δοχῆς
2017 2883 2128 2957 άμὸ
2177 2883 2498 2955 κελεύσεως,
2558 2883 2808 2946 κάκεῖνος
2842 2882 3013 2961 λέγει·
3045 2909 3073 2936 «
3109 2883 3435 2942 Κελεόσατε·
3469 2910 3498 2939 ››
3522 2886 3678 2942 αὐτοὶ
3710 2885 3768 2942 δὲ

358 2969 750 3046 ὕπερεόχονται
781 2970 872 3026 τὸν
899 2968 1147 3046 βασιλέα,
1180 2994 1209 3023 ιι
1244 2970 1339 3033 Εἰς
1370 2971 1616 3033 πολλοὺς
1647 2971 1739 3025 καὶ
1769 2970 2009 3046 ἀγαθοὺς
2041 2973 2298 3048 χρόνους.
2332 2995 2360 3025 ››

429 3063 498 3115 A'.
529 3059 636 3117 Καὶ
668 3056 1086 3134 δηριγευόμενος
1126 3059 1154 3114 6
1197 3057 1452 3133 βασιλεὺς
1505 3059 1593 3114 ὑπ’
1642 3059 1819 3114 αὑτῶν
1878 3059 2003 3114 πάν-

2191 3062 2282 3120 ιν.
2301 3061 2404 3120 His
2426 3061 2702 3119 omnibus
2724 3063 3293 3134 comitantibus,una
3313 3081 3444 3120 cum
3464 3065 3768 3136 spatharo~

354 3168 462 3203 των
523 3149 638 3221 ἅμα
701 3145 1306 3223 σπαθαροκανδιδάτων,
1365 3148 1680 3226 φόροόντων
1749 3148 2003 3222 μανιάκια

2117 3151 2462 3220 candidatis,
2504 3156 2742 3224 torques
2779 3157 2836 3207 et
2873 3151 3119 3222 gladios,
3162 3153 3417 3209 scutaria
3447 3157 3503 3209 et
3531 3155 3768 3210 dextra-

357 3237 450 3292 καὶ
491 3237 712 3304 σπαθία,
737 3238 1110 3310 βασταζόντων
1165 3236 1256 3292 καὶ
1287 3238 1588 3312 σκουτάρια
1617 3236 1710 3292 καὶ
1779 3235 2003 3311 διστρά-

2117 3239 2194 3298 lia
2221 3241 2610 3313 gestantibus,
2636 3240 2779 3306 abit,
2830 3244 2890 3297 et
2927 3243 3067 3297 dum
3107 3241 3217 3312 ipsi
3258 3257 3327 3298 ex
3368 3246 3534 3314 porta
3575 3242 3767 3298 Justi-

358 3327 475 3395 λια,
510 3323 804 3402 διέρχεται,
836 3326 927 3382 καὶ
977 3325 1290 3401 μελλόντων
1333 3328 1511 3382 αὐτῶν
1557 3325 1871 3403 ἐξὲρχεσθαι
1901 3327 2002 3396 αήν

2117 3329 2301 3386 nianei
2355 3329 2617 3396 triclinii,
2673 3346 2799 3401 qum
2840 3331 2912 3386 ad
2953 3328 3234 3387 solarium
3275 3331 3404 3400 fert,
3457 3331 3752 3403 egressuri

356 3415 648 3493 ἐξάγουσαν
705 3417 812 3472 ἀπὸ
853 3416 948 3472 τοῦ
1005 3418 1384 3474 Ἰουστινιανοῦ
1440 3418 1577 3492 πρὸς
1643 3419 1707 3473 τὸ
1774 3415 2003 3486 ἡλιακὸν

2117 3424 2280 3486 sunt,
2303 3421 2500 3476 statim
2523 3417 2715 3476 velum
2740 3425 2874 3476 ante
2896 3419 3107 3476 solium
3129 3437 3306 3493 super
3326 3421 3604 3492 pectorali
3625 3437 3761 3477 can-

355 3506 561 3580 πόλην,
622 3507 819 3573 εὐθέως
853 3505 1096 3584 ἔφαπλοῖ
1138 3509 1201 3565 τὸ
1251 3508 1663 3584 παρακυπτικὸν
1716 3511 1828 3583 (60)
1892 3507 1998 3580 ἒμ-

2117 3507 2394 3564 cellorum
2428 3508 2822 3565 cubicularius
2843 3514 3161 3580 ρι’ωοοῑιῑοτ
3182 3510 3373 3566 tollit:
3413 3510 3762 3566 cerimonia-

357 3599 586 3674 προσθεν
628 3601 726 3654 τοῦ
757 3599 977 3668 σὲντζου
1007 3598 1186 3654 ἐπάνω
1209 3602 1308 3654 τοῦ
1340 3597 1568 3670 στηθέου
1607 3602 1726 3653 τοῦ
1767 3597 2000 3672 καγκεΑ-

2117 3597 2234 3654 rius
2248 3603 2466 3667 autem,
2486 3597 2850 3670 apprehensa
2861 3598 3507 3672 extremaimperatoris
3526 3600 3747 3666 tunica,

358 3686 456 3743 λου
513 3682 971 3760 κουὸικουλάριος
1022 3688 1050 3744 ὁ
1099 3681 1440 3764 φωνοϐόλος’
1494 3688 1522 3743 6
1575 3685 1634 3741 δὶ
1678 3693 1777 3756 τῆς
1833 3706 1996 3743 καταο

2117 3685 2500 3744 rhoethelium
2549 3686 2706 3754 facit,
2757 3686 2929 3758 idque
2988 3687 3326 3758 imperatori
3388 3688 3586 3758 tradit,
3650 3688 3750 3762 qui

358 3776 594 3840 στάσεως
627 3771 814 3832 λαϐὼν
861 3777 925 3832 τὸ
972 3774 1138 3850 ἄκρον
1186 3782 1286 3846 τῆς
1343 3773 1440 3831 τοῦ
1501 3773 1772 3849 βασιλέως
1807 3773 2000 3850 χλανί-

2117 3777 2431 3834 ascendens
2487 3779 2622 3833 ante
2677 3774 2959 3833 thronum
3023 3780 3159 3846 stat,
3216 3781 3424 3848 terque
3481 3777 3766 3850 populum

1715 3925 1954 3982 VARIE
1995 3923 2405 3983 LECTIONES.

429 4057 476 4097 ³³
505 4055 596 4109 καί
626 4061 758 4112 ante
776 4050 1026 4110 ’ίστανται
1057 4070 1175 4112 om.
1207 4054 1302 4111 ed.
1376 4054 1422 4090 ³³
1449 4048 1676 4110 σαδάνια
1710 4051 2090 4126 βαστάζοντες,
2120 4050 2212 4107 καὶ
2234 4052 2329 4108 ed.
2402 4051 2451 4086 “
2474 4045 2795 4123 προίλευσις
2826 4051 2918 4108 ed.

1441 4197 1639 4255 JOAN.
1672 4198 1820 4256 JAC.
1850 4196 2111 4256 REISKII
2136 4194 2723 4253 COMMENTARIUS.

360 4334 470 4392 hoc
511 4340 621 4404 est,
654 4334 833 4392 edicit
861 4335 1024 4392 illam
1049 4336 1223 4392 unius
1250 4335 1511 4392 vocabuli
1534 4333 1882 4390 formulam:
1906 4334 2010 4390 Pa-
2120 4333 2277 4389 mani
2309 4332 2693 4405 imperatores
2720 4328 2861 4405 olim
2892 4335 3096 4405 Roma
3121 4332 3290 4389 ludos
3319 4337 3581 4403 spectare
3611 4337 3768 4391 sole-

365 4411 548 4488 ratum
578 4403 612 4488 ἦ
631 4425 748 4479 quo
781 4408 1072 4480 signiﬁcat
1109 4408 1318 4488 debere
1348 4411 1653 4488 omnes‘et
1683 4408 1884 4462 omnia
1909 4423 2017 4488 pa-
2051 4411 2098 4478 ι)
2129 4406 2302 4488 bant;
2337 4403 2416 4463 et'
2437 4421 2506 4459 ex
2535 4403 2635 4488 illo
2663 4403 2838 4486 podio
2869 4403 3197 4488 propositas
3228 4405 3771 4488 identidemtujsse

364 4485 521 4535 ratos
562 4483 619 4535 et
649 4475 862 4552 parata
894 4495 1042 4547 esse,
1081 4480 1167 4536 vel
1208 4479 1381 4535 etiam
1421 4483 1688 4552 paratum
1739 4494 1868 4533 esse
1906 4475 2019 4552 im:
2054 4475 2083 4478 ”
2129 4482 2215 4552 tot
2243 4493 2493 4549 gypseae
2513 4475 2822 4552 alteriusve
2845 4477 3102 4552 materiae
3125 4477 3424 4552 Victorias,
3449 4485 3588 4552 quot
3609 4479 3771 4552 iden-

363 4547 709 4642 εβταιοξοξέ.
724 4638 742 4642 _
757 4553 864 4642 9‘!“
910 4552 1358 4642 rectissime
1384 4547 1554 4642 £219}
1577 4555 1894 4642 satsat",
1953 4547 2019 4602 τὸ
2128 4547 2307 4642 siege
2337 4549 2971 4642 92932‘3‘38?EPE92°
2984 4547 3283 4642 Ρθοιξξξειξξι
3291 4547 3654 4642 amissae}?
3672 4553 3774 4642 εξι

362 4619 534 4696 ἄρμια,
565 4623 781 4696 milites
813 4623 871 4696 in
905 4619 1087 4696 armis
1116 4625 1194 4692 (ν.
1230 4624 1299 4680 ad
1331 4639 1388 4694 p.
1419 4622 1544 4696 1768)
1573 4619 1839 4696 advoco.)
1866 4691 1879 4696 Α
2131 4621 2293 4696 locus
2339 4619 2495 4691 apud
2539 4619 2915 4696 Spartianum
2957 4619 3018 4696 in
3059 4619 3267 4675 Severo
3299 4635 3358 4696 _o.
3389 4621 3497 4676 22:
3530 4621 3773 4696 Diecir-

435 4695 550 4820 γοο)
583 4693 864 4751 Insternit
896 4691 1183 4766 pulvinar,
1213 4711 1245 4751 e
1275 4691 1392 4765 quo
1423 4691 1697 4750 decrsum
1721 4691 2019 4763 despicere
2127 4694 2397 4758 centium,
2431 4707 2600 4762 quum
2631 4701 2741 4747 tres
2771 4692 3023 4748 uictoriae
3049 4706 3204 4747 more
3230 4692 3392 4748 solito
3419 4699 3595 4748 essent
3626 4694 3773 4748 loca-

457 4773 514 4820 et
556 4771 615 4820 et
674 4771 867 4820 potest
905 4769 1222 4820 imnerator
1260 4766 1320 4820 in
1360 4765 1601 4820 circum.
1645 4765 2020 4820 nodiamento
2127 4767 2202 4820 ta
2230 4777 2451 4820 nauseae
2478 4779 2602 4818 cum
2634 4764 2854 4820 palmis.
2873 4763 3075 4820 media.
3098 4777 3224 4820 ουκ
3243 4763 3416 4820 ipsius
3438 4766 3660 4818 nomine
3682 4764 3773 4818 in-

365 4763 615 4838 solet’et
674 4771 867 4838 potest
896 4763 1222 4838 imperator
1260 4763 1320 4821 in
1360 4765 1601 4838 circum,
1645 4765 2020 4838 podiamepto
2127 4767 2202 4821 te
2230 4777 2451 4838 gypseae
2478 4779 2602 4838 cum
2631 4764 2854 4838 palmis,
2873 4763 3075 4838 media,
3098 4777 3224 4838 qua
3243 4763 3416 4838 ipsius
3438 4766 3660 4818 nomine
3682 4764 3774 4838 in:

367 4835 788 4922 cancellorum,
821 4838 918 4922 qui
937 4835 1090 4922 sunt
1120 4854 1314 4922 coram
1339 4835 1552 4922 throno
1571 4835 1882 4906 imperiali.
1907 4835 2019 4922 Su-

365 4924 471 4990 pra
527 4925 585 4979 p.
648 4910 770 4965 165.
826 4905 1014 4991 A1“,
1063 4909 1405 4992 monuimus
1444 4907 1624 4964 fuisse
1670 4905 1866 4963 coram
1917 4905 2022 4961 illa

366 4979 542 5062 ditata
567 4979 661 5035 vel
695 4979 824 5061 sala
852 4995 1120 5062 circensi,
1152 4996 1212 5038 in
1238 4995 1357 5062 qua
1385 4979 1576 5062 stabat
1597 4978 1870 5062 thronus,
1889 4993 2023 5062 ean:

366 5050 537 5106 cellis
566 5050 750 5120 aeneis
781 5050 1075 5106 munitum
1107 5049 1489 5116 mcenianum,
1514 5050 1575 5106 in
1596 5049 1761 5120 quod
1789 5049 2023 5120 procedi

367 5117 610 5194 et‘stari
652 5124 895 5194 poterat.
938 5121 1122 5192 Hujus
1183 5121 1431 5179 cancelli
1470 5117 1868 5194 podiamento,
1917 5135 2022 5177 seu

367 5189 667 5265 columna'
691 5190 780 5265 illi
798 5189 1165 5265 transverso,
1197 5209 1322 5265 quq
1347 5189 1740 5265 cancellorum
1773 5206 2022 5264 perpen-
2133 5193 2253 5265 ruit
2280 5197 2334 5265 et
2369 5189 2551 5265 omnis
2576 5189 2928 5265 comminuta
2960 5200 3037 5247 est
3079 5209 3094 5261 ;
3136 5190 3246 5248 illa
3273 5189 3422 5265 vero,
3461 5189 3626 5265 quani
3657 5194 3785 5250 Bas-

368 5263 665 5336 diculares
696 5261 1036 5336 columellae
1063 5261 1418 5336 continebat,
1439 5261 2025 5336 insternebatur'npo-
2133 5263 2292 5319 siani
2332 5263 2560 5336 titulum
2600 5263 2952 5336 praeferebat,
2992 5265 3196 5336 amiasa
3237 5264 3430 5334 palma
3463 5261 3622 5320 uenti
3656 5275 3781 5336 (urg

369 5331 631 5418 κοπτικὸν
660 5351 766 5420 seu
804 5333 1092 5420 pulvinar,
1124 5335 1196 5418 ad
1229 5335 1672 5420 similitudinem
1704 5334 1863 5420 illius
1893 5331 2025 5406 pul-
2139 5336 2268 5391 bine
2296 5335 2699 5420 visconstiltit...
2723 5332 3012 5420 Videntur
3040 5331 3431 5420 imperatores
3483 5334 3784 5420 Byzantini

370 5407 610 5476 vinaria,
642 5408 714 5464 de
753 5405 864 5477 quo
905 5406 1217 5463 Suetonius
1256 5406 1493 5462 Claudio
1534 5421 1586 5477 c.
1628 5406 1661 5461 4
1701 5411 1760 5463 et
1803 5405 2026 5463 Nerone
2137 5421 2367 5477 quoque
2398 5405 2454 5461 in
2515 5405 2742 5477 pulpito
2774 5407 2868 5462 sui
2899 5406 3267 5462 cathismatis
3306 5406 3451 5463 tales
3489 5405 3783 5477 victorias,

372 5494 422 5534 c.
455 5479 545 5534 45.
578 5483 653 5534 De
684 5475 832 5546 velo,
864 5479 1019 5550 quod
1053 5478 1200 5536 solio
1239 5476 1602 5550 imperatoris
1630 5477 2030 5547 praetendeba-
2138 5475 2371 5548 (πτυχια
2401 5547 2414 5550 _
2446 5475 2734 5550 recentior
2813 5481 2953 5533 setas
3025 5477 3353 5550 appellabat
3439 5495 3542 5548 pro
3633 5476 3785 5532 εὐτυο

373 5553 488 5622 tur,
520 5553 578 5605 et
615 5551 689 5608 de
730 5567 846 5622 quo
881 5547 1028 5608 alibi
1081 5547 1362 5622 dicemus,
1404 5549 1730 5622 hic_eermo
1771 5564 1887 5605 non
1917 5552 2025 5604 est.
2142 5547 2372 5622 χειρίς)
2400 5547 2678 5622 habuisse
2709 5553 2955 5622 stantes,
2977 5547 3245 5622 quamvis
3275 5551 3334 5605 in
3367 5547 3568 5608 nostro
3589 5551 3788 5607 codice

375 5619 479 5678 Hic
509 5619 1010 5689 tantum—notabo,
1061 5621 1208 5680 mihi
1239 5621 1424 5677 videri
1455 5619 1570 5693 tale
1609 5635 1838 5692 quoque
1878 5635 2029 5693 m_ae~
2144 5619 2376 5677 nullum
2408 5622 2537 5692 ejus
2563 5620 2644 5676 rei
2669 5621 2980 5692 vestigium
3000 5619 3464 5693 deprehendam.

377 5693 620 5752 nianum
648 5710 848 5753 coram
869 5694 971 5752 illa
999 5695 1142 5753 sede
1177 5693 1438 5752 circense
1456 5691 1664 5765 fuisse,
1697 5708 1729 5750 e
1765 5707 1885 5764 qua
1923 5691 2032 5749 Ro-

2128 4837 2401 4904 scriptum
2453 4833 2640 4906 orbem
2689 4835 2878 4906 palma
2929 4834 3040 4906 [sic
3099 4835 3236 4905 leg.,
3267 4833 3396 4890 ‘hoo
3443 4842 3534 4890 est
3579 4834 3775 4906 manu]

2134 4903 2371 4972 tenebat,
2404 4913 2559 4959 vento
2620 4903 2726 4959 icta
2775 4904 2840 4958 de
2883 4903 3046 4978 podio
3092 4903 3246 4960 ειᾱηε
3293 4907 3373 4978 [id
3425 4911 3518 4978 est
3565 4907 3669 4974 sic,
3712 4903 3779 4961 ut

2133 4983 2314 5042 recte,
2347 4992 2461 5031 non
2497 4977 2743 5048 inversa,
2777 4991 2964 5048 neque
2995 4976 3052 5032 in
3081 4976 3322 5048 pronum
3345 4977 3642 5042 inclinata,
3676 4978 3774 5032 sed

2133 5049 2309 5122 linear
2343 5046 2809 5122 perpendiculari
2848 5046 3213 5122 deferretur,]
3253 5048 3479 5122 decidit,
3518 5050 3782 5120 humique

2133 5121 2418 5185 constitit;
2451 5136 2535 5192 ea,
2567 5131 2694 5190 quae
2724 5121 2888 5176 Getae
2916 5122 3146 5176 nomine
3176 5120 3457 5192 inscripta
3493 5126 3631 5192 erat,
3665 5137 3782 5178 cor-
