4138 6212
380 366 492 427 561

1243 363 1344 424 DE
1388 363 1854 426 CERIMONIIS
1895 364 2124 426 AULIE
2164 364 2644 427 BYZANTIN/E
2687 366 2837 427 LIB.
2885 366 2936 427 Ι.

3663 366 3784 428 562

377 493 705 579 φωνοϐόλῳ,
731 497 980 560 κᾶκεῖνος
1020 507 1316 560 συντιθεται
1343 498 1457 570 (65)
1507 495 1598 552 διὰ
1659 503 1760 567 τῆς
1826 498 2014 572 χειρὸς

2134 499 2366 570 annuit,
2401 502 2466 554 ut
2498 516 2673 571 supra
2695 500 2915 556 dictum
2945 502 3054 556 est.
3079 500 3333 572 Peractis
3355 501 3651 567 omnibus,
3674 502 3783 557 im-

378 586 438 644 ἐκ
466 589 515 663 γ’
572 589 690 642 καθ’
740 585 989 658 ἒκάστην,
1048 587 1123 647 ὡς
1175 585 1431 662 ἀνωτέρω
1473 584 1712 661 εἴρηται.
1754 586 1857 643 Καὶ
1895 586 2022 642 πάν-

376 699 485 733 των
535 676 918 744 τελεσθέντων,
953 675 1231 755 διέρχεται
1305 677 1333 731 6
1396 675 1674 751 βασιλεὺς,
1725 675 2017 752 δηριγευό-

380 789 541 841 μενος
579 769 681 823 ὑπὸ
728 772 837 823 τῶν
886 765 1170 842 ἀρχόντων
1214 770 1312 822 τοῦ
1360 763 1782 835 κουϐουκλείου,
1827 788 2018 841 πατρι-

374 857 506 912 κίων
565 878 622 912 τε
666 857 756 911 καὶ
799 860 1135 932 στρατηγῶν,
1193 853 1281 910 διὰ
1329 860 1427 910 τοῦ
1470 859 1854 914 Ἰουστινιανοῦ
1899 876 2020 931 τρι-

375 945 586 1014 κλίνου,
619 948 654 1015 ἡ
684 942 740 1000 δὲ
772 944 1082 1020 σύγκλητος
1133 944 1246 1018 ἅμα
1301 942 1879 1019 σπαθαροκανδιδάτων
1929 945 2016 1000 κάί

379 1033 688 1111 σπαθαρίων
745 1032 999 1088 ’ίστανται
1056 1027 1204 1097 ἔνθεν
1260 1035 1498 1102 κάκεῖσε,
1533 1035 1790 1095 ὡσαύτως
1832 1036 1922 1090 καὶ
1956 1037 2018 1090 τὸ

375 1122 522 1199 ἅρμα
550 1122 908 1199 ’ίσταται
936 1123 988 1194 ἐξ
1031 1123 1315 1198 ἀριστερᾶς
1363 1131 1463 1194 τῆς
1504 1123 1796 1200 ἐξαγούσης
1832 1123 2017 1196 πύλης

373 1212 479 1268 ἀπὸ
507 1217 610 1268 τοῦ
659 1214 1046 1270 Ἰουστινιανοῦ
1097 1211 1147 1267 έν
1206 1217 1286 1284 τῷ
1330 1210 1633 1284 λαυσιακῷ,
1678 1212 1728 1267 έν
1831 1213 2014 1268 καὶτὸ

373 1300 609 1376 σκάμνον
641 1299 860 1356 ’ίσταται
909 1305 1006 1356 τοῦ
1053 1299 1470 1374 κούροπαλάτού
1522 1304 1656 1374 (67).
1713 1303 2014 1377 Διερχόμε-

369 1411 464 1453 νος
503 1387 559 1446 δὲ
603 1391 631 1446 6
683 1389 960 1464 βασιλεὺς,
1003 1391 1077 1452 ὡς
1124 1390 1470 1464 προείρηται,
1525 1392 1687 1464 μέσον
1732 1397 1831 1461 τῆς
1880 1412 2014 1466 συγ-

367 1479 604 1551 κλήτου,
636 1480 784 1534 οὗτοι
828 1479 1054 1538 ἅπαντες
1087 1477 1502 1553 ὑπερεύχονται·
1548 1503 1575 1529 ‹‹
1621 1478 1720 1541 Εἰς
1766 1477 2015 1544 πολλοὺς

369 1567 460 1622 καὶ
491 1565 724 1642 ἀγαθοὺς
749 1566 1004 1642 χρόνους,
1040 1590 1069 1617 ››
1100 1567 1187 1620 καὶ
1224 1563 1650 1642 δηριγευόμενος
1689 1567 1718 1621 6
1753 1564 2008 1641 βασιλεὺς

373 1657 476 1712 ὑπὸ
539 1657 648 1710 τῶν
690 1654 970 1730 ἀρχόντων
1019 1659 1116 1709 τοῦ
1166 1649 1580 1723 κουϐουκλείου,
1615 1652 1892 1733 διέρχεται
1924 1651 2012 1709 διᾶ

369 1749 466 1800 τοῦ
493 1745 844 1820 τριπέτωνος,
875 1742 964 1798 καὶ
1011 1743 1312 1818 εἰσέρχεται
1343 1742 1394 1797 έν
1426 1748 1505 1815 τῷ
1548 1743 2010 1818 χρυσοτρικλίνῳ,

369 1834 458 1890 καὶ
527 1831 784 1888 εἰσελθὼν
833 1829 986 1886 ἔνδον
1039 1835 1136 1886 τοῦ
1197 1832 1375 1906 βήλου
1407 1831 1459 1886 έν
1505 1835 1574 1905 τῇ
1625 1832 1847 1907 καμάρᾳ
1905 1837 2008 1888 τοῦ

367 1921 519 1998 ἆγίου
553 1921 860 1997 Θεοδώρου,
893 1915 1164 1993 λαμϐάνει
1197 1921 1226 1974 6
1269 1920 1625 1995 πραιπόσιτος
1677 1921 1738 1976 τὸ
1790 1920 2006 1994 στέμμα
2041 1955 2088 2021 Β

364 2011 472 2067 ἆπὸ
511 2017 612 2080 τῆς
635 2008 876 2085 κεφαλῆς
903 2013 1000 2064 τοῦ
1044 2006 1336 2082 βασιλέως,
1387 2010 1474 2063 καὶ
1537 2009 1636 2072 εἶθ’
1685 2008 1858 2071 οὕτως
1898 2009 2009 2065 εἶσι

364 2100 614 2156 ελθόντες
649 2100 703 2152 οἱ
757 2099 1078 2172 βεστήτορες
1125 2097 1230 2152 ἀπὸ
1285 2095 1606 2166 κελεύσεως,
1660 2093 2004 2170 λαμϐάνουσι

360 2191 464 2259 τὴν
495 2184 735 2264 χλανίδα
784 2191 879 2242 τοῦ
933 2185 1201 2262 βασιλέως
1254 2187 1300 2222 ³⁸³
1346 2187 1435 2240 καὶ
1483 2186 1815 2265 ἐξέρχονται.
1849 2188 1910 2246 Ὀ
1943 2186 1998 2244 δὲ

364 2276 622 2354 βασιλεὺς
673 2276 974 2346 καθέζεται,
1025 2277 1223 2354 μέχρις
1274 2274 1334 2330 ἂν
1376 2278 1411 2345 ἡ
1463 2279 1774 2346 παρασκευὴ
1825 2277 2006 2334 ἅπασα

359 2371 457 2423 τοῦ
485 2364 706 2439 δεξίμου
756 2364 1144 2439 ὁμοιοτρόπως
1190 2371 1290 2434 τῆς
1321 2362 1527 2444 φιάλης
1575 2370 1681 2418 τῶν
1722 2366 2001 2440 Πρασίνων

367 2453 601 2530 μετέλθῃ
651 2453 704 2510 ἐν
753 2457 821 2528 τῇ
864 2452 1037 2527 φιάλῃ
1096 2457 1204 2507 τῶν
1263 2453 1493 2510 Βενέτων
1553 2454 1797 2509 τουτέστι
1843 2456 1908 2510 τά
1945 2478 2004 2512 τε

365 2545 525 2614 σκεύη
557 2544 648 2598 καὶ
693 2545 756 2598 τὸ
807 2542 1136 2615 πολίτευμα,
1196 2541 1242 2596 εί
1299 2543 1564 2616 τύχωσιν,
1615 2543 1690 2605 ὡς
1738 2544 2003 2619 προείρη-

361 2654 450 2689 ται
484 2634 618 2706 (68),
648 2635 739 2687 καί
770 2625 1024 2705 πρέσϐεις
1060 2630 1252 2703 ἐθνῶν,
1281 2631 1370 2685 καὶ
1407 2631 1507 2694 εἶθ’
1548 2629 1722 2694 οὕτως
1757 2634 1892 2705 μετά
1937 2635 2001 2690 τὸ

2132 594 2363 661 perator
2413 607 2447 646 a
2495 591 2781 662 praefectis
2821 589 3113 658 cubiculo,
3163 592 3420 662 patriciis
3449 597 3506 647 et
3535 591 3778 648 ducibus

2130 681 2404 751 stipatus,
2437 696 2536 751 per
2563 680 3002 736 Justinianeum
3025 680 3350 736 triclinium
3384 681 3655 748 discedit,
3688 697 3776 735 sc-

2131 778 2302 824 natus
2322 773 2515 824 autem
2540 785 2672 824 cum
2695 769 3323 842 spatharocandidatis,
3343 769 3776 842 spathariisque

2127 858 2265 914 hinc
2303 864 2359 914 et
2395 857 2559 914 illinc
2604 863 2813 928 astant,
2860 858 3077 915 milites
3109 875 3343 930 quoque
3371 861 3441 914 ad
3475 858 3775 916 sinistram

2125 953 2304 1020 portae
2331 965 2362 1004 e
2389 949 2710 1004 Justiniani
2741 949 2998 1006 triclinio
3045 950 3107 1005 in
3137 948 3467 1006 lausiacum
3507 950 3776 1006 ducentis

2125 1041 2301 1106 stant,
2325 1038 2425 1093 ubi
2446 1054 2754 1094 scamnum
2776 1038 3129 1109 curopalataa
3153 1043 3261 1094 est.
3283 1039 3650 1110 Imperatori,
3673 1055 3774 1108 per

2125 1125 2380 1182 medium
2413 1135 2707 1193 senatum,
2742 1132 2807 1182 ut
2853 1127 3132 1194 diximus,
3166 1127 3535 1199 digredienti,
3568 1143 3774 1184 omnes

2122 1212 2294 1286 longa
2324 1232 2390 1271 ac
2413 1215 2599 1271 felicia
2629 1222 2893 1288 tempora
2942 1223 3352 1289 apprecantur,
3391 1232 3508 1288 quo
3539 1217 3710 1285 facto,
3740 1233 3772 1272 a

2122 1303 2392 1361 cubiculo
2422 1305 2712 1376 prafectis
2745 1305 3024 1376 stipatus,
3057 1321 3158 1375 per
3185 1305 3529 1375 tripetonem
3561 1306 3635 1360 ad
3666 1322 3770 1361 au-

2121 1407 2287 1448 reum
2352 1393 2674 1449 triclinium
2731 1393 2961 1461 transit,
3047 1393 3356 1465 velumque
3421 1394 3480 1448 in
3540 1409 3768 1449 camera

2121 1482 2176 1536 S.
2209 1482 2500 1538 Theodori
2531 1482 2877 1554 ingreditur,
2939 1482 3040 1538 ubi
3097 1482 3440 1554 prepositus
3487 1499 3764 1538 coronam

2118 1571 2192 1626 ab
2224 1571 2350 1642 ejus
2379 1571 2569 1642 capite
2611 1571 2786 1637 tollit,
2833 1571 3139 1626 vestitorcs
3167 1587 3399 1642 quoque
3430 1589 3462 1626 a
3495 1573 3765 1628 mandato

2116 1660 2367 1732 ingressi
2391 1662 2648 1716 tunicam
2673 1662 2797 1731 ejus
2819 1666 3083 1726 sumunt,
3102 1664 3158 1718 et
3181 1662 3420 1718 abeunt.
3441 1665 3767 1734 Imperator

2117 1751 2298 1818 sedet,
2351 1751 2678 1821 usquedum
2719 1749 2914 1805 omnis
2952 1754 3266 1822 apparatus
3313 1750 3526 1806 deximi
3559 1752 3762 1807 eodem

2118 1839 2311 1905 modo,
2343 1856 2457 1910 quo
2489 1839 2547 1894 in
2582 1838 2838 1911 phialam
2862 1839 3259 1908 Prasinorum,
3281 1839 3340 1894 in
3371 1838 3627 1911 phialam
3662 1841 3763 1896 Ve-

2119 1934 2378 1983 netorum
2429 1927 2754 1984 translatus
2801 1935 2908 1997 est,
2953 1944 3095 1984 vasa
3144 1944 3376 2000 nempe,
3426 1932 3663 1984 senatus
3705 1932 3764 1983 et

2116 2014 2290 2086 legati
2348 2016 2615 2086 gentium
2675 2021 3027 2082 exterarum,
3082 2017 3126 2071 si
3188 2017 3310 2088 qui,
3366 2021 3432 2072 ut
3482 2016 3760 2083 diximus,

2119 2103 2333 2158 adsint.
2370 2104 2464 2159 Sic
2495 2103 2791 2173 omnibus,
2816 2120 3067 2175 quorum
3093 2104 3420 2160 ministerio
3446 2105 3507 2160 iu
3529 2105 3761 2160 deximo

2116 2192 2323 2262 phiala
2354 2192 2706 2248 Venetorum
2745 2209 2894 2264 Opus
2931 2197 3035 2261 est,
3066 2193 3372 2262 ordinatis,
3407 2193 3759 2250 cerimonia-

2114 2279 2237 2336 rius
2265 2280 2464 2347 intrat,
2497 2285 2813 2354 parataque
2842 2280 3042 2338 omnia
3069 2296 3217 2346 esse,
3250 2281 3576 2354 praeposito,
3609 2299 3760 2355 pris-

2113 2369 2340 2441 positus
2371 2369 2731 2442 imperatori,
2753 2375 2872 2426 uta
2893 2369 3300 2427 cerimoniario
3330 2371 3570 2443 accepit,
3604 2387 3760 2428 nun-

2113 2461 2302 2525 tiat,et
2325 2465 2629 2532 postquam
2655 2459 2791 2516 huic
2817 2460 3162 2532 praepositus
3178 2478 3210 2516 a
3229 2463 3502 2517 mandato
3523 2461 3760 2534 signum

2112 2549 2290 2617 dedit,
2319 2548 2641 2604 solemnem
2664 2548 3032 2620 imperatoris
3052 2548 3112 2604 in
3136 2548 3394 2605 lausiaco
3421 2566 3764 2608 consessum

2112 2637 2362 2694 ordinat.

364 2721 561 2785 πάντας
607 2722 1018 2798 εὐτρεπισθῆναι
1073 2722 1200 2784 τοὺς
1263 2719 1566 2795 μέλλοντας
1621 2729 2014 2800 καθυπουργεῖν
2066 2722 2120 2780 ἓν
2175 2729 2255 2797 τῷ
2321 2723 2524 2801 δεξίμῳ
2581 2726 2786 2807 φιάλης
2830 2733 2941 2783 τῶν
2995 2725 3575 2803 βενέτων,εἲσέρχεται
3612 2731 3765 2800 ὁτῆς

363 2814 759 2881 καταστάσεως,
784 2810 875 2866 καὶ
906 2807 1073 2880 δηλοῖ
1118 2815 1198 2882 τῷ
1255 2811 1622 2886 πραιποσίτῳ,
1673 2810 1749 2873 ὡς
1777 2807 1976 2885 ἵτοιμά
2004 2811 2115 2869 ἐστι
2172 2813 2366 2883 πάντα,
2396 2816 2485 2871 καὶ
2517 2820 2546 2872 ὸ
2603 2816 2964 2891 πραιπόσιτος
2997 2812 3261 2889 δηλοῖτῷ
3296 2815 3529 2890 βασιλεῖ,
3563 2819 3597 2873 ἄ
3622 2820 3769 2894 παρᾶ

362 2905 461 2958 τοῦ
489 2907 590 2972 τῆς
610 2900 988 2962 καταστάσεως
1019 2896 1310 2979 ἐδιδάχθη,
1341 2900 1429 2955 καὶ
1477 2895 1662 2955 λαϐὼν
1710 2903 1881 2973 νεῦμα
1910 2902 1938 2955 6
1983 2908 2085 2973 τῆς
2129 2905 2504 2967 καταστάσεως
2562 2906 2708 2979 παρὰ
2755 2909 2854 2960 τοῦ
2882 2905 3245 2980 πραιποσίτου
3286 2906 3391 2960 ἀπὸ
3447 2906 3766 2978 κελεύσεως,

365 2985 560 3045 δίδωσι
593 2989 992 3063 μεταστάσιμον
1022 2988 1076 3044 ἐν
1105 2993 1187 3061 τῷ
1217 2992 1522 3061 Λαυσιακῷ.

436 3080 498 3148 ζ.
532 3079 633 3136 Καὶ
691 3077 1004 3154 διέρχονται
1058 3077 1111 3133 οἳ
1165 3098 1222 3133 τε
1268 3078 1548 3154 πατρίκιοι
1590 3081 1678 3134 καὶ
1710 3078 2008 3156 στρατηγοὶ

367 3167 504 3241 μετᾶ
559 3171 668 3223 τῶν
717 3171 1093 3244 συγκλητικῶν
1144 3168 1235 3221 καὶ
1287 3168 1561 3222 ὑπατικῶν
1613 3174 1712 3238 τῆς
1799 3169 2001 3242 θερμά-

2191 3083 2343 3138 189
2375 3082 2468 3139 VI.
2501 3083 2733 3140 Patricii
2779 3087 2837 3139 et
2879 3084 3120 3156 strategi
3147 3100 3282 3140 cum
3314 3085 3681 3141 senatoribus
3709 3090 3767 3142 et

2120 3171 2536 3227 consularibus
2594 3187 2698 3243 per
2747 3171 3042 3227 caminum
3093 3171 3360 3244 digressi,
3411 3188 3514 3244 per
3542 3173 3762 3230 scalam

362 3277 530 3333 στρας
562 3260 696 3332 (69),
727 3243 815 3314 καὶ
864 3257 1172 3320 ἀνελθόντες
1220 3258 1288 3312 τά
1328 3255 1625 3332 γραδήλια,
1667 3257 2004 3333 εἰσέρχονται

2115 3260 2455 3329 ascendunt,
2507 3276 2573 3316 ac
2623 3267 2848 3332 portam
2900 3243 3209 3330 casnaculi,
3258 3261 3394 3316 inde
3422 3243 3540 3332 per
3567 3277 3763 3320 came-

363 3343 453 3401 διὰ
492 3353 592 3418 τῆς
623 3344 982 3422 διαιταρικίου
1013 3346 1217 3417 πύλης,
1266 3344 1515 3409 ἐλθόντες
1548 3344 1605 3402 δέ
1636 3343 1725 3402 διὰ
1769 3354 1869 3417 τῆς
1912 3368 2006 3402 κα-

362 3436 536 3512 μάρας
588 3431 888 3511 ἔμπροσθεν
943 3440 1042 3490 τυῦ
1081 3437 1337 3508 πανθέου,
1381 3434 1689 3511 ἐξέρχονται
1747 3433 1838 3491 διὰ
1900 3440 2000 3492 τοῦ

363 3525 662 3600 μονοθύρου
689 3525 743 3582 έν
766 3529 846 3598 τῷ
874 3524 1116 3598 ἡλιακῷ,
1146 3524 1236 3579 καὶ
1269 3526 1467 3586 πάντες
1517 3526 1568 3578 οἱ
1608 3526 2004 3599 προειρημένοι

356 3615 414 3672 ἂν
441 3620 522 3689 τῷ
547 3615 768 3689 ἡλιακῷ
821 3613 1065 3688 ’ίστανται
1121 3611 1265 3679 ἔνθεν
1332 3615 1550 3670 κάκεῖσε
1606 3615 1711 3670 ἀπὸ
1759 3621 1860 3684 τῆς
1927 3615 2004 3686 ἐξ·

354 3707 595 3782 αγούσης
628 3705 810 3778 πύλης
853 3708 950 3762 τοῦ
994 3702 1472 3780 χρυσοτρικλίνου,
1502 3703 1554 3757 έν
1610 3708 1690 3776 τῷ
1737 3725 2001 3779 προειρη-

355 3797 505 3870 μένῳ
552 3795 773 3868 ἡλιακῷ
816 3796 981 3871 μέχρι
1030 3798 1128 3849 τοῦ
1173 3791 1566 3866 καμελαυκίου,
1606 3791 1659 3848 έν
1721 3794 1767 3865 ᾧ
1813 3794 1903 3848 καὶ
1937 3795 2000 3849 τὸ

347 3885 564 3957 σέντζον
590 3882 829 3943 ἵσταται.
878 3885 941 3941 Ὁ
972 3881 1030 3938 δὶ
1071 3881 1324 3959 βασιλεὺς
1385 3882 1642 3944 εἰσελθὼν
1694 3876 1996 3956 ἔμπροσθεν

346 3979 449 4030 τοῦ
484 3972 780 4050 εἴρημίνου
814 3971 1019 4048 βήλου,
1048 3966 1440 4046 περιϐάλλεται
1469 3972 1570 4040 τὴν
1620 3968 1863 4048 χλανίδα
1908 3972 2001 4025 αὑ-

346 4067 448 4119 τοῦ
479 4059 567 4117 διὰ
595 4065 706 4118 τῶν
767 4061 1138 4136 βεστητόρων,
1187 4061 1276 4116 καὶ
1334 4065 1442 4114 τῶν
1479 4055 1830 4135 βεστητόρων
1855 4057 1997 4129 ἐξελ-

347 4150 576 4220 θόντων,
608 4149 788 4229 στέφει
823 4151 852 4205 6
884 4149 1245 4226 πραιπόσιτος
1275 4149 1366 4204 τὸν
1403 4146 1650 4225 βασιλέα,
1700 4147 1791 4202 καὶ
1840 4145 1996 4221 δηρι-

347 4241 640 4317 γευόμενος
667 4241 695 4295 6
730 4237 985 4316 βασιλεὺς
1012 4239 1114 4295 ὑπὸ
1145 4242 1252 4293 τῶν
1286 4238 1583 4313 ἀχχόντων
1611 4241 1710 4292 τοῦ
1761 4231 1996 4292 κουϐου-

345 4327 558 4400 κλείου,
618 4329 912 4408 ἀπέρχεται
970 4330 1136 4405 μέχρι
1181 4335 1284 4398 τῆς
1341 4330 1591 4405 καμάρας
1663 4329 1761 4395 τῆς
1829 4325 1997 4397 οῧσης

346 4420 485 4496 πρὸς
531 4419 798 4483 ἀνατολὰς
848 4423 946 4474 τοῦ
1005 4417 1492 4496 χρυσοτρικλίνου,
1541 4416 1790 4473 ἑστώτων
1845 4414 1991 4472 ἔνθεν

343 4511 563 4566 κάκεῖσε
617 4509 901 4587 ἀρχόντων
952 4512 1048 4564 τοῦ
1089 4503 1508 4565 κουϐουκλείου·
1568 4509 1623 4562 αἱ
1682 4504 1740 4562 δὶ
1799 4506 1990 4562 λοιπαὶ

2115 3365 2238 3404 ram
2269 3364 2464 3406 coram
2488 3353 2739 3422 pantheo
2763 3351 3241 3421 perquejanuam
3263 3350 3543 3406 solarium
3568 3351 3759 3424 ingre-

2113 3437 2378 3508 diuntur,
2401 3447 2456 3495 et
2481 3438 2538 3494 in
2572 3442 2820 3510 utroque
2843 3439 2973 3510 ejus
3003 3437 3182 3496 latere
3204 3456 3238 3496 a
3268 3443 3430 3512 porta
3462 3440 3620 3497 aurei
3649 3443 3760 3497 tri-

2112 3525 2272 3582 clinii
2339 3528 2411 3584 ad
2488 3527 2710 3584 dictum
2790 3527 3073 3583 solarium
3141 3528 3392 3586 ducente
3443 3544 3625 3600 usque
3682 3532 3756 3587 ad

2110 3615 2554 3682 camclaucium,
2577 3616 2680 3672 ubi
2702 3616 2950 3673 thronus
2971 3617 3194 3688 positus
3210 3625 3315 3686 est,
3339 3622 3550 3675 astant.
3571 3619 3758 3691 Impe-

2110 3711 2266 3760 rator
2286 3704 2360 3760 ad
2379 3705 2600 3761 dictum
2622 3705 2818 3761 velum
2841 3705 3166 3777 ingressus,
3187 3705 3383 3761 tunica
3405 3723 3512 3762 sua
3534 3724 3568 3762 a
3586 3709 3756 3762 vesti-

2106 3793 2333 3849 toribus
2371 3794 2654 3861 induitur,
2716 3793 2928 3865 quibus
2986 3794 3260 3866 egressis,
3324 3796 3670 3866 praepositus
3702 3799 3755 3851 ei

2106 3898 2383 3937 coronam
2405 3882 2672 3954 imponit.
2694 3882 2938 3949 Deinde,
2961 3882 3249 3954 profectis
3276 3881 3546 3938 cubiculo
3571 3885 3754 3939 comi-

2104 3972 2390 4040 tantibus,
2423 3973 2494 4028 ad
2523 3988 2837 4037 cameram,
2871 3989 2998 4044 qua
3039 3987 3244 4028 versus
3270 3972 3555 4028 orientem
3595 3976 3755 4031 aurei

2103 4059 2340 4116 triclinii
2372 4064 2481 4128 est,
2513 4060 2655 4126 abit,
2688 4060 2976 4132 prafectis
3017 4059 3268 4116 cubiculi
3299 4064 3548 4131 utroque
3577 4059 3634 4115 in
3670 4062 3751 4116 la-

2103 4158 2223 4207 tere
2265 4150 2636 4207 constitutis:
2691 4149 2928 4222 reliquaa
2977 4149 3138 4206 aurei
3187 4149 3424 4206 triclinii
3471 4155 3649 4222 portae
3678 4152 3749 4208 ad

2102 4239 2382 4297 solarium
2416 4240 2696 4295 ducentes
2726 4238 2935 4296 clausas
2985 4242 3142 4294 sunt.
3177 4239 3218 4295 E
3248 4237 3477 4294 duobus
3506 4239 3749 4296 cubicu-

2100 4328 2264 4385 lariis
2294 4345 2448 4384 unus
2476 4329 2548 4383 ad
2581 4328 2866 4396 dextram,
2909 4327 3056 4384 alter
3102 4329 3173 4384 ad
3223 4328 3526 4385 sinistram
3569 4332 3746 4398 stant,

2101 4432 2398 4488 unamque
2429 4420 2654 4488 portam
2687 4415 2905 4487 singuli
2936 4420 3157 4484 tenent,
3180 4433 3350 4488 quas,
3384 4416 3548 4488 signo
3588 4419 3746 4488 dato,

2099 4505 2295 4562 statim
2328 4505 2618 4576 aperiunt.
2646 4505 2733 4561 Ab
2756 4504 2848 4560 his
2879 4503 3254 4562 cubiculariis
3290 4506 3541 4578 stipatus
3569 4507 3747 4579 impe-

343 4596 518 4654 πύλαι
574 4603 675 4654 τοῦ
722 4596 1177 4676 χρυσοτρικλίνου
1239 4598 1295 4652 αἱ
1366 4596 1651 4673 ἐξάγουσαι
1721 4597 1857 4671 πρὸς
1921 4595 1991 4681 ’τὸ
2015 4615 2026 4681 1

2115 4603 2274 4661 ~ator,
2305 4593 2584 4651 solarium
2617 4593 2780 4666 petit,
2815 4597 2872 4649 et
2905 4593 2985 4649 ibi
3016 4593 3080 4649 in
3120 4593 3525 4667 porphyretico
3554 4595 3746 4668 lapide

341 4685 575 4758 ἡλιακόν
635 4686 737 4743 εἶσι
802 4685 1202 4759 κεκλεισμέναι.
1237 4686 1335 4741 Καὶ
1361 4683 1611 4741 ἵστανται
1669 4681 1765 4740 δύο
1800 4679 1986 4739 κουϐι·

337 4774 648 4848 κουλάριοι,
711 4777 788 4838 εἷς
829 4774 891 4830 ἐκ
955 4774 1158 4844 δεξιῶν,
1194 4775 1223 4830 6
1263 4770 1320 4830 δὲ
1346 4770 1532 4850 ἕτερος
1577 4773 1630 4845 ἐξ
1679 4773 1984 4848 ἀριστερᾶς,

2095 4687 2246 4741 stat:
2279 4699 2456 4756 ocyus
2489 4682 2716 4752 patricii
2747 4687 2804 4736 et
2823 4683 3058 4753 strategi
3088 4699 3223 4740 cum
3255 4683 3415 4738 omni
3444 4690 3651 4740 senatu
3682 4684 3742 4740 in

2095 4779 2298 4829 terram
2333 4770 2680 4842 procidunt:
2715 4775 2846 4841 post
2890 4772 3053 4843 ipsos
3101 4772 3577 4844 protospatharii,
3609 4791 3741 4845 spa-

332 4865 665 4942 κατέχοντες
718 4863 816 4920 ἀντὶ
867 4863 992 4937 μίαν
1051 4861 1262 4934 πύλην,
1319 4859 1581 4926 λαϐόντες
1637 4861 1694 4918 δὲ
1731 4866 1904 4934 νεῦμα
1934 4862 1987 4916 οἱ

2118 4860 2559 4918 harocandidati
2589 4865 2642 4915 et
2673 4859 2953 4932 spatbarii
2992 4865 3175 4930 stant,
3209 4877 3462 4934 quorum
3496 4862 3593 4918 isti
3621 4867 3743 4919 tor-

333 4953 493 5012 αὐτοὶ
543 4948 996 5028 κουϐικουλάριοι
1046 4949 1412 5028 ἒεανοίγουσιν
1470 4953 1635 5015 αὐτὸς
1676 4951 1846 5028 ἅφνῳ,
1894 4949 1986 5006 καὶ

2097 4965 2243 5022 quas
2272 4952 2331 5004 et
2360 4946 2817 5020 spatbobaculos
2847 4965 3010 5018 suos,
3032 4949 3096 5006 hi
3116 4953 3351 5023 torques
3381 4953 3439 5005 et
3468 4951 3740 5023 scutaria,

1686 5050 1927 5108 VABl/E
1969 5047 2385 5107 LECTIONES.

405 5159 454 5195 ³⁸
485 5154 576 5213 διὰ
602 5159 703 5213 τοῦ
730 5154 919 5232 βασιλ.
953 5158 1042 5215 ed.

1367 5247 1569 5305 JOAN.
1609 5247 1754 5305 JAC.
1796 5244 2086 5304 REISKII.
2128 5243 2728 5302 COMMENTARIUS.

406 5349 521 5420 (65)
565 5347 866 5414 ϐοηδεηιίι,
923 5345 1136 5420 annuit
1191 5345 1350 5420 ipsis,
1408 5345 1655 5420 spondet,
1691 5352 1782 5420 _ut
1835 5352 1987 5420 recte

336 5417 513 5476 vertit
535 5421 823 5492 interpres
842 5419 1058 5492 p.170;
1093 5417 1322 5492 proprie
1341 5433 1470 5473 sese
1499 5418 1659 5488 ponit
1688 5417 1747 5492 in
1779 5417 1982 5472 eodem

2169 5342 2279 5485 (66;
2313 5343 2387 5398 La
2414 5343 2646 5415 parade,
2679 5343 2886 5400 Milites
2917 5343 2977 5401 in
3007 5343 3186 5399 armis
3218 5343 3398 5416 parati
3428 5347 3646 5401 astant.

2169 5414 2255 5484 (67
2310 5415 2470 5470 Conf.
2506 5432 2559 5485 p.
2597 5416 2718 5470 175.
2753 5415 2850 5470 ubi
2897 5431 3140 5472 scamna
3167 5417 3478 5472 consulum
3509 5416 3568 5472 in
3598 5419 3646 5471 JI

2166 5414 2278 5485 (67)
2310 5414 2470 5470 Conf.
2506 5432 2559 5485 p.
2597 5416 2718 5470 175.
2753 5415 2850 5470 ubi
2897 5431 3140 5472 scamna
3167 5414 3478 5472 consulum
3509 5416 3568 5472 in
3598 5419 3734 5473 Jus-

340 5506 474 5546 cum
523 5483 1242 5563 ipsis-loco'yoluntatis;
1292 5483 1622 5563 postquam,
1673 5488 1785 5563 ait,
1808 5493 1985 5563 terna
2092 5483 2566 5563 tiuiani_tricl_ino
2597 5492 3020 5563 memorantur.

339 5564 408 5636 ad
432 5559 696 5636 singulas
718 5562 1047 5636 rogationes
1071 5576 1278 5636 manus
1299 5559 1422 5636 illa,
1449 5559 1623 5630 quam
1647 5559 1980 5636 p.164_.B._7.

333 5630 616 5761 giximus,
634 5630 1054 5709 compositione
1074 5633 1439 5706 imperatoris
1460 5630 1762 5689 assensum
1791 5630 1979 5703 signi-

377 5720 568 5762 cavcri
602 5748 618 5764 .

2187 5556 2276 5700 68;
2304 5556 2372 5612 V.
2407 5557 2562 5612 dicta
2589 5559 2658 5612 ad
2702 5576 2756 5628 p.
2793 5559 2913 5616 161.

2187 5627 2252 5682 69
2303 5628 2379 5686 M.
2412 5627 2503 5682 καὶ
2530 5630 2630 5692 τῆς
2661 5637 2843 5700 θερμ.,
2875 5646 2911 5700 q

2183 5627 2274 5700 69)
2303 5628 2379 5686 M.
2412 5627 2503 5682 καὶ
2530 5630 2630 5692 τῆς
2661 5627 2843 5702 θέρμη
2875 5629 3030 5701 quod
3071 5628 3339 5685 lacunam
3372 5629 3585 5702 prodit.
