4138 6212
382 452 501 515 563

1396 446 1925 509 GONSTANTINI
1970 445 2671 508 PORPHYROGENITI

3663 450 3784 509 564

386 585 670 659 spatharii
700 584 917 656 pariter
946 583 1203 640 scutaria
1232 590 1285 640 et
1310 584 1595 641 dextralia
1624 588 1875 659 gestant.
1906 587 2026 640 Ma-

2154 580 2574 658 Ξηρίγευόμενος
2610 581 2637 635 6
2709 579 2965 657 βασιλεὺς
3023 581 3124 636 ὑπὸ
3197 586 3307 639 τῶν
3363 582 3781 660 προρρηθέντων

384 675 566 744 gister
586 673 1035 729 cerimoniarum
1070 675 1127 729 in
1163 675 1353 730 medio
1384 691 1609 745 eorum,
1642 674 1741 746 qui
1773 674 2025 745 impera-

288 806 293 807 κ
388 772 572 818 torem
596 761 910 833 excipiunt,
934 766 1131 829 stat,et
1154 768 1461 835 postquam
1484 780 1689 820 omnes
1711 764 2029 820 adorarunt

389 868 454 907 ac
486 868 690 907 rursus
723 868 1158 920 consurrexere,
1190 854 1539 926 praepositus
1568 871 1599 909 a
1631 852 1906 909 mandato
1938 868 2029 909 ce-

388 939 727 996 rimoniario
758 940 995 1015 signum
1030 942 1164 998 dat:
1201 942 1293 999 hic
1324 943 1499 1000 dicit:
1536 965 1565 994 «
1594 943 1819 999 Jubete.
1860 961 1885 994 ν

2135 670 2418 746 ἀρχόντων
2449 675 2546 726 τοῦ
2577 667 2999 741 κουϐουκλείου,
3041 670 3316 747 ἐξέρχεται
3348 670 3400 727 ἐν
3436 678 3515 746 τῷ
3565 671 3785 749 ἡλιακῷ

2136 762 2223 816 καὶ
2252 758 2469 816 ’ίσταται
2516 760 2567 817 ἐν
2641 765 2723 835 τῷ
2779 764 3047 837 πορφυρῷ
3102 759 3264 835 λίθῳ,
3332 764 3421 818 καί
3479 765 3785 839 παραυτίκα

2141 850 2193 904 οἳ
2217 871 2274 904 τε
2304 850 2580 925 πατρίκιοι
2611 849 2699 905 καὶ
2734 852 3033 927 στρατηγοὶ
3062 849 3151 905 καὶ
3193 853 3227 920 ἡ
3278 851 3589 929 σύγκλητος
3644 859 3789 909 πᾶτα

2141 938 2424 1009 πίπτουσι,
2466 940 2555 995 καὶ
2606 936 2824 995 ὄπισθεν
2864 938 3042 996 αὐτῶν
3088 938 3339 996 ’ίστανται
3381 943 3791 1018 πρωτοσπαθά-

389 1047 521 1103 ριοι,
579 1027 1137 1105 σπαθαροκανδιδάτοι
1184 1032 1275 1085 καὶ
1344 1031 1654 1107 σπαθάριοι,
1716 1032 1767 1086 οἱ
1820 1031 1916 1104 μὲν
1966 1031 2449 1108 πρωτοσπαθάριοι
2518 1030 2809 1106 φοροῦντῖς
2867 1030 2932 1085 τὰ
2998 1029 3261 1103 μανιάκια
3329 1032 3535 1103 αὐτῶν,
3597 1035 3792 1108 βαστά-

392 1123 572 1187 ζοντες
657 1121 746 1175 καὶ
805 1120 872 1175 τὰ
921 1119 1298 1176 σπαθοὸάκλια
1350 1121 1551 1193 αὐτῶν,
1612 1122 1663 1176 o't
1722 1118 1779 1176 δὲ
1838 1116 2389 1196 σπαοαροκανὸιδάτοι
2446 1120 2513 1175 τὰ
2591 1119 2848 1193 μανιάκια
2929 1119 3125 1191 αὐτῶν,

3207 1120 3531 1195 βαστάζουσι
3593 1119 3650 1177 δὲ
3700 1122 3791 1178 καὶ

388 1212 705 1287 σκουτόίρια,
756 1210 1015 1271 ὡσαύτως
1053 1211 1143 1266 καὶ
1212 1212 1263 1267 οἶ
1322 1213 1613 1288 σπαθάριοι
1673 1212 1966 1284 σκουτάρια
2029 1211 2117 1265 καὶ
2182 1206 2487 1283 διστράλια.
2542 1211 2784 1267 Ἷσταται
2841 1207 2898 1265 δὲ
2947 1210 2974 1265 ὁ
3032 1217 3131 1280 τῆς
3179 1210 3557 1275 κασαστάσεως
3585 1210 3665 1274 εἷς
3693 1215 3794 1283 τὴν

393 1296 564 1371 μέσην
595 1306 695 1370 τῆς
729 1297 926 1377 δοχῆς,
966 1298 1055 1354 καὶ
1101 1297 1191 1370 δὴ,
1226 1301 1299 1363 ὠς
1356 1300 1702 1378 προείρηται,
1760 1300 2249 1375 προσκυνησάντων
2278 1298 2494 1354 πάντων
2543 1298 2633 1354 καὶ
2668 1297 3029 1370 ἀναστάντων,
3062 1298 3202 1354 νεύει
3236 1300 3263 1355 6
3294 1301 3654 1375 πραιπόσιτος
3685 1302 3790 1357 ἀπὸ

386 1385 690 1451 κελεύσεως
720 1392 799 1461 τῷ
828 1395 927 1459 τῆς
959 1388 1356 1458 καταστάσεως,
1379 1392 1627 1454 κάκεῖνος
1654 1387 1820 1465 λέγει·
1850 1413 1876 1439 ‹‹
1911 1385 2228 1446 Κελεύσατε,
2253 1411 2281 1440 ››

460 1479 583 1534 VII.
617 1479 849 1535 Patricii
883 1484 939 1535 et
988 1482 1222 1553 strategi
1263 1498 1394 1539 cum
1441 1485 1648 1538 senatu
1678 1486 1734 1537 et
1763 1477 2034 1536 consula-

392 1568 554 1623 ribus
583 1568 821 1637 abeunt,
856 1575 933 1639 et,
967 1578 1029 1626 ut
1058 1569 1336 1639 diximus,
1371 1571 1431 1626 in
1480 1585 1586 1627 sua
1616 1570 1863 1626 statione
1894 1583 2037 1623 con-

392 1657 630 1727 sistunt,
659 1658 1105 1714 cerimoniarius
1143 1675 1276 1714 vero
1326 1657 1708 1714 rbosthelium
1743 1673 1844 1730 pro
1877 1670 2037 1713 more

393 1744 549 1816 facit,
582 1750 638 1803 et
668 1747 1002 1819 imperatori
1046 1748 1245 1816 tradit,
1276 1748 1592 1821 statimque
1640 1744 2036 1803 cubicularius

394 1840 712 1906 praecentor
760 1837 1091 1903 fenestram,
1142 1855 1270 1911 quae
1320 1855 1493 1912 super
1537 1838 1813 1911 pectorali
1859 1856 2037 1910 prope

2217 1482 2284 1534 Z'.
2318 1475 2419 1534 Καὶ
2454 1477 2505 1532 οἱ
2538 1476 2649 1551 ἶμέν
2706 1477 2982 1552 πατρίκιοι
3030 1475 3120 1533 καί
3163 1479 3463 1557 στρατηγοὶ
3520 1480 3655 1554 μετά
3691 1487 3791 1552 τῆς

2152 1565 2467 1642 συγκλήτου
2496 1566 2583 1621 καὶ
2617 1570 2724 1621 τῶν
2761 1566 3034 1621 ὑπατικῶν
3069 1566 3422 1643 ἀπέρχονται,
3472 1571 3561 1624 καὶ
3607 1571 3794 1624 ἳσταν-

2144 1673 2256 1724 ται,
2297 1654 2373 1716 ὡς
2434 1651 2684 1729 ἀνωτέρω
2725 1653 2958 1730 εἴρηται,
3000 1653 3051 1709 ἐν
3115 1659 3185 1730 τῇ
3210 1654 3386 1710 αὑτῶν
3406 1656 3626 1731 [στάσειο
3661 1659 3688 1712 6
3733 1655 3793 1713 δὲ

2144 1743 2247 1807 τῆς
2289 1742 2666 1805 καταστάσεως
2704 1744 2937 1813 ποιήσας
2962 1743 3026 1799 τὸ
3068 1743 3385 1819 ῥωσθέλιον,
3418 1746 3489 1809 ὡς
3556 1744 3789 1802 εἴθισται

2149 1828 2317 1902 ατῷὐ,
2383 1827 2667 1886 ἐπιδίδωσι
2722 1836 2802 1903 τῷ
2849 1830 3084 1907 βασιλεῖ,
3125 1834 3215 1887 καὶ
3264 1835 3565 1910 παραυτίκα
3602 1835 3629 1889 6
3677 1858 3794 1910 φω-

392 1923 673 1980 thronum
704 1925 814 1982 sub
844 1907 1199 1983 camelaucio
1231 1931 1339 1997 est,
1374 1926 1579 2000 aperit,
1613 1928 1768 1983 unde
1794 1928 2039 2000 impera-

2154 1913 2383 1982 νοϐόλος
2443 1916 2900 1995 κουϐικουλάριος
2964 1920 3203 2000 ἐφαπλοῖ
3255 1907 3789 2000 τὸνπαρακυπτικὸν

395 2017 489 2069 tor
532 2013 812 2086 populum
856 2019 965 2084 ter,
1016 2015 1101 2072 uti
1150 2017 1314 2085 solet,
1366 2017 1583 2090 signat,
1616 2020 1673 2073 et
1721 2016 1780 2073 in
1832 2016 2039 2075 throno

396 2103 655 2159 considet
680 2120 693 2159 :
723 2104 1096 2174 demarchus,
1121 2107 1261 2161 dum
1296 2106 1565 2179 pulsatur
1588 2121 1892 2179 organum,
1926 2123 2041 2163 ma-

397 2202 512 2258 gna
558 2203 695 2244 voce
725 2188 1008 2245 exclamat
1039 2206 1053 2245 :
1106 2212 1134 2241 «
1165 2194 1425 2247 Sanctus.
1460 2212 1487 2242 ››
1540 2191 1914 2265 Prsapositus,
1949 2190 2041 2248 si-

396 2290 507 2347 gno
538 2275 611 2330 ab
636 2275 985 2349 imperatore
1016 2284 1272 2352 accepto,
1296 2280 1595 2353 prospicit,
1629 2285 1830 2355 terque
1863 2295 2041 2338 manu

398 2367 625 2435 annuit,
660 2382 775 2439 quo
805 2367 976 2435 facto,
1009 2369 1164 2424 170
1195 2385 1480 2442 organum
1522 2369 1675 2442 silet,
1717 2375 1775 2427 et
1821 2370 2041 2444 princi—

398 2469 499 2526 pes
531 2454 798 2513 factionis
828 2457 1115 2514 solemnia
1143 2475 1391 2534 quaeque
1421 2464 1722 2532 peragunt.
1748 2462 1883 2517 Post
1913 2461 2039 2516 fau-

400 2547 489 2597 sta
520 2545 716 2600 omina
746 2549 801 2601 et
831 2544 992 2603 laetas
1044 2546 1490 2604 acclamationes
1522 2565 1806 2621 organum
1838 2550 2039 2621 pulsa-

401 2637 529 2698 tur;
555 2635 783 2688 tacente
810 2649 897 2703 eo,
925 2635 1176 2706 populus
1208 2635 1559 2707 apelaticum
1592 2636 1835 2694 orditur.
1866 2637 2041 2693 Porro

401 2721 943 2795 praepositus,signo
966 2724 1038 2778 ab
1062 2724 1410 2797 imperatore
1433 2726 1588 2794 dato,
1611 2726 2038 2789 cerimoniario.

399 2809 496 2864 hic
526 2816 777 2881 quatuor
823 2811 1154 2868 comesticis
1201 2828 1599 2885 numerorum,
1653 2818 1718 2871 ut
1767 2830 1895 2871 mos
1934 2822 2042 2885 est,

401 2898 633 2969 annuit,
665 2899 765 2971 qui
798 2899 857 2955 in
892 2899 1146 2973 phialam
1180 2902 1565 2973 descendunt,
1592 2904 1768 2976 inque
1811 2921 1917 2961 suo
1948 2921 2044 2961 or-

402 2988 538 3044 dine
567 2989 916 3046 consistunt.
951 2990 1160 3047 Finitis
1192 2990 1515 3063 apelaticis,
1542 3008 1826 3066 organum
1858 3000 2039 3051 sonat.

400 3093 582 3149 eoque
610 3084 893 3151 cessante,
929 3081 1252 3138 factionarii
1290 3081 1594 3141 tetralecta
1624 3087 1683 3140 et
1711 3083 2045 3157 augustalia

399 3167 671 3233 recitant,
704 3169 956 3241 posthaec
980 3171 1157 3228 iidem
1187 3186 1324 3228 voce
1354 3178 1595 3229 canunt.
1619 3174 1874 3239 Quorum
1908 3190 2041 3229 cum

2150 2008 2375 2085 ὓπερθεν
2417 2012 2514 2064 τοῦ
2541 2006 2693 2074 ὄντος
2725 2010 2828 2065 ὑπὸ
2859 2014 2955 2065 τοῦ
2984 2009 3358 2085 καμελαυκίου
3408 2016 3519 2089 (70)
3564 2015 3793 2085 στηθέΟυ

2150 2092 2456 2172 ἔμπροσθεν
2494 2102 2591 2154 τοῦ
2634 2101 2878 2171 σέντζου,
2936 2102 3027 2155 καὶ
3084 2101 3506 2180 κατασφραγίζει
3574 2104 3602 2158 6
3647 2103 3796 2179 βασι-

2152 2186 2277 2249 λεὺς
2306 2187 2398 2242 τὸν
2425 2186 2556 2243 λαθν
2596 2186 2656 2243 ἐκ
2682 2188 2889 2265 τρίτου,
2937 2190 3011 2252 ὡς
3055 2187 3279 2246 εἷ’θισται
3321 2192 3492 2264 αὐτῷ,
3523 2192 3613 2248 καὶ
3670 2203 3797 2257 καθ-

2152 2274 2323 2345 έζεται
2369 2274 2455 2331 ἔπὶ
2504 2275 2599 2331 τοῦ
2650 2281 2887 2348 σέντζου,
2946 2278 3037 2333 καὶ
3082 2278 3278 2343 εὐθέως
3368 2282 3395 2336 6
3482 2279 3794 2359 δήμαρχος,

2152 2362 2452 2428 αὐλοῦντος
2508 2368 2596 2421 καὶ
2643 2371 2740 2422 τοῦ
2791 2367 3045 2444 ὀργάνου,
3078 2369 3364 2444 ἆνακράζει
3399 2370 3653 2447 μεγάλως
3710 2372 3794 2441 τὸ,

2156 2479 2184 2507 ‹‹
2223 2456 2439 2529 Ἀγιος.
2488 2480 2516 2507 ››
2550 2451 2744 2510 Λαϐὼν
2778 2454 2835 2511 δὲ
2864 2458 3036 2530 νεῦμα
3075 2458 3102 2511 ὁ
3134 2456 3493 2533 πραιπόσιτος
3526 2462 3672 2537 παρὰ
3698 2466 3797 2516 τοῦ

2157 2541 2425 2618 βασιλέως
2481 2544 2571 2598 καὶ
2637 2545 2982 2621 παρακύψας,
3038 2548 3174 2602 νεύει
3228 2545 3316 2603 διὰ
3353 2555 3452 2618 τῆς
3502 2550 3687 2625 χειρὸς
3736 2548 3800 2606 ἐκ

2153 2630 2364 2702 τρίτου,
2396 2630 2485 2686 καὶ
2534 2634 2690 2687 παύει
2740 2632 2803 2687 τὸ
2843 2628 3093 2709 ὄργανον.
3129 2633 3436 2699 Παύσαντος
3478 2634 3535 2692 δὲ
3572 2641 3669 2692 τοῦ
3701 2638 3797 2710 6p-

2151 2720 2337 2797 γάνου,
2372 2724 2637 2798 ἄρχονται
2671 2723 2725 2799 o't
2781 2725 2876 2778 τοῦ
2920 2723 3120 2799 μέρους
3172 2722 3411 2781 ἐκτελεῖν
3465 2729 3531 2782 τά
3588 2731 3794 2798 συνήθη

2155 2810 2380 2869 ἅπαντα.
2422 2812 2863 2889 Εὐφημήσαντος
2906 2810 2961 2867 δὲ
3020 2816 3117 2867 τοῦ
3167 2816 3369 2890 μέρους
3418 2815 3507 2870 καὶ
3553 2816 3798 2893 ἐκφωνῆ-

2156 2921 2367 2969 σαντος,
2420 2899 2578 2957 αὐλεῖ
2614 2902 2678 2957 τὸ
2710 2902 2963 2978 ύργανον,
3012 2903 3102 2957 καὶ
3143 2902 3442 2968 παύσαντος
3482 2904 3667 2975 αὐτοῦ,
3700 2904 3799 2982 ἄρ-

2157 3008 2313 3065 χεται
2344 2988 2571 3065 ὁδῆμος
2616 2990 2708 3046 τὸν
2737 2989 3084 3049 ἀπελατικόν.
3131 2992 3235 3050 Καὶ
3280 2990 3477 3058 εὐθέως
3529 2990 3799 3069 λαμϐάνει

2153 3083 2322 3154 νεῦμα
2387 3081 2414 3134 6
2473 3077 2833 3154 πραιπόσιτος
2888 3080 3033 3156 παρᾶ
3061 3084 3157 3136 τοῦ
3208 3080 3500 3156 βασιλέως,
3532 3086 3622 3139 καί
3654 3086 3797 3141 νεύει

2154 3171 2233 3239 τῷ
2280 3174 2379 3238 τῆς
2434 3168 2834 3239 καταστάσεως,
2874 3169 3124 3234 κάκεῖνος
3182 3173 3310 3246 ςτοῖς
3376 3173 3625 3249 τέσσάρσι
3683 3178 3800 3248 (71)

400 3256 528 3312 ﬁeri
557 3257 791 3315 initium
827 3260 1019 3328 debet,
1064 3261 1505 3318 cerimoniarius
1551 3278 1584 3318 a
1624 3264 1932 3336 praeposito
1964 3261 2039 3317 si-

2155 3255 2499 3331 δομεστίκοις
2527 3264 2636 3313 τῶν
2692 3260 3006 3333 ταγμάτων,
3056 3259 3130 3323 ὡς
3178 3261 3313 3316 κατὰ
3366 3264 3667 3337 συνήθειαν,
3707 3264 3800 3320 καὶ

401 3359 584 3414 gnum
617 3346 829 3417 accipit
883 3355 937 3402 et
994 3348 1331 3404 consulares
1388 3350 1684 3417 admonet,
1743 3350 1857 3423 ipsi
1913 3364 2044 3405 vero

403 3430 618 3487 abeunt
654 3432 726 3489 ad
757 3450 1002 3491 aureum
1033 3435 1377 3508 triclinium,
1408 3437 1511 3492 ubi
1540 3437 1744 3494 ordine
1770 3454 1878 3493 suo
1908 3454 2046 3495 con-

404 3519 641 3577 sistunt.
688 3526 829 3579 Post
875 3528 1115 3581 cantum
1166 3526 1482 3597 imperator
1520 3526 1727 3600 surgit,
1760 3543 2045 3601 organum

407 3610 699 3684 pulsatur,
730 3612 1042 3685 imperator
1097 3630 1246 3685 pone
1302 3612 1602 3684 thronum,
1653 3622 1687 3672 a
1729 3621 1887 3690 tergo
1919 3617 2046 3690 ejus

407 3701 665 3759 eunuchi
713 3702 1161 3776 protospatharii
1192 3703 1252 3759 in
1298 3705 1651 3777 mutatoriis,
1683 3710 1820 3763 ante
1850 3706 2044 3778 ipsum

395 3792 651 3865 praefecti
682 3791 949 3850 cubiculo
972 3793 1043 3850 ab
1066 3796 1313 3866 utroque
1335 3794 1514 3851 latere
1542 3812 1676 3851 cum
1708 3796 1970 3868 patriciis
1992 3800 2049 3853 et

396 3882 670 3956 strategis
692 3884 761 3940 ad
789 3887 1017 3956 portam
1043 3900 1231 3958 usque
1252 3883 1311 3940 in
1333 3900 1577 3943 aureum
1603 3884 1923 3943 triclinium
1946 3888 2048 3943 du-

396 3976 621 4030 centem
645 3976 823 4029 stant.
852 3972 1224 4047 Pmpositus,
1239 3975 1406 4048 signo
1425 3975 1497 4030 ab
1518 3974 1868 4050 imperatore
1890 3993 2047 4036 acce-

392 4061 939 4134 pto,cubicularium
957 4066 1369 4137 praecentorem
1390 4064 1664 4133 monet,is
1685 4064 2045 4137 prospiciens

390 4159 477 4209 ter
507 4168 685 4208 manu
715 4151 931 4224 populo
963 4150 1192 4221 annuit,
1224 4168 1561 4227 organoque
1593 4157 1651 4210 et
1686 4154 2045 4211 factionariis

391 4241 725 4310 silentibus,
758 4240 979 4314 precari
1011 4240 1255 4314 incipit:
1304 4263 1331 4290 ‹‹
1367 4241 1753 4315 Omnipotens
1799 4248 1855 4300 et
1884 4243 2046 4301 dives

392 4330 794 4385 misericordia
837 4329 1012 4398 Deus,
1061 4334 1173 4386 etc.
1228 4352 1256 4380 »
1308 4331 1431 4395 Quo
1487 4330 1675 4403 finito,
1720 4331 2046 4389 factionarii

394 4422 643 4488 quatuor
674 4418 967 4475 solemnes
999 4418 1308 4489 petitiones
1344 4419 1680 4489 instituunt,
1704 4436 1952 4491 quarum
1981 4426 2046 4478 ut

395 4510 530 4564 data
559 4508 728 4580 copia
757 4514 865 4575 est,
890 4508 1206 4579 imperator
1236 4509 1572 4581 praposito,
1591 4507 1685 4564 hic
1705 4512 2045 4583 praecentori

2155 3345 2503 3413 κατελθόντες
2550 3344 2796 3403 ’ίστανται
2842 3350 2989 3405 κάτω
3037 3346 3091 3405 ἓν
3135 3352 3203 3424 τῇ
3261 3350 3430 3426 φιάλῃ
3464 3352 3528 3425 ,ἐν
3558 3356 3626 3427 τῇ
3658 3354 3801 3423 τάξει

2156 3435 2353 3496 αὐτῶν.
2420 3434 2788 3494 Τελεσθέντων
2859 3436 2917 3493 δὲ
2961 3442 3069 3494 τῶν
3131 3437 3493 3512 ἀπελατικῶν,
3544 3439 3703 3497 αὐλεῖ
3738 3444 3801 3498 τὸ

2157 3519 2412 3602 ὄργανον,
2444 3525 2534 3580 καὶ
2581 3532 2883 3590 παύσαντος
2938 3527 3123 3599 αὐτοῦ,
3177 3525 3427 3605 λέγουσιν
3479 3530 3531 3585 οῖ
3567 3535 3663 3587 τοῦ
3713 3530 3805 3605 μέ-

2158 3633 2287 3689 ρους
2347 3614 2417 3670 τὰ
2470 3612 2802 3692 τετράλεκτα
2842 3615 3287 3693 ἀκτολογοῦντες,
3347 3617 3572 3698 λέγουσι
3612 3618 3668 3676 δὲ
3709 3621 3801 3677 καί

2157 3704 2547 3780 αὐγουστιακὰ,
2605 3702 2697 3760 καὶ
2736 3703 2945 3761 τούτων
2991 3706 3367 3776 τελεσθέντων,
3428 3705 3686 3785 ἄρχονται
3747 3711 3799 3765 ci

2156 3792 2313 3848 αὐτοῖ
2344 3800 2442 3863 τῆν
2476 3793 2682 3872 φωνήν.
2716 3792 2910 3850 Ἡνίκα
2957 3788 3013 3849 δὲ
3044 3795 3289 3871 ἄρξηται,
3323 3792 3589 3871 λαμϐάνει
3628 3802 3800 3872 νεῦμα

2157 3882 2185 3937 6
2224 3883 2322 3951 τῆς
2356 3883 2733 3944 καταστάσεως
2770 3882 2916 3957 παρά
2951 3887 3049 3937 τοῦ
3088 3885 3472 3958 πραιποσίτου,
3520 3885 3609 3941 καί
3659 3888 3799 3944 νεύεὶ

2155 3979 2272 4036 τοῖς
2303 3974 2610 4044 ὑπατικοῖς,
2650 3970 2804 4029 αὒτοὶ
2866 3969 2922 4029 δὲ
2970 3971 3322 4047 ἀπελθόντες,
3355 3975 3693 4053 είσέρχονται
3743 3977 3796 4035 έν

2153 4067 2232 4136 τῷ
2273 4062 2737 4139 χρυσοτρικλίνῳ,
2759 4063 2849 4117 καὶ
2889 4060 3138 4119 ’ίστανται
3167 4061 3340 4120 ἐκεῖσε
3370 4066 3421 4121 ἐν
3452 4070 3572 4131 ταῖς
3620 4065 3799 4123 αὐτῶν

2152 4151 2351 4223 τάξεσι*
2383 4150 2727 4221 τελεσθείσης
2759 4150 2817 4206 δὲ
2860 4158 2962 4222 τῆς
3018 4159 3226 4231 φωνῆς,
3281 4152 3557 4210 ἀνίσταται
3615 4157 3644 4212 6
3698 4157 3800 4233 βα-

2157 4238 2359 4309 σιλεὺς,
2381 4239 2472 4295 καὶ
2529 4237 2687 4294 αὐλεῖ
2721 4241 2782 4295 τὸ
2834 4235 3087 4317 ὄργανον,
3119 4242 3209 4296 καὶ
3234 4238 3452 4298 ἵσταται
3481 4244 3509 4298 6
3545 4242 3801 4319 βασιλεὺς

2156 4331 2370 4384 οπισθεν
2410 4332 2507 4384 τοῦ
2566 4327 2806 4398 σὲντζου,
2855 4329 2943 4383 καὶ
2996 4327 3172 4385 ὀπίσω
3212 4331 3378 4386 αὐτοῦ
3429 4330 3676 4387 ’ίστανται
3716 4332 3802 4389 εύ-

2153 4422 2351 4493 νοῦχοι
2409 4414 2894 4492 πρωτοσπαθάριοι
2945 4414 3308 4495 ἡλλαγμένοι,
3350 4420 3438 4476 καί
3498 4418 3798 4497 ἔμπροσθεν

2155 4508 2320 4567 αὐτοῦ
2343 4506 2589 4564 ’ίστανται
2631 4506 2903 4585 ἄρχοντες
2933 4514 3031 4563 τοῦ
3087 4506 3483 4567 κουόουκλείου
3528 4508 3675 4578 ἔνθεν
3733 4514 3803 4569 κά

362 4598 619 4677 ‘annuit,
652 4598 701 4653 is
732 4613 908 4654 manu
942 4601 1029 4654 ter
1057 4598 1283 4667 annuit,
1316 4597 1488 4668 idque
1520 4598 1589 4654 ad
1621 4597 1885 4671 singulas
1914 4617 2039 4675 pre-

2161 4602 2308 4654 κεῖσε
2368 4597 2504 4671 μετά
2534 4596 2836 4671 πατρικίων
2879 4618 2938 4654 τε
2994 4600 3083 4653 καὶ
3143 4606 3461 4678 στρατηγῶν
3507 4601 3672 4678 μέχρι
3702 4610 3803 4673 τῇς

390 4686 666 4756 cationes,
702 4691 768 4743 ut
794 4702 971 4759 supra
999 4686 1278 4757 diximus,
1312 4688 1539 4761 repetit.

2155 4686 2478 4763 είσαγούσης
2508 4685 2693 4758 πύλης
2733 4688 2784 4744 ἓν
2834 4692 2913 4761 τῷ
2944 4686 3409 4768 χρυσοτρικλίνῳ,
3464 4692 3570 4747 Καὶ
3616 4688 3799 4749 λαϐὼν

386 4778 557 4850 νεῦμα
605 4776 633 4831 6
680 4773 1040 4851 πραιπόσιτος
1077 4774 1223 4851 παρά
1279 4778 1375 4831 τοῦ
1457 4775 1748 4851 βασιλέως,
1810 4774 2001 4833 δίδωσι
2068 4782 2242 4853 νεῦμα
2307 4771 2757 4851 κουϐικουλαρίῳ
2809 4781 2891 4851 τῷ
2949 4773 3279 4857 φωνοϐόλῳ,
3356 4780 3603 4843 κάκεῖνος
3684 4802 3799 4836 πα-

390 4865 653 4940 ρακύψας,
720 4864 860 4920 νεύει
919 4864 979 4921 έκ
1030 4863 1214 4940 τρίτου
1270 4869 1349 4940 τῷ
1407 4864 1526 4940 λαῷ
1567 4863 1655 4922 διὰ
1702 4873 1804 4939 τῆς
1860 4867 2071 4945 χειρὸς,
2128 4867 2220 4924 καί
2271 4864 2426 4921 παύει
2484 4867 2546 4921 τὸ
2607 4863 2857 4941 ὄργανον,
2884 4864 2978 4920 σὺν
3015 4865 3159 4939 αὐτῷ
3206 4866 3298 4922 καὶ
3353 4869 3407 4923 οἱ
3446 4873 3544 4924 τοῦ
3578 4871 3798 4945 μέρους,

387 4955 478 5010 καὶ
546 4955 573 5009 6
621 4950 940 5036 φωνοϐόλος
981 4953 1153 5031 λέγει’
1216 4978 1246 5007 (ι
1305 4956 1367 5013 Ὀ
1427 4954 1841 5033 παντοδύναμος
1898 4958 1990 5014 καὶ
2055 4956 2362 5019 πολυέλεος
2410 4956 2563 5027 Θεὸς,
2616 4957 2860 5011 »καιτά
2906 4956 3051 5028 ἑξῆς.
3085 4956 3189 5014 Καὶ
3244 4956 3564 5021 τελέσαντος
3608 4957 3800 5029 αὐτοῦ,

391 5047 655 5121 ἄρχονται
705 5046 756 5099 οἱ
804 5046 901 5100 τοῦ
961 5044 1481 5119 μέρουςξαίτεῖσθαι
1535 5048 1632 5109 τὰς
1676 5050 1925 5120 συνήθεις
1983 5045 2242 5123 τέσσαρας
2313 5044 2581 5117 αἶ’τήσεις,
2639 5046 2731 5099 καὶ
2788 5042 2997 5101 τούτων
3039 5044 3203 5122 πέρας
3271 5045 3603 5125 εἰληφότων,
3659 5049 3798 5119 νεύὲι

387 5139 415 5191 6
451 5134 703 5212 βασιλεὺς
734 5140 814 5208 τῷ
841 5137 1237 5211 ιπραιποσίτῳ,
1277 5137 1525 5199 κάκεῖνος
1582 5142 1661 5211 τῷ
1708 5136 2041 5213 φωνοϐόλῷ,
2100 5138 2347 5198 κάκεῖνος
2407 5136 2713 5191 συντίθεται
2755 5133 2845 5191 διὰ
2893 5143 2991 5206 τῆς
3050 5138 3259 5213 χειρὸς,
3293 5137 3352 5193 ἐκ
3405 5140 3590 5213 τρίτου
3635 5144 3797 5197 τοῦτο

382 5225 585 5282 τελεῶν
614 5228 731 5281 καθ’
763 5226 991 5296 ἑκάστην
1018 5223 1253 5297 αἴτησιν,
1285 5228 1359 5287 ὡς
1390 5226 1645 5301 ἀνωτέρω
1677 5226 1915 5305 εἷ’ρηται.

1416 5328 1619 5385 JOAN.
1650 5329 1797 5386 JAC.
1839 5327 2091 5384 REISKII
2131 5327 2717 5385 COMMENTARIUS.

455 5435 566 5518 (70)
629 5435 780 5518 Dicit
834 5434 932 5491 hic
988 5437 1212 5517 auctor,
1271 5435 1561 5518 pectorale
1613 5439 1715 5492 aut
1743 5434 2031 5518 cancellos

383 5505 685 5580 mreniani,
710 5507 967 5580 adeoque
990 5505 1347 5580 moenianum
1371 5505 1589 5580 ipsum,
1614 5523 1643 5562 e
1667 5525 1781 5580 quo
1806 5507 2031 5579 prospi-

383 5579 643 5635 ciebatur
670 5582 727 5634 in
760 5578 998 5645 circum,
1023 5578 1205 5633 fuisse
1226 5577 1336 5634 sub
1368 5577 1742 5637 camelaucio.
1782 5577 2031 5650 Apparet

382 5656 612 5723 tegmen
654 5650 825 5723 illud,
866 5650 1156 5723 maeniana
1206 5650 1639 5723 superpositum
1684 5650 2029 5723 (umbellam

384 5721 486 5778 au't
517 5722 839 5779 meniscum
862 5721 1161 5794 appelles),
1185 5722 1335 5793 quod
1360 5721 1617 5794 pluviam
1641 5721 1936 5794 salemque
1958 5721 2028 5777 ab

386 5811 451 5850 eo
484 5800 721 5863 arceret,
756 5796 937 5851 fuisse
978 5794 1399 5850 camelaucium
1452 5803 1754 5867 propterea
1781 5795 2028 5864 dictum,

2142 5434 2295 5507 quod
2330 5436 2406 5490 ita
2436 5436 2791 5492 mosnianum
2824 5436 3062 5507 tegeret,
3082 5437 3148 5491 ut
3166 5436 3584 5495 camelaucium
3616 5446 3791 5507 caput

2139 5505 2319 5579 tegit;
2372 5509 2691 5578 praasertim
2734 5507 2781 5562 si
2831 5505 3072 5563 haberet
3109 5517 3204 5563 aut
3251 5508 3658 5579 orbicularem,
3693 5505 3791 5565 aut

2141 5580 2398 5634 conicam
2434 5580 2706 5651 figuram.

2210 5650 2533 5726 (_7l)_Erar_it
2576 5650 2730 5726 enim
2773 5651 3023 5726 quatuor
3054 5652 3339 5726 _tagmata,
3383 5668 3629 5726 quorum
3662 5650 3787 5706 sin-

2210 5666 2325 5724 (u)
2359 5666 2533 5706 rurant
2576 5666 2730 5706 enim
2773 5666 3023 5721 quatuor
3066 5666 3339 5778 tagmata,
3383 5668 3629 5726 quorum
3662 5667 3787 5706 sin-

2140 5721 2281 5846 gula
2308 5720 2569 5846 singulos
2601 5721 2952 5804 domesticos
2976 5720 3124 5803 habe
3171 5729 3309 5779 aut:
3343 5724 3575 5793 scholae,
3610 5739 3787 5779 excu-

2182 5800 2377 5846 ltores.
2452 5805 2660 5846 icanau
2685 5797 2741 5846 et
2771 5808 3019 5846 numeri.

2182 5794 2377 5863 itores,
2409 5793 2660 5848 bicanati
2685 5797 2741 5846 et
2771 5793 3019 5847 numeri.
