4138 6212
407 425 522 488 573

1244 431 1345 491 DE
1391 427 1842 494 CERIMONIIS
1885 430 2126 494 AULIE
2165 431 2657 496 BYZANTINIE
2698 435 2849 496 LIB.
2895 435 2941 496 Ι.

3691 436 3811 502 874

409 555 769 634 λαττομὲνης·
805 561 1054 616 ἱστῶτων
1088 555 1145 615 δὲ
1198 561 1308 615 τῶν
1334 558 1616 640 ἀρχόντων
1670 565 1768 616 τοῦ
1823 556 2054 617 κουϐου-

2171 566 2384 621 astant.
2409 563 2784 638 Prepositus,
2806 566 2974 640 signo
3002 566 3072 622 ab
3093 566 3442 640 imperatore
3457 570 3608 638 dato,
3629 572 3808 628 ostia-

405 645 594 703 κλείου
636 642 784 704 ἔνθεν
832 647 1068 720 κάκεῖσε,
1095 649 1146 705 o't
1197 645 1914 726 σπαθαροκουϐικουλάριοι,
1963 649 2055 706 καὶ

407 738 460 792 ot
517 733 967 814 κουϐικουλάριοι
1017 735 1266 794 ἵστανται
1325 733 1544 794 ὅπισθεν
1611 743 1719 794 τῶν
1768 738 2051 817 ἀρχόντων

405 831 502 882 τοῦ
523 823 936 896 κουϐουκλείου,
965 828 1016 883 οἱ
1041 827 1138 901 μὶν
1181 826 1232 884 ἓν
1274 832 1343 904 τῇ
1376 830 1558 905 κόγχῃ
1618 831 1814 895 ἄνωθεν
1866 829 1941 892 εἷς
1989 830 2052 886 τὸ

410 913 728 991 βάθμίδιον,
761 918 814 972 οἱ
853 914 911 972 δὲ
941 917 990 990 ἐξ
1039 917 1356 992 εὐωνύμων,
1387 918 1476 974 καὶ
1527 918 1686 974 αὐτοὶ
1734 917 1944 993 ὁμοίως
1975 918 2051 983 εἰς

401 1004 464 1059 τὸ
491 1002 803 1080 βαθμίδιον.
838 1005 940 1063 Καὶ
981 1002 1166 1063 λαϐὼν
1213 1011 1386 1081 νεῦμα
1419 1009 1445 1064 6
1500 1009 1857 1082 πραιπόσιτος
1906 1010 2054 1084 παρᾶ

400 1098 496 1149 τοῦ
556 1093 852 1169 βασιλέως,
893 1094 1032 1152 νεύει
1089 1101 1170 1169 τῷ
1226 1097 1488 1172 ὀστιαρίῳ
1517 1102 1596 1170 τῷ
1648 1097 1841 1153 ἑστῶτι
1883 1097 1960 1158 εἷς
1988 1099 2051 1154 τὸ

404 1182 604 1259 βῆλον,
635 1183 726 1238 καὶ
767 1183 972 1260 εῗσάγει
1029 1186 1350 1262 πατρικίους
1385 1187 1475 1242 καὶ
1535 1187 1901 1263 στρατηγοὺς,
1962 1188 2050 1242 καὶ

2165 653 2251 710 rio
2281 653 2341 710 in
2371 653 2500 710 velo
2531 654 2707 711 stanti
2737 655 2960 724 annuit,
2994 655 3313 727 statimque
3362 657 3414 712 is
3443 658 3716 729 patricios
3749 663 3806 715 et

2163 746 2448 814 strategos
2469 743 2732 812 adducit,
2753 745 2964 814 quibus
2983 744 3307 801 triclinium
3332 746 3612 818 ingressis
3632 747 3805 803 etad-

2164 830 2476 900 stantibus,
2501 830 2809 904 imperator
2837 849 2870 888 a
2899 833 3180 904 przei'ectis
3207 833 3476 890 cubiculo
3507 835 3802 907 adoretur,

2163 922 2521 994 signumque
2543 921 2859 994 preposito
2875 922 2992 992 dat,
3007 926 3070 978 ut
3094 937 3306 994 magna
3331 939 3469 980 voce
3490 924 3802 982 exclamet:

2164 1031 2193 1060 ‹‹
2222 1009 2462 1077 Jubete;
2498 1031 2527 1060 ››
2559 1008 2768 1082 reliqui
2801 1014 3230 1083 apprecantur:
3263 1033 3292 1062 ‹‹
3323 1013 3388 1068 In
3412 1012 3595 1068 multa
3627 1014 3804 1069 bona-

2162 1114 2273 1171 que
2296 1102 2583 1171 temppra,
2609 1119 2638 1149 η
2671 1099 2869 1172 idque,
2892 1099 3116 1172 quoties
3146 1117 3362 1157 novum
3393 1101 3586 1163 velum
3619 1103 3801 1160 intro-

2162 1187 2430 1256 mittitur,
2465 1188 2586 1245 ﬁeri
2619 1187 2784 1245 solet.
3863 1182 3868 1186 ’

403 1275 754 1332 εἰσελθόντων
831 1276 1008 1333 αὐτῶν
1067 1273 1122 1332 ἐν
1196 1277 1274 1350 τῷ
1329 1276 1594 1352 τρικλίνῳ
1668 1279 1757 1333 καὶ
1835 1277 2096 1349 στάντῶν,
2154 1282 2534 1352 προσκυνεῖται
2613 1277 2641 1332 6
2695 1276 2953 1353 βασιλεὺς
3012 1279 3115 1333 ὑπὸ
3186 1283 3298 1334 τῶν
3351 1279 3633 1356 ἀρχόντων
3705 1284 3804 1335 τοῦ

401 1363 819 1437 κουϐουκλείου,
876 1368 967 1424 καὶ
1017 1363 1284 1442 λαμϐάνει
1334 1372 1505 1444 νεῦμα
1562 1369 1590 1424 6
1652 1370 2011 1441 πραιπόσιτος
2067 1368 2238 1424 εἴπεῖν
2290 1366 2556 1442 μειζόνως
2611 1369 2694 1424 τὸ-
2753 1391 2779 1423 ε
2851 1368 3166 1426 Κελεύσατε·
3230 1394 3258 1422 ››

3318 1371 3370 1426 οἱ
3437 1369 3496 1426 6‘s
3577 1372 3801 1445 ὑπερεύ-

404 1479 599 1534 χονται
628 1458 712 1518 τὸ.
745 1481 770 1512 ε
804 1458 898 1520 Εἰς
929 1455 1176 1521 πολλοὺς
1208 1459 1297 1514 καὶ
1337 1459 1572 1538 ἀγαθοὺς
1607 1461 1862 1535 χρόνους.
1900 1484 1928 1511 ››
1961 1462 2139 1517 Τοῦτο
2159 1456 2361 1533 γίνεται
2401 1460 2522 1514 καθ’
2545 1457 2771 1530 ἑκάστην
2806 1456 2980 1537 δοχὴν
3011 1465 3108 1516 τοῦ
3144 1459 3436 1536 βασιλέως.

479 1552 551 1608 Γ’.
611 1549 741 1606 Εἶτα
795 1548 1118 1628 ίέξὲρχονται
1182 1546 1286 1620 ἳξω
1359 1554 1466 1604 τῶν
1540 1549 1788 1627 ἀργυρῶν
1855 1548 2044 1606 πυλῶν

408 1636 534 1694 ἔνθα
595 1637 810 1694 ’ίσταται
885 1639 948 1695 τὸ
1026 1637 1262 1709 σὲντζον,
1335 1638 1549 1695 κάκεῖσε
1615 1637 1879 1710 ’ίστανταῃ
1957 1639 2042 1695 καὶ

409 1725 684 1804 ἐξερχεται
733 1728 762 1783 6
825 1728 1082 1804 βασιλεὺς
1135 1727 1208 1790 εἰς
1255 1728 1354 1797 τὴν
1415 1727 1646 1806 ἀργυρᾶν
1700 1727 1908 1801 πύλην,
1958 1728 2046 1783 καὶ

407 1821 801 1892 προσκυνοῦσιν
862 1816 1022 1872 αὐτὸν
1082 1818 1276 1880 πάντες
1338 1818 1388 1872 οἳ
1447 1815 1858 1892 προειρημένοι.
1912 1817 2049 1874 Εἶτα

408 1902 593 1962 λαϐὼν
653 1910 823 1980 νεῦμα
870 1906 897 1960 6
965 1905 1324 1982 πραιπόσιτος
1385 1907 1531 1981 παρά
1597 1911 1694 1962 τοῦ
1757 1906 2047 1982 βασιλέως,

2230 1548 2333 1608 ΙΙΙ.
2376 1549 2620 1607 Posthac
2646 1566 2677 1608 ο
2707 1553 2888 1624 portis
2911 1554 3225 1624 argenteis,
3249 1554 3350 1609 ubi
3379 1555 3622 1611 thronus
3641 1570 3800 1627 repo-

2158 1640 2305 1696 situs
2337 1645 2447 1707 est,
2478 1642 2713 1712 egressi,
2745 1643 3099 1714 consistunt,
3132 1648 3189 1700 et
3217 1645 3626 1718 imperatorem
3659 1662 3800 1719 por-

2157 1731 2277 1785 tam
2307 1735 2641 1802 argenteam
2671 1731 3071 1803 ingressurum
3111 1733 3248 1790 dicti
3281 1750 3483 1792 omnes
3530 1736 3794 1806 adorant,

2156 1822 2316 1876 Tunc
2342 1820 2686 1892 praepositus
2715 1821 2952 1894 signum
2974 1823 3045 1878 ab
3067 1837 3133 1878 eo
3163 1823 3392 1896 accipit,
3411 1825 3624 1896 datque
3654 1825 3794 1882 ceri-

2160 1909 2482 1966 moniario:
2515 1909 2567 1966 is
2596 1908 2774 1966 dicit:
2809 1931 2839 1960 «
2861 1909 3090 1982 Jubete,
3122 1933 3152 1962 η
3184 1928 3507 1986 omnesque
3536 1915 3606 1970 ad
3629 1930 3798 1970 suam

405 1995 545 2052 νεύει
598 1999 680 2070 τῷ
744 2001 846 2065 τῆς
902 2016 1300 2064 καταστασεως,
1355 1994 1602 2057 κάκεῖνος
1661 1993 1832 2071 λέγει·
1885 2020 1913 2048 ι(
1947 2001 2051 2051 Κε-

2163 1999 2470 2054 stationem
2527 2003 2583 2055 et
2611 1999 2875 2057 ordinem
2930 2000 3260 2059 discedunt.
3321 1985 3799 2073 Cerimoniarius,

405 2083 657 2153 λεύσατε,
693 2107 717 2138 ι
750 2083 842 2139 καὶ
878 2083 1176 2161 ἀπέρχεται
1213 2083 1441 2149 ἕκαστος
1498 2082 1550 2140 ἐν
1589 2087 1660 2160 τῇ
1728 2081 1841 2156 ἰδίᾳ
1887 2083 2053 2140 αὐτοῦ

402 2176 550 2249 τάξει
597 2195 656 2229 τε
716 2173 808 2230 καὶ
861 2173 1063 2233 στάσει.
1122 2176 1182 2232 Ὀ
1243 2170 1300 2230 δὲ
1335 2180 1436 2243 τῆς
1485 2172 1862 2236 καταστάσεως
1893 2175 2058 2245 ποιή-

405 2287 503 2328 σας
549 2265 611 2320 τὸ
673 2261 995 2342 ῥωσθὲλιον,
1053 2264 1126 2327 ὼς
1179 2265 1408 2319 εἱθισται
1439 2262 1609 2336 αὐτῷ,
1660 2260 2051 2336 ἐπιδίδωσιτῷ

407 2351 650 2431 βασιλεῖ,
682 2353 710 2408 6
753 2349 810 2409 6i
843 2349 1102 2427 βασιλεὺς
1131 2350 1374 2410 ἀνελθὼν
1409 2350 1461 2407 ἐν
1514 2357 1594 2426 τῷ
1631 2353 1857 2426 σὲντζῳ,
1888 2371 2056 2409 κατα-

408 2443 692 2521 σφραγίζει
760 2442 852 2497 τὸν
921 2439 1052 2497 λαὸν
1103 2440 1162 2497 ὲκ
1188 2441 1397 2516 τρίτου.
1429 2442 1518 2497 καὶ
1559 2442 1857 2511 καθέζεται.
1893 2443 1994 2499 Καὶ
2026 2442 2054 2499 6

409 2531 770 2610 πραιπόσιτος
809 2526 994 2586 λαϐὼν
1032 2533 1203 2605 νεῦμα
1234 2532 1379 2607 παρά
1407 2534 1503 2586 τοῦ
1538 2527 1830 2607 βασιλέως,
1878 2549 2056 2605 παρα-

410 2622 583 2696 κύψας
612 2620 864 2694 νεύειτῷ
904 2619 1022 2693 λαῷ
1066 2620 1125 2675 ὲκ
1169 2625 1214 2696 γ’
1245 2617 1334 2674 διδ.
1371 2625 1470 2689 τῆς
1531 2621 1742 2695 χειρὸς,
1783 2619 1872 2674 καὶ
1920 2621 2054 2689 ἡσυ-

409 2715 640 2788 χλζουσι
674 2710 743 2766 τὰ
773 2703 997 2785 ὄργανα,
1027 2708 1094 2763 τὰ
1133 2705 1190 2764 δὲ
1213 2705 1308 2763 δύο
1352 2708 1490 2785 μέρη
1517 2709 1614 2769 τὰς
1656 2709 1908 2780 συνήθεις
1940 2729 2053 2786 φωρ

408 2802 502 2864 νάς
531 2799 621 2855 καὶ
649 2800 921 2878 εὐφημίας
953 2797 1252 2869 ἐκτελοῦσι,
1282 2798 1374 2853 καὶ
1412 2797 1621 2854 τούτων
1669 2799 2053 2871 παυσαμένων,

409 2889 572 2946 αὐλεῖ
609 2889 672 2944 τὸ
709 2887 936 2966 ὄργανον
1000 2889 1196 2962 μέρους
1228 2889 1488 2955 Βενὲτων,
1536 2887 1627 2942 καὶ
1658 2885 1854 2942 τούτου
1879 2882 2054 2957 αὐλή.

413 3003 604 3044 σαντος
624 2979 717 3036 καὶ
742 2980 1114 3054 παυσαμὲυου,
1133 2977 1360 3055 ἄρχεται
1401 2977 1429 3031 6
1457 2974 1634 3051 δῆμος
1671 2981 1778 3031 τῶν
1815 2975 2056 3032 Βενέτων

407 3071 500 3126 τὸν
536 3068 887 3139 ἆπελατικὸν,
916 3067 1004 3123 καὶ
1045 3067 1244 3123 τούτου
1283 3065 1652 3137 τελεσθέντος,
1683 3062 1914 3141 ἄρχεται
1954 3067 2055 3134 τὴν

411 3163 622 3240 φωνήν.
672 3159 787 3217 Εἴθ’
839 3157 1012 3221 οὕτως
1070 3153 1339 3232 λαμϐάνει
1396 3159 1568 3228 νεῦμα
1617 3155 1645 3208 6
1699 3154 2057 3240 πραιπόσιτος

408 3249 556 3325 παρὰ
590 3252 686 3304 τοῦ
719 3246 1014 3325 βασιλέως,
1047 3246 1296 3310 κάκεῖνος
1325 3244 1604 3318 ἀπελθὼν,
1630 3239 1896 3320 λαμϐάνει
1924 3245 2054 3308 τοῦς

408 3336 768 3413 δομεστίκους
795 3336 926 3400 τοὺς
976 3335 1272 3412 μεγάλους,
1306 3335 1379 3398 ὼς
1417 3342 1453 3406 ἡ
1487 3337 1744 3406 συνήθεια
1792 3331 1933 3408 ἔχει,
1965 3334 2056 3388 καὶ

402 3426 780 3496 κατελθόντες,
850 3423 1097 3484 ’ίστανται
1173 3424 1252 3490 εἷς
1321 3425 1419 3487 τὰς
1484 3423 1660 3494 τάξεις
1738 3423 1930 3478 αὐτῶν·
1990 3421 2054 3478 τὸ

396 3519 534 3575 αὐτὸ
567 3515 627 3573 δὲ
681 3513 902 3573 ποιοῦσι
931 3515 1020 3571 καὶ
1081 3514 1136 3569 οἱ
1191 3513 1470 3590 Πράσινοι,
1504 3511 1757 3590 λέγοντες
1807 3512 1872 3567 τὰ
1918 3511 2056 3568 ἔκτα

392 3606 594 3677 αὐτῶν,
640 3603 733 3663 καὶ
797 3608 896 3661 τοῦ
964 3602 1199 3679 ὀργάνου
1249 3602 1611 3676 αὐλήσαντος,
1670 3601 1893 3682 λέγουσι
1961 3600 2054 3657 τὸν

404 3695 760 3762 ἀπελατικὸν,
791 3694 889 3758 εἶθ’
942 3691 1114 3756 οὕτως
1157 3693 1256 3763 τήν
1303 3694 1514 3772 φωνήν.
1548 3693 1648 3748 Καὶ
1697 3690 1974 3748 ἀνίσταται
2007 3691 2054 3728 ⁴³

404 3787 434 3842 6
476 3783 731 3862 βασιλεὺς
761 3784 870 3841 ἀπὸ
897 3783 1260 3854 τοῦδσὲντζου
1319 3783 1508 3852 αὐτοῦ,
1561 3784 1649 3838 καὶ
1700 3781 1929 3839 αὐλοῦσι
1985 3783 2053 3836 τὰ

407 3874 630 3951 ὄργανα,
656 3875 686 3930 6
719 3871 777 3929 δὲ
812 3871 1067 3948 βασιλεὺς
1100 3870 1320 3928 ’ίσταται
1352 3871 1427 3933 εἰς
1477 3873 1540 3927 τὸ
1589 3870 1855 3940 στὲντζον,
1890 3869 1946 3926 οῗ
1996 3867 2052 3928 δὶ

405 3962 685 4039 πατρίκιοι
737 3967 829 4019 καῖ
884 3963 936 4018 οἱ
986 3960 1280 4038 στρατηγοὶ
1323 3959 1569 4016 ’ίστανται
1609 3961 1685 4022 είς
1726 3961 1789 4014 τὸ
1831 3958 2050 4035 τρίκογο

301 4105 308 4112 .
405 4071 511 4129 χον
545 4051 687 4110 ἔνθεν
732 4053 970 4122 κάκεῖσε,
1030 4052 1148 4106 εἶτα
1204 4044 1475 4123 λαμϐάνει
1531 4054 1699 4123 νεῦμα
1752 4050 1781 4104 6
1814 4049 2053 4124 πραιπό-

407 4163 556 4206 σιτος
603 4143 748 4218 παρὰ
802 4147 900 4198 τοῦ
948 4141 1239 4218 βασιλέως,
1279 4139 1370 4196 καὶ
1421 4139 1562 4195 νεύει
1617 4143 1697 4210 τῷ
1743 4133 2052 4218 φωνοϐόλῳ

405 4226 845 4306 κουϐικουΑαρίῳ
873 4234 951 4302 τῷ
989 4227 1225 4304 λεγοντιο
1278 4253 1306 4280 ‹‹
1366 4228 1428 4286 Ὀ
1481 4225 1899 4300 παντοδύναμος
1957 4225 2051 4282 καὶ

405 4316 709 4380 πολυέλεος
759 4318 910 4388 Θεὸς,
954 4341 983 4370 ››
1039 4315 1129 4372 καὶ
1159 4316 1226 4372 τὰ
1273 4317 1420 4387 ἑξῆς,
1458 4313 1565 4370 ὁδὶ
1593 4308 2052 4388 κουϐικουλάριος

402 4407 542 4464 νεύει
575 4406 680 4462 ἀπὸ
709 4409 806 4461 τοῦ
826 4401 1261 4479 παρακυπτικοῦ,
1294 4405 1385 4460 καὶ
1415 4402 1650 4460 παύουσι
1703 4403 1770 4458 τὰ
1827 4398 2050 4479 ὄργανα,

2157 2086 2330 2153 facto,
2361 2093 2425 2144 ut
2454 2103 2583 2143 mos
2613 2092 2723 2155 est,
2755 2088 3092 2160 rhosthelio,
3125 2091 3183 2146 id
3234 2092 3570 2164 imperatori
3601 2094 3798 2166 tradit,

2159 2177 2281 2248 qui,
2317 2175 2522 2232 throno
2552 2191 2873 2234 conscenso
2908 2183 3104 2250 terque
3135 2181 3351 2252 populo
3373 2180 3621 2253 signato,
3642 2182 3699 2236 in
3733 2197 3800 2237 eo

2161 2264 2400 2321 assidet.
2429 2265 2786 2337 Praepositus
2834 2266 2906 2321 ab
2956 2267 3306 2337 imperatore
3352 2269 3634 2338 monitus,
3666 2285 3802 2339 pro-

2161 2353 2437 2425 spiciens,
2468 2357 2558 2409 ter
2587 2352 2802 2426 populo
2832 2354 3070 2426 signum
3120 2371 3298 2412 manu
3329 2357 3450 2425 dat,
3483 2361 3561 2424 et,
3592 2357 3801 2415 silente

2159 2457 2398 2518 organo,
2431 2445 2558 2498 due
2606 2442 2888 2499 factiones
2931 2443 3221 2500 solemnes
3267 2443 3717 2501 acclamationes
3746 2451 3805 2502 et

2159 2530 2365 2588 laudes
2386 2532 2652 2599 recitent,
2670 2531 2884 2604 quibus
2905 2530 3112 2600 finitis,
3129 2547 3411 2606 organum
3433 2533 3666 2591 Venetae
3682 2534 3806 2608 pul-

2160 2625 2344 2688 satur,
2378 2636 2494 2692 quo
2537 2620 2691 2676 facto
2719 2627 2774 2677 et
2809 2619 3028 2678 silente
3074 2636 3165 2678 eo.
3215 2622 3414 2680 Veneti
3461 2623 3802 2695 apelaticum

2160 2709 2488 2776 ordiuntur,
2521 2724 2706 2781 eoque
2736 2708 2926 2780 ﬁnito,
2959 2725 3097 2766 voce
3127 2715 3368 2769 canunt.
3401 2712 3548 2768 Tum
3583 2728 3803 2785 prapo-

2160 2797 2332 2868 situs,
2365 2797 2530 2869 signo
2551 2797 2622 2854 ab
2663 2796 3014 2871 imperatore
3063 2805 3323 2874 accepto,
3373 2800 3643 2873 discedit,
3676 2818 3804 2858 ma-

2160 2901 2423 2958 gnosque
2453 2885 2829 2953 domesticos,
2864 2893 2924 2942 ut
2972 2902 3097 2944 mos
3139 2897 3242 2958 est,
3275 2889 3545 2961 assumit,
3568 2892 3668 2961 qui
3701 2890 3807 2945 de-

2161 2977 2453 3032 scendunt
2492 2976 2673 3047 inque
2731 2974 2877 3032 locis
2907 2977 3033 3034 suis
3089 2983 3320 3036 astant:
3363 2979 3517 3036 idem
3573 2978 3806 3036 Prasini

2160 3064 2404 3132 faciunt,
2437 3069 2564 3121 acta
2595 3081 2703 3120 sua
2733 3065 2996 3132 recitant,
3043 3070 3100 3121 et
3157 3071 3465 3139 postquam
3519 3084 3805 3140 organum

2163 3152 2384 3222 sonuit,
2411 3153 2785 3226 apelaticum,
2810 3155 2943 3210 dein
2961 3153 3260 3211 cantiones
3283 3157 3590 3228 incipiunt.
3616 3157 3806 3227 impe-

2170 3250 2357 3299 ratore
2382 3259 2414 3298 a
2442 3242 2654 3300 throno
2675 3252 2968 3316 surgente,
2993 3259 3277 3316 organum
3310 3244 3601 3316 pulsatur,
3624 3260 3807 3316 eoque

2169 3333 2228 3390 in
2259 3332 2470 3388 throno
2502 3336 2714 3402 stante,
2749 3333 2976 3405 patricii
3035 3337 3092 3389 et
3147 3333 3391 3406 straiegi
3441 3335 3716 3406 utrinque
3745 3334 3804 3390 in

2163 3420 2462 3478 triconcho
2492 3422 2846 3479 consistunt.
2895 3423 3072 3478 Porro
3129 3421 3503 3496 prapositus,
3535 3424 3701 3496 signo
3733 3419 3805 3478 ab

2162 3511 2510 3584 imperatore
2565 3517 2824 3586 accepto,
2871 3515 3309 3585 gpraacentorem
3383 3513 3808 3572 cubicularium

2163 3603 2382 3670 monet,
2413 3599 2671 3674 dicitque
2697 3616 2711 3657 :
2744 3624 2772 3652 «
2797 3599 2948 3659 Deus
2979 3600 3350 3676 omnipotens
3381 3607 3437 3659 et
3469 3602 3663 3660 multis
3695 3604 3810 3662 mi-

2162 3689 2510 3757 sericordias,
2533 3696 2642 3746 etc.
2669 3714 2696 3740 ››
2721 3689 3124 3748 Cubicularius
3145 3691 3321 3748 etiam
3345 3708 3375 3748 e
3406 3693 3657 3749 fenestra
3680 3711 3812 3765 pro.

2162 3777 2356 3850 spicit,
2395 3780 2538 3837 I75
2593 3778 2887 3852 silentque
2915 3796 3156 3851 organa,
3190 3781 3472 3837 factiones
3505 3797 3632 3838 vero
3665 3798 3818 3856 qua:

2163 3870 2298 3921 tuor
2320 3865 2741 3937 postulationes
2761 3867 3098 3940 instituunt,
3122 3866 3488 3942 singulisque
3513 3867 3658 3940 ipsis
3675 3885 3811 3925 con-

2165 3953 2372 4023 cessis,
2431 3956 2803 4027 praepositus,
2862 3955 3031 4028 signo
3089 3965 3346 4027 accepto,
3395 3961 3806 4030 praecentorem

2163 4047 2380 4112 monet,
2414 4044 2511 4116 qui
2544 4048 2632 4100 ter
2663 4060 2902 4100 manum
2956 4043 3174 4118 populo
3231 4045 3558 4102 secundum
3608 4061 3806 4118 preces

2161 4132 2291 4203 ejus
2322 4131 2640 4204 componit.
2673 4133 3017 4204 Imperator,
3048 4132 3323 4191 omnibus
3368 4133 3671 4206 ordinatis,
3703 4136 3810 4192 tri-

2161 4223 2452 4280 conchum
2488 4222 2835 4294 ingreditur,
2860 4226 2918 4278 et
2947 4237 2978 4278 e
3009 4223 3240 4295 regione
3263 4223 3432 4279 scale
3454 4222 3686 4280 conchae
3703 4223 3806 4278 tri-

2162 4312 2323 4372 clinii
2380 4309 2753 4382 constitutus,
2813 4312 3121 4385 praeposito
3175 4312 3400 4380 annuit,
3459 4311 3561 4383 qui
3627 4311 3805 4370 dicit:

2164 4425 2195 4455 α
2227 4402 2453 4459 Jubete.
2489 4421 2519 4452 ››

399 4497 491 4552 καὶ
538 4497 806 4572 ἄρχονται
857 4495 925 4550 τά
975 4495 1111 4570 μὲρη
1163 4494 1424 4550 αἰτεῖσθαι
1480 4494 1579 4557 τὰς
1626 4491 1888 4567 τέσσαρας
1935 4491 2196 4563 αἰτήσεις,
2256 4490 2346 4547 καὶ
2396 4489 2627 4562 ἑκάστης
2683 4488 2850 4565 πέρας
2909 4488 3224 4567 εἷ’ληφυίας,
3313 4484 3579 4566 λαμϐάνει
3636 4493 3807 4565 νεῦμα

401 4589 431 4644 ὁ
461 4586 848 4659 πραιπόσιτος,
881 4583 971 4640 καὶ
1003 4583 1144 4640 νεύει
1176 4589 1255 4656 τῷ
1299 4578 1629 4662 φωνοϐόλῳ,
1679 4583 1926 4644 κάκεῖνος
1991 4580 2290 4645 συντίθεται
2329 4583 2406 4652 τῷ
2463 4577 2584 4652 λαῷ
2632 4577 2692 4634 ἐκ
2747 4578 2933 4656 τρίτου
2977 4576 3067 4635 διὰ
3114 4586 3215 4649 τῆς
3278 4580 3465 4656 χειρὸς
3523 4579 3660 4635 κατά
3711 4579 3805 4642 τὰς

396 4677 639 4748 αἰτήσεις
696 4676 894 4733 αὐτῶν.
953 4675 1060 4732 Καὶ
1118 4675 1509 4748 συνταξάμενος
1560 4676 1671 4748 (87)
1727 4674 1917 4735 αὐτοῖς
1987 4673 2016 4727 6
2090 4669 2364 4747 βασιλεὺς,
2430 4669 2736 4745 εἰσέρχεται
2805 4670 2880 4735 εἰς
2946 4670 3010 4726 τὸ
3086 4669 3411 4746 τρίκογχον,
3488 4671 3606 4727 εἶτα
3679 4671 3809 4732 στὰς

399 4764 700 4843 ἔμπροσθεν
728 4775 828 4838 τῆς
893 4763 1154 4841 βαθμίδος
1199 4773 1300 4837 τῆς
1358 4767 1576 4843 κόγχης
1627 4769 1725 4821 τοῦ
1779 4762 2067 4841 τρικλίνου
2123 4763 2152 4817 ὁ
2223 4760 2502 4838 βασιλεὺς,
2559 4762 2810 4834 νεύειτῷ
2858 4762 3234 4838 πραιποσίτῳ,
3276 4763 3305 4818 6
3360 4758 3418 4818 δι
3446 4761 3806 4838 πραιπόσιτος

400 4856 572 4934 λέγει.
601 4881 630 4910 ‹‹
663 4855 981 4914 Κελεύσατε.
1013 4879 1043 4909 ››

1759 4952 2004 5010 νΑιιω
2043 4949 2456 5012 LECTiONES.

474 5047 520 5081 “
550 5042 858 5097 ἀνίστανται
896 5043 988 5098 ed.

1436 5133 1633 5192 JOAN.
1673 5135 1814 5192 JAC.
1858 5132 2124 5191 REISKII
2170 5126 2771 5189 COMMENTARIUS.

406 5235 958 5307 stanturpauctoree.
985 5231 1228 5288 Secutos
1249 5231 2060 5307 imperatores,Theodosioe,
2089 5235 2138 5300 Β
2167 5227 2428 5307 §it_nple_x_
2443 5226 2605 5307 figat
2652 5227 2968 5307 hooAsensu
3025 5230 3264 5307 adhibet
3326 5231 3713 5307 Theophanes
3743 5251 3802 5307 p.

405 5309 477 5364 ad
509 5305 912 5362 Justinianum
947 5318 1131 5373 usque
1153 5303 1405 5361 multu‘m
1429 5305 1714 5362 eunuchis
1744 5303 2048 5372 detulisse,

405 5383 632 5434 constat
662 5378 838 5432 etiam
870 5391 940 5431 ex
969 5374 1232 5430 historia.

474 5451 585 5521 (87)
619 5448 869 5521 Verbum
929 5444 1312 5521 condenseat
1351 5447 1586 5521 gemino
1636 5444 2048 5521 sensuﬂaccipi

403 5519 586 5590 potest
619 5520 715 5576 hic
747 5519 879 5584 loci,
911 5519 1409 5590 autgvaledioend‘i,
1441 5529 1539 5576 aut
1567 5519 1888 5590 spondendi,
1919 5533 2046 5590 pro-

398 5587 675 5662 intuendi,
711 5589 1061 5662 indulgendi,
1121 5599 1180 5645 ut
1230 5607 1285 5662 p.
1343 5592 1470 5654 358,
1503 5597 1560 5648 et
1589 5587 1730 5646 375:
1791 5591 1889 5662 τοῦ
1948 5587 2044 5662 βα-

400 5661 600 5723 σιλέως
654 5656 1046 5736 συνταξαμένου
1113 5656 1613 5736 τήν’ὶκπλήρωσιν
1668 5665 1804 5736 τῶν,
1847 5656 1891 5713 6‘
1949 5656 2044 5713 ἀῖ-

398 5737 627 5804 τήσεων,
684 5751 809 5790 cum
861 5734 1162 5805 imperator
1205 5734 1540 5793 condixisset
1596 5734 1732 5805 ipsis
1779 5735 2044 5802 futuram

398 5803 774 5880 imitationem
801 5803 1284 5878 (concessionem)
1313 5811 1552 5878 quatuor
1574 5803 2041 5878 postulationum.

2169 5294 2316 5376 31ξῖ
2396 5294 2565 5376 Ἰδού,
2645 5299 3082 5376 ἀποθνήσκομεν,
3152 5299 3401 5376 δέσποτα.
3475 5294 3638 5372 Τάξαι
3721 5294 3802 5376 ’ίῷ

2161 5374 2300 5445 Θεῷ,
2362 5372 2650 5445 stipulare,
2697 5372 2975 5445 pacisceris
3025 5390 3151 5430 cum
3183 5375 3318 5445 Deo,
3372 5385 3489 5431 voto
3531 5372 3802 5445 promitte

2157 5441 2293 5520 Deo,
2318 5441 2463 5520 Δἰτερίξ
2519 5441 2821 5520 σωτηρίας,
2865 5441 2978 5520 ἵνα,
3011 5445 3040 5498 6
3084 5444 3234 5520 ΔΘεὸς
3273 5441 3362 5499 ἐὰν
3413 5441 3670 5520 ἀποδῴσῃ
3711 5467 3795 5502 σοι

2155 5514 2256 5595 τὴν
2313 5512 2594 5595 βασιλείαν
2643 5512 2760 5587 σου,
2807 5512 3026 5595 ⁷μηδένα
3074 5515 3368 5588 ἀμύνεσθαι
3398 5523 3506 5595 τῷν
3557 5512 3795 5595 ἐχθρῶν,

2153 5592 2350 5662 (suos
2370 5587 2620 5642 ullarum
2662 5603 2775 5644 me
2824 5587 3076 5660 injuria:
3116 5587 3382 5662 occepta:
3429 5591 3489 5646 in
3519 5587 3796 5662 quoquam

2153 5657 2515 5784 inzmg‘orum
2544 5665 2792 5730 (uorum,
2821 5657 3051 5716 si'Deus
3095 5661 3203 5717 tibi
3230 5657 3461 5733 regnum
3490 5657 3654 5717 ειὶιιηὶ
3677 5661 3798 5717 ηας

2189 5745 2211 5784 ι
2257 5745 2288 5784 e
2371 5770 2388 5784 .

2189 5729 2388 5786 idem.
