4138 6212
370 373 485 436 δτι

1246 372 1345 432 ne
1387 369 1842 431 osamouus
1883 367 2121 430 AULIE
2163 333 2636 431 BYZANTINJE
2678 369 2829 432 LIB.
2875 369 2922 429 ι.

3659 372 3781 434 δ’ἴδ

367 503 455 558 καί
505 505 556 559 o’t
606 498 1058 576 κουϐικουλάριοι
1106 499 1350 556 ’ίστανται
1401 499 1484 554 ἐπ’
1542 497 1750 564 εὐθείας
1796 498 2061 575 ἅπαντες

2140 498 2302 556 batos
2353 499 2954 571 spatharocandidati,
2999 498 3613 569 spatharocuhicularii
3644 517 3779 558 vero

367 589 509 658 ἔνθεν
569 593 785 648 κάκεῖσε
831 596 940 646 τῶν
1017 590 1195 645 αὐτῶν
1271 583 1561 664 βαρϐάτων
1619 599 2023 664 πρωτοσπαθαο

370 680 526 757 ρίων.
559 681 621 738 'O
661 678 719 734 δὲ
745 685 847 748 τῆς
895 677 1269 736 καταστάσεως
1313 674 1530 730 ἵσταται
1576 669 1876 750 ἔμπροσθεν
1915 678 2024 728 τῶν

367 765 843 844 κουϐικουλαρίων
896 765 1086 841 μικρὸν
1141 766 1278 840 πρὸς
1307 765 1370 820 τὸ
1399 760 1697 838 λαμϐάνειν
1730 762 1885 819 αὐτὸν
1917 763 2023 818 ἀπὸ

369 857 670 919 κελεύσεως
728 855 787 911 ἐκ
839 859 938 910 τοῦ
985 852 1350 926 πραιποσίτου
1399 853 1466 908 τὰ
1526 852 1782 925 νεύματα.
1843 853 1910 908 Οἱ
1967 848 2025 906 δὲ

371 941 932 1020 σπαθαροκανδιδάτοι
997 940 1244 998 ’ίστανται
1300 940 1520 1005 ὄπισθεν
1586 945 1696 995 τῶν
1758 959 2024 1014 προειρη-

373 1035 545 1108 μένων
622 1029 906 1109 βαρϐάτων
984 1031 1513 1106 πρωτοσπαθαρίων,
1588 1023 2026 1104 σπαθαροκουϐι-

368 1122 681 1198 κουλαρίων
722 1143 779 1177 τε
820 1119 911 1176 καὶ
958 1115 1436 1196 κουϐικουλαρίων
1477 1120 1527 1154 ⁵⁰
1577 1119 1934 1194 βαστάζοντες
1961 1117 2028 1173 τά

369 1211 659 1287 σκυυτάρια
707 1211 910 1278 αὐτῶν,
959 1214 1250 1282 φοροῦντες
1321 1209 1408 1263 καὶ
1485 1209 1552 1263 τὰ
1618 1207 1873 1282 μανιάκια
1937 1206 2026 1263 καὶ

2131 592 2191 644 et
2220 588 2563 645 cubicularii
2592 589 2851 645 scutaria
2877 605 3005 657 sua,
3026 592 3267 660 torques
3302 596 3355 644 et
3385 589 3634 661 gladios,
3656 607 3783 662 spa-

2128 675 2307 731 tharii
2338 675 2491 731 idem
2524 675 2752 746 gladios
2782 693 2924 734 suos
2953 682 3012 734 et
3043 693 3152 733 sua
3181 676 3465 733 dextralia
3482 682 3780 749 gestantes

2131 767 2203 823 ad
2229 772 2538 840 utramque
2561 767 3288 840 spatharocandidatorum
3311 784 3536 825 manum
3555 773 3778 825 astant:

2131 854 2216 911 sic
2245 856 2418 912 etiam
2450 857 2756 926 spatharii,
2777 857 2826 913 si
2850 857 2946 928 qui
2983 856 3042 912 in
3078 857 3219 913 urbe
3247 858 3484 914 adsunt.
3509 857 3778 914 Silentia-

2131 944 2204 1000 rii
2237 944 2295 999 in
2327 944 2456 1000 velo
2487 962 2775 1017 suspenso
2807 953 2982 1018 porta!
3024 945 3221 1002 solarii
3250 945 3311 1001 in
3344 945 3572 1019 pulpito
3620 963 3779 1003 mar-

2133 1048 2352 1102 moreo,
2395 1034 2652 1105 preteeti
2701 1033 2970 1090 cubiculo
3018 1039 3078 1090 et
3124 1035 3353 1107 patricii
3402 1036 3678 1107 utrinque
3719 1037 3776 1092 in

2133 1121 2432 1191 cancellis,
2482 1123 2639 1180 unde
2689 1122 3018 1197 prospicere
3073 1123 3282 1194 solent,
3330 1124 3470 1181 recti
3519 1124 3782 1197 ipsisque

2134 1210 2321 1267 innixi
2351 1216 2568 1269 astant.

366 1305 433 1358 τὰ
485 1301 682 1357 σπαθία
733 1300 932 1368 αὑτῶν,
983 1298 1243 1362 ὡσαύτως
1290 1297 1382 1353 καὶ
1431 1299 1482 1352 oi
1553 1296 1844 1372 σπαθάριοι
1915 1303 2208 1376 φοροῦντες
2283 1299 2351 1354 τά
2422 1320 2481 1356 τε
2559 1299 2755 1356 σπαθία
2812 1300 2986 1356 αὐτῶν
3041 1303 3132 1357 καὶ
3192 1302 3506 1378 σκουτάρια,
3581 1302 3780 1378 βαστάο

372 1399 551 1461 ζοντες
582 1393 650 1446 τὰ
682 1387 972 1466 διστράλια
1003 1388 1202 1458 αὐτῶν,
1247 1388 1496 1444 ’ἰστανται
1546 1382 1693 1451 ἔνθεν
1740 1386 1954 1442 κάκεῖσε
1997 1392 2107 1443 τῶν
2158 1387 2764 1464 σπαθαροκανδιδάτων,
2797 1390 3006 1464 ὁμοίως
3039 1392 3085 1446 εἱ
3113 1391 3332 1470 τύχωσι
3362 1393 3453 1447 καὶ
3492 1393 3781 1465 σπαθάριοι

371 1480 460 1538 διὰ
489 1479 708 1543 πόλεως
738 1481 874 1553 (89).
918 1479 986 1536 Oi
1037 1475 1092 1532 δὲ
1142 1475 1492 1552 σιλιντιάριοι
1531 1474 1773 1531 ’ίστανται
1821 1473 1874 1531 ἐν
1920 1481 2000 1548 τῷ
2045 1477 2374 1552 κρεμαμὲνῳ
2421 1477 2584 1552 βήλῳ
2632 1478 2816 1550 πύλης
2864 1483 2961 1534 τοῦ
2992 1479 3227 1549 ἡλιακὸῦ
3258 1477 3310 1536 ἐν
3343 1485 3422 1554 τῷ
3456 1481 3782 1557 μαρμαρίνῳ

371 1569 680 1643 πουλπίτῳ·
714 1570 977 1645 ἄρχοντες
1009 1565 1066 1622 δὲ
1092 1570 1194 1622 τοῦ
1223 1560 1618 1622 κουϐουκλείου
1647 1565 1738 1622 καὶ
1769 1565 2050 1641 πατρίκιοι
2085 1565 2336 1624 ’ίστανται
2366 1563 2512 1632 ἔνθεν
2531 1567 2746 1624 κᾶκεῖσε
2770 1565 2822 1623 ἒν
2845 1573 2960 1632 τοῖς
2983 1574 3418 1642 παρακοπτικοῖς
3447 1568 3781 1646 καγκέλλοις

372 1657 572 1736 ὅρθιοι,
603 1655 1006 1732 ἐπερειδόμενοι
1035 1654 1119 1712 ἐπ’
1147 1655 1355 1718 αὐτοῖς.

446 1751 515 1806 B'.
549 1747 742 1807 Ἰστέον
777 1744 835 1803 δὲ
876 1746 967 1802 καὶ
995 1749 1182 1815 τοῦτο,
1233 1746 1344 1817 δτι,
1382 1743 1427 1799 εἰ
1475 1763 1636 1819 τοχοι
1687 1742 1934 1820 γενέσθαι
1960 1745 2024 1800 τὸ
2058 1806 2061 1815 ί

2203 1747 2272 1804 ΙΙ.
2309 1747 2471 1814 Quod
2505 1747 2555 1804 si
2598 1747 2658 1802 in
2689 1751 2918 1804 secreta
2946 1747 3145 1820 phiala
3169 1749 3454 1806 triconchi
3483 1749 3779 1806 deximum

373 1836 590 1912 ὂὶξιμον
627 1835 678 1892 ἐν
727 1841 796 1912 τῇ
856 1839 1089 1909 μυστιγῇ
1135 1831 1306 1911 φιάλῃ
1352 1837 1448 1888 τοῦ
1495 1831 1822 1908 τρικόγχου,
1850 1832 2026 1889 τελεῖ-

368 1948 457 1984 ται
511 1928 547 1996 ἡ
612 1931 714 1995 τῆς
770 1925 1156 2000 παραστάσεως
1210 1923 1358 1994 τάξις
1417 1921 1608 1984 οὕτως’
1665 1923 1946 1992 Καϐἑζεται
1995 1923 2024 1978 ὁ

370 2015 632 2094 βασιλεὺς
687 2013 776 2070 ἐπὶ
841 2018 944 2070 τοῦ
1002 2013 1240 2083 σέντζου,
1300 2013 1375 2077 ὡς
1437 2011 1666 2076 εἲθισται
1714 2012 1888 2083 αὐτῷ,
1934 2012 2024 2067 καὶ

365 2104 612 2161 ’ίστανται
662 2101 894 2158 ἐνώπιον
946 2101 1111 2157 αὐτοῦ
1160 2099 1428 2175 ἄρχοντες
1463 2103 1562 2155 τοῦ
1606 2093 2026 2170 κουὸουκλείου,

374 2179 426 2252 ὁὶ
458 2194 516 2250 δὲ
559 2192 836 2267 πατρίκιοι
889 2189 980 2246 καὶ
1034 2189 1334 2266 στρατηγοὶ
1377 2187 1624 2244 ’ίστανται
1678 2189 1904 2250 ἅπαντες
1936 2185 2025 2243 ἔν·-

375 2286 459 2339 Θεν
499 2282 716 2338 κάκεῖσε
764 2279 871 2335 ἀπὸ
921 2282 1016 2334 τοῦ
1063 2275 1372 2333 πουλπίτου
1569 2275 1621 2332 ἐν
1664 2281 1782 2338 ταῖς
1825 2275 2024 2353 θυρίσι·

375 2374 428 2429 οἱ
487 2369 544 2428 δὲ
605 2368 962 2445 συγκλήτικοὶ
1039 2366 1289 2423 ὑπατικοὶ
1360 2368 1607 2422 ἳστανται
1691 2366 1782 2421 ἀπ’
1855 2362 2029 2420 αὐτῶν

377 2461 587 2536 ὁμοίως
627 2461 720 2517 καὶ
767 2457 923 2514 αὐτοὶ
971 2456 1023 2512 ἐν
1067 2462 1188 2520 ταῖς
1239 2456 1466 2528 θυρίσιν.
1519 2454 1792 2516 Ὡσαύτως
1838 2456 1928 2510 καὶ
1977 2455 2030 2510 οἱ

377 2550 635 2625 εὐνοῦχοι
683 2547 1168 2625 πρωτοσπαθάριοι
1210 2543 1454 2602 ’ίστανται
1503 2541 1722 2609 ὄπισθεν
1779 2549 1873 2599 τοῦ
1926 2545 2030 2620 βα-

377 2639 574 2701 σιλέως
622 2636 860 2709 πλησίον
909 2640 1006 2691 τοῦ
1055 2635 1273 2705 σέντζου
1323 2633 1688 2710 ήλλαγμένοι’
1725 2634 1776 2688 οἱ
1808 2631 1866 2688 δὶ
1899 2634 2030 2709 βαρ-

377 2726 533 2786 ϐάτοι
580 2726 1067 2803 πρωτοσπαθάριοι
1113 2725 1202 2780 καὶ
1261 2724 1312 2779 oi
1363 2725 1426 2779 τὸ
1476 2721 1624 2799 ἅρμα
1679 2721 2030 2808 κατέχοντες,

378 2819 452 2881 ὡς
501 2816 850 2892 προείρηται,
892 2811 1137 2870 ἵστανται
1195 2807 1499 2888 ἔμπροσθεν
1555 2815 1664 2867 τῶν
1712 2811 1903 2866 πυλῶν
1933 2816 2031 2867 τοῦ

375 2907 682 2982 τρικόγχου
739 2905 805 2960 εί.
877 2905 1136 2966 Ὄπισθεν
1202 2905 1309 2956 τῶν
1373 2897 1786 2976 προρρηθέντων
1846 2899 2032 2955 εὐνου-

2135 1835 2486 1902 instituitur,
2514 1852 2719 1894 omnes
2749 1837 2859 1893 hoc
2891 1837 3095 1894 ordine
3131 1841 3322 1894 astare
3350 1837 3562 1894 solent.
3597 1839 3780 1909 [mpe-

2135 1927 2312 1992 rator,
2347 1928 2409 1979 ut
2447 1924 2636 1996 ipsius
2671 1941 2798 1981 mos
2830 1929 2941 1993 est,
2965 1924 3024 1981 in
3056 1924 3199 1982 solio
3222 1926 3406 1992 sedet,
3432 1925 3781 1999 anteipsum

2135 2012 2390 2084 preteeti
2424 2013 2717 2082 cubiculo,
2757 2014 2988 2086 patricii
3036 2018 3096 2071 et
3139 2014 3377 2088 strategi
3429 2015 3703 2088 utrinque
3751 2033 3784 2072 a

2135 2100 2363 2172 pulpito
2397 2101 2454 2156 in
2477 2101 2700 2171 januis,
2730 2107 2864 2173 post
2890 2118 2988 2158 eos
3040 2109 3335 2159 senatores
3361 2106 3418 2158 et
3446 2103 3783 2160 consulares

2137 2187 2357 2260 pariter
2385 2187 2444 2245 in
2468 2189 2668 2259 januis
2715 2189 3061 2246 consistunt.
3096 2191 3188 2246 Sio
3218 2199 3268 2247 et
3301 2191 3553 2248 eunuchi
3585 2195 3780 2263 proto-

2137 2277 2424 2349 spatharii
2449 2294 2597 2350 pone
2626 2277 3038 2350 imperatorem
3074 2295 3250 2351 prope
3281 2279 3555 2336 thronum
3576 2280 3636 2336 in
3660 2296 3782 2336 mu-

2137 2365 2382 2438 tatoriis,
2415 2366 2638 2423 barbati
2662 2367 3124 2440 protospatharii
3153 2373 3212 2424 et
3242 2368 3344 2442 qui
3373 2384 3536 2425 arma
3564 2371 3782 2436 tenent,

2139 2459 2200 2510 ut
2229 2454 2450 2511 dictum
2485 2459 2594 2521 est,
2619 2472 2814 2512 coram
2835 2456 3016 2528 portis
3039 2456 3397 2513 triconchi.A
3418 2463 3579 2530 tergo
3599 2474 3784 2514 eunu-

2138 2543 2385 2600 chorum
2412 2543 3042 2616 protospathariorum,
3063 2561 3315 2617 quorum
3357 2563 3534 2616 supra
3577 2546 3786 2603 memi-

2141 2633 2361 2702 nimus,
2407 2633 3028 2706 spatharocuhicularii
3063 2641 3121 2693 et
3147 2636 3489 2693 cubicularii
3522 2639 3582 2696 in
3612 2637 3786 2694 tertia

2142 2728 2304 2795 parte
2332 2721 2642 2788 triconchi,
2674 2724 2824 2778 111
2860 2724 3432 2795 spatharocandidati
3463 2730 3520 2782 et
3541 2726 3787 2798 spatha-

2143 2812 2214 2868 rii
2265 2811 2338 2867 ad
2392 2821 2709 2884 utrumque
2761 2812 3126 2883 imperatoris
3165 2813 3320 2871 latus
3353 2814 3414 2870 in
3444 2815 3786 2873 marmoreis

2141 2899 2406 2973 pulpitis,
2446 2899 2884 2958 cerimoniarius
2924 2905 3061 2959 ante
3090 2903 3276 2960 dictos
3307 2902 3787 2976 spatharocandi-

379 3016 495 3073 χων
550 2991 1052 3068 πρωτοσπάθαρίων
1110 2992 1159 3026 ⁵⁸
1225 2983 1920 3064 σπαθαροκουϐικουλάριοί
1975 3008 2034 3042 τε

2146 2992 2309 3045 datos
2363 2992 2420 3044 et
2465 2989 2818 3060 spatharios,
2875 2995 2934 3047 et
2978 3008 3014 3046 a
3069 2995 3231 3064 tergo
3292 2994 3422 3064 ejus
3477 2992 3787 3049 silentiarii

380 3064 471 3141 καὶ
527 3064 976 3154 κουϐικουλάριοι
1010 3077 1255 3134 ’ίστανται
1310 3075 1361 3132 ἐν
1405 3083 1473 3151 τῇ
1528 3076 1682 3152 τρίτῃ
1744 3075 1892 3146 πύλῃ
1935 3081 2032 3132 τοῦ
2063 3064 2106 3131 C
2144 3083 2356 3134 astant.

381 3171 708 3249 τρικόγχου,
743 3170 795 3224 οἱ
826 3167 883 3223 δὶ
913 3163 1475 3239 σπαοαροκανδιδάτοι
1507 3165 1595 3220 καὶ
1628 3166 1680 3219 οἱ
1712 3166 2004 3239 σπαθάριοι
2032 3164 2284 3220 ’ίστανται
2316 3159 2461 3216 ἔνθεν
2491 3161 2709 3217 κάκεῖσε
2743 3167 2840 3219 τοῦ
2884 3161 3151 3240 βασιλέως
3181 3162 3234 3219 ἐν
3265 3169 3382 3226 τοῖς
3427 3165 3788 3241 μαρμαρίνοις

384 3262 730 3325 πουλπίτοιςο
765 3260 794 3314 ὁ
826 3256 884 3313 δὲ
912 3260 1012 3323 τῆς
1041 3257 1416 3318 καταστάσεως
1445 3255 1658 3311 ’ἰσταται
1689 3250 1990 3331 ἔμπροσθεν
2018 3261 2126 3312 τῶν
2175 3250 2590 3331 προειρημένων
2624 3249 3206 3330 σπαθαροκανδιδάτων
3243 3277 3302 3311 τε
3330 3253 3420 3310 καὶ
3453 3255 3788 3330 σπαθαρίων,

377 3348 594 3417 ὄπισθεν
626 3347 684 3405 δὲ
711 3353 808 3404 τοῦ
844 3353 945 3417 τῆς
973 3346 1348 3408 καταστάσεως
1375 3342 1624 3401 ’ίστανται
1655 3343 2032 3422 σιλεντιαριοι.

990 3437 1256 3493 ΚΕΦΛΛ.
1297 3435 1430 3493 ΞΠ.

379 3530 508 3604 Περὶ
577 3533 675 3583 τοῦ
744 3529 953 3602 χρυσοῦ
1017 3521 1396 3604 ἱπποδρομίου
1461 3525 1553 3579 καὶ
1615 3530 1725 3580 τῶν
1780 3523 1834 3580 ἐν
1892 3523 2036 3597 αὖτῷ

1020 3595 1391 3670 τελουμένων.

447 3691 529 3748 Α’.
597 3687 973 3764 Προέρχονται
1041 3686 1272 3750 ἅπαντες
1348 3683 1615 3760 ἐννύχιοι,
1682 3683 2033 3763 ἡλλαγμένοι

380 3778 487 3836 ἀπὸ
517 3776 726 3832 λευκῶν
774 3773 1097 3851 χλανιδίων,
1148 3776 1200 3829 οἱ
1251 3776 1346 3848 μὲν
1395 3773 1448 3828 ἐν
1499 3777 1568 3846 τῇ
1619 3775 1951 3849 Θερμάστρᾳ,
1984 3776 2036 3829 οἱ

376 3865 436 3922 ὃὶ
481 3863 534 3920 ἐν
691 3861 866 3939 ἀψίδι’
916 3862 1007 3918 καὶ
1056 3857 1242 3918 λαϐὼν
1297 3857 1566 3935 κομείναν
1597 3865 1710 3936 (91)
1742 3863 1770 3916 ὁ
1799 3864 2036 3938 πραιπό-

2699 3435 2934 3494 CAPUT
2975 3436 3227 3493 LXVIII.

2217 3526 2292 3582 De
2318 3542 2486 3584 aureo
2517 3527 2894 3599 hippodromo,
2918 3531 2971 3584 (ι
2991 3542 3108 3598 qua
3139 3527 3203 3583 in
3232 3525 3331 3584 illo
3357 3531 3720 3600 peraguntur.

2218 3693 2260 3746 Ι.
2293 3690 2510 3746 Omnes
2541 3689 2690 3746 albis
2716 3689 2980 3746 vestibus
3026 3690 3216 3746 induti
3265 3695 3434 3747 nocte
3476 3692 3688 3763 partim
3723 3691 3794 3748 ad

2146 3778 2465 3843 caminum,
2499 3779 2705 3850 partim
2726 3779 2798 3834 ad
2820 3778 3085 3850 apsidem
3113 3779 3437 3850 procedunt
3479 3794 3494 3834 :
3529 3780 3798 3851 praeposi-

2147 3871 2262 3933 tus,
2296 3874 2528 3938 accepta
2557 3883 2591 3921 a
2633 3866 2953 3923 silentiario
2989 3866 3285 3934 combine,
3329 3866 3510 3922 intrat
3552 3883 3799 3939 eamque

1751 3961 1984 4018 VARle
2025 3963 2434 4020 LECTIONES.

452 4046 1228 4127 5°_a1ra0_apoxo06txoolaiptoi
1258 4070 1315 4106 τε
1353 4050 1441 4105 καὶ
1476 4044 1928 4124 κουϐικουλάριοι
1983 4052 2077 4111 ed.
2152 4055 2196 4090 ⁸⁸
2249 4053 2388 4110 Post
2415 4052 2715 4126 τρικόγχου
2747 4052 3186 4110 distinctionem
3221 4069 3339 4112 om.
3371 4053 3462 4112 ed.
3540 4055 3584 4090 ⁵³
3623 4053 3798 4108 ἀσπα-

389 4125 592 4199 Θαρίων
627 4124 680 4179 οἱ
711 4124 942 4198 σπαθαρ.
973 4126 1064 4182 ed.

1423 4211 1622 4270 JOAN.
1662 4213 1808 4270 JAC.
1851 4212 2113 4270 REISKII
2150 4212 2747 4272 COMMENTARIUS.

465 4305 579 4375 (89)
613 4303 872 4359 Habebat
899 4320 1012 4360 non
1036 4306 1264 4360 tantum
1287 4303 1626 4374 imperator,
1645 4303 1746 4358 sed
1773 4317 2038 4374 proceres

393 4392 625 4448 quoque
645 4381 717 4448 et
746 4375 908 4442 urbs,
941 4392 1079 4448 suos
1109 4375 1462 4446 spatharios,
1499 4383 1560 4431 ut
1609 4375 1786 4431 urbes
1825 4378 2038 4448 nostra:

2223 4303 2646 4386 (Qtlgombina
2677 4310 2770 4386 est
2792 4306 3037 4386 tessera,
3067 4303 3239 4386 cujus
3269 4301 3320 4358 vi
3340 4301 3517 4386 alicui
3557 4303 3804 4386 facultas

2153 4374 2532 4445 permittitur,
2548 4378 2652 4430 aut
2674 4374 2908 4446 publico
2927 4380 3230 4446 cursu,aut
3254 4374 3423 4446 equis
3445 4375 3804 4432 circensibus

392 4444 548 4504 alere
576 4445 769 4502 solent
798 4463 938 4503 suos
985 4444 1200 4502 milites
1249 4448 1526 4518 urbanos,
1559 4447 2043 4518 a_castrensibus
2074 4444 2122 4506 D
2153 4444 2375 4512 utendi,
2420 4455 2520 4502 aut
2558 4444 3013 4503 committuntur
3070 4444 3324 4518 alicujus
3376 4460 3530 4503 curae
3579 4447 3714 4518 equi
3747 4452 3806 4502 et

393 4520 678 4586 diversos,
737 4518 807 4573 ad
858 4517 1247 4575 custodienda
1304 4516 1433 4574 loca
1489 4515 1745 4588 publica,
1803 4518 2045 4572 aedificia

393 4596 451 4646 et
492 4589 738 4661 moenia:
761 4589 998 4661 Videtur
1042 4596 1236 4646 tamen
1278 4605 1319 4661 _e
1369 4606 1425 4660 p.
1476 4589 1603 4661 424,
1637 4589 2045 4661 protospatha-

391 4662 509 4717 rios
535 4661 663 4721 τοὺς
715 4655 804 4713 διὰ
852 4660 1091 4729 πόλεως,
1125 4661 1225 4732 qui
1273 4655 1516 4720 ibi'to‘i:
1565 4655 1866 4732 ἐξὼτικοῖςξ
1904 4663 2046 4716 sub-

394 4733 636 4806 urbanis
667 4731 1221 4806 autcampestrib’us
1243 4737 1639 4806 apponuntur,
1667 4731 1788 4806 illis
1814 4747 2045 4806 nempe,

393 4805 493 4875 qui
528 4805 586 4859 in
621 4803 854 4874 palatiis
887 4803 1202 4859 rusticanis
1232 4803 1619 4875 excubabant,
1658 4803 1838 4859 fuisse
1865 4803 2047 4875 impe-

396 4873 568 4931 riales
601 4873 836 4946 quoque
885 4875 1196 4946 stipendiis
1226 4874 1392 4946 paula!
1443 4873 1608 4946 altos,
1651 4878 1733 4946 et,
1759 4890 1858 4944 per
1886 4873 2050 4930 urbis

399 4947 524 5004 loca
551 4945 878 5016 custodiam
921 4945 1278 5016 requirentis.
1317 4945 1652 5016 dispositos.
1692 4945 2051 5016 Urbam'ciani

446 5020 646 5088 ossent
675 5015 791 5070 dici
820 5016 887 5070 ad
931 5014 1263 5085 exemplum
1303 5014 1595 5088 Spartiani
1627 5015 1684 5070 in
1718 5015 1883 5084 Geta,
1923 5021 1966 5072 t.
2003 5016 2050 5081 l,

451 5103 534 5158 cr.
550 5085 725 5158 ‘Hi_st._
742 5090 890 5158 Aug.
926 5102 1057 5158 pag.
1087 5088 1213 5142 ⁸743.

479 5156 594 5227 (90)
623 5154 1034 5227 Ρυιρίιυω’ἱιῑ
1078 5157 1348 5213 cubiculo
1394 5164 1492 5212 aut
1541 5157 1666 5212 sala
1714 5160 1803 5212 est
1840 5160 1943 5213 aut
1971 5157 2048 5223 id,

405 5228 562 5300 quod
589 5226 953 5300 Nicephorus
975 5227 1258 5300 Gregoras
1289 5227 1404 5284 ﬁne
1432 5227 1472 5284 Ι.
1500 5227 1571 5300 XI
1602 5228 1684 5300 ait
1711 5243 1841 5300 esse
1871 5229 2052 5285 altius

399 5295 468 5356 ad
503 5295 842 5371 spithamaa_
870 5295 1140 5355 trientem
1189 5299 1411 5371 reliquo
1451 5299 1574 5356 solo
1631 5295 1910 5367 ἐπίπεδον,
1955 5305 2054 5356 aut

400 5373 553 5444 quod
600 5371 771 5427 Turci
831 5369 1002 5444 hodie
1066 5369 1626 5444 Sotiabjppellant,
1676 5378 2052 5444 suggestum,

400 5441 502 5514 qui
557 5446 749 5514 totum
809 5442 1129 5514 parietem,
1165 5441 1643 5514 foribusﬂdisetm
1710 5441 2052 5514 oppositum

402 5509 735 5596 prietendit2
765 5509 1161 5596 eum_mc_tai8t
1201 5529 1302 5596 seu
1329 5512 1576 5596 ‘nid_ulo_,
1623 5509 1766 5596 cavo
1791 5509 2051 5596 parietis,

402 5582 462 5641 in
493 5601 606 5657 quo
636 5587 836 5642 sedere
867 5591 924 5642 et
962 5586 1177 5642 cubare
1197 5584 1345 5641 solet
1372 5582 1926 5657 paterfamiliasiaut
1945 5584 2057 5657 ho-

403 5654 816 5731 noratissimus
858 5658 1128 5731 quisque.
1174 5655 1426 5731 Quaﬂde
1473 5654 1818 5731 reconsuli
1875 5655 2049 5713 velim

406 5673 816 5714 noraussimus
858 5673 1128 5786 quisque.
1174 5673 1298 5723 una
1354 5673 1426 5712 ne
1473 5673 1535 5710 re
1587 5673 1818 5711 consuu
1875 5673 1890 5711 ι

406 5727 782 5786 itineratores
811 5745 874 5786 or
897 5730 1144 5786 entales.
1179 5722 1404 5801 Θυρίδες
1435 5729 1576 5784 sunt
1603 5729 1890 5797 fenestrae.

2157 4518 2302 4590 muli
2358 4518 2713 4590 imperiales,
2771 4515 3306 4590 pastumgduoendi
3355 4525 3408 4590 et
3467 4515 3802 4574 reducendi.

2153 4589 2382 4646 Medius
2431 4588 2798 4646 significatus
2848 4589 2943 4644 hic
2992 4588 3236 4646 obtinet.
3279 4588 3512 4644 Primus
3557 4589 3807 4645 occurrit

2156 4661 2372 4732 saepius
2404 4661 2464 4717 in
2489 4658 2740 4717 historia
2772 4660 3072 4728 Romana;
3102 4660 3217 4715 vid.
3251 4658 3488 4715 Gnther.
3525 4677 3657 4732 pag.
3701 4662 3802 4716 641

2154 4739 2214 4788 et
2241 4732 2370 4800 649,
2405 4732 2505 4787 ubi
2554 4733 2637 4787 ait
2678 4732 3008 4800 combinas,
3058 4733 3446 4800 synthemata,
3479 4733 3804 4799 tractorias,

2156 4802 2691 4876 evectiones‘idem
2753 4809 2970 4876 notare,
3026 4818 3234 4873 nempe
3286 4802 3603 4876 codicillos,
3639 4819 3808 4876 quos

2158 4874 2456 4930 cxhibenti
2491 4873 2740 4928 facultas
2772 4874 2945 4929 (iebat
2985 4889 3160 4928 cursu
3211 4873 3445 4944 publico
3478 4873 3700 4930 utendi.
3738 4874 3810 4929 Ut

2158 4955 2350 5028 autem
2381 4944 2606 5028 nemini
2646 4945 2869 5028 licebat.
2899 4946 3122 5028 absque
3153 4944 3652 5028 evectione‘cursu
3692 4961 3810 5028 pu-

2157 5017 2306 5073 blico
2339 5016 2442 5084 uti,
2475 5016 2558 5071 sic
2593 5030 2780 5088 neque
2829 5014 3045 5088 licebat
3086 5030 3268 5088 equos
3300 5014 3533 5088 curules
3566 5016 3631 5088 in
3657 5014 3808 5071 circo

2157 5089 2507 5159 decursuros
2553 5086 2774 5159 absque
2821 5087 3110 5159 permissu
3141 5086 3445 5159 principis
3487 5091 3544 5143 et
3586 5087 3811 5159 absque

2157 5158 2427 5215 combine
2459 5174 2560 5213 seu
2592 5158 2884 5230 evectione
2916 5157 3004 5214 vel
3037 5163 3259 5230 tessera
3290 5157 3806 5230 scriptajuugere;

2156 5230 2273 5302 vidi.
2306 5230 2551 5302 Casaub.
2604 5229 2676 5285 ad
2726 5229 2933 5302 Script.
2982 5229 3133 5302 Hist.
3164 5232 3312 5302 Aug.
3347 5233 3388 5284 t.
3438 5230 3510 5302 il,
3546 5229 3716 5302 p.83.
3747 5231 3814 5286 Et

2158 5301 2298 5374 quia
2321 5301 2700 5374 jubebantur,
2731 5299 2950 5372 quibus
2979 5299 3092 5355 ille
3123 5299 3354 5356 tessera
3378 5299 3810 5368 scribebantur,

2158 5371 2337 5444 equos
2368 5371 2727 5440 combinare,
2752 5371 2866 5428 hoc
2896 5375 2986 5427 est
3015 5375 3148 5427 ante
3179 5387 3417 5428 currum
3469 5388 3637 5444 suum
3669 5375 3810 5443 jun-

2158 5443 2314 5516 gere,
2346 5444 2430 5500 vel
2463 5444 2638 5516 etiam
2671 5443 2983 5514 quadrigas
3013 5458 3148 5498 suas
3181 5459 3316 5498 cum
3342 5443 3644 5516 quadrigis
3665 5444 3812 5516 alte-

2161 5514 2284 5572 rius
2315 5517 2385 5572 de
2423 5514 2538 5570 alia
2570 5517 2820 5586 quadam
2875 5515 3121 5586 factione
3172 5514 3816 5586 componere,“combi-

2160 5604 2297 5643 nare
2347 5587 2519 5659 (quod
2571 5584 2810 5659 ἅμιλλαν
2851 5585 3122 5659 ,ἁρμάτων
3181 5584 3361 5642 ϐπεὸί
3411 5587 3723 5659 dicebant;
3752 5602 3811 5642 v.

2160 5656 2474 5716 Athenbus
2504 5675 2556 5730 p.
2593 5656 2712 5714 {39.
2745 5673 2795 5713 ο.
2838 5656 2988 5730 οφ),
3037 5658 3180 5730 forte
3211 5672 3447 5730 quoque
3472 5657 3814 5730 subscribe.

2162 5733 2340 5790 batur
2369 5727 2617 5802 Augusti
2671 5745 2845 5784 manu
2889 5727 3266 5800 imperativus
3304 5727 3557 5786 cémbina
3596 5745 3616 5783 :
3647 5745 3717 5784 ex
3746 5743 3815 5785 eo
