4138 6212
392 485 506 548 595

1446 474 1978 536 CONSTANTINI
2018 471 2717 537 PORPHYROGENITI

3680 476 3795 537 596

395 641 510 696 ριος
540 622 585 657 ⁸⁵
614 618 822 689 ἀνοίγει
848 614 1043 680 πάντα,
1078 608 1386 685 ἐπείγοντος
1420 606 1475 663 δὲ
1505 610 1600 664 τοῦ
1628 604 1941 683 τριϐούνου,
1968 608 2327 683 κατέρχονται
2368 606 2421 663 ο⁹ί
2467 629 2524 663 τε
2562 608 2781 685 ἡνίοχοι
2812 606 2901 663 καὶ
2933 609 2985 663 οἱ
3029 606 3289 685 βηγάριοι
3319 607 3409 663 καὶ
3441 609 3494 664 οἱ
3525 610 3794 685 θεωρηταὶ

390 695 479 766 καὶ
514 711 540 763 6
572 709 864 777 ἐπιστάτης
898 707 1028 776 (25),
1060 702 1147 757 καὶ
1173 702 1510 776 εἶ’σέργονται
1542 701 1841 780 ἀμφότεροι
1876 700 1952 762 εἷς
1982 700 2045 755 τὸ
2076 695 2480 772 τριϐουνάλιον.

690 874 762 930 De
792 887 958 940 urna,
991 869 1254 943 quomodo
1285 868 1496 939 agitari
1525 867 1739 923 debeat.

464 1036 508 1090 Ι.
560 1033 717 1089 Urna
746 1032 806 1088 in
843 1030 1035 1088 medio
1074 1030 1353 1085 tribunali
1385 1028 1719 1097 constituta,
1755 1026 2041 1083 factione-

397 1126 514 1182 rius
563 1124 709 1179 duos
761 1120 1032 1195 globulos
1077 1119 1345 1176 factionis
1379 1136 1497 1175 suae
1544 1118 1606 1174 in
1655 1117 1885 1174 stabulo
1915 1117 2043 1186 ejus

397 1216 522 1271 loco
571 1212 827 1284 proprio,
860 1211 959 1266 ubi
1001 1215 1056 1266 et
1103 1210 1301 1265 sedem
1347 1225 1515 1265 suam
1556 1208 1749 1274 habet,
1792 1206 2040 1277 reponit,

399 1303 554 1375 quod
605 1301 759 1357 idem
806 1299 1181 1356 factionarius
1233 1299 1468 1355 alterius
1511 1298 1692 1370 partis
1743 1296 1923 1351 facit:
1982 1293 2040 1347 in

400 1392 589 1448 medio
623 1390 1006 1458 silentiarius,
1042 1405 1352 1461 personam
1399 1387 1691 1462 praepositi
1723 1386 2042 1453 sustinens,

402 1481 697 1537 secundus
726 1479 1034 1550 posthunc
1068 1479 1359 1547 tribunus,
1392 1480 1600 1533 tertius
1631 1490 1849 1543 cursor,
1875 1471 2043 1544 quasi

402 1570 643 1627 actuarii
679 1571 822 1639 loco,
864 1572 1108 1638 quartus
1156 1566 1693 1638 combinographus
1732 1565 2045 1634 imperato-

404 1662 551 1725 rius,
577 1670 629 1716 et
651 1676 799 1732 pone
822 1675 1029 1713 urnam
1055 1659 1170 1713 duo
1215 1656 1719 1727 combinographi,
1754 1670 1907 1709 unus
1938 1652 2049 1707 Ve-

405 1755 572 1817 netae,
598 1748 745 1804 alter
770 1747 1040 1815 Prasinze,
1065 1745 1354 1812 adsident,
1388 1763 1421 1800 a
1451 1750 1614 1817 tergo
1646 1745 1852 1799 horum
1895 1758 2051 1797 com-

406 1838 897 1909 binographorum
918 1835 1198 1891 ofﬁciales
1230 1837 1486 1890 adstant.
1512 1834 1741 1906 Aurigze
1766 1833 1824 1887 in
1860 1829 2049 1887 lateri-

406 1930 542 1995 bus,
576 1928 690 1981 duo
722 1927 781 1981 in
816 1942 949 1992 uno,
988 1925 1229 1980 totidem
1274 1924 1333 1979 in
1366 1923 1570 1993 altero,
1603 1938 1853 1995 cumque
1902 1919 2049 1992 ipsis

408 2015 682 2088 praefecti,
699 2015 1197 2071 consident.Tunc
1214 2029 1419 2069 omnes
1440 2013 1823 2084 inspectorem
1846 2024 2049 2076 unum,

410 2106 581 2175 cujus
615 2120 824 2175 nempe
863 2102 1035 2158 factio
1083 2102 1435 2173 praecipuam
1466 2102 1806 2174 dignitatem
1852 2098 2046 2164 habet,

2064 793 2119 857 Α

2389 863 2521 939 Περὶ
2550 870 2649 934 τῆς
2681 858 2837 937 ὄρνεις
2869 866 3002 939 (26),
3043 867 3162 926 πῶς
3204 860 3288 918 δεῖ
3320 862 3556 920 κυλίειν.

2217 1028 2283 1081 α’.
2343 1025 2560 1095 Ἰστέον,
2615 1025 2699 1081 ὅτι
2755 1028 2789 1095 ἡ
2850 1022 2981 1100 ἔργα
3027 1024 3245 1080 ’ίσταται
3306 1023 3358 1079 ἐν
3400 1029 3479 1097 τῷ
3514 1025 3661 1098 μέσῳ
3697 1029 3800 1079 τοῦ

2145 1111 2559 1191 τριϐουναλίου,
2608 1117 2698 1171 καὶ
2752 1117 2779 1169 6
2830 1114 3212 1193 φακτιονὰίριος
3252 1116 3392 1169 τιθεῖ
3436 1115 3512 1175 εἷς
3575 1115 3637 1169 τὸ
3699 1137 3801 1191 φα-

2147 1203 2292 1259 τνίον
2325 1212 2424 1274 τῆς
2458 1203 2617 1280 ὅρνας
2648 1207 2715 1259 τὰ
2756 1202 2851 1260 δύο
2900 1204 3123 1282 σφαιρία
3170 1207 3283 1277 (27)
3330 1208 3427 1259 τοῦ
3475 1203 3669 1279 μέρους
3703 1204 3799 1258 a6-

2148 1300 2244 1350 τοῦ
2295 1297 2380 1351 ἐπὶ
2430 1297 2521 1351 τὸν
2567 1298 2733 1351 τόπον
2786 1297 2878 1351 τὸν
2927 1293 3071 1350 ’ἰδιον
3118 1298 3183 1365 ⁸⁷,
3234 1293 3359 1360 ἔνθα
3406 1296 3499 1351 καὶ
3546 1296 3799 1366 κάθηται,

2151 1385 2361 1458 ὁμοίως
2390 1390 2549 1440 τοῦτο
2580 1391 2728 1440 ποιεῖ
2777 1387 2865 1440 καὶ
2896 1387 2923 1439 6
2952 1389 3051 1439 τοῦ
3098 1386 3281 1459 ἑτέρου
3336 1387 3534 1459 μέρους
3578 1405 3802 1464 φακτιο·

2151 1476 2357 1548 νάριοςο
2392 1475 2466 1537 εἷς
2510 1473 2565 1529 δὲ
2608 1476 2670 1531 τὸ
2723 1476 2885 1548 μέσον
2928 1476 3208 1543 καθέζεται
3253 1473 3312 1528 ἐκ
3357 1474 3654 1548 προσώπου
3688 1478 3803 1547 (28)

2149 1568 2247 1620 τοῦ
2286 1565 2652 1639 πραιποσίτου
2702 1563 3084 1640 σιλεντιάριος,
3138 1561 3384 1637 δεύτερος
3439 1567 3553 1638 μετ’
3603 1567 3801 1619 ἐκεῖνον

2154 1655 2181 1708 6
2211 1648 2516 1728 τριϐοὖνος,
2545 1656 2729 1729 τρίτος
2778 1655 2805 1708 ὁ
2836 1654 3111 1730 κούρσωρ,
3163 1653 3237 1714 ὡς
3281 1652 3339 1708 ἐκ
3375 1654 3672 1728 προσώπου
3706 1658 3804 1708 τοῦ

2155 1743 2501 1816 ἀκτουαρίου,
2560 1742 2814 1817 τέταρτος
2878 1744 2905 1796 6
2978 1741 3264 1817 βασιλικὸς
3321 1738 3802 1821 κομϐηνογράφος,

2154 1831 2242 1886 καὶ
2292 1828 2509 1895 ὄπισθεν
2548 1839 2648 1901 τῆς
2705 1827 2865 1906 ὄρνεις
2908 1829 3019 1886 δύω
3053 1827 3531 1906 κομϐηνογράφοι,
3577 1833 3650 1893 εἷς
3711 1833 3805 1886 Βέ-

2156 1923 2309 1976 νέτου
2340 1922 2427 1975 καὶ
2461 1922 2540 1983 εἷς
2583 1921 2871 1994 Πρασίνου,
2905 1916 3123 1975 ὄπισθεν
3156 1918 3213 1975 δὲ
3240 1925 3350 1975 τῶν
3378 1920 3643 1975 τοιούτων
3668 1942 3805 1992 κομ·

2157 2004 2514 2088 ϐηνογράερων
2562 2008 2913 2083 παρίστανται
2960 2010 3011 2063 oi
3062 2008 3405 2085 ὀφφικιάλιοι
3452 2011 3582 2082 (29).
3628 2010 3696 2066 Οἱ
3748 2007 3805 2063 δὲ

2156 2097 2382 2176 ἡνίοχοι
2434 2099 2492 2153 ἐκ
2538 2096 2785 2173 πλαγίων
2843 2098 3180 2167 καθέζονται,
3232 2095 3328 2152 δύο
3377 2093 3520 2152 ἔνθεν
3563 2099 3653 2152 καὶ
3704 2096 3803 2152 δύο

413 2194 732 2261 adducunt,
776 2196 840 2247 ut
880 2208 1088 2247 urnam
1135 2196 1397 2260 moveat;
1430 2192 1482 2247 is
1528 2192 1586 2246 in
1623 2190 1811 2246 medio
1842 2185 2050 2243 consti-

2164 2186 2379 2254 ἐκεῖθεν,
2419 2187 2509 2242 καὶ
2575 2190 2690 2260 μετ’
2745 2187 2917 2242 αὐτῶν
2974 2189 3025 2242 οἱ
3075 2186 3375 2243 ἐπιστάται.
3436 2188 3569 2242 Εἶτα
3621 2188 3809 2266 φέρου-

410 2284 594 2351 tutus,
621 2280 967 2337 sententiam
1000 2281 1106 2336 hos
1129 2284 1378 2352 quatuor
1403 2288 1563 2352 rogat
1587 2284 1643 2335 et
1662 2278 1834 2335 dicit:
1857 2299 1877 2326 α
1905 2275 2054 2340 Quo-

414 2371 585 2427 modo
607 2371 854 2442 jubetis,
886 2386 1065 2441 equos
1089 2370 1408 2426 instructos
1432 2371 1820 2441 probatosque
1842 2364 1925 2421 uti
1956 2380 2056 2419 vos

413 2460 661 2530 habetis,
686 2465 866 2516 etnos
888 2459 1187 2515 habemus.
1214 2480 1241 2509 ››
1273 2461 1405 2525 Quae
1434 2465 1740 2531 postquam
1763 2458 2059 2527 inspector

416 2548 720 2617 ordinavit,
753 2548 823 2602 ad
856 2546 1090 2618 aurigas
1122 2548 1303 2603 dicit:
1337 2570 1364 2596 «
1399 2550 1696 2613 Quomodo
1730 2548 1990 2618 jubetis;
2027 2571 2055 2599 »

415 2642 473 2692 et
503 2637 699 2690 statim
732 2634 937 2705 globos
968 2651 1002 2689 a
1032 2634 1264 2690 stabulo
1291 2634 1464 2702 tollit,
1497 2652 1712 2707 eosque
1758 2637 1817 2691 in
1851 2654 2053 2694 urnam

414 2722 669 2795 projicit,
712 2724 916 2793 quater
959 2722 1195 2793 agitata,
1242 2723 1577 2795 quicunque
1634 2725 1908 2797 globulus
1967 2743 2060 2783 re-

417 2812 655 2880 mansit,
687 2812 820 2881 exit,
852 2816 908 2866 et
939 2812 1130 2867 subito
1160 2811 1474 2881 definiunt,
1508 2830 1574 2869 ac
1611 2827 1818 2871 vocant
1857 2834 2059 2874 omnes

419 2901 689 2957 sinistros
722 2904 973 2972 quatuor
1004 2900 1358 2973 palmarum,
1392 2906 1449 2958 et
1498 2905 1700 2960 ordine
1730 2904 2059 2977 discedunt,

418 2991 602 3062 inque
651 2990 1015 3046 urnatorium
1075 3006 1136 3047 se
1186 2992 1496 3063 recipiunt,
1542 2993 1641 3048 ubi
1699 2994 1882 3067 trigas
1928 3012 2064 3051 suas

421 3080 574 3135 inter
606 3096 666 3138 se
697 3083 1043 3153 comparant
1092 3085 1146 3136 et
1194 3080 1487 3152 ordinant,
1523 3082 1662 3139 dum
1706 3082 2063 3156 inspectores

2167 2298 2247 2331 σιν
2306 2278 2602 2355 ἀμφότεροι
2657 2279 2938 2351 θεωρητὴν
2987 2275 3100 2346 ἕνα,
3155 2279 3269 2331 οἷον
3315 2274 3477 2352 μέρος
3518 2276 3633 2351 ἔχει
3677 2299 3813 2352 προ-

2162 2367 2409 2440 τίμησιν,
2442 2364 2534 2420 ’ίνα
2568 2365 2789 2441 κυλίσῃ,
2829 2371 2926 2421 τοῦ
2983 2364 3039 2421 δὲ
3095 2366 3384 2439 ἱσταμένου
3425 2365 3475 2420 ἐν
3516 2371 3597 2438 τῷ
3639 2366 3810 2441 μέσῳ,

2169 2452 2437 2530 λαμϐάνει
2495 2457 2720 2529 γνώμην
2757 2460 2864 2510 τῶν
2911 2453 2953 2509 δ’
2993 2457 3127 2529 (30),
3169 2457 3257 2510 καὶ
3297 2454 3461 2530 λέγει·
3496 2479 3526 2505 ‹‹
3568 2462 3691 2518 Πῶς
3724 2478 3816 2512 κε·-

2168 2544 2372 2612 λεύετε,
2433 2544 2666 2619 ἱππάρια
2726 2545 2791 2599 τὰ
2850 2544 3211 2618 προζεύξαντα
3255 2546 3367 2618 (31)
3419 2543 3508 2597 καὶ
3548 2547 3816 2620 γνωριζό-

2172 2655 2305 2707 μενα
2337 2630 2440 2695 ἕως
2480 2632 2609 2688 ὅτου
2643 2631 2818 2708 ἔχετε,
2852 2635 2940 2689 καὶ
2965 2628 3190 2708 ἔχομεν.
3216 2657 3246 2685 ››
3282 2634 3384 2691 Καὶ
3424 2636 3818 2707 συνταξάμενος

2171 2725 2198 2775 ὸ
2237 2724 2538 2795 θεωρητὴς,
2580 2722 2726 2797 λέγει
2784 2724 2919 2800 πρὸς
2972 2722 3099 2784 τοὺς
3157 2719 3442 2797 ἡνιὸχους·
3497 2748 3525 2775 ‹‹
3570 2728 3692 2786 Πῶς
3732 2745 3822 2778 xs-

2171 2812 2374 2883 λεύετε,
2416 2834 2444 2863 ››
2485 2813 2573 2866 καὶ
2617 2811 2811 2876 εὐθέως
2866 2812 3007 2888 αἶ’ρει
3062 2811 3129 2866 τὰ
3186 2812 3405 2887 σφαιρία
3447 2814 3551 2867 ἀπὸ
3590 2817 3686 2867 τοῦ
3727 2834 3826 2891 φα-

2169 2902 2343 2969 τνίου,
2375 2900 2464 2957 καὶ
2509 2900 2706 2975 βάλλει
2747 2901 2881 2957 αὐτᾶ
2919 2902 2995 2964 εἷς
3030 2903 3129 2971 τὴν
3173 2900 3330 2978 ὄρναν
3368 2902 3458 2957 καὶ
3496 2902 3673 2959 κυλίει
3714 2904 3827 2975 τρί-

2169 3013 2281 3063 τον,
2322 2991 2413 3047 καί
2453 2994 2575 3046 οἷον
2637 2992 2695 3047 ἂν
2755 2991 2974 3068 χαλάσῃ
3031 2996 3142 3065 (3'2)
3202 2992 3472 3072 σφαιρίον,
3526 2993 3822 3067 ἐξέρχεται,

2171 3083 2259 3136 καὶ
2315 3080 2513 3143 εὐθέως
2591 3080 2854 3155 ὁρίζουσι,
2934 3081 3025 3136 καὶ
3103 3080 3462 3155 ὀνομάζουσιν
3520 3082 3826 3159 ἀμφότεροι

1784 3209 2020 3264 νΑΒΙλΕ
2058 3207 2468 3265 LECTIONES.

491 3312 535 3347 ⁶⁶
562 3310 789 3375 τούτους
816 3311 882 3365 τὰ
913 3311 1216 3386 κάγκελλα,
1251 3313 1279 3367 ὁ
1323 3335 1383 3385 μ.
1417 3316 1505 3371 ed.
1586 3316 1629 3350 ⁸⁷
1657 3313 1826 3369 τόπον
1852 3312 1995 3370 ’ἰδιον
2036 3317 2128 3373 ed.

1462 3445 1661 3501 JOAN.
1702 3447 1846 3502 JAC.
1889 3446 2151 3503 REISKII
2188 3444 2776 3502 COMMENTARIUS.

427 3541 715 3618 cujusque
730 3541 1065 3609 factionis,e
1087 3543 1302 3614 quibus
1324 3542 1751 3618 equietcurrus
1768 3545 2074 3602 emittendi
2107 3548 2149 3614 C
2180 3562 2287 3602 seu
2319 3563 2515 3618 capsa,
2542 3545 2740 3602 arcula
2768 3544 3041 3618 oblonga,
3066 3549 3390 3616 spectatum
3426 3549 3483 3618 et
3513 3546 3829 3603 indicatum

429 3615 767 3685 incursum
809 3618 1007 3679 erant;
1045 3630 1234 3685 neque
1274 3620 1398 3669 erat
1442 3617 1789 3683 verendum,
1837 3622 1899 3672 ut
1947 3634 2079 3673 can-

429 3683 797 3759 cellus_unus
830 3684 1097 3759 fragilior
1126 3683 1283 3742 esset
1312 3686 1513 3759 altero.
1556 3689 1619 3742 ln
1650 3690 1817 3759 equis
1846 3689 1959 3744 alia
1990 3697 2077 3745 est

428 3756 598 3812 ratio.
625 3755 770 3811 Nam
805 3758 877 3813 ad
900 3757 1196 3813 victoriam
1239 3758 1614 3814 obtinendam
1648 3755 1901 3815 multum
1930 3762 2079 3816 vale-

430 3828 533 3883 bat
564 3828 739 3903 fortes
776 3834 875 3884 aut
922 3828 1170 3897 debiles,
1210 3846 1386 3886 sanos
1426 3834 1527 3885 aut
1570 3832 1868 3887 morbidos
1899 3847 2078 3903 equos

430 3914 575 3956 esse.
613 3900 778 3955 Forte
824 3905 1023 3956 tamen
1054 3918 1122 3957 ea
1149 3903 1389 3956 omnino
1432 3906 1553 3959 erat
1598 3904 1745 3959 ratio
1785 3900 2077 3960 cancellos

430 3973 736 4047 ambarum
762 3972 1081 4028 factionum
1114 3973 1268 4047 inter
1296 3989 1359 4029 se
1391 3976 1787 4045 comparandi,
1816 3976 1952 4047 quia
1981 3991 2078 4031 ve-

432 4044 679 4118 rendum
734 4049 994 4118 erat,_ne
1042 4045 1351 4112 cariosum,
1388 4046 1434 4100 si
1481 4044 1629 4118 forte
1685 4044 1851 4118 quod
1900 4052 2077 4111 esset,

435 4115 660 4187 lignum
684 4116 923 4172 cancelli
949 4115 1816 4187 perrumperentanhelante'sin
1838 4134 2078 4173 cursum

436 4186 592 4262 equi.
624 4187 786 4262 Quod
818 4187 961 4243 satis
981 4186 1250 4262 indicare
1297 4188 1525 4262 videtur
1563 4190 1837 4247 Sidonius
1867 4189 2079 4262 Apolli-

440 4260 596 4316 naris
626 4259 685 4314 in
715 4258 1067 4331 Panegyrico
1096 4260 1377 4316 Narbonae
1408 4260 1499 4314 his
1528 4262 1718 4318 verbis
1754 4278 1768 4318 :

582 4366 884 4437 Hortantur
907 4364 1083 4421 obiter
1119 4366 1416 4437 iuvantque
1455 4366 1676 4422 blandis

590 4437 737 4492 Ultro
761 4436 1079 4507 plausibus,
1111 4444 1164 4490 et
1192 4436 1574 4507 voluptuosum

585 4509 804 4562 Dictant
834 4507 1372 4578 quadrupedantibus
1401 4511 1669 4577 furorem.

584 4578 679 4653 illi
706 4578 775 4632 ad
804 4578 1045 4653 claustra
1074 4581 1346 4653 fremunt,
1378 4582 1764 4653 repagulisque

585 4652 939 4719 Incumbunt,
972 4651 1140 4705 simul
1159 4653 1212 4704 et
1236 4666 1335 4721 per
1363 4651 1639 4706 obseratas

588 4723 978 4793 Transfumant
1006 4722 1241 4791 tabulas,
1265 4726 1321 4776 et
1346 4732 1476 4777 ante
1493 4739 1712 4779 cursum

590 4792 823 4862 Campus
849 4792 1083 4863 ﬂatibus
1114 4800 1417 4861 occupatur
1446 4796 1660 4851 absens.

586 4866 900 4941 Impeltunt,
936 4864 1521 4941 trep_idant,_trahunt,
1557 4877 1887 4941 repugnant,

585 4937 919 5001 Ardescunt,
951 4936 1179 5010 saliunt,
1222 4938 1432 5003 timent,
1468 4936 1762 5010 timentur,

584 5010 689 5064 Nec
714 5007 1265 5080 gressumicohibent,
1292 5010 1396 5064 sed
1428 5010 1671 5080 inquieto

584 5081 856 5135 Duratum
885 5079 1021 5151 pede
1050 5081 1291 5150 stipitem
1315 5079 1625 5150 ﬂagellant.

585 5151 818 5226 Tandem
844 5166 1133 5226 murmure
1162 5152 1409 5209 buccmw
1436 5155 1727 5226 strepentis

582 5222 888 5295 Suspensas
918 5223 1139 5279 tubicen
1169 5238 1365 5278 vocans
1391 5222 1699 5295 quadrigas

586 5296 787 5367 E/fudit
818 5295 1016 5352 celeres
1044 5296 1103 5350 in
1133 5311 1269 5350 arva
1298 5311 1516 5353 currus.

512 5404 621 5473 (‘25)
651 5406 752 5459 Est
781 5402 900 5471 ille,
924 5403 1024 5475 qui
1045 5401 1145 5469 τήν
1171 5399 1517 5474 ἐπιστήμην,
1558 5403 1771 5459 bonum
1805 5404 2089 5475 ordinem,

441 5475 1541 5559 modestiam,disc-iplinamncircensem
1573 5476 1864 5531 observari
1907 5486 2090 5548 curat,

443 5549 512 5602 de
542 5564 655 5618 qua
685 5549 842 5603 vocis
866 5549 1101 5603 notione
1125 5546 1264 5601 alibi
1297 5562 1423 5617 ago.
2075 5546 2084 5548 ἡ

477 5620 623 5698 Δ(26)
658 5618 786 5698 Haec
817 5634 969 5698 urna.
993 5618 1273 5698 circensis
1297 5624 1459 5698 extra
1491 5633 1633 5698 usus
1664 5620 1898 5698 tempus
1930 5636 2090 5692 repo-

444 5690 552 5745 sita
582 5696 706 5745 erat
736 5691 794 5745 in
826 5689 1096 5745 vestiario
1130 5689 1307 5759 regio,
1344 5693 1407 5742 ut
1438 5693 1593 5758 patet
1622 5705 1652 5743 e
1692 5706 1746 5759 p.
1789 5691 1915 5746 211.

513 5708 552 5743 .a
582 5706 706 5745 erat
736 5706 794 5745 1n
826 5706 1096 5745 vestiario
1130 5706 1307 5759 regio,
1344 5706 1407 5742 υι
1438 5706 1593 5758 patet
1622 5706 1652 5743 e
1734 5732 1746 5744 .
1789 5706 1915 5746 zu.

513 5762 629 5833 (27)
672 5761 816 5833 Ergo
849 5775 1093 5835 qumque
1126 5759 1296 5813 factio
1339 5758 1527 5835 binos
1548 5706 1791 5835 habeﬁat
1819 5763 2089 5835 globulos

444 5833 503 5888 in
524 5830 1115 5894 'urnam'miitendos,
1149 5844 1276 5899 quae
1299 5830 1463 5899 prius
1496 5831 1782 5888 debebant
1801 5830 1860 5891 in
1883 5834 2089 5912 φατνίῳ

2184 3617 2511 3688 exponi,ita
2532 3624 2596 3673 ut
2616 3619 2731 3673 duo
2758 3617 3221 3689 globuliVenetae
3248 3617 3516 3689 factionis
3541 3634 3666 3673 eam
3692 3618 3833 3674 circi

2186 3687 2429 3762 partem,
2454 3690 2514 3745 in
2541 3707 2658 3761 qua
2687 3687 2884 3746 Veneti
2925 3690 3212 3762 sederent,
3236 3693 3291 3745 et
3315 3687 3535 3762 globuli
3584 3689 3830 3745 Prasinae

2187 3760 2453 3817 factionis
2486 3760 2613 3817 eam
2655 3770 2900 3833 partem,
2934 3762 2993 3817 in
3024 3777 3140 3831 qua
3182 3760 3407 3816 Prasini
3450 3764 3717 3817 sederent
3749 3779 3831 3818 re-

2187 3834 2498 3889 snicerent.

2221 3850 2590 3975 ngggei’licem
2621 3919 2835 3974 gerens,
2870 3904 3043 3958 locum
3075 3911 3281 3971 tenens,
3314 3903 3411 3974 qui
3444 3920 3545 3973 pro
3584 3919 3834 3975 persona

2188 3974 2440 4046 alicujus
2468 3980 2577 4032 est.
2614 3975 2799 4031 Latini
2832 3976 3006 4030 medii
3031 3975 3132 4030 aevi
3164 3977 3523 4047 imaginarios
3555 3974 3696 4031 tales
3736 3993 3835 4047 ap-

2190 4048 2509 4127 pellsbeet-
2540 4046 2672 4127 .Vid-
2705 4054 2793 4127 De
2821 4047 3011 4127 causa
3046 4048 3101 4101 ιι-
3139 4063 3192 4101 ν·

2259 4118 2783 4189 (29)Ofticiales,ad
2811 4117 3067 4174 ofﬁcium
3096 4117 3841 4187 pertinentes,democralas

2190 4192 2431 4259 scilicet,
2459 4197 2578 4259 aut,
2603 4190 2652 4245 si
2684 4190 2874 4260 malis,
2909 4189 3231 4256 demarchi,
3256 4194 3321 4245 ut
3356 4194 3523 4245 erant
3555 4190 3840 4261 magistri,

2192 4277 2473 4331 cursores,
2504 4263 2837 4335 agitatores,
2870 4268 2973 4316 etc.

2263 4335 2373 4416 (39)
2400 4331 2751 4416 Agitatprum
2786 4348 3010 4416 nempe,
3035 4331 3496 4416 quorum‘binos
3519 4332 3589 4388 de
3622 4331 3842 4416 veneta

2191 4409 2250 4461 et
2269 4403 2541 4462 binos—de
2572 4405 2815 4460 Prasina
2837 4405 2894 4459 in
2923 4403 3025 4459 illo
3055 4403 3338 4459 sortiendi
3370 4409 3503 4459 actu
3527 4404 3840 4473 assedisse,

2193 4477 2361 4549 paulo
2388 4483 2519 4549 ante
2549 4477 2755 4549 Noster
2784 4476 3025 4549 dixerat.

2264 4549 2377 4620 (31)
2399 4548 2642 4604 Videtur
2676 4548 3007 4620 signiﬁcare
3039 4561 3224 4620 equos,
3250 4546 3348 4620 qui
3390 4550 3564 4620 antea
3594 4547 3716 4620 jam
3749 4562 3844 4602 cu.

2194 4618 2483 4675 curre'rint
2520 4621 2578 4675 in
2625 4618 2780 4675 ludis
2820 4618 3182 4674 circensibus
3213 4622 3271 4672 et
3302 4618 3489 4687 juncti
3536 4618 3689 4689 bigis
3741 4622 3844 4672 aut

2197 4692 2518 4763 quadrigis,
2548 4696 2609 4763 et
2628 4692 2872 4763 __clarum
2924 4705 3134 4745 nomen
3175 4690 3381 4763 adepti
3419 4690 3653 4763 fuerint.
3688 4690 3839 4754 Quid

2196 4758 2392 4817 autem
2409 4758 2596 4819 'dictio
2626 4758 2729 4823 ἕως
2762 4761 2911 4831 ὅτου,
2944 4777 3245 4834 quousque,
3275 4758 3385 4817 sibi
3415 4760 3572 4834 velit,
3592 4778 3705 4817 non
3745 4778 3844 4834 eir-

2197 4839 2361 4904 puto.
2386 4834 2640 4906 Tempus
2681 4830 2992 4905 designari,
3019 4830 3175 4903 patet
3215 4848 3245 4887 e
3283 4833 3546 4906 sequenti
3585 4830 3844 4906 συνταξα-

2206 4923 2365 4977 μενος
2395 4904 2679 4977 postquam
2710 4904 2983 4977 inspector
3027 4908 3247 4977 tempus
3282 4904 3542 4977 ambabus
3582 4904 3847 4977 factioni—

2204 4974 2301 5033 bus
2329 4974 2596 5048 placitum
2626 4974 3012 5033 constituisset.
3038 4975 3150 5032 Sed
3182 4974 3375 5031 locum
3409 4976 3564 5031 hunc
3587 4992 3652 5032 ex
3684 4975 3845 5031 inte—

2202 5066 2302 5119 gro
2345 5067 2458 5105 non
2490 5050 2772 5119 intelligo.

2273 5121 2386 5193 (32)
2427 5122 2489 5176 Id
2528 5126 2617 5177 est
2664 5112 2981 5193 ἔξάλληται,
3043 5118 3306 5193 exsiliat.‘
3335 5117 3482 5193 Nam
3532 5120 3593 5175 in
3643 5133 3845 5193 gyrum

2203 5189 2572 5262 quatiebatur
2591 5189 2740 5248 urna
2763 5197 2849 5247 ter
2870 5192 2972 5258 ita,
2994 5194 3058 5245 ut
3081 5207 3231 5245 unus
3255 5189 3525 5262 globulus
3562 5189 3844 5246 exsiliret.

2202 5263 2383 5332 Cujus
2420 5266 2499 5318 rei
2534 5264 2715 5321 fuisse
2752 5268 2956 5329 artem,
2984 5263 3065 5317 ita
3094 5266 3177 5327 ut,
3210 5262 3309 5333 qui
3342 5262 3585 5329 agitaret
3614 5277 3847 5327 urnam,

2243 5339 2401 5390 osset
2421 5336 2669 5403 efficere,
2710 5344 2769 5391 ut
2805 5335 3017 5407 globus
3060 5334 3261 5405 partis,
3295 5334 3386 5387 cui
3430 5334 3675 5407 faveret,
3703 5332 3853 5407 exsif

2243 5352 2401 5390 osset
2421 5352 2669 5403 elucere,
2710 5352 2769 5391 ut
2805 5352 3017 5407 gtonus
3060 5352 3261 5405 partis,
3295 5352 3386 5387 cui
3430 5352 3661 5400 raveret,
3703 5352 3850 5387 exsr-

2202 5352 2351 5471 iiret,
2376 5412 2606 5463 constat
2627 5424 2657 5463 e
2680 5424 2736 5479 p.
2768 5408 2895 5463 212.
2912 5411 3101 5474 Quare
3121 5416 3314 5459 autem
3338 5410 3591 5473 quatuor
3625 5402 3850 5475 globuli

2202 5482 2259 5533 et
2282 5495 2394 5533 non
2422 5480 2537 5536 duo
2563 5479 2620 5534 in
2647 5496 2853 5535 urnam
2896 5479 3291 5549 injicerentur,
3331 5493 3462 5532 cum
3506 5494 3618 5532 non
3652 5482 3853 5531 essent

2201 5550 2314 5605 nisi
2357 5551 2482 5606 duae
2524 5551 2806 5607 factiones
2850 5551 3181 5615 sortientcs,
3228 5565 3340 5603 non
3392 5555 3623 5619 exputo,
3667 5563 3855 5617 neque

2202 5623 2340 5696 quid
2374 5623 2480 5677 sibi
2520 5624 2655 5678 velit
2684 5621 3065 5696 éE_épxa1at,_et
3096 5620 3376 5696 redeatne
3404 5623 3473 5696 ad
3512 5619 3603 5672 τὸν
3634 5619 3855 5696 θεωρη-

2198 5690 2417 5771 {nmen
2443 5690 2955 5771 aduacpazplo'v'IEM
2986 5692 3278 5771 haecnpars
3321 5690 3669 5771 libri‘nostri
3719 5690 3853 5771 quas,

2186 5767 2271 5833 de
2288 5763 2643 5822 circensibus
2669 5763 2812 5839 agit,
2840 5767 2993 5821 inter
3014 5763 3397 5819 difficillimas
3426 5768 3481 5820 et
3502 5764 3854 5819 obscurissi-

2200 5852 2347 5892 mas.
