4138 6212
371 383 490 441 599

1431 380 1958 440 CONSTANTINI
2006 378 2703 442 PORPHYROGENITI

3651 379 3769 439 600

371 517 567 572 statim
599 516 880 587 hymnum
928 515 989 570 in
1046 514 1324 571 honorem
1382 515 1681 571 Trinitatis
1713 515 1957 572 recitant

2120 511 2328 586 ἡμέραν
2360 515 2677 587 ποιήσωμεν
2727 515 2777 569 οἱ
2828 515 3044 571 Βενετοι
3098 514 3231 588 μετᾶ
3259 520 3355 571 τοῦ
3387 513 3703 591 δημάρχου·
3736 541 3765 569 ››

377 628 397 654 ι
432 604 770 659 Trinitatem
802 620 906 658 nos
941 602 1137 658 Veneti
1167 604 1441 676 (Prasini)
1472 619 1778 670 canamus,
1813 605 2010 661 Domi-

369 708 511 747 num
546 690 793 747 universi
823 691 1131 763 Deumque
1160 697 1451 763 nostrum,
1484 710 1663 749 unam
1695 693 2009 750 indivisam

365 780 756 850 Divinitatem,
790 783 879 837 ter
920 781 1362 837 substantialem
1387 783 1747 853 majestatem
1769 788 1827 839 et
1856 790 2014 856 pote-

366 876 595 937 statem,
611 873 743 924 ante
759 869 957 925 omnia
976 870 1189 926 saecula
1208 872 1602 940 exsistentem,
1618 873 1796 944 inque
1812 874 2011 931 omnia

364 958 569 1013 saecula
604 974 1049 1029 permansuram
1088 960 1100 1012 l
1154 960 1379 1016 Lumen
1410 960 1519 1017 hoc
1558 962 1726 1033 quasi
1758 962 2009 1035 triplicis

364 1047 505 1103 solis
538 1046 1332 1117 est,quoorbisilluminalur
1364 1048 1376 1102 !
1412 1050 1594 1105 Deum
1611 1051 2010 1119 caalestem,ex

361 1135 599 1207 Virgine
629 1136 799 1191 nobis
832 1144 1054 1206 natum,
1085 1136 1470 1206 celebremus,
1501 1139 1600 1209 qui
1634 1156 1766 1195 cum
1800 1146 2005 1198 natura

361 1242 470 1280 sua
505 1225 808 1281 hominum
867 1225 1309 1282 amantissimus
1338 1227 1435 1295 sit,
1468 1227 1643 1284 homo
1675 1229 1795 1284 fieri
1828 1230 2006 1286 voluit

358 1315 666 1395 primoque
696 1319 934 1386 parente
967 1322 1163 1370 noslro
1194 1316 1265 1371 ab
1300 1316 1544 1387 antiquo
1585 1324 1821 1388 peccato
1861 1318 2004 1377 libe-

358 1408 502 1465 rato,
535 1408 723 1459 totum
756 1404 1047 1459 mundum
1080 1404 1395 1461 miseratus
1426 1410 1531 1461 est.
1597 1406 1791 1464 Gloria
1818 1408 2003 1481 ipsius

354 1492 623 1551 bonitati.

428 1676 525 1731 ΙΙΙ.
559 1677 838 1733 Cantores
871 1676 1074 1734 dicunt
1108 1694 1121 1732 :
1154 1701 1182 1728 «
1211 1677 1474 1746 Domine,
1506 1679 1576 1736 N.
1618 1679 1685 1737 N.
1713 1681 1999 1738 Romano—

354 1783 485 1821 rum
546 1768 923 1836 imperatores
980 1784 1291 1836 conserva;
1337 1769 1639 1841 npOpulus
1660 1774 1746 1827 ter
1777 1788 1789 1826 :
1824 1794 1852 1821 «
1891 1773 2000 1827 Do-

353 1855 530 1920 mine,
582 1873 766 1912 serva.
829 1878 859 1906 »
890 1856 1167 1912 Cantores
1198 1874 1209 1912 :
1240 1879 1268 1908 ››
1298 1858 1404 1922 Qui
1435 1858 1495 1912 in
1540 1859 1815 1916 Trinitate
1846 1862 1995 1917 cele-
2026 1882 2074 1947 B

351 1944 562 2013 braris,
593 1947 886 2017 Augustas
910 1946 1159 2015 adjuva!
1192 1968 1213 1996 ι
1237 1947 1485 2019 populus
1509 1953 1630 2004 ter:
1665 1972 1692 1999 ‹‹
1725 1950 1990 2019 Domine,

351 2048 534 2087 serva.
572 2056 598 2082 »
667 2034 944 2090 Cantores
977 2051 992 2090 :
1026 2057 1054 2085 ‹‹
1086 2035 1610 2108 Porphyrogenitos
1648 2041 1896 2108 custodi,
1930 2046 1992 2097 tu

349 2121 449 2191 qui
508 2121 567 2176 in
618 2123 781 2177 cmlis
835 2123 1127 2179 laudaris!
1171 2125 1421 2196 populus
1479 2134 1608 2183 ter:
1644 2151 1672 2178 ‹‹
1730 2129 1992 2199 Domine,

345 2225 529 2265 serva.
564 2232 592 2259 ››
616 2210 890 2266 Cantores
924 2229 937 2266 :
972 2235 999 2261 ‹‹
1023 2214 1178 2283 Auge
1203 2215 1446 2284 imperii,
1463 2231 1610 2287 auge
1640 2221 1993 2275 Venetorum

341 2297 761 2354 felicitatem!»
782 2299 1032 2371 p0pulus
1063 2306 1151 2357 ter
1182 2318 1197 2358 :
1233 2325 1261 2352 ‹‹
1284 2303 1549 2375 Domine,
1566 2307 1759 2361 serva!
1789 2330 1810 2357 ι
1837 2309 1995 2364 Tunc

343 2404 560 2458 organo
582 2389 891 2459 trisagium
908 2391 1262 2463 modulante,
1279 2401 1539 2449 cantores
1561 2394 1764 2451 dicunt
1796 2412 1809 2451 :
1834 2420 1862 2447 «
1886 2397 1995 2453 Ter

344 2481 568 2545 sancte,
629 2478 901 2534 dominos
958 2480 1170 2550 adjuva
1213 2480 1226 2535 !
1274 2501 1302 2534 ι
1352 2483 1600 2554 populus
1646 2489 1734 2539 ter
1766 2501 1832 2539 :«
1885 2487 1995 2542 Ter

343 2574 562 2622 sancte.
596 2585 622 2617 ν
656 2567 930 2623 Cantores
962 2584 976 2622 :
1010 2591 1038 2617 α
1072 2569 1155 2623 Tu
1180 2570 1238 2624 in
1263 2571 1537 2626 omnibus
1566 2588 1765 2628 curam
1787 2591 1991 2630 eorum

340 2654 507 2725 gere!
542 2678 571 2705 ››
614 2656 869 2727 populus
901 2657 1090 2713 eadem
1138 2662 1242 2713 ter.
1274 2680 1303 2709 «
1366 2660 1677 2732 Adaugens
1726 2668 1995 2734 tempora

334 2744 461 2799 vita:
503 2745 761 2815 ipsorum
795 2765 809 2814 ;
847 2767 870 2797 ι
932 2746 1088 2801 184
1120 2746 1202 2803 sic
1247 2750 1502 2819 populus
1536 2758 1642 2807 ter.
1679 2754 1988 2809 Cantores:

338 2856 367 2884 «
401 2835 545 2889 Cum
578 2834 1054 2906 imperatricibus
1073 2836 1185 2907 piis
1203 2836 1424 2908 Deique
1446 2840 1783 2896 amantibus
1806 2866 1820 2909 ;
1845 2863 1875 2891 ››
1897 2858 1995 2914 po-

342 2924 517 2995 pulus
540 2927 743 2980 eadem
766 2929 872 2981 ter.
909 2924 1185 2982 Cantores
1218 2942 1232 2981 :
1261 2947 1288 2977 ‹‹
1313 2925 1456 2982 Cum
1484 2927 1716 2986 Venetis
1741 2930 1998 2989 humilli'

338 3015 453 3069 mis
483 3014 663 3071 servis
698 3016 940 3082 vestris;
968 3036 997 3063 ››
1058 3014 1312 3087 p0pulus
1342 3016 1629 3074 similiter.
1664 3020 1942 3079 Cantores
1977 3041 1991 3080 :

340 3124 368 3153 ‹‹
393 3107 622 3172 Sancte,
646 3107 735 3159 ter
762 3108 986 3174 sancte,
1028 3105 1297 3161 dominos
1356 3111 1518 3162 tuere
1548 3124 1562 3170 ;
1596 3129 1624 3157 »
1656 3110 1858 3165 eadem
1887 3128 1992 3183 po-

338 3191 515 3263 pulus
536 3198 625 3247 ter
646 3193 877 3265 repetit,
908 3194 1217 3250 Cantores:
1244 3216 1272 3244 «
1301 3195 1556 3267 Spiritus
1587 3200 1983 3268 sanctissime,

331 3252 625 3350 Augustas
686 3252 923 3351 proteée
948 3280 959 3333 ι
984 3303 1011 3329 ››
1046 3281 1297 3351 populus
1332 3252 1405 3337 εἰ
1441 3252 1983 3354 Spiritussanct—is':

2099 3252 2348 3353 φύλαξον·
2418 3301 2447 3330 ››
2519 3278 2546 3331 6
2614 3274 2748 3337 λαὸς
2811 3252 3021 3349 δμοίως
3086 3252 3155 3330 ἐγ.
3210 3252 3278 3351 ν’.

327 3367 495 3421 sime.
528 3385 553 3416 ι
592 3366 908 3423 Cantores:
946 3389 973 3417 ‹‹
1008 3371 1186 3423 Mater
1216 3368 1315 3423 Dei
1342 3371 1548 3437 nostri,
1585 3372 1975 3444 porphyroge'

333 3455 490 3510 nitos
541 3456 767 3511 custodi
797 3473 864 3522 ;››
927 3455 1226 3526 populus:
1260 3478 1290 3507 ‹‹
1332 3458 1513 3513 Mater
1553 3459 1652 3515 Dei
1711 3463 1919 3520 nostri.
1948 3484 1976 3512 ››

326 3544 604 3599 Cantores
650 3560 725 3599 :«
788 3544 1052 3612 Domine,
1110 3545 1291 3600 vitam
1322 3562 1523 3602 eorum
1584 3564 1684 3620 per
1715 3555 1976 3606 nostram

327 3633 510 3690 vitam
558 3634 744 3706 auge!
782 3656 810 3684 »
842 3633 1094 3705 populus
1129 3650 1142 3689 :
1176 3635 1319 3704 Imo,
1369 3636 1629 3707 Domine,
1662 3639 1841 3697 vitam
1871 3658 1971 3698 ee-

325 3738 458 3779 rum
491 3738 593 3794 per
631 3722 921 3779 nostram!
958 3744 987 3772 »

2117 602 2169 653 οἱ
2214 602 2469 675 Πράσινοι
2502 603 2731 676 ὁμοίως·
2784 603 2874 658 καὶ
2925 605 3125 668 εὐθέως
3181 604 3432 682 λέγουσιν
3464 603 3760 680 τριαδικὸν·

2121 710 2145 741 α
2180 689 2390 762 Τριάδα
2443 692 2773 766 ὑμνήσωμεν
2845 694 2895 747 οἱ
2946 692 3156 750 Βὲνετοι
3207 696 3281 766 (οἱ
3337 695 3639 768 Πράσινοι),
3671 696 3759 751 τὸν

2116 779 2389 851 Δεσπότην
2416 784 2514 836 τοῦ
2544 784 2744 843 παντὸς
2776 782 2864 837 καὶ
2915 783 3044 838 Θεὸν
3073 785 3255 855 ἡμῶν,
3292 784 3415 858 μίαν
3456 782 3758 860 ἀδιαίρετον

2115 868 2375 940 Θεότητα,
2423 872 2523 940 τὴν
2577 872 3005 945 τρισυπὸστατον
3065 872 3331 943 ἐξουσίαν,
3384 874 3473 929 καὶ
3534 873 3761 947 δύναμιν

2113 956 2218 1029 πρὸ
2270 959 2480 1013 πάντων
2531 965 2641 1014 τῶν
2688 959 2900 1015 αἰώνων
2949 959 3322 1036 ὑπάρχουσαν,
3372 962 3461 1016 καὶ
3512 962 3587 1024 εἷς
3627 964 3765 1017 πάν-

2111 1066 2204 1108 τας
2270 1049 2395 1108 τοὺς
2455 1047 2654 1113 αἰῶνας
2720 1047 3097 1123 διαμένουσαν·
3146 1056 3258 1128 φῶς
3328 1050 3560 1126 ὑπάρχει
3609 1071 3765 1126 τρισ-

2112 1133 2293 1205 ήλιον,
2327 1133 2396 1190 δι’
2443 1137 2504 1191 οὗ
2553 1138 2643 1192 καὶ
2693 1139 2721 1194 6
2765 1138 2970 1213 κόσμος
3019 1140 3333 1217 φωτίζεται,
3367 1141 3497 1195 Θεὸν
3530 1140 3761 1214 ἐπουρά-

2110 1245 2222 1278 νιον
2273 1222 2581 1298 δοξάζωμεν
2626 1228 2717 1281 τὸν
2777 1225 2837 1283 ἐκ
2886 1234 2987 1297 τῆς
3037 1226 3310 1303 Παρθένου
3358 1230 3493 1303 ἡμῖν
3548 1229 3761 1285 ἀνατεί-

2110 1312 2294 1369 λαντα·
2343 1314 2497 1393 φύσει
2542 1317 2590 1352 ⁷²
2633 1318 2738 1392 γὰρ
2791 1318 3053 1392 ὑπάρχων
3098 1320 3509 1395 φιλάνθρωπος,
3550 1316 3763 1393 ἅνθρω-

2109 1424 2209 1465 πος
2257 1406 2499 1478 γενέσθαι
2539 1406 2863 1479 κατηξίωσε,
2911 1408 3001 1461 τὸν
3052 1407 3372 1481 προπάτορα
3427 1408 3541 1480 (39)
3597 1407 3763 1483 ῥυσά-

2113 1514 2268 1564 μενος
2295 1498 2391 1548 τοῦ
2432 1495 2666 1570 ἀρχαίου
2715 1496 3179 1570 παραπτώματος,
3229 1497 3319 1551 καὶ
3367 1496 3573 1569 κόσμον
3627 1496 3758 1551 ὅλον

2107 1580 2331 1653 ἠλέησε.
2366 1584 2501 1652 Δόξα
2529 1587 2597 1657 τῇ
2630 1583 2793 1638 αὐτοῦ
2824 1585 3144 1658 ἀγαθότητι,
3179 1608 3207 1636 ››

2132 1672 2249 1726 '1“.
2310 1671 2411 1728 Καὶ
2470 1670 2719 1749 λέγουσιν
2782 1673 2833 1727 οἱ
2890 1672 3136 1747 κράκται·
3200 1697 3228 1727 ‹‹
3272 1675 3460 1750 Κύριε,
3510 1679 3681 1731 σῶσον
3723 1677 3750 1730 6

2107 1756 2252 1815 δεῖνα
2296 1761 2385 1815 καὶ
2436 1762 2463 1817 6
2514 1759 2659 1816 δεῖνα
2704 1760 2830 1824 τοὺς
2894 1762 3139 1836 βασιλεῖς
3188 1768 3295 1819 τῶν
3324 1764 3628 1837 Ῥωμαίων·
3661 1789 3687 1816 ››
3722 1767 3749 1820 6

2107 1848 2238 1911 λαὸς
2296 1848 2356 1904 ἐκ
2412 1851 2477 1925 γ’·
2542 1848 2787 1923 «Κύριε,
2848 1855 3044 1908 σῶσον.
3080 1875 3108 1903 »
3168 1854 3233 1907 Οἱ
3294 1854 3540 1927 κράκται·
3585 1854 3753 1917 «Ἰὰς

2103 1938 2423 2013 Αὐγούστας
2475 1939 2767 2014 βοήθησον,
2820 1940 2848 1993 6
2898 1939 2949 1995 ἐν
3000 1938 3192 2014 Τριάδι
3248 1942 3604 2016 ὑμνούμενος·
3643 1968 3664 1994 ο
3724 1945 3750 1997 6

2104 2027 2233 2089 λαὸς
2284 2026 2342 2082 ἐκ
2382 2030 2446 2103 γ’·
2500 2052 2527 2079 ‹‹
2580 2027 2759 2103 Κύριε,
2807 2033 3003 2085 σῶσον.
3060 2053 3088 2079 ››
3139 2030 3205 2086 Οἱ
3253 2030 3500 2104 κράκται·
3548 2054 3576 2083 ‹‹
3610 2031 3750 2093 Τοὺς

2101 2119 2640 2194 πορφυρογεννήτους
2687 2116 2942 2195 φύλαξον,
2991 2119 3018 2173 6
3068 2116 3120 2172 ἐν
3172 2119 3422 2194 οὐρανοῖς
3455 2117 3751 2194 δοξαζόμε-

2102 2226 2214 2268 νος·
2251 2230 2278 2258 ››
2329 2208 2356 2261 6
2407 2204 2535 2267 λαὸς
2584 2205 2644 2260 ἐκ
2684 2207 2751 2280 γ’·
2802 2227 2827 2258 ε
2875 2207 3061 2279 Κύριε,
3104 2211 3298 2263 σῶσον.
3335 2232 3363 2259 ››
3396 2210 3463 2265 Οἱ
3502 2208 3748 2283 κράκται·

2104 2319 2132 2348 ‹‹
2162 2294 2317 2365 Αὔξει
2346 2296 2407 2351 τὸ
2441 2293 2739 2369 βασίλειον,
2789 2296 2933 2368 αὔξει
2980 2296 3070 2350 καὶ
3117 2301 3180 2351 τὸ
3230 2298 3452 2353 Βένετον
3491 2301 3626 2371 (40)·
3663 2323 3691 2350 ››
3724 2300 3750 2353 6

2102 2382 2233 2446 λαὸς
2265 2384 2325 2440 ἐκ
2354 2387 2421 2462 γ’·
2473 2409 2500 2436 ‹‹
2533 2385 2717 2459 Κύριε,
2750 2389 2942 2443 σῶσον.
2972 2408 3000 2435 ››
3050 2385 3155 2440 Καὶ
3182 2385 3626 2463 τρισαγιάζοντος
3654 2392 3750 2442 τοῦ

2103 2474 2357 2549 ὀργάνου,
2390 2472 2637 2548 λέγουσιν
2684 2474 2734 2528 οἱ
2787 2472 3032 2547 κράκται·
3085 2497 3113 2524 ‹‹
3152 2476 3431 2550 Τρισάγιε,
3468 2476 3746 2551 βοήθησον

2097 2562 2224 2625 τοὺς
2275 2559 2558 2623 δεσπότας·
2617 2584 2644 2611 ››
2696 2562 2724 2616 ὁ
2771 2559 2905 2623 λαὸς
2955 2560 3014 2616 ἐκ
3061 2563 3128 2637 γ“·
3186 2586 3215 2614 ‹‹
3266 2567 3548 2638 Τρισάγιε.
3600 2588 3627 2615 ››
3680 2566 3748 2621 Οἱ

2097 2650 2342 2726 κράκται·
2399 2676 2426 2703 ι(
2472 2649 2576 2706 Καὶ
2636 2651 2698 2704 σὺ
2756 2649 2953 2711 αὐτοὺς
3014 2652 3338 2726 θεράπευσον
3389 2652 3475 2708 ἐπὶ
3523 2660 3673 2708 πᾶσι·
3719 2679 3745 2705 ››

2097 2743 2184 2797 καὶ
2220 2743 2247 2795 6
2280 2739 2410 2803 λαὸς
2446 2739 2653 2814 ὁμοίως
2690 2738 2749 2795 ἐκ
2776 2739 2983 2815 τρίτου.
3038 2766 3064 2791 ‹‹
3117 2741 3436 2812 Πλεονάζων
3469 2751 3567 2813 τῆς
3600 2749 3745 2813 ζωῆς

2098 2832 2276 2886 αὐτῶν
2309 2831 2566 2906 χρόνους·
2602 2853 2630 2883 ››
2672 2831 2700 2884 6
2749 2828 2880 2891 λαὸς
2931 2830 3140 2902 ὁμοίως
3182 2829 3241 2886 ἐκ
3280 2830 3485 2905 τρίτου.
3518 2833 3585 2889 Οἱ
3615 2834 3746 2907 κράο

2098 2941 2241 2976 κται·
2276 2946 2303 2974 ‹‹
2339 2922 2443 2976 Σὺν
2492 2921 2829 2995 Αὐγούσταις
2879 2915 3117 2975 εὐσεϐέσι
3157 2920 3456 3001 φιλοοέοις·
3493 2946 3521 2974 ››
3553 2924 3580 2978 6
3614 2921 3744 2985 λαὸς

2100 3010 2309 3085 ὁμοίως
2360 3012 2419 3067 ἐκ
2463 3012 2528 3086 γ’·
2576 3011 2642 3069 Οἱ
2688 3011 2937 3085 κράκται·
2996 3031 3018 3059 ι
3054 3010 3152 3064 Κάῖ
3201 3012 3433 3068 Βενὲτων
3473 3016 3581 3067 τῶν
3611 3035 3744 3087 γνη-

2100 3101 2230 3156 σίων
2266 3101 2417 3172 ὑμῶν
2455 3104 2562 3155 τῶν
2613 3097 2847 3155 δούλων·
2884 3122 2912 3149 ››
2960 3098 3050 3153 καὶ
3096 3100 3123 3154 6
3175 3098 3306 3163 λαὸς
3350 3099 3558 3172 ὁμοίως
3590 3100 3648 3155 ἐκ
3675 3103 3741 3176 γ’·

2101 3190 2170 3247 Οἳ
2224 3189 2449 3261 κράκται
2506 3185 2582 3242 ἔσ·
2645 3212 2672 3240 ι(
2730 3189 2909 3261 ”Αγιε,
2971 3188 3234 3264 τρισάγιε,
3291 3188 3420 3249 τοὺς
3484 3186 3742 3251 δεσπότας

3348 3277 3414 3333 Οἱ
3490 3280 3738 3350 χράκται.

2092 3372 2371 3440 «Πνεῦμα
2420 3368 2480 3421 τὸ
2530 3366 2815 3441 πανάγιον,
2855 3366 2949 3427 τὰς
3001 3365 3318 3440 Αὐγούσταις
3375 3365 3657 3422 σκέπασον·
3712 3392 3739 3419 ››

2088 3459 2117 3511 6
2151 3458 2280 3518 λαὸς
2313 3457 2363 3511 οἱ
2395 3450 2473 3510 ἔσ·
2526 3478 2554 3508 κ
2604 3455 2819 3528 Πνεῦμα
2866 3455 2928 3509 τὸ
2975 3456 3264 3530 πανάγιον.
3314 3478 3343 3507 ››
3393 3456 3459 3512 Οἱ
3492 3455 3737 3531 κράκται·

2087 3571 2118 3599 ‹‹
2168 3548 2372 3621 Μήτηρ
2420 3549 2520 3599 τοῦ
2561 3548 2695 3599 Θεοῦ
2760 3546 2945 3617 ἡμῶν,
3012 3543 3139 3606 τοὺς
3194 3548 3735 3624 πορφυρογεννήτους

2085 3634 2345 3715 φύλαξον⁹
2381 3659 2409 3687 ››
2441 3636 2469 3689 6
2502 3633 2632 3694 λαὸς
2665 3633 2717 3687 οἱ
2760 3630 2840 3687 ἓσ·
2898 3657 2928 3685 ‹‹
2962 3635 3165 3709 Μήτηρ
3205 3638 3301 3689 τοῦ
3333 3638 3465 3691 Θεοῦ
3492 3638 3672 3709 ἡμῶν.
3713 3661 3733 3685 ι

2084 3729 2147 3781 Οἱ
2202 3727 2450 3800 κράκται·
2512 3748 2540 3775 ‹‹
2602 3720 2784 3798 Κύριε,
2847 3722 2989 3791 ζωὴν
3052 3720 3228 3777 αὒτῶν
3281 3720 3370 3778 διὰ
3427 3725 3527 3793 τήν
3591 3726 3734 3794 ζωήν

324 3814 508 3886 ἡμῶν·
547 3835 575 3863 ››
608 3811 635 3865 6
669 3810 803 3875 λαὸς
839 3812 891 3865 οἱ
922 3808 1000 3865 ἔσο
1044 3834 1071 3862 ((
1104 3810 1294 3887 Κύριε,
1328 3814 1474 3884 ζωὴν
1502 3815 1677 3871 αὐτῶν
1710 3814 1799 3873 διὰ
1827 3820 1926 3890 τήν
1960 3824 2107 3892 ζωήν
2136 3822 2316 3890 ἡμῶν.
2352 3838 2381 3868 ››

397 3902 487 3957 IV.
519 3902 610 3956 Sic
632 3902 854 3957 domini
888 3903 1032 3958 ritus
1054 3902 1348 3961 solemnes
1367 3904 1679 3977 celebrant,
1708 3910 1971 3983 dumque

320 3991 601 4046 thronum
634 3993 1013 4048 conscensuri
1043 4001 1203 4062 sunt,
1233 3995 1532 4051 actuarius
1563 4013 1764 4068 preces
1797 4000 1969 4056 insti-

320 4082 450 4149 tuit,
483 4086 541 4137 et
578 4081 627 4137 si
668 4082 873 4139 Veneti
932 4082 1285 4155 praecipuam
1344 4085 1685 4158 dignitatem
1733 4088 1968 4159 habent,

321 4175 589 4228 cantores
602 4188 801 4228 eorum
821 4173 1053 4228 dicunt:
1080 4197 1108 4225 «
1126 4178 1389 4240 Exorere,
1404 4177 1599 4232 divina
1614 4178 1887 4247 majestas
1907 4180 1917 4235 Ι
1937 4200 1966 4229 ››

320 4260 581 4316 Prasini:
615 4260 924 4328 «Exorere,
952 4263 1267 4317 Trinitatis
1299 4263 1540 4319 electio!
1576 4267 1828 4336 populus
1850 4272 1966 4323 ter:

320 4371 347 4398 ‹‹
383 4349 627 4403 Exorere
656 4348 667 4401 l
696 4370 725 4397 »
755 4350 1031 4404 Cantores
1068 4367 1080 4405 :
1114 4371 1143 4399 ‹‹
1176 4350 1528 4406 Exoriantur
1573 4351 1640 4408 N.
1678 4354 1744 4408 N.
1778 4358 1969 4425 Augu-

319 4442 417 4492 stae
476 4437 902 4492 Romanorum!
938 4459 966 4487 ››
1008 4440 1261 4509 populus
1294 4444 1381 4494 ter
1413 4455 1425 4493 :
1452 4462 1479 4489 «
1524 4441 1872 4498 Exoriantur
1902 4444 1959 4498 Ι»

319 4530 629 4582 Cantores:
664 4547 692 4575 «
737 4526 1078 4581 Exoriantur
1112 4526 1315 4581 famuli
1354 4527 1623 4618 Domini!
1663 4551 1691 4579 ››
1719 4530 1967 4602 populus
1997 4554 2044 4618 Ι)

317 4632 406 4671 ter
438 4631 452 4672 :
494 4635 515 4663 ι
546 4614 917 4670 Exorianturl
939 4635 967 4665 »
1001 4616 1278 4671 Cantores
1310 4631 1323 4669 :
1351 4638 1379 4666 ‹‹
1408 4617 1752 4674 Exoriantur
1784 4637 1818 4676 a
1848 4620 1964 4676 Deo

318 4704 577 4761 coronati
637 4704 859 4759 domini
911 4720 1045 4759 cum
1099 4703 1607 4775 imperatricibusl
1642 4727 1671 4757 »
1716 4710 1964 4781 populus

316 4802 445 4852 ter:
494 4816 521 4843 «
583 4792 963 4850 Exoriantur!
1020 4793 1184 4849 Tunc
1243 4794 1592 4867 apelatieum
1634 4799 1963 4855 cursoriam

2156 3910 2228 3966 A‘.
2261 3910 2379 3962 Τῶν
2413 3902 2471 3959 δὲ
2502 3900 2776 3958 δεσποτῶν
2824 3902 2894 3956 τὰ
2939 3900 3166 3956 εἰωθότα
3206 3904 3304 3971 τῆς
3336 3899 3534 3974 τάξεως
3565 3923 3740 3977 πρατ-

2078 3999 2282 4056 τόντων
2327 3995 2419 4051 καὶ
2473 3992 2790 4067 μελλόντων
2853 3990 3051 4046 ἆνιὲναι
3112 3990 3199 4047 ἐπὶ
3256 3993 3353 4047 τοῦ
3381 3993 3736 4065 καθίσματος,

2078 4093 2233 4144 ποιεῖ
2283 4087 2311 4140 6
2362 4084 2686 4155 ἂκτουάριος
2712 4081 2777 4136 τὸ
2824 4079 2999 4135 αἴσιον
3050 4082 3182 4153 (41),
3232 4082 3320 4135 καὶ
3356 4080 3401 4135 εἴ
3435 4082 3529 4153 μὲν
3562 4079 3680 4157 ἔχει
3708 4084 3737 4138 6

2081 4176 2303 4237 Βὲνετος
2333 4171 2671 4248 προτίμησιν
2725 4172 2861 4245 (42),
2924 4168 3175 4246 λέγουσιν
3234 4170 3285 4225 οἱ
3341 4169 3547 4225 τούτων
3605 4172 3737 4243 κρά-

2077 4285 2220 4320 κται·
2295 4286 2317 4316 σ
2364 4259 2705 4329 Ἀνάτειλον,
2756 4261 2792 4329 ἡ
2839 4254 3015 4322 ἔνθεος
3077 4257 3351 4333 βασιλεία·
3403 4283 3431 4311 ››
3483 4259 3527 4316 εἷ
3579 4257 3637 4315 δὲ
3682 4261 3735 4315 οἱ

2078 4356 2362 4429 ΙΙράσινοι,
2432 4350 2704 4425 λέγουσιν·
2767 4371 2795 4399 ‹‹
2860 4348 3193 4416 Ἀνάτειλον,
3262 4351 3295 4417 ἠ
3366 4347 3572 4425 ἐκλογή
3637 4356 3738 4419 τῆς

2078 4441 2329 4518 Τριάδος·
2365 4466 2393 4494 ››
2425 4442 2453 4495 6
2503 4439 2636 4498 λαὸς
2668 4436 2727 4493 ἐκ
2775 4438 2842 4514 γ’·
2879 4462 2906 4489 ‹‹
2950 4435 3285 4494 Ἀνάτειλον.
3332 4460 3360 4489 ››
3392 4439 3455 4492 Ol.
3484 4438 3728 4512 κράκται·

2080 4556 2108 4585 (ι
2141 4528 2455 4590 Ἀνάτειλον
2491 4530 2518 4583 6
2548 4525 2696 4582 δεῖνα
2726 4528 2812 4580 οιαὶ
2845 4526 2873 4579 6
2904 4523 3048 4580 δεῖνα
3097 4526 3403 4601 Αὐγοῦσται
3448 4531 3556 4582 τῶν
3594 4529 3735 4583 Ῥω-

2081 4622 2275 4694 μαίων·
2311 4642 2339 4671 ››
2390 4619 2419 4673 6
2468 4616 2600 4679 λαὸς
2651 4615 2710 4670 ἐκ
2757 4616 2825 4690 γ’·
2885 4640 2905 4665 ι
2950 4613 3285 4673 Ἀνάτειλον.
3318 4636 3348 4670 ››
3382 4617 3448 4673 Οἱ
3479 4617 3731 4692 κράκται·

2080 4734 2101 4761 ι
2138 4704 2455 4767 Ἀνάτειλον
2487 4706 2537 4761 οἱ
2571 4704 2895 4779 θεράποντες
2944 4707 3041 4759 τοῦ
3091 4703 3314 4778 Κυρίου·
3351 4728 3381 4756 ››
3428 4706 3456 4759 ὁ
3510 4705 3639 4768 λαὸς
3673 4705 3734 4761 ἐκ

2076 4807 2143 4875 γ’·
2179 4824 2206 4851 ‹‹
2235 4796 2571 4856 Ἀνάτειλον.
2612 4819 2640 4847 ›)
2690 4795 2758 4852 Οἱ
2805 4795 3051 4851 κοάκται·
3111 4819 3139 4846 ‹‹
3172 4793 3491 4851 Ἀνάτειλον
3524 4796 3576 4850 οἱ
3610 4795 3733 4850 θεό-

1681 4905 1769 4961 VA
1779 4906 1922 4962 RI/E
1951 4907 2254 4965 LECTION
2264 4907 2365 4965 ES.

385 4994 430 5030 ⁷³
460 4993 615 5070 φύσιν
649 4994 739 5050 ed.

1324 5096 1525 5152 JOAN.
1564 5097 1705 5153 JAC.
1750 5097 2019 5157 REISKII
2060 5098 2651 5157 COMMENTARIUS.

389 5187 503 5259 (39)
533 5186 828 5257 Adamum,
859 5205 914 5245 ν.
953 5187 1040 5259 Du
1096 5187 1287 5257 Cange
1344 5186 1433 5243 Gl.
1460 5258 1463 5259 ν
1493 5186 1589 5242 Gr.
1626 5188 1682 5242 h.
1714 5204 1767 5243 ν.
1827 5194 1884 5245 et
1912 5207 1966 5248 ν.

316 5257 658 5332 προμῆςεωρ,
680 5268 858 5314 mater
886 5257 1136 5315 omnium
1184 5259 1391 5332 prima.
1448 5258 1538 5314 Sic
1559 5259 1733 5332 Evam
1770 5260 1965 5332 appel-

320 5274 649 5341 προμητωρ,
680 5274 858 5314 mater
886 5274 1136 5315 omnium
1173 5274 1391 5383 (arma.
1448 5274 1538 5314 DIC
1560 5274 1733 5314 uvam
1770 5274 1965 5344 appet-

320 5333 460 5386 lant.
496 5331 600 5386 D10
631 5331 1020 5413 Chrysostom‘.
1049 5346 1104 5399 p.
1137 5332 1171 5383 2
1227 5331 1264 5395 ',
1298 5333 1476 5413 Deum
1506 5329 1761 5402 appellat
1788 5331 1969 5387 homi-

318 5418 461 5457 num
494 5402 839 5474 προπάτορα,
877 5406 1159 5457 auctorem
1196 5403 1428 5472 generis.

388 5474 501 5545 (40)
533 5471 593 5528 ln
652 5471 912 5545 margine
974 5471 1286 5544 ascriptum
1343 5476 1466 5528 erat
1496 5472 1547 5525 οἱ
1591 5472 1867 5545 Πράσινοι,
1899 5471 1961 5545 τὸ

315 5544 517 5599 Ποάσιν
527 5564 607 5599 ον.

368 5564 607 5689 ᾗῗῖῖέ
633 5623 741 5689 est,
802 5620 867 5689 ut
903 5616 1273 5688 interpretor,
1306 5616 1450 5672 dicit
1481 5632 1494 5673 :
1520 5612 1695 5676 αἴσιος
1725 5610 1960 5689 γενέσθω

319 5687 454 5759 αὕτη
487 5687 521 5763 ᾖ
555 5687 757 5761 ἡμέρα,
786 5688 929 5760 felix
955 5687 1073 5745 esto’
1095 5689 1183 5763 hic
1212 5690 1355 5763 dies.

393 5759 506 5836 (42)
533 5759 687 5819 Pene
716 5759 948 5833 semper
975 5760 1438 5833 praeferebantur
1457 5759 1657 5816 Veneti
1679 5759 1956 5834 Prasinis,

2080 5191 2271 5246 favore
2301 5191 2740 5260 imperatorum,
2772 5186 2987 5261 quibus
3018 5186 3242 5243 Prasini
3265 5186 3607 5261 plerumque
3637 5186 3721 5243 in-

2080 5263 2187 5317 visi
2222 5259 2407 5317 erant.
2439 5259 2812 5317 Consistebat
2857 5263 3050 5331 autem
3102 5259 3482 5331 praerOgativa
3519 5259 3591 5314 in
3626 5274 3719 5331 eo,

2075 5334 2232 5416 quod
2267 5332 2455 5416 primi.
2470 5332 2541 5388 ab
2565 5333 2917 5416 imperatore
2938 5328 3323 5416 salutarentur
3370 5336 3427 5386 et
3449 5330 3721 5416 benedic-

2074 5402 2294 5460 tionem
2337 5402 2687 5475 acciperent,
2746 5402 2920 5475 primi
2955 5402 3359 5475 imperatorem
3394 5404 3717 5475 adorarent,

2074 5475 2250 5547 primi
2302 5472 2533 5546 praemia
2566 5472 2809 5547 ferrent.
2833 5474 2976 5531 Cum
3011 5472 3203 5529 tamen
3236 5474 3357 5529 haec
3379 5472 3717 5547 προτιμησις

2074 5546 2361 5614 videatur,
2393 5565 2461 5603 ex
2486 5553 2685 5603 nostro
2715 5546 2950 5617 quidem
2983 5547 3200 5617 codice.
3234 5562 3348 5601 non
3379 5552 3499 5601 tam
3532 5561 3601 5600 ex
3630 5561 3721 5600 vo-

2074 5618 2301 5675 luntate
2325 5619 2698 5691 imperatoris
2721 5616 3125 5691 quam_potiu_s
3172 5632 3239 5673 ex
3271 5617 3512 5691 arbitrio
3544 5618 3718 5691 sortis

2070 5686 2471 5763 perpendisse,
2490 5707 2604 5747 non
2619 5686 3102 5763 potérantVeneti
3116 5704 3234 5744 sem
3241 5688 3415 5761 perin
3430 5686 3525 5744 bis
3543 5688 3720 5744 rebus

2067 5764 2291 5834 primas
2304 5764 2473 5821 ferre.
