4138 6212
339 393 452 456 601

1209 398 1309 458 DE
1351 396 1806 462 CERIMONIIS
1851 400 2086 462 AULAE
2125 402 2614 464 BYZANTINrE
2656 401 2807 464 LIB.
2855 405 2906 464 Ι.

3624 399 3742 464 602

340 546 559 582 στεπτοι
632 523 885 582 δεσπόται
947 524 1039 581 σὺν
1096 531 1214 588 ταῖς
1241 525 1602 603 Αὗγόῦσταις·
1641 551 1665 582 ι
1701 531 1729 586 6
1762 531 1893 594 λαὸς
1926 531 1984 586 ἐκ

2101 533 2378 607 hymnum
2428 535 2544 592 toni
2586 534 2702 590 obl.
2738 533 2896 590 IV:«
2955 535 3001 588 A
3054 533 3163 588 Deo
3216 533 3511 589 ﬁrmatum
3561 533 3741 589 robur

335 617 400 690 γ’·
435 639 462 666 ‹‹
495 614 836 672 ’Λνάτειλον.
874 638 901 666 ››
940 616 1036 669 Καὶ
1096 616 1195 670 εἷθ’
1232 615 1405 678 οἱὶσως
1466 617 1717 694 λέγουσιν
1779 619 1985 676 ἀπελα-

333 705 482 758 τικὸν
517 701 781 778 δρομικὸν
945 726 1004 772 π,
1037 707 1103 762 α’.
1135 729 1164 756 ιι
1198 705 1275 762 Τὸ
1318 703 1728 781 θεοπρόὸλητον
1786 710 1984 783 κράτος

332 801 434 862 τῆς
495 794 758 870 ὑμετέρας
817 791 1032 866 δυάδος,
1095 795 1123 849 6
1173 793 1320 850 δεῖνα
1381 795 1738 872 αὐτοκράτωρ
1805 799 1896 854 καὶ
1955 801 1984 855 6

333 879 482 937 δεῖνα
520 885 554 952 ἡ
588 880 715 952 δόξα
752 886 852 948 τῆς
902 883 1210 958 πορφύρας,
1250 883 1566 960 ἐκλάμψατε
1610 885 1697 942 ἐπὶ
1749 885 1982 951 δούλους

333 972 612 1046 γνησίους,
648 973 1045 1050 εὐφραίνοντες,
1106 971 1384 1043 δεσπόται,
1421 977 1513 1031 τὸν
1544 973 1675 1032 λαὸν
1719 979 1890 1052 ὑμῶν.
1952 1005 1980 1032 ››

339 1061 440 1117 Καὶ
471 1062 638 1116 πάλιν
666 1061 918 1138 λέγουσιν
969 1063 1018 1118 οἳ
1061 1064 1316 1138 κράκταιο
1341 1089 1369 1116 ιι
1421 1065 1756 1138 Ἀνάτειλον,
1785 1069 1848 1123 τὸ
1888 1069 1984 1144 ὀρ-

331 1148 549 1221 θόδοξον
594 1153 815 1226 κρατοςο
877 1176 904 1204 ››
961 1153 989 1207 6
1047 1151 1180 1216 λαὸς
1239 1152 1297 1210 ἐκ
1334 1155 1399 1228 γ’.
1427 1179 1455 1206 ιι
1489 1155 1824 1216 Ἀνάτειλον,
1861 1181 1888 1208 ››
1917 1161 1980 1214 Οἱ

331 1240 580 1312 κράκται.
645 1263 674 1292 ιι
741 1240 1079 1310 Ἀνάτειλον,
1121 1246 1230 1297 τῶν
1270 1244 1559 1316 Ῥωμαίων
1593 1245 1620 1300 6
1677 1245 1861 1309 πόθος·
1895 1271 1922 1298 ››
1950 1249 1978 1302 6

333 1325 464 1390 λαὸς
498 1327 558 1384 ἐκ
590 1337 654 1405 γ’·
688 1354 716 1382 ιι
750 1329 1095 1386 Ἀνάτειλον.
1131 1355 1160 1383 ››
1191 1331 1258 1388 Οἱ
1316 1333 1565 1405 κράκται,
1605 1355 1628 1384 ι
1661 1333 1975 1392 Ἀνοὶτειλον

2097 626 2401 696 utriusque
2430 629 2705 694 vestrum,
2740 623 2806 678 N.
2841 625 3158 694 imperator
3179 628 3234 676 et
3265 622 3333 676 N.
3370 623 3557 693 gloria
3605 639 3741 694 pur-

2093 729 2273 784 purae,
2298 713 2582 768 illustrate
2606 713 2784 768 radiis
2804 711 3011 767 vestris
3034 709 3199 766 vobis
3224 726 3419 765 servos
3440 711 3699 766 addictos
3726 710 3738 764 !

2091 801 2428 867 exbilarate,
2462 800 2706 867 domini,
2743 798 3020 870 populum
3052 803 3310 853 vestrum
3340 798 3351 851 !
3388 820 3416 847 »
3458 797 3738 854 Cantores

2091 889 2338 945 iterum:
2368 911 2396 940 «
2429 889 2689 956 Exorere,
2724 888 2902 944 robur
2958 891 3132 943 rectae
3185 886 3360 942 ﬁdei!
3398 908 3425 936 »
3485 886 3736 958 populus

2092 986 2178 1034 ter
2204 996 2216 1034 :
2251 1001 2277 1029 ιι
2311 977 2592 1034 Exorare!
2631 1001 2656 1027 ››
2689 980 2956 1033 Cantores
2986 992 3000 1031 :
3029 999 3058 1025 «
3089 976 3350 1039 Exorere,
3377 975 3732 1031 desiderium

2091 1068 2480 1124 Romanorum
2504 1069 2516 1123 !
2547 1091 2572 1116 ››
2591 1069 2839 1140 p0pulus
2865 1072 2982 1122 ter:
3005 1091 3033 1116 ιι
3057 1069 3297 1121 Exorere
3323 1067 3334 1121 !
3364 1087 3391 1115 »
3414 1065 3691 1122 Cantores
3720 1085 3734 1122 :

2093 1181 2121 1209 «
2153 1161 2395 1216 Exorare
2417 1159 2701 1229 gaudium
2733 1156 2986 1229 etgloria
3006 1154 3237 1211 nostra!
3266 1177 3292 1205 ››
3329 1154 3578 1227 populus
3605 1164 3689 1211 ter
3715 1172 3729 1211 :

2093 1268 2121 1301 α
2151 1249 2426 1304 Exorere!
2463 1270 2491 1298 »
2523 1248 2837 1304 Cantores:
2871 1268 2900 1298 «
2932 1245 3175 1301 Exorere
3206 1245 3274 1301 N.
3309 1244 3377 1300 N.
3411 1243 3734 1316 imperator

2088 1339 2519 1395 Romanorum!
2557 1361 2584 1388 ››
2617 1335 2867 1409 populus
2911 1336 3124 1392 clamat
3178 1340 3300 1391 ter:
3335 1356 3364 1384 «
3401 1333 3681 1389 Exorare!
3717 1359 3730 1402 ;

333 1418 368 1485 ἡ
403 1417 552 1491 χαρᾶ
580 1419 742 1490 ἡμῶν
764 1417 853 1472 καὶ
885 1415 1032 1488 δόξαι
1065 1443 1093 1471 ››
1129 1421 1157 1474 6
1190 1417 1321 1482 λαὸς
1352 1420 1411 1475 ἐκ
1437 1422 1504 1495 γ“’
1541 1446 1569 1473 ιι
1596 1421 1932 1478 Ἀνοὶτειλονο
1969 1448 1997 1476 ι)
2018 1425 2081 1479 O't
2111 1425 2358 1500 κράχται·
2392 1449 2421 1478 ιι
2447 1425 2762 1482 Ἀνοὶτείλον
2796 1425 2824 1478 6
2856 1421 3004 1479 δεῖνα
3035 1423 3122 1478 καὶ
3177 1423 3205 1477 6
3254 1419 3397 1476 δεῖνα
3447 1421 3726 1495 αὐτοκρά-

336 1525 496 1578 τορες
525 1505 839 1574 Ῥωμαίων·
879 1531 900 1557 ι
927 1509 1160 1585 φθογγεῖ
1177 1509 1268 1563 καὶ
1299 1511 1326 1564 6
1360 1508 1489 1572 λαὸς
1521 1509 1578 1565 ἐκ
1597 1517 1660 1585 γ’·
1687 1536 1714 1563 ιι
1739 1509 2074 1569 Ἀνάτειλον.

397 1595 475 1651 Ε’.
515 1596 638 1651 Τῶν
665 1593 722 1650 δὲ
748 1593 1024 1652 δεσποτῶν
1063 1597 1322 1652 ἀνιόντων
1357 1595 1444 1653 ἒπὶ
1487 1603 1583 1653 τοῦ
1642 1598 1974 1673 καθίσματος

325 1683 414 1736 καὶ
471 1683 776 1756 ἱσταμένων
857 1680 1162 1758 ἔμπροσθεν
1217 1691 1314 1741 τοῦ
1373 1685 1611 1758 σέντζου,
1662 1709 1972 1769 κατασφρα-

322 1772 535 1845 γίζουσι
573 1773 709 1846 μετᾶ
728 1775 777 1809 ’⁷³
804 1774 868 1828 τὸ
899 1773 1063 1850 ἄκρον
1095 1780 1201 1830 τῶν
1254 1772 1550 1851 χλανιδίων
1585 1775 1784 1847 αὐτῶν,
1816 1783 1973 1850 πρῶ-

319 1879 410 1913 τον
444 1861 540 1933 μὲν
603 1863 791 1933 μέσον,
833 1861 999 1938 ⁶ἤγουν
1054 1864 1115 1919 τὸ
1183 1862 1488 1938 μεσοδίμην
1520 1865 1566 1900 7‘
1594 1869 1730 1939 (43),
1789 1862 1974 1922 ἔπειτα

321 1949 413 2002 τὸν
447 1955 544 2004 τοῦ
578 1953 802 2007 Βενέτου
840 1949 1040 2024 δῆμον
1094 1952 1187 2007 εἶθ’
1245 1951 1417 2016 οὕτως
1476 1955 1568 2009 τὸν
1628 1960 1724 2010 τοῦ
1763 1957 1972 2028 Πρασί-

2155 1607 2226 1660 V.
2258 1605 2568 1676 Postquam
2602 1621 2736 1661 vero
2755 1603 2971 1660 domini
2993 1603 3052 1659 in
3074 1607 3416 1675 suggestum
3443 1600 3724 1657 ascende-

2084 1696 2224 1748 runt
2254 1697 2310 1748 et
2351 1697 2484 1749 ante
2535 1693 2807 1748 thronum
2849 1696 3028 1762 stant,
3075 1700 3334 1749 extrema
3380 1692 3576 1746 tunica
3623 1705 3727 1746 sua

2083 1782 2270 1853 primo
2293 1782 2570 1854 populum
2604 1782 2861 1838 medium
2886 1798 2989 1837 seu
3013 1781 3072 1835 in
3099 1782 3292 1836 medio
3315 1781 3724 1844 constitutum,

2083 1871 2291 1926 deinde
2314 1871 2618 1936 Venetam,
2646 1877 2935 1940 postremo
2960 1870 3266 1926 Prasinum
3292 1869 3548 1939 signant,
3573 1868 3722 1937 quod

2082 1960 2219 2015 dum
2251 1965 2450 2032 agunt,
2486 1961 2764 2016 factiones
2809 1959 3167 2016 acclamant:
3205 1977 3230 2008 ιι
3280 1959 3543 2026 Sanctus,
3584 1972 3724 2010 san-

317 2058 436 2107 νου,
483 2039 572 2092 καὶ
622 2037 688 2107 δὴ
757 2044 867 2096 τῶν
926 2038 1203 2096 δεσποτῶν
1246 2044 1670 2121 σφραγιζόντων,
1715 2043 1966 2120 λέγουσιν

2079 2053 2230 2119 ctus,
2263 2060 2498 2105 sanctus
2527 2050 2538 2104 !
2569 2072 2596 2098 »
2620 2051 2929 2106 Cantores:
2967 2071 2994 2098 «
3029 2048 3262 2114 Multos,
3295 2048 3535 2115 multos,
3569 2045 3721 2100 mul-

315 2125 367 2179 οἱ
438 2123 632 2197 δῆμον
687 2152 714 2179 ιι
772 2129 976 2204 Ἄγιος,
1030 2124 1208 2204 ἅγιος,
1278 2132 1453 2205 ἅγιος.
1514 2154 1537 2184 ι
1599 2132 1664 2189 Οἱ
1713 2133 1963 2206 κράκται,

315 2238 342 2264 ιι
381 2213 595 2285 Πολλὰ,
629 2214 834 2286 πολλὰ,
867 2217 1072 2274 πολλὰ.
1100 2242 1127 2270 ››
1162 2220 1190 2273 6
1233 2219 1386 2288 λαὸς,
1419 2244 1446 2270 ιι
1499 2218 1691 2274 Πολλὰ
1736 2219 1828 2290 ἔτη
1889 2222 1966 2285 εἷς

313 2301 520 2368 πολλοὶ,
567 2329 594 2356 ››
633 2307 697 2362 Οἱ
727 2306 976 2381 κράκται’
1013 2331 1038 2361 ιι
1069 2309 1126 2361 Ὀ
1186 2306 1336 2364 δεῖτα
1366 2311 1451 2364 καὶ
1487 2311 1515 2364 6
1595 2307 1742 2364 δεῖνα
1799 2309 1964 2389 φιλό-

315 2411 554 2465 χριστοι,
588 2391 642 2447 ἐν
675 2398 790 2466 Θεῷ
820 2401 1020 2450 νικᾶτε⁸
1049 2420 1078 2447 ››
1117 2397 1206 2450 καί
1239 2398 1266 2450 6
1327 2395 1458 2459 λαὸς
1517 2397 1575 2452 ἐκ
1623 2406 1670 2475 γ¹
1727 2399 1960 2472 ὁμοίως.

317 2480 414 2536 Καὶ
447 2482 566 2535 οἷον
601 2482 763 2557 μέρος
790 2482 908 2559 ἔχει
965 2485 1322 2559 προτίμησιν,
1376 2487 1642 2562 λέγουσιν.
1692 2512 1718 2538 ιι
1781 2487 1962 2562 Οὐράι-

313 2586 411 2624 νιε⁶
448 2595 474 2621 »
503 2572 588 2626 καὶ
625 2573 654 2626 6
685 2573 834 2635 ἀντὶς
865 2573 1080 2647 ⁷⁵(44),ι
1121 2576 1324 2648 Στέψον
1355 2575 1530 2638 νίκαις
1559 2577 1686 2638 τοὺς
1719 2575 1963 2652 βασιλεῖς

313 2661 492 2732 ἡμῶν.
531 2683 555 2713 ο
625 2661 730 2717 Καὶ
796 2663 824 2717 6
856 2662 1027 2730 ὰντὶς,
1091 2686 1116 2717 ι
1163 2665 1401 2727 Σούτους
1432 2660 1893 2738 συμϐασίλευσονί
1932 2689 1957 2720 ν

314 2751 468 2806 καὶὰ
527 2753 700 2825 ἀντῖς,
760 2777 787 2809 α
843 2755 904 2812 ἸΙ
953 2755 1165 2826 ἐξουσία
1221 2761 1255 2826 ἡ
1307 2758 1436 2814 ἅνω.
1473 2782 1500 2808 ››
1535 2759 1631 2812 Καὶ
1700 2759 1728 2812 6
1788 2757 1959 2829 ἀντὶς,

319 2867 340 2892 ι
403 2844 847 2916 Κοσμοπόθητοιο
910 2871 939 2899 ››
992 2846 1081 2902 καὶ
1115 2848 1143 2902 6
1184 2848 1351 2910 ἀντίς.
1405 2871 1432 2898 ιι
1464 2849 1792 2920 Μιμήσασθε
1823 2853 1961 2903 Θεοῦ

313 2929 738 3009 φιλανθρωπίαν.
783 2959 811 2986 ››
843 2935 909 2992 Οἱ
971 2937 1252 3012 Πρᾶσινοι,
1318 2961 1342 2991 α
1395 2939 1509 3006 Τὴν
1569 2937 1772 2992 ἄνωθεν
1804 2936 1962 3009 ἐξου-

314 3021 455 3074 σίαν·
494 3044 522 3072 ››
563 3021 651 3077 καὶ
711 3023 740 3078 6
798 3024 969 3090 ἃντὶς,
1034 3049 1056 3076 ι
1126 3027 1315 3098 Ἡμεῖς
1376 3022 1453 3096 δὲ,
1511 3025 1556 3078 ὦ
1601 3023 1959 3100 στρατοπεδα,

310 3111 429 3169 πῶς
485 3110 856 3184 τροπώσωμεν
906 3111 1209 3185 πολεμίους
1241 3133 1254 3182 ;
1291 3137 1318 3164 ››
1377 3114 1428 3168 οἱ
1473 3115 1748 3188 Πράσινου
1787 3137 1814 3165 ιι
1847 3117 1959 3171 Τοῦ

310 3196 601 3269 στέῴαντος
646 3201 772 3262 τοὺς
823 3197 1085 3264 δεσπότας
1143 3203 1433 3276 Ῥωμαίων
1478 3206 1611 3258 Θεοῦ
1652 3201 1959 3280 φυλάττον-

309 3305 405 3346 τας
436 3287 483 3322 ⁷⁶
527 3289 626 3357 τήν
687 3288 882 3360 πίστιν,
939 3292 1029 3346 καὶ
1087 3293 1186 3361 τήν
1260 3291 1683 3369 εὐγνωμοσύνην
1771 3290 1959 3347 δεσπο-

308 3378 444 3432 τῶν.
479 3399 506 3427 ι
540 3377 643 3434 Καί
694 3377 946 3455 λέγουσιν
1001 3382 1053 3435 οἱ
1109 3381 1358 3456 κράκται,
1409 3407 1436 3435 ιι
1476 3380 1687 3438 Πολλὰ.
1748 3381 1954 3450 πολλὰ,

313 3463 519 3520 πολλαο
555 3489 585 3518 »
618 3467 646 3520 ὁ
680 3463 832 3534 λαός,
881 3495 908 3520 «
946 3434 1258 3541 nonat",
1293 3472 1369 3535 εἷς
1406 3469 1614 3528 πολλα.
1650 3496 1678 3523 ››
1711 3473 1778 3529 Οι
1826 3473 1961 3547 κρᾶ-
1996 3434 2039 3502 (ἶ

307 3572 449 3608 ιιται⁹
483 3578 512 3606 ιι
555 3554 768 3611 Πολλοὶ
801 3558 925 3631 ὑμῖν
950 3559 1164 3638 χρόνοι,
1194 3563 1256 3614 τὸ
1286 3556 1593 3635 πρόϐλημα
1641 3568 1742 3630 τῆς
1785 3562 1956 3638 Τριά-

311 3639 424 3705 δος.
456 3667 486 3696 n
518 3645 570 3698 οἱ
620 3645 897 3722 Πρασινοι·
941 3672 969 3699 ιι
1008 3649 1074 3705 Ἠ
1134 3647 1342 3725 ἐκλογή
1399 3652 1497 3719 τῆς
1552 3648 1804 3725 Τριάδος·
1842 3675 1869 3702 ››
1928 3652 1957 3706 6

309 3731 443 3797 λαὸς
471 3731 531 3789 έκ
578 3736 644 3811 γ’,
699 3760 727 3788 ιι
787 3735 999 3792 Πολλοὶ
1065 3737 1192 3812 ὑμῖν
1225 3741 1441 3814 χρόνοι·
1471 3763 1497 3790 n
1539 3741 1591 3794 οἱ
1676 3742 1952 3814 Ηράσινοι·

308 3846 338 3874 ιι
364 3824 535 3900 Ἀγιε.
569 3849 600 3878 »
629 3827 697 3884 Οἱ
726 3828 973 3902 κρακται.
1010 3851 1039 3881 ιι
1069 3827 1286 3885 Πολλοὶ
1318 3830 1450 3903 ὑμῖν
1483 3835 1703 3905 χρόνοι,
1733 3831 1760 3885 6
1811 3829 1958 3886 δεῖνα

305 3912 393 3968 καῖ
427 3915 455 3969 6
487 3910 635 3971 δεῖνα
673 3917 1066 3992 αὐτοκράτορες
1114 3918 1423 3992 Ῥωμαίωνο
1497 3922 1525 3975 6
1584 3919 1718 3982 λαὸς
1769 3919 1828 3975 ἐκ
1885 3921 1955 3994 γ’,

311 4025 339 4052 ιι
374 4002 583 4059 Πολλοὶ
616 4005 743 4079 ὑμῖν
775 4006 990 4083 χρόνοι.
1024 4034 1051 4060 ››
1085 4008 1152 4065 Οἱ
1199 4008 1452 4083 κράκται’
1485 4033 1512 4060 ιι
1546 4007 1760 4066 Πολλοὶ
1823 4010 1956 4082 ὑμῖν

306 4091 526 4166 χρόνοι,
567 4096 617 4149 οἱ
667 4097 985 4167 θεράποντες
1043 4102 1144 4152 τοῦ
1175 4099 1397 4172 Κυρίου·
1460 4123 1488 4150 ›ι
1529 4099 1556 4153 6
1608 4097 1738 4160 λαὸς
1771 4098 1830 4153 ἐκ
1885 4100 1956 4174 γ’,

323 4203 348 4234 ι
381 4181 592 4239 ΙΙολλοὶ
630 4186 756 4258 ὑμῖν
789 4187 1006 4264 χρόνοι.
1041 4211 1070 4239 ››
1101 4186 1204 4244 Καὶ
1234 4187 1399 4243 πάλιν
1433 4185 1686 4262 λέγουσιν
1739 4189 1789 4243 οἱ
1820 4189 1956 4259 κράο

306 4291 451 4328 κται.
500 4298 520 4323 ιι
570 4275 750 4346 Πόσην
799 4276 972 4352 χαρὰν
1028 4275 1147 4356 ἔχει
1195 4279 1230 4347 ἡ
1291 4275 1567 4347 πολιτεία,
1619 4274 1704 4332 ὅτι
1765 4276 1954 4352 βλέπει

304 4363 431 4424 τοὺς
473 4360 642 4427 ἰδίους
675 4362 957 4429 δεσπόταςο
996 4391 1024 4418 ››
1058 4369 1286 4443 φθογγεῖ
1334 4367 1424 4422 καὶ
1492 4368 1520 4422 6
1571 4366 1702 4429 λαὸς
1763 4365 1821 4421 ἐκ
1885 4369 1952 4442 γ’·

313 4473 339 4505 α
401 4451 623 4524 Πολλὴν
683 4452 798 4530 ἔχει
849 4456 1024 4532 χαρὰν
1079 4459 1114 4526 ἡ
1163 4456 1435 4514 πολιτεία.
1494 4481 1522 4508 ››
1581 4457 1647 4514 Οἱ
1705 4455 1952 4530 κράκται.

307 4565 334 4592 ιι
358 4542 539 4616 Ὑμεῖς
565 4543 835 4620 ὑπάρχετε
865 4547 899 4614 ἡ
928 4546 1072 4621 χαρᾶ
1125 4549 1235 4600 τῶν
1301 4547 1609 4619 Ῥωμαίωνο
1643 4570 1672 4599 ››
1732 4547 1760 4601 6
1821 4545 1955 4608 λαὸς

306 4630 364 4686 ἐκ
392 4633 458 4707 γ’,
491 4657 518 4682 ιι
571 4636 749 4710 ”Αγιε.
794 4658 822 4685 n
879 4636 942 4688 Οἱ
996 4635 1248 4709 κράκταιο
1283 4659 1313 4686 ιι
1359 4636 1548 4708 Ὑμεῖσ
1596 4636 1869 4712 ὑπάρχετε
1923 4636 1952 4690 6

304 4721 472 4785 πόθος
525 4727 633 4777 τῶν
693 4722 1000 4797 Ῥωμαίων·
1063 4746 1091 4775 ››
1123 4725 1151 4778 6
1213 4722 1345 4786 λαὸς
1378 4723 1436 4780 ἐκ
1479 4725 1546 4800 γ’,
1579 4749 1607 4776 ιι
1641 4726 1794 4802 Ἀγιε
1823 4727 1886 4784 ⁷⁷.
1923 4748 1951 4778 ››

2077 2144 2184 2193 tos.
2220 2158 2247 2186 »
2282 2138 2574 2209 Populus:
2601 2160 2628 2188 «
2653 2137 2858 2193 Multos
2883 2155 3066 2192 annos
3092 2137 3152 2191 in
3175 2136 3390 2191 multos
3415 2135 3428 2188 !
3466 2157 3492 2184 »
3519 2137 3720 2190 Canto-

2075 2243 2205 2282 res:
2242 2229 2320 2282 «I
2337 2227 2431 2284 85
2455 2224 2522 2279 Ν.
2544 2226 2612 2282 Ν.
2637 2225 2853 2282 Christi
2877 2231 3164 2294 amantes,
3185 2226 3245 2280 in
3265 2229 3382 2280 Deo
3411 2223 3623 2278 vincite
3648 2222 3659 2275 l
3689 2244 3718 2272 ››

2075 2315 2328 2387 populus
2360 2317 2562 2371 eadem
2598 2324 2713 2371 ter:
2751 2323 2943 2386 postea
2972 2330 3039 2368 ea
3072 2313 3262 2378 factio,
3297 2329 3426 2383 quae
3474 2310 3717 2382 reliquis

2072 2405 2410 2471 antefertur,
2443 2405 2620 2461 dicit:
2672 2427 2700 2454 ιι
2735 2402 3028 2458 Caelestis!
3064 2423 3092 2451 »
3138 2401 3452 2473 respondet
3499 2401 3717 2455 altera:

2076 2516 2104 2545 ιι
2135 2493 2408 2550 Victoriis
2459 2494 2842 2566 imperatores
2893 2496 3122 2547 nostros
3171 2491 3416 2546 corona!
3455 2512 3482 2539 ι)
3524 2488 3718 2544 Factio

2073 2584 2263 2655 prior:
2291 2604 2314 2634 ι
2350 2583 2495 2638 Cum
2528 2583 2621 2638 his
2649 2598 2893 2654 regnum
2928 2580 3091 2649 gere!
3125 2599 3150 2632 ι
3207 2579 3428 2635 altera:
3463 2600 3492 2629 »
3549 2582 3718 2634 Pote-

2072 2678 2196 2728 stas
2222 2688 2512 2744 suprema.
2549 2693 2576 2720 ››
2611 2671 2942 2742 Respondet
2965 2667 3266 2740 superior:
3300 2690 3328 2717 «
3361 2667 3529 2723 Orbis
3559 2667 3715 2722 desi-

2072 2760 2338 2817 derium!
2374 2786 2396 2814 ι
2447 2761 2667 2817 altera:
2715 2783 2736 2809 ιι
2790 2759 3056 2815 Divinam
3103 2757 3474 2814 clementiam
3533 2755 3720 2810 imita-

2077 2851 2220 2906 mini
2245 2851 2257 2905 !
2281 2874 2310 2901 «
2337 2851 2576 2908 Prasina
2600 2866 2613 2907 :
2640 2871 2668 2900 ιι
2691 2850 3038 2922 Supremam
3063 2850 3423 2919 majestatem
3450 2847 3460 2901 l
3494 2867 3522 2895 »
3544 2845 3722 2900 altera

2072 2940 2278 2996 factio:
2319 2963 2338 2989 ιι
2393 2940 2509 2996 Nos
2555 2955 2708 3006 vero,
2739 2956 2771 2994 ο
2820 2937 3126 3006 exercitus,
3173 2937 3465 3008 quomodo
3518 2935 3717 2990 hostes

2069 3029 2514 3100 superabimus?
2546 3050 2574 3078 »
2607 3027 2864 3083 Prasini:
2911 3047 2939 3076 «
2990 3027 3109 3096 Dei,
3143 3027 3242 3098 qui
3289 3024 3558 3079 dominos
3607 3027 3718 3078 Ro-

2070 3134 2378 3173 manorum
2399 3117 2716 3184 coronavit,
2734 3116 2906 3171 fidem
2930 3115 3328 3187 etaaquitatem
3343 3112 3714 3167 dominorum

2069 3214 2380 3263 servantes.
2435 3230 2464 3256 »
2515 3206 2706 3272 ,Porro
2767 3211 3034 3260 cantores
3076 3219 3089 3257 :
3125 3223 3154 3252 «
3209 3201 3438 3268 Multos,
3476 3199 3714 3267 multos,

2068 3295 2288 3351 multos
2313 3296 2324 3350 l
2350 3318 2378 3346 »
2412 3295 2696 3366 populus:
2732 3315 2759 3344 ιι
2792 3293 3002 3348 Multos
3047 3307 3233 3347 annos
3283 3291 3341 3346 in
3396 3289 3648 3344 multos!
3685 3311 3714 3338 »

2068 3386 2383 3442 Cantores:
2423 3409 2450 3434 n
2475 3385 2652 3440 Multa
2693 3384 2857 3440 vobis
2891 3388 3173 3454 tempore,
3208 3379 3715 3452 propugnaculum

2065 3475 2363 3532 Trinitatis
2389 3475 2400 3530 !
2430 3501 2451 3528 ι
2485 3475 2708 3530 Prasini
2737 3491 2750 3530 :
2774 3495 2802 3524 ιι
2825 3471 3353 3528 ElectioTrinitatis
3378 3469 3391 3524 l
3419 3493 3446 3520 »
3469 3468 3716 3540 populus

2066 3571 2190 3622 ter:
2218 3589 2246 3616 «
2275 3565 2456 3622 Multa
2474 3565 2639 3622 vobis
2661 3563 2960 3637 tempora!
2990 3584 3015 3615 ι
3051 3562 3271 3618 Prasini
3303 3577 3317 3616 :
3345 3581 3371 3612 ιι
3413 3559 3656 3616 Sancte!
3687 3579 3715 3607 ››

2067 3654 2344 3712 Cantores
2367 3671 2382 3711 :
2418 3678 2446 3706 ιι
2466 3654 2650 3711 Multa
2669 3654 2832 3710 vobis
2849 3659 3127 3724 tempora,
3147 3651 3216 3707 N.
3238 3650 3306 3706 N.
3338 3649 3718 3721 imperatores

2067 3741 2558 3801 Romanorum!»
2607 3744 2855 3815 pepulus
2893 3748 3020 3798 ter:
3063 3762 3090 3791 ιι
3135 3739 3313 3795 Multa
3363 3738 3527 3793 vobis
3571 3746 3717 3792 tem-

2067 3833 2240 3905 pora!
2274 3850 2301 3882 ι
2337 3833 2614 3888 Cantores
2648 3848 2661 3884 :
2699 3852 2726 3881 ιι
2778 3831 2960 3886 Multa
2990 3829 3158 3884 vobis
3198 3833 3481 3898 tempora,
3514 3825 3717 3880 famuli

2066 3920 2336 3978 Domini!
2376 3943 2403 3968 ››
2437 3920 2681 3990 populus
2709 3924 2829 3975 ter:
2867 3940 2893 3969 «
2926 3917 3111 3973 Multa
3161 3916 3326 3971 vobis
3373 3917 3709 3985 tempora.-

2068 4010 2293 4065 Rursus
2332 4015 2598 4063 cantores
2632 4023 2644 4060 :
2680 4029 2706 4055 ‹(
2743 4010 2968 4073 Quanto
3002 4021 3115 4060 non
3148 4003 3359 4074 gaudio
3382 4003 3582 4058 civitas
3613 4019 3714 4058 ex-

2067 4097 2272 4165 sultat,
2305 4098 2445 4152 dum
2480 4095 2748 4151 dominos
2795 4111 2932 4150 suos
2982 4092 3280 4148 intuetur!
3322 4113 3349 4146 ιι
3398 4091 3616 4148 clamat
3662 4097 3720 4147 et

2068 4185 2319 4258 p0pulus
2366 4190 2494 4240 ter:
2528 4207 2556 4233 «
2607 4183 2826 4253 Insigni
2874 4183 3075 4238 laetitia
3119 4182 3324 4236 civitas
3371 4179 3648 4238 exsultat.
3683 4201 3711 4230 »

2065 4277 2383 4332 Cantores:
2437 4296 2464 4321 ιι
2513 4272 2630 4328 Vos
2677 4271 2951 4338 gaudium
3015 4271 3408 4326 Romanorum
3459 4270 3637 4337 eatis;
3686 4290 3714 4318 η

2067 4366 2316 4437 populus
2365 4373 2484 4420 ter:
2536 4384 2564 4412 ιι
2613 4363 2848 4418 Sancte.
2902 4383 2930 4410 ››
2983 4364 3296 4416 Cantores:
3357 4383 3384 4409 «
3428 4359 3543 4414 Vos
3574 4358 3716 4415 estis

2064 4457 2424 4512 desiderium
2450 4453 2844 4508 Romanorum
2873 4469 2928 4516 μ
2955 4449 3204 4522 populus
3227 4454 3314 4504 ter
3338 4467 3350 4505 :
3370 4471 3394 4500 ιι
3419 4449 3623 4504 Sancte
3650 4467 3714 4515 ;»

2063 4551 2120 4602 et
2137 4530 2502 4617 quaecunqué
2525 4542 2696 4597 factio
2714 4541 2956 4612 reliquis
2973 4537 3286 4607 antecellit,
3300 4540 3427 4609 ejus
3449 4544 3718 4594 cantores

2063 4637 2262 4691 dicunt
2291 4651 2304 4690 ε
2339 4656 2367 4685 ιι
2400 4633 2466 4688 Ν.
2501 4631 2570 4688 Ν.
2603 4630 2817 4688 Christi
2849 4635 3136 4699 amantes,
3169 4630 3227 4685 in
3261 4634 3375 4684 Deo
3405 4628 3617 4683 vincite
3644 4647 3706 4694 ςι

2063 4725 2172 4782 hoc
2203 4726 2341 4780 item
2375 4721 2624 4796 populus
2655 4725 2713 4776 et
2756 4720 3021 4792 opposita
3074 4717 3269 4784 factio,
3300 4717 3434 4773 alba
3481 4732 3715 4788 quoque

309 4809 404 4864 Καὶ
437 4812 554 4866 οῖον
589 4812 753 4886 μέρος
779 4807 894 4887 ἔχει
927 4812 1281 4888 προτίμησιν,
1309 4813 1560 4890 λέγουσιν
1595 4815 1646 4870 οἱ
1675 4813 1873 4870 τούτου
1904 4816 1954 4850 ⁷⁸

2076 4820 2120 4871 at
2150 4830 2338 4880 russa,
2375 4815 2664 4882 repetunt,
2689 4809 2900 4880 quibus
2933 4812 3178 4877 uterque
3209 4807 3457 4879 populus
3480 4821 3717 4876 respon-

307 4897 556 4971 κράκται·
597 4923 624 4950 ιι
687 4901 748 4956 Ὀ
799 4898 945 4954 δεῖνα
1011 4900 1101 4955 καὶ
1161 4901 1189 4954 6
1248 4898 1396 4956 δεῖνα
1454 4903 1830 4978 φιλόχριστοι,
1899 4902 1951 4958 ἐν

303 4991 421 5059 Θεῷ
441 4987 638 5042 νικᾶτε·
674 5012 702 5038 ››
727 4988 819 5042 καὶ
879 4991 906 5043 6
974 4985 1107 5050 λαὸς
1138 4987 1198 5044 ἐκ
1226 4991 1296 5065 γ’,
1335 4990 1398 5045 τὸ
1430 4989 1560 5046 αὐτὸ
1592 4989 1649 5046 δὲ
1681 4989 1829 5066 λέγει
1859 4992 1952 5046 καὶ

2064 4905 2207 4960 dent
2235 4907 2291 4959 et
2321 4901 2558 4957 dicunt:
2600 4919 2622 4947 ι
2656 4899 2726 4952 Ν.
2750 4897 2818 4952 Ν.
2851 4896 3121 4967 Augusti,
3153 4901 3215 4950 tu
3245 4895 3440 4951 vincas
3471 4897 3481 4950 l
3525 4917 3545 4944 ι
3577 4900 3634 4950 et
3664 4894 3714 4950 si

2064 4992 2272 5049 Veneti
2301 4987 2652 5062 praecipuam
2685 4985 2916 5042 laudem
2950 4985 3187 5054 habent,
3211 4988 3480 5040 cantores
3509 4998 3709 5040 eorum

1670 5141 1907 5199 VAerE
1945 5140 2355 5199 LECTlONES.

373 5255 420 5291 7:
445 5255 578 5328 μετὸ
608 5256 737 5313 cod,
840 5257 887 5292 ⁷⁴
920 5252 1263 5328 μεσοδήμιον
1323 5259 1413 5314 ed.

301 5328 344 5363 ⁷⁷
379 5329 561 5384 Verba
612 5345 625 5384 :

304 5399 348 5434 ⁷⁸
378 5398 586 5454 τούτων
616 5401 683 5456 ed
697 5442 710 5456 .

1519 5257 1566 5293 ’⁸⁵
1633 5260 1738 5315 Pro
1784 5258 1956 5328 ἀντίς,
2002 5259 2064 5316 h.
2119 5275 2170 5316 e.
2221 5256 2406 5319 ἀντίος
2461 5258 2553 5313 ed.
2613 5255 2834 5328 ubique
2876 5252 2936 5328 ἄν
2967 5275 3070 5316 τις.

672 5327 724 5404 οἱ
770 5326 1021 5403 κρακται·
1075 5350 1105 5379 ιι
1141 5326 1328 5401 Ὑμεῖς
1384 5329 1657 5404 ὑπάρχετε
1714 5331 1742 5384 6
1799 5326 1970 5393 πόθος
2019 5334 2127 5386 τῶν
2190 5329 2508 5402 Ῥωμαίων
2553 5351 2582 5378 ››
2623 5328 2651 5382 6
2711 5326 2842 5389 ιζαὸς
2893 5326 2952 5381 ἐκ
2995 5328 3042 5404 γ’
3073 5350 3102 5379 ιι
3154 5328 3325 5401 "Avia,
3371 5350 3399 5377 ››
3449 5345 3566 5384 om,
3619 5330 3709 5385 ed,

3172 5254 3218 5291 ⁷⁵
3247 5250 3608 5316 φυλάττοντες
3641 5257 3711 5312 ed

1357 5491 1555 5548 JOAN.
1597 5494 1742 5549 JAC.
1786 5494 2039 5549 BEISKII
2076 5491 2650 5549 COMMENTARIUS.

373 5611 485 5681 (t3)
518 5610 806 5668 Videntur
837 5611 1018 5667 fuisse
1048 5610 1287 5682 gradus,
1319 5609 1378 5665 in
1421 5609 1634 5682 quibus
1667 5609 1952 5682 consiste-

302 5689 448 5748 rent,
474 5688 574 5738 aut
605 5683 873 5740 sederent
901 5681 1076 5748 cives,
1109 5681 1210 5754 qui
1259 5682 1331 5738 ad
1372 5681 1672 5738 factionem
1720 5681 1950 5738 nullam

302 5753 683 5826 pertinerent.

2131 5610 2245 5680 (44)
2278 5610 2706 5680 M.constanter
2726 5608 2754 5662 ὁ
2786 5608 2956 5674 ἆντίς,
2981 5609 3037 5664 id
3062 5613 3151 5664 est
3179 5625 3338 5663 novas
3367 5623 3521 5664 more
3551 5609 3711 5680 Grae-

2063 5679 2162 5736 ciaa
2193 5679 2450 5746 ὄάντίος,
2498 5680 2833 5749 contrarius,
2878 5696 2947 5736 ex
2993 5681 3306 5737 adversario
3358 5692 3527 5735 stans.
3564 5679 3709 5734 [’bo-

2065 5766 2156 5808 nm
2183 5761 2322 5810 sunt
2352 5757 2409 5809 et
2433 5753 2788 5824 antiphonae.
