2069 3106
193 206 254 238 603

727 202 992 234 CONSTANTINI
1014 202 1362 234 PORPHYROGENITI

1836 205 1895 235 604

191 277 312 304 dicunt:
330 274 521 307 «Senatores,
546 272 666 308 surgite,
684 272 809 300 dominis
824 272 897 300 bene
912 279 1011 308 prece-

1079 271 1084 298 i
1102 271 1173 302 ἀντὶς
1203 270 1303 308 δῆμος,
1321 271 1426 307 ὁμοίως
1446 271 1492 299 καὶ
1508 271 1522 298 6
1541 272 1589 298 τοῦ
1618 272 1716 298 λευκοῦ
1743 272 1792 299 καὶ
1808 272 1822 300 6
1846 275 1894 300 τοῦ

192 328 276 353 mur;
291 329 305 343 ››
321 318 363 346 sic
379 319 406 345 et
421 316 545 353 populus
574 318 627 344 ter.
653 316 682 344 Si
702 325 767 345 vero
787 317 896 345 Prasini
912 316 1015 352 majori

191 363 332 400 dignitate
350 364 427 397 sunt,
438 363 569 390 cantores
580 369 680 389 eorum
696 362 815 389 dicunt:
832 373 846 387 ‹‹
863 361 1013 389 Pedaturae

192 417 355 442 murorum,
370 406 597 440 resuscitemini,
610 407 746 435 dominos
759 415 909 443 precemur
922 415 929 440 ;
946 417 960 431 »
977 407 1017 434 sic

190 455 277 483 etiam
288 452 413 489 populus
423 454 475 480 ter.
489 452 627 480 Cantores
640 460 646 479 :
668 463 681 477 «
693 451 799 479 Multos
810 460 903 480 annos
912 451 1014 479 amicis

191 498 300 528 nostris
318 497 324 525 Ι
343 509 356 522 ››
374 499 402 525 et
417 505 538 524 rursus:
553 508 567 521 «
584 495 657 524 Mala
671 497 805 532 tempora
819 495 946 523 inimicis
958 503 1013 523 no-

191 543 276 572 strisl
296 553 310 567 »
327 542 368 570 sic
384 541 508 577 populus
523 542 578 569 ter.

192 588 318 625 λὲγουσιν
347 586 372 612 οἱ
389 584 488 612 τούτου
510 584 633 621 κρέκταν
666 596 680 610 ιι
727 584 760 612 Οἳ
784 586 837 611 τῶν
862 581 1054 619 πεδατουρῶν,

193 632 298 669 ὁμοίως
322 630 352 658 ἐκ
375 630 409 667 γ’.
436 629 469 658 Οἱ
493 629 607 667 κράκται
629 626 667 655 ἕσ·
701 640 712 655 ι
737 630 795 655 Τῶν
816 627 968 666 φιλούντων
994 628 1068 664 ἡμᾶς

191 677 265 713 ἡμᾶς
281 675 350 703 κατὰ
362 674 395 702 τὰ
405 674 463 710 ἔτη·
480 686 493 700 ι)
511 674 554 702 καὶ
571 675 585 702 6
602 673 668 705 λαὸς
687 674 791 711 ὁμοιως
809 673 838 701 ἐκ
852 674 888 711 γ’.

227 723 273 749 VI.
291 722 356 749 Haec
375 721 462 749 etiam
480 720 598 756 reliquae
628 720 768 748 factiones
784 720 893 754 dicunt,
910 719 1019 755 quibus

194 775 295 796 omnes
306 767 383 794 hunc
391 765 420 793 in
429 765 549 793 modum
557 765 755 801 respondent:
768 775 781 789 ι(
795 764 928 792 UtJudas
939 764 1019 797 olim,

194 812 360 845 sull‘ocelur,
376 810 426 846 qui
443 810 576 838 domines
587 817 657 837 suos
668 817 726 837 non
736 808 829 836 amall
848 819 863 834 ››
876 808 930 836 hoc
942 809 1019 836 idem

195 858 322 895 populus
337 860 379 885 ter
392 857 509 892 repetit,
522 864 554 883 ac
570 855 670 884 statim
682 863 823 891 organum
839 854 982 891 pulsatur,
994 857 1022 881 et

197 909 377 940 quascunque
394 901 481 929 factio
500 900 644 936 praecipue
669 900 800 934 diligitur
820 901 849 927 et
873 900 1021 935 probatur,

194 935 228 977 ea
251 935 379 984 phonam
405 945 476 973 dicit
500 935 651 973 cantorum
674 952 741 978 ore;
758 952 825 972 voce
848 944 911 972 toni
933 943 991 972 obl.
1008 942 1019 970 Ι
1035 935 1059 968 Β

194 993 295 1021 dicunt
307 1000 314 1019 :
327 1001 341 1015 ι(
356 990 475 1017 Gratias
489 989 554 1023 tibi,
570 989 682 1017 Christe
697 989 772 1016 Deus
788 990 892 1020 noster,
909 987 1018 1024 persol-

195 1037 303 1069 vimus,
316 1035 393 1063 186
406 1035 483 1070 quod
493 1033 618 1062 consilia
628 1033 758 1069 gentium
770 1032 908 1069 dissipas,
921 1032 1019 1060 hostes

197 1080 333 1114 conteris,
350 1082 379 1107 et
390 1078 532 1107 miracula
542 1080 593 1105 tua
608 1078 636 1105 in
652 1077 757 1113 populo
772 1079 833 1111 tuo,
847 1086 863 1105 ο
879 1076 1020 1113 potentis-

169 1152 174 1155 .
195 1124 461 1159 sime,ampliﬁcas.
475 1122 696 1150 Inimicosenim
704 1126 818 1150 nostros
829 1124 879 1150 tua
893 1120 1021 1158 polentia

197 1169 357 1205 subjecisli,
373 1177 462 1197 cornu
479 1167 611 1195 ﬁdelium
628 1168 837 1203 imperatorum
854 1169 1020 1195 nostrorum

198 1223 320 1243 munere
329 1213 482 1242 Genitricis
492 1217 559 1246 tuae,
569 1215 601 1240 ut
609 1213 690 1240 solus
698 1213 799 1248 plenus
810 1212 1021 1245 misericordia,

197 1258 340 1287 exaltasti.
349 1268 363 1282 n
373 1259 474 1285 Postea
483 1259 615 1284 cantores
623 1256 810 1284 modulantur
823 1264 830 1283 :
841 1267 855 1281 ‹‹
865 1255 975 1283 Nanaia
987 1263 994 1282 :
1008 1266 1021 1279 n

197 1302 344 1338 populus;
358 1311 371 1327 ι
383 1301 552 1328 Laudamus
564 1302 601 1333 te,
613 1299 735 1328 Christe.
748 1310 762 1325 »
774 1301 911 1327 Cantores
923 1308 929 1327 :
944 1311 957 1324 ‹‹
967 1298 1022 1326 Na-

199 1354 257 1379 na;
275 1356 288 1370 ι)
301 1344 426 1381 populus
442 1352 449 1371 :
467 1354 480 1369 ι‹
507 1343 663 1379 Imperator
678 1343 850 1371 saeculorum
866 1343 872 1371 l
887 1353 900 1369 ι
919 1345 1023 1371 Canto-

199 1397 267 1418 res:
293 1399 308 1414 ‹‹
333 1389 433 1423 Nana;
457 1398 472 1412 n
497 1387 642 1423 populus:
671 1398 685 1413 «
712 1387 901 1424 Unigenitum
932 1387 1025 1416 Patris

201 1433 348 1462 Verbum!
367 1443 380 1458 n
393 1434 530 1460 Cantores
544 1440 551 1460 :
564 1443 579 1457 ››
590 1432 741 1467 Ananaia;
758 1443 771 1458 ι
785 1432 912 1469 populus
923 1443 930 1461 :
943 1431 1026 1466 Quod

204 1477 354 1514 respexisti
365 1481 391 1504 et
404 1476 569 1504 illustrasti.
582 1486 595 1502 ι
606 1478 745 1505 Cantores
757 1485 764 1504 :
777 1488 791 1502 «
803 1476 882 1504 Nana
893 1487 901 1511 ;
911 1487 925 1501 ι)
937 1485 1026 1512 popu-

204 1523 249 1551 lus
269 1532 275 1550 :
300 1534 313 1547 >1
339 1522 484 1557 Populum
506 1524 599 1549 tuum.
613 1532 624 1547 ι
649 1521 803 1549 Cantores:
823 1533 837 1546 ‹‹
868 1522 973 1549 Sancta
988 1521 994 1548 l
1011 1531 1024 1546 »

204 1567 350 1604 populus:
367 1577 381 1591 ιι
399 1567 431 1594 Et
447 1568 588 1602 potestate
602 1568 649 1593 tua
664 1574 717 1593 nos
732 1565 874 1593 liberasti.
890 1577 900 1591 υ
925 1566 1028 1594 Canto-

206 1621 272 1641 res:
289 1623 303 1637 ‹‹
320 1611 451 1645 Nanaia;
468 1622 482 1636 υ
503 1610 630 1647 populus
647 1618 653 1638 :
673 1622 684 1635 ι
702 1612 735 1638 Et
759 1610 907 1638 adduxisti
932 1618 994 1637 nos.
1011 1621 1025 1635 »

204 1658 342 1686 Cantores
359 1664 365 1684 :
385 1667 400 1680 «
416 1655 548 1689 Nanaia;
566 1666 577 1681 ι
597 1655 741 1691 populus:
758 1666 772 1680 ι(
789 1657 846 1683 Deo
862 1658 890 1682 et
906 1655 994 1682 Patri.
1011 1664 1023 1681 ι

206 1702 358 1729 Cantores:
387 1710 402 1725 ‹‹
417 1700 549 1727 Ananaia
564 1708 572 1734 ;
587 1710 602 1724 ››
628 1699 771 1735 populus:
798 1709 813 1724 «
835 1699 993 1727 Mediatrix.
1012 1710 1025 1726 ι

206 1747 360 1774 Cantores:
380 1755 390 1769 ι
409 1743 559 1776 Ananaia;
578 1753 590 1769 ι
612 1743 756 1779 populus:
775 1754 789 1768 ι(
805 1743 842 1771 Ut
865 1743 945 1771 solus
969 1752 1028 1772 om-

206 1789 377 1824 nipotens.»
401 1788 449 1815 Sic
478 1790 506 1815 et
535 1796 631 1816 omnis
661 1788 786 1824 populus
811 1793 910 1824 poslea
939 1788 1027 1817 dicit:

208 1845 222 1860 (ι
237 1834 385 1861 ίΕιειιυδω
399 1832 477 1860 Deus
488 1840 600 1859 sacram
614 1833 793 1867 majestatem
805 1840 868 1860 esse
881 1833 983 1868 jubeat
994 1832 1001 1860 i
1013 1844 1028 1859 ››

207 1879 313 1907 Eadem
330 1885 447 1913 quoque
461 1876 550 1905 altera
560 1877 645 1904 factio
656 1878 768 1912 recitat,
782 1880 809 1905 et
820 1885 884 1913 qua:
900 1878 1031 1913 superior

207 1926 261 1957 est,
291 1922 377 1950 dicit:
408 1934 421 1947 «
453 1921 527 1957 Fili;
556 1933 571 1947 »
601 1921 714 1950 altera:
742 1933 756 1948 ‹‹
785 1922 854 1957 Dei;
886 1933 899 1947 ››
930 1923 1030 1959 prior:

208 1979 221 1994 ι(
238 1968 365 1995 Victoria
385 1978 400 1992 ››
429 1969 482 1995 ter.
500 1969 603 1994 Postea
633 1970 784 1995 cantores:
801 1979 815 1992 ‹‹
844 1970 958 2001 Sancte,
989 1971 1033 1996 ter

209 2015 321 2046 sancte,
337 2013 426 2040 vitam
444 2012 516 2048 ipsis
540 2016 568 2039 et
592 2011 714 2046 gloriam
736 2011 851 2040 tribue!
870 2023 884 2037 »
910 2014 1033 2048 Rursus,

210 2067 272 2094 quas
281 2057 559 2093 superiorbabetur:
570 2067 584 2081 ι(
597 2057 651 2090 Tu,
663 2057 710 2092 qui
724 2057 856 2085 dominos
868 2058 1005 2093 adjuvasl
1019 2069 1033 2084 ››

1045 1622 1066 1655 C
1081 1612 1115 1640 Οἳ
1130 1612 1253 1648 κράιται·
1271 1624 1285 1637 ιι
1302 1612 1417 1639 Ναοιάῖα·
1434 1624 1445 1637 ι

1072 314 1194 352 ῥουσίου,
1218 315 1262 342 καὶ
1293 314 1481 350 ἀποκρίνονται
1511 315 1662 355 ἀμφότεροι
1690 315 1715 342 οἱ
1741 314 1826 352 δῆμοι
1851 317 1895 343 καὶ

1069 359 1204 396 λέγουσιν·
1218 371 1232 385 (ι
1247 360 1278 388 '0
1306 358 1378 387 δεῖνα
1407 360 1451 387 κειιί
1467 360 1481 387 6
1498 358 1571 387 δεῖνα
1598 358 1749 398 Αὕγουστοι
1772 358 1896 398 106,167,-

1070 414 1130 434 καις.
1146 415 1160 431 s
1183 404 1233 432 Καὶ
1250 403 1272 431 εἷ
1291 404 1337 441 μὲν
1353 403 1411 441 ἔχει
1427 405 1441 431 6
1458 404 1570 435 Βὲνετος
1585 404 1763 442 προτῖμησιν,
1795 404 1899 443 λέγου-

1069 459 1109 475 σιν
1126 449 1152 475 οἱ
1170 448 1267 476 τούτου
1283 449 1409 486 κράκταιι.
1432 460 1447 475 (ι
1471 449 1504 477 Οἱ
1528 450 1578 481 τῆς
1603 448 1770 487 συγκλήτου,
1793 449 1897 487 ἐγείρε-

1070 493 1114 520 σθε
1129 494 1151 511 ¹¹⁰
1176 494 1244 530 (45)·
1276 493 1341 524 τοὺς
1371 491 1502 524 δεσπότας
1532 493 1682 530 εὖξώμεθα·
1706 506 1720 520 ››
1737 495 1781 521 καὶ
1797 495 1811 522 6
1830 494 1898 526 λαὸς

1072 538 1179 574 ὁμοίως
1199 537 1228 565 ἐκ
1244 539 1278 577 γ’·
1296 538 1318 565 εἷ
1334 536 1362 565 δὲ
1378 535 1435 576 ἔχει
1451 538 1465 565 6
1493 538 1624 575 Πράσινος
1648 539 1698 574 τήν
1714 539 1897 576 προτίμησιν,

1084 582 1228 620 ἐγείρεσθε·
1254 581 1317 613 τοὺς
1343 581 1474 614 δεσπότας
1500 583 1650 619 εὖξώμεθα.
1682 595 1695 608 ι(
1718 584 1764 611 καὶ
1795 583 1809 611 6
1834 582 1900 615 λαὸς

1097 627 1189 655 πολλᾶ
1212 627 1245 654 τὰ
1270 625 1328 663 ἔτη.
1352 639 1366 653 n
1382 627 1436 662 _xai
1460 626 1555 655 πάλιν·
1582 639 1596 654 ‹‹
1620 629 1682 656 Τῶν
1698 627 1726 656 δὶ
1744 639 1897 666 μισουντων

1111 719 1142 753 ζ’.
1161 719 1253 747 Ταῦτα
1272 717 1300 746 δὲ
1321 717 1447 755 Λέγουσιν
1476 718 1521 746 καὶ
1550 719 1575 746 οἱ
1605 718 1700 747 λοιποὶ
1728 718 1825 757 δῆμοι,
1850 719 1896 747 καὶ

1074 763 1264 801 ἀποκρίνονται
1294 764 1403 799 πάντες,
1447 764 1492 791 καὶ
1528 763 1666 802 λέγουσιν·
1695 777 1709 791 ι(
1735 764 1895 802 Ἀπάγξεται

1075 809 1111 840 ὡς
1127 809 1140 836 6
1171 807 1273 839 Ἰουδᾶς
1304 809 1317 836 6
1336 809 1373 845 μὴ
1398 807 1486 847 φιλῶν
1515 809 1579 839 τοὺς
1605 808 1691 840 ἰδίους
1721 808 1861 840 δεσπότας·
1885 822 1896 837 ι

1074 852 1119 880 καὶ
1136 853 1149 880 6
1165 853 1232 884 λαός
1262 853 1365 889 ὁμοίως
1394 853 1423 881 ἐκ
1451 853 1555 891 τρίτου,
1589 855 1634 881 καὶ
1654 855 1754 886 εὐθέως
1771 855 1845 891 αὖγεῖ
1865 855 1898 882 τὸ

1077 897 1203 935 Χργανον,
1219 898 1262 925 καὶ
1281 898 1339 925 οἷον
1364 897 1445 935 μέρος
1461 895 1522 936 ἔχει
1542 898 1720 936 προτίμησιν,
1750 899 1820 936 λέγει
1841 910 1899 937 φω-

1074 943 1122 977 νήν
1141 942 1194 970 ἀπὸ
1209 945 1333 980 κρακτῶν
1349 942 1372 960 ⁸ο
1387 942 1437 981 ἤχ,
1454 943 1504 973 πλ.
1518 944 1550 971 at"
1566 956 1580 970 ι(
1602 943 1827 982 Εὐχσριστοῦμέν
1845 955 1898 980 σοι,

1072 987 1170 1024 Χριστέ
1186 987 1199 1014 6
1216 988 1280 1018 Θεὸς
1301 989 1393 1024 ἡμῶν,
1404 990 1444 1024 τῷ
1475 987 1675 1023 διασκεόάξοντι
1700 987 1801 1027 βουλὰς
1817 989 1898 1020 ἐθνῶν

1072 1033 1117 1060 καὶ
1134 1030 1303 1069 συντρίϐοντι
1333 1031 1497 1069 πολεμίους,
1519 1034 1561 1061 ὅτι
1590 1033 1759 1071 ἐμεγάλυνας
1780 1034 1813 1061 τὰ
1833 1034 1897 1060 ϐαυ-

1076 1077 1158 1114 μάσιά
1184 1087 1231 1104 σου
1266 1077 1309 1105 ἐπὶ
1334 1078 1379 1104 τὸν
1408 1076 1475 1105 λαόν
1505 1088 1564 1113 σου,
1590 1076 1694 1107 δυνατὲ.
1711 1079 1782 1110 Τοὺς
1798 1079 1850 1116 γὰρ
1864 1077 1899 1116 ἐχ

1074 1122 1153 1159 θροὺς
1176 1123 1256 1158 ἡμῶν
1279 1121 1410 1158 ὑποτάξας
1438 1121 1463 1149 ἐν
1497 1124 1531 1159 τῇ
1561 1120 1673 1159 δυνάμει
1702 1133 1762 1157 σου,
1787 1122 1898 1160 ὕψωσας

1073 1167 1105 1194 τὸ
1128 1167 1207 1204 κέρας
1236 1168 1289 1193 τῶν
1324 1168 1426 1193 πιστῶν
1466 1166 1599 1204 βασιλέων
1638 1168 1717 1204 ἡμῶν
1741 1165 1895 1204 πρεσϐείαις

1074 1214 1124 1245 τῆς
1152 1209 1285 1245 τεκούσης
1316 1221 1353 1244 σε,
1385 1210 1423 1242 ὡς
1453 1212 1536 1247 μόνος
1566 1210 1726 1243 πολυέλεος.
1744 1223 1758 1237 ιι
1782 1212 1832 1239 Καὶ
1850 1211 1897 1243 εἶθ’

1077 1255 1162 1286 οὕτως
1176 1254 1302 1292 λέγουσιν
1314 1255 1339 1281 οἱ
1354 1255 1468 1292 κράκται
1491 1256 1522 1283 τὸ
1542 1255 1664 1293 ἱχάδιον,
1680 1268 1695 1282 ι(
1718 1256 1820 1284 Navita
1834 1257 1867 1284 εί.
1886 1268 1900 1281 ))

1076 1301 1089 1327 6
1106 1299 1184 1331 λαός-
1201 1312 1215 1325 α
1233 1299 1385 1336 Δοξάζομέν
1413 1311 1451 1335 σε,
1467 1301 1578 1338 Χριστὲ·
1597 1312 1609 1328 α
1627 1301 1660 1329 Οἱ
1676 1301 1800 1339 api-41m,
1814 1313 1828 1326 «
1844 1303 1903 1328 Να-

1076 1344 1108 1372 vi
1133 1345 1200 1381 (46)·
1227 1356 1241 1370 ι)
1272 1345 1286 1371 ὁ
1322 1343 1399 1376 λαός*
1433 1356 1447 1373 α
1467 1345 1586 1373 Βασιλεῦ
1614 1348 1668 1373 τῶν
1694 1345 1812 1374 αἰώνων.
1842 1346 1905 1374 »Οἱ

1078 1389 1204 1426 κράκται,
1239 1402 1252 1415 ι(
1276 1389 1359 1416 Navi‘
1392 1390 1406 1416 6
1446 1388 1525 1420 λαύς·
1564 1390 1708 1427 Μονυγενῆ
1746 1390 1818 1427 Λόγε
1857 1392 1906 1417 τοῦ

1080 1433 1198 1470 Πατρός.
1217 1445 1231 1459 ››
1248 1433 1281 1461 Oi
1296 1433 1422 1470 κρέκται,
1443 1446 1457 1459 ιι
1479 1434 1617 1462 ⁷Λνανάῗα.
1640 1445 1654 1459 n
1670 1434 1684 1460 6
1702 1434 1778 1468 λαὸς,
1805 1446 1819 1459 κ
1845 1434 1907 1462 ’Ὁτι

1080 1477 1219 1515 ἐπεσκέψω
1233 1478 1276 1505 καὶ
1294 1477 1442 1517 ἐφώτισας.
1461 1490 1475 1503 )›
1504 1478 1537 1506 Οἱ
1565 1478 1690 1515 κράκται,
1708 1490 1722 1504 ι(
1747 1479 1832 1507 Νανά·
1850 1490 1862 1503 η
1893 1478 1907 1505 6

1081 1522 1157 1553 λαός·
1178 1533 1190 1550 α
1219 1523 1272 1551 Τὸν
1299 1522 1364 1550 λαόν
1400 1533 1458 1550 σου.
1486 1534 1500 1548 ››
1530 1523 1563 1551 Οἱ
1584 1523 1710 1561 χράκται,
1727 1535 1741 1549 ‹‹
1758 1522 1845 1560 Ἀγία.
1861 1534 1876 1548 ι)
1893 1522 1907 1549 ὁ

1082 1566 1159 1598 huic“
1176 1579 1190 1593 (ι
1207 1567 1256 1594 Καὶ
1277 1567 1302 1594 ἐν
1328 1568 1362 1603 τῇ
1393 1565 1503 1604 δυνάμει
1533 1578 1580 1595 σου
1601 1566 1762 1604 ἆπήλλαξας
1784 1569 1869 1604 ἡμᾶς.
1894 1579 1908 1592 ››

1466 1612 1479 1639 6
1511 1611 1587 1643 λαός·
1615 1624 1628 1639 ι(
1653 1612 1704 1640 Καὶ
1731 1613 1907 1649 προσήγαγες

1081 1657 1166 1693 ἡμᾶς.
1184 1668 1197 1681 n
1229 1656 1262 1684 Οἱ
1296 1656 1419 1694 χράκταγ
1448 1668 1463 1682 ‹‹
1489 1657 1604 1685 Νανάῖιν
1633 1668 1646 1682 υ
1672 1657 1685 1684 6
1713 1656 1790 1688 λαός.
1823 1669 1835 1682 ιι
1863 1659 1908 1692 Τῷ

1083 1702 1140 1736 Θεῷ
1154 1700 1200 1727 καὶ
1214 1700 1308 1737 Ila-cpt.
1338 1712 1352 1726 ››
1368 1700 1402 1729 Οἱ
1426 1700 1553 1738 κράκται.
1571 1712 1585 1727 ι(
1605 1701 1744 1728 Ἀνανάῖα·
1761 1712 1775 1726 n
1791 1701 1804 1728 6
1832 1699 1909 1733 λαός·

1085 1756 1096 1770 ι
1121 1746 1246 1772 Mean-reid
1274 1745 1298 1762 ⁸²
1325 1745 1393 1782 (47).
1412 1756 1426 1771 ›)
1451 1745 1485 1773 Οἱ
1499 1745 1624 1783 κράκται,
1655 1757 1669 1771 ι(
1700 1744 1832 1774 Ἀνανάῖα·
1860 1757 1874 1771 ))
1894 1745 1909 1773 6

1083 1788 1160 1820 λαός.
1187 1801 1201 1815 ‹‹
1224 1792 1267 1821 Ὡς
1296 1790 1382 1826 μόνος
1401 1788 1616 1826 πωιτοδύναμος.
1642 1801 1656 1816 ››
1677 1790 1729 1818 Καὶ
1745 1791 1794 1817 εἷθ’
1824 1790 1911 1822 οὕτως

1085 1833 1159 1871 λέγει
1180 1834 1193 1861 ὁ
1223 1834 1288 1865 λαὸς
1318 1835 1396 1865 ἅπαις·
1421 1846 1436 1860 ‹‹
1460 1834 1649 1872 Ηολυχρόνιον
1679 1835 1790 1870 ποιήσει
1813 1835 1828 1862 6
1843 1835 1912 1866 Θεὸς

1084 1880 1134 1914 τὴν
1157 1879 1233 1916 ἁγίαν
1251 1879 1399 1917 βασιλείαν.
1426 1891 1440 1905 η
1465 1879 1575 1914 Ἰστέον,
1600 1879 1641 1907 ὅτι
1674 1880 1708 1907 τὰ
1744 1879 1811 1906 αὐτὰ
1836 1879 1909 1916 λέγει

1085 1925 1130 1952 καὶ
1154 1925 1168 1951 6
1192 1924 1266 1956 ἀντὶς
1285 1923 1386 1961 δῆμος.
1413 1924 1464 1953 Καὶ
1489 1924 1571 1952 πάλιν
1596 1925 1609 1952 ὁ
1637 1921 1710 1963 ἔχων
1738 1924 1907 1962 προτίμησιν

1087 1969 1172 2007 λέγει,
1191 1982 1202 1995 ι
1238 1969 1291 1996 Υἱέ³
1317 1982 1326 1994 ι
1344 1969 1388 1996 καὶ
1416 1969 1429 1996 6
1457 1970 1541 2004 ἀντὶς,
1567 1982 1578 1996 ι
1598 1971 1675 1998 Θεοῦ.
1700 1981 1714 1995 ››
1736 1969 1784 1996 Καὶ
1810 1969 1915 2000 ὁαντὶς

1088 2015 1191 2050 «Νίκη
1218 2026 1232 2040 ››
1259 2018 1291 2051 γ”
1320 2014 1363 2041 καὶ
1389 2013 1437 2041 εἶθ’
1460 2013 1547 2044 οὕτως
1570 2013 1694 2051 λέγουσιν
1729 2014 1754 2041 οἳ
1790 2014 1913 2050 κρέκται·

1092 2070 1103 2085 ι
1117 2061 1209 2097 ’Ἁγιε,
1232 2059 1363 2097 τρισάγιε,
1399 2058 1472 2093 ζωήν
1496 2059 1541 2086 καὶ
1564 2057 1641 2093 δόξαν
1653 2057 1698 2090 δὸς
1713 2058 1816 2090 αὐτοῖς.
1838 2058 1916 2087 »Καὶ

873 2102 994 2130 VARI/ﬁ
1014 2104 1216 2133 LEGTIONES.

246 2148 269 2166 ⁷⁹
284 2147 427 2184 ἐγείρεσθε·
443 2145 507 2177 τοὺς
523 2144 598 2173 δεσπ.
615 2145 680 2184 ερξη
702 2147 745 2181 R.,
761 2146 908 2184 ἐγείρεσθαι
923 2148 985 2179 τοὺς
1007 2147 1083 2178 δεσπ.
1107 2148 1160 2184 εὐΞ.
1186 2150 1250 2178 cod.
1277 2151 1307 2178 et
1332 2150 1378 2177 ed.

211 2184 258 2212 ed.
297 2182 319 2201 δ’
335 2182 399 2209 viva:
412 2184 457 2210 ed.
474 2183 596 2218 passim.
634 2182 658 2200 ⁸²
675 2182 795 2219 μεσιτείᾴ
810 2182 886 2219 conj.
904 2184 938 2212 R.

1426 2148 1451 2166 ⁸ο
1474 2147 1584 2187 λέγουσι
1612 2151 1706 2188 φωνῆς
1722 2148 1776 2176 ἀπὸ
1803 2147 1917 2186 κράχται

735 2237 833 2265 JOAN.
853 2238 925 2266 JAC.
947 2238 1079 2267 REISKII
1099 2238 1395 2267 COMMENTARIUS.

247 2293 305 2329 (45)
329 2291 417 2325 Edit.,
447 2290 764 2329 syslpschmLReliquas
794 2292 836 2319 has
866 2294 932 2320 sunt
965 2292 1038 2320 idio-

215 2327 344 2365 graphiae
361 2327 481 2361 librarii,
498 2335 547 2363 qui
562 2327 691 2356 codicem
712 2327 1038 2365 Lipsiensemreaaravit

214 2362 242 2393 Et
258 2362 304 2392 cui
316 2364 434 2392 solenne
454 2362 515 2391 erat
530 2373 556 2400 ᾳι
573 2366 614 2400 et
642 2373 653 2390 ε
682 2362 856 2400 permutare.
874 2362 1037 2400 Ἐγειρεσθαι

216 2401 262 2428 hic
284 2400 338 2427 loci
355 2408 412 2428 non
428 2402 472 2427 est
495 2399 669 2433 infinitivus,
684 2399 737 2427 sed
764 2399 952 2435 imperativus
967 2399 1041 2436 ἐγεί-

217 2436 303 2473 ρεσθε,
332 2436 446 2471 surgite,
461 2436 700 2473 beneuprecemur
729 2436 857 2473 dominis.
874 2437 920 2464 Sic
938 2444 966 2471 p.
990 2437 1038 2463 181

216 2471 364 2500 exaratum
387 2474 447 2499 erat
467 2473 495 2499 in
518 2471 556 2498 M.
583 2480 675 2508 αγεται
695 2480 746 2507 pro
766 2471 855 2508 ἄγετε,
881 2474 909 2500 et
932 2480 962 2508 ρ.
986 2473 1040 2508 Δ183

217 2507 407 2545 ἠγαπῃνμνέναι,
421 2510 449 2535 et
474 2507 587 2545 6187,.
598 2506 732 2542 εὕξασθὰι,
750 2511 778 2535 et
791 2506 907 2545 :jbidem
930 2506 1040 2545 ἐλαίους

219 2541 270 2580 ῤέο
300 2541 404 2576 ἐλέους,
430 2553 457 2578 ρ.
474 2541 551 2580 ⁷ᾁ35,
575 2541 681 2580 ἕταιρος
712 2552 763 2580 pro
791 2541 893 2579 ἕτερος,
922 2552 950 2571 v.
980 2544 1042 2580 190,

219 2578 381 2614 augmen
398 2588 450 2615 pro
471 2578 762 2613 αἰτήσασοείνίἀίεά
786 2588 813 2614 p.
837 2578 900 2606 ⁷188.
918 2580 952 2606 Et
978 2579 1044 2606 talia

220 2616 257 2646 ὡς
274 2616 349 2646 γόνις
370 2616 397 2642 in
415 2623 448 2643 eo
465 2616 569 2643 codice.
590 2616 620 2642 ld
646 2615 721 2642 idem
744 2623 861 2650 quoque
881 2615 992 2643 dictum
1015 2616 1044 2642 et

220 2660 278 2680 non
295 2651 458 2687 neglectum
474 2651 559 2687 velim
576 2651 611 2687 ad
629 2651 758 2686 proxime
772 2653 947 2687 sequentem
963 2650 1043 2677 simi-

218 2689 276 2716 lem
294 2684 389 2716 locum
405 2695 412 2715 :
428 2687 454 2713 οἱ
477 2685 529 2713 τῶν
559 2684 742 2722 πεδαῖτουρῶν,
770 2684 929 2722 ἐγείρεσθαι,
945 2693 959 2713 ο
988 2693 1043 2719 vos,

220 2725 268 2760 qui
282 2726 322 2751 ad
337 2724 483 2759 pedaturas
495 2723 653 2760 pertinatia,
674 2723 791 2760 surgite,
814 2722 879 2749 bene
902 2729 1045 2760 precemur

220 2758 349 2788 dominis}
367 2760 441 2786 Sunt
457 2761 566 2791 autem,
584 2758 634 2792 qui
652 2758 685 2784 ad
709 2758 863 2792 pedaturas
888 2758 1043 2792 pertinent,

223 2800 364 2831 quantum
381 2802 433 2830 ego
449 2793 585 2831 equidem
596 2792 929 2831 conjiciohmagistratus
941 2793 1045 2821 milita-

222 2827 287 2864 res;
304 2834 332 2857 et.
356 2827 428 2857 bene
453 2827 482 2856 hi
506 2830 564 2858 τοῖς
589 2831 639 2862 τῆς
665 2827 821 2864 συγκλήτου
846 2832 1043 2865 opponuntur,

222 2867 256 2894 de
273 2866 380 2900 quibus
393 2865 588 2901 modogsermo
601 2867 756 2899 praecessit.
771 2865 921 2892 Pedaturaa
930 2873 1044 2901 nempe,

221 2901 264 2929 vel
279 2899 431 2936 peditum,
446 2899 490 2927 vel
506 2899 675 2934 pedationes
690 2905 758 2928 sunt
781 2902 875 2937 spatia
902 2901 972 2930 certi
988 2899 1043 2928 nu-

1053 2297 1074 2328 D
1092 2294 1163 2322 meri
1181 2294 1298 2329 pedum,
1316 2294 1344 2321 in
1361 2293 1423 2321 solo
1435 2293 1479 2321 vel
1494 2292 1650 2327 manibus,
1662 2293 1711 2320 ubi
1724 2292 1857 2321 consistit
1867 2293 1919 2321 mi-

1092 2330 1135 2357 les
1150 2329 1285 2357 excubias
1301 2337 1402 2365 agens,
1418 2337 1469 2356 seu
1485 2329 1514 2356 in
1531 2329 1646 2365 castris,
1664 2337 1713 2356 seu
1727 2329 1756 2356 in
1774 2329 1919 2356 manibus

1095 2366 1186 2397 urbis,
1204 2365 1270 2392 item
1287 2364 1447 2400 iniquibus
1469 2364 1593 2400 agricola
1618 2367 1691 2397 arat,
1712 2365 1803 2397 metit,
1821 2367 1919 2391 fenum

1096 2403 1183 2435 secat,
1200 2403 1253 2428 etc.
1277 2401 1345 2428 Late
1359 2401 1393 2428 de
1415 2401 1470 2428 hac
1488 2408 1554 2428 voce
1570 2400 1631 2436 agit
1646 2400 1689 2428 Du
1713 2402 1810 2436 Cange
1825 2400 1919 2436 Gloss,

1097 2438 1168 2470 Lat.,
1194 2438 1271 2464 unde
1300 2438 1388 2472 patet,
1405 2444 1479 2469 eam,
1508 2436 1644 2472 quamvis
1670 2436 1725 2472 ad“
1740 2435 1840 2463 omnia
1865 2435 1920 2472 soli

1097 2465 1192 2508 spatia
1207 2477 1284 2500 cerlo
1301 2465 1407 2508 pedum
1420 2465 1542 2499 numero
1558 2471 1679 2508 definita
1691 2465 1781 2506 possit
1794 2471 1920 2504 extendi,

1097 2507 1132 2536 de
1150 2507 1325 2535 militaribus
1346 2511 1441 2535 tamen
1457 2508 1558 2543 spatiis
1584 2507 1752 2541 plerumque
1772 2508 1839 2538 dici,
1855 2515 1920 2542 quis

1097 2544 1141 2572 vel
1153 2545 1182 2571 in
1195 2544 1339 2572 moenibus
1352 2544 1532 2577 urbium,vel
1545 2545 1572 2570 in
1582 2543 1825 2571 castrinexcubiis
1836 2551 1922 2578 agen-

1098 2581 1143 2607 dis
1154 2581 1298 2607 destinata
1308 2583 1376 2607 sunt
1388 2588 1398 2610 ς
1409 2579 1637 2606 dislantiaunius
1647 2579 1782 2607 stationis
1793 2581 1921 2606 castren-

1098 2616 1139 2643 sis
1155 2618 1205 2643 aut
1218 2615 1355 2643 militaris
1371 2615 1407 2643 ab
1420 2615 1521 2643 altera.

1133 2651 1256 2713 (“132.1110
1271 2653 1299 2679 et
1312 2651 1449 2686 deinceps
1463 2653 1525 2679 erat
1538 2650 1568 2678 in
1584 2650 1683 2679 codice
1707 2650 1781 2686 νανᾶ,
1797 2653 1919 2679 accentu

1147 2695 1163 2713 u
1191 2695 1258 2713 ima.

1100 2686 1128 2713 in
1147 2686 1258 2714 ultima.

1136 2723 1190 2758 (47)
1207 2722 1248 2750 Ita
1261 2730 1374 2758 quoque
1390 2724 1434 2750 est
1459 2722 1488 2749 in
1516 2722 1622 2750 codice.
1649 2722 1704 2750 Sed
1730 2722 1818 2751 scrib.
1849 2721 1925 2757 μεσι-

1099 2756 1157 2793 τείᾳ
1182 2756 1213 2785 in
1250 2756 1355 2792 dativo,
1383 2766 1434 2794 per
1470 2758 1702 2793 intercessionem,
1729 2758 1925 2794 meditationem

1100 2793 1309 2821 tuam.Venias
1324 2793 1422 2821 tamen
1447 2802 1481 2821 ex
1508 2794 1662 2822 collatione
1687 2794 1742 2822 loci
1769 2804 1795 2828 p.
1824 2793 1876 2820 189
1895 2793 1925 2820 in

1099 2838 1161 2857 eam
1173 2830 1350 2864 opinionem,
1363 2833 1394 2857 ut
1405 2830 1504 2865 credas
1516 2830 1624 2857 omissa
1637 2830 1769 2865 quaedam
1793 2830 1840 2856 hic
1850 2836 1926 2863 esse,

1100 2874 1207 2900 nempe
1222 2866 1275 2891 τῶν
1287 2867 1389 2891 πιστῶν
1405 2864 1538 2902 βασιλέων
1553 2864 1851 2901 ἡμῶνίιηιακεεδεὶοηε
1861 2865 1930 2899 ﬁde-

1103 2902 1172 2928 lium
1188 2903 1344 2928 nostrorum
1359 2902 1567 2937 imperatorum.
