4138 6212
338 371 455 429 607

1399 373 1927 438 CONSTANTINI
1971 375 2675 445 PORPHYROGENITI

3615 390 3733 449 608

341 523 401 578 in
445 523 697 578 multos!
746 544 774 572 »
818 523 964 577 Dum
1008 537 1138 577 vero
1177 522 1390 594 aurigae
1441 524 1678 594 praemia
1724 525 1967 582 victoria

2089 529 2208 565 κται
2234 527 2248 542 ’
2295 535 2323 565 ‹‹
2355 512 2567 571 Πολλοὶ
2603 516 2727 588 ὑμῖν
2761 517 2974 591 χρόνοι,
3014 518 3048 585 ἡ
3092 512 3271 580 ἔνθεος
3301 516 3589 591 βασιλείαέ
3627 547 3652 571 η
3685 521 3736 575 οἱ

339 611 650 680 accipiunt,
706 616 971 666 cantores
1017 610 1222 665 dicunt
1270 627 1283 664 :
1327 634 1355 661 «
1402 612 1596 684 Longa
1632 613 1793 671 vobis
1824 618 1976 669 tem-

336 715 495 770 pora,
533 698 720 754 divina
752 699 1064 769 majestas!
1104 722 1124 749 ι
1161 701 1385 755 Prasini
1421 720 1436 754 :
1482 724 1511 752 ‹‹
1540 702 1753 758 Electio
1784 703 1980 758 Trini-

336 785 509 841 tatis!
572 809 600 836 »
651 787 903 858 populus
952 792 1041 842 ter
1093 805 1106 844 :
1159 807 1180 836 ι
1242 789 1487 845 Sancte!
1547 813 1575 840 ››
1640 791 1917 847 Cantores
1961 809 1975 847 :

337 899 364 924 ‹ι
392 875 589 946 Longa
645 875 809 931 vobis
837 881 1121 947 tempora,
1149 878 1347 934 famuli
1372 878 1604 934 Domini
1629 879 1641 935 l
1671 904 1691 932 ι
1731 880 1978 952 populus

329 968 417 1020 ter
449 980 462 1021 :
501 986 521 1014 ι
559 963 805 1020 Sancte!
847 987 874 1014 »
909 965 1134 1022 Prasini
1171 984 1183 1020 :
1226 990 1255 1017 «
1291 967 1502 1024 Sancte
1535 969 1547 1024 ι
1587 992 1606 1018 ι
1643 969 1922 1026 Cantores
1957 987 1970 1025 :

335 1077 362 1104 «
400 1054 591 1124 Longa
627 1056 793 1112 vobis
834 1061 1118 1128 tempora,
1153 1060 1221 1113 N.
1265 1057 1333 1112 N.
1377 1059 1654 1129 Augustae
1689 1059 1975 1116 Romano-

332 1159 458 1199 rum
492 1145 505 1198 !
543 1166 571 1194 ››
605 1145 853 1216 populus
904 1149 991 1200 ter
1031 1163 1044 1201 :
1086 1167 1114 1195 «
1155 1146 1352 1217 Longa
1402 1149 1566 1204 vobis
1607 1149 1910 1220 tempora!
1947 1173 1974 1199 »

333 1233 560 1288 Prasini
614 1252 627 1290 :
687 1232 946 1289 Sancte!
1013 1257 1033 1283 ι
1087 1233 1414 1290 Cantores:
1475 1257 1498 1287 ιι
1563 1241 1757 1308 Longa
1812 1238 1976 1294 vobis

329 1329 614 1393 tempore,
640 1323 889 1392 domini,
922 1339 1052 1378 cum
1075 1323 1547 1395 imperatricibus
1571 1331 1626 1381 et
1656 1328 1977 1399 porphyre-

327 1409 577 1481 genitis!
614 1433 642 1460 ››
677 1408 925 1481 populus
958 1419 1042 1464 ter
1073 1427 1087 1465 :
1123 1433 1150 1461 «
1186 1411 1376 1483 Longa
1406 1413 1572 1468 vobis
1599 1416 1863 1484 tempora
1895 1413 1907 1468 ι
1945 1436 1972 1463 ››

329 1497 552 1554 Prasini
612 1516 626 1554 :
679 1493 995 1553 «Sancte!
1033 1520 1061 1547 »
1095 1499 1369 1554 Cantores
1419 1515 1432 1554 :
1490 1521 1518 1551 «
1558 1501 1752 1574 Longa
1806 1503 1974 1560 vobis

327 1588 640 1659 tempora!
695 1589 1056 1661 Flagitamus
1115 1588 1325 1645 Uranio
1379 1591 1491 1647 tria
1551 1593 1909 1648 numismata
1956 1592 1970 1649 ι

327 1677 572 1748 (Prasini
610 1693 622 1734 :
675 1701 703 1728 ‹‹
753 1677 1021 1749 Olympio
1055 1698 1069 1746 ;
1123 1701 1150 1729 ››
1187 1681 1206 1749 )
1239 1679 1490 1750 pepulus
1541 1687 1624 1736 ter
1661 1698 1673 1736 :
1708 1703 1736 1732 ‹‹
1779 1687 1976 1756 Longa

325 1767 492 1822 vobis
522 1771 784 1838 tempora
817 1764 829 1822 l
867 1789 895 1816 ››
938 1767 1211 1824 Cantores
1245 1784 1257 1824 :
1300 1791 1327 1818 ‹‹
1361 1768 1624 1835 Domine,
1666 1786 1825 1826 serva
1866 1773 1973 1828 do—

2089 599 2345 674 Ηροὶσινοι
2372 625 2384 636 ·
2420 630 2447 658 ‹‹
2475 608 2535 663 Ἡ
2578 603 2784 682 ἐκλογή
2833 612 2931 675 τῆς
2961 604 3200 679 Τριαδος
3227 610 3238 663 !
3265 632 3293 658 ‹‹
3329 609 3356 662 6
3403 607 3532 671 λαὸς
3570 606 3627 663 ἒκ
3656 613 3730 682 γ’·

2089 716 2118 746 ι(
2149 694 2332 768 ’Ἅγιεέ
2366 715 2391 747 ι)
2441 697 2508 752 Οἱ
2561 697 2824 769 κράκταιο
2879 719 2907 746 ‹‹
2961 694 3179 752 Πολλοὶ
3231 698 3357 770 ὑμῖν
3411 697 3626 776 χρόνοι,
3677 703 3728 754 οἱ

2089 781 2414 855 θεράποντες
2443 790 2540 839 τοῦ
2575 783 2810 859 Κυρίουί
2847 810 2874 837 ››
2924 786 2950 840 6
3011 783 3144 847 λαὸς
3192 794 3275 860 γ’·
3314 810 3337 840 α
3371 790 3534 863 ’Ἂγιε
3561 791 3572 845 !
3599 812 3628 841 »
3683 791 3734 844 οἱ

2087 871 2384 947 Πράσινοιο
2439 899 2466 925 ‹‹
2500 876 2712 949 ’Ἃγιεε
2760 898 2786 927 ››
2840 876 2902 928 Οἱ
2949 877 3212 950 κράκταυ
3269 900 3297 928 ι(
3343 876 3552 932 Πολλοὶ
3606 880 3731 951 ὑμῖν

2088 963 2300 1037 χρόνοι,
2363 964 2390 1017 6
2451 961 2599 1019 δεῖνα
2649 966 2736 1020 καὶ
2796 966 2824 1020 6
2883 963 3029 1020 δεῖνα
3084 968 3393 1039 Αὐγοῢσται
3442 972 3551 1022 τῶν
3593 971 3735 1026 Ῥω-

2089 1049 2263 1123 μαίων
2292 1053 2303 1108 !
2348 1076 2376 1104 »
2415 1052 2504 1108 καὶ
2538 1056 2564 1108 6
2610 1053 2742 1115 λαὸς
2770 1055 2851 1130 γ’·
2889 1078 2915 1106 ‹‹
2949 1053 3161 1110 Πολλοὶ
3194 1056 3319 1128 ὑμῖν
3353 1058 3582 1133 χρόνοιί
3617 1084 3645 1110 ››
3678 1061 3736 1114 o't

2086 1141 2348 1214 Πράσινοι
2376 1160 2387 1172 ·
2427 1167 2455 1193 ‹‹
2507 1144 2702 1218 ’Ἁγιεί
2754 1168 2774 1193 ι
2821 1145 2888 1200 Οἱ
2927 1145 3154 1218 κράκται
3189 1164 3203 1178 ο
3263 1168 3290 1198 ιι
3330 1144 3542 1202 Πολλοὶ
3605 1147 3731 1220 ὑμῖν

2085 1227 2302 1301 χρόνοι,
2357 1230 2406 1282 οἱ
2453 1225 2729 1298 δεσπόται,
2792 1231 2881 1284 σὺν
2918 1237 3036 1292 ταῖς
3088 1231 3429 1306 Αὐγούσταις
3477 1234 3568 1288 καὶ
3617 1240 3735 1296 τοῖς

2085 1321 2661 1393 πορφυρογεννγςτοιςί
2709 1344 2731 1373 ι
2791 1321 2818 1374 6
2867 1320 3000 1381 λαὸς
3039 1319 3099 1375 ἐκ
3153 1327 3219 1395 γ’.
3271 1346 3298 1373 ‹‹
3350 1320 3565 1378 Πολλοὶ
3610 1325 3738 1395 ὑμῖν

2088 1406 2323 1479 χρόνοιί
2360 1431 2388 1457 n
2449 1408 2498 1461 οἱ
2562 1409 2818 1484 Πράσινοι
2858 1430 2870 1442 ·
2924 1433 2951 1460 ι(
3011 1411 3199 1485 ’Ἂγιεῐ
3257 1436 3277 1463 ι
3339 1412 3406 1467 Οἱ
3461 1410 3736 1485 κράκται·

2085 1517 2112 1544 ‹‹
2148 1493 2368 1550 Πολλοὶ
2425 1496 2552 1569 ὑμῖν
2587 1498 2777 1570 χρόνοι
2805 1500 2817 1552 !
2858 1498 2936 1554 ΤΞ*
2963 1497 3083 1570 τρία
3113 1503 3190 1570 τῷ
3239 1499 3492 1573 Οὐρανίῳ
3523 1502 3639 1574 (50)
3666 1518 3678 1532 ’
3709 1523 3734 1554 ι

2083 1586 2155 1657 (οἱ
2203 1586 2460 1658 Πράσινοι
2487 1605 2499 1617 ·
2535 1610 2562 1636 ‹‹
2615 1591 2693 1656 τῷ
2725 1584 3018 1660 Ὀλυμπίῳ
3043 1607 3054 1619 ο
3093 1589 3144 1660 ››)
3173 1588 3261 1642 καὶ
3312 1589 3339 1642 6
3381 1587 3511 1651 λαὸς
3543 1589 3600 1644 ἐκ
3647 1593 3694 1665 γ’
3719 1608 3732 1620 ⁸

2086 1697 2114 1724 ι(
2155 1672 2367 1728 Πολλοὶ
2409 1674 2537 1746 ὑμῖν
2576 1675 2810 1750 χρόνοιέ
2851 1701 2870 1726 ι
2907 1676 2973 1732 Οἱ
3021 1675 3246 1750 κράκται
3273 1695 3283 1707 ·
3315 1700 3342 1727 ι(
3398 1676 3582 1750 Κύριε,
3616 1683 3734 1732 σῶ-

2083 1783 2172 1816 σον
2201 1763 2328 1826 τοὺς
2377 1761 2636 1825 δεσπότας
2669 1764 2998 1836 Ῥωμαίωνί
3038 1790 3057 1814 ι
3112 1766 3139 1819 ὁ
3181 1763 3313 1828 λαὸς
3345 1763 3404 1820 ἐκ
3450 1768 3496 1840 γ’
3519 1787 3531 1798 ³
3568 1791 3594 1818 ‹‹
3630 1769 3728 1821 1ίῦ-

327 1855 519 1910 minos
563 1856 954 1912 Romanorum
996 1855 1009 1910 l
1063 1877 1090 1905 »
1146 1857 1394 1929 populus
1453 1863 1544 1912 ter
1585 1875 1598 1912 :
1643 1882 1670 1908 ι(
1704 1859 1967 1928 Domine,

2083 1872 2184 1925 ριε,
2217 1857 2389 1907 σῶσον
2421 1853 2432 1908 i
2470 1876 2496 1902 »
2538 1853 2606 1909 Οἱ
2663 1855 2890 1928 κράκται
2920 1874 2932 1886 ·
2973 1878 2999 1905 ››
3030 1853 3108 1910 Τᾶ
3159 1852 3269 1921 ἴσα,
3317 1852 3591 1925 δεσπόται,
3631 1865 3730 1926 τῆς

327 1961 489 2000 serva
523 1943 535 1998 !
570 1967 598 1995 »
650 1947 920 2001 Cantores
955 1961 967 1999 :
1016 1967 1043 1994 «
1074 1946 1363 2016 Equalia,
1414 1947 1657 2018 domini,
1717 1949 1973 2007 victoriae

323 2040 526 2091 vestrae
562 2034 576 2090 ι
611 2059 638 2085 ››
673 2037 920 2107 populus
961 2042 1049 2092 ter
1080 2053 1093 2091 :
1130 2060 1157 2087 «
1192 2038 1459 2106 Domine,
1512 2055 1680 2094 serva
1713 2040 1724 2094 !
1763 2062 1790 2090 »
1823 2044 1974 2098 Can-

324 2128 480 2179 tores
515 2142 528 2177 :
564 2147 590 2173 ‹ι
630 2125 888 2192 Domine,
925 2140 1091 2181 serva
1120 2144 1151 2181 a
1189 2132 1243 2182 te
1275 2128 1620 2184 coronatos!
1659 2150 1686 2177 ››
1721 2130 1972 2199 populus

322 2215 411 2267 ter
463 2230 476 2268 :
529 2237 555 2262 «
614 2215 854 2270 Domine
903 2213 1177 2270 serva!»
1227 2217 1502 2272 Cantores
1555 2234 1567 2272 :
1623 2238 1651 2266 «
1702 2217 1965 2287 Domine,

319 2318 482 2358 serva
512 2303 748 2359 divitias
778 2305 1226 2376 obsequentium
1264 2304 1276 2358 ι
1310 2329 1338 2355 ››
1364 2307 1612 2378 populus
1640 2311 1763 2363 ter;
1800 2330 1827 2357 ‹‹
1856 2309 1968 2364 Do-

319 2391 497 2460 mine,
547 2407 712 2448 serva
745 2393 757 2447 ι
796 2415 823 2441 ››
857 2393 1131 2449 Cantores
1167 2412 1179 2448 :
1215 2416 1243 2444 «
1277 2394 1558 2466 quualia,
1591 2395 1844 2465 domini,
1879 2413 1969 2452 se-

319 2481 520 2536 natui!
557 2503 584 2531 »
620 2482 870 2553 populus
901 2488 991 2538 ter
1011 2484 1237 2538 eadem.
1270 2486 1547 2540 Cantores
1581 2501 1593 2539 :
1627 2507 1655 2536 «
1689 2485 1971 2542 Victorias

323 2575 550 2624 vestras
608 2570 859 2626 Verbum
907 2571 1166 2626 divinum
1219 2572 1462 2643 augeat!
1511 2591 1538 2625 ιι
1593 2573 1844 2644 populus
1881 2579 1970 2630 ter

325 2659 545 2711 eadem.
569 2658 846 2713 Cantores
871 2673 884 2712 :
910 2681 937 2708 «
964 2659 1210 2713 Senatus
1234 2675 1332 2715 vos
1355 2660 1711 2715 unanimiter
1732 2667 1918 2730 amat;
1938 2683 1966 2712 »

319 2745 571 2816 populus
597 2750 678 2800 ter
711 2763 724 2800 :
761 2768 790 2796 «
822 2751 1050 2802 Sancte.
1091 2769 1111 2796 ιι
1147 2749 1460 2805 Cantores:
1495 2770 1524 2798 «
1559 2751 1828 2821 IEqualia
1858 2751 1969 2807 vic-

319 2833 478 2888 toriae
527 2839 728 2890 vestrae
769 2840 970 2892 contra
1002 2835 1303 2904 barbaros,
1337 2838 1564 2894 domini
1600 2839 1611 2894 ι
1652 2860 1680 2888 ››
1714 2839 1966 2911 populus

319 2927 407 2978 ter
435 2921 638 2978 eodem
672 2925 882 2990 modo;
934 2924 1161 2981 Prasini
1195 2943 1208 2981 :
1245 2945 1268 2977 α
1303 2926 1537 2982 Sancte.
1574 2950 1602 2977 »
1629 2927 1910 2985 Cantores
1947 2947 1960 2986 :

315 3034 343 3062 «
396 3013 722 3068 Adversarii
768 3014 945 3068 vestri
990 3015 1185 3070 divino
1225 3016 1450 3085 judicio
1483 3023 1758 3088 pereant;
1794 3041 1820 3070 »
1857 3037 1961 3090 po-

313 3100 484 3172 pulus
513 3106 602 3156 ter
633 3119 646 3154 :
681 3124 710 3151 ‹‹
741 3103 980 3169 Sancte;
1019 3124 1046 3151 ››
1080 3105 1308 3160 Prasini
1341 3123 1354 3160 :
1388 3127 1417 3156 «
1450 3105 1694 3162 Sancte!
1729 3129 1758 3156 »
1813 3107 1960 3162 Can-

316 3195 508 3247 tores:
545 3213 573 3241 «
601 3192 864 3263 Equalia
893 3193 1262 3264 exercitibus,
1297 3196 1544 3266 domini,
1578 3196 1846 3252 eveniant
1880 3198 1892 3254 !
1932 3219 1960 3247 ››

320 3279 570 3351 populus
620 3285 752 3335 ter:
805 3303 832 3330 «
869 3281 1118 3337 Sancte!
1178 3304 1207 3332 »
1250 3283 1477 3339 Prasini
1521 3300 1535 3338 :

315 3367 592 3424 Cantores
622 3385 642 3423 :
679 3389 706 3422 ιι
733 3368 982 3434 Similia,
1015 3370 1258 3438 domini,
1284 3371 1500 3441 populo
1532 3370 1762 3426 vestro!
1797 3395 1826 3422 »
1859 3389 1965 3444 po-

316 3458 487 3529 pulus
543 3462 634 3513 ter
665 3475 679 3514 :
725 3478 750 3509 ι
792 3457 1040 3512 Sancte!
1081 3476 1108 3508 ιι
1145 3458 1422 3514 Cantores
1455 3474 1468 3512 :
1502 3481 1531 3509 «
1565 3460 1734 3514 Abite
1763 3465 1819 3515 et
1850 3462 1956 3516 do-

317 3545 491 3601 minis
544 3546 752 3602 vestris
783 3547 977 3602 fausta
1007 3547 1405 3618 apprecamini
1434 3547 1446 3602 l
1481 3569 1511 3597 »
1546 3548 1793 3620 populus
1821 3556 1909 3606 ter
1941 3568 1954 3606 :

323 3657 350 3688 ‹‹
383 3636 587 3692 Sancte
620 3635 633 3692 l
671 3658 700 3686 ››

385 3817 458 3873 II.
503 3819 821 3890 Postquam
855 3833 989 3874 vero
1021 3819 1212 3875 felicia
1253 3820 1448 3875 omnia
1469 3820 1719 3876 dominis
1747 3839 1957 3894 appre-

312 3908 425 3963 cati
457 3916 610 3975 sunt,
643 3925 877 3964 currum
918 3909 1128 3979 aurigae
1158 3910 1577 3980 conscendunt,
1611 3914 1668 3966 et
1697 3916 1960 3967 cantores

309 4012 445 4052 voce
473 3997 769 4054 modulata
789 3999 994 4055 dicunt
1027 4015 1040 4053 :
1075 4019 1104 4048 «
1138 3998 1375 4068 Multos,
1401 3999 1638 4066 multos,
1662 4001 1880 4058 multos
1905 4019 1957 4068 ;»

311 4085 597 4157 populus:
633 4109 660 4137 ι(
694 4086 905 4144 Multos
929 4103 1116 4143 annos
1147 4089 1207 4142 in
1234 4087 1450 4144 multos
1478 4089 1490 4143 Ξ
1523 4109 1550 4137 ››
1576 4089 1822 4144 Posthac
1846 4089 1960 4144 sa!-

310 4177 586 4232 tatorium
632 4177 917 4248 hymnum
966 4176 1090 4232 toni
1121 4178 1191 4232 IV
1224 4181 1446 4232 canunt
1494 4194 1507 4232 :
1562 4199 1583 4228 ι
1618 4177 1813 4232 Gloria
1844 4179 1959 4234 Deo

312 4273 540 4333 nostro,
573 4266 732 4338 quod
763 4269 843 4322 ita
875 4267 1094 4338 placuit
1116 4266 1288 4322 unico
1320 4268 1585 4323 omnium
1617 4268 1872 4326 Creatori
1905 4275 1962 4325 et

315 4355 720 4410 misericordia;
767 4357 1041 4426 chorago,
1075 4356 1512 4412 sanctiﬁcemus
1551 4356 1737 4428 labra,
1794 4359 1960 4414 vobis

315 4444 725 4508 acclamantes,
759 4443 997 4499 maximi
1029 4443 1294 4510 beneﬁci,
1337 4445 1712 4516 imperatares
1745 4446 1957 4500 Roma-

2084 1940 2234 2010 νίκης
2270 1941 2424 2014 ὓμῶν
2455 1943 2466 1997 !
2501 1964 2527 1993 ››
2565 1943 2592 1996 6
2643 1941 2775 2003 λαὸς
2825 1941 2883 1997 ἐκ
2912 1943 2957 2018 γ’
2982 1963 2995 1975 ο
3051 1968 3078 1995 ‹‹
3129 1943 3310 2017 Κύριε,
3344 1945 3554 2000 σῶσονί
3607 1968 3633 1996 ››
3667 1948 3728 1999 Οἱ

2083 2030 2308 2105 κράκται
2338 2049 2350 2061 ·
2386 2055 2413 2079 ‹‹
2445 2029 2634 2100 Κύριε,
2668 2035 2838 2085 σῶσον
2871 2029 2995 2092 τοὺς
3034 2030 3094 2085 ἐκ
3138 2036 3232 2086 σοῦ
3276 2032 3670 2106 ἐστεμμένουςί
3703 2059 3729 2085 υ

2081 2119 2109 2173 δ
2151 2117 2281 2180 λαὸς
2315 2119 2374 2173 ἐκ
2403 2127 2450 2194 γ’
2475 2141 2488 2150 ·
2522 2143 2549 2171 ‹‹
2601 2119 2780 2195 Κύριε,
2820 2122 3030 2176 σῶσονέ
3069 2142 3091 2172 υ
3128 2121 3192 2178 Οἱ
3244 2120 3468 2195 κράκται
3496 2141 3510 2156 θ
3551 2147 3582 2174 ‹‹
3617 2123 3729 2180 Κύ-

2083 2229 2186 2284 ριε,
2217 2214 2389 2264 σῶσον
2430 2211 2493 2265 τὸ
2523 2209 2764 2272 πλοῦτος
2790 2212 2836 2246 ³⁸
2863 2214 2969 2265 τῶν
3008 2212 3264 2280 ὑπηκόων
3293 2213 3304 2267 !
3350 2235 3378 2263 ››
3411 2213 3439 2266 6
3490 2213 3622 2274 λαὸς
3671 2211 3731 2268 ἐκ

2079 2303 2125 2378 γ’
2149 2321 2160 2334 ο
2198 2325 2226 2353 ‹‹
2259 2302 2445 2378 Κύριε,
2474 2303 2683 2359 σῶσονὲ
2723 2326 2750 2352 ››
2799 2303 2862 2356 Οἱ
2906 2301 3132 2376 κράκται
3162 2321 3174 2334 ·
3209 2326 3238 2353 ‹‹
3277 2301 3355 2357 Τὰ
3386 2300 3496 2372 ἴσα,
3529 2300 3752 2358 δεσπό-·

2078 2413 2187 2461 ται,
2219 2391 2286 2447 τὸ.
2331 2398 2431 2461 τῆς
2483 2391 2824 2469 συγκλήτουί
2869 2415 2897 2443 ››
2958 2393 2986 2447 6
3027 2392 3158 2454 λαὸς
3193 2392 3400 2465 ὁμοίως
3447 2393 3507 2448 ἐκ
3549 2395 3614 2469 γ’.
3660 2395 3728 2450 Οἱ

2078 2483 2304 2556 κράκται
2333 2502 2344 2514 ο
2379 2505 2407 2533 ‹‹
2431 2482 2537 2544 Τὰς
2568 2480 2720 2543 νίκας
2753 2481 2904 2555 ὑμῶν
2935 2479 3197 2551 πληθύνει
3229 2483 3256 2537 6
3287 2484 3428 2546 θεῖος
3457 2483 3632 2550 Λόγος
3653 2502 3664 2514 ·
3698 2506 3726 2533 υ

2079 2571 2106 2624 ὁ
2139 2568 2270 2632 λαὸς
2313 2571 2373 2624 ἐκ
2417 2571 2463 2646 γ’
2503 2571 2735 2644 ὁμοίως.
2795 2571 2861 2628 Οἱ
2910 2572 3139 2644 κρᾶκται
3166 2591 3178 2604 ο
3223 2595 3251 2622 ‹‹
3300 2572 3363 2628 Ἦ
3415 2571 3724 2648 σύγκλητος

2078 2658 2227 2736 φιλεῖ
2269 2659 2412 2732 ὑμᾶς
2467 2657 2518 2713 ἐν
2566 2659 2831 2731 ὁμονοίᾳ·
2882 2685 2908 2711 ‹‹
2943 2662 2969 2715 6
3021 2658 3153 2722 λαὸς
3185 2659 3243 2714 ἐκ
3286 2668 3369 2736 γ’·
3404 2684 3432 2711 ‹‹
3474 2662 3656 2735 ’Ἂγιεη
3694 2685 3722 2711 ››

2076 2749 2140 2802 Οἱ
2171 2749 2436 2823 κράκται·
2475 2772 2503 2800 ‹‹
2555 2750 2636 2806 Τὰ
2693 2746 2802 2816 ἴσα,
2864 2746 3137 2818 δεσπόται,
3195 2756 3296 2818 τῆς
3349 2749 3506 2820 νίκης
3569 2750 3724 2822 ὑμῶν

2073 2836 2210 2890 κατᾶ
2245 2830 2532 2910 βαρϐάρων
2563 2836 2574 2890 !
2609 2859 2637 2887 «
2673 2836 2699 2890 6
2751 2834 2883 2897 λαὸς
2941 2835 3001 2890 ἐκ
3045 2837 3090 2910 γ’
3119 2837 3329 2908 ὁμοίως
3353 2855 3366 2868 ·
3401 2861 3430 2887 ι(
3462 2839 3617 2908 ⁸Ἀγιε
3640 2854 3653 2866 ⁸
3690 2859 3718 2888 ι)

2075 2925 2125 2978 οἱ
2175 2927 2471 2996 Πράσινοιο
2515 2949 2544 2977 (ι
2577 2927 2755 2998 ”Αγιε.
2818 2949 2845 2975 ››
2904 2925 2973 2982 Οἱ
3016 2924 3241 2998 κράκται
3269 2945 3282 2959 ·
3316 2945 3347 2980 ιι
3405 2925 3474 2982 Οἱ
3533 2923 3724 2999 ἐχθροὶ

2075 3013 2225 3085 ὑμῶν
2256 3013 2584 3068 ἀπολοῦνται
2609 3013 2928 3086 θεοκρίτως·
2953 3037 2981 3065 ››
3013 3015 3041 3068 6
3077 3011 3208 3076 λαὸς
3242 3013 3302 3068 ἐκ
3319 3021 3362 3087 γ’
3382 3033 3395 3047 ·
3431 3038 3458 3064 ‹‹
3481 3015 3667 3089 ’Ἃγιεί
3697 3037 3725 3063 ι»

2071 3105 2137 3161 Οἱ
2170 3103 2424 3178 Πράσινοι
2450 3122 2463 3136 ο
2518 3126 2544 3153 ‹‹
2577 3104 2767 3177 ’Ἂγιεί
2807 3127 2833 3153 ››
2867 3103 2933 3159 Οἱ
2985 3102 3212 3175 κράκται
3241 3122 3253 3136 ·
3294 3126 3316 3155 ι
3363 3103 3444 3159 Τὰ
3494 3101 3602 3171 ἴσα,
3632 3099 3720 3156 δε-

2071 3192 2287 3260 σπόται,
2319 3197 2427 3246 τῶν
2467 3187 2844 3266 στρατοπέδων
2873 3193 2883 3246 !
2920 3215 2946 3242 ››
2980 3191 3007 3244 6
3039 3189 3170 3252 λαὸς
3212 3189 3271 3245 ἐκ
3297 3191 3362 3266 γ’·
3407 3216 3434 3242 (ι
3467 3194 3627 3268 ’Ἀγιε
3654 3192 3666 3247 Σ
3695 3215 3723 3242 ››

1585 3305 1613 3332 α
1644 3287 1852 3340 Sancte
1885 3284 1897 3339 !
1935 3307 1964 3336 ››
1996 3259 2042 3323 C
2075 3285 2140 3340 Οἱ
2174 3281 2430 3357 Ιῐροὶσινοι
2454 3301 2465 3314 ·
2504 3306 2531 3332 ι(
2562 3281 2755 3355 ’Ἅγιεί
2791 3304 2818 3331 ››
2853 3281 2915 3334 O't
2962 3281 3188 3356 κράκται
3214 3300 3224 3311 ·
3263 3303 3288 3332 α
3343 3280 3443 3336 Καὶ
3487 3281 3578 3334 σὺν
3631 3279 3729 3334 αὐ-

2074 3377 2188 3433 τοῖς
2237 3372 2264 3425 ὁ
2305 3371 2436 3432 θεὸς
2515 3370 2653 3441 ὑμᾶς
2733 3371 3090 3443 συνεργήσειῑ
3148 3393 3175 3420 ››
3235 3369 3263 3423 6
3313 3366 3446 3430 λαὸς
3522 3368 3580 3424 ἐκ.
3641 3371 3722 3444 γ’·

2074 3486 2100 3512 ι(
2126 3462 2284 3534 ”Αγιε
2312 3460 2322 3514 Ῐ
2359 3482 2387 3509 ››
2421 3460 2472 3513 οἶ
2507 3458 2764 3532 Πράσινοι
2791 3479 2802 3491 ’
2837 3482 2863 3508 (ι
2899 3458 3091 3531 ’⁷Αγιὶί
3131 3481 3160 3508 ››
3191 3459 3256 3514 Oi.
3290 3458 3514 3532 κράκται
3540 3474 3554 3488 ⁸
3592 3481 3614 3509 ε
3648 3459 3728 3514 Τὰ

2069 3548 2180 3620 ἴσα,
2215 3546 2493 3614 δεσπόται,
2551 3551 2648 3602 τοῦ
2708 3546 2843 3602 λαοῦ
2904 3547 3092 3615 ὗμῶνι
3148 3569 3175 3596 ››
3243 3547 3270 3600 ὁ
3340 3546 3472 3608 λαὸς
3527 3544 3586 3600 ἐκ
3634 3547 3720 3621 γ’·

2073 3662 2095 3693 ι
2139 3641 2318 3714 ”Λγιε.
2355 3661 2383 3689 ››
2425 3638 2491 3694 Οἱ
2523 3636 2750 3711 κράκται
2787 3652 2800 3665 ·
2833 3657 2868 3689 ι(
2898 3633 3201 3700 Ἀπέλθατε
3221 3637 3268 3672 ⁸⁵
3298 3635 3388 3690 καὶ
3431 3632 3649 3706 εὔξασθε
3676 3637 3722 3672 ⁸⁸

2066 3726 2195 3790 τοὺς
2227 3723 2400 3787 ἰδίους
2432 3722 2695 3787 δεσπότας
2722 3743 2735 3757 ⁸
2773 3748 2801 3774 »ι
2831 3725 2860 3778 6
2891 3723 3024 3787 λαὸς
3057 3723 3117 3779 ἐκ
3143 3731 3209 3800 γ“·
3245 3749 3273 3777 ‹‹
3315 3725 3507 3798 ’Ἂγιεί
3547 3748 3566 3773 ι

2139 3819 2215 3876 Β“.
2279 3818 2380 3873 Καὶ
2446 3816 2584 3890 μετᾶ
2639 3817 2700 3870 τὸ
2767 3815 3239 3890 ἀπευχαριστῆσαι
3295 3815 3422 3878 τοὺς
3463 3813 3726 3878 δεσπότας

2069 3902 2447 3962 ἀναϐαίνουσιν
2498 3907 2549 3960 οἱ
2601 3906 2822 3983 ἡνίοχοι
2870 3904 2946 3968 εἷς
2982 3905 3043 3959 τὸ
3083 3901 3300 3984 ὄχημα,
3341 3904 3430 3959 καὶ
3471 3905 3722 3980 λέγουσιν

2069 3998 2121 4052 οἱ
2152 3998 2378 4070 κράκται
2409 3995 2516 4050 ἂπὸ
2557 3996 2805 4071 φθογγῆς
2832 4012 2844 4026 ·
2876 4016 2906 4048 ‹ι
2940 3991 3152 4062 Πολλὰ,
3185 3992 3395 4061 πολλὰ,
3428 3992 3615 4048 πολλά
3643 3995 3656 4048 Ῑ
3693 4019 3724 4045 ››

2069 4085 2097 4139 ὁ
2132 4086 2298 4147 λαός·
2334 4108 2362 4135 ‹‹
2410 4081 2602 4138 Πολλὰ
2638 4079 2730 4151 ἔτη
2786 4081 2864 4144 εἷς
2914 4079 3138 4137 πολλαί
3192 4105 3219 4133 ››
3274 4082 3371 4136 Καὶ
3421 4082 3520 4136 εἶθ’
3551 4078 3726 4143 οὕτως

2069 4175 2295 4248 λέγουσι
2328 4173 2419 4228 τὸν
2452 4172 2772 4249 χορευτικὸν
2809 4167 2911 4248 ἤχ.
2947 4168 3016 4224 δ“’
3048 4194 3075 4222 ‹‹
3110 4166 3247 4240 Δόξα
3274 4175 3353 4242 τῷ
3383 4175 3502 4242 Θεῷ
3531 4173 3717 4243 ἡμῶν,

2069 4265 2152 4320 ὅτι
2187 4261 2494 4333 δεδόξασται
2540 4262 2653 4333 (51)
2679 4277 2693 4290 ⁸
2732 4258 2884 4331 μόνῳ
2929 4265 3010 4330 τῷ
3048 4263 3254 4333 ποιητῇ
3301 4263 3412 4314 τῶν
3466 4259 3715 4314 ἁπάντων

2067 4355 2153 4408 καὶ
2190 4355 2427 4431 χορηγῷ
2454 4353 2555 4404 τοῦ
2596 4346 2782 4409 ἐλέους
2814 4351 2856 4384 ⁸⁷
2889 4349 3200 4422 ἁγιάζωμεν
3249 4348 3316 4403 τὰ
3355 4347 3549 4426 χείλη,
3583 4349 3723 4422 ὑμᾶς

2066 4444 2545 4518 ἀνευφημοῦντες,
2603 4437 2852 4514 μέγιστοι
2940 4437 3253 4512 εὐεργέται,
3329 4438 3724 4512 αὐτοκράτορες

1661 4569 1899 4626 νΑΡιΙίΕ
1949 4568 2358 4627 LECTIONES.

385 4681 434 4718 ⁸⁴
455 4682 518 4738 τὸ
556 4681 796 4744 πλοῦτος
830 4681 980 4746 cod.,
1002 4678 1093 4735 τὸν
1131 4676 1367 4734 πλοῦτον
1396 4680 1487 4737 ed.
1563 4677 1612 4714 ⁸⁵
1643 4678 1904 4744 ἀπέλθετε
1935 4682 2024 4738 ed.

2104 4680 2150 4718 se
2183 4676 2431 4748 εὔξασθαι
2455 4677 2581 4734 cod,
2659 4676 2703 4712 ⁸⁷
2731 4671 2946 4736 ἐλαίους
2971 4676 3096 4732 cod.

1342 4797 1548 4857 JOAN.
1596 4799 1744 4856 JAC.
1797 4799 2065 4856 REISKII
2104 4795 2690 4854 COMMENTARIUS.

314 4893 498 4965 μισθέν
560 4912 619 4965 τε
663 4894 774 4965 τῆς
812 4888 1037 4946 αὒλεῐου
1077 4888 1264 4965 θύρας,
1297 4889 1508 4965 νύκτωρ
1542 4889 1792 4965 ὀχήματι
1821 4890 1966 4965 -έπι-
2002 4895 2046 4959 D

313 4960 490 5027 θέντες
572 4963 647 5025 εἷς
727 4963 790 5018 τὸ
860 4960 1157 5036 Ἀριστεῖον
1219 4960 1752 5036 ἀπέπεμψαν.“ουο
1820 4961 1968 5036 loco,

313 5045 373 5093 ut
403 5039 500 5093 alii
542 5039 659 5093 alia
709 5034 1023 5092 commenti
1057 5042 1195 5107 sunt
1239 5037 1310 5090 de
1359 5051 1497 5090 voce
1529 5034 1849 5107 Ἀριστεῖον,
1891 5035 1971 5089 ita

309 5125 416 5181 ego
449 5125 685 5181 quoque
716 5108 1033 5181 aliquando
1065 5103 1433 5181 ἶΑδραστεῙον,
1481 5103 1746 5177 templum
1773 5107 1969 5181 Neme-

307 5175 930 5252 siosfcohjiciebém.
981 5179 1114 5252 Sed,
1165 5175 1230 5232 ut
1282 5175 1682 5252 dixi,__polest_
1733 5176 1796 5230 τὸ
1853 5175 1973 5252 ἀρι-

311 5247 487 5305 στεῖον
513 5247 771 5308 ιιιὶιῖυηιιι
801 5252 1007 5316 fuisse,
1025 5250 1084 5304 in
1105 5265 1220 5319 quo
1243 5247 1562 5303 victoribus
1588 5248 1855 5303 ludorum
1871 5247 1970 5300 τὰ·

308 5323 552 5396 ἀριστεῖα
585 5323 1020 5396 tribuebantur.

379 5397 488 5472 (50)
522 5396 642 5472 Sc.
693 5393 1031 5472 νομίσματα,
1083 5389 1404 5462 ﬂagitamus
1455 5390 1658 5471 Urania
1703 5391 1821 5472 tria
1862 5406 1969 5472 na-

303 5464 588 5534 mismata,
623 5482 725 5520 seu
765 5464 1006 5521 solidos
1055 5478 1286 5528 aureos,
1341 5464 1642 5534 pramium
1684 5464 1968 5534 circensis

304 5528 760 5608 victorim'dari,
807 5553 858 5591 ν.
927 5554 1001 5608 ps
1048 5535 1150 5608 196
1203 5539 1262 5608 et
1319 5533 1426 5586 209
1485 5533 1582 5586 ubi
1613 5532 1708 5608 _'ti
1759 5528 1877 5608 δύο,
1918 5538 1974 5588 et

302 5609 366 5664 τὸ
424 5607 505 5666 ἓν.
571 5608 724 5664 Olim
785 5603 1029 5672 scenici,
1090 5605 1392 5676 ﬂagitante
1452 5603 1689 5675 populo,
1761 5605 1974 5676 quinos

307 5697 516 5738 aureos
566 5679 951 5752 accipiebant.
1007 5674 1203 5734 Julius
1252 5674 1622 5749 Capitolinus
1651 5675 1711 5752 in
1743 5674 1973 5752 M._An-

296 5755 505 5813 tonino
545 5769 604 5828 p.
658 5747 787 5824 3‘22,
859 5752 941 5809 ait
978 5764 1110 5808 cum
1143 5747 1478 5822 temperasse
1516 5749 1765 5806 θεσπίσας
1798 5747 1973 5804 dona.

2079 4890 2273 4954 tiones,
2299 4897 2360 4943 ut
2387 4889 2582 4960 quinos
2611 4901 2802 4960 aureos
2834 4887 3032 4942 scenici
3059 4895 3390 4960 acciperent,
3413 4887 3491 4942 ita
3522 4895 3724 4960 tamen,

2080 4969 2142 5017 ut
2186 4957 2597 5016 nultus'editor
2654 4958 2834 5014 decem
2877 4974 3072 5013 aureos
3103 4957 3496 5027 egrederetur:
3527 4957 3724 5014 idem-

2081 5049 2192 5103 que
2231 5037 2403 5087 antea
2443 5032 2569 5100 jam
2619 5030 2941 5094 obtinebat,
2982 5035 3047 5103 ut
3083 5047 3114 5084 e
3154 5030 3434 5103 suetonio
3477 5035 3727 5103 constat,

2121 5104 2175 5160 ui
2232 5106 2302 5158 de
2343 5099 2523 5159 Galba
2566 5107 2781 5170 narrat,
2823 5117 2957 5156 eum
2998 5102 3275 5156 choraula:
3311 5102 3457 5156 mire
3483 5099 3731 5172 placenti

2121 5122 2175 5160 ιιι
2232 5122 2302 5158 ae
2343 5122 2523 5159 uulua
2566 5122 2781 5170 narrat,
2823 5122 2957 5156 eum
2998 5122 3275 5156 cnorautar;
3311 5122 3457 5156 mere
3483 5122 3727 5172 peacenu

2078 5122 2341 5232 genurios
2379 5175 2624 5245 quinque
2653 5174 2906 5240 donasse,
2932 5177 3184 5245 prolatos
3228 5189 3398 5227 manu
3436 5188 3538 5245 sita
3567 5188 3597 5228 e
3625 5189 3727 5243 pe-

2078 5243 2404 5302 culiaribus
2455 5243 2648 5299 loculis
2703 5246 2856 5300 suis:
2891 5243 2986 5298 ubi
3036 5243 3146 5299 loci
3198 5245 3428 5298 videtur
3464 5243 3733 5300 denarius

2081 5319 2238 5374 idem
2269 5315 2618 5387 signiﬁcare,
2640 5317 2790 5386 quod
2823 5316 3097 5387 deinceps
3128 5314 3500 5386 signiﬁcavit,
3520 5331 3732 5387 nempe

2077 5386 2378 5444 nummum
2395 5392 2734 5454 aureum,ut
2751 5386 3032 5442 drachma
3050 5402 3352 5442 nummum
3371 5386 3736 5457 argenteum.

2082 5462 2192 5517 Sed
2226 5459 2583 5516 diminutum
2640 5459 2915 5526 deinceps
2959 5457 3068 5512 hoc
3130 5459 3380 5528 pretium
3431 5458 3540 5513 fuit
3590 5459 3736 5514 forte

2083 5539 2215 5604 post
2246 5531 2645 5587 Alexandrum
2677 5531 2981 5604 Severum,
3008 5545 3177 5600 quem
3200 5603 3205 5604 γ
3229 5529 3601 5604 Lampridius
3634 5534 3678 5587 t.
3713 5531 3731 5585 Ι

2083 5601 2293 5674 Script.
2329 5604 2476 5674 Hist.
2518 5609 2668 5672 Aug.
2703 5618 2759 5674 p.
2792 5601 3016 5674 9397ait
3055 5603 3286 5674 scenicis
3315 5617 3604 5674 nunquam
3629 5617 3728 5655 ar-

2081 5669 2325 5747 gentum,
2382 5673 2477 5747 vix
2520 5669 2824 5745 pecimi'am
2881 5673 3015 5743 [hoc
3063 5677 3152 5730 est
3184 5669 3382 5746 κέρμα,
3424 5669 3733 5728 minutum

2083 5745 2205 5818 aes],
2236 5745 2541 5803 donavisse.
