4138 6212
339 353 457 414 609

1199 358 1300 417 ΒΕ
1342 354 1807 418 CEBIMONIIS
1851 354 2086 418 ΑΙ]ιῶ
2127 356 2609 422 ΒΥΖᾹΝΤΙΝΛΕ
2650 360 2798 421 LIB.
2842 359 2891 422 Ι.

3624 368 3742 429 610

340 486 653 559 Ῥωμαίων.
704 485 961 559 Ἀληθῶς
1008 488 1113 562 γὰρ
1167 484 1220 542 ἄν
1280 486 1409 559 ὑμῖν
1441 485 1492 540 oi
1525 486 1866 549 πιστεύοντες
1919 486 1985 541 τὰ

2098 505 2331 545 uorum.
2364 493 2512 547 Vere
2541 492 2695 548 enim
2730 492 2788 548 in
2824 492 2986 549 vobis
3017 494 3324 552 credentes
3353 496 3501 554 bona
3541 501 3744 556 omnia

343 574 517 649 ὀιγαθὰ
546 578 871 653 καθορῶσιν.
916 600 943 627 ››
991 574 1202 637 ’Δλλος
1240 575 1304 612 ⁸⁸·
1359 599 1387 627 ι(
1432 574 1530 636 Τίς
1578 574 1736 654 ἔσχεν
1769 574 1987 654 εῧεργὲ-

338 687 454 734 τας,
514 667 880 744 ἀγαθοποιοὺς
936 667 1239 735 τοιούτους,
1309 663 1680 740 φυλάττοντας
1735 671 1867 722 πᾶσι
1922 665 1986 721 τὸ

342 753 551 810 δίκαιον
600 756 908 829 ἀνθρώποις
955 754 1047 810 καὶ
1094 753 1471 831 ἆνεγείραντας
1538 754 1773 812 Βενέτων
1832 754 1989 810 εὐτυ-

342 844 472 917 χίαν
496 863 510 912 ;
546 839 720 908 Δαϐἰδ
748 847 795 883 ⁸⁵
824 845 881 900 σὲ
910 838 1134 918 ἔχομεν,
1163 845 1502 920 ἡγαπημὲνε,
1537 846 1599 898 οὗ
1629 842 1736 922 οὐχ
1767 845 1985 917 εὑρήσει

338 933 432 988 τὸν
478 933 673 1006 ὅμοιόν
722 954 818 988 σου
869 934 1003 1005 μετᾶ
1049 933 1105 987 σὲ
1151 935 1186 1003 ἠ
1226 930 1501 991 πολιτεία.
1536 956 1564 984 ))
1595 932 1828 995 Ἄλλος·
1863 956 1890 985 ‹‹
1922 933 1984 990 Ἦ

342 1023 490 1097 χαρᾶ
520 1023 594 1084 εἷς
622 1024 684 1077 τὸ
717 1023 937 1079 Βὲνετον
969 1021 1292 1095 ἐπιλαμπει,
1324 1023 1415 1077 ’ὀτε
1454 1020 1737 1077 ἀνατέλλει
1765 1022 1829 1077 τὸ
1861 1024 1984 1077 θεο-

340 1107 660 1187 πρόδλητον
691 1108 867 1179 ἄνθος,
902 1112 977 1173 ὡς
1030 1110 1263 1173 οἰκείους
1306 1110 1642 1185 περιθάλπον
1682 1109 1808 1173 τοὺς
1841 1111 1991 1167 Βενὲ-

339 1220 486 1264 τους·
537 1205 700 1257 τοῦτο
757 1202 859 1277 γὰρ
916 1201 1174 1271 κέκτηται
1229 1202 1265 1270 ἡ
1323 1201 1577 1256 πολιτεία
1607 1200 1684 1261 εἷς
1728 1199 1984 1276 εὒτυχίαν

341 1292 431 1347 ναὶ
479 1289 632 1363 δόξαν
681 1298 780 1360 τῆς
833 1287 1128 1364 βασιλείας.
1183 1313 1210 1341 n
1268 1288 1502 1352 Ἀλλος’
1555 1314 1584 1342 ‹‹
1631 1292 1762 1347 "Ore
1808 1294 1928 1359 νικᾷ
1958 1290 1986 1345 6

341 1379 518 1456 δῆμος
546 1383 726 1451 οὗτος,
768 1382 795 1436 6
831 1378 1085 1453 βασιλεὺς
1131 1379 1183 1434 ἐν
1229 1379 1498 1453 πολέμοις
1543 1379 1635 1434 σὺν
1664 1384 1745 1452 τῷ
1774 1383 1989 1454 στρατῷ

340 1471 558 1547 εὐτυχεῖ
591 1476 711 1533 ταῖς
741 1470 934 1540 νίκαις,
965 1470 1054 1525 καὶ
1103 1467 1158 1524 ἐν
1195 1472 1264 1543 τῇ
1295 1468 1455 1525 πόλει
1495 1470 1780 1543 Ῥωμαίων
1823 1468 1989 1541 ὑπερ-

348 1560 483 1630 ιῦξει
514 1562 548 1629 ἠ
580 1557 819 1630 εὒθηνία.
858 1558 926 1616 ⁹⁰.
978 1558 1071 1612 Διὸ
1117 1556 1374 1629 αἰτοῦμεν
1429 1557 1494 1612 τὸ
1550 1562 1725 1627 Θεῖον,
1757 1557 1833 1619 εἰς
1859 1556 1989 1621 τοὺς

341 1651 538 1711 αῗῶνας
569 1646 714 1723 ἔχειν
740 1653 857 1709 τοῖς
885 1645 1131 1709 Βενέτοις
1159 1647 1205 1683 ⁹ί
1235 1646 1385 1707 νίκας
1415 1648 1501 1701 καὶ
1528 1643 1706 1717 δόξαν,
1741 1670 1770 1698 ››

2097 579 2483 650 conspiciunt.
2520 580 2724 638 >>188
2766 580 2930 638 Alius
2963 599 2977 636 :
3017 601 3040 631 ι
3087 583 3228 649 Quis
3260 589 3379 640 tam
3421 586 3740 648 clementes

2097 671 2153 723 et
2178 667 2462 725 beneﬁcos
2491 670 2761 726 dominos
2781 686 3040 743 unquam
3072 670 3297 739 habuit,
3330 675 3430 745 qui
3464 678 3740 735 omnibus

2097 755 2433 813 hominibus
2453 759 2745 830 justitiam
2778 766 3082 817 servarunt
3118 762 3586 837 Venetorumque
3613 766 3740 824 feli-

2098 846 2329 901 citatem
2363 852 2780 919 promoverunt
2805 848 2834 903 ?
2871 849 2969 919 Te,
2997 851 3226 917 dilecte,
3253 853 3527 910 Davidem
3561 855 3741 913 habe-

2097 948 2253 1003 mus,
2282 936 2374 991 cui
2404 939 2535 1007 post
2591 944 2643 992 te
2675 952 2873 1007 parem
2902 938 3227 1010 respublica
3257 957 3372 997 non
3405 942 3676 1001 inveniet.
3712 967 3741 995 ››

2096 1022 2259 1078 Alius
2308 1040 2322 1079 :
2383 1046 2412 1075 «
2462 1024 2753 1081 Gaudium
2837 1042 3012 1098 super
3066 1028 3317 1086 Venetos
3386 1032 3742 1104 resplendet,

2098 1112 2331 1181 quando
2355 1111 2461 1169 tios
2491 1131 2521 1167 a
2553 1115 2666 1170 Deo
2697 1121 2997 1187 promotus
3028 1118 3304 1185 exoritur,
3324 1135 3506 1194 eoque
3536 1122 3742 1180 Veneti

2097 1204 2165 1255 ut
2194 1201 2343 1257 servi
2376 1201 2754 1259 incalescunt.
2783 1210 2902 1261 Hoc
2921 1206 3077 1263 enim
3108 1208 3441 1281 respublica
3470 1211 3545 1268 ad
3570 1213 3745 1269 fclici-

2097 1292 2277 1346 tatem
2336 1295 2393 1348 et
2448 1291 2690 1363 gloriam
2750 1293 2979 1366 imperii
3056 1302 3228 1353 nacta
3274 1303 3384 1355 est.
3417 1321 3447 1351 »
3504 1302 3671 1359 Alius
3722 1319 3741 1358 :

2104 1397 2132 1430 α
2159 1379 2402 1443 Quando
2435 1380 2529 1437 hic
2561 1381 2808 1454 populus
2827 1384 3093 1455 superior
3119 1390 3229 1455 est,
3260 1386 3575 1460 imperator
3603 1408 3738 1449 cum

2096 1468 2348 1524 exercitu
2381 1485 2412 1525 e
2443 1469 2610 1527 bellis
2666 1472 2858 1528 laetam
2900 1473 3193 1535 victoriam
3234 1487 3502 1549 reportat,
3563 1481 3743 1553 inque

2095 1560 2236 1615 urbe
2267 1560 2530 1617 Romana
2544 1562 2907 1618 abundantia
2929 1569 3180 1636 augetur
3206 1572 3263 1623 et
3292 1568 3517 1624 crescit.
3549 1573 3742 1635 Quare

2095 1651 2281 1706 Deum
2330 1664 2653 1721 precamur,
2688 1656 2751 1708 ut
2800 1652 2860 1708 in
2892 1654 3105 1711 secula
3159 1655 3394 1715 Venetis
3435 1659 3737 1718 victoriam

2095 1738 2462 1812 gloriamque
2481 1741 2779 1797 concedat.
2812 1763 2841 1794 ››

413 1830 484 1886 Γ’.
517 1827 734 1897 Ἰστέον,
790 1826 871 1883 ὅτι
929 1825 1035 1882 ἀπὸ
1081 1830 1179 1881 τοῦ
1226 1823 1477 1899 δευτέρου
1530 1826 1687 1901 βαίου
1726 1824 1979 1904 λέγουσιν

2170 1827 2265 1884 ΙΙΙ.
2314 1828 2627 1884 Sciendum
2659 1833 2768 1895 est,
2810 1832 3079 1889 secundat
3112 1833 3315 1905 palma
3345 1842 3613 1895 cantores
3659 1840 3743 1896 di-

340 1920 393 1973 οἱ
449 1919 696 1992 κράκται·
748 1942 778 1970 ι(
835 1921 979 1987 Nm?
1033 1917 1068 1985 ἡ
1126 1914 1304 1977 πίστις
1346 1919 1453 1970 τῶν
1505 1914 1797 1989 βασιλέων·
1856 1935 1884 1968 ι
1956 1915 1986 1971 6

340 2009 471 2071 λαὸς
499 2007 709 2081 ὁμοίως
739 2005 799 2063 ἐκ
834 2007 903 2081 γ’.
935 2006 1004 2064 O't
1052 2005 1301 2080 κράκταιο
1356 2028 1384 2058 ι(
1413 2010 1529 2059 Τῶν
1573 2004 1919 2082 Αὐγουστῶν·
1954 2028 1984 2056 ››

338 2098 368 2151 6
400 2094 555 2159 λαός’
604 2120 632 2147 ‹‹
664 2100 802 2166 Νικᾷ
845 2097 882 2165 ἡ
936 2092 1117 2156 πίστις
1158 2098 1267 2148 τῶν
1317 2092 1663 2169 Αὐγουστῶν.
1698 2118 1726 2145 ››
1758 2094 1825 2151 Οἱ
1855 2094 1987 2166 κραο

335 2205 483 2242 κται·
517 2210 545 2238 ‹‹
580 2188 696 2254 Τῆς
746 2183 983 2246 πόλεως.
1040 2209 1063 2238 ι
1120 2183 1148 2237 6
1197 2177 1330 2243 λαός
1378 2183 1444 2220 9'?-
1495 2206 1524 2234 «
1564 2186 1708 2253 Νικᾷ
1737 2184 1773 2252 ἡ
1803 2183 1985 2243 πίστις

334 2282 438 2345 τῆς
499 2273 738 2335 πόλεως.
788 2297 810 2325 ι
865 2273 935 2329 Oi
981 2272 1230 2348 κράκταν
1298 2295 1326 2325 ι‹
1374 2275 1492 2329 Τῶν
1538 2270 1796 2327 Βενέτων·
1854 2294 1882 2322 ››
1913 2270 1985 2343 (οἱ

338 2365 613 2439 Πράσινον
680 2366 842 2418 «τῶν
900 2359 1200 2435 Πρασίνων·
1256 2369 1309 2433 ››)
1358 2361 1386 2415 6
1444 2358 1600 2423 λαός⁵
1665 2384 1694 2413 ιι
1752 2362 1893 2431 Νικᾷ
1947 2361 1983 2430 ἡ

336 2453 518 2517 πίστις
559 2456 664 2508 τῶν
720 2450 979 2508 ΒενέτωΨ
1015 2473 1043 2502 ››
1088 2450 1165 2524 (οἳ
1216 2450 1497 2523 Πράσινοι·
1553 2473 1582 2502 ‹‹
1626 2451 1747 2507 Τῶν
1783 2448 1984 2525 Πρασί-

336 2565 466 2602 νων.
503 2546 552 2615 η)
581 2541 669 2597 καὶ
705 2541 838 2615 μετὰ
882 2544 1047 2595 ταῦτα
1095 2538 1308 2613 λέγεται
1346 2537 1673 2594 ἀπελατικὸν
1705 2536 1807 2613 ἤχ.
1864 2562 1892 2590 ‹‹
1921 2539 1985 2592 ’Π

335 2637 433 2689 τοῦ
481 2631 707 2711 στέφους
756 2630 908 2704 ὑμῶν
958 2628 1120 2703 ἐορτή
1172 2626 1481 2703 ἐλευθερίαν
1530 2626 1721 2702 μηνύει
1751 2627 1859 2682 ἀπὸ
1891 2627 1983 2681 οὐ·

339 2724 513 2795 ρανῶν
725 2722 843 2780 τοῖς
899 2716 1227 2792 ἀνθρώποις,
1261 2740 1291 2768 ι»
1336 2716 1426 2771 καὶ
1469 2717 1536 2771 τὰ
1583 2715 1726 2787 ἑξῆς.
1774 2714 1984 2778 Ἀλλος

338 2807 439 2882 ἤχ.
473 2810 537 2864 α’·
571 2832 600 2861 (ι
632 2806 740 2865 Κᾶν
770 2804 915 2861 θέλω
946 2812 1187 2879 σιγῆσαι,
1233 2810 1341 2861 τῶν
1385 2805 1606 2880 τρόπων
1646 2824 1741 2859 σου
1771 2806 1806 2874 ἡ
1841 2823 1987 2880 χρη-

339 2898 535 2967 στότης
569 2895 668 2952 οὐκ
698 2895 757 2967 ἐᾷ
798 2916 885 2968 με,
930 2896 990 2953 Ὁ
1028 2893 1133 2970 γὰρ
1178 2893 1347 2957 πόθος
1398 2894 1493 2949 τὸν
1545 2887 1715 2971 φόϐον
1766 2891 1985 2965 ἐκνική-

342 3007 455 3055 σας,
491 2984 732 3061 βιάζεταί
765 3005 832 3057 με
878 2981 956 3046 εἷς
998 2983 1097 3052 τὴν
1134 2983 1233 3052 σὴν
1286 2982 1585 3061 εὐφημίαν·
1631 2982 1686 3036 αἱ
1735 2982 1840 3058 γὰρ
1872 2984 1988 3038 κατ’

341 3074 587 3131 ἐναντίων
618 3074 666 3113 9³
698 3094 792 3128 σου
829 3071 1080 3148 εὐτυχίαι
1111 3072 1187 3136 ὡς
1218 3072 1421 3147 βροντὴ
1449 3069 1775 3149 ἐξηχοῦνται
1817 3071 1893 3132 είς
1922 3071 1988 3126 τὰ

340 3161 543 3239 πέρατα
579 3169 679 3233 τῆς
729 3161 1078 3236 οἰκουμένης.
1122 3184 1150 3213 ››
1207 3160 1306 3215 Καὶ
1363 3162 1498 3234 μετᾶ
1543 3163 1709 3215 ταῦτα
1767 3159 1986 3236 λέγουσι

2095 1934 2224 1975 cere
2255 1933 2318 1975 τα
2341 1918 2533 1975 Vincit
2572 1918 2717 1975 ﬁdes
2753 1921 3170 1993 imperatorum
3203 1943 3218 1993 ;
3245 1945 3274 1974 »
3299 1927 3551 1997 populus
3583 1927 3736 1984 idem

2094 2011 2202 2063 ter.
2234 2008 2509 2064 Cantores
2541 2024 2609 2064 ιιι
2635 2010 3069 2080 Augustarum;
3104 2033 3132 2061 ››
3157 2013 3409 2085 populus
3443 2030 3458 2069 :
3490 2037 3519 2066 ιι
3550 2014 3743 2072 Vincit

2094 2097 2241 2152 ﬁdes
2270 2098 2730 2168 Augustarum.»
2745 2098 3021 2155 Cantores
3054 2117 3068 2156 :
3100 2121 3128 2151 α
3154 2100 3359 2171 Urbis;
3395 2123 3421 2156 α
3455 2104 3740 2177 populus:

2097 2207 2125 2236 ‹‹
2156 2184 2354 2241 Vincit
2408 2183 2553 2240 ﬁdes
2584 2185 2766 2240 urbis.
2794 2207 2819 2237 ι
2880 2186 3194 2243 Cantores:
3230 2211 3259 2239 «
3303 2190 3678 2259 Venetorum,
3714 2216 3741 2241 »

2095 2273 2347 2344 (Prasini
2373 2289 2387 2327 :
2411 2295 2439 2324 ‹‹
2472 2273 2884 2343 Prasinorum;
2928 2276 2981 2346 η)
3012 2277 3260 2347 pOpulus
3294 2295 3363 2332 :«
3382 2279 3567 2336 Vincit
3597 2281 3745 2336 ﬁdes

2093 2363 2480 2419 Venetorum.
2537 2384 2567 2413 »
2615 2363 2900 2433 (Prasini:
2935 2385 2965 2414 ‹‹
3018 2365 3429 2438 Prasinorum.)
3483 2393 3506 2422 ι
3539 2369 3747 2425 Postea

2094 2450 2445 2521 apelaticum
2504 2449 2737 2505 canitur
2768 2467 2782 2506 :
2816 2472 2845 2502 «
2874 2449 3164 2508 Solemnis
3196 2455 3479 2511 memoria
3506 2472 3750 2514 corona-

2094 2539 2269 2597 tionis
2317 2548 2522 2595 vestrae
2556 2538 2896 2595 hominibus
2935 2540 3262 2598 libertatem
3321 2543 3553 2603 calitus
3583 2563 3746 2603 com-

2094 2637 2400 2695 memorat,-
2431 2631 2541 2683 etc.
2577 2646 2601 2679 ι
2637 2626 2803 2683 Alius
2823 2628 3000 2685 tonoI
3025 2646 3040 2684 :
3069 2652 3097 2680 «
3132 2630 3366 2688 Etiamsi
3401 2649 3591 2691 mores
3611 2639 3746 2691 tuos

2094 2721 2284 2773 tacere
2304 2718 2497 2787 velim,
2545 2715 2912 2774 Christianus
2959 2723 3160 2787 ccetus,
3222 2720 3280 2777 id
3313 2737 3429 2779 non
3462 2723 3749 2794 permitti-

2092 2810 2189 2863 tur
2221 2823 2234 2863 :
2263 2806 2617 2863 desiderium
2644 2806 2825 2874 enim,
2857 2813 3014 2864 metu
3037 2814 3333 2881 superato,
3363 2812 3431 2867 ad
3449 2811 3747 2869 celebran-

2092 2895 2203 2951 das
2220 2894 2423 2952 laudes
2451 2899 2584 2950 tuas
2598 2909 2692 2950 me
2720 2895 2933 2951 excitat
2957 2897 3184 2954 :felices
3197 2914 3491 2956 armorum
3508 2904 3747 2959 tuorum

2097 2999 2405 3041 successus
2435 2991 2636 3039 contra
2663 2983 2859 3040 hostes
2886 2989 3044 3055 tuos,
3072 2990 3135 3042 ut
3164 2986 3411 3058 fulmen,
3440 2989 3514 3044 ad
3540 2990 3744 3046 termi-

2095 3089 2205 3129 nos
2234 3072 2390 3128 orbis
2421 3071 2699 3129 resonuit.
2731 3090 2760 3122 ›ι
2783 3072 2992 3129 Postea
3022 3078 3290 3131 cantores
3332 3076 3704 3133 modulantur
3730 3095 3745 3136 :

2102 3182 2131 3212 «
2162 3162 2402 3230 Anana;
2435 3181 2466 3212 »
2496 3165 2748 3232 populus
2780 3177 2795 3228 ;
2832 3181 2859 3212 α
2891 3161 3101 3217 Totum
3142 3163 3499 3220 desiderium
3534 3165 3746 3221 Roma-

342 3222 676 3328 ollxpa'txta'r
718 3222 957 3327 ίχάδιον·
1010 3222 1051 3304 ἐξ
1090 3247 1306 3307 Ἀνανά’
1341 3222 1374 3301 ›;
1414 3250 1444 3304 6
1492 3248 1646 3311 λαός·
1689 3272 1719 3302 ι(
1755 3222 1926 3312 ’Ὀλος
1958 3250 1987 3304 6

2100 3266 2333 3307 norum.
2394 3272 2423 3301 ‹‹
2461 3250 2739 3306 Cantores
2781 3265 2860 3305 τι(
2920 3249 3132 3322 Nana;
3191 3251 3440 3323 populus
3473 3270 3488 3309 :
3521 3276 3550 3305 ‹‹
3600 3254 3743 3311 Nam

340 3344 507 3405 πόθος
538 3343 568 3397 6
595 3346 706 3397 τῶν
747 3340 1055 3413 Ῥωμαίων.
1089 3363 1118 3391 ››
1167 3340 1235 3397 Οἱ
1280 3339 1531 3414 κρακται·
1583 3363 1611 3390 ‹‹
1662 3338 1827 3396 Νανά·
1880 3363 1909 3391 ››
1958 3340 1987 3394 6

341 3430 494 3494 λαὸς’
550 3456 571 3483 ι
628 3430 723 3493 Εἷς
774 3430 914 3503 ὑμᾶς
964 3430 1154 3503 ὁρᾶται
1204 3430 1268 3497 ⁸⁸,
1315 3428 1445 3490 τοὺς
1495 3426 1796 3503 εὐεργέτας.
1842 3454 1870 3480 ››
1918 3428 1985 3487 Οἱ

332 3507 587 3597 ⁴κροὶκται·
638 3543 666 3571 ‹‹
714 3518 875 3574 Νανά·
928 3542 957 3571 ››
1006 3519 1034 3573 6
1086 3516 1240 3581 λαός⁶
1289 3541 1319 3570 «
1368 3521 1478 3572 Τοῦ
1525 3517 1738 3590 κόσμου
1787 3520 1831 3555 ³⁸
1881 3520 1986 3595 γὰρ

341 3607 583 3682 εὐσεϐείᾳ
612 3607 895 3678 δεσπόζετε
924 3609 969 3645 9⁵
1009 3606 1177 3670 ὅλως.
1214 3606 1269 3658 η’
1294 3607 1360 3664 Οἱ
1406 3606 1657 3680 κράκται·
1692 3632 1721 3660 ι(
1757 3610 1926 3664 Nam“
1957 3632 1985 3660 δ)

341 3700 370 3755 6
402 3699 556 3761 λαός’
599 3723 619 3750 ι
655 3697 752 3760 Εἰς
806 3695 1083 3769 δικαίωμα
1127 3699 1347 3769 πρῶτον
1393 3693 1456 3750 τὸ
1505 3693 1824 3772 φιλάγαθον,
1857 3697 1988 3771 κρά-

340 3809 434 3850 τος
479 3788 651 3861 ὗμῶν,
699 3783 973 3841 δεσπόται.
1009 3808 1037 3836 ››
1089 3784 1190 3841 Καὶ
1245 3785 1379 3857 μετᾶ
1424 3787 1594 3839 ταῦτα
1638 3782 1891 3859 λέγουσιν
1937 3786 1989 3841 οἱ

341 3877 592 3953 κράκταιο
637 3899 665 3928 (ι
706 3874 925 3931 Δοῦλοι·
977 3897 1005 3926 »
1058 3874 1086 3929 6
1139 3872 1291 3935 λαός.
1336 3895 1365 3924 ‹‹
1413 3872 1602 3944 Ἱῐμεῖς
1643 3869 1833 3928 δοῦλοι
1879 3878 1988 3928 τῶν

347 3963 641 4040 βασιλέων,
672 3987 701 4018 ao
734 3962 794 4019 ἔκ
946 3963 1016 4019 Οἱ
1062 3958 1311 4035 κρσὶδιται⁸
1348 3983 1373 4014 ι
1408 3957 1510 4017 ’ἰδὲ
1555 3957 1752 4015 δοῦλοι
1782 3962 1993 4037 ἀγαθῶν

347 4054 631 4132 βασιλέων·
679 4078 708 4107 ››
753 4056 781 4110 6
830 4052 961 4116 λαὸς
992 4052 1201 4127 ὁμοίώς
1250 4052 1310 4106 ὲκ
1337 4053 1404 4127 γ’.
1449 4051 1519 4109 Οἱ
1552 4052 1799 4124 κράκται·
1836 4076 1864 4105 ι(
1899 4050 1994 4110 Ἰδὲ

344 4143 533 4201 δοῦλοι
562 4147 726 4219 ἡμεῖς
770 4141 1055 4221 φιλοῦντες
1101 4141 1281 4212 cista;-
1323 4164 1347 4192 ι)
1381 4141 1408 4195 ὁ
1437 4138 1568 4203 λαὸς
1598 4140 1806 4213 ὁμοίως
1838 4138 1898 4197 ἔκ
1925 4143 1990 4216 γ’.

2098 3352 2202 3414 per
2231 3340 2506 3413 pietatem
2531 3354 2765 3395 omnem
2796 3341 3080 3396 mundum
3104 3340 3578 3410 gubernaminia
3598 3343 3745 3399 Can-

2099 3436 2254 3486 tores
2286 3447 2300 3485 :
2336 3449 2364 3480 ι‹
2396 3432 2597 3495 Nana;
2631 3449 2661 3479 ιο
2689 3427 2937 3499 populus
2971 3445 2984 3483 :
3019 3450 3049 3481 ‹‹
3077 3430 3146 3486 In
3177 3430 3426 3502 primam
3450 3432 3744 3501 justitiam

2096 3520 2233 3576 boni
2287 3522 2607 3587 amantem,
2667 3517 2943 3586 maiestas
2969 3523 3179 3586 vestra,
3212 3519 3458 3576 domini.
3493 3542 3521 3570 ››
3545 3521 3748 3578 Postea

2098 3615 2362 3665 cantores
2401 3606 2606 3664 dicunt
2635 3621 2650 3663 :
2688 3627 2717 3658 ι(
2748 3606 2910 3664 Servi
2937 3626 2953 3676 ;
2980 3628 3010 3659 »
3042 3608 3298 3681 populus
3328 3626 3341 3664 :
3380 3632 3409 3660 ‹‹
3442 3610 3556 3668 Nos
3601 3610 3747 3668 servi

2098 3698 2536 3770 imperatorum,
2579 3717 2609 3746 ››
2654 3700 2766 3753 ter.
2814 3697 3095 3753 Cantores
3129 3714 3142 3752 :
3177 3721 3204 3748 ‹‹
3246 3699 3407 3755 Servi
3456 3699 3745 3757 bonorum

2099 3786 2516 3857 imperatorum
2540 3800 2555 3851 ;
2580 3805 2609 3835 »
2634 3785 2720 3839 sic
2740 3784 2990 3855 populus
3034 3790 3140 3842 ter.
3166 3787 3444 3843 Cantores
3481 3803 3495 3843 :
3527 3810 3556 3836 ‹‹
3591 3787 3750 3843 Servi

2100 3888 2325 3943 sumus,
2357 3875 2455 3945 qui
2478 3889 2580 3929 vos
2599 3890 2669 3928 ex
2699 3874 2901 3929 merito
2921 3878 3120 3929 amant
3153 3891 3167 3929 :
3195 3895 3224 3925 ››
3258 3875 3461 3931 eadem
3495 3876 3752 3947 populus

2101 3970 2210 4021 ter.
2241 3966 2514 4019 Cantores
2545 3979 2560 4018 :
2594 3984 2623 4013 «
2654 3960 2854 4031 Servi;
2888 3982 2911 4011 ι
2946 3961 3199 4033 populus
3239 3966 3329 4019 ter
3360 3979 3374 4020 :
3417 3986 3443 4017 ι
3472 3963 3589 4020 Nos
3637 3965 3751 4020 im-

2104 4057 2434 4126 peratorum
2483 4050 2657 4109 servi.
2691 4071 2722 4101 »
2781 4053 3099 4107 Cantores:
3137 4051 3353 4129 «Nos';
3380 4073 3409 4105 ››
3445 4053 3699 4127 populus
3732 4071 3746 4111 :

2106 4165 2137 4195 ‹‹
2177 4144 2616 4214 imperatorum.
2639 4160 2671 4190 ››
3142 4144 3149 4151 ’

344 4238 410 4295 Οἱ
439 4237 685 4312 κράκταυ
721 4258 749 4289 ιι
781 4233 999 4291 Δοῦλοι·
1034 4256 1063 4286 υ
1097 4234 1125 4289 6
1156 4231 1310 4295 λαός
1349 4256 1376 4284 ιι
1405 4232 1599 4307 Ἡμεῖς
1633 4228 1825 4287 δοῦλοι
1854 4238 1961 4290 τῶν
1997 4230 2289 4310 βασιλέωνο
2323 4253 2351 4287 ι
2386 4232 2446 4286 ἐκ
2475 4230 2542 4307 γ’.
2574 4230 2640 4288 Οἱ
2670 4229 2920 4306 κρακταιο
2957 4252 2985 4282 ι(
3016 4229 3231 4303 Ἡμεῖς
3267 4253 3296 4283 ››
3329 4231 3356 4286 6
3389 4228 3543 4297 λαὸς⁶
3570 4254 3594 4285 ‹
3619 4234 3745 4290 Τῶν

347 4324 638 4401 βασιλέων.
676 4348 704 4377 ››

415 4418 486 4472 Δ’.
540 4417 759 4485 Ἰστὲον,
808 4415 891 4471 ὅτι
941 4416 991 4471 οἱ
1041 4412 1401 4493 παυροφόροι
1454 4415 1565 4486 (25)
1612 4413 1719 4469 ἀπὸ
1764 4418 1873 4470 τῶν
1925 4413 1989 4474 δ’.

2178 4416 2269 4473 IV.
2300 4414 2612 4472 Sciendum
2636 4413 3091 4487 est,crucigeros
3120 4432 3154 4471 a
3182 4419 3437 4486 quatuor
3481 4414 3754 4473 factioni-

344 4503 538 4580 δήμων
569 4506 950 4584 κατέρχονται,
1001 4503 1091 4559 καί
1138 4504 1190 4559 οἱ
1243 4506 1339 4577 μὲν
1384 4503 1481 4558 τοῦ
1521 4497 1748 4559 Βενέτου
1777 4504 1866 4559 καὶ
1895 4511 1993 4562 τοῦ

344 4600 540 4651 λευκοῦ
597 4593 688 4651 διὰ
738 4599 837 4651 τοῦ
892 4598 1147 4669 καμπτοῦ
1204 4597 1301 4649 τοῦ
1358 4593 1575 4648 Βενένου
1627 4594 1989 4667 κάμπτοντες,

343 4683 674 4759 εἰσέρχονται
727 4684 802 4746 εἰς
851 4684 914 4739 τὸ
975 4682 1176 4755 σταμα,
1226 4681 1279 4736 οἱ
1333 4678 1391 4735 δὲ
1432 4683 1528 4736 τοῦ
1578 4681 1849 4757 Πρασίνου
1896 4682 1990 4738 καὶ

340 4777 437 4829 τοῦ
467 4774 687 4848 ῥουσίου
718 4774 807 4829 διὰ
854 4776 950 4828 τοῦ
995 4774 1249 4846 καμπτοῦ
1279 4773 1376 4825 τοῦ
1408 4770 1676 4847 Πρασίνου
1705 4772 1987 4845 κάμπτον-

2107 4506 2215 4563 bus
2266 4506 2636 4575 descendere,
2693 4507 2753 4559 et
2806 4502 3037 4560 Venetas
3070 4505 3306 4576 quidem
3358 4506 3622 4578 albmque
3654 4522 3755 4580 per

2105 4600 2467 4653 curvaturam
2525 4593 2755 4649 Venetas
2801 4592 2873 4648 ad
2906 4594 3221 4650 stationem
3249 4596 3463 4665 venire,
3500 4596 3750 4651 Prasime

2102 4689 2296 4742 autem
2327 4688 2387 4741 et
2414 4698 2597 4740 rassae
2637 4698 2738 4755 per
2758 4687 3132 4739 curvaturam
3163 4683 3419 4740 Prasinaa
3452 4682 3753 4742 declinan-

2099 4778 2206 4842 tes,
2231 4773 2303 4829 ad
2336 4771 2652 4830 stationem
2705 4786 2768 4827 se
2800 4771 3071 4843 recipere.
3132 4771 3237 4827 Die
3295 4788 3429 4829 vero
3486 4777 3750 4829 votorum

1702 4926 1933 4983 VARIAS
1974 4925 2380 4983 LECTIONES.

413 5067 459 5103 ετ
494 5063 665 5127 ἄλλος
697 5065 753 5123 b.
786 5064 826 5121 l.
859 5070 915 5123 et
945 5064 1218 5137 deinceps
1249 5062 1316 5118 Β.
1348 5079 1416 5119 ex
1446 5060 1592 5133 sigla
1622 5062 1777 5126 cod.,
1808 5058 1949 5115 ἄλλο
1979 5062 2068 5119 ed.
2144 5060 2194 5095 8°
2223 5053 2391 5114 Δαϐἱδ
2425 5060 2487 5115 Β.
2521 5075 2590 5116 ex
2617 5059 2964 5183 compendio
2994 5060 3149 5129 cod.,
3182 5061 3211 5115 ὁ
3242 5057 3390 5116 δεῖνα
3420 5062 3514 5118 ed.
3589 5060 3636 5097 9°
3661 5058 3750 5113 εὐ-

413 5137 496 5183 νία
526 5139 616 5183 ml
692 5136 738 5173 υι
770 5137 897 5183 «m3:
928 5134 1180 5183 Ravémuc
1213 5135 1306 5183 ed.
1382 5134 1427 5169 ”
1465 5133 1683 5183 Verba:
1736 5130 1764 5183 6
1810 5132 1961 5183 Ααός*
1992 5156 2022 5183 (ι
2054 5133 2198 5183 Νικᾶ
2246 5133 2281 5183 ἢ
2330 5129 2513 5183 πίστις
2555 5135 2658 5183 τῆς
2703 5149 2744 5183 π
2782 5128 2944 5183 λεως.
2980 5155 3008 5182 ››
3055 5149 3178 5183 om.
3217 5134 3309 5183 ed.
3345 5131 3444 5183 οὐκ
3472 5131 3532 5183 ἐᾶ
3568 5152 3633 5183 us
3664 5138 3750 5183 IL.

342 5137 496 5202 θυνία
526 5139 616 5193 ed.
692 5136 738 5173 9⁸
770 5137 897 5196 τους
928 5129 1180 5195 Βενὲτους
1213 5135 1306 5190 ed.
1382 5134 1427 5169 ”
1465 5129 1683 5188 Vérba:
1736 5130 1764 5184 6
1810 5132 1961 5193 Ααός’
1992 5156 2022 5184 ιι
2054 5133 2198 5201 Νικᾷ
2246 5133 2281 5200 ἡ
2330 5129 2513 5191 πίστις
2555 5135 2658 5202 τῆς
2703 5149 2744 5183 π

2782 5128 2945 5204 λᾲε-ως,
2980 5155 3008 5182 υ
3055 5128 3178 5189 om.
3217 5134 3309 5204 ed.
3345 5131 3444 5186 οὐκ
3472 5131 3633 5204 ὲᾷμε
3664 5138 3752 5204 6.,

343 5200 445 5264 οὐκ
474 5205 638 5279 ἐᾶμαι
668 5208 794 5279 cod.
829 5207 999 5279 etped.
1062 5206 1123 5279 79’
1151 5202 1504 5279 κατεναντίων
1535 5205 1635 5279 ed.
1705 5202 1753 5238 9‘
1781 5203 1968 5276 ὁρᾶται
2003 5206 2093 5271 R.,
2123 5200 2283 5279 ὁρᾶτε
2314 5204 2442 5259 cod.
2476 5207 2535 5259 et
2560 5201 2653 5259 ed.
2730 5202 2777 5237 ’5
2806 5202 2996 5259 Verba
3024 5220 3038 5259 :
3065 5206 3162 5257 τοῦ
3191 5202 3403 5277 κόσμου
3433 5200 3748 5265 -ίὸλαόςο

343 5298 460 5339 om.
495 5273 590 5339 ea.
664 5278 713 5315 ⁹⁶
743 5275 1028 5348 δεσπόζετε
1059 5278 1152 5349 R.,
1184 5273 1501 5344 δεσπόζεται
1535 5276 1664 5332 cod.

1493 5427 1693 5485 JOAN.
1733 5428 1878 5485 JAC.
1923 5429 2184 5485 REISKII
2224 5426 2817 5485 COMMENTARIUS.

414 5570 524 5643 (51)
546 5569 693 5637 Quia
723 5567 900 5643 dictio
931 5569 1050 5625 hac
1076 5566 1304 5643 integre
1335 5558 1525 5643 posita
1554 5575 1669 5643 non
1702 5566 1810 5643 est,
1841 5566 1998 5643 certo

2179 5564 2294 5635 (52)
2322 5563 2535 5629 Quales
2562 5561 2621 5637 hi
2653 5561 2888 5637 fuerint,
2927 5570 3165 5635 apparet
3196 5579 3265 5620 ex
3296 5581 3358 5637 p.
3390 5564 3514 5631 189,
3550 5577 3761 5633 nempe

346 5631 585 5699 deﬁniri
596 5641 837 5712 nequit,
868 5646 1095 5698 rectene
1127 5631 1245 5694 δεῖ)
1267 5631 1445 5693 verba
1483 5631 1760 5703 habeant,
1786 5647 1862 5690 an
1883 5633 1999 5707 legi
2106 5634 2213 5712 viri
2238 5631 2441 5712 cruces
2466 5650 2534 5690 ex
2565 5632 2805 5712 floribus
2858 5631 3159 5712 con—sertas
3218 5640 3277 5692 et
3296 5631 3505 5707 plexas
3554 5631 3761 5706 geren-

345 5711 554 5771 debeat
581 5710 691 5767 ἀπὸ
707 5710 951 5786 ἰχθρῶν.

2105 5710 2217 5772 tes,
2252 5722 2402 5779 quas
2423 5704 2760 5778 imperatori
2781 5705 3297 5763 volebantoll’erre.
