2069 3106
204 170 260 200 611

734 164 1001 196 CONSTANTINI
1023 163 1372 195 PORPHYROGENITl

1847 165 1906 195 612

203 235 342 270 crucigeri
361 235 434 261 189
451 235 575 268 quatuor
604 233 762 260 factionum
786 236 851 269 post
866 231 1018 260 secundum

1083 241 1137 264 τες,
1162 230 1332 268 εἰσέρχονται
1358 230 1397 261 είς
1419 230 1450 258 τὸ
1474 230 1574 267 στάμα.
1600 231 1659 266 Χρή
1684 229 1794 265 εἰδέναι,
1817 230 1857 258 ὅτι
1872 233 1906 267 τῇ

203 280 326 315 palmam
340 287 356 305 a
372 280 495 313 quatuor
511 277 685 304 factionibus
709 277 900 310 descendunt,
916 284 932 304 e
944 276 1020 304 ﬂori-

202 325 257 350 bus
268 325 416 350 contextae
432 331 531 350 cruces
543 324 700 357 gestantes,
716 322 805 357 inque
818 321 942 349 statione
957 329 1023 349 con-

203 368 318 395 sistunt.
335 369 471 394 Cursores
488 375 554 394 vero
571 375 670 394 cruces
686 366 819 395 sublatas
834 366 868 394 ad
887 366 1022 394 dominos

201 412 306 444 ferunt,
324 411 484 446 statimque
495 415 626 438 cantores
644 411 744 438 dicunt
760 418 794 438 ει(
810 411 885 439 Crux
899 409 1022 443 viviﬁca,

199 456 327 484 dominis
369 465 452 491 opem
482 456 548 483 ferl
582 468 593 482 ι
626 456 732 484 clamat
756 457 784 483 et
811 454 936 491 populus
960 456 1021 482 ter:

199 513 212 526 ‹‹
229 502 346 529 Sancte!
367 512 379 525 ι)
410 502 568 529 Cantores:
586 511 599 525 ‹‹
616 501 645 528 1n
663 501 728 534 hac,
745 499 878 533 beneﬁci,
893 498 1022 527 coronati

197 546 266 574 estis
288 556 294 579 ς
313 558 325 570 n
344 545 469 581 populus
485 548 529 573 ter
546 555 552 573 :
572 556 585 570 ‹‹
617 546 731 573 Sancte.
749 556 764 570 »
780 545 918 573 Cantores
934 552 941 572 :
958 555 972 568 ‹‹
990 544 1022 572 In

197 592 252 620 hac
304 592 457 627 imperatis
503 594 530 619 et
572 592 713 619 vincitisl
746 602 757 616 ι
788 589 916 626 populus
942 592 984 617 ter
1014 597 1021 618 :

198 648 208 662 ι
227 636 348 664 Sancte!
367 650 378 660 υ
405 637 562 663 Cantores:
584 647 598 660 «
616 637 646 663 ln
672 635 727 663 hac
740 635 878 664 omnibus
907 633 1022 670 populis

196 681 441 710 dotninnbimini!
460 680 584 716 populus
614 684 655 708 lcr
671 688 677 707 :
696 690 710 705 α
734 680 836 707 Sancte
852 678 859 706 l
876 690 890 704 ››
906 680 1021 714 Organa

195 735 262 754 vero
277 726 431 761 trisagium
449 725 625 757 modulante,
639 727 772 753 cantores
798 723 898 752 dicunt
912 731 918 751 :
935 734 949 749 «
966 724 1023 751 Ter

198 776 309 805 sancte,
325 770 451 798 dominis
470 770 610 797 auxilium
627 770 668 796 fer
684 777 691 802 ;
709 780 722 794 n
739 770 780 797 sic
791 768 879 796 etiam
895 767 1021 804 populus

199 818 252 843 ter.
269 815 424 843 Sciendum
446 817 500 846 est,
512 814 536 841 si
554 822 675 848 vesperae
691 813 766 841 nulli
781 816 849 840 sunt
861 812 932 846 ludi,
950 821 1021 848 prae-

201 861 260 888 mia
277 869 362 887 mane
378 860 453 893 dari,
474 859 498 886 si
527 867 592 886 vero
612 866 735 893 vespera
761 859 841 891 sunt,
857 857 945 885 etiam
973 865 1020 885 ve-

198 905 275 940 speri
287 904 432 932 distribui.

234 994 409 1023 Observanda
432 994 461 1021 in
478 994 630 1029 vespertina
654 1000 786 1029 equorum
812 991 982 1019 decursione.

233 1041 253 1067 Ι.
270 1042 426 1074 Postquam
446 1038 557 1066 domini
574 1046 606 1065 eo
624 1038 678 1065 ritu
696 1045 729 1065 ac
742 1044 834 1069 more.
850 1036 941 1071 quiin
957 1043 1019 1063 ma-

194 1084 289 1112 tutina
305 1084 476 1111 decursione
492 1083 669 1116 observatur,
682 1082 718 1110 ad
734 1082 907 1117 suggestum
924 1088 1021 1109 ascen-

193 1128 301 1156 derunt
316 1132 342 1155 et
358 1130 424 1155 ante
436 1128 572 1155 thronum
589 1127 754 1160 constitere,
777 1128 906 1154 extrema
920 1125 1019 1153 tunica

192 1182 256 1207 sua,
275 1173 350 1200 utin
374 1173 528 1205 matutina,
552 1174 594 1199 ter
622 1171 763 1207 populum
787 1170 915 1206 signant.
939 1170 1021 1202 Quod

194 1219 262 1246 dum
280 1218 399 1251 faciunt,
413 1218 554 1244 factiones
572 1217 674 1244 dicunt
688 1224 694 1243 :
707 1227 721 1242 ‹ι
737 1216 872 1249 Sanctus,
888 1217 1019 1248 sanctus,

194 1266 314 1291 sanctus
332 1263 338 1290 l
358 1272 370 1288 υ
398 1262 503 1289 clamat
532 1263 560 1289 et
577 1261 701 1296 populus
725 1263 791 1288 ter:
811 1270 825 1287 ι
845 1259 989 1288 Sanctus!
1004 1269 1019 1285 »

194 1310 348 1334 Cantores:
377 1317 390 1330 α
408 1305 523 1337 Multos,
542 1305 660 1339 multos,
690 1304 799 1332 multos
814 1304 821 1332 Ι
839 1314 853 1329 ››
868 1303 994 1339 populus
1009 1311 1017 1332 :

193 1363 207 1377 ‹‹
223 1351 330 1378 Multos
347 1359 440 1378 annos
469 1350 498 1377 in
515 1350 634 1383 multos,
652 1360 666 1373 »
682 1350 750 1384 etc.,
769 1350 802 1376 ut
821 1348 857 1376 de
880 1348 1020 1376 matutina

192 1395 364 1423 decursione
376 1403 465 1429 supra
474 1394 613 1421 diximus.
630 1394 721 1428 Siqua
731 1392 833 1421 Veneti
845 1391 945 1428 majori
957 1392 1018 1421 loco

191 1439 346 1472 habentur,
376 1441 510 1466 cantores
546 1446 614 1466 voce
638 1437 700 1465 toni
742 1436 780 1465 IV
805 1436 1018 1465 modulantur:

190 1495 205 1509 «
221 1486 321 1512 Anana
338 1493 345 1518 ;
372 1495 385 1509 »
401 1483 546 1519 populus:
576 1495 590 1508 ‹‹
607 1483 768 1510 Laudamus
796 1484 835 1515 te,
861 1481 986 1510 Christe.
1003 1492 1015 1506 ι

188 1529 346 1556 Cantores:
361 1539 376 1553 ‹‹
392 1528 474 1556 Nana
490 1537 497 1563 ;
517 1537 530 1554 ι
544 1527 667 1563 populus
681 1534 689 1554 :
708 1526 791 1555 cRex
806 1526 988 1554 saeculorum.
1000 1536 1015 1551 ››

190 1574 327 1602 Cantores
345 1581 376 1600 τι
393 1575 472 1600 Nana
487 1583 493 1607 ;
511 1583 525 1598 »
543 1572 669 1608 populus
682 1580 689 1599 :
702 1571 914 1607 «Unigenitum
924 1571 1015 1600 Patris

1078 276 1168 313 ἡμέρᾳ
1183 277 1236 302 τῶν
1256 276 1343 312 βοτῶν
1359 276 1417 311 (53)
1441 275 1493 302 ἀπὸ
1507 277 1556 302 τοῦ
1572 274 1696 312 δευτέρου
1716 276 1794 313 βαϊου
1809 276 1906 311 κατέρ-

1078 329 1174 357 χονται
1189 320 1243 347 ἀπὸ
1268 322 1322 348 τῶν
1336 318 1357 347 δ’
1374 318 1472 356 δήμων
1497 319 1523 347 οἱ
1548 319 1741 358 σταυροφόροι,
1765 320 1907 357 βαστάζον-

1077 375 1121 396 τες
1154 365 1217 396 τοὺς
1248 364 1273 399 ἐξ
1307 364 1406 397 ἀνθέων
1439 363 1643 401 πεπλεγμένους
1678 364 1818 400 σταυροὺς,
1856 364 1900 391 καὶ

1074 408 1198 437 ἵστανται
1223 409 1260 440 εἷς
1283 410 1314 437 τὸ
1339 409 1438 445 στάμα.
1473 409 1505 437 Oi
1539 407 1567 436 δὲ
1598 408 1753 446 κούρσωρες
1776 408 1898 445 αἴροντες

1076 454 1140 485 τοὺς
1164 455 1304 491 σταυροὺς,
1331 454 1491 493 ἀναφὲρουσι
1518 453 1586 491 πρὸς
1607 453 1671 484 τοὺς
1697 452 1840 487 δεσπότας,
1856 454 1901 481 καὶ

1078 499 1175 529 εὐθέως
1210 499 1319 536 λέγουσι
1347 499 1380 526 τὰ
1413 498 1489 528 ἄκτα.
1512 499 1544 527 Οἱ
1577 499 1701 534 xpaixrat'
1737 510 1751 524 «
1775 498 1805 527 Ὁ
1832 501 1903 533 ζωο-

1077 543 1156 574 ποιὸς
1179 544 1304 580 σταυρὸς,
1331 544 1468 581 βοήθησον
1493 543 1556 574 τοὺς
1582 541 1732 574 δεσπόταςὶ
1751 554 1763 569 ιο
1790 545 1905 580 now-{ai

1076 588 1120 615 καὶ
1142 589 1156 615 6
1177 587 1242 620 λαὸς
1269 587 1298 615 ἐκ
1325 589 1358 626 γ’·
1391 600 1405 614 «
1429 589 1528 626 Ἃγιεέ
1555 600 1569 614 n
1599 588 1632 616 Οἱ
1661 587 1784 625 χράκται·
1822 599 1833 613 ι
1857 588 1904 615 Ἐν

1076 633 1166 669 τούτῳ
1182 632 1337 671 ἐστὲφθητε,
1354 631 1500 669 εὐεργέται·
1518 644 1532 658 ››
1549 632 1563 659 6
1579 632 1646 663 λαὸς
1661 632 1690 659 ἐκ
1704 636 1736 669 γ’·
1755 643 1767 659 ε
1778 633 1858 669 Ἀγιε
1871 632 1877 659 !
1890 643 1903 657 η

1077 677 1110 705 Οἱ
1135 677 1259 715 κράκται·
1280 689 1295 703 ‹‹
1319 677 1363 705 Ἐν
1386 677 1475 713 τούτῷ
1508 676 1663 714 βασιλεύετε
1687 677 1731 703 καὶ
1764 679 1861 704 Vixi-cs:
1888 688 1903 702 η

1077 721 1091 748 6
1109 720 1174 753 λαὸς
1198 720 1228 749 ἐκ
1255 722 1290 759 γὀ
1321 733 1336 747 ι(
1357 722 1444 759 Ἀγιε.
1471 733 1485 747 )›
1512 721 1546 750 O't
1579 721 1702 758 κράκται·
1720 732 1735 746 ‹‹
1751 721 1795 750 Ἐν
1814 720 1904 757 τούτῳ

1078 765 1252 802 βασιλεύσετε
1265 766 1300 793 τὰ
1315 765 1379 800 ἔθνη
1395 765 1491 794 πάντα·
1511 777 1525 791 ››
1541 766 1555 793 ὁ
1571 764 1638 797 λαὸς
1650 765 1679 793 ἐκ
1692 766 1724 802 γ’·
1742 778 1756 792 ‹‹
1771 767 1870 803 ’Ἀγιεξ
1889 777 1902 791 »ι

1076 811 1131 838 Τοῦ
1148 808 1176 837 δὲ
1192 811 1307 848 ὀργάνου
1322 810 1557 848 τρισαγιάζοντος,
1579 810 1702 849 Λέγουσιν
1728 811 1754 837 οἱ
1778 810 1902 847 xpetunt-

1077 867 1090 880 ‹(
1108 854 1248 893 Τρισάγιε,
1276 856 1413 893 βοήθησον
1439 856 1503 887 τοὺς
1529 855 1670 886 δεσπόταις⁸
1689 867 1702 881 ›)
1726 858 1771 883 καί
1797 856 1810 883 ὁ
1835 855 1901 886 λαὸς

1035 911 1060 945 Β
1075 900 1099 945 γί
1122 900 1235 937 ὁμοίως.
1252 900 1361 936 Ἰστὲον,
1377 900 1430 934 ὅτι,
1447 900 1469 928 εἰ
1487 901 1534 937 μὶν
1549 900 1598 928 οὐκ
1614 897 1668 928 ἔστι
1683 900 1707 917 9⁷
1722 901 1777 938 (54)
1792 899 1895 935 Bai/mc,

1075 943 1197 972 δίδονται
1213 945 1244 972 τὸ
1260 945 1344 982 πρωῒ,
1360 944 1383 972 εἱ
1408 944 1436 972 δὲ
1461 944 1516 972 ἐστι
1532 943 1639 979 δείλης,
1655 943 1776 972 δίδονται
1793 943 1898 980 δείλης.

1143 990 1213 1018 "OM
1228 987 1269 1016 δεῖ
1282 987 1369 1016 τελεῖν
1387 989 1425 1020 εἷς
1444 988 1476 1016 τὸ
1501 987 1616 1016 δειλινὸν
1632 987 1827 1026 ἱπποδρόμιον.

1108 1034 1148 1062 Α’.
1178 1034 1319 1062 Ἀνιόντων
1333 1035 1387 1061 τῶν
1416 1031 1553 1061 δεσποτῶν
1578 1033 1646 1060 κατὰ
1673 1038 1719 1060 τὸν
1744 1032 1828 1060 τύπον
1853 1032 1899 1060 καὶ

1071 1078 1121 1112 τὴν
1150 1077 1312 1110 ἀκολουθίαν
1341 1078 1391 1112 τήν
1421 1078 1544 1116 πρωϊνήν
1585 1077 1629 1105 ἐπὶ
1653 1079 1701 1105 τοῦ
1729 1078 1898 1114 καθίσματος

1071 1123 1117 1151 καὶ
1142 1122 1295 1159 ἱσταμένων
1321 1120 1472 1160 ἔμπροσθεν
1495 1124 1543 1150 τοῦ
1568 1122 1690 1159 σὲντζου,
1718 1122 1900 1160 κατασφραγί-

1074 1170 1148 1202 ζουσι
1177 1168 1243 1204 μετὰ
1267 1168 1298 1195 τὸ
1323 1166 1404 1204 ἄκρον
1427 1170 1480 1195 τῶν
1506 1166 1657 1205 χλανιδίων
1685 1167 1775 1195 αὐτῶν
1799 1167 1900 1204 τρίτον,

1072 1213 1162 1244 καθὼς
1177 1212 1202 1240 ἐν
1216 1214 1256 1249 τῷ
1271 1213 1344 1250 πρωῒ
1368 1213 1583 1250 προειρήκαμεν.
1607 1212 1658 1240 Καὶ
1675 1210 1707 1246 δὴ
1728 1214 1782 1240 τῶν
1800 1211 1898 1239 δεσπο-

1071 1260 1125 1285 τῶν
1151 1257 1364 1295 σφραγιζόντων,
1392 1257 1517 1295 λέγουσιν
1553 1258 1578 1284 et
1612 1255 1707 1294 δῆμοι*
1744 1269 1758 1283 α
1790 1258 1899 1294 Ἄγιος,

1073 1301 1162 1339 ἆγιος,
1178 1302 1272 1340 ἄγιοςΙ
1291 1314 1305 1327 ››
1330 1304 1444 1340 φθογγεῖ
1463 1301 1508 1329 καὶ
1525 1302 1538 1329 6
1554 1301 1621 1334 λαὸς
1633 1301 1662 1329 ἐκ
1676 1305 1708 1339 γ”
1727 1313 1740 1328 «
1755 1302 1863 1339 Ἄγιος.
1882 1313 1897 1327 ››

1073 1347 1106 1375 Οἱ
1119 1345 1241 1383 κράκταν
1255 1358 1269 1372 ‹‹
1282 1345 1390 1381 Πολλὰ,
1401 1345 1505 1380 πολλὰ,
1516 1345 1618 1374 πολλὰ·
1632 1358 1645 1372 ››
1658 1346 1672 1373 6
1686 1345 1762 1377 λαός’
1776 1357 1788 1372 ι
1802 1345 1899 1373 Πολλὰ

1072 1388 1118 1426 ἔτη
1136 1390 1173 1422 εἰς
1189 1390 1290 1426 πολλὰ,
1309 1403 1323 1417 ››
1338 1391 1382 1418 καὶ
1399 1391 1432 1418 τὰ
1454 1389 1549 1427 λοιπὰ,
1565 1391 1655 1423 καθὼς
1670 1390 1714 1418 καὶ
1729 1390 1756 1418 ἔν
1772 1393 1811 1426 τῷ
1824 1391 1898 1428 πρωὶ

1073 1435 1188 1472 ε’ίρηται.
1209 1435 1260 1464 Καὶ
1286 1436 1308 1463 εἰ
1335 1436 1382 1472 μὲν
1408 1434 1519 1473 ἔχουσιν
1539 1436 1564 1463 οἱ
1589 1435 1696 1464 Βὲνετοι
1720 1435 1896 1473 προτίμησιν,

1073 1479 1197 1518 λέγουσιν
1213 1481 1239 1507 οἱ
1254 1480 1367 1518 κράκται
1383 1480 1476 1519 φωνὴν
1492 1480 1515 1498 ³⁸
1535 1480 1586 1517 ἤχ.
1604 1479 1625 1507 δ’
1641 1478 1760 1519 ἷχαὸιον·
1788 1491 1802 1506 ‹‹
1822 1480 1899 1507 Ἀνα-

1070 1525 1112 1552 νά·
1139 1537 1154 1551 ››
1179 1525 1193 1552 6
1218 1524 1294 1556 λαός·
1323 1535 1335 1552 ι
1363 1524 1518 1561 Δοξάζομέν
1542 1535 1582 1560 σε,
1608 1525 1717 1561 Χριστέ,
1744 1536 1758 1550 ››
1783 1524 1816 1553 Οἱ
1831 1524 1897 1561 κρά-

1070 1580 1142 1597 matr
1170 1582 1184 1596 ‹‹
1211 1568 1295 1599 Νανά·
1319 1581 1333 1595 ›)
1357 1569 1371 1596 ὁ
1395 1568 1472 1600 λαός
1503 1580 1517 1595 ι(
1547 1568 1663 1597 Βασιλεῦ
1677 1571 1731 1596 τῶν
1747 1569 1863 1598 αἰώνων.
1882 1581 1896 1595 n

194 1598 327 1602 ,ηψπ
345 1598 351 1600 .
366 1598 375 1600 ν
394 1598 401 1599 ,
418 1598 493 1607 νη,
544 1598 688 1608 ,Ἴρην
732 1598 935 1607 ήγυηηηῂη

191 1618 335 1646 Verbuml
370 1629 380 1643 ι
408 1620 546 1646 Cantores
569 1625 608 1643 :u
638 1616 791 1651 Ananaia;
817 1625 832 1642 »
861 1615 1013 1652 populus:

1074 1615 1102 1641 Οἱ
1122 1614 1244 1651 χράκτοι.
1271 1626 1285 1640 ‹(
1316 1614 1401 1642 Νανά·
1427 1598 1486 1641 »16
1516 1612 1592 1642 λαός·
1620 1625 1635 1640 ι(
1665 1614 1807 1652 Μονογενῆ
1826 1614 1899 1651 Λόγε

192 1674 202 1687 ι
245 1663 324 1695 Quod
362 1662 513 1698 respexiin
544 1664 571 1689 et
604 1660 771 1689 illustrasti.
800 1672 814 1685 ››
839 1660 975 1688 Cantores
1004 1667 1012 1689 :

189 1718 203 1732 ι(
218 1707 298 1734 Nana
316 1716 323 1741 ;
342 1718 354 1731 n
372 1707 495 1742 populus
510 1714 516 1733 :
534 1718 547 1730 «
561 1706 704 1740 Populum
714 1707 810 1733 tuum.
823 1716 838 1730 ››
853 1705 1012 1733 Cantores:

192 1762 206 1778 ιι
218 1752 322 1779 Sancta
337 1761 343 1785 ;
357 1763 371 1775 ››
388 1751 514 1786 populus
532 1759 539 1777 :
553 1762 566 1775 «
585 1751 619 1777 Et
634 1750 663 1777 in
680 1751 838 1785 postestate
853 1752 903 1777 tua
913 1757 966 1777 nos
981 1748 1014 1776 li-

188 1796 306 1824 berasli.
339 1806 353 1820 ››
375 1796 532 1823 Cantores:
551 1806 564 1819 α
577 1794 709 1822 Ananaia
725 1806 732 1829 ί
749 1805 764 1819 ››
793 1793 935 1830 populus:
951 1804 965 1819 «
980 1795 1013 1821 Et

187 1848 242 1868 nos
254 1840 412 1868 adduxisti.
430 1850 442 1865 ι)
460 1840 615 1867 Cantores:
635 1850 649 1864 (ρ
667 1838 818 1872 Anauaia;
835 1849 849 1864 ››
866 1838 1011 1874 populus:

188 1895 200 1910 ι
218 1886 275 1913 Deo
292 1887 321 1913 et
333 1884 418 1912 Patri.
435 1895 449 1909 »
465 1886 623 1912 Cantores:
640 1895 654 1908 «
672 1882 798 1911 Ananaia
815 1893 848 1917 ς»
863 1883 1009 1919 populus:

183 1939 199 1955 «
217 1929 386 1958 Mediatrixl
403 1940 418 1955 ››
447 1930 583 1958 Cantores
600 1936 606 1956 :
625 1940 638 1953 ‹‹
664 1927 811 1963 Ananaia;
825 1938 836 1952 ι
864 1928 1009 1963 populus:

1067 1658 1116 1686 τοῦ
1141 1658 1255 1695 Πατρός.
1282 1670 1296 1684 ››
1324 1658 1357 1686 Οἱ
1386 1658 1510 1695 κράχται·
1537 1670 1550 1684 (‹
1568 1658 1723 1697 ³Ανανάγια¹
1741 1670 1755 1684 ››
1780 1659 1794 1685 6
1820 1657 1898 1689 λαός’

1069 1715 1083 1730 ‹‹
1116 1704 1176 1731 ’Ὁτι
1211 1702 1350 1740 ἐπεσκέψω
1383 1703 1429 1730 καὶ
1473 1702 1620 1742 ἐφώτισας.
1659 1714 1675 1729 n
1707 1703 1740 1731 Οἱ
1773 1703 1898 1740 κράκται·

1068 1758 1084 1775 «
1104 1747 1188 1776 Νανά·
1210 1758 1224 1774 ›
1246 1747 1260 1774 6
1290 1746 1366 1778 λαός·
1391 1759 1405 1773 ‹‹
1426 1746 1480 1775 Τὸν
1500 1746 1566 1775 λαόν
1588 1757 1648 1778 σου,
1669 1759 1684 1774 ››
1718 1748 1752 1776 Οἱ
1772 1747 1897 1785 κράκται·

1068 1803 1082 1818 (ί
1102 1791 1189 1828 Ἃγία.
1210 1803 1223 1818 ›)
1250 1792 1295 1819 καὶ
1317 1792 1331 1819 ὁ
1352 1790 1430 1822 λαύς’
1467 1803 1481 1818 «
1515 1792 1564 1819 Καὶ
1598 1791 1624 1819 ἐν
1653 1794 1687 1829 τῇ
1717 1790 1829 1829 δυνάμει
1849 1802 1897 1819 σου

1067 1835 1227 1871 ἀπήλλαξας
1243 1837 1327 1873 ἡμᾶς.
1349 1847 1364 1863 ››
1384 1836 1417 1865 Οἱ
1437 1835 1561 1874 κράκται·
1583 1849 1597 1863 ‹‹
1618 1836 1738 1865 Ἀνάνια.
1757 1849 1770 1862 ι(
1787 1837 1801 1864 ὁ
1815 1836 1893 1867 λαόςο

1066 1893 1080 1908 tt
1097 1882 1148 1910 Καὶ
1163 1882 1335 1919 προσήγαγες
1351 1882 1435 1918 ἡμᾶς.
1451 1893 1466 1907 n
1492 1881 1524 1908 Οἱ
1544 1882 1669 1919 κράκται·
1691 1893 1706 1907 «
1722 1882 1859 1910 Ἀνανάϊα·
1876 1892 1890 1907 n

1065 1927 1079 1954 6
1095 1927 1170 1958 Λαός.
1194 1937 1212 1953 ‹‹
1236 1928 1276 1963 τῷ
1294 1925 1352 1963 Θεῷ
1375 1927 1419 1954 καὶ
1443 1925 1538 1963 Πατρί.
1556 1937 1570 1953 ››
1595 1926 1629 1955 Οἱ
1653 1926 1774 1964 κράκται·
1795 1938 1805 1953 ι
1825 1926 1889 1955 ’Δνα

866 1976 987 2004 VARUE
1007 1976 1202 2005 LECTIONES

210 2029 232 2047 9"
248 2026 336 2056 οὺχὲτι
354 2029 399 2058 ed.
439 2028 464 2045 ⁹⁸
477 2028 568 2068 φωνὴν
587 2028 633 2062 11.,
649 2035 684 2055 ex
698 2026 771 2062 sigla
786 2026 861 2060 cod.,
877 2026 986 2064 φθογγῇ
1002 2026 1048 2055 ed.

699 2082 800 2111 JOAN.
821 2081 891 2110 JAC.
912 2081 1044 2109 REISKII
1063 2079 1362 2109 COMMENTARIUS.

210 2136 264 2169 (53)
279 2134 330 2161 Vel
351 2134 437 2161 etiam
456 2132 562 2169 βωτῶν,
585 2135 708 2167 utroque
735 2131 810 2159 enim
825 2131 911 2169 _mod_o
927 2129 1002 2169 scri-

174 2166 262 2198 bil'nr'.
279 2170 343 2197 Dies
356 2166 489 2197 votorum
511 2176 599 2203 quam
616 2166 811 2203 ob’causamg
821 2166 909 2203 fuerit
925 2166 1002 2203 cele-

173 2207 276 2244 bratus
293 2208 319 2244 et
333 2213 389 2239 quo
406 2201 547 2244 tempore,
561 2212 630 2244 “non
660 2203 764 2244 liqnuetg
791 2201 909 2244 'Dicitur
931 2202 1001 2244 qui-
1015 2212 1039 2244 D

174 2242 238 2269 dem
267 2235 350 2267 intra.
365 2249 392 2275 p.
423 2235 486 2272 434,
501 2235 544 2265 τὸ’
560 2238 647 2273 eme.
681 2235 886 2275 τὶεζοδρόμιον,
905 2235 1000 2275 votum

175 2276 267 2304 ludum
295 2273 460 2311 pedeklrem,
477 2283 526 2302 seu
554 2274 627 2302 votis
642 2274 813 2311 condictu_m
839 2273 951 2311 ludum,
970 2273 1000 2300 in

174 2321 231 2348 quo
247 2307 391 2345 cursores,
420 2319 476 2338 non
493 2315 654 2348 equestres,
671 2309 720 2348 sed
738 2307 886 2348 pedestres
900 2309 934 2336 de
950 2316 1001 2343 pe-

172 2344 243 2376 dum
273 2347 424 2375 velocitate
449 2344 610 2379 certabant,
633 2345 763 2373 incidere
778 2344 807 2372 in
819 2344 896 2371 diem
922 2352 1002 2372 ana-

172 2384 280 2412 talibus
296 2383 403 2410 Christi
417 2385 566 2415 octavum,
585 2382 636 2408 hoc
648 2385 690 2408 est
701 2381 861 2409 secundum
879 2382 929 2407 aut
941 2382 1000 2408 ter-

174 2420 246 2447 tium
258 2419 397 2446 Januarii.
414 2419 494 2451 Quod
514 2426 583 2444 sane
601 2417 718 2451 pulchre
738 2424 805 2444 cum
831 2416 947 2444 traditis
963 2415 1000 2443 vi-

174 2463 273 2484 rorum
289 2456 439 2482 doctorum
456 2457 482 2481 et
496 2453 581 2481 vetcri
601 2454 797 2480 ltomanorum
819 2452 875 2480 ritu
896 2460 999 2480 conve-

175 2493 229 2524 nit,
246 2491 294 2527 qui
311 2491 390 2518 diem
404 2490 468 2527 novi
479 2489 606 2527 anniscu
621 2488 865 2527 mensisJanuarii
880 2488 999 2527 tertium

174 2523 315 2562 votis—pro
332 2527 424 2562 salute
440 2525 622 2561 imperatoris
644 2524 760 2562 publice
777 2523 1001 2562 pronuntiandis

176 2560 365 2599 deputabunt.
391 2561 425 2588 V.
443 2561 604 2599 Casaubon.
623 2561 658 2587 ad
674 2561 779 2599 script:
792 2560 865 2599 Hist.
889 2561 999 2599 Λυδὲ-ιε

175 2599 196 2633 Ι,
259 2599 322 2631 205,
339 2598 435 2625 Petav.
453 2596 605 2634 adJulinn.
623 2605 651 2634 pp.
670 2594 748 2634 106,:
760 2596 801 2634 Dn
818 2595 918 2634 Cange
934 2594 1000 2634 CPli

174 2630 282 2662 Chi-ist.
309 2643 335 2668 p.
355 2634 416 2667 439,
434 2636 460 2660 et
482 2641 507 2659 ν.
530 2631 607 2658 Boni
624 2630 707 2658 ’item
731 2631 872 2668 Ieiunium
888 2630 1001 2658 ’Calen-

172 2671 235 2698 dar.
261 2666 421 2697 Jan—uariar.
452 2670 480 2695 et
497 2667 622 2695 Calendm
650 2666 810 2694 Ianuariae.
837 2667 939 2694 Verum
970 2674 998 2700 p.

174 2707 227 2734 450
248 2706 344 2733 Nostri
375 2705 478 2732 dicitur
494 2704 570 2731 idem
592 2705 686 2730 votum
708 2702 840 2737 pedestre
852 2703 998 2737 certamen

174 2743 204 2770 in
217 2749 346 2770 mensem
371 2741 483 2768 Julium
515 2739 651 2766 incidere.
676 2736 757 2770 Quod
783 2746 840 2765 non
863 2736 996 2771 concilio,

171 2778 226 2806 nisi
243 2778 380 2805 dicantur
393 2776 475 2812 plura
490 2778 555 2803 vota
568 2783 618 2812 per
633 2783 667 2802 an
675 2782 744 2812 num
760 2773 902 2812 celebrata
919 2773 997 2812 ludis

170 2822 275 2852 cursus
283 2808 425 2852 pedestris
441 2811 647 2852 fuisse:ACujus
663 2809 703 2839 rei
711 2809 867 2852 vestigium
883 2808 996 2852 nullum

169 2846 293 2888 reperio}
311 2849 486 2885 Recogitans
500 2847 591 2883 igitur
615 2854 740 2879 meeum,
770 2846 848 2874 diem
860 2846 997 2874 votorum

1057 2130 1086 2158 in
1103 2130 1199 2165 specie
1215 2129 1298 2158 illum
1312 2129 1399 2158 fuisse
1419 2130 1543 2164 dictum,
1567 2130 1614 2166 qui
1629 2139 1646 2158 ιι
1674 2130 1784 2166 nuptiis
1808 2136 1886 2159 esset

1057 2166 1219 2201 proximus,
1248 2168 1281 2193 ut
1295 2168 1375 2201 patet
1394 2174 1409 2193 e
1423 2165 1524 2202 charta
1551 2165 1647 2202 vetere
1662 2165 1738 2202 apud
1760 2166 1856 2194 Baluz.
1877 2176 1885 2195 :

1057 2202 1106 2229 die
1114 2206 1174 2236 post
1189 2203 1294 2238 noctem
1315 2201 1483 2238 nuptialem,
1504 2202 1553 2238 qui
1566 2204 1605 2230 est
1617 2201 1673 2230 dies
1684 2201 1814 2230 uotorum
1831 2211 1886 2231 no-

1054 2241 1175 2266 strarum
1203 2237 1244 2272 (id
1270 2240 1311 2264 est
1336 2236 1516 2265 hilariorum‘
1538 2240 1728 2266 nostrorum:
1759 2246 1824 2266 nam
1850 2246 1885 2266 ex

1055 2281 1087 2301 eo
1103 2273 1180 2308 quod
1192 2272 1221 2299 in
1234 2275 1367 2309 votorum
1385 2272 1487 2301 diebus
1503 2273 1590 2309 genio
1601 2273 1708 2301 soleret
1721 2273 1879 2309 indulgeri,

1056 2307 1164 2345 factum
1174 2310 1228 2342 est,
1241 2310 1273 2345 ut
1287 2307 1399 2345 hilaria
1425 2307 1613 2345 comi—viaque
1634 2309 1733 2337 omnia
1752 2307 1820 2337 vola“
1828 2318 1881 2345 ap-

1056 2343 1332 2380 pellarentur),item
1348 2352 1363 2372 e
1372 2344 1515 2372 Chronico
1527 2343 1761 2380 Casinensiapud
1774 2343 1882 2373 Muret.

1056 2382 1078 2407 t.
1093 2379 1117 2407 ll
1134 2381 1199 2407 Ant.
1216 2378 1281 2407 Ital.
1316 2388 1343 2415 p.
1361 2380 1413 2407 939
1430 2388 1436 2408 :
1453 2380 1565 2409 tertiam
1583 2385 1689 2415 partem
1703 2378 1736 2409 de
1755 2381 1883 2409 omnibus

1056 2416 1139 2443 rebus
1168 2416 1235 2448 suis,
1261 2423 1322 2451 qua
1342 2417 1425 2443 uxori
1437 2417 1465 2443 in
1496 2416 1540 2444 die
1555 2421 1677 2444 votorum
1702 2418 1745 2444 vir
1768 2417 1882 2445 dederat

1056 2455 1087 2479 ut
1102 2451 1326 2487 morgingabam,
1343 2451 1415 2487 ccepi
1443 2452 1575 2479 dubitare
1599 2452 1815 2481 indicareturne
1830 2461 1885 2487 ap-

1056 2487 1216 2523 pellatione
1231 2487 1290 2515 diei
1303 2489 1436 2515 votorum
1453 2487 1481 2514 in
1495 2491 1592 2516 nostro
1613 2488 1802 2516 caerimoniali
1818 2488 1881 2516 dies

1056 2532 1073 2560 a
1088 2523 1200 2559 nuptiis
1215 2523 1400 2558 imperatoris
1414 2523 1576 2560 proximus,
1594 2524 1762 2560 quotannis,
1776 2526 1808 2560 at
1823 2533 1880 2560 non

1055 2559 1112 2587 ﬁxo
1125 2559 1481 2601 certeque-temporeLsed
1495 2567 1566 2595 vage
1589 2567 1753 2588 recurrens.
1767 2559 1830 2592 Qua
1845 2559 1882 2588 de

1053 2603 1085 2623 re
1100 2595 1172 2629 quid
1184 2594 1233 2635 sit,
1249 2594 1373 2635 viderint
1387 2594 1447 2623 alii.
1534 2594 1544 2595 ί
1780 2625 1785 2627 _
1798 2631 1803 2636 _

1089 2630 1145 2665 (54)
1158 2630 1348 2671 Subtptellige
1371 2629 1487 2671 innotui“
1500 2630 1543 2659 vel
1572 2629 1805 2671 neCoSpépia._St
1830 2639 1879 2671 ve:

1053 2673 1144 2702 operte
1160 2665 1233 2702 nulli
1257 2665 1326 2693 sunt
1353 2668 1402 2694 aut
1428 2666 1489 2694 ludi
1518 2665 1669 2702 equestres
1685 2665 1812 2700 curules,
1828 2668 1881 2694 aut

1054 2701 1198 2744 pedestris
1214 2709 1319 2744 cursus
1347 2703 1496 2744 exercitis,_
1514 2700 1582 2730 tunc
1611 2700 1744 2744 StSov-rav,
1774 2709 1880 2738 nempe

1051 2735 1086 2763 τὰ
1109 2735 1223 2770 ἔπαθλα,
1253 2738 1361 2765 dantur
1399 2739 1516 2774 praemia
1545 2747 1630 2767 mane
1646 2749 1655 2773 ,-
1671 2739 1695 2766 si
1713 2741 1807 2766 autem
1831 2735 1880 2765 ve-

1052 2781 1144 2809 speraa
1152 2781 1278 2812 quoque,
1290 2776 1320 2812 n_t
1333 2782 1429 2809 mane,
1437 2774 1586 2812 suntludi,
1596 2779 1663 2804 tunc
1671 2774 1879 2812 premianulla

1052 2817 1146 2843 mane,
1163 2810 1215 2838 sed
1235 2810 1335 2840 omnia
1346 2817 1472 2846 vespera,
1494 2810 1610 2839 dantur.
