4138 6212
386 354 503 416 613

1216 351 1318 412 DE
1361 352 1816 414 CERIMONIIS
1861 349 2611 430 AUL/EJYZAN'I‘lN/E
2655 353 2803 416 LIB.
2851 359 2898 417 I.

3675 362 3794 425 614

383 489 504 543 Λάϊα
530 508 542 522 ·
575 511 605 540 ν
631 489 658 542 6
705 486 837 551 λαός
860 505 872 520 ⁸
909 508 938 539 ‹‹
986 487 1266 543 Μεσιτεῖα.
1302 507 1331 536 ››
1380 484 1448 541 O't
1493 484 1722 558 κράκται
1745 488 1760 515 ‘
1797 507 1825 536 ι(
1869 484 2032 540 Ἀνα-

2148 507 2176 536 ‹‹
2224 485 2507 544 Fidelium
2555 488 2977 561 imperatorum
3021 494 3371 549 nostrorum.
3410 515 3436 544 »
3473 497 3746 553 Cantores
3784 516 3797 556 :

381 579 540 633 νάϊαο
577 601 604 629 ››
638 579 666 634 6
712 575 880 640 λαός·
941 601 961 627 ι
1024 577 1145 632 Τῶν
1207 576 1414 628 πιστῶν
1465 572 1736 648 βασιλέων
1788 575 1970 647 ἡμῶν.
2007 596 2034 623 ››

384 669 447 722 Οἱ
505 669 764 742 κράκται·
831 688 854 717 ι
912 665 1180 721 Ανανάϊα’
1237 685 1264 715 ι)
1326 665 1354 716 6
1404 661 1582 725 λαόςο
1647 686 1676 716 ‹‹
1726 664 1812 724 Ὠς
1873 661 2038 735 μόνος

382 753 814 829 παντοδύναμος.
849 780 877 808 ››
909 753 1012 812 Καὶ
1042 753 1206 808 πάλιν
1242 750 1494 827 λέγουσιν
1542 753 1594 807 οἱ
1632 753 1856 827 κράκται
1908 751 2036 826 ῗχά-

385 845 502 900 διον
533 845 634 920 ἤχ.
665 868 725 903 π.
768 842 844 898 δ”
881 868 909 896 ‹‹
944 843 1089 898 Νανά
1115 861 1127 874 °
1151 863 1178 894 ι
1217 843 1244 895 6
1286 840 1416 902 λαός
1441 860 1454 874 ο
1503 865 1531 894 ‹‹
1571 840 1741 904 Ὅλος
1792 842 1820 895 6
1869 840 2037 904 πόθος

379 937 489 990 τῶν
517 935 831 1006 Ῥωμαίων.
866 957 895 985 ‹‹
928 933 994 990 Οἱ
1052 930 1280 1006 κράκται
1313 947 1328 961 ⁵
1365 955 1394 982 ››
1449 931 1604 1005 Ἀγία
1637 949 1650 963 °
1704 954 1732 981 »
1781 931 1809 984 6
1860 927 1991 992 λαός
2017 944 2032 960 '

385 1048 416 1077 ‹‹
446 1023 538 1084 Εἷς
593 1025 732 1096 ὑμᾶς
788 1025 978 1097 ὁρᾶται
1003 1023 1071 1091 θθ,
1104 1019 1231 1083 τοὺς
1266 1021 1570 1096 εὐεργέτας.
1606 1046 1634 1073 ‹‹
1676 1021 1742 1078 Οἱ
1781 1019 2030 1094 κράκται’

385 1137 414 1166 ‹‹
448 1114 625 1169 Νανάο
661 1134 685 1165 ν
715 1113 744 1168 6
803 1110 935 1175 λαός
961 1129 975 1144 ⁸
1011 1135 1040 1163 ‹‹
1089 1113 1200 1168 Τοῦ
1250 1110 1462 1184 κόσμου
1504 1111 1606 1187 γὰρ
1665 1105 1904 1180 εὐσεϐείᾳ
1946 1106 2030 1163 δε-

388 1205 613 1274 σπόζετε
641 1203 661 1240 ‘
695 1202 862 1270 δλως,
893 1201 968 1264 εἷς
1023 1200 1327 1279 φιλάγαθον
1379 1202 1576 1275 κράτος
1622 1201 1798 1272 ὑμῶν,
1833 1197 2033 1254 δεσπό-

385 1315 498 1352 ται.
541 1317 569 1345 ››
599 1289 808 1355 ’Ἀλλος
838 1289 941 1367 ἤχ.
976 1288 1038 1345 δ’·
1066 1315 1094 1344 ‹‹
1134 1290 1241 1345 Κᾶν
1292 1288 1436 1345 θέλω
1477 1296 1720 1366 σιγῆσαι,
1747 1293 1854 1344 τῶν
1905 1287 2030 1364 τρό-

383 1404 501 1439 πων
536 1403 632 1438 σου
680 1383 715 1450 ἡ
767 1378 1087 1456 χρηστότης
1129 1379 1229 1435 οὐκ
1276 1379 1336 1450 ἐᾷ
1388 1401 1474 1452 με,
1507 1382 1530 1416 ³
1566 1403 1596 1431 ιο
1642 1379 1734 1435 καὶ
1771 1379 1840 1434 τὰ
1882 1377 2030 1448 ἑξῆς.

383 1471 447 1528 Εἰ
479 1469 535 1526 δὲ
565 1468 681 1550 ἔχει
715 1472 743 1525 6
783 1472 1057 1544 Πράσινος
1103 1469 1454 1544 προτίμησιν,
1488 1466 1632 1544 λέγει
1665 1469 1850 1547 φωνὴν
1877 1469 1900 1502 ³
1925 1465 2026 1542 ἤχ.

381 1582 442 1616 π.
474 1559 535 1615 δ”
571 1585 591 1611 ι
649 1559 1096 1634 Εὐχαριστοῦμέν
1157 1579 1262 1615 σοι.
1319 1555 1512 1630 Χριστὲ
1570 1559 1598 1612 6
1657 1559 1784 1618 Θεὸς
1844 1559 2026 1630 ἡμῶν,

377 1654 460 1722 τῷ
507 1647 912 1718 διασκεδάζοντι
960 1647 1164 1723 βουλὰς
1209 1646 1398 1718 ἐθνῶν,
1442 1670 1472 1699 ››
1520 1648 1613 1701 καὶ
1651 1648 1717 1701 τὰ
1749 1647 1888 1717 ἑξῆς.
1924 1645 2028 1702 Καὶ

378 1737 546 1795 πάλιν
601 1739 822 1815 λέγουσι
878 1739 1198 1815 τροπάριον,
1247 1737 1350 1811 ἤχ.
1401 1737 1430 1790 6
1478 1736 1637 1797 αὐτός
1672 1755 1684 1769 ·
1722 1757 1752 1790 ι(
1801 1734 2028 1810 Πληρο-

2148 596 2176 624 α
2208 576 2504 646 Ananaia;
2540 601 2568 629 »
2609 579 2857 651 populus
2889 598 2902 638 :
2946 600 2977 634 ι(
3007 584 3082 636 Ut
3132 581 3292 636 solus
3334 583 3726 655 omnipotens.
3765 609 3792 636 »

2146 664 2370 722 Rursus
2401 673 2666 725 cantores
2697 687 2836 727 voce
2867 672 2989 726 toni
3019 671 3248 742 obliqui
3278 675 3463 743 quarti
3488 676 3793 731 modulan-

2145 759 2282 809 tur:
2327 777 2354 804 α
2396 755 2596 826 Nana;
2639 780 2660 808 ι
2705 759 2957 829 populus
3002 777 3015 815 :
3060 781 3090 812 «
3132 759 3380 816 Unicum
3433 763 3790 821 desiderium

2144 846 2590 900 Romanorum!
2634 869 2662 896 »
2703 847 3019 905 Cantores:
3068 871 3097 901 «
3141 850 3389 906 Sancta!
3429 874 3458 902 ››
3503 855 3792 924 populus:

2146 951 2173 978 ‹‹
2201 931 2266 984 In
2300 948 2421 1002 vos,
2444 949 2476 988 0
2498 934 2764 1002 benefici,
2787 935 3044 992 intuetur
3069 937 3082 992 Ξ
3107 961 3130 990 ι
3162 938 3474 995 Cantores:
3504 963 3530 990 ‹‹
3554 940 3736 1004 Nana,
3764 965 3792 994 »

2149 1019 2400 1091 pepulus
2424 1038 2437 1076 :
2463 1044 2491 1071 «
2518 1023 2736 1080 Pietate
2756 1025 2911 1080 enim
2935 1025 3208 1082 universo
3232 1027 3357 1082 orbi
3382 1028 3791 1099 dominamini,

2142 1109 2200 1164 in
2256 1110 2437 1166 robur
2501 1117 2759 1169 vestrum
2828 1114 2964 1170 boni
3039 1115 3395 1185 studiosum,
3455 1119 3700 1174 domini.
3765 1141 3794 1169 »

2143 1200 2296 1255 I90
2325 1202 2486 1258 Alius
2516 1207 2652 1260 tono
2684 1204 2759 1258 IV
2787 1219 2801 1258 :
2826 1226 2853 1254 α
2887 1204 3130 1261 Etiamsi
3161 1207 3404 1263 virtutes
3436 1211 3568 1264 tuas
3603 1213 3789 1265 tacere

2141 1289 2374 1357 vellem,
2396 1298 2576 1347 cmtus
2597 1292 2983 1362 Christianus,
3009 1294 3068 1350 id
3093 1312 3208 1351 non
3243 1295 3396 1364 licet,
3414 1318 3441 1347 »
3465 1302 3522 1353 et
3546 1298 3790 1370 reliqua.

2140 1377 2202 1435 Si
2230 1393 2366 1435 vero
2409 1380 2636 1437 Prasini
2679 1383 3031 1454 praecipuam
3074 1383 3308 1440 laudem
3349 1385 3623 1455 retulere,
3655 1404 3792 1445 voce

2143 1468 2262 1524 toni
2322 1469 2544 1542 obliqui
2601 1471 2675 1527 IV
2724 1472 2928 1528 dicunt
2967 1489 2982 1528 :
3026 1494 3056 1524 «
3101 1474 3330 1531 Gratias
3386 1476 3514 1545 tibi,
3563 1476 3792 1533 Christe

2139 1558 2292 1614 Deus
2333 1564 2545 1624 noster,
2580 1561 2833 1631 agimus,
2876 1562 2973 1632 qui
3012 1562 3254 1618 consilia
3299 1565 3564 1636 gentium
3605 1566 3780 1621 dissi-

2137 1647 2312 1717 pasti,
2338 1667 2364 1699 ι
2389 1654 2445 1704 et
2463 1657 2690 1706 cratera.
2715 1651 2938 1706 Rursus
2966 1653 3283 1722 troparium
3306 1654 3508 1709 eodem
3532 1658 3668 1711 tono
3691 1671 3791 1711 ca-

2136 1745 2282 1794 nunt
2314 1755 2328 1794 :
2378 1761 2399 1790 ι
2434 1739 2730 1797 Divinitati
2773 1743 2832 1798 in
2871 1743 3148 1799 omnibus
3187 1745 3515 1814 conspicuae
3554 1751 3789 1802 vestrae-

379 1833 531 1906 φορῶ
757 1829 820 1883 τὸ
882 1831 1035 1884 Θεῖον
1099 1826 1151 1881 ἐν
1221 1830 1382 1881 πᾶσιν
1416 1821 1588 1889 ὅντως
1634 1825 1724 1880 καὶ
1767 1825 1830 1880 τὸ
1869 1825 2024 1880 εὐσε-

2139 1842 2251 1898 que
2281 1829 2502 1901 pietati,
2534 1829 2775 1898 domini,
2809 1831 3088 1888 conﬁrmo
3121 1849 3136 1890 :
3170 1833 3369 1889 anima
3400 1840 3594 1890 nostra
3634 1835 3788 1892 haud

378 1915 469 1982 ϐές
505 1920 618 1994 (56)
665 1919 845 1991 ὑμῶν,
883 1912 1200 1994 εὐεργέται·
1246 1917 1346 1970 οὐκ
1401 1910 1517 1990 ἔχει
1566 1913 1744 1985 ἄλλην
1787 1917 1822 1984 ἡ
1874 1918 2025 1990 ψυχὴ

2139 1917 2312 1974 aliam
2357 1919 2644 1975 medelam
2687 1920 2881 1986 habet,
2915 1937 3088 1991 quam
3121 1921 3172 1976 si
3200 1938 3325 1989 vos,
3357 1921 3624 1979 dominos
3656 1925 3793 1980 uni-

377 2010 542 2082 ἡμῶν
598 2008 906 2082 Θεραπείαν,
959 2006 1003 2060 εἰ
1059 2007 1132 2078 μὴ
1191 2005 1254 2060 τὸ
1308 2004 1524 2080 βλέπειν
1579 2005 1740 2077 ὑμᾶς,
1773 2004 1900 2066 τοὺς
1946 2001 2032 2058 δε-

376 2099 582 2159 σπότας
631 2103 729 2165 τῆς
786 2094 1138 2167 οἰκουμένης.
1175 2118 1202 2145 ››
1234 2091 1449 2156 ’Ἄλλος
1493 2093 1594 2166 ἤγ.
1629 2089 1689 2146 δ“’
1726 2116 1755 2143 ‹‹
1788 2093 1860 2147 Τὸ
1905 2092 2034 2165 ὑμέ-

377 2210 532 2263 τερον
585 2189 804 2263 κράτος,
857 2185 1238 2264 φιλόχριστοι,
1277 2179 1685 2260 θεοπρόϐλητοι
1735 2183 2031 2259 εὐεργέται.

379 2280 438 2336 ἐκ
464 2284 598 2336 Θεοῦ
628 2277 1041 2349 καταλάμπεται
1075 2275 1299 2346 ἀληθῶς
1329 2276 1418 2328 καὶ
1465 2276 1566 2329 οὐκ
1614 2273 1664 2346 ἐξ
1706 2273 2031 2348 ἀνθρώπων,

380 2371 408 2424 6
442 2367 590 2424 δεῖνα
619 2369 709 2423 καί
751 2369 778 2421 ὁ
811 2365 958 2421 δεῖνα
1021 2363 1345 2440 ἁγαλλίαμα
1409 2368 1518 2418 τῶν
1561 2364 1820 2421 Βενὲτων.
1853 2387 1881 2416 »
1914 2364 2031 2428 Εἶθ’

379 2458 551 2520 οὕτως
609 2454 856 2533 λέγουσιν
910 2456 961 2510 οἱ
1011 2455 1234 2528 κράκται
1269 2469 1285 2486 ⁸
1341 2475 1368 2508 ι
1406 2454 1599 2526 Ἡμεῖς
1658 2451 1854 2508 δοῦλοι
1919 2458 2028 2508 τῶν

387 2546 688 2622 βασιλέων·
727 2568 753 2599 ι
787 2545 814 2599 6
855 2543 988 2605 λαὸς
1033 2544 1266 2616 ὁμοίως.
1300 2543 1366 2600 Οἱ
1407 2542 1632 2616 κράκται
1657 2559 1672 2575 °
1710 2566 1731 2593 ι
1773 2540 1874 2599 Ἰδὲ
1904 2541 2032 2598 δοῦ-

381 2633 471 2692 λοι
514 2631 745 2691 εὐσεϐῶν
785 2631 1056 2709 βασιλέων
1081 2649 1094 2663 ⁸
1131 2654 1156 2685 ι
1185 2633 1214 2686 6
1241 2629 1373 2692 λαὸς
1405 2629 1635 2704 ὁμοίως.
1660 2631 1724 2684 Οἱ
1761 2632 1985 2705 κράκται
2010 2649 2026 2666 ⁸

378 2751 406 2778 «ι
442 2723 676 2780 Δοῦλοι·
709 2748 738 2775 ››
771 2724 799 2778 6
831 2722 962 2785 λαός
988 2740 1002 2755 ⁸
1037 2746 1065 2774 ‹‹
1107 2725 1226 2778 Τῶν
1273 2719 1562 2796 βασιλέων.
1595 2744 1624 2772 ‹‹
1663 2719 1729 2778 Οἱ
1775 2721 2024 2797 κράκται·

378 2840 406 2868 ‹‹
432 2813 631 2870 Δοῦλοι
654 2830 668 2844 ⁸
703 2835 732 2864 ›)
775 2813 803 2867 ὃ
833 2811 997 2874 λαόςο
1040 2835 1069 2862 ‹‹
1102 2813 1220 2867 Τῶν
1275 2807 1564 2884 βασιλέων.
1606 2831 1635 2860 »

451 2905 532 2961 B‘.
567 2904 786 2975 Ἰστὲον,
818 2902 903 2956 ὅτι
940 2901 1048 2956 ἀπὸ
1077 2899 1232 2970 νίκης
1273 2897 1527 2974 λέγονται
1553 2899 1622 2953 τὰ
1649 2897 2027 2973 προῤῥηθέντα

385 2993 520 3049 ἅκτα
567 2999 667 3063 τῆς
712 2991 864 3062 νίκης
911 2995 1022 3045 τῶν
1067 2989 1312 3064 ἡνιόχων
1357 2987 1526 3063 πρωΐ.
1559 2991 1684 3062 Χρή
1719 2987 1777 3044 δὲ
1807 2988 2024 3061 εἷδὲναι,

379 3083 462 3138 δτι
490 3083 595 3138 ἀπὸ
633 3085 730 3136 τοῦ
762 3078 1012 3156 δευτέρου
1047 3078 1205 3156 βαΐου
1250 3079 1616 3152 κατέρχονται
1669 3077 1776 3133 ἀπὸ
1820 3081 1926 3134 τῶν
1979 3077 2024 3133 δ’

379 3169 571 3244 δήμων
621 3171 673 3225 οἱ
717 3164 1106 3249 παυροφόροι,
1141 3169 1498 3242 βαστάζοντες
1535 3165 1664 3230 τοὺς
1719 3165 1771 3238 ἐξ
1820 3167 2020 3222 ἀνθέων

373 3259 785 3336 πεπλεγμένους
843 3259 1129 3333 σταυροὺς,
1159 3257 1250 3312 καὶ
1309 3256 1550 3312 ἵστανται
1608 3255 1684 3319 εἷς
1731 3257 1796 3312 τὸ
1843 3258 2022 3331 στάμα

380 3351 432 3407 οἱ
498 3351 826 3425 κούρσωρες,
887 3347 1132 3425 α’ίροντες
1201 3346 1327 3409 τοὺς
1401 3347 1682 3410 τοιούτους
1759 3349 2020 3424 σταυροὺς

374 3443 697 3517 ἀναφέρουσι
736 3441 873 3516 πρὸς
917 3438 1046 3502 τοὺς
1091 3436 1376 3510 δεσπότας,
1415 3437 1505 3493 καὶ
1555 3437 1752 3502 εὐθέως
1794 3437 2020 3514 λέγουσι

372 3533 439 3586 τὰ
481 3529 632 3586 ἄκτα.
677 3531 746 3588 Οἱ
792 3530 1052 3605 κράκται·
1105 3549 1127 3578 α
1177 3529 1237 3585 Ὀ
1287 3532 1428 3592 θεῖος
1481 3527 1649 3588 τύπος
1693 3529 1829 3601 (57),
1883 3529 2022 3604 βοή-

375 3632 540 3692 θησον
587 3619 715 3682 τοὺς
761 3617 1023 3680 δεσπότας
1063 3635 1076 3648 ·
1121 3640 1149 3669 »
1199 3618 1227 3671 6
1277 3615 1409 3678 λαὸς
1475 3614 1534 3671 ἐκ
1579 3618 1624 3692 γ’
1681 3616 1910 3691 ὁμοίως.
1953 3618 2020 3675 Οἱ

383 3710 644 3783 κράκται·
693 3731 716 3763 ι
746 3709 835 3766 Ἐν
883 3704 1064 3780 τούτῳ
1117 3704 1426 3784 ἐστέφθητε,
1459 3705 1511 3759 οἱ
1559 3705 1870 3781 εὐεργέται·
1915 3731 1942 3758 n
1991 3708 2018 3760 6

381 3796 514 3860 λαὸς
563 3797 768 3871 ὁμοίως
802 3798 868 3853 ὁκ
913 3802 982 3872 γ’.
1024 3796 1090 3852 O't
1137 3795 1399 3870 κράκται·
1437 3818 1464 3845 ‹‹
1508 3795 1594 3848 Ἐν
1639 3794 1818 3867 τούτῳ
1869 3796 2018 3870 βασι-

379 3886 562 3944 Aetius
597 3887 685 3943 καὶ
739 3891 959 3942 νικᾶτε·
1011 3908 1040 3937 ι)
1088 3887 1178 3940 καί
1225 3883 1254 3937 6
1301 3883 1432 3944 λαὸς
1478 3881 1537 3936 ἐκ
1583 3884 1632 3957 γ“
1689 3884 1921 3955 ὁμοίως.
1955 3885 2022 3940 Οἱ

383 3975 644 4048 κράκται’
680 3997 708 4026 ‹‹
741 3974 828 4030 Ἐν
857 3972 1039 4044 τούτῳ
1088 3967 1306 4025 ὀλέσετε
1339 3970 1407 4024 τὰ
1444 3967 1570 4040 ἔθνη
1621 3970 1796 4025 πάντα
1820 3988 1833 4004 °
1872 3994 1902 4022 ››
1932 3971 2023 4026 καὶ

372 4063 401 4118 6
432 4062 562 4128 λαὸς
603 4062 664 4120 ἐκ
688 4063 733 4138 γ’
766 4061 996 4137 ὁμοίως.
1027 4063 1132 4116 Τοῦ
1182 4058 1241 4115 δὲ
1290 4059 1522 4135 ὀργάνου
1551 4060 2020 4134 τρισαγιάζοντος,

2137 2009 2310 2075 versi,
2342 2007 2622 2064 intuetur.
2659 2031 2689 2059 ››
2721 2009 2878 2066 Alius
2908 2013 3046 2066 tono
3078 2013 3190 2065 IV:
3225 2032 3252 2060 «
3285 2011 3548 2068 Potestas
3577 2017 3788 2079 vestra,

2143 2095 2352 2152 Christi
2381 2107 2642 2154 amantes
2664 2107 2835 2169 atque
2861 2100 2972 2155 Deo
3003 2100 3254 2170 promoti
3277 2108 3330 2156 et
3356 2101 3600 2157 beneﬁci
3632 2103 3788 2172 prin-

2146 2185 2325 2255 cipes,
2358 2203 2389 2240 a
2419 2186 2537 2242 Deo
2583 2191 2757 2257 certe,
2791 2204 2907 2243 non
2957 2203 3060 2258 per
3107 2188 3395 2256 homines,
3427 2189 3786 2261 resplendet,

2148 2273 2216 2328 N.
2261 2273 2329 2329 N.
2375 2274 2640 2346 voluptas
2678 2280 2735 2332 et
2773 2276 3054 2347 gaudium
3104 2278 3473 2333 Venetorum.
3510 2299 3538 2327 »
3584 2279 3791 2334 Postea

2139 2370 2406 2420 cantores
2434 2365 2673 2420 dicunt:
2699 2385 2728 2415 «
2752 2365 2869 2421 Nos
2890 2365 3041 2421 servi
3073 2365 3490 2430 imperatorum
3517 2383 3531 2436 ;
3559 2387 3583 2419 ο
3609 2384 3791 2440 popu-

2140 2452 2234 2508 lus
2264 2453 2489 2510 eadem.
2522 2454 2797 2511 Cantores
2823 2471 2836 2509 :
2867 2476 2896 2504 «
2931 2454 3076 2510 Ecce
3105 2457 3249 2512 servi
3280 2455 3502 2527 piorum
3534 2457 3790 2529 impera—

2134 2543 2363 2598 torum!
2403 2564 2432 2592 »
2473 2543 2724 2615 papulas
2762 2543 3053 2602 similiter.
3095 2547 3366 2601 Cantores
3402 2561 3416 2600 :
3452 2565 3481 2596 «
3510 2547 3709 2614 Servi;
3744 2569 3775 2599 »

2130 2631 2383 2704 pepulus
2415 2646 2429 2686 :
2463 2647 2492 2680 α
2522 2633 2968 2704 Imperatorum,
3010 2655 3040 2684 »
3083 2635 3362 2691 Cantores
3395 2651 3409 2691 :
3455 2658 3483 2686 «
3515 2637 3709 2708 Servi;
3742 2659 3772 2688 »

2134 2725 2420 2800 populus:
2453 2749 2482 2777 «
2514 2727 2958 2800 Imperatorum.
2994 2748 3024 2780 »

2200 2905 2272 2961 Il.
2306 2905 2434 2962 Post
2479 2905 2778 2964 victoriam
2818 2911 2946 2963 acta
2972 2907 3224 2964 victoriae
3263 2908 3603 2982 aurigarum
3639 2928 3769 2966 ma-

2129 2995 2330 3051 tutinae
2385 2995 2723 3052 recitantur.
2777 2998 2918 3053 Post
2967 2999 3284 3053 secundam
3335 3014 3469 3055 vero
3515 3000 3771 3072 palmam

2127 3083 2410 3154 crucigeri
2456 3101 2490 3139 a
2525 3088 2778 3154 quatuor
2815 3085 3050 3157 populis
3090 3087 3476 3154 descendunt,
3509 3105 3707 3145 cruces
3747 3105 3778 3144 e

2136 3171 2378 3228 ﬂoribus
2427 3176 2722 3228 contextas
2760 3177 3081 3245 portantes,
3113 3174 3172 3229 in
3203 3175 3450 3232 statione
3478 3192 3613 3231 vero
3643 3193 3776 3232 cur-

2133 3277 2295 3317 sores
2325 3261 2554 3332 adsunt,
2580 3261 2804 3334 hasque
2835 3278 3037 3319 cruces
3068 3268 3332 3334 sumunt,
3355 3265 3547 3336 iisque
3578 3266 3648 3320 ad
3681 3267 3779 3322 do-

2132 3352 2323 3410 minos
2355 3353 2568 3422 allatis,
2593 3354 2793 3410 statim
2825 3359 2954 3412 acta
2985 3356 3244 3412 recitant.
3269 3356 3583 3413 Cantores:
3617 3378 3646 3407 ‹‹
3677 3357 3779 3412 Di-

2128 3442 2265 3499 vina
2305 3444 2521 3516 imago,
2565 3444 2822 3500 dominis
2865 3444 3178 3500 auxiliare!
3213 3466 3242 3495 «
3273 3445 3472 3501 eadem
3523 3445 3779 3518 populus

2129 3535 2216 3589 ter
2245 3534 2558 3589 Cantores:
2585 3554 2614 3584 ‹‹
2641 3535 2702 3588 In
2734 3533 2864 3603 hac,
2887 3533 3150 3590 muniﬁci
3182 3533 3488 3605 principes,
3518 3536 3779 3591 coronati

2131 3621 2301 3678 estisl
2330 3644 2358 3673 »
2382 3622 2466 3678 sic
2492 3623 2744 3695 populus
2763 3628 2869 3679 ter.
2886 3625 3191 3680 Cantores:
3215 3646 3234 3673 α
3263 3624 3325 3679 In
3348 3624 3458 3680 hac
3476 3624 3779 3696 imperatis

2132 3715 2191 3767 et
2207 3710 2469 3777 vincitis;
2495 3732 2523 3760 »
2547 3711 2632 3768 sic
2655 3711 2905 3784 populus
2926 3718 3032 3768 ter.
3055 3712 3364 3768 Cantores:
3391 3736 3418 3764 ‹‹
3444 3714 3504 3770 In
3532 3714 3638 3770 hac
3661 3729 3785 3770 om-

2133 3815 2237 3854 nes
2269 3797 2515 3870 populos
2546 3815 2787 3870 pessum
2839 3800 3094 3868 dabitis;
3125 3822 3154 3851 >›
3188 3801 3272 3856 sic
3302 3805 3359 3856 et
3388 3801 3639 3871 populus
3670 3806 3779 3859 ter.

2133 3887 2362 3957 Organo
2384 3901 2521 3941 vero
2541 3887 2862 3958 trisagium
2882 3887 3242 3957 modulante,
3257 3891 3525 3944 cantores
3547 3887 3784 3943 dicunt:

2135 3997 2164 4024 «
2186 3974 2297 4030 Ter
2326 3977 2548 4044 sancte,
2573 3975 2848 4031 dominos
2880 3975 3092 4044 adjuva
3115 3995 3129 4044 ;
3154 3998 3184 4026 »
3208 3976 3294 4032 sic
3317 3980 3376 4032 et
3397 3977 3642 4049 populus
3675 3985 3777 4033 ter.

2135 4063 2416 4119 Casterum
2439 4062 2639 4120 omnia
2661 4061 2992 4134 spectacula
3004 4064 3449 4134 equestria,tum
3468 4065 3780 4134 matutina,

1711 4185 1952 4244 VARIJE
2020 4187 2439 4246 LECTIONES.

445 4289 673 4376 κὸρᾶτε
710 4289 840 4349 cod.
893 4293 952 4347 et
998 4289 1087 4347 ed.
1169 4291 1186 4326 ι
1232 4279 1473 4341 εὐσέϐεια
1523 4280 1840 4353 δισπόζεται
1892 4287 1997 4343 cod
2050 4291 2108 4344 et
2155 4291 2244 4344 ed.
2296 4287 2425 4344 Vid.
2478 4303 2660 4360 supra
2709 4305 2763 4359 p.
2796 4288 2920 4344 323.
2997 4289 3153 4346 ’cod
3189 4293 3246 4347 et
3271 4291 3362 4346 ed.
3394 4289 3526 4346 Vid.
3562 4307 3620 4362 p.
3651 4291 3778 4348 323.

371 4367 393 4401 ³
422 4365 579 4444 φωνῇ
607 4365 702 4423 ed.

1437 4475 1634 4536 JOAN.
1668 4478 1808 4536 JAC.
1842 4477 2097 4536 REISKII
2137 4479 2714 4538 COMMENTARIUS.

445 4586 558 4658 (55)
615 4579 996 4658 Ηληροφορεῖν
1035 4597 1174 4658 ,τινα
1227 4581 1318 4658 est
1369 4579 1616 4658 aliquem
1669 4595 1920 4635 securum
1965 4583 2018 4635 et
2047 4582 2092 4646 D
2123 4577 3162 4658 Graeculossubrepentemletnugas
3185 4580 3623 4658 trahentem_;_v.
3651 4580 3780 4658 ,ειε-

371 4650 970 4727 οοήῇᾱεηιιηϊίαὶυενε,
1001 4651 1176 4727 alicui
1215 4650 1440 4722 aliquid
1461 4650 1628 4727 ’certo
1659 4667 2014 4727 asseverare.

373 4721 886 4800 Ita-Theophanes
1042 4724 1163 4791 105,
1213 4721 1755 4800 πΛῄροφορεῖν-τινα
1804 4721 2013 4800 ὅρκοις,

372 4805 428 4856 et
460 4817 511 4869 p.
542 4795 799 4856 UOIEst
835 4795 971 4870 ergo
1001 4810 1246 4870 sensus:
1281 4795 1545 4870 Asseuero
1565 4795 1900 4870 attestorque
1929 4795 2013 4849 di-

372 4811 428 4856 et
460 4817 511 4869 p.
542 4811 663 4856 1w.
699 4811 799 4855 Est
835 4813 971 4870 ergo
1001 4811 1246 4851 sensus:
1281 4811 1534 4850 assevero
1565 4811 1794 4850 aueuor
1831 4811 1900 4849 ue
1929 4811 2013 4849 ai-

370 4874 500 4928 vino
545 4872 764 4926 numini
809 4879 864 4925 et
911 4875 1096 4924 vestrm
1143 4867 1356 4937 pietati,
1396 4864 1610 4922 domini
1652 4811 1897 4936 beneﬁci,
1930 4881 2016 4922 re-

373 4960 522 5009 vera,
553 4942 732 4998 medi:
777 4939 1046 5006 omnibus,
1092 4939 1342 4993 animum
1386 4942 1631 4992 nostrum
1671 4952 1782 4992 non
1819 4937 2018 4992 habere

371 5014 544 5071 aliam
576 5011 845 5067 medelam
873 5016 980 5067 etc.
1006 5027 1023 5077 ;
1052 5009 1170 5080 vid.
1202 5009 1354 5064 intra
1385 5009 1598 5080 p.196.

447 5084 563 5164 (56)
594 5081 831 5164 Titulus
871 5070 1122 5164 principi
1137 5070 1421 5160 proprius
1451 5078 1480 5132 6
1511 5070 1760 5159 εὐσεϐής,
1791 5077 2018 5164 ερονίε

375 5149 586 5212 Graecis
617 5149 923 5217 conﬁctas,
947 5157 1010 5207 ut
1030 5149 1297 5207 Latinum
1327 5150 1452 5221 pius
1471 5150 1880 5222 exprimerent.
1905 5149 2016 5205 Sed

374 5227 548 5298 longe
579 5223 737 5281 aliud
768 5227 858 5279 est
874 5215 1020 5298 pius,
1043 5215 1338 5298 diversum
1357 5223 1428 5276 ab
1451 5215 1697 5298 εὐσεϐής.
1718 5223 2017 5298 Quatenus

373 5287 513 5376 pia;
533 5287 890 5376 reverentem
920 5287 1017 5376 Ιξυί
1045 5292 1362 5376 significat,
1383 5287 1660 5376 congruit.
1681 5287 1926 5375 εὖσεᾷής.
1951 5295 2021 5347 At

378 5364 538 5442 prius
559 5373 855 5441 quatenus
879 5364 1125 5442 principi
1147 5365 1446 5442 tribuitur,
1470 5364 2016 5442 a_mantem_civium,

377 5430 699 5518 ξριλόπολιν,
748 5430 936 5518 notat,
976 5430 1128 5518 quod
1183 5430 1593 5518 cumheccaﬁq
1647 5436 1789 5518 nihil
1846 5430 2021 5518 habet

377 5507 708 5578 commune,
747 5507 1136 5568 et'oriai'nem
1180 5507 1358 5564 traxit
1392 5524 1424 5563 e
1463 5525 1608 5565 novo
1655 5508 2019 5564 Testamento

377 5591 435 5642 et
463 5602 497 5660 a
525 5583 890 5660 Christianis.
919 5584 978 5660 Si
1009 5579 1326 5660 Iustinian.
1360 5579 1500 5660 δον.
1526 5582 1618 5647 78,
1642 5579 1876 5660 titulum
1908 5580 2018 5660 im:

379 5657 653 5730 perialem
708 5657 840 5727 pius
895 5656 971 5730 ab
1017 5651 1304 5730 Antonino
1364 5650 2021 5730 Pio_arce_ssit,_prod_it

380 5721 802 5801 antiquitatum
833 5731 892 5786 et
915 5725 1173 5784 historia
1201 5723 1614 5796 ignorantiam,
1637 5725 1766 5796 jam
1797 5725 1923 5779 tum
1955 5721 2019 5779 in

2127 4667 2327 4706 mann.
2369 4652 2438 4722 ad
2480 4653 2720 4721 Procop.
2755 4668 2812 4722 p.
2843 4652 2934 4705 72.
2967 4658 3026 4707 et
3065 4652 3346 4710 Harduin.
3379 4655 3450 4709 ad
3493 4654 3777 4710 Themist.

2168 4766 2180 4778 .
2210 4723 2333 4778 4'27.
2367 4721 2500 4778 Pius
2527 4723 2599 4778 de
2641 4721 2772 4778 Deo’
2794 4727 2896 4777 aut
2934 4723 3004 4779 de
3045 4729 3207 4794 patre
3251 4724 3555 4780 hominum
3601 4731 3658 4781 et
3704 4725 3776 4780 li-

2168 4766 2180 4778 .
2210 4739 2333 4778 4:1.
2367 4739 2500 4778 mus
2527 4739 2599 4778 ae
2641 4739 2752 4778 ueo
2794 4739 2896 4777 aut
2934 4739 3004 4779 oe
3045 4739 3207 4794 patre
3251 4739 3555 4780 nominum
3601 4739 3658 4781 et
3704 4739 3776 4780 u-

2125 4739 2397 4868 Berorum
2430 4799 2662 4850 amante
2685 4795 2908 4868 Latinis
2930 4795 3178 4868 vetustis
3202 4795 3523 4852 dicebatur.
3550 4797 3619 4852 Et
3640 4795 3777 4868 quia

2127 4865 2442 4938 imperator
2466 4869 2624 4938 pater
2652 4866 2857 4920 civium
2881 4873 2932 4938 et
2952 4864 3153 4936 patriae
3185 4870 3565 4936 reputabatur
3596 4864 3773 4938 atque

2127 4937 2442 5009 dicebatur,
2478 4937 2602 4990 ideo
2637 4937 3100 5009 pias‘audiebat,
3136 4942 3194 4992 et
3222 4939 3324 5009 qui
3369 4955 3508 4995 eum
3546 4937 3780 4994 laederet

2127 5012 2254 5081 aut.
2267 5007 2602 5081 offenderet,
2636 5007 2958 5081 habebatur
2998 5007 3205 5078 impius
3234 5007 3290 5064 et
3320 5011 3648 5081 impietatis,
3675 5014 3775 5076 τῆς

2125 5071 2392 5145 ἀσεϐείας,
2434 5071 2842 5146 accusabatur,
2873 5071 3194 5151 utcontra
3239 5081 3334 5151 qui
3386 5071 3520 5137 eum
3571 5071 3782 5137 coleret

2127 5151 2643 5240 etnamaret,npius
2691 5149 3224 5240 erat._‘}’id_.rryales.
3256 5149 3342 5236 ad
3394 5152 3681 5240 Xiphili’n.
3702 5169 3776 5240 p3

2130 5220 2289 5294 1084ζ
2335 5221 2426 5277 ed.
2481 5220 2794 5294 Reima§._§
2830 5221 2920 5294 5_7.
2970 5223 3313 5294 ’[[Ιροσκυνῶ
3358 5241 3414 5277 σε
3461 5219 3534 5284 ὡς
3580 5219 3776 5287 εὐσεϐῆ

2125 5290 2231 5420 :8:
2261 5289 2333 5434 1%.):
2387 5294 2521 5345 Θεοῦ
2577 5286 2958 5363 προϐλῇθὲντα
2997 5286 3264 5367 βασιλέα.
3315 5294 3653 5366 Theophan.
3715 5286 3774 5367 p.

2197 5436 2312 5508 (57)
2346 5436 2546 5492 Divina
2575 5437 2777 5508 imago,
2813 5436 3003 5508 imago
3035 5436 3136 5494 Dei
3183 5437 3481 5508 patientis.
3515 5438 3601 5493 Ita
3633 5453 3776 5508 cru-

2127 5523 2254 5599 cem
2298 5507 2607 5599 appellant
2660 5507 3049 5599 Graeci'nOVi.
3102 5507 3367 5599 ’ςζξὶεορὶιιἶ
3410 5507 3776 5599 ρ.κ1β,ῌτοξς

2125 5578 2546 5656 Θείους-τύπους
2595 5579 3018 5656 (ωᾶΙθ-Ατόπους
3067 5578 3291 5656 edituri)
3341 5578 3498 5656 fuit»
3541 5578 3775 5640 crucem

2127 5652 2385 5724 appellat
2409 5668 2545 5709 cum
2576 5654 2750 5710 rebus
2780 5651 2921 5710 illuc
2951 5653 3401 5725 pertinentibus.
