4138 6212
321 424 431 484 621

1185 419 1286 480 DE
1331 420 1781 482 CEHIMONIIS
1826 418 2062 480 AULAE
2101 420 2581 484 ΒΥΖΑΝΤΙΝΑΞ
2621 422 2776 484 LIB.
2823 423 2872 482 Ι.

3617 427 3738 486 622

319 553 512 628 σίδιον,
544 560 642 613 τοῦ
673 553 731 610 δὲ
752 556 813 610 τὸ
845 553 1073 625 ζωστόν.
1098 553 1230 611 Εἶτα
1288 548 1516 607 ἐπιδίδει
1548 553 1591 588 ιτ
1651 553 1680 606 6
1736 550 1967 606 ἀκτουά-

2087 568 2322 612 manum
2377 556 2578 626 tradit,
2635 555 2929 612 cassidem
2955 555 3130 626 capiti
3187 555 3462 628 imponit,
3512 557 3742 632 cingulo

317 666 434 721 ριος
492 646 556 700 τό
613 644 708 718 μὶν
769 643 1083 718 αὖριγοὶριον
1117 642 1194 704 εἰς
1239 642 1335 703 τὰς
1367 645 1557 716 χεῖρας
1585 640 1770 696 αὐτοῦ’
1817 641 1880 695 τὸ
1922 637 1979 695 δὲ

2088 659 2221 700 eum
2253 644 2313 700 in
2348 645 2537 701 medio
2569 644 2844 716 accingit,
2906 642 3154 700 factione
3204 644 3355 700 inter
3393 645 3512 701 hac
3555 648 3744 704 accla—

319 732 604 791 κασσίδιον
637 733 942 802 ἐπιτίθησιν
976 730 1062 787 ἐπὶ
1094 737 1193 800 τῆς
1248 729 1491 809 κεφαλῆς
1534 730 1726 800 αὖτοῦ,
1765 728 1855 784 καὶ
1910 729 1972 783 τὸ

319 827 526 895 ζωστὸν
583 824 801 894 ζωννόει
847 821 925 884 εἷς
967 821 1034 876 τὰ
1094 821 1228 893 μέσα
1277 819 1464 891 αὑτοῦ,
1513 821 1603 874 καὶ
1652 821 1750 874 εἴθ’
1798 818 1972 880 οὕτως

321 917 467 992 χέγει
517 915 545 968 6
596 911 774 984 δῆμος
804 911 870 966 τὰ
927 908 1082 965 ἄκτα·
1109 933 1136 962 ιι
1177 908 1393 980 Πολλὰ,
1427 908 1633 979 πολλὰ,
1686 905 1892 963 πολλάο
1929 907 1973 978 ί»

320 1004 348 1058 6
381 1001 536 1062 λαός’
568 1025 598 1053 ‹‹
624 998 824 1058 Ηολλὰ
851 996 944 1070 ἔτη
988 1000 1066 1060 αἷς
1094 997 1298 1055 πολλά.
1332 1021 1361 1050 »
1395 998 1458 1053 Οἱ
1479 998 1726 1074 κράκται·
1761 1021 1790 1049 ‹‹
1830 996 1974 1055 Πολ-

321 1093 408 1149 λοῖ
446 1094 576 1166 ὑμῖν
607 1090 824 1166 χρόνοι,
857 1091 892 1159 ἡ
925 1089 1132 1164 ἐκλογή
1155 1095 1256 1160 τῆς
1288 1086 1544 1163 Τριάδος·
1569 1112 1597 1142 ν
1632 1090 1865 1167 φθογγεί
1880 1088 1968 1143 καὶ

319 1184 348 1238 6
377 1181 510 1244 λαὸς
541 1180 602 1237 ἐκ
623 1182 688 1254 γ’·
744 1203 772 1232 ‹‹
827 1181 1000 1253 Ἂγιε.
1036 1201 1065 1231 ››
1121 1179 1188 1236 Οἱ
1226 1178 1474 1253 κράκται.
1507 1199 1536 1233 ι
1591 1176 1806 1232 Πολλοὶ
1842 1177 1968 1250 ὑμῖν

320 1270 535 1347 χρόνοι,
594 1275 647 1324 οἱ
699 1267 1022 1344 θεράποντες
1071 1271 1169 1322 τοῦ
1220 1267 1440 1342 Κυρίου⁸
1492 1290 1521 1319 ››
1567 1267 1595 1320 6
1638 1263 1773 1329 λαὸς
1813 1265 1872 1321 ἐκ
1901 1267 1970 1343 γ’.

322 1385 351 1414 ιι
383 1362 559 1437 ’Ἄγιν
591 1382 622 1412 ››
661 1360 714 1414 οἱ
752 1359 990 1415 Βὲνετοι·
1043 1380 1072 1408 ‹‹
1127 1355 1337 1412 Πολλοὶ
1391 1355 1516 1428 δμῖν
1560 1355 1783 1434 χρόνοι.
1819 1379 1841 1406 ι
1903 1356 1971 1412 Οἱ

317 1451 568 1524 κράκται’
604 1472 631 1500 ‹‹
673 1445 891 1505 Πολλοὶ
925 1447 1052 1519 ὑμῖν
1099 1444 1317 1521 χρόνοι,
1351 1445 1380 1500 6
1410 1441 1558 1499 δεῖνα
1587 1445 1676 1499 καὶ
1709 1445 1737 1498 6
1795 1440 1971 1499 δεῖνα-

322 1539 719 1614 αὐτοκράτορες
776 1534 1086 1610 Ῥωμαίων·
1148 1559 1178 1586 ››
1239 1536 1266 1590 6
1308 1531 1442 1596 λαὸς
1473 1531 1532 1589 ἐκ
1587 1534 1654 1608 γ’⁶
1689 1557 1718 1585 ι(
1759 1532 1972 1590 Πολλοὶ

323 1629 451 1702 ὑμῖν
503 1627 712 1703 χρόνοι.
752 1648 782 1682 η
839 1624 907 1683 Οἱ
957 1625 1204 1699 κράκται·
1261 1647 1283 1674 ι
1336 1621 1547 1679 Πολλοὶ
1596 1622 1721 1696 ὑμῖν
1755 1614 1969 1696 χρόνοι,

323 1714 580 1772 δισπόται
609 1714 701 1770 σὺν
741 1719 861 1775 ταῖς
900 1713 1237 1789 Αὐγούσταις
1290 1711 1380 1768 καὶ
1435 1717 1554 1774 τοῖς
1601 1731 1975 1790 πορφυρογεν-

318 1808 522 1878 νήτοις·
557 1828 586 1860 ιο
646 1806 675 1860 6
727 1802 860 1866 λαὸς
901 1801 961 1858 ὲκ
987 1804 1054 1880 γ’·
1088 1827 1110 1854 ι
1152 1800 1375 1860 Ηολλοὶ
1428 1803 1557 1875 ὑμῖν
1589 1801 1800 1877 χρόνοι.
1844 1825 1873 1853 »
1904 1801 1973 1860 Οἱ

319 1896 568 1972 κράκται.
612 1920 640 1946 ιι
680 1894 736 1947 ’0
783 1890 1017 1948 δεῖνασὺ
1065 1891 1317 1967 εὐτυχεῖς
1361 1890 1436 1946 εἰς
1481 1892 1574 1946 τὸν
1620 1888 1801 1963 δῆμον
1842 1894 1974 1946 τοῦ·
2003 1935 2052 2001 Β

547 1987 561 2001 .
601 1985 621 2001 ς
679 1984 694 2001 ι
795 1983 810 1998 ο
931 1984 943 2001 .
1389 1982 1452 2001 Α.
1732 1998 1742 2001 -
1843 1987 1879 2001 ..
1927 2000 1932 2001 ,

324 2006 438 2048 τοςο
478 2010 507 2037 ››
541 1987 570 2041 6
601 1984 734 2046 λαὸς
793 1983 854 2038 ἰκ
898 1984 961 2060 γ’·
1010 2006 1032 2033 ι
1093 1985 1267 2056 ”Αγιε.
1299 2002 1328 2035 ι
1387 1982 1456 2039 Oi
1495 1998 1744 2056 κρακται·
1783 2006 1804 2032 ι
1841 1987 1973 2036 Στε-

322 2076 534 2154 φάνιον,
605 2069 882 2142 δεσπόται,
932 2075 1014 2143 τῷ
1048 2069 1317 2147 βηγαρίῳ.
1379 2091 1408 2124 a
1473 2072 1571 2128 Καὶ
1647 2069 1744 2134 εἷθ’
1799 2069 1973 2131 οὕτως

322 2161 756 2220 ἀποστέλλουσιν
790 2160 937 2234 αὖτῷ
959 2161 1242 2238 στεφάνων
1271 2161 1361 2215 καὶ
1414 2160 1654 2233 ἱμάτιον,
1686 2159 1774 2214 καὶ
1804 2158 1972 2215 πάλιν

322 2252 579 2330 λέγουσιν
610 2253 662 2307 οἱ
691 2250 937 2326 κράκταιο
1004 2273 1032 2303 ιι
1085 2250 1491 2326 Κύριε,-σῶσον
1534 2247 1663 2312 τοὺς
1710 2246 1972 2312 δεσπότας

319 2342 641 2417 Ῥωμαίωγ·
675 2364 704 2394 ››
730 2341 758 2396 6
782 2339 913 2403 λαὸς
937 2340 998 2396 ἑκ
1015 2345 1079 2416 γ“’
1104 2364 1132 2392 (ι
1160 2339 1346 2414 Κύριε,
1371 2343 1568 2394 σῶσον
1594 2361 1623 2386 ιδ
1640 2337 1971 2414 Οἱκράκται·

324 2429 562 2507 «Κύριε,
617 2433 792 2485 σῶσον
834 2427 962 2492 τοὺς
1012 2426 1280 2490 δεσπότας
1327 2427 1421 2483 σὺν
1468 2433 1587 2491 ταῖς
1631 2427 1974 2506 Αὐγούσταις

325 2521 417 2576 καὶ
443 2525 564 2585 τοῖς
591 2519 1140 2600 πορφυρογεννήτοις’
1173 2537 1200 2571 s
1248 2518 1276 2573 6
1319 2514 1453 2578 λαὸς
1503 2516 1562 2572 ἐκ
1613 2518 1680 2594 γ’·
1714 2540 1743 2570 ‹‹
1779 2517 1968 2591 Κύριε,

321 2614 520 2666 σῶσον.
556 2609 738 2664 »Εἶτα
774 2606 1000 2684 λέγουσι
1029 2608 1222 2668 πάντες
1271 2606 1412 2680 όμοῦ
1459 2605 1857 2682 πολυχρόνιον.
1907 2606 1968 2663 Ὁ

323 2697 381 2754 δὶ
437 2699 708 2774 βηγάριος
763 2696 1185 2776 κατασφραγίζει
1235 2696 1417 2773 τρίτον
1489 2695 1617 2758 τοὺς
1682 2693 1967 2765 δεσπότας,

322 2789 412 2844 καὶ
459 2791 776 2864 προσκυνῶν
849 2788 1263 2866 ἀπευχαριστεῖ,
1328 2784 1421 2841 καὶ
1488 2782 1764 2861 ἐξέρχεται
1833 2783 1971 2859 μετὰ

2088 739 2321 790 mante:
2354 733 3150 802 «Multos,multos,multos;
3178 754 3206 790 ι
3230 736 3514 807 populus:
3543 759 3570 786 «
3595 737 3746 794 Mul-

2086 827 2178 879 tos
2223 840 2411 880 annos
2468 825 2528 882 in
2569 825 2808 880 multos.
2861 845 2887 873 »
2917 824 3196 880 Cantores
3239 840 3252 879 :
3288 846 3317 875 ‹‹
3361 824 3542 884 Multa
3580 827 3744 885 vobis

2084 916 2370 984 tempore,
2388 929 2422 970 a
2440 912 2724 969 Triuitate
2743 912 2910 970 electi
2952 913 2966 968 l
2987 935 3014 963 »
3029 913 3256 970 Clamat
3268 917 3325 969 et
3346 913 3601 986 populus
3617 919 3705 970 ter
3727 945 3741 984 ε

2083 1021 2113 1051 ιι
2145 999 2396 1057 Sancte!
2423 1020 2450 1054 ν
2493 1002 2773 1058 Cantores
2805 1017 2819 1056 :
2869 1021 2898 1053 α
2932 1001 3117 1058 Multa
3143 1001 3305 1058 vobis
3333 991 3622 1075 tempora,
3655 1002 3742 1060 fs-

2083 1089 2228 1146 muli
2267 1089 2534 1147 Domini!
2569 1111 2595 1144 ι
2638 1090 2890 1164 populus
2921 1095 3010 1147 ter
3043 1106 3056 1145 :
3090 1113 3117 1142 (ι
3145 1091 3391 1148 Sancte!
3427 1111 3456 1142 υ
3488 1091 3690 1149 Veneti
3724 1111 3740 1161 ς

2084 1200 2115 1229 ‹‹
2139 1179 2321 1236 Multa
2340 1180 2504 1236 vobis
2536 1180 2836 1252 tempora!
2875 1202 2904 1231 ››
2935 1180 3216 1240 Cantores
3259 1196 3273 1236 :
3306 1203 3336 1231 α
3366 1180 3552 1238 Multa
3580 1183 3742 1238 vobis

2079 1269 2453 1340 tempora,N.
2475 1269 3352 1341 N.ImperatoresRomanorum
3386 1269 3452 1326 tn
3489 1271 3738 1344 populus

2080 1361 2167 1413 ter
2191 1375 2204 1412 :
2237 1359 2458 1416 «Multa
2471 1359 2905 1432 vobistempora
2923 1361 2938 1416 1
2956 1361 3278 1417 »Cantoree
3299 1377 3314 1415 :
3335 1381 3360 1412 ιι
3385 1359 3743 1420 Multavobis

2081 1449 2364 1517 tempore,
2395 1447 2630 1504 Domini
2661 1465 2792 1504 cum
2826 1449 3303 1520 imperatricibus
3334 1453 3394 1506 et
3423 1449 3742 1522 porphyre-

2081 1535 2293 1608 genitis
2321 1536 2334 1590 Ι
2368 1557 2397 1587 ››
2429 1537 2583 1593 19³
2652 1537 2906 1610 populus
2937 1543 3024 1594 ter
3057 1554 3071 1593 :
3108 1559 3136 1590 ‹‹
3177 1539 3363 1594 Multa
3394 1538 3554 1595 vobis
3587 1545 3738 1594 tem-

2082 1625 2256 1695 pora!
2291 1645 2320 1672 η
2348 1625 2626 1682 Cantores
2660 1640 2673 1682 :
2709 1642 2736 1668 α
2768 1627 2856 1682 Tu
2881 1625 3126 1682 feliciter
3155 1626 3216 1682 in
3241 1627 3350 1682 hoc
3373 1625 3584 1698 populo
3615 1643 3737 1683 rem

2085 1727 2223 1782 agas
2255 1729 2269 1779 ;
2299 1733 2326 1761 »
2358 1711 2604 1783 populus
2647 1716 2735 1768 ter
2766 1731 2780 1770 :
2815 1735 2844 1764 ιι
2881 1713 3111 1771 Sancte.
3147 1737 3175 1763 ‹‹
3208 1715 3484 1770 Cantores
3513 1732 3533 1770 :
3565 1737 3593 1765 ιι
3627 1715 3742 1772 Co—

2083 1799 2309 1870 rollam,
2369 1801 2614 1872 domini,
2672 1802 2898 1876 bigario
2928 1803 2942 1859 l
2989 1826 3011 1854 ι
3038 1809 3095 1860 et
3124 1804 3320 1860 statim
3362 1803 3642 1861 corollam
3673 1821 3744 1862 ac

2082 1899 2298 1946 vestem
2344 1890 2459 1962 ipsi
2509 1892 2768 1950 mittunt.
2803 1892 3031 1950 Rursus
3071 1897 3340 1950 cantores
3373 1909 3388 1950 :
3421 1916 3450 1949 (ι
3474 1893 3743 1966 Domine,

2084 1995 2252 2036 serva
2277 1981 2543 2039 dominos
2572 1982 2999 2040 Romanorum!
3031 2006 3052 2033 ι
3090 1983 3344 2055 populus
3383 1988 3472 2040 ter
3502 2000 3516 2040 :
3553 2005 3582 2035 «
3624 1985 3739 2041 Do-

2083 2072 2262 2138 mine,
2287 2087 2452 2127 serva
2476 2071 2490 2127 ι
2514 2094 2544 2122 ››
2568 2072 2878 2129 Cantores:
2909 2095 2939 2125 ιι
2966 2075 3228 2140 Domine,
3251 2090 3418 2130 serva
3441 2074 3736 2146 principes

2083 2176 2218 2216 cum
2248 2161 2530 2232 Augustis
2557 2163 2911 2235 conjugibus
2931 2169 2989 2220 et
3004 2164 3511 2236 porphyrogenitis
3536 2163 3548 2218 l
3577 2186 3605 2214 ››
3640 2180 3739 2234 po-

2085 2249 2258 2320 pulus
2307 2255 2495 2306 term
2551 2253 2813 2320 Domine,
2854 2252 3066 2309 servat
3119 2275 3148 2304 ιι
3200 2253 3490 2309 Postremo
3538 2269 3743 2310 omnes

2082 2337 2262 2395 simul
2293 2339 2500 2396 dicunt
2538 2355 2554 2396 :
2586 2340 2655 2397 In
2715 2341 2937 2397 multos
2985 2357 3190 2409 annos,
3250 2347 3362 2399 etc.
3390 2362 3419 2391 »
3479 2340 3743 2412 Bigsrius

2081 2443 2215 2484 vero
2245 2432 2334 2484 ter
2361 2427 2628 2486 dominos
2659 2429 2870 2502 signat,
2891 2429 3154 2501 ﬂexoque
3169 2429 3484 2502 genuipsis
3517 2429 3737 2501 gratias

2079 2517 2218 2591 agit,
2249 2516 2462 2574 deinde
2491 2534 2626 2575 cum
2651 2520 2918 2592 prafecto
2937 2520 3010 2576 ad
3063 2519 3361 2591 daphnen,
3396 2519 3530 2576 inde
3551 2522 3623 2576 ad
3649 2522 3734 2580 fa-

2079 2606 2333 2664 ctionem
2357 2607 2502 2678 abit,
2525 2625 2642 2682 qua
2659 2613 2748 2666 ter
2766 2609 3020 2679 signata,
3051 2609 3127 2666 ad
3151 2608 3442 2667 cancellos
3467 2608 3737 2666 ascendit

2079 2695 2486 2753 factionarium
2516 2713 2839 2770 omnesque
2863 2698 3116 2756 duarum
3139 2698 3464 2756 factionum
3494 2699 3729 2771 aurigas

2077 2793 2134 2841 et
2159 2784 2455 2843 tribunum
2489 2787 2765 2852 adorans.

321 2881 418 2934 τοῦ
459 2875 748 2933 ἐπιστάτου
793 2874 898 2939 ’έως
949 2883 1050 2946 τῆς
1106 2872 1333 2950 δάφνης,
1383 2873 1497 2929 εἶτα
1545 2874 1573 2929 6
1633 2874 1903 2951 βηγάριος
1943 2869 2245 2951 ἀπέρχεται
2287 2872 2384 2928 ἐπὶ
2432 2875 2525 2930 τὸν
2572 2872 2776 2949 δῆμον,
2813 2875 2906 2931 καὶ
2955 2877 3403 2954 κατασφραγίζων
3445 2874 3624 2951 τρίτον
3649 2875 3727 2938 εἰς

318 2969 412 3023 τὸν
460 2964 664 3040 δῆμον,
725 2965 1012 3042 ἀνέρχεται
1080 2967 1158 3029 εἷς
1222 2964 1289 3019 τὰ
1357 2961 1660 3040 κάγκελλα,
1717 2963 1807 3019 καὶ
1873 2967 2170 3038 προσκυνεῖ
2217 2962 2310 3018 τὸν
2351 2965 2735 3040 φακτιονάριον
2789 2965 2881 3020 καὶ
2921 2964 3093 3030 ὅλους
3131 2966 3258 3028 τοὺς
3315 2961 3580 3041 ἡνιόχους
3621 2971 3728 3022 τῶν

321 3053 417 3113 δύο
461 3061 638 3135 μερῶν
669 3055 872 3112 καὶτὸν
891 3051 1200 3131 τριϐοὕνον.

319 3147 512 3214 Ἀκτα,
587 3144 864 3202 ἐπινικίων
936 3139 1423 3221 θριαμϐευο-μένων
1516 3146 1626 3219 (72)
1711 3141 1797 3200 ἐπὶ
1875 3147 1973 3201 τοῦ

2081 3145 2230 3216 Acta,
2291 3147 2506 3220 quando
2561 3147 2877 3221 victoriato:
2940 3148 3222 3217 triumphi
3261 3149 3324 3205 in
3377 3147 3734 3220 hippodromo

937 3215 1342 3293 ἱπποδρομίου.

392 3329 424 3364 κ
456 3307 591 3382 Δόξα
612 3312 733 3381 Θεῷ
763 3312 842 3381 τῷ
871 3305 1114 3382 Δεσπότῃ
1157 3309 1198 3344 ³⁸
1249 3306 1488 3377 πάντων,
1539 3303 1666 3377 δόξα
1707 3310 1789 3379 τῷ
1835 3310 1966 3365 Κτι-

322 3417 417 3471 στῃ
444 3398 534 3453 καὶ
564 3395 888 3472 δημιουργῷ
915 3401 1023 3456 τῶν
1071 3394 1241 3456 ὅλων.
1294 3396 1431 3466 Δόξα
1487 3401 1604 3469 Θιῷ
1649 3400 1728 3469 τῷ
1774 3398 1968 3472 Θριαμ-

321 3481 568 3542 ϐεόσαντι
603 3486 732 3548 τοὺς
785 3488 889 3556 τής
919 3488 1134 3563 Ἀγαρ.
1178 3485 1314 3557 Δόξα
1365 3489 1481 3558 Θεῷ
1517 3489 1597 3557 τῷ
1627 3482 1969 3558 παμϐασιλιῖ

321 3581 424 3632 τῶν
454 3575 690 3635 αἰώνων.
723 3575 858 3647 Δόξα
888 3580 1006 3648 Θεῷ
1032 3579 1112 3648 τῷ
1155 3574 1495 3650 ἐνισχόσαντι
1544 3573 1791 3650 βασιλεῖς
1840 3575 1967 3639 τοὺς

321 3663 667 3741 ὀρθοδόξους.
718 3665 854 3735 Δόξα
910 3669 1026 3738 Θεῷ
1096 3668 1174 3736 τῷ
1247 3659 1600 3738 ἐπιϐλέψαντι
1671 3661 1753 3740 ἐρ’
1825 3665 1962 3737 ἡμῖν

320 3754 745 3829 φιλανθρώπως.
806 3753 942 3824 Δόξα
989 3758 1106 3825 Θεῷ
1147 3757 1228 3825 τῷ
1275 3753 1561 3822 πατάξαντι
1609 3753 1966 3825 Ἰσμαηλιτας

316 3846 446 3907 τοὺς
519 3843 962 3922 Χριπομάχους.
1041 3843 1177 3915 Δόξα
1231 3847 1347 3915 Θεῷ
1401 3846 1482 3914 τῷ
1559 3840 1842 3917 ῥυσαμένῳ
1911 3841 1963 3914 ἐξ

319 3933 533 4010 ἐχθρῶν
563 3932 691 3996 τοὺς
712 3931 1131 4008 αἰχμαλώτους.
1165 3932 1303 4002 Δόξα
1341 3935 1458 4002 Θεῷ
1513 3934 1593 4002 τῷ
1631 3931 1966 4005 προθήσαντι

318 4025 411 4086 τὰς
442 4022 632 4085 πόλεις
670 4025 780 4079 τῶν
811 4017 1079 4096 Ἀράϐων.
1123 4021 1257 4090 Δόξα
1286 4024 1402 4092 Θεῷ
1441 4024 1520 4091 τῷ
1562 4015 1962 4075 καταϐάλλοντι

317 4111 441 4178 τοὺς
479 4111 713 4189 ἀρνητὰς
741 4113 840 4181 τῆς
862 4107 1114 4190 Τριάδος.
1169 4110 1305 4181 Δόξα
1333 4113 1449 4181 Θεῷ
1501 4113 1578 4180 τῷ
1634 4105 1965 4164 ἄπολὲσαντι

317 4203 442 4264 τοὺς
465 4203 700 4277 ἀρνητὰς
727 4204 829 4270 τῆς
877 4201 1166 4258 Θεοτόκου.
1201 4201 1335 4274 Δόξα
1374 4197 1491 4274 Θεῷ
1532 4202 1612 4271 τῷ
1664 4197 1964 4277 καταισχύ-

317 4312 460 4347 ναντι
489 4293 552 4347 τὸ
579 4292 841 4366 φρύαγμα
872 4292 901 4346 6
929 4287 1078 4346 δεῖνα
1108 4294 1206 4345 τοῦ
1245 4289 1656 4364 Χριστομᾶχου.
1683 4288 1816 4362 Δόξα
1847 4291 1964 4360 Θεῷ

316 4385 396 4454 τῷ
443 4377 797 4452 εὐδοκήσαντι
858 4380 1058 4443 οὕτως.
1108 4378 1297 4456 Κύριε,
1350 4378 1434 4442 τίς
1493 4379 1562 4432 οὐ
1612 4373 1825 4451 δοξάσει
1861 4379 1962 4446 τὴν

323 4468 529 4546 βουλήν
576 4488 710 4542 σου;
761 4471 944 4544 Κύριε,
1004 4471 1087 4531 τίς
1137 4468 1248 4545 οὐχ
1296 4467 1527 4542 ὑμνήσει
1573 4467 1641 4523 τὰ
1687 4465 1820 4544 ἔργα
1854 4471 1964 4521 τῶν

2715 3219 3090 3277 celebrantur.

2157 3330 2180 3360 α
2212 3307 2410 3366 Gloria
2443 3313 2579 3378 Deo,
2602 3310 2868 3366 omnium
2887 3309 3160 3378 Domino,
3187 3309 3378 3383 gloria
3403 3307 3728 3366 Creatoriet

2077 3397 2379 3456 Conditori
2410 3397 2704 3460 universi!
2738 3398 2932 3457 Gloria
2963 3399 3103 3467 Deo,
3131 3399 3465 3472 triumphos
3487 3400 3558 3456 de
3590 3404 3736 3472 Aga-

2078 3487 2235 3546 renia
2262 3489 2452 3562 agenti
2481 3488 2495 3544 ι
2529 3488 2726 3548 Gloria
2757 3489 2870 3546 Deo
2919 3489 3042 3560 regi
3094 3489 3440 3546 secutorum
3475 3487 3488 3544 ι
3532 3488 3731 3546 Gloria

2079 3579 2213 3642 Deo,
2244 3578 2341 3650 qui
2365 3577 2749 3648 imperatores
2772 3582 2928 3636 recte
2963 3581 3266 3636 credentes
3297 3579 3689 3636 corroboravit
3715 3577 3729 3632 l

2079 3665 2270 3721 Gloria
2308 3665 2444 3736 Deo,
2477 3669 2600 3739 qui,
2633 3675 2696 3723 ut
2753 3668 3196 3724 amantissimus
3261 3667 3588 3736 hominum,
3623 3683 3728 3724 nos

2078 3753 2362 3824 reSpexit!
2413 3754 2605 3810 Gloria
2651 3755 2791 3824 Deo,
2835 3756 2934 3828 qui
2990 3755 3338 3821 Ismaelitas,
3372 3756 3733 3811 Christiano-

2075 3857 2206 3898 rum
2236 3841 2526 3909 inimicos,
2562 3843 2885 3914 percussit!
2929 3843 3124 3900 Gloria
3156 3848 3290 3912 Deo,
3326 3843 3429 3914 qui
3471 3843 3734 3913 captivos

2079 3930 2149 3990 ab
2170 3930 2435 3988 hostibus
2464 3931 2734 3989 liberavit
2767 3932 2779 3987 l
2809 3931 3002 3988 Gloria
3039 3932 3177 4000 Deo,
3220 3931 3324 4004 qui
3372 3933 3544 3989 urbes
3585 3937 3733 3988 Ara-

2076 4019 2212 4078 bum
2235 4020 2520 4080 destruxit
2552 4018 2566 4076 ι
2600 4021 2799 4078 Gloria
2818 4021 3068 4093 Deo.qui
3100 4021 3442 4080 Trinitatem
3461 4027 3738 4094 negantes

2076 4109 2385 4180 prostravit
2429 4109 2442 4164 Ι
2496 4111 2692 4166 Gloria
2743 4111 2878 4178 Deo,
2937 4110 3041 4182 qui
3095 4110 3404 4182 Deiparam
3451 4116 3735 4183 negantes

2076 4197 2361 4268 perdiditl
2413 4198 2609 4256 Gloria
2643 4203 2779 4268 Deo,
2812 4199 2914 4272 qui
2964 4200 3334 4256 ferocientem
3369 4204 3436 4257 N.
3495 4200 3732 4256 Christo

2073 4287 2375 4345 inimicum
2425 4289 2734 4362 opprobrio
2791 4289 3093 4362 implevit!
3127 4288 3322 4345 Gloria
3343 4289 3480 4360 Deo,
3519 4291 3613 4345 cui
3645 4289 3736 4347 ita

2071 4377 2264 4433 visum
2290 4376 2438 4433 fuit!
2474 4379 2740 4447 Domine,
2774 4379 2909 4452 quis
2940 4379 3252 4436 consilium
3284 4385 3454 4435 tuum
3488 4398 3602 4437 non
3636 4397 3730 4437 ce-

2072 4466 2370 4524 lebraret?
2407 4467 2670 4536 Domine,
2720 4469 2855 4540 quis
2913 4485 3029 4526 non
3089 4468 3361 4525 laudaret
3401 4486 3575 4542 opera
3605 4485 3734 4526 ma-

323 4527 334 4546 .
487 4527 498 4541 .
696 4527 710 4542 ι
842 4527 851 4544 .
931 4527 943 4538 .
1074 4527 1085 4531 -
1213 4527 1248 4545 η
1333 4527 1344 4542 .
1427 4527 1437 4538 .
1715 4527 1724 4542 .
1762 4527 1774 4544 ,

320 4564 521 4638 χειρῶν
551 4581 686 4634 σονς
718 4558 908 4636 Κύριε,
955 4556 1390 4635 εὖχαριστοῦμέν
1420 4578 1504 4613 σοι
1550 4557 1672 4632 περὶ
1723 4557 1964 4624 πάντων,

2081 4573 2264 4612 nuum
2296 4561 2532 4612 tuarum
2554 4556 2583 4616 ἵ
2613 4527 2878 4627 Domine,
2914 4558 3132 4633 gratias
3164 4558 3270 4615 tibi
3304 4575 3418 4631 pre
3441 4527 3728 4616 .omnibus

318 4650 403 4704 ’ὁτι
452 4648 694 4722 ἠλέησας
736 4651 830 4706 τὸν
883 4647 1048 4713 λαοόν
1087 4669 1186 4704 σου
1227 4647 1480 4722 μεγάλως
1535 4650 1579 4685 ¹⁹
1615 4643 1676 4702 ἐκ
1710 4646 1963 4704 τοιούτου

323 4738 699 4814 βασιλεύεσθαι
728 4741 983 4815 κράτους.
1018 4763 1045 4790 η
1079 4738 1178 4793 Καὶ
1235 4735 1326 4793 ὅτε
1370 4736 1605 4792 πέσωσιν
1651 4737 1703 4791 οἱ
1747 4733 1965 4810 δέσμιοι

318 4833 543 4902 πρηνεῖς
578 4829 663 4886 ἐπὶ
695 4835 794 4900 τῆς
836 4835 962 4907 γῆς,
995 4827 1135 4883 νόει
1176 4827 1204 4883 6
1258 4824 1598 4902 ἆκτουάριος,
1632 4825 1721 4880 καὶ
1779 4823 1966 4898 λεγου-

319 4939 400 4976 σιν
439 4918 493 4986 οἱ
529 4917 776 4994 κράκται·
821 4942 848 4970 ‹‹
896 4919 1126 4974 Ἔπεσον
1185 4915 1235 4972 οἰ
1293 4915 1483 4991 ἐχθροὶ
1541 4917 1702 4990 ἡμῶν
1761 4913 1965 4989 θεοκρῐο

317 5023 444 5068 τως·
481 5031 509 5058 ››
538 5007 629 5061 καὶ
662 5007 690 5061 6
723 5002 856 5068 λαὸς
887 5005 1096 5078 ὁμοίως
1135 5005 1204 5079 γ’.

2075 4647 2324 4719 agimus,
2357 4646 2509 4719 quod
2571 4648 2851 4704 misertus
2885 4663 2949 4704 es
2983 4648 3184 4720 populi
3230 4648 3338 4717 tui,
3390 4649 3562 4720 eique
3593 4647 3727 4703 huic

2074 4737 2297 4808 potenti
2363 4735 2607 4808 imperio
2655 4737 2898 4793 subesse
2929 4736 3290 4808 permisisti!
3325 4760 3355 4790 »
3395 4741 3534 4794 Cu'n
3597 4752 3733 4792 vero

2074 4825 2288 4896 captivi
2343 4825 2507 4896 proni
2542 4825 2600 4879 in
2641 4829 2857 4880 terram
2903 4827 3293 4898 prociderunt,
3353 4827 3608 4883 actuario
3641 4826 3732 4881 si-

2075 4930 2257 4989 gnum
2288 4913 2486 4984 dante,
2521 4919 2790 4970 cantores
2833 4913 3075 4972 dicunt:
3108 4937 3138 4966 «
3164 4914 3331 4972 Justo
3371 4915 3472 4973 Dei
3511 4915 3736 4988 Judicio

2075 5001 2302 5060 inimici
2329 5001 2517 5060 nostri
2567 5002 2936 5062 ceciderunt!
2972 5025 3000 5054 »
3025 5005 3180 5078 quod
3238 5005 3491 5080 populus
3522 5013 3608 5062 ter
3641 5021 3734 5062 re-

2080 5093 2245 5166 petit.

1679 5245 1920 5302 VARl/E
1961 5243 2373 5302 LECTIONES.

389 5401 436 5440 te
453 5396 695 5476 ξπιδιδοῖ
726 5399 818 5460 ed,
893 5397 946 5438 l3
975 5399 1092 5470 Θεῷ
1114 5393 1265 5454 δεσπ.
1297 5395 1391 5455 ed.
1467 5397 1515 5435 "
1543 5416 1660 5470 σου,
1696 5393 1950 5474 μεγάλως
1976 5396 2072 5453 ed.

1381 5539 1578 5600 JOAN.
1614 5542 1755 5598 JAC.
1790 5538 2058 5597 REISKII
2087 5537 2674 5597 COMMENTARIUS.

393 5703 505 5776 (72)
533 5702 721 5777 Signis
746 5699 1281 5777 victoriae__solema_i
1308 5714 1457 5777 cum‘
1476 5712 1677 5770 pompa
1735 5695 1793 5752 in
1843 5697 2034 5753 urbem
2088 5663 2482 5756 intraducth.‘
2543 5693 2858 5770 [Triumphi
2909 5709 3045 5752 voee
3077 5710 3180 5767 pro
3210 5691 3459 5751 solemni
3491 5688 3732 5747 introitu

327 5769 866 5848 usurpata'Aimoni
896 5774 956 5832 in
979 5773 1196 5831 Hister.
1228 5769 1458 5840 Franc.)
