4138 6212
395 291 513 352 62⁵7

1459 290 1993 353 CONSTANTINI
2037 288 2736 353 POBPHYROGENITI

3680 289 3804 350 628

399 424 577 495 gariis
607 425 753 494 suis,
785 439 855 480 ex
892 439 1228 496 quacunque
1275 423 1525 481 factione
1573 425 1670 496 sit,
1722 440 1825 497 pro
1884 438 2032 480 more

2158 439 2339 493 σματα
2386 422 2448 482 ις’
2500 421 2614 491 (90)
2670 419 2727 474 ἐκ
2779 422 2884 474 τῶν
2947 418 3222 489 παύστων,
3280 418 3371 473 καὶ
3424 419 3490 475 τὰ
3547 422 3809 496 κατατρέ-

394 514 630 585 accipit.
662 514 778 570 Deo
810 518 1001 569 autem
1034 513 1334 569 victoriam
1385 515 1754 581 concedente,
1787 513 2036 569 vicarius

395 619 631 659 currum
690 602 1019 659 saltationis
1065 619 1245 659 causa
1318 618 1433 660 non
1501 602 1862 671 conscendit,
1923 602 2036 658 nisi

392 691 609 747 bullam
647 690 889 759 habens,
922 707 1021 747 seu
1055 693 1457 762 factionarius,
1496 709 1593 749 seu
1628 693 2035 762 micropanites

391 778 470 834 sit
503 779 591 834 :si
621 779 946 835 factionarii
968 785 1164 851 partes
1192 779 1361 852 gerit,
1391 780 1517 836 loco
1546 780 1757 851 ejusad
1773 780 2033 836 dextram

390 868 790 940 micmpanitaa
819 868 1104 939 ambulat,
1137 871 1209 925 ad
1243 870 1546 926 sinistram
1586 869 1908 926 factionarii
1938 885 2035 924 au-

388 963 530 1026 tem,
564 957 613 1013 si
646 958 1045 1029 micropanite
1065 958 1348 1015 vicarium
1369 958 1505 1031 egit.
1538 957 1596 1013 8i
1628 958 1775 1015 forte
1803 958 2033 1030 auriga-

388 1063 519 1103 rum
566 1046 731 1103 bulla
787 1051 1112 1104 creatorum
1154 1045 1374 1119 aliquis
1423 1046 1797 1117 aberraverit,
1828 1051 1930 1104 aut
1959 1048 2031 1103 ob

390 1136 862 1208 qualemcunque
891 1141 1233 1209 praetextum
1268 1140 1562 1193 certamen
1600 1136 1840 1194 omnino
1870 1137 2035 1193 dese-

387 1226 590 1293 ruerit,
649 1227 896 1297 quintus
954 1225 1160 1298 auriga
1200 1224 1456 1297 eligitur,
1505 1234 1606 1282 aut
1663 1242 1733 1281 ex
1788 1224 2033 1298 reliquis

385 1315 653 1387 bigariis,
686 1314 788 1387 qui
819 1314 1160 1387 aptissimus
1208 1324 1331 1372 est:
1363 1316 1531 1371 etiam
1592 1315 1641 1371 si
1702 1332 1768 1371 ex
1798 1314 1907 1371 alia
1955 1316 2034 1371 fa-

387 1404 579 1461 ctione
604 1404 824 1461 electus
855 1404 1115 1476 bigarius
1148 1404 1246 1475 sit,
1278 1420 1529 1476 eumque
1549 1405 1740 1461 ceteri
1774 1407 1832 1460 in
1865 1419 2030 1461 suam

385 1494 699 1550 factionem
723 1493 1021 1564 suscipere
1039 1492 1261 1561 volunt,
1288 1494 1729 1566 micropanitem
1754 1494 2028 1561 reddunt,

385 1582 565 1654 inque
590 1582 783 1639 locum
814 1582 1134 1639 secedentis
1152 1582 1444 1654 bigarium
1475 1586 1837 1654 promovent.
1862 1582 2030 1639 Vica-

386 1673 511 1730 rius
540 1674 589 1729 si
620 1689 689 1728 ex
708 1673 1004 1729 contraria
1025 1672 1296 1740 factione,
1321 1677 1387 1729 ut
1409 1673 1550 1730 solet
1583 1688 2028 1742 nonnunquam,

386 1765 659 1834 sumptus
688 1766 795 1829 est,
821 1761 903 1817 sic
925 1760 1179 1833 eligitur,
1199 1764 1257 1818 et
1282 1777 1515 1817 currum
1545 1763 1748 1833 agitat,
1773 1761 2030 1833 signum-

2059 1805 2108 1870 B

2144 530 2314 588 χοντα
2362 507 2511 580 αὖτῷ
2555 508 2614 564 ἐκ
2659 512 2767 563 τῶν
2820 505 3220 584 συμϐηγαρῖων
3269 506 3435 562 αὐτοῦ
3477 508 3613 583 πρὸς
3677 530 3803 565 συν-

2145 602 2348 671 ήθειαν,
2399 597 2449 668 ἐξ
2502 596 2620 654 οἵου
2672 600 2869 673 μὲρους
2913 596 3049 655 ἐστί.
3098 600 3212 655 Τοῦ
3260 595 3318 653 δὲ
3364 602 3498 655 Θεοῦ
3524 600 3803 679 παρέχον-

2144 709 2237 750 τος
2293 690 2392 758 τήν
2446 687 2626 759 νίκην,
2686 688 2714 742 6
2769 691 3100 761 τοποτηρῶν
3178 686 3256 750 εἷς
3332 688 3395 743 τὸ
3452 693 3643 752 σκεῦος
3702 690 3804 746 οὐκ

2142 772 2409 832 ἀναϐαίνει
2454 776 2740 852 χορεῦσαι,
2772 776 2815 831 εἰ
2851 777 2927 849 μὴ
2963 776 2991 830 6
3024 773 3168 851 ἔχων
3228 777 3328 846 τήν
3362 774 3601 852 βούλλαν
3634 777 3726 832 καὶ
3756 779 3805 816 ³⁸

2143 866 2525 941 φακτιονάριός
2570 864 2681 921 ἐστι
2729 866 2819 921 καὶ
2876 865 3294 940 μικροπανίτηςυ
3343 865 3435 922 καὶ
3497 865 3583 921 ἰὰν
3632 886 3803 922 τοπο-

2139 961 2285 1031 τηρῇ
2342 958 2750 1033 φαχτιονάριον,
2809 954 2884 1017 εἷς
2955 954 3123 1010 τόπον
3176 952 3341 1011 αὐτοῦ
3397 963 3686 1030 περιπατεῖ
3743 956 3802 1013 ἑκ

2142 1043 2328 1115 δεξιῶν
2360 1048 2457 1100 τοῦ
2508 1045 2920 1121 μικροπανίτου,
2978 1043 3185 1117 ὁμοίως
3236 1044 3327 1099 καὶ
3378 1043 3468 1100 ὲάν
3514 1051 3801 1121 τοποτηρῇ

2138 1136 2233 1191 τὸν
2285 1133 2704 1209 μικροπανίτην,
2783 1133 2859 1195 εἰς
2913 1134 2981 1189 τὰ
3035 1133 3288 1209 ἀριστερὰ
3343 1137 3440 1188 τοῦ
3507 1154 3801 1212 φακτιονα-

2140 1223 2281 1299 ρίου.
2315 1220 2472 1281 Εἰδὶ
2530 1218 2716 1297 συμϐῇ
2776 1222 3082 1302 ἀστοχῆσαι
3141 1222 3200 1278 ἐκ
3253 1228 3364 1277 τῶν
3424 1221 3797 1303 ἐχόντωντὴν

2144 1311 2386 1389 βούλλαν
2412 1312 2683 1389 ἡνιόχων,
2716 1311 2750 1381 ἢ
2801 1310 3093 1386 ἀπολείψει
3140 1310 3424 1375 παντελῶς
3456 1310 3547 1369 διὰ
3574 1311 3804 1385 οἱασδή-

2138 1423 2273 1459 ποτε
2327 1404 2668 1479 προφάσεως,
2731 1401 3004 1475 ὶπαὶρεται
3063 1403 3091 1456 6
3146 1402 3395 1475 πέμπτος
3472 1402 3718 1479 ἡνίοχος
3765 1403 3801 1473 ἤ

2138 1490 2228 1546 καὶ
2278 1490 2339 1547 ioc
2390 1494 2498 1547 τῶν
2558 1489 2771 1546 λοιπῶν
2845 1490 3121 1567 βηγαρὶων
3182 1492 3308 1555 οἶος
3363 1492 3793 1566 χρησιμώτερός

2138 1579 2303 1636 ἱστιν⁸
2354 1576 2443 1635 εὰν
2513 1577 2571 1635 δὲ
2634 1580 2725 1634 καὶ
2794 1578 2843 1651 ἐξ
2904 1578 3090 1655 ἑτέρου
3152 1579 3351 1653 μέρους
3398 1579 3549 1636 ἐστὶν
3600 1581 3629 1635 6
3677 1580 3798 1637 ἑπι-

2138 1668 2356 1745 λεχθεὶς
2394 1668 2676 1745 βηγάριος,
2735 1667 2826 1724 καὶ
2876 1667 3127 1731 θέλουσιν
3179 1666 3338 1724 αὐτὸν
3366 1669 3421 1723 οἳ
3466 1666 3601 1725 ἴδιοι
3633 1669 3795 1725 αὑτοῦ

2136 1765 2408 1834 κρατῆσαι
2450 1758 2526 1820 εἷς
2574 1759 2635 1814 τὸ
2694 1760 2858 1832 μὲρος
2906 1757 3108 1826 αὐτῶν,
3163 1755 3511 1814 ἀποδώσουσι
3558 1759 3650 1815 τὸν
3703 1782 3799 1833 μι-

387 1866 502 1924 que
555 1867 769 1922 panno,
820 1852 974 1923 quod
1036 1851 1422 1923 allipanisium
1473 1856 1735 1919 vocatur,
1787 1850 2031 1923 singulis

2143 1850 2502 1923 κροπανίτην,
2552 1847 2643 1903 καὶ
2691 1842 3090 1923 προϐιϐἀζουσι
3137 1846 3228 1903 τὸν
3285 1847 3552 1923 βηγάριον
3595 1849 3672 1912 εἷς
3700 1850 3793 1903 τὸν

388 1939 738 2011 spectaculis
777 1940 1148 2013 equestribus
1198 1942 1318 1997 dat.
1345 1942 1403 1996 Si
1434 1957 1566 1998 vero
1599 1941 1658 1998 in
1692 1940 2024 2011 factionem,

386 2029 450 2086 in
490 2045 606 2102 qua
649 2029 931 2087 vicarium
979 2029 1115 2101 agit,
1164 2029 1489 2087 translatus
1538 2035 1646 2097 est,
1701 2032 1877 2087 etiam
1925 2046 2029 2101 pro

387 2118 661 2176 factionis
690 2118 913 2177 ratione
942 2124 1156 2177 vestem
1179 2120 1603 2193 gymnasticam
1633 2120 1846 2179 induit.

2136 1938 2307 1994 τόπον
2333 1943 2433 1995 τοῦ
2474 1939 2916 2015 ἀναχωροῦντος.
2965 1939 3026 1995 ⁸0
3077 1935 3135 1992 δὲ
3178 1942 3502 2013 τοποτηρῶν
3533 1935 3623 1993 ἒάν
3657 1937 3799 1993 ἐστιν

2138 2026 2196 2083 ir
2225 2030 2321 2083 τοῦ
2351 2027 2592 2083 ἐναντίου
2642 2027 2861 2102 μὲρους,
2912 2028 2987 2088 ὡς
3042 2030 3200 2103 φορεῖ
3245 2028 3380 2100 (91),
3431 2025 3605 2089 οὕτως
3635 2025 3797 2082 ἐπαί-

2140 2136 2289 2191 ρεται
2321 2116 2410 2171 καὶ
2440 2118 2683 2191 ἡνιοχεῖ,
2731 2115 2823 2171 καὶ
2876 2113 3069 2190 βαλλει
3120 2114 3312 2171 πανίον
3355 2120 3585 2189 σημεῖον
3611 2116 3676 2172 τὸ
3705 2114 3803 2171 λε-

385 2210 617 2284 γόμενον
655 2207 1039 2264 ἀλλιπανίσιον
1075 2208 1212 2283 πρὸς
1242 2205 1336 2265 ἵνα
1363 2209 1608 2267 ἱππικόν.
1644 2208 1764 2268 Ἐὰν
1795 2206 1853 2265 δὶ
1884 2209 2192 2285 μετασταθῇ
2241 2206 2317 2270 εἰς
2373 2207 2436 2262 τὸ
2490 2206 2677 2281 μέρος,
2727 2199 2850 2262 ἔνθα
2885 2210 3209 2279 τοποτηρεῖ,
3245 2210 3402 2284 φορεῖ
3430 2206 3520 2261 καὶ
3548 2224 3801 2282 γυμνασ-

387 2297 561 2353 τίκιον
595 2300 639 2336 ³⁸
666 2300 777 2372 (92)
806 2299 943 2356 κατὰ
970 2300 1033 2354 τὸ
1068 2299 1251 2375 μέρος.

560 2392 712 2447 196
742 2393 817 2448 De
849 2392 1189 2449 diversarum
1211 2395 1517 2463 [actionum
1547 2397 1863 2450 certamine.

462 2480 778 2552 Postquam
810 2481 1124 2553 imperator
1152 2483 1389 2553 vesperi.
1420 2487 1713 2539 certamen
1769 2486 2035 2554 equestre

392 2568 752 2626 diversarum
784 2571 1098 2627 factionum
1124 2573 1578 2643 instituijussit,
1610 2574 1903 2629 actuarius
1935 2574 2033 2629 de-

390 2658 640 2728 scendit,
689 2662 747 2715 et
793 2664 1040 2731 quatuor
1108 2661 1363 2732 aurigas,
1411 2660 1661 2717 duarum
1723 2662 2035 2718 factionum

392 2747 694 2817 praefectos
725 2752 783 2805 et
813 2748 1172 2819 inspectores
1202 2749 1276 2805 ad
1308 2750 1554 2822 primum
1587 2751 1820 2823 signum
1854 2752 2033 2817 ducit,

393 2835 583 2907 iisque
611 2834 931 2893 diversium
964 2837 1262 2895 instituere
1308 2843 1365 2895 et
1394 2854 1577 2912 equos
1623 2840 1870 2897 invicem
1902 2855 2037 2897 mu-

393 2928 517 2982 tare
545 2924 815 2999 imperat.
834 2928 1060 2998 Aurigae
1091 2928 1419 2997 emissores,
1452 2944 1633 3001 equos
1664 2937 1720 2987 et
1748 2929 2036 3003 inspecto-

394 3028 490 3071 res
512 3016 833 3083 adducunt,
865 3028 1072 3074 currus
1102 3016 1215 3074 sibi
1260 3022 1465 3074 mutuo
1497 3020 1734 3075 tradunt
1765 3039 1780 3089 ;
1813 3020 2036 3077 combi-

2640 2388 2769 2463 Περὶ
2822 2383 3099 2465 διϐερσίου
3159 2389 3297 2461 (93).

2216 2475 2413 2547 Δείλης
2457 2475 2774 2539 κελεύοντος
2824 2482 2922 2533 τοῦ
2981 2474 3253 2553 βασιλέως
3307 2475 3546 2553 γενέσθαι
3598 2478 3660 2532 τὸ
3718 2475 3801 2533 διο

2145 2560 2381 2640 ϐἑρσιον,
2413 2567 2734 2641 κατέρχεται
2786 2568 2814 2621 6
2861 2564 3212 2642 ἀγτουάριος,
3254 2566 3344 2621 καὶ
3386 2560 3535 2646 φέρει
3574 2565 3704 2629 τοὺς
3737 2563 3802 2633 δ’,

2143 2655 2408 2731 ἡνιόχους
2438 2655 2527 2711 καὶ
2555 2660 2664 2710 τῶν
2698 2653 2792 2711 δύο
2828 2661 3005 2729 μερῶν
3056 2656 3181 2722 τοὺς
3225 2655 3514 2719 ἐπιστάτας
3542 2657 3633 2713 καὶ
3662 2658 3795 2719 τοὺς

2146 2745 2424 2821 θεωρητὰς
2473 2746 2550 2811 εἷς
2592 2748 2654 2802 τὸ
2700 2750 2920 2822 πρῶτον
2967 2751 3222 2820 σημεῖον,
3270 2746 3363 2803 καὶ
3405 2744 3683 2822 ἐπιτρὲπει
3714 2747 3806 2802 αὑ-

2144 2840 2261 2897 τοῖς
2291 2841 2521 2904 ποιῆσαι
2549 2837 2612 2891 τὸ
2644 2833 2914 2908 διοέρσιον
2944 2835 3035 2892 καὶ
3061 2834 3395 2909 ἀνταλλάξαι
3424 2837 3553 2898 τοὺς
3570 2833 3800 2898 ἵππους.

2148 2924 2247 2981 Καὶ
2298 2925 2550 3002 φέρουσιν
2601 2926 2651 2979 οἱ
2684 2922 2909 3000 ¹ἡνίοχοι
2954 2923 3085 2986 τοὺς
3134 2924 3330 3001 ἀφέτας
3364 2927 3497 2997 (94),
3528 2926 3596 2980 τὰ
3622 2926 3801 2979 ἱππά-

2146 3032 2258 3087 ρια,
2304 3012 2433 3075 τοὺς
2487 3014 2840 3087 Θυρανοίκτας
2889 3015 3005 3086 (95)
3050 3012 3141 3068 καὶ
3192 3012 3321 3074 τοὺς
3369 3012 3669 3089 θεωρητὰς,
3708 3016 3799 3069 καὶ

338 3126 339 3129 η
394 3118 533 3163 nam
589 3104 887 3163 matutine
936 3106 1300 3164 decursionis
1331 3106 1535 3181 primae
1565 3108 1768 3180 palmis
1798 3113 1855 3165 et
1892 3124 2032 3166 can-

2148 3099 2506 3177 παραδιδοῦσι
2546 3099 2820 3173 ἀλλήλοις
2864 3104 2912 3139 ³ο
2950 3102 3021 3158 τὰ
3068 3101 3307 3175 ἅρματα,
3352 3103 3427 3175 μή
3472 3102 3800 3166 ἀναλύοντες

390 3193 568 3253 cellos
588 3199 788 3252 tamen
819 3209 936 3253 non
953 3196 1211 3269 solvunt,
1244 3198 1740 3269 sed,utdiximus,
1774 3213 1956 3271 equos
1980 3205 2036 3255 et

390 3283 692 3341 ministros
722 3285 833 3341 sibi
864 3287 1210 3354 concedunt,
1246 3295 1308 3342 ut
1329 3287 1429 3358 qui
1452 3292 1668 3343 norunt
1698 3288 2034 3358 qualitatem

389 3390 673 3445 equorum
703 3378 760 3430 et
789 3374 1073 3430 rationem
1104 3390 1204 3430 eos
1226 3376 1531 3433 tractandi.
1580 3377 1725 3431 Vasa
1754 3390 1888 3432 vero
1919 3392 2034 3433 non

388 3467 715 3529 mutantur,
748 3462 852 3518 sed
901 3464 1305 3537 unusquisque
1354 3464 1588 3540 proprio
1636 3465 1882 3531 insistit,
1922 3466 2036 3523 ﬁde

388 3551 632 3623 insuper
679 3552 751 3606 ab
808 3551 1078 3607 omnibus
1121 3552 1277 3617 data,
1326 3551 1483 3609 nolle
1528 3569 1587 3609 se
1620 3569 1854 3611 currum
1906 3554 2035 3612 sine

388 3638 593 3696 ordine
614 3641 930 3712 producere
951 3643 1138 3715 specie
1160 3642 1299 3712 doli,
1336 3643 1532 3699 ferunt
1559 3658 1792 3715 quoque
1810 3660 2035 3718 pannos

387 3744 493 3785 seu
532 3730 724 3803 signa,
781 3748 812 3787 e
841 3733 1051 3803 quibus
1082 3751 1116 3790 a
1162 3732 1402 3789 Venetis
1460 3737 1685 3806 gestata
1734 3734 2034 3791 Prasinam

387 3823 614 3885 notant,
674 3835 709 3876 a
763 3820 1015 3877 Prasinls
1073 3823 1366 3889 Venetam,
1405 3823 1476 3879 ab
1521 3822 1670 3879 albis
1717 3838 1970 3894 russam,
2001 3840 2035 3881 a

388 3909 574 3966 russis
614 3907 829 3967 albam.
890 3909 1161 3968 Victores
1221 3912 1295 3968 ad
1324 3911 1657 3979 factionem,
1708 3915 1878 3985 cujus
1900 3913 2033 3984 equi

385 4004 547 4064 sunt,
584 3997 914 4068 discedunt,
946 4005 1004 4058 et
1046 4005 1358 4074 postquam
1389 4001 1629 4075 praemia
1660 4018 1955 4076 accepere,
1975 4009 2034 4062 et

385 4088 459 4145 ab
477 4087 825 4161 imperatore
840 4090 1100 4147 coronati
1130 4096 1289 4157 sunt,
1312 4091 1386 4148 ad
1418 4092 1719 4163 proprium
1752 4093 2031 4165 populum

386 4193 451 4233 se
478 4179 784 4236 conferunt
818 4186 873 4235 et
902 4184 1033 4237 acta
1062 4180 1327 4238 recitant.
1359 4182 1413 4237 Si
1442 4196 1576 4237 vero
1634 4180 1873 4255 aurigas,
1931 4182 2033 4254 qui

385 4280 587 4323 currus
616 4268 727 4323 sibi
770 4269 1232 4341 suppeditarunt,
1282 4284 1397 4324 non
1454 4274 1869 4327 concesserunt
1922 4269 2029 4327 sibi

378 4354 685 4426 janitores,
718 4371 903 4430 neque
931 4356 1288 4429 inspectores
1321 4356 1395 4414 ad
1426 4358 1620 4415 officia
1673 4361 2027 4431 praestanda,

2144 3192 2244 3260 τήν
2274 3186 2543 3264 κομϐίναν
2574 3194 2674 3257 τῆς
2705 3196 2953 3265 πρωϊνῆς
2980 3194 3079 3246 τοῦ
3109 3192 3157 3246 α“
3206 3191 3367 3268 βαΐου
3400 3189 3543 3265 μηδὲ
3570 3193 3636 3247 τὰ
3664 3192 3801 3267 κάγ-

2144 3280 2339 3341 κελλα.
2372 3280 2521 3353 ἀλλ’,
2552 3283 2627 3345 ὡς
2659 3282 2896 3358 εἴρηται,
2926 3281 3404 3359 ἀντιπαραδιδοῦσι
3433 3286 3560 3347 τοὺς
3588 3282 3800 3345 ’ἱππους

2139 3369 2229 3426 καὶ
2294 3368 2421 3433 τοὺς
2492 3372 2923 3449 ὑπουργοῦντας,
2993 3372 3068 3436 ὡς
3144 3372 3512 3448 γνωρίζοντας
3578 3374 3674 3436 τάς
3740 3394 3799 3429 τε

2139 3455 2273 3532 ἕξεις
2501 3460 2589 3514 καὶ
2646 3460 2713 3515 τὰ
2787 3462 3067 3532 κατάθηκα
3114 3462 3314 3517 αὐτῶν.
3364 3462 3448 3519 Τὰ
3493 3466 3653 3533 σκεῦη
3698 3462 3797 3518 οὐκ

2142 3545 2751 3620 ἀντικαταλλάσσονται,
2785 3546 2914 3605 ἀλλ’
2948 3544 3175 3615 ἕκαστος
3204 3548 3280 3613 εἰς
3328 3549 3390 3605 τὸ
3440 3544 3578 3605 ἴδιον
3611 3553 3799 3613 σκεῦος

2142 3647 2318 3711 πατεῖ,
2364 3640 2455 3696 καὶ
2504 3640 2951 3718 πληροφοροῦσιν
3002 3639 3314 3713 ἀλλήλους,
3376 3642 3453 3715 μή
3504 3638 3799 3717 προδοῦναι

2143 3727 2290 3805 ’ἅρμα
2347 3728 2590 3793 ἀτάκτως
2648 3732 2913 3805 προφάσει
2988 3728 3182 3800 δόλου,
3240 3730 3467 3809 φοροῦσι
3523 3728 3579 3787 δὲ
3636 3732 3799 3787 πανία

2143 3825 2366 3894 σημεῖα,
2433 3819 2704 3894 μηνύοντα
2756 3822 2783 3876 ὁ
2840 3825 2937 3876 τοῦ
2996 3821 3226 3877 Βενέτου
3286 3823 3577 3895 Πρασινον,
3624 3823 3653 3877 6
3704 3822 3799 3877 τοῦ

2143 3911 2414 3986 Πρασίνου
2461 3909 2710 3978 Βὲνετον,
2740 3910 2768 3965 6
2820 3914 2919 3965 τοῦ
2939 3910 3138 3965 λευκοῦ
3180 3909 3421 3983 ῥούσιον,
3474 3911 3502 3963 6
3543 3915 3645 3964 τοῦ
3674 3910 3803 3987 ρου-

2143 3998 2258 4054 σίου
2285 3996 2498 4057 λευκόν.
2535 3998 2637 4056 Καὶ
2688 4000 2738 4053 oi
2778 4017 3035 4061 νικωντες
3076 3997 3410 4073 ἀπέρχονται
3464 3996 3541 4063 εἷς
3568 3999 3660 4056 τὸν
3696 3996 3799 4069 δῆ-

2145 4110 2244 4161 μον
2275 4087 2394 4153 ὅθεν
2445 4087 2576 4143 εἰσὶν
2624 4090 2675 4144 οἱ
2720 4089 2905 4161 ἳπποι,
2953 4088 3043 4143 καὶ
3097 4086 3230 4161 μετά
3276 4086 3337 4143 τὸ
3378 4081 3567 4144 λαϐεῖν
3605 4085 3671 4144 τὰ
3710 4085 3797 4144 ἕπ-

2142 4177 2300 4246 αθλα,
2335 4177 2674 4255 στεφομένων
2706 4176 2883 4233 αὐτῶν
2912 4175 2974 4232 ix
3000 4179 3099 4232 τοῦ
3134 4175 3430 4251 βασιλέως,
3461 4174 3800 4254 ἀπέρχονται

2141 4267 2218 4330 εἷς
2262 4266 2353 4321 τὸν
2405 4266 2578 4321 αὑτῶν
2626 4263 2827 4337 δῆμον.
2883 4266 3145 4339 Λέγουσιν
3193 4267 3234 4302 ³⁸
3288 4264 3443 4320 αὐτοὶ
3484 4262 3640 4323 am.
3672 4265 3795 4320 Ἐὰν

2141 4353 2198 4411 δὲ
2236 4351 2741 4429 ἀντιπαραδιὸόντες
2793 4355 2843 4409 οἱ
2889 4353 3144 4429 τέσσαρες
3190 4352 3412 4428 ἡνίοχοι
3459 4354 3525 4409 τὰ
3556 4353 3790 4428 ἅρματα,

1749 4457 1991 4515 νΑΗῙιΕ
2032 4456 2336 4514 LECTION
2344 4456 2445 4513 ES.

452 4551 498 4589 ”
525 4555 637 4629 Pro
662 4551 751 4607 καὶ
786 4552 912 4609 cod.
944 4555 1117 4624 νικᾷν,
1151 4554 1217 4611 Η.
1251 4555 1404 4627 conj.
1454 4550 1571 4610 κᾶν.
1648 4554 1696 4589 ²¹³
1742 4555 2114 4629 γυμναστικὴν
2162 4553 2253 4613 ed.
2329 4554 2375 4589 ³ο
2421 4548 2811 4628 παραδίδουσιν
2858 4550 3147 4624 ἀλλήλους
3176 4553 3305 4611 cod.
3384 4553 3426 4590 3‘
3475 4552 3564 4607 καὶ
3600 4549 3796 4629 λέγου-

385 4642 466 4683 σιν
499 4627 588 4682 ed.

1398 4734 1610 4791 .JOAN.
1651 4736 1790 4791 JAC.
1835 4734 2096 4792 REISKII
2136 4732 2729 4793 COMMENTARIUS.

454 4833 566 4905 (90)
592 4832 808 4889 Dubito
840 4848 978 4889 num
1010 4833 1119 4889 hoc
1162 4838 1310 4889 recte
1340 4832 1572 4890 habeat.
1604 4834 1847 4891 Membr.
1894 4834 2034 4890 dant
2065 4838 2111 4902 Ι)
2141 4849 2276 4891 cum
2310 4829 2480 4904 στολῇ
2512 4832 2780 4905 ἡνιοχικῇ
2814 4837 3148 4891 memoratas
3196 4829 3543 4905 TheOphani
3572 4830 3796 4905 p._l23.

379 4905 531 4979 hanc
563 4906 809 4979 ﬁguram
919 4948 934 4974 ,
967 4922 1142 4979 quam
1176 4921 1365 4978 neque
1421 4906 1533 4973 hic,
1596 4921 1782 4979 neque
1815 4922 1869 4979 p.
1904 4905 2030 4976 389,

380 4977 484 5035 ubi
515 4977 781 5045 recurrit,
804 4978 1066 5045 expedio.

451 4992 484 5035 ιι
515 4992 781 5045 recurrit,
804 4993 871 5034 ex
916 4992 1066 5034 euro.

451 5049 569 5120 (91)
615 5048 737 5132 Non
769 4992 1272 5132 exult_Venetam_
1314 5053 1534 5132 vestem
1573 5064 1622 5105 e.
1654 5064 1735 5132 9.,
1785 5049 1884 5132 qui
1916 5066 2034 5132 _pro

378 5126 634 5194 tempore
682 5121 743 5178 in
793 5122 1095 5178 Prasinam
1131 5120 1449 5194 factionem
1482 5120 1695 5194 transit
1750 5120 2031 5178 vicariam

380 5192 610 5285 operam
622 5193 1149 5285 praetiturusnsed
1172 5192 1311 5249 illuc
1335 5192 1567 5285 transit‘
1581 5196 1639 5247 et
1660 5194 1975 5285 transfertu
1984 5210 2029 5257 r,

379 5267 455 5326 ὡς
483 5269 646 5343 φορεῖ
694 5280 760 5322 eo
810 5267 872 5321 in
925 5267 1162 5336 vestitu,
1223 5277 1396 5335 quem
1421 5267 1570 5335 gerit
1598 5277 1831 5333 corpore
1860 5281 1875 5331 ς
1908 5269 2035 5318 tan-

376 5338 685 5416 tummodo
704 5335 950 5409 applicat
969 5335 1079 5416 sibi
1096 5351 1345 5416 pannum
1358 5351 1460 5390 seu
1474 5334 1746 5416 vexillum
1770 5333 2034 5416 factionis

377 5408 553 5471 illius,
588 5410 658 5465 ad
691 5403 868 5481 quam
892 5403 1304 5481 transit't.quo«l_
1332 5420 1576 5481 parvum
1599 5410 1725 5481 erat
1744 5403 2029 5481 vexillum

379 5477 817 5550 fortehum‘eris
864 5486 963 5550 aut
992 5481 1205 5536 cassidi
1236 5478 1529 5550 additum,
1561 5479 1715 5550 quod
1740 5477 2031 5532 indicabat

377 5567 512 5608 eum
535 5549 584 5621 ἐξ
618 5548 794 5607 ἄλλου
828 5548 1122 5627 μέρους-(ξι
1150 5550 1264 5627 alia
1288 5548 1560 5616 factione,
1582 5548 1595 5550 ν
1615 5552 1846 5627 mutuo
1870 5553 2029 5627 tran-

379 5619 687 5697 sumptum
717 5619 872 5695 esse,
897 5619 959 5681 'et
988 5619 1370 5677 ἀλλιπανίσιον
1398 5637 1466 5678 ex
1502 5636 1570 5676 eo
1600 5619 2022 5694 appellabatur.

449 5697 565 5769 (92)
628 5698 830 5755 Vestem
873 5698 1468 5768 gymnasticam;v.p.
1512 5692 1637 5751 341.
1698 5692 1801 5749 Est
1828 5692 2026 5749 eadem

664 5711 830 5754 auem
873 5711 1276 5768 gymnamcam
1298 5711 1314 5765 ς
1333 5711 1388 5751 ν.
1411 5711 1468 5767 ρ.
1512 5711 1637 5751 ὅλη.

2214 4906 2330 4979 (93)
2389 4901 2703 4979 οἱυενείιιῆι
2756 4901 3020 4979 'videtun
3060 4905 3265 4972 fuisse,
3324 4901 3479 4979 cum_
3518 4901 3802 4979 factiones

2144 4973 2318 5049 equis
2359 4982 2415 5032 et
2463 4977 2682 5050 aurigis
2738 4981 2797 5033 et
2821 4977 3114 5050 potiri-ibus
3162 4974 3548 5050 permutatis,
3577 4973 3800 5030 Prasini

2146 5048 2494 5105 venatorum
2514 5054 2571 5103 et
2590 5049 2787 5104 Veneti
2819 5048 3215 5118 Prasinorum,
3255 5049 3582 5105 certabant.

2211 5122 2326 5193 (94)
2359 5122 2462 5188 Qui
2488 5121 2798 5193 carceribus
2817 5123 3098 5177 emittunt.

2212 5192 2322 5262 (95)
2372 5193 2477 5259 Qui
2495 5192 2704 5263 januqs
2733 5194 2873 5247 circi
2904 5195 3186 5263 aperiunt.

2213 5258 2324 5333 (96')
2359 5258 2549 5323 una:
2572 5282 2631 5315 τε
2657 5260 2781 5332 ἓξης
2826 5280 2859 5318 a
2890 5258 3038 5321 nova
3069 5280 3267 5332 manu,
3316 5278 3445 5334 quae
3480 5264 3509 5329 ὴ
3573 5258 3795 5334 substi-

2144 5331 2271 5405 tuit,
2317 5351 2413 5405 pro
2444 5354 2489 5387 ει
2520 5334 2677 5405 quod
2730 5331 2955 5392 vetusta
3023 5352 3233 5393 manus
3270 5331 3624 5391 ex'araverat.
3666 5331 3791 5401 [σε.

2139 5402 2326 5476 igitur
2349 5403 2442 5466 τάς
2466 5402 2685 5478 τεῖξεις
2720 5410 2886 5479 utqui
2912 5408 3109 5464 norint
3137 5414 3194 5464 et
3222 5406 3537 5478 qualitates
3567 5417 3791 5479 eorum,

2139 5473 2423 5547 equorum
2485 5473 2712 5549 nempe,
2766 5473 2825 5534 et
2849 5481 3131 5536 rationem
3171 5473 3276 5549 eos,
3318 5476 3631 5549 tractandi.
3664 5473 3793 5549 llaec

3504 5553 3570 5603 ut
3616 5545 3792 5615 infra,

2139 5559 2279 5623 {sunt
2323 5549 2389 5602 τὰ
2437 5548 2716 5623 κατάθηκα
2792 5550 2881 5607 vel
2950 5553 3146 5623 potius
3216 5548 3428 5619 κάθηκα

2138 5620 2193 5675 id
2226 5624 2331 5678 est.
2360 5621 2688 5691 καθήκοντα.
