  <div class='ocr_page' id='page_1' title='image "/cluster/home/n/w/nwhite01/storage/ocr_20150623/112/hvd.32044073502304/320.png"; bbox 0 0 4138 6212; ppageno 0'>
   <div class='ocr_carea' id='block_1_1' title="bbox 385 368 501 430">
    <p class='ocr_par' dir='ltr' id='par_1_1' title="bbox 385 368 501 430">
     <span class='ocr_line' id='line_1_1' title="bbox 385 368 501 430; baseline 0.017 -2"><span class='ocrx_word' id='word_1_1' title='bbox 385 368 501 430; x_wconf 69' lang='lat'><strong>639</strong></span> 
     </span>
    </p>
   </div>
   <div class='ocr_carea' id='block_1_2' title="bbox 1243 358 2927 426">
    <p class='ocr_par' dir='ltr' id='par_1_2' title="bbox 1243 358 2927 426">
     <span class='ocr_line' id='line_1_2' title="bbox 1243 358 2927 426; baseline -0.004 0"><span class='ocrx_word' id='word_1_2' title='bbox 1243 366 1343 426; x_wconf 90' lang='lat' dir='ltr'><strong>DE</strong></span> <span class='ocrx_word' id='word_1_3' title='bbox 1387 361 1849 426; x_wconf 82' lang='lat' dir='ltr'><strong>CERIMONIIS</strong></span> <span class='ocrx_word' id='word_1_4' title='bbox 1891 360 2121 422; x_wconf 70' lang='grc' dir='ltr'><strong>ΑΟΙλιΕ</strong></span> <span class='ocrx_word' id='word_1_5' title='bbox 2163 358 2640 420; x_wconf 73' lang='lat' dir='ltr'><strong>BYZANTlN/E</strong></span> <span class='ocrx_word' id='word_1_6' title='bbox 2686 359 2831 419; x_wconf 83' lang='lat' dir='ltr'><strong>LIB.</strong></span> <span class='ocrx_word' id='word_1_7' title='bbox 2880 362 2927 420; x_wconf 90' lang='grc' dir='ltr'><strong>Ι.</strong></span> 
     </span>
    </p>
   </div>
   <div class='ocr_carea' id='block_1_3' title="bbox 3681 358 3800 419">
    <p class='ocr_par' dir='ltr' id='par_1_3' title="bbox 3681 358 3800 419">
     <span class='ocr_line' id='line_1_3' title="bbox 3681 358 3800 419; baseline 0 -1"><span class='ocrx_word' id='word_1_8' title='bbox 3681 358 3800 419; x_wconf 85' lang='grc'><strong>630</strong></span> 
     </span>
    </p>
   </div>
   <div class='ocr_carea' id='block_1_4' title="bbox 389 494 2053 576">
    <p class='ocr_par' dir='ltr' id='par_1_4' title="bbox 389 495 2033 576">
     <span class='ocr_line' id='line_1_4' title="bbox 389 495 2033 576; baseline -0.005 -19"><span class='ocrx_word' id='word_1_9' title='bbox 389 504 465 574; x_wconf 80' lang='grc' dir='ltr'>μή</span> <span class='ocrx_word' id='word_1_10' title='bbox 533 497 1038 576; x_wconf 79' lang='grc' dir='ltr'>ἆντιπαραὸώσουσι</span> <span class='ocrx_word' id='word_1_11' title='bbox 1111 499 1238 559; x_wconf 78' lang='grc' dir='ltr'>τοὺς</span> <span class='ocrx_word' id='word_1_12' title='bbox 1311 497 1830 574; x_wconf 75' lang='grc' dir='ltr'>ἀφετοθυρανοίκτας</span> <span class='ocrx_word' id='word_1_13' title='bbox 1896 495 2033 568; x_wconf 83' lang='grc'>(97),</span> 
     </span>
    </p>
   </div>
   <div class='ocr_carea' id='block_1_5' title="bbox 2145 494 3802 576">
    <p class='ocr_par' dir='ltr' id='par_1_5' title="bbox 2147 494 3802 567">
     <span class='ocr_line' id='line_1_5' title="bbox 2147 494 3802 567; baseline 0.002 -18"><span class='ocrx_word' id='word_1_14' title='bbox 2147 494 2390 550; x_wconf 74' lang='lat' dir='ltr'><strong>victores</strong></span> <span class='ocrx_word' id='word_1_15' title='bbox 2419 495 2635 567; x_wconf 82' lang='lat' dir='ltr'><strong>aurigae</strong></span> <span class='ocrx_word' id='word_1_16' title='bbox 2665 512 2800 553; x_wconf 89' lang='lat' dir='ltr'><strong>cum</strong></span> <span class='ocrx_word' id='word_1_17' title='bbox 2862 497 3029 567; x_wconf 87' lang='lat' dir='ltr'><strong>equis</strong></span> <span class='ocrx_word' id='word_1_18' title='bbox 3059 498 3294 555; x_wconf 84' lang='lat' dir='ltr'><strong>mutatis</strong></span> <span class='ocrx_word' id='word_1_19' title='bbox 3313 499 3385 554; x_wconf 90' lang='lat' dir='ltr'><strong>ad</strong></span> <span class='ocrx_word' id='word_1_20' title='bbox 3413 513 3583 554; x_wconf 87' lang='lat' dir='ltr'><strong>suam</strong></span> <span class='ocrx_word' id='word_1_21' title='bbox 3602 497 3802 552; x_wconf 84' lang='lat' dir='ltr'><strong>factio-</strong></span> 
     </span>
    </p>
   </div>
   <div class='ocr_carea' id='block_1_6' title="bbox 387 587 2028 665">
    <p class='ocr_par' dir='ltr' id='par_1_6' title="bbox 387 587 2028 665">
     <span class='ocr_line' id='line_1_6' title="bbox 387 587 2028 665; baseline -0.005 -19"><span class='ocrx_word' id='word_1_22' title='bbox 387 591 524 662; x_wconf 75' lang='grc' dir='ltr'>μηνὲ</span> <span class='ocrx_word' id='word_1_23' title='bbox 551 589 677 652; x_wconf 77' lang='grc' dir='ltr'>τοὺς</span> <span class='ocrx_word' id='word_1_24' title='bbox 707 590 986 665; x_wconf 76' lang='grc' dir='ltr'><strong>θεωρητὰς</strong></span> <span class='ocrx_word' id='word_1_25' title='bbox 1032 589 1110 652; x_wconf 85' lang='grc' dir='ltr'><strong>είς</strong></span> <span class='ocrx_word' id='word_1_26' title='bbox 1150 590 1216 644; x_wconf 81' lang='grc' dir='ltr'>τὰ</span> <span class='ocrx_word' id='word_1_27' title='bbox 1259 587 1492 658; x_wconf 65' lang='grc' dir='ltr'>διέθηκα,</span> <span class='ocrx_word' id='word_1_28' title='bbox 1539 587 1629 641; x_wconf 86' lang='grc' dir='ltr'><strong>καὶ</strong></span> <span class='ocrx_word' id='word_1_29' title='bbox 1681 587 1733 641; x_wconf 74' lang='grc' dir='ltr'>οἱ</span> <span class='ocrx_word' id='word_1_30' title='bbox 1775 587 2028 645; x_wconf 78' lang='grc' dir='ltr'>νικῶντες</span> 
     </span>
    </p>
   </div>
   <div class='ocr_carea' id='block_1_7' title="bbox 381 673 2034 755">
    <p class='ocr_par' dir='ltr' id='par_1_7' title="bbox 381 673 2034 755">
     <span class='ocr_line' id='line_1_7' title="bbox 381 673 2034 755; baseline -0.005 -21"><span class='ocrx_word' id='word_1_31' title='bbox 381 680 611 755; x_wconf 73' lang='grc' dir='ltr'>ἥνίοχοι</span> <span class='ocrx_word' id='word_1_32' title='bbox 658 678 735 741; x_wconf 74' lang='grc' dir='ltr'><strong>είς</strong></span> <span class='ocrx_word' id='word_1_33' title='bbox 788 679 879 733; x_wconf 86' lang='grc' dir='ltr'>τὸν</span> <span class='ocrx_word' id='word_1_34' title='bbox 913 676 1050 732; x_wconf 71' lang='grc' dir='ltr'>ἴδιον</span> <span class='ocrx_word' id='word_1_35' title='bbox 1106 674 1282 750; x_wconf 80' lang='grc' dir='ltr'>δῆμον</span> <span class='ocrx_word' id='word_1_36' title='bbox 1343 674 1678 755; x_wconf 73' lang='grc' dir='ltr'><strong>ἀπέρχονται</strong></span> <span class='ocrx_word' id='word_1_37' title='bbox 1745 673 1879 747; x_wconf 83' lang='grc' dir='ltr'>μετᾶ</span> <span class='ocrx_word' id='word_1_38' title='bbox 1923 677 2034 728; x_wconf 79' lang='grc' dir='ltr'>τῶν</span> 
     </span>
    </p>
   </div>
   <div class='ocr_carea' id='block_1_8' title="bbox 383 763 2034 844">
    <p class='ocr_par' dir='ltr' id='par_1_8' title="bbox 383 763 2034 844">
     <span class='ocr_line' id='line_1_8' title="bbox 383 763 2034 844; baseline -0.005 -20"><span class='ocrx_word' id='word_1_39' title='bbox 383 767 964 844; x_wconf 75' lang='grc' dir='ltr'>λντικαταλλαγέντων</span> <span class='ocrx_word' id='word_1_40' title='bbox 1013 766 1216 834; x_wconf 80' lang='grc' dir='ltr'>ἳππων,</span> <span class='ocrx_word' id='word_1_41' title='bbox 1275 765 1364 820; x_wconf 78' lang='grc' dir='ltr'><strong>καὶ</strong></span> <span class='ocrx_word' id='word_1_42' title='bbox 1423 766 1534 820; x_wconf 70' lang='grc' dir='ltr'>ἐκεῖ</span> <span class='ocrx_word' id='word_1_43' title='bbox 1597 763 1891 838; x_wconf 77' lang='grc' dir='ltr'>κράζοντος</span> <span class='ocrx_word' id='word_1_44' title='bbox 1937 765 2034 816; x_wconf 78' lang='grc' dir='ltr'><strong>τοῦ</strong></span> 
     </span>
    </p>
   </div>
   <div class='ocr_carea' id='block_1_9' title="bbox 384 847 2030 932">
    <p class='ocr_par' dir='ltr' id='par_1_9' title="bbox 384 847 2030 932">
     <span class='ocr_line' id='line_1_9' title="bbox 384 847 2030 932; baseline -0.005 -19"><span class='ocrx_word' id='word_1_45' title='bbox 384 855 566 932; x_wconf 78' lang='grc' dir='ltr'>δήμου</span> <span class='ocrx_word' id='word_1_46' title='bbox 613 859 679 914; x_wconf 77' lang='grc' dir='ltr'><strong>τὰ</strong></span> <span class='ocrx_word' id='word_1_47' title='bbox 729 857 840 914; x_wconf 70' lang='grc' dir='ltr'>ἴδια</span> <span class='ocrx_word' id='word_1_48' title='bbox 897 856 1050 926; x_wconf 80' lang='grc' dir='ltr'>ἄκτα,</span> <span class='ocrx_word' id='word_1_49' title='bbox 1112 849 1450 928; x_wconf 75' lang='grc' dir='ltr'>λαμϐάνουσι</span> <span class='ocrx_word' id='word_1_50' title='bbox 1479 855 1547 910; x_wconf 71' lang='grc' dir='ltr'><strong>τὰ</strong></span> <span class='ocrx_word' id='word_1_51' title='bbox 1584 850 1811 920; x_wconf 77' lang='grc' dir='ltr'><strong>ἔπαθλα,</strong></span> <span class='ocrx_word' id='word_1_52' title='bbox 1845 847 2030 920; x_wconf 71' lang='grc' dir='ltr'>ἐπειδὴ</span> 
     </span>
    </p>
   </div>
   <div class='ocr_carea' id='block_1_10' title="bbox 384 940 2032 1022">
    <p class='ocr_par' dir='ltr' id='par_1_10' title="bbox 384 940 2032 1022">
     <span class='ocr_line' id='line_1_10' title="bbox 384 940 2032 1022; baseline -0.005 -20"><span class='ocrx_word' id='word_1_53' title='bbox 384 950 441 1002; x_wconf 81' lang='grc' dir='ltr'>οἱ</span> <span class='ocrx_word' id='word_1_54' title='bbox 492 949 762 1017; x_wconf 82' lang='grc' dir='ltr'>θεωρηταί</span> <span class='ocrx_word' id='word_1_55' title='bbox 806 947 944 1022; x_wconf 84' lang='grc' dir='ltr'>πρὸς</span> <span class='ocrx_word' id='word_1_56' title='bbox 996 947 1276 1016; x_wconf 77' lang='grc' dir='ltr'>συνήθειαν</span> <span class='ocrx_word' id='word_1_57' title='bbox 1305 944 1439 999; x_wconf 70' lang='grc' dir='ltr'>κατὰ</span> <span class='ocrx_word' id='word_1_58' title='bbox 1482 940 1854 1018; x_wconf 78' lang='grc' dir='ltr'>ἱπποδρομίας</span> <span class='ocrx_word' id='word_1_59' title='bbox 1891 960 2032 1015; x_wconf 83' lang='grc' dir='ltr'>παρ-</span> 
     </span>
    </p>
   </div>
   <div class='ocr_carea' id='block_1_11' title="bbox 382 1030 2028 1109">
    <p class='ocr_par' dir='ltr' id='par_1_11' title="bbox 382 1030 2028 1109">
     <span class='ocr_line' id='line_1_11' title="bbox 382 1030 2028 1109; baseline -0.004 -19"><span class='ocrx_word' id='word_1_60' title='bbox 382 1037 649 1105; x_wconf 67' lang='grc' dir='ltr'>ίστανται,</span> <span class='ocrx_word' id='word_1_61' title='bbox 677 1036 768 1091; x_wconf 80' lang='grc' dir='ltr'><strong>καὶ</strong></span> <span class='ocrx_word' id='word_1_62' title='bbox 789 1037 855 1091; x_wconf 74' lang='grc' dir='ltr'><strong>τα</strong></span> <span class='ocrx_word' id='word_1_63' title='bbox 892 1036 1104 1105; x_wconf 72' lang='grc' dir='ltr'>κάθηκα</span> <span class='ocrx_word' id='word_1_64' title='bbox 1135 1033 1402 1105; x_wconf 77' lang='grc' dir='ltr'>ἀλλήλων</span> <span class='ocrx_word' id='word_1_65' title='bbox 1445 1037 1673 1109; x_wconf 81' lang='grc' dir='ltr'>τηροῦσι</span> <span class='ocrx_word' id='word_1_66' title='bbox 1705 1030 1793 1087; x_wconf 80' lang='grc' dir='ltr'>διὰ</span> <span class='ocrx_word' id='word_1_67' title='bbox 1842 1031 2028 1105; x_wconf 85' lang='grc' dir='ltr'>καιρὸν</span> 
     </span>
    </p>
   </div>
   <div class='ocr_carea' id='block_1_12' title="bbox 382 1121 2027 1202">
    <p class='ocr_par' dir='ltr' id='par_1_12' title="bbox 382 1121 2027 1202">
     <span class='ocr_line' id='line_1_12' title="bbox 382 1121 2027 1202; baseline -0.005 -19"><span class='ocrx_word' id='word_1_68' title='bbox 382 1124 679 1202; x_wconf 82' lang='grc' dir='ltr'>διϐερσίου.</span> <span class='ocrx_word' id='word_1_69' title='bbox 715 1130 838 1185; x_wconf 69' lang='grc' dir='ltr'><strong>Ἐὰν</strong></span> <span class='ocrx_word' id='word_1_70' title='bbox 899 1125 956 1182; x_wconf 73' lang='grc' dir='ltr'><strong>δὲ</strong></span> <span class='ocrx_word' id='word_1_71' title='bbox 1002 1129 1296 1197; x_wconf 76' lang='grc' dir='ltr'><strong>νικήσωσιν</strong></span> <span class='ocrx_word' id='word_1_72' title='bbox 1339 1129 1386 1163; x_wconf 71' lang='grc'><strong>³³</strong></span> <span class='ocrx_word' id='word_1_73' title='bbox 1418 1128 1467 1181; x_wconf 76' lang='grc' dir='ltr'>οἱ</span> <span class='ocrx_word' id='word_1_74' title='bbox 1501 1125 1820 1199; x_wconf 76' lang='grc' dir='ltr'><strong>λειπόμενοι</strong></span> <span class='ocrx_word' id='word_1_75' title='bbox 1864 1121 2027 1177; x_wconf 79' lang='grc' dir='ltr'>’ίπποι</span> 
     </span>
    </p>
   </div>
   <div class='ocr_carea' id='block_1_13' title="bbox 2137 585 3784 658">
    <p class='ocr_par' dir='ltr' id='par_1_13' title="bbox 2137 585 3784 658">
     <span class='ocr_line' id='line_1_13' title="bbox 2137 585 3784 658; baseline 0.002 -18"><span class='ocrx_word' id='word_1_76' title='bbox 2137 601 2272 640; x_wconf 87' lang='lat' dir='ltr'><strong>nem</strong></span> <span class='ocrx_word' id='word_1_77' title='bbox 2303 585 2538 651; x_wconf 87' lang='lat' dir='ltr'><strong>abeunt,</strong></span> <span class='ocrx_word' id='word_1_78' title='bbox 2585 589 2662 650; x_wconf 91' lang='lat' dir='ltr'><strong>et,</strong></span> <span class='ocrx_word' id='word_1_79' title='bbox 2704 586 2778 641; x_wconf 91' lang='lat' dir='ltr'><strong>ab</strong></span> <span class='ocrx_word' id='word_1_80' title='bbox 2818 585 2925 642; x_wconf 84' lang='lat' dir='ltr'><strong>hac</strong></span> <span class='ocrx_word' id='word_1_81' title='bbox 2967 587 3215 658; x_wconf 92' lang='lat' dir='ltr'><strong>propriis</strong></span> <span class='ocrx_word' id='word_1_82' title='bbox 3264 586 3784 644; x_wconf 88' lang='lat' dir='ltr'><strong>acclamationibus</strong></span> 
     </span>
    </p>
   </div>
   <div class='ocr_carea' id='block_1_14' title="bbox 2145 673 3792 748">
    <p class='ocr_par' dir='ltr' id='par_1_14' title="bbox 2145 673 3792 748">
     <span class='ocr_line' id='line_1_14' title="bbox 2145 673 3792 748; baseline 0.001 -18"><span class='ocrx_word' id='word_1_83' title='bbox 2145 673 2453 741; x_wconf 87' lang='lat' dir='ltr'><strong>institutis,</strong></span> <span class='ocrx_word' id='word_1_84' title='bbox 2487 674 2726 744; x_wconf 68' lang='lat' dir='ltr'><strong>premia</strong></span> <span class='ocrx_word' id='word_1_85' title='bbox 2762 675 3076 744; x_wconf 88' lang='lat' dir='ltr'><strong>accipiunt,</strong></span> <span class='ocrx_word' id='word_1_86' title='bbox 3118 676 3260 748; x_wconf 91' lang='lat' dir='ltr'><strong>quia</strong></span> <span class='ocrx_word' id='word_1_87' title='bbox 3298 677 3650 747; x_wconf 75' lang='lat' dir='ltr'><strong>inspectores</strong></span> <span class='ocrx_word' id='word_1_88' title='bbox 3692 692 3792 746; x_wconf 90' lang='lat' dir='ltr'><strong>pro</strong></span> 
     </span>
    </p>
   </div>
   <div class='ocr_carea' id='block_1_15' title="bbox 2146 762 3789 837">
    <p class='ocr_par' dir='ltr' id='par_1_15' title="bbox 2146 762 3789 837">
     <span class='ocr_line' id='line_1_15' title="bbox 2146 762 3789 837; baseline 0 -19"><span class='ocrx_word' id='word_1_89' title='bbox 2146 779 2304 819; x_wconf 84' lang='lat' dir='ltr'><strong>more</strong></span> <span class='ocrx_word' id='word_1_90' title='bbox 2332 762 2662 819; x_wconf 89' lang='lat' dir='ltr'><strong>decursioni</strong></span> <span class='ocrx_word' id='word_1_91' title='bbox 2684 765 2941 834; x_wconf 79' lang='lat' dir='ltr'><strong>equestri</strong></span> <span class='ocrx_word' id='word_1_92' title='bbox 2965 766 3202 834; x_wconf 80' lang='lat' dir='ltr'><strong>adsunt,</strong></span> <span class='ocrx_word' id='word_1_93' title='bbox 3225 770 3283 821; x_wconf 91' lang='lat' dir='ltr'><strong>et</strong></span> <span class='ocrx_word' id='word_1_94' title='bbox 3307 774 3566 837; x_wconf 80' lang='lat' dir='ltr'><strong>tempore</strong></span> <span class='ocrx_word' id='word_1_95' title='bbox 3595 764 3789 819; x_wconf 85' lang='lat' dir='ltr'><strong>diver-</strong></span> 
     </span>
    </p>
   </div>
   <div class='ocr_carea' id='block_1_16' title="bbox 2143 853 3787 926">
    <p class='ocr_par' dir='ltr' id='par_1_16' title="bbox 2143 853 3787 926">
     <span class='ocr_line' id='line_1_16' title="bbox 2143 853 3787 926; baseline -0.001 -17"><span class='ocrx_word' id='word_1_96' title='bbox 2143 853 2215 909; x_wconf 85' lang='lat' dir='ltr'><strong>sii</strong></span> <span class='ocrx_word' id='word_1_97' title='bbox 2246 853 2438 910; x_wconf 85' lang='lat' dir='ltr'><strong>ofﬁcia</strong></span> <span class='ocrx_word' id='word_1_98' title='bbox 2467 869 2574 909; x_wconf 87' lang='lat' dir='ltr'><strong>sua</strong></span> <span class='ocrx_word' id='word_1_99' title='bbox 2601 857 2934 911; x_wconf 87' lang='lat' dir='ltr'><strong>observant.</strong></span> <span class='ocrx_word' id='word_1_100' title='bbox 2965 853 3026 912; x_wconf 89' lang='lat' dir='ltr'><strong>Si</strong></span> <span class='ocrx_word' id='word_1_101' title='bbox 3056 871 3189 911; x_wconf 89' lang='lat' dir='ltr'><strong>vero</strong></span> <span class='ocrx_word' id='word_1_102' title='bbox 3220 857 3358 926; x_wconf 85' lang='lat' dir='ltr'><strong>equi</strong></span> <span class='ocrx_word' id='word_1_103' title='bbox 3400 853 3604 924; x_wconf 87' lang='lat' dir='ltr'><strong>reliqui</strong></span> <span class='ocrx_word' id='word_1_104' title='bbox 3647 869 3787 908; x_wconf 91' lang='lat' dir='ltr'><strong>cura</strong></span> 
     </span>
    </p>
   </div>
   <div class='ocr_carea' id='block_1_17' title="bbox 2142 942 3788 1016">
    <p class='ocr_par' dir='ltr' id='par_1_17' title="bbox 2142 942 3788 1016">
     <span class='ocr_line' id='line_1_17' title="bbox 2142 942 3788 1016; baseline -0.002 -16"><span class='ocrx_word' id='word_1_105' title='bbox 2142 947 2201 1000; x_wconf 92' lang='lat' dir='ltr'><strong>et</strong></span> <span class='ocrx_word' id='word_1_106' title='bbox 2228 942 2420 1000; x_wconf 85' lang='lat' dir='ltr'><strong>labore</strong></span> <span class='ocrx_word' id='word_1_107' title='bbox 2444 943 2798 1000; x_wconf 81' lang='lat' dir='ltr'><strong>venientium</strong></span> <span class='ocrx_word' id='word_1_108' title='bbox 2831 944 3169 1016; x_wconf 81' lang='lat' dir='ltr'><strong>aurigarum</strong></span> <span class='ocrx_word' id='word_1_109' title='bbox 3203 943 3484 1009; x_wconf 87' lang='lat' dir='ltr'><strong>vicerunt,</strong></span> <span class='ocrx_word' id='word_1_110' title='bbox 3518 943 3590 998; x_wconf 91' lang='lat' dir='ltr'><strong>ad</strong></span> <span class='ocrx_word' id='word_1_111' title='bbox 3621 958 3788 998; x_wconf 91' lang='lat' dir='ltr'><strong>suum</strong></span> 
     </span>
    </p>
   </div>
   <div class='ocr_carea' id='block_1_18' title="bbox 2143 1031 3792 1105">
    <p class='ocr_par' dir='ltr' id='par_1_18' title="bbox 2143 1031 3792 1105">
     <span class='ocr_line' id='line_1_18' title="bbox 2143 1031 3792 1105; baseline -0.001 -17"><span class='ocrx_word' id='word_1_112' title='bbox 2143 1033 2426 1105; x_wconf 88' lang='lat' dir='ltr'><strong>populum</strong></span> <span class='ocrx_word' id='word_1_113' title='bbox 2472 1049 2578 1089; x_wconf 90' lang='lat' dir='ltr'><strong>seu</strong></span> <span class='ocrx_word' id='word_1_114' title='bbox 2625 1049 2871 1104; x_wconf 90' lang='lat' dir='ltr'><strong>quorum</strong></span> <span class='ocrx_word' id='word_1_115' title='bbox 2923 1036 3056 1105; x_wconf 86' lang='lat' dir='ltr'><strong>equi</strong></span> <span class='ocrx_word' id='word_1_116' title='bbox 3107 1038 3270 1102; x_wconf 90' lang='lat' dir='ltr'><strong>sunt,</strong></span> <span class='ocrx_word' id='word_1_117' title='bbox 3310 1031 3573 1101; x_wconf 88' lang='lat' dir='ltr'><strong>veniunt,</strong></span> <span class='ocrx_word' id='word_1_118' title='bbox 3613 1035 3672 1088; x_wconf 86' lang='lat' dir='ltr'><strong>et</strong></span> <span class='ocrx_word' id='word_1_119' title='bbox 3711 1031 3792 1087; x_wconf 90' lang='lat' dir='ltr'><strong>ibi</strong></span> 
     </span>
    </p>
   </div>
   <div class='ocr_carea' id='block_1_19' title="bbox 2142 1122 3095 1194">
    <p class='ocr_par' dir='ltr' id='par_1_19' title="bbox 2142 1122 3095 1194">
     <span class='ocr_line' id='line_1_19' title="bbox 2142 1122 3095 1194; baseline 0.002 -18"><span class='ocrx_word' id='word_1_120' title='bbox 2142 1122 2379 1192; x_wconf 69' lang='lat' dir='ltr'><strong>praemia</strong></span> <span class='ocrx_word' id='word_1_121' title='bbox 2407 1123 2750 1179; x_wconf 82' lang='lat' dir='ltr'><strong>certaminis</strong></span> <span class='ocrx_word' id='word_1_122' title='bbox 2778 1123 3095 1194; x_wconf 88' lang='lat' dir='ltr'><strong>accipiunt.</strong></span> 
     </span>
    </p>
   </div>
   <div class='ocr_carea' id='block_1_20' title="bbox 381 1208 3792 1292">
    <p class='ocr_par' dir='ltr' id='par_1_20' title="bbox 381 1208 3792 1292">
     <span class='ocr_line' id='line_1_20' title="bbox 381 1208 3792 1292; baseline -0.002 -20"><span class='ocrx_word' id='word_1_123' title='bbox 381 1215 450 1273; x_wconf 83' lang='grc' dir='ltr'>δι’</span> <span class='ocrx_word' id='word_1_124' title='bbox 481 1216 796 1291; x_wconf 80' lang='grc' dir='ltr'>ἐπιμελείας</span> <span class='ocrx_word' id='word_1_125' title='bbox 842 1219 932 1272; x_wconf 84' lang='grc' dir='ltr'><strong>καὶ</strong></span> <span class='ocrx_word' id='word_1_126' title='bbox 982 1217 1194 1292; x_wconf 80' lang='grc' dir='ltr'>μόχθου</span> <span class='ocrx_word' id='word_1_127' title='bbox 1234 1221 1340 1272; x_wconf 83' lang='grc' dir='ltr'>τῶν</span> <span class='ocrx_word' id='word_1_128' title='bbox 1394 1215 1767 1290; x_wconf 78' lang='grc' dir='ltr'><strong>μετελθόντων</strong></span> <span class='ocrx_word' id='word_1_129' title='bbox 1809 1212 2079 1287; x_wconf 77' lang='grc' dir='ltr'>ἡνιόχων,</span> <span class='ocrx_word' id='word_1_130' title='bbox 2123 1208 2200 1272; x_wconf 78' lang='grc' dir='ltr'><strong>εἷς</strong></span> <span class='ocrx_word' id='word_1_131' title='bbox 2240 1211 2330 1265; x_wconf 86' lang='grc' dir='ltr'>τὸν</span> <span class='ocrx_word' id='word_1_132' title='bbox 2382 1208 2562 1284; x_wconf 81' lang='grc' dir='ltr'>δῆμον</span> <span class='ocrx_word' id='word_1_133' title='bbox 2613 1211 2705 1266; x_wconf 88' lang='grc' dir='ltr'>τὸν</span> <span class='ocrx_word' id='word_1_134' title='bbox 2748 1209 2885 1266; x_wconf 70' lang='grc' dir='ltr'>ἴδιον</span> <span class='ocrx_word' id='word_1_135' title='bbox 2937 1209 3218 1287; x_wconf 83' lang='grc' dir='ltr'>ἔρχονται,</span> <span class='ocrx_word' id='word_1_136' title='bbox 3244 1212 3435 1288; x_wconf 76' lang='grc' dir='ltr'>ἤγουν,</span> <span class='ocrx_word' id='word_1_137' title='bbox 3467 1211 3542 1266; x_wconf 80' lang='grc' dir='ltr'>ὢν</span> <span class='ocrx_word' id='word_1_138' title='bbox 3597 1211 3664 1266; x_wconf 82' lang='grc' dir='ltr'><strong>τὰ</strong></span> <span class='ocrx_word' id='word_1_139' title='bbox 3693 1209 3792 1265; x_wconf 78' lang='grc' dir='ltr'><strong>ἱπ-</strong></span> 
     </span>
    </p>
   </div>
   <div class='ocr_carea' id='block_1_21' title="bbox 380 1296 1897 1382">
    <p class='ocr_par' dir='ltr' id='par_1_21' title="bbox 380 1296 1897 1382">
     <span class='ocr_line' id='line_1_21' title="bbox 380 1296 1897 1382; baseline -0.001 -22"><span class='ocrx_word' id='word_1_140' title='bbox 380 1307 550 1382; x_wconf 83' lang='grc' dir='ltr'>πάρια</span> <span class='ocrx_word' id='word_1_141' title='bbox 583 1306 915 1380; x_wconf 77' lang='grc' dir='ltr'>ὑπάρχουσι,</span> <span class='ocrx_word' id='word_1_142' title='bbox 949 1307 1037 1360; x_wconf 85' lang='grc' dir='ltr'><strong>καὶ</strong></span> <span class='ocrx_word' id='word_1_143' title='bbox 1073 1305 1184 1360; x_wconf 84' lang='grc' dir='ltr'>ἐκεῖ</span> <span class='ocrx_word' id='word_1_144' title='bbox 1205 1299 1547 1377; x_wconf 78' lang='grc' dir='ltr'>λαμϐάνουσι</span> <span class='ocrx_word' id='word_1_145' title='bbox 1571 1302 1638 1358; x_wconf 74' lang='grc' dir='ltr'><strong>τὰ</strong></span> <span class='ocrx_word' id='word_1_146' title='bbox 1667 1296 1897 1367; x_wconf 73' lang='grc' dir='ltr'>ἔπαθλα.</span> 
     </span>
    </p>
   </div>
   <div class='ocr_carea' id='block_1_22' title="bbox 989 1393 1422 1471">
    <p class='ocr_par' dir='ltr' id='par_1_22' title="bbox 989 1393 1422 1471">
     <span class='ocr_line' id='line_1_22' title="bbox 989 1393 1422 1471; baseline -0.002 -18"><span class='ocrx_word' id='word_1_147' title='bbox 989 1394 1119 1471; x_wconf 84' lang='grc' dir='ltr'>Περὶ</span> <span class='ocrx_word' id='word_1_148' title='bbox 1164 1393 1422 1468; x_wconf 79' lang='grc' dir='ltr'><strong>μερίδων.</strong></span> 
     </span>
    </p>
   </div>
   <div class='ocr_carea' id='block_1_23' title="bbox 459 1479 2028 1562">
    <p class='ocr_par' dir='ltr' id='par_1_23' title="bbox 459 1479 2028 1562">
     <span class='ocr_line' id='line_1_23' title="bbox 459 1479 2028 1562; baseline -0.006 -19"><span class='ocrx_word' id='word_1_149' title='bbox 459 1484 825 1562; x_wconf 81' lang='grc' dir='ltr'>Κατέρχονται</span> <span class='ocrx_word' id='word_1_150' title='bbox 865 1485 942 1547; x_wconf 73' lang='grc' dir='ltr'><strong>είς</strong></span> <span class='ocrx_word' id='word_1_151' title='bbox 975 1485 1068 1540; x_wconf 86' lang='grc' dir='ltr'>τὸν</span> <span class='ocrx_word' id='word_1_152' title='bbox 1101 1481 1446 1560; x_wconf 73' lang='grc' dir='ltr'>ἱππόδρομον</span> <span class='ocrx_word' id='word_1_153' title='bbox 1478 1489 1574 1538; x_wconf 79' lang='grc' dir='ltr'><strong>τοῦ</strong></span> <span class='ocrx_word' id='word_1_154' title='bbox 1607 1483 1762 1559; x_wconf 82' lang='grc' dir='ltr'>ἁγίου</span> <span class='ocrx_word' id='word_1_155' title='bbox 1798 1479 2028 1557; x_wconf 83' lang='grc' dir='ltr'>Σεργίου</span> 
     </span>
    </p>
   </div>
   <div class='ocr_carea' id='block_1_24' title="bbox 380 1567 2028 1650">
    <p class='ocr_par' dir='ltr' id='par_1_24' title="bbox 380 1567 2028 1650">
     <span class='ocr_line' id='line_1_24' title="bbox 380 1567 2028 1650; baseline -0.004 -19"><span class='ocrx_word' id='word_1_156' title='bbox 380 1577 433 1632; x_wconf 76' lang='grc' dir='ltr'>οἱ</span> <span class='ocrx_word' id='word_1_157' title='bbox 465 1573 560 1631; x_wconf 81' lang='grc' dir='ltr'><strong>δύο</strong></span> <span class='ocrx_word' id='word_1_158' title='bbox 601 1573 883 1650; x_wconf 74' lang='grc' dir='ltr'>δήμαρχοι</span> <span class='ocrx_word' id='word_1_159' title='bbox 916 1573 1003 1629; x_wconf 86' lang='grc' dir='ltr'><strong>καὶ</strong></span> <span class='ocrx_word' id='word_1_160' title='bbox 1047 1575 1098 1629; x_wconf 76' lang='grc' dir='ltr'>οἱ</span> <span class='ocrx_word' id='word_1_161' title='bbox 1127 1571 1222 1629; x_wconf 82' lang='grc' dir='ltr'>δύο</span> <span class='ocrx_word' id='word_1_162' title='bbox 1271 1573 1644 1650; x_wconf 79' lang='grc' dir='ltr'>φακτιονάριοι</span> <span class='ocrx_word' id='word_1_163' title='bbox 1684 1571 1774 1626; x_wconf 85' lang='grc' dir='ltr'><strong>καὶ</strong></span> <span class='ocrx_word' id='word_1_164' title='bbox 1835 1571 1888 1626; x_wconf 78' lang='lat' dir='ltr'><strong>oi</strong></span> <span class='ocrx_word' id='word_1_165' title='bbox 1933 1567 2028 1624; x_wconf 73' lang='grc' dir='ltr'><strong>δύο</strong></span> 
     </span>
    </p>
   </div>
   <div class='ocr_carea' id='block_1_25' title="bbox 385 1657 2028 1739">
    <p class='ocr_par' dir='ltr' id='par_1_25' title="bbox 385 1657 2028 1739">
     <span class='ocr_line' id='line_1_25' title="bbox 385 1657 2028 1739; baseline -0.003 -21"><span class='ocrx_word' id='word_1_166' title='bbox 385 1668 768 1739; x_wconf 79' lang='grc' dir='ltr'>μικροπανῖται</span> <span class='ocrx_word' id='word_1_167' title='bbox 828 1665 881 1719; x_wconf 76' lang='grc' dir='ltr'>οἱ</span> <span class='ocrx_word' id='word_1_168' title='bbox 931 1662 1212 1718; x_wconf 83' lang='grc' dir='ltr'>ἐπιστάται</span> <span class='ocrx_word' id='word_1_169' title='bbox 1283 1663 1374 1718; x_wconf 80' lang='grc' dir='ltr'><strong>καὶ</strong></span> <span class='ocrx_word' id='word_1_170' title='bbox 1443 1663 1495 1717; x_wconf 80' lang='lat' dir='ltr'><strong>oi</strong></span> <span class='ocrx_word' id='word_1_171' title='bbox 1590 1661 1860 1736; x_wconf 79' lang='grc' dir='ltr'>θεωρηταὶ</span> <span class='ocrx_word' id='word_1_172' title='bbox 1936 1657 2028 1714; x_wconf 82' lang='grc' dir='ltr'><strong>καὶ</strong></span> 
     </span>
    </p>
   </div>
   <div class='ocr_carea' id='block_1_26' title="bbox 2492 1392 3430 1464">
    <p class='ocr_par' dir='ltr' id='par_1_26' title="bbox 2492 1392 3430 1464">
     <span class='ocr_line' id='line_1_26' title="bbox 2492 1392 3430 1464; baseline 0.002 -17"><span class='ocrx_word' id='word_1_173' title='bbox 2492 1393 2566 1448; x_wconf 78' lang='lat' dir='ltr'><strong>De</strong></span> <span class='ocrx_word' id='word_1_174' title='bbox 2604 1392 2978 1464; x_wconf 75' lang='lat' dir='ltr'><strong>praemiorum</strong></span> <span class='ocrx_word' id='word_1_175' title='bbox 3015 1392 3430 1450; x_wconf 78' lang='lat' dir='ltr'><strong>distributione.</strong></span> 
     </span>
    </p>
   </div>
   <div class='ocr_carea' id='block_1_27' title="bbox 2209 1481 3796 1554">
    <p class='ocr_par' dir='ltr' id='par_1_27' title="bbox 2209 1481 3796 1554">
     <span class='ocr_line' id='line_1_27' title="bbox 2209 1481 3796 1554; baseline 0.003 -19"><span class='ocrx_word' id='word_1_176' title='bbox 2209 1481 2331 1536; x_wconf 91' lang='lat' dir='ltr'><strong>Duo</strong></span> <span class='ocrx_word' id='word_1_177' title='bbox 2360 1481 2677 1551; x_wconf 85' lang='lat' dir='ltr'><strong>demarchi,</strong></span> <span class='ocrx_word' id='word_1_178' title='bbox 2699 1483 2813 1538; x_wconf 92' lang='lat' dir='ltr'><strong>duo</strong></span> <span class='ocrx_word' id='word_1_179' title='bbox 2847 1483 3170 1539; x_wconf 88' lang='lat' dir='ltr'><strong>factiouarii</strong></span> <span class='ocrx_word' id='word_1_180' title='bbox 3201 1483 3560 1554; x_wconf 86' lang='lat' dir='ltr'><strong>totidemque</strong></span> <span class='ocrx_word' id='word_1_181' title='bbox 3586 1483 3796 1540; x_wconf 88' lang='lat' dir='ltr'><strong>micro-</strong></span> 
     </span>
    </p>
   </div>
   <div class='ocr_carea' id='block_1_28' title="bbox 2138 1574 3788 1649">
    <p class='ocr_par' dir='ltr' id='par_1_28' title="bbox 2138 1574 3788 1649">
     <span class='ocr_line' id='line_1_28' title="bbox 2138 1574 3788 1649; baseline 0.002 -20"><span class='ocrx_word' id='word_1_182' title='bbox 2138 1574 2372 1644; x_wconf 71' lang='lat' dir='ltr'><strong>panius,</strong></span> <span class='ocrx_word' id='word_1_183' title='bbox 2418 1575 2693 1645; x_wconf 71' lang='lat' dir='ltr'><strong>praefecti,</strong></span> <span class='ocrx_word' id='word_1_184' title='bbox 2736 1575 3109 1647; x_wconf 86' lang='lat' dir='ltr'><strong>inspectores,</strong></span> <span class='ocrx_word' id='word_1_185' title='bbox 3153 1576 3361 1642; x_wconf 73' lang='lat' dir='ltr'><strong>bigarii</strong></span> <span class='ocrx_word' id='word_1_186' title='bbox 3399 1581 3457 1632; x_wconf 90' lang='lat' dir='ltr'><strong>et</strong></span> <span class='ocrx_word' id='word_1_187' title='bbox 3496 1577 3788 1649; x_wconf 83' lang='lat' dir='ltr'><strong>principes</strong></span> 
     </span>
    </p>
   </div>
   <div class='ocr_carea' id='block_1_29' title="bbox 2141 1662 3787 1736">
    <p class='ocr_par' dir='ltr' id='par_1_29' title="bbox 2141 1662 3787 1736">
     <span class='ocr_line' id='line_1_29' title="bbox 2141 1662 3787 1736; baseline 0.004 -19"><span class='ocrx_word' id='word_1_188' title='bbox 2141 1662 2410 1718; x_wconf 81' lang='lat' dir='ltr'><strong>factionis</strong></span> <span class='ocrx_word' id='word_1_189' title='bbox 2432 1665 2502 1719; x_wconf 90' lang='lat' dir='ltr'><strong>ad</strong></span> <span class='ocrx_word' id='word_1_190' title='bbox 2531 1665 2978 1736; x_wconf 86' lang='lat' dir='ltr'><strong>hippodromum</strong></span> <span class='ocrx_word' id='word_1_191' title='bbox 2998 1665 3187 1721; x_wconf 87' lang='lat' dir='ltr'><strong>aucti</strong></span> <span class='ocrx_word' id='word_1_192' title='bbox 3203 1666 3386 1736; x_wconf 86' lang='lat' dir='ltr'><strong>Sergii</strong></span> <span class='ocrx_word' id='word_1_193' title='bbox 3402 1666 3787 1725; x_wconf 88' lang='lat' dir='ltr'><strong>descendunt.</strong></span> 
     </span>
    </p>
   </div>
   <div class='ocr_carea' id='block_1_30' title="bbox 379 1713 2053 1830">
    <p class='ocr_par' dir='ltr' id='par_1_30' title="bbox 379 1713 2026 1830">
     <span class='ocr_line' id='line_1_30' title="bbox 385 1713 1987 1739; baseline -0.003 -2"><span class='ocrx_word' id='word_1_194' title='bbox 385 1713 768 1739; x_wconf 65' lang='lat' dir='ltr'><strong>r&quot;&quot;r&quot;&quot;&#39;&quot;&quot;&quot;</strong></span> <span class='ocrx_word' id='word_1_195' title='bbox 834 1713 880 1719; x_wconf 66' lang='grc' dir='ltr'><strong>ν’</strong></span> <span class='ocrx_word' id='word_1_196' title='bbox 932 1713 1211 1718; x_wconf 60' lang='grc' dir='ltr'><strong><em>--ν-ἠ--π-</em></strong></span> <span class='ocrx_word' id='word_1_197' title='bbox 1286 1713 1373 1718; x_wconf 46' lang='grc' dir='ltr'><strong>-Ψ-</strong></span> <span class='ocrx_word' id='word_1_198' title='bbox 1450 1713 1493 1717; x_wconf 65' lang='grc' dir='ltr'><strong>ν-</strong></span> <span class='ocrx_word' id='word_1_199' title='bbox 1592 1713 1857 1736; x_wconf 51' lang='grc' dir='ltr'><strong>νπτΓνοηη</strong></span> 
     </span>
     <span class='ocr_line' id='line_1_31' title="bbox 379 1749 2026 1830; baseline -0.003 -21"><span class='ocrx_word' id='word_1_200' title='bbox 379 1755 430 1809; x_wconf 75' lang='grc' dir='ltr'>οἶ</span> <span class='ocrx_word' id='word_1_201' title='bbox 497 1754 750 1830; x_wconf 76' lang='grc' dir='ltr'>βηγάριοι</span> <span class='ocrx_word' id='word_1_202' title='bbox 797 1753 889 1808; x_wconf 85' lang='grc' dir='ltr'><strong>καὶ</strong></span> <span class='ocrx_word' id='word_1_203' title='bbox 944 1754 1011 1808; x_wconf 79' lang='grc' dir='ltr'><strong>τὰ</strong></span> <span class='ocrx_word' id='word_1_204' title='bbox 1068 1757 1326 1826; x_wconf 87' lang='grc' dir='ltr'>πρωτεῖα.</span> <span class='ocrx_word' id='word_1_205' title='bbox 1379 1751 1570 1811; x_wconf 75' lang='grc' dir='ltr'>Αὐτῶν</span> <span class='ocrx_word' id='word_1_206' title='bbox 1618 1749 1675 1807; x_wconf 60' lang='grc' dir='ltr'><strong>δὲ</strong></span> <span class='ocrx_word' id='word_1_207' title='bbox 1737 1757 1846 1810; x_wconf 84' lang='grc' dir='ltr'><strong>τῶν</strong></span> <span class='ocrx_word' id='word_1_208' title='bbox 1875 1754 2026 1825; x_wconf 82' lang='grc' dir='ltr'>πρῶ-</span> 
     </span>
    </p>
   </div>
   <div class='ocr_carea' id='block_1_31' title="bbox 2145 1713 3788 1830">
    <p class='ocr_par' dir='ltr' id='par_1_31' title="bbox 2145 1713 3788 1824">
     <span class='ocr_line' id='line_1_32' title="bbox 2145 1713 3787 1736; baseline 0.002 -4"><span class='ocrx_word' id='word_1_209' title='bbox 2145 1713 2409 1718; x_wconf 74' lang='lat'><strong>&quot;‘&quot;&quot;“&quot;</strong></span> <span class='ocrx_word' id='word_1_210' title='bbox 2433 1713 2502 1719; x_wconf 73' lang='grc'><strong>““’</strong></span> <span class='ocrx_word' id='word_1_211' title='bbox 2532 1713 2978 1736; x_wconf 77' lang='lat' dir='ltr'><strong>—&#39;|&#39;l&quot;&quot;&quot;—&quot;&quot;&quot;</strong></span> <span class='ocrx_word' id='word_1_212' title='bbox 2998 1713 3787 1736; x_wconf 67' lang='grc' dir='ltr'><strong>----’-·νν·σ-·-⁷-νν’·“·“··”</strong></span> 
     </span>
     <span class='ocr_line' id='line_1_33' title="bbox 2145 1752 3788 1824; baseline 0.002 -16"><span class='ocrx_word' id='word_1_213' title='bbox 2145 1752 2279 1808; x_wconf 83' lang='lat' dir='ltr'><strong>Cum</strong></span> <span class='ocrx_word' id='word_1_214' title='bbox 2313 1769 2443 1808; x_wconf 90' lang='lat' dir='ltr'><strong>vero</strong></span> <span class='ocrx_word' id='word_1_215' title='bbox 2481 1753 2776 1824; x_wconf 86' lang='lat' dir='ltr'><strong>principes</strong></span> <span class='ocrx_word' id='word_1_216' title='bbox 2807 1754 3080 1810; x_wconf 88' lang='lat' dir='ltr'><strong>factionis</strong></span> <span class='ocrx_word' id='word_1_217' title='bbox 3119 1754 3226 1824; x_wconf 79' lang='lat' dir='ltr'><strong>ipsi</strong></span> <span class='ocrx_word' id='word_1_218' title='bbox 3272 1757 3513 1810; x_wconf 89' lang='lat' dir='ltr'><strong>verbum</strong></span> <span class='ocrx_word' id='word_1_219' title='bbox 3559 1755 3788 1811; x_wconf 87' lang='lat' dir='ltr'><strong>nullum</strong></span> 
     </span>
    </p>
   </div>
   <div class='ocr_carea' id='block_1_32' title="bbox 380 1838 2026 1917">
    <p class='ocr_par' dir='ltr' id='par_1_32' title="bbox 380 1838 2026 1917">
     <span class='ocr_line' id='line_1_34' title="bbox 380 1838 2026 1917; baseline -0.002 -20"><span class='ocrx_word' id='word_1_220' title='bbox 380 1842 537 1898; x_wconf 86' lang='grc' dir='ltr'>τείων</span> <span class='ocrx_word' id='word_1_221' title='bbox 602 1844 678 1917; x_wconf 75' lang='grc' dir='ltr'>μὴ</span> <span class='ocrx_word' id='word_1_222' title='bbox 725 1841 1065 1914; x_wconf 86' lang='grc' dir='ltr'>τολμώντων</span> <span class='ocrx_word' id='word_1_223' title='bbox 1120 1839 1361 1910; x_wconf 81' lang='grc' dir='ltr'>λαλῆσαι</span> <span class='ocrx_word' id='word_1_224' title='bbox 1421 1841 1574 1915; x_wconf 81' lang='grc' dir='ltr'>ῥῆμα</span> <span class='ocrx_word' id='word_1_225' title='bbox 1618 1838 1694 1911; x_wconf 65' lang='grc' dir='ltr'>ἓν,</span> <span class='ocrx_word' id='word_1_226' title='bbox 1755 1839 2026 1914; x_wconf 81' lang='grc' dir='ltr'>ὁρίζουσιν</span> 
     </span>
    </p>
   </div>
   <div class='ocr_carea' id='block_1_33' title="bbox 374 1929 2026 2010">
    <p class='ocr_par' dir='ltr' id='par_1_33' title="bbox 374 1929 2026 2010">
     <span class='ocr_line' id='line_1_35' title="bbox 374 1929 2026 2010; baseline -0.002 -22"><span class='ocrx_word' id='word_1_227' title='bbox 374 1929 470 1988; x_wconf 69' lang='grc' dir='ltr'>ἕνα</span> <span class='ocrx_word' id='word_1_228' title='bbox 500 1933 558 1987; x_wconf 81' lang='grc' dir='ltr'>ἐκ</span> <span class='ocrx_word' id='word_1_229' title='bbox 588 1937 694 1987; x_wconf 85' lang='grc' dir='ltr'>τῶν</span> <span class='ocrx_word' id='word_1_230' title='bbox 748 1930 790 1986; x_wconf 84' lang='grc' dir='ltr'><strong>δ’</strong></span> <span class='ocrx_word' id='word_1_231' title='bbox 839 1932 1106 2010; x_wconf 75' lang='grc' dir='ltr'>ἡνιόχων,</span> <span class='ocrx_word' id='word_1_232' title='bbox 1159 1930 1249 1985; x_wconf 85' lang='grc' dir='ltr'><strong>καὶ</strong></span> <span class='ocrx_word' id='word_1_233' title='bbox 1295 1930 1484 2004; x_wconf 76' lang='grc' dir='ltr'>ὀμνύει</span> <span class='ocrx_word' id='word_1_234' title='bbox 1533 1931 1620 1984; x_wconf 76' lang='grc' dir='ltr'><strong>ἐπὶ</strong></span> <span class='ocrx_word' id='word_1_235' title='bbox 1649 1932 1863 1986; x_wconf 72' lang='grc' dir='ltr'>πάντων</span> <span class='ocrx_word' id='word_1_236' title='bbox 1892 1932 2026 2000; x_wconf 84' lang='grc'>(98),</span> 
     </span>
    </p>
   </div>
   <div class='ocr_carea' id='block_1_34' title="bbox 377 2018 2028 2098">
    <p class='ocr_par' dir='ltr' id='par_1_34' title="bbox 377 2018 2028 2098">
     <span class='ocr_line' id='line_1_36' title="bbox 377 2018 2028 2098; baseline -0.004 -20"><span class='ocrx_word' id='word_1_237' title='bbox 377 2024 462 2078; x_wconf 78' lang='grc' dir='ltr'>ὅτι</span> <span class='ocrx_word' id='word_1_238' title='bbox 493 2024 606 2098; x_wconf 68' lang='grc' dir='ltr'>οὐχ</span> <span class='ocrx_word' id='word_1_239' title='bbox 655 2023 1058 2097; x_wconf 70' lang='grc' dir='ltr'>ἑτερομερήσει.</span> <span class='ocrx_word' id='word_1_240' title='bbox 1112 2021 1216 2076; x_wconf 79' lang='grc' dir='ltr'>Καὶ</span> <span class='ocrx_word' id='word_1_241' title='bbox 1254 2020 1305 2091; x_wconf 73' lang='grc' dir='ltr'><strong>ἐξ</strong></span> <span class='ocrx_word' id='word_1_242' title='bbox 1347 2018 1465 2076; x_wconf 78' lang='grc' dir='ltr'>οἶου</span> <span class='ocrx_word' id='word_1_243' title='bbox 1519 2020 1716 2094; x_wconf 82' lang='grc' dir='ltr'>μέρους</span> <span class='ocrx_word' id='word_1_244' title='bbox 1757 2020 1950 2091; x_wconf 78' lang='grc' dir='ltr'>ὁρισθῇ</span> <span class='ocrx_word' id='word_1_245' title='bbox 2001 2019 2028 2072; x_wconf 98' lang='lat'><strong>6</strong></span> 
     </span>
    </p>
   </div>
   <div class='ocr_carea' id='block_1_35' title="bbox 377 2107 2028 2186">
    <p class='ocr_par' dir='ltr' id='par_1_35' title="bbox 377 2107 2028 2186">
     <span class='ocr_line' id='line_1_37' title="bbox 377 2107 2028 2186; baseline -0.002 -22"><span class='ocrx_word' id='word_1_246' title='bbox 377 2111 640 2186; x_wconf 76' lang='grc' dir='ltr'>ἠνίογος,</span> <span class='ocrx_word' id='word_1_247' title='bbox 685 2110 744 2165; x_wconf 76' lang='grc' dir='ltr'>ἐκ</span> <span class='ocrx_word' id='word_1_248' title='bbox 795 2114 892 2165; x_wconf 79' lang='grc' dir='ltr'><strong>τοῦ</strong></span> <span class='ocrx_word' id='word_1_249' title='bbox 951 2109 1135 2184; x_wconf 76' lang='grc' dir='ltr'>ἒτέρου</span> <span class='ocrx_word' id='word_1_250' title='bbox 1207 2109 1405 2183; x_wconf 71' lang='grc' dir='ltr'>μέρους</span> <span class='ocrx_word' id='word_1_251' title='bbox 1445 2111 1473 2163; x_wconf 93' lang='lat'><strong>6</strong></span> <span class='ocrx_word' id='word_1_252' title='bbox 1532 2109 1817 2183; x_wconf 76' lang='grc' dir='ltr'>θεωρητὴς</span> <span class='ocrx_word' id='word_1_253' title='bbox 1855 2107 1944 2162; x_wconf 80' lang='grc' dir='ltr'><strong>καὶ</strong></span> <span class='ocrx_word' id='word_1_254' title='bbox 1977 2107 2028 2162; x_wconf 84' lang='lat' dir='ltr'><strong>o&#39;t</strong></span> 
     </span>
    </p>
   </div>
   <div class='ocr_carea' id='block_1_36' title="bbox 378 2193 2028 2260">
    <p class='ocr_par' dir='ltr' id='par_1_36' title="bbox 378 2193 2028 2260">
     <span class='ocr_line' id='line_1_38' title="bbox 378 2193 2028 2260; baseline -0.002 -6"><span class='ocrx_word' id='word_1_255' title='bbox 378 2197 476 2254; x_wconf 80' lang='grc' dir='ltr'><strong>δύο</strong></span> <span class='ocrx_word' id='word_1_256' title='bbox 526 2200 809 2255; x_wconf 78' lang='grc' dir='ltr'>ἐπιστάται</span> <span class='ocrx_word' id='word_1_257' title='bbox 851 2193 1182 2254; x_wconf 72' lang='grc' dir='ltr'>ἐκϐάλλουσι</span> <span class='ocrx_word' id='word_1_258' title='bbox 1240 2197 1368 2260; x_wconf 79' lang='grc' dir='ltr'>τοὺς</span> <span class='ocrx_word' id='word_1_259' title='bbox 1425 2195 1632 2259; x_wconf 55' lang='grc' dir='ltr'>τίππους</span> <span class='ocrx_word' id='word_1_260' title='bbox 1693 2196 1753 2252; x_wconf 63' lang='grc' dir='ltr'>ἐκ</span> <span class='ocrx_word' id='word_1_261' title='bbox 1779 2201 1875 2253; x_wconf 75' lang='grc' dir='ltr'><strong>τοῦ</strong></span> <span class='ocrx_word' id='word_1_262' title='bbox 1897 2196 2028 2251; x_wconf 77' lang='grc' dir='ltr'>στά-</span> 
     </span>
    </p>
   </div>
   <div class='ocr_carea' id='block_1_37' title="bbox 377 2282 2027 2360">
    <p class='ocr_par' dir='ltr' id='par_1_37' title="bbox 377 2282 2027 2360">
     <span class='ocr_line' id='line_1_39' title="bbox 377 2282 2027 2360; baseline -0.001 -18"><span class='ocrx_word' id='word_1_263' title='bbox 377 2284 537 2358; x_wconf 86' lang='grc' dir='ltr'>ϐλου,</span> <span class='ocrx_word' id='word_1_264' title='bbox 578 2289 667 2343; x_wconf 75' lang='grc' dir='ltr'><strong>καὶ</strong></span> <span class='ocrx_word' id='word_1_265' title='bbox 728 2289 802 2350; x_wconf 85' lang='grc' dir='ltr'>ὡς</span> <span class='ocrx_word' id='word_1_266' title='bbox 835 2285 985 2343; x_wconf 80' lang='grc' dir='ltr'>δοκεῖ</span> <span class='ocrx_word' id='word_1_267' title='bbox 1027 2293 1107 2360; x_wconf 80' lang='grc' dir='ltr'>τῷ</span> <span class='ocrx_word' id='word_1_268' title='bbox 1130 2287 1411 2360; x_wconf 81' lang='grc' dir='ltr'>ὀμόσαντι,</span> <span class='ocrx_word' id='word_1_269' title='bbox 1446 2282 1746 2356; x_wconf 70' lang='grc' dir='ltr'>στοιϐἆζει,</span> <span class='ocrx_word' id='word_1_270' title='bbox 1776 2288 1889 2359; x_wconf 84' lang='grc'>(99)</span> <span class='ocrx_word' id='word_1_271' title='bbox 1921 2287 2027 2341; x_wconf 79' lang='grc' dir='ltr'><strong>ἀπὸ</strong></span> 
     </span>
    </p>
   </div>
   <div class='ocr_carea' id='block_1_38' title="bbox 379 2372 2030 2444">
    <p class='ocr_par' dir='ltr' id='par_1_38' title="bbox 379 2372 2030 2444">
     <span class='ocr_line' id='line_1_40' title="bbox 379 2372 2030 2444; baseline -0.004 -10"><span class='ocrx_word' id='word_1_272' title='bbox 379 2375 605 2434; x_wconf 80' lang='grc' dir='ltr'>Βενὲτου</span> <span class='ocrx_word' id='word_1_273' title='bbox 635 2375 802 2431; x_wconf 84' lang='grc' dir='ltr'>ἳππον</span> <span class='ocrx_word' id='word_1_274' title='bbox 828 2374 941 2444; x_wconf 77' lang='grc' dir='ltr'>ἶνα,</span> <span class='ocrx_word' id='word_1_275' title='bbox 965 2376 1071 2430; x_wconf 84' lang='grc' dir='ltr'>ἀπὸ</span> <span class='ocrx_word' id='word_1_276' title='bbox 1106 2375 1371 2444; x_wconf 81' lang='grc' dir='ltr'>Πρασίνου</span> <span class='ocrx_word' id='word_1_277' title='bbox 1389 2376 1559 2430; x_wconf 81' lang='grc' dir='ltr'>ἳππον</span> <span class='ocrx_word' id='word_1_278' title='bbox 1589 2372 1703 2441; x_wconf 71' lang='lat' dir='ltr'><strong>Eva,</strong></span> <span class='ocrx_word' id='word_1_279' title='bbox 1744 2373 1851 2428; x_wconf 83' lang='grc' dir='ltr'>ἀπὸ</span> <span class='ocrx_word' id='word_1_280' title='bbox 1902 2372 2030 2428; x_wconf 88' lang='grc' dir='ltr'>λευ-</span> 
     </span>
    </p>
   </div>
   <div class='ocr_carea' id='block_1_39' title="bbox 387 2459 2030 2538">
    <p class='ocr_par' dir='ltr' id='par_1_39' title="bbox 387 2459 2030 2538">
     <span class='ocr_line' id='line_1_41' title="bbox 387 2459 2030 2538; baseline -0.002 -18"><span class='ocrx_word' id='word_1_281' title='bbox 387 2470 490 2520; x_wconf 78' lang='grc' dir='ltr'>κοῦ</span> <span class='ocrx_word' id='word_1_282' title='bbox 514 2463 684 2520; x_wconf 76' lang='grc' dir='ltr'>’ίππον</span> <span class='ocrx_word' id='word_1_283' title='bbox 745 2465 812 2534; x_wconf 83' lang='grc' dir='ltr'>α’,</span> <span class='ocrx_word' id='word_1_284' title='bbox 849 2465 954 2520; x_wconf 85' lang='grc' dir='ltr'>ἀπὸ</span> <span class='ocrx_word' id='word_1_285' title='bbox 1005 2465 1228 2538; x_wconf 83' lang='grc' dir='ltr'>ῥουσίου</span> <span class='ocrx_word' id='word_1_286' title='bbox 1283 2462 1457 2520; x_wconf 75' lang='grc' dir='ltr'>’ίππον</span> <span class='ocrx_word' id='word_1_287' title='bbox 1505 2459 1598 2517; x_wconf 73' lang='grc' dir='ltr'>ἕνα</span> <span class='ocrx_word' id='word_1_288' title='bbox 1639 2463 1687 2500; x_wconf 72' lang='grc'><strong>³⁸</strong></span> <span class='ocrx_word' id='word_1_289' title='bbox 1731 2461 2030 2518; x_wconf 74' lang='grc' dir='ltr'>ἀποτελοῦ-</span> 
     </span>
    </p>
   </div>
   <div class='ocr_carea' id='block_1_40' title="bbox 379 2548 2027 2630">
    <p class='ocr_par' dir='ltr' id='par_1_40' title="bbox 379 2548 2027 2630">
     <span class='ocr_line' id='line_1_42' title="bbox 379 2548 2027 2630; baseline -0.002 -20"><span class='ocrx_word' id='word_1_290' title='bbox 379 2577 462 2610; x_wconf 90' lang='grc' dir='ltr'><strong>σιν</strong></span> <span class='ocrx_word' id='word_1_291' title='bbox 500 2555 646 2630; x_wconf 73' lang='grc' dir='ltr'>ἅρμσ</span> <span class='ocrx_word' id='word_1_292' title='bbox 677 2557 722 2592; x_wconf 79' lang='grc'><strong>³⁸</strong></span> <span class='ocrx_word' id='word_1_293' title='bbox 777 2557 853 2628; x_wconf 85' lang='grc'><strong>(1)</strong></span> <span class='ocrx_word' id='word_1_294' title='bbox 905 2549 1290 2629; x_wconf 85' lang='grc' dir='ltr'>πρωτοϐαίτας</span> <span class='ocrx_word' id='word_1_295' title='bbox 1349 2551 1415 2620; x_wconf 84' lang='grc' dir='ltr'>δ’,</span> <span class='ocrx_word' id='word_1_296' title='bbox 1483 2548 1896 2627; x_wconf 74' lang='grc' dir='ltr'>δευτεροϐαίτας</span> <span class='ocrx_word' id='word_1_297' title='bbox 1962 2550 2027 2625; x_wconf 82' lang='grc' dir='ltr'>δ’,</span> 
     </span>
    </p>
   </div>
   <div class='ocr_carea' id='block_1_41' title="bbox 379 2639 2028 2718">
    <p class='ocr_par' dir='ltr' id='par_1_41' title="bbox 379 2639 2028 2718">
     <span class='ocr_line' id='line_1_43' title="bbox 379 2639 2028 2718; baseline -0.003 -17"><span class='ocrx_word' id='word_1_298' title='bbox 379 2639 726 2718; x_wconf 84' lang='grc' dir='ltr'>τριτοϐαίτας</span> <span class='ocrx_word' id='word_1_299' title='bbox 766 2641 832 2713; x_wconf 83' lang='grc' dir='ltr'>δ’,</span> <span class='ocrx_word' id='word_1_300' title='bbox 865 2644 940 2704; x_wconf 81' lang='grc' dir='ltr'><strong>είς</strong></span> <span class='ocrx_word' id='word_1_301' title='bbox 982 2646 1045 2699; x_wconf 88' lang='grc' dir='ltr'>τὸ</span> <span class='ocrx_word' id='word_1_302' title='bbox 1082 2641 1453 2718; x_wconf 84' lang='grc' dir='ltr'>τετράδρομον</span> <span class='ocrx_word' id='word_1_303' title='bbox 1483 2644 1622 2712; x_wconf 72' lang='lat'><strong>8‘(2)</strong></span> <span class='ocrx_word' id='word_1_304' title='bbox 1671 2639 1738 2700; x_wconf 75' lang='grc' dir='ltr'><strong>δ’.</strong></span> <span class='ocrx_word' id='word_1_305' title='bbox 1789 2642 1890 2698; x_wconf 80' lang='grc' dir='ltr'><strong>Καὶ</strong></span> <span class='ocrx_word' id='word_1_306' title='bbox 1939 2642 2028 2699; x_wconf 76' lang='grc' dir='ltr'>ὅτε</span> 
     </span>
    </p>
   </div>
   <div class='ocr_carea' id='block_1_42' title="bbox 385 2731 2028 2810">
    <p class='ocr_par' dir='ltr' id='par_1_42' title="bbox 385 2731 2028 2810">
     <span class='ocr_line' id='line_1_44' title="bbox 385 2731 2028 2810; baseline -0.003 -21"><span class='ocrx_word' id='word_1_307' title='bbox 385 2737 758 2790; x_wconf 78' lang='grc' dir='ltr'>κατασταθῶσι</span> <span class='ocrx_word' id='word_1_308' title='bbox 816 2734 882 2788; x_wconf 81' lang='grc' dir='ltr'>τὰ</span> <span class='ocrx_word' id='word_1_309' title='bbox 943 2741 1007 2797; x_wconf 82' lang='grc' dir='ltr'>ις’</span> <span class='ocrx_word' id='word_1_310' title='bbox 1063 2733 1296 2807; x_wconf 77' lang='grc' dir='ltr'>ἅρματα,</span> <span class='ocrx_word' id='word_1_311' title='bbox 1359 2732 1728 2810; x_wconf 62' lang='grc' dir='ltr'>λαγχάνουσιν</span> <span class='ocrx_word' id='word_1_312' title='bbox 1782 2731 1833 2785; x_wconf 73' lang='grc' dir='ltr'>οἱ</span> <span class='ocrx_word' id='word_1_313' title='bbox 1879 2737 2028 2804; x_wconf 82' lang='grc' dir='ltr'>τρεῖς</span> 
     </span>
    </p>
   </div>
   <div class='ocr_carea' id='block_1_43' title="bbox 387 2817 2028 2896">
    <p class='ocr_par' dir='ltr' id='par_1_43' title="bbox 387 2817 2028 2896">
     <span class='ocr_line' id='line_1_45' title="bbox 387 2817 2028 2896; baseline -0.002 -18"><span class='ocrx_word' id='word_1_314' title='bbox 387 2825 439 2878; x_wconf 77' lang='grc' dir='ltr'>οἱ</span> <span class='ocrx_word' id='word_1_315' title='bbox 481 2825 556 2896; x_wconf 78' lang='grc' dir='ltr'>μή</span> <span class='ocrx_word' id='word_1_316' title='bbox 609 2823 927 2895; x_wconf 82' lang='grc' dir='ltr'>ὀμόσαντες,</span> <span class='ocrx_word' id='word_1_317' title='bbox 978 2837 1066 2876; x_wconf 83' lang='grc' dir='ltr'><strong>και</strong></span> <span class='ocrx_word' id='word_1_318' title='bbox 1114 2823 1252 2877; x_wconf 85' lang='grc' dir='ltr'><strong>κατά</strong></span> <span class='ocrx_word' id='word_1_319' title='bbox 1293 2822 1384 2877; x_wconf 87' lang='grc' dir='ltr'>τὸν</span> <span class='ocrx_word' id='word_1_320' title='bbox 1435 2817 1646 2896; x_wconf 77' lang='grc' dir='ltr'>ὅρὸινον</span> <span class='ocrx_word' id='word_1_321' title='bbox 1675 2825 1772 2876; x_wconf 77' lang='grc' dir='ltr'><strong>τοῦ</strong></span> <span class='ocrx_word' id='word_1_322' title='bbox 1804 2825 2028 2896; x_wconf 82' lang='grc' dir='ltr'>Λαχμοῦ</span> 
     </span>
    </p>
   </div>
   <div class='ocr_carea' id='block_1_44' title="bbox 385 2909 2024 2988">
    <p class='ocr_par' dir='ltr' id='par_1_44' title="bbox 385 2909 2024 2988">
     <span class='ocr_line' id='line_1_46' title="bbox 385 2909 2024 2988; baseline -0.002 -20"><span class='ocrx_word' id='word_1_323' title='bbox 385 2911 595 2988; x_wconf 71' lang='grc' dir='ltr'>ἐπαίρει</span> <span class='ocrx_word' id='word_1_324' title='bbox 649 2914 678 2967; x_wconf 90' lang='lat'><strong>6</strong></span> <span class='ocrx_word' id='word_1_325' title='bbox 719 2917 935 2986; x_wconf 82' lang='grc' dir='ltr'>πρῶτος</span> <span class='ocrx_word' id='word_1_326' title='bbox 1004 2913 1117 2968; x_wconf 76' lang='grc' dir='ltr'>οἷον</span> <span class='ocrx_word' id='word_1_327' title='bbox 1174 2911 1341 2980; x_wconf 78' lang='grc' dir='ltr'>Θὲλιι,</span> <span class='ocrx_word' id='word_1_328' title='bbox 1389 2913 1480 2966; x_wconf 81' lang='grc' dir='ltr'><strong>καὶ</strong></span> <span class='ocrx_word' id='word_1_329' title='bbox 1543 2912 1646 2980; x_wconf 78' lang='grc' dir='ltr'><strong>τήν</strong></span> <span class='ocrx_word' id='word_1_330' title='bbox 1721 2909 2024 2984; x_wconf 76' lang='grc' dir='ltr'>περισσείαν</span> 
     </span>
    </p>
   </div>
   <div class='ocr_carea' id='block_1_45' title="bbox 385 2999 2026 3076">
    <p class='ocr_par' dir='ltr' id='par_1_45' title="bbox 385 2999 2026 3076">
     <span class='ocr_line' id='line_1_47' title="bbox 385 2999 2026 3076; baseline -0.002 -20"><span class='ocrx_word' id='word_1_331' title='bbox 385 3000 590 3074; x_wconf 73' lang='grc' dir='ltr'>ἐπαίρει</span> <span class='ocrx_word' id='word_1_332' title='bbox 652 3003 680 3056; x_wconf 87' lang='lat'><strong>6</strong></span> <span class='ocrx_word' id='word_1_333' title='bbox 724 3001 970 3076; x_wconf 81' lang='grc' dir='ltr'>μερίσας.</span> <span class='ocrx_word' id='word_1_334' title='bbox 1012 3002 1077 3058; x_wconf 84' lang='lat' dir='ltr'><strong>Ei</strong></span> <span class='ocrx_word' id='word_1_335' title='bbox 1118 2999 1174 3055; x_wconf 73' lang='grc' dir='ltr'><strong>δὲ</strong></span> <span class='ocrx_word' id='word_1_336' title='bbox 1220 3001 1309 3054; x_wconf 82' lang='grc' dir='ltr'><strong>καὶ</strong></span> <span class='ocrx_word' id='word_1_337' title='bbox 1358 3000 1420 3056; x_wconf 74' lang='grc' dir='ltr'>οὐ</span> <span class='ocrx_word' id='word_1_338' title='bbox 1473 2999 1691 3055; x_wconf 75' lang='grc' dir='ltr'>θίλουσι</span> <span class='ocrx_word' id='word_1_339' title='bbox 1729 3000 1796 3054; x_wconf 83' lang='grc' dir='ltr'><strong>τὰ</strong></span> <span class='ocrx_word' id='word_1_340' title='bbox 1830 3001 1897 3062; x_wconf 83' lang='grc' dir='ltr'><strong>ις’</strong></span> <span class='ocrx_word' id='word_1_341' title='bbox 1929 3001 2026 3074; x_wconf 77' lang='grc' dir='ltr'><strong>ἅρ-</strong></span> 
     </span>
    </p>
   </div>
   <div class='ocr_carea' id='block_1_46' title="bbox 2141 1842 3788 1916">
    <p class='ocr_par' dir='ltr' id='par_1_46' title="bbox 2141 1842 3788 1916">
     <span class='ocr_line' id='line_1_48' title="bbox 2141 1842 3788 1916; baseline 0.001 -18"><span class='ocrx_word' id='word_1_342' title='bbox 2141 1843 2396 1913; x_wconf 89' lang='lat' dir='ltr'><strong>proferre</strong></span> <span class='ocrx_word' id='word_1_343' title='bbox 2424 1842 2662 1912; x_wconf 87' lang='lat' dir='ltr'><strong>audent,</strong></span> <span class='ocrx_word' id='word_1_344' title='bbox 2698 1859 2881 1899; x_wconf 89' lang='lat' dir='ltr'><strong>unum</strong></span> <span class='ocrx_word' id='word_1_345' title='bbox 2912 1861 2944 1899; x_wconf 92' lang='lat' dir='ltr'><strong>e</strong></span> <span class='ocrx_word' id='word_1_346' title='bbox 2969 1854 3219 1914; x_wconf 88' lang='lat' dir='ltr'><strong>quatuor</strong></span> <span class='ocrx_word' id='word_1_347' title='bbox 3247 1845 3469 1916; x_wconf 79' lang='lat' dir='ltr'><strong>aurigis</strong></span> <span class='ocrx_word' id='word_1_348' title='bbox 3499 1845 3788 1916; x_wconf 85' lang='lat' dir='ltr'><strong>deligunt,</strong></span> 
     </span>
    </p>
   </div>
   <div class='ocr_carea' id='block_1_47' title="bbox 2139 1932 3789 2003">
    <p class='ocr_par' dir='ltr' id='par_1_47' title="bbox 2139 1932 3789 2003">
     <span class='ocr_line' id='line_1_49' title="bbox 2139 1932 3789 2003; baseline 0.002 -16"><span class='ocrx_word' id='word_1_349' title='bbox 2139 1932 2232 2002; x_wconf 87' lang='lat' dir='ltr'><strong>qui</strong></span> <span class='ocrx_word' id='word_1_350' title='bbox 2255 1933 2641 2003; x_wconf 88' lang='lat' dir='ltr'><strong>jurejurando</strong></span> <span class='ocrx_word' id='word_1_351' title='bbox 2669 1933 2934 1988; x_wconf 90' lang='lat' dir='ltr'><strong>omnium</strong></span> <span class='ocrx_word' id='word_1_352' title='bbox 2963 1934 3202 1990; x_wconf 90' lang='lat' dir='ltr'><strong>nomine</strong></span> <span class='ocrx_word' id='word_1_353' title='bbox 3227 1934 3496 2001; x_wconf 72' lang='lat' dir='ltr'><strong>affirmat,</strong></span> <span class='ocrx_word' id='word_1_354' title='bbox 3531 1934 3684 1990; x_wconf 88' lang='lat' dir='ltr'><strong>nolle</strong></span> <span class='ocrx_word' id='word_1_355' title='bbox 3726 1951 3789 1990; x_wconf 80' lang='lat' dir='ltr'><strong>se</strong></span> 
     </span>
    </p>
   </div>
   <div class='ocr_carea' id='block_1_48' title="bbox 2139 2021 3786 2096">
    <p class='ocr_par' dir='ltr' id='par_1_48' title="bbox 2139 2021 3786 2096">
     <span class='ocr_line' id='line_1_50' title="bbox 2139 2021 3786 2096; baseline 0.002 -22"><span class='ocrx_word' id='word_1_356' title='bbox 2139 2021 2343 2090; x_wconf 89' lang='lat' dir='ltr'><strong>inique</strong></span> <span class='ocrx_word' id='word_1_357' title='bbox 2399 2022 2641 2091; x_wconf 63' lang='lat' dir='ltr'><strong>praemia</strong></span> <span class='ocrx_word' id='word_1_358' title='bbox 2691 2023 3064 2079; x_wconf 80' lang='lat' dir='ltr'><strong>distribuere.</strong></span> <span class='ocrx_word' id='word_1_359' title='bbox 3118 2023 3197 2078; x_wconf 80' lang='lat' dir='ltr'><strong>Ex</strong></span> <span class='ocrx_word' id='word_1_360' title='bbox 3255 2039 3609 2096; x_wconf 89' lang='lat' dir='ltr'><strong>quacunque</strong></span> <span class='ocrx_word' id='word_1_361' title='bbox 3655 2038 3786 2078; x_wconf 84' lang='lat' dir='ltr'><strong>vero</strong></span> 
     </span>
    </p>
   </div>
   <div class='ocr_carea' id='block_1_49' title="bbox 2141 2109 3789 2183">
    <p class='ocr_par' dir='ltr' id='par_1_49' title="bbox 2141 2109 3789 2183">
     <span class='ocr_line' id='line_1_51' title="bbox 2141 2109 3789 2183; baseline 0.002 -20"><span class='ocrx_word' id='word_1_362' title='bbox 2141 2110 2386 2165; x_wconf 78' lang='lat' dir='ltr'><strong>factione</strong></span> <span class='ocrx_word' id='word_1_363' title='bbox 2427 2109 2687 2166; x_wconf 88' lang='lat' dir='ltr'><strong>delectus</strong></span> <span class='ocrx_word' id='word_1_364' title='bbox 2727 2112 2932 2183; x_wconf 87' lang='lat' dir='ltr'><strong>auriga</strong></span> <span class='ocrx_word' id='word_1_365' title='bbox 2969 2117 3079 2178; x_wconf 87' lang='lat' dir='ltr'><strong>est,</strong></span> <span class='ocrx_word' id='word_1_366' title='bbox 3131 2129 3200 2168; x_wconf 85' lang='lat' dir='ltr'><strong>ex</strong></span> <span class='ocrx_word' id='word_1_367' title='bbox 3238 2113 3353 2168; x_wconf 89' lang='lat' dir='ltr'><strong>alia</strong></span> <span class='ocrx_word' id='word_1_368' title='bbox 3391 2113 3679 2183; x_wconf 85' lang='lat' dir='ltr'><strong>inspector</strong></span> <span class='ocrx_word' id='word_1_369' title='bbox 3723 2128 3789 2168; x_wconf 89' lang='lat' dir='ltr'><strong>ac</strong></span> 
     </span>
    </p>
   </div>
   <div class='ocr_carea' id='block_1_50' title="bbox 2140 2199 3786 2273">
    <p class='ocr_par' dir='ltr' id='par_1_50' title="bbox 2140 2199 3786 2273">
     <span class='ocr_line' id='line_1_52' title="bbox 2140 2199 3786 2273; baseline 0.004 -21"><span class='ocrx_word' id='word_1_370' title='bbox 2140 2199 2255 2253; x_wconf 90' lang='lat' dir='ltr'><strong>duo</strong></span> <span class='ocrx_word' id='word_1_371' title='bbox 2288 2200 2538 2268; x_wconf 65' lang='lat' dir='ltr'><strong>praefecti</strong></span> <span class='ocrx_word' id='word_1_372' title='bbox 2572 2216 2754 2270; x_wconf 84' lang='lat' dir='ltr'><strong>equos</strong></span> <span class='ocrx_word' id='word_1_373' title='bbox 2797 2217 2828 2255; x_wconf 92' lang='lat' dir='ltr'><strong>e</strong></span> <span class='ocrx_word' id='word_1_374' title='bbox 2871 2201 3105 2255; x_wconf 84' lang='lat' dir='ltr'><strong>stabulo</strong></span> <span class='ocrx_word' id='word_1_375' title='bbox 3145 2203 3494 2272; x_wconf 88' lang='lat' dir='ltr'><strong>producunt,</strong></span> <span class='ocrx_word' id='word_1_376' title='bbox 3545 2209 3602 2257; x_wconf 90' lang='lat' dir='ltr'><strong>et</strong></span> <span class='ocrx_word' id='word_1_377' title='bbox 3631 2204 3680 2257; x_wconf 89' lang='lat' dir='ltr'><strong>si</strong></span> <span class='ocrx_word' id='word_1_378' title='bbox 3713 2205 3786 2273; x_wconf 88' lang='lat' dir='ltr'><strong>ei,</strong></span> 
     </span>
    </p>
   </div>
   <div class='ocr_carea' id='block_1_51' title="bbox 2141 2287 3788 2361">
    <p class='ocr_par' dir='ltr' id='par_1_51' title="bbox 2141 2287 3788 2361">
     <span class='ocr_line' id='line_1_53' title="bbox 2141 2287 3788 2361; baseline 0.005 -21"><span class='ocrx_word' id='word_1_379' title='bbox 2141 2287 2240 2358; x_wconf 85' lang='lat' dir='ltr'><strong>qui</strong></span> <span class='ocrx_word' id='word_1_380' title='bbox 2267 2287 2504 2357; x_wconf 85' lang='lat' dir='ltr'><strong>juravit,</strong></span> <span class='ocrx_word' id='word_1_381' title='bbox 2541 2289 2686 2343; x_wconf 75' lang='lat' dir='ltr'><strong>I97</strong></span> <span class='ocrx_word' id='word_1_382' title='bbox 2724 2289 2928 2359; x_wconf 88' lang='lat' dir='ltr'><strong>placet,</strong></span> <span class='ocrx_word' id='word_1_383' title='bbox 2962 2306 2996 2344; x_wconf 93' lang='lat' dir='ltr'><strong>a</strong></span> <span class='ocrx_word' id='word_1_384' title='bbox 3023 2289 3260 2345; x_wconf 87' lang='lat' dir='ltr'><strong>Venetis</strong></span> <span class='ocrx_word' id='word_1_385' title='bbox 3291 2306 3502 2361; x_wconf 89' lang='lat' dir='ltr'><strong>equum</strong></span> <span class='ocrx_word' id='word_1_386' title='bbox 3529 2307 3733 2359; x_wconf 90' lang='lat' dir='ltr'><strong>unum,</strong></span> <span class='ocrx_word' id='word_1_387' title='bbox 3755 2311 3788 2348; x_wconf 83' lang='lat' dir='ltr'><strong>a</strong></span> 
     </span>
    </p>
   </div>
   <div class='ocr_carea' id='block_1_52' title="bbox 2139 2377 3786 2450">
    <p class='ocr_par' dir='ltr' id='par_1_52' title="bbox 2139 2377 3786 2450">
     <span class='ocr_line' id='line_1_54' title="bbox 2139 2377 3786 2450; baseline 0.003 -18"><span class='ocrx_word' id='word_1_388' title='bbox 2139 2378 2400 2434; x_wconf 89' lang='lat' dir='ltr'><strong>Prasinis</strong></span> <span class='ocrx_word' id='word_1_389' title='bbox 2441 2395 2648 2444; x_wconf 91' lang='lat' dir='ltr'><strong>unum,</strong></span> <span class='ocrx_word' id='word_1_390' title='bbox 2681 2379 2754 2432; x_wconf 91' lang='lat' dir='ltr'><strong>ab</strong></span> <span class='ocrx_word' id='word_1_391' title='bbox 2801 2377 2950 2434; x_wconf 86' lang='lat' dir='ltr'><strong>albis</strong></span> <span class='ocrx_word' id='word_1_392' title='bbox 2990 2378 3296 2450; x_wconf 84' lang='lat' dir='ltr'><strong>russisque</strong></span> <span class='ocrx_word' id='word_1_393' title='bbox 3341 2396 3520 2435; x_wconf 90' lang='lat' dir='ltr'><strong>unum</strong></span> <span class='ocrx_word' id='word_1_394' title='bbox 3555 2397 3786 2449; x_wconf 89' lang='lat' dir='ltr'><strong>sumere,</strong></span> 
     </span>
    </p>
   </div>
   <div class='ocr_carea' id='block_1_53' title="bbox 2140 2467 3784 2540">
    <p class='ocr_par' dir='ltr' id='par_1_53' title="bbox 2140 2467 3784 2540">
     <span class='ocr_line' id='line_1_55' title="bbox 2140 2467 3784 2540; baseline 0.002 -18"><span class='ocrx_word' id='word_1_395' title='bbox 2140 2468 2407 2522; x_wconf 87' lang='lat' dir='ltr'><strong>curribus</strong></span> <span class='ocrx_word' id='word_1_396' title='bbox 2439 2473 2694 2539; x_wconf 89' lang='lat' dir='ltr'><strong>quatuor</strong></span> <span class='ocrx_word' id='word_1_397' title='bbox 2723 2467 2923 2538; x_wconf 74' lang='lat' dir='ltr'><strong>primis</strong></span> <span class='ocrx_word' id='word_1_398' title='bbox 2956 2467 3181 2537; x_wconf 68' lang='lat' dir='ltr'><strong>palmae,</strong></span> <span class='ocrx_word' id='word_1_399' title='bbox 3216 2472 3464 2540; x_wconf 85' lang='lat' dir='ltr'><strong>quatuor</strong></span> <span class='ocrx_word' id='word_1_400' title='bbox 3493 2471 3784 2540; x_wconf 54' lang='lat' dir='ltr'><strong>secundm,</strong></span> 
     </span>
    </p>
   </div>
   <div class='ocr_carea' id='block_1_54' title="bbox 2138 2556 3789 2630">
    <p class='ocr_par' dir='ltr' id='par_1_54' title="bbox 2138 2556 3789 2630">
     <span class='ocr_line' id='line_1_56' title="bbox 2138 2556 3789 2630; baseline 0.002 -18"><span class='ocrx_word' id='word_1_401' title='bbox 2138 2557 2379 2612; x_wconf 89' lang='lat' dir='ltr'><strong>totidem</strong></span> <span class='ocrx_word' id='word_1_402' title='bbox 2428 2556 2634 2621; x_wconf 78' lang='lat' dir='ltr'><strong>tertiae,</strong></span> <span class='ocrx_word' id='word_1_403' title='bbox 2685 2559 2876 2628; x_wconf 90' lang='lat' dir='ltr'><strong>adque</strong></span> <span class='ocrx_word' id='word_1_404' title='bbox 2921 2557 3253 2613; x_wconf 91' lang='lat' dir='ltr'><strong>didromum</strong></span> <span class='ocrx_word' id='word_1_405' title='bbox 3314 2559 3556 2614; x_wconf 89' lang='lat' dir='ltr'><strong>totidem</strong></span> <span class='ocrx_word' id='word_1_406' title='bbox 3614 2575 3789 2630; x_wconf 89' lang='lat' dir='ltr'><strong>equos</strong></span> 
     </span>
    </p>
   </div>
   <div class='ocr_carea' id='block_1_55' title="bbox 2135 2646 3788 2718">
    <p class='ocr_par' dir='ltr' id='par_1_55' title="bbox 2135 2646 3788 2718">
     <span class='ocr_line' id='line_1_57' title="bbox 2135 2646 3788 2718; baseline 0.002 -18"><span class='ocrx_word' id='word_1_407' title='bbox 2135 2646 2411 2718; x_wconf 87' lang='lat' dir='ltr'><strong>jungunt.</strong></span> <span class='ocrx_word' id='word_1_408' title='bbox 2444 2646 2511 2701; x_wconf 90' lang='lat' dir='ltr'><strong>Hi</strong></span> <span class='ocrx_word' id='word_1_409' title='bbox 2547 2646 2798 2702; x_wconf 88' lang='lat' dir='ltr'><strong>sedecim</strong></span> <span class='ocrx_word' id='word_1_410' title='bbox 2829 2662 3032 2701; x_wconf 89' lang='lat' dir='ltr'><strong>currus</strong></span> <span class='ocrx_word' id='word_1_411' title='bbox 3066 2652 3372 2718; x_wconf 87' lang='lat' dir='ltr'><strong>postquam</strong></span> <span class='ocrx_word' id='word_1_412' title='bbox 3404 2649 3488 2702; x_wconf 86' lang='lat' dir='ltr'><strong>sic</strong></span> <span class='ocrx_word' id='word_1_413' title='bbox 3519 2649 3788 2718; x_wconf 86' lang='lat' dir='ltr'><strong>dispositi</strong></span> 
     </span>
    </p>
   </div>
   <div class='ocr_carea' id='block_1_56' title="bbox 2138 2735 3789 2806">
    <p class='ocr_par' dir='ltr' id='par_1_56' title="bbox 2138 2735 3789 2806">
     <span class='ocr_line' id='line_1_58' title="bbox 2138 2735 3789 2806; baseline 0.002 -16"><span class='ocrx_word' id='word_1_414' title='bbox 2138 2741 2298 2805; x_wconf 87' lang='lat' dir='ltr'><strong>sunt,</strong></span> <span class='ocrx_word' id='word_1_415' title='bbox 2329 2740 2472 2800; x_wconf 89' lang='lat' dir='ltr'><strong>tres,</strong></span> <span class='ocrx_word' id='word_1_416' title='bbox 2503 2735 2602 2806; x_wconf 92' lang='lat' dir='ltr'><strong>qui</strong></span> <span class='ocrx_word' id='word_1_417' title='bbox 2637 2752 2750 2790; x_wconf 89' lang='lat' dir='ltr'><strong>non</strong></span> <span class='ocrx_word' id='word_1_418' title='bbox 2779 2737 3076 2806; x_wconf 88' lang='lat' dir='ltr'><strong>jurarunt,</strong></span> <span class='ocrx_word' id='word_1_419' title='bbox 3119 2736 3465 2804; x_wconf 77' lang='lat' dir='ltr'><strong>sortiuntur,</strong></span> <span class='ocrx_word' id='word_1_420' title='bbox 3499 2741 3556 2791; x_wconf 88' lang='lat' dir='ltr'><strong>et</strong></span> <span class='ocrx_word' id='word_1_421' title='bbox 3585 2738 3789 2794; x_wconf 87' lang='lat' dir='ltr'><strong>ordine</strong></span> 
     </span>
    </p>
   </div>
   <div class='ocr_carea' id='block_1_57' title="bbox 2137 2825 3788 2898">
    <p class='ocr_par' dir='ltr' id='par_1_57' title="bbox 2137 2825 3788 2898">
     <span class='ocr_line' id='line_1_59' title="bbox 2137 2825 3788 2898; baseline 0.002 -18"><span class='ocrx_word' id='word_1_422' title='bbox 2137 2826 2436 2893; x_wconf 80' lang='lat' dir='ltr'><strong>sartionis,</strong></span> <span class='ocrx_word' id='word_1_423' title='bbox 2479 2825 2701 2894; x_wconf 89' lang='lat' dir='ltr'><strong>primus</strong></span> <span class='ocrx_word' id='word_1_424' title='bbox 2748 2831 3029 2895; x_wconf 90' lang='lat' dir='ltr'><strong>quantum</strong></span> <span class='ocrx_word' id='word_1_425' title='bbox 3079 2825 3221 2894; x_wconf 82' lang='lat' dir='ltr'><strong>vult,</strong></span> <span class='ocrx_word' id='word_1_426' title='bbox 3263 2825 3550 2898; x_wconf 89' lang='lat' dir='ltr'><strong>reliquum</strong></span> <span class='ocrx_word' id='word_1_427' title='bbox 3581 2827 3653 2894; x_wconf 88' lang='lat' dir='ltr'><strong>is,</strong></span> <span class='ocrx_word' id='word_1_428' title='bbox 3686 2829 3788 2898; x_wconf 90' lang='lat' dir='ltr'><strong>qui</strong></span> 
     </span>
    </p>
   </div>
   <div class='ocr_carea' id='block_1_58' title="bbox 2139 2912 3788 2979">
    <p class='ocr_par' dir='ltr' id='par_1_58' title="bbox 2139 2912 3788 2979">
     <span class='ocr_line' id='line_1_60' title="bbox 2139 2912 3788 2979; baseline 0.002 -12"><span class='ocrx_word' id='word_1_429' title='bbox 2139 2912 2458 2979; x_wconf 85' lang='lat' dir='ltr'><strong>distribuit,</strong></span> <span class='ocrx_word' id='word_1_430' title='bbox 2492 2914 2687 2968; x_wconf 87' lang='lat' dir='ltr'><strong>sumit.</strong></span> <span class='ocrx_word' id='word_1_431' title='bbox 2723 2913 2782 2968; x_wconf 91' lang='lat' dir='ltr'><strong>Si</strong></span> <span class='ocrx_word' id='word_1_432' title='bbox 2823 2929 2950 2969; x_wconf 81' lang='lat' dir='ltr'><strong>vero</strong></span> <span class='ocrx_word' id='word_1_433' title='bbox 2991 2914 3243 2970; x_wconf 89' lang='lat' dir='ltr'><strong>sedecim</strong></span> <span class='ocrx_word' id='word_1_434' title='bbox 3282 2931 3491 2969; x_wconf 87' lang='lat' dir='ltr'><strong>currus</strong></span> <span class='ocrx_word' id='word_1_435' title='bbox 3531 2917 3788 2971; x_wconf 80' lang='lat' dir='ltr'><strong>dividere</strong></span> 
     </span>
    </p>
   </div>
   <div class='ocr_carea' id='block_1_59' title="bbox 2140 3001 3782 3075">
    <p class='ocr_par' dir='ltr' id='par_1_59' title="bbox 2140 3001 3782 3075">
     <span class='ocr_line' id='line_1_61' title="bbox 2140 3001 3782 3075; baseline 0.002 -21"><span class='ocrx_word' id='word_1_436' title='bbox 2140 3001 2364 3069; x_wconf 89' lang='lat' dir='ltr'><strong>nolunt,</strong></span> <span class='ocrx_word' id='word_1_437' title='bbox 2397 3003 2493 3056; x_wconf 89' lang='lat' dir='ltr'><strong>sed</strong></span> <span class='ocrx_word' id='word_1_438' title='bbox 2538 3007 2761 3057; x_wconf 90' lang='lat' dir='ltr'><strong>tantum</strong></span> <span class='ocrx_word' id='word_1_439' title='bbox 2796 3009 3046 3074; x_wconf 87' lang='lat' dir='ltr'><strong>quatuor</strong></span> <span class='ocrx_word' id='word_1_440' title='bbox 3076 3005 3293 3058; x_wconf 81' lang='lat' dir='ltr'><strong>ratione</strong></span> <span class='ocrx_word' id='word_1_441' title='bbox 3326 3004 3524 3074; x_wconf 82' lang='lat' dir='ltr'><strong>primas</strong></span> <span class='ocrx_word' id='word_1_442' title='bbox 3558 3004 3782 3075; x_wconf 65' lang='lat' dir='ltr'><strong>palmis,</strong></span> 
     </span>
    </p>
   </div>
   <div class='ocr_carea' id='block_1_60' title="bbox 391 3086 2053 3166">
    <p class='ocr_par' dir='ltr' id='par_1_60' title="bbox 391 3087 2026 3166">
     <span class='ocr_line' id='line_1_62' title="bbox 391 3087 2026 3166; baseline -0.002 -20"><span class='ocrx_word' id='word_1_443' title='bbox 391 3112 533 3164; x_wconf 86' lang='grc' dir='ltr'>ματα</span> <span class='ocrx_word' id='word_1_444' title='bbox 586 3090 822 3166; x_wconf 73' lang='grc' dir='ltr'>μερίσαι,</span> <span class='ocrx_word' id='word_1_445' title='bbox 873 3091 917 3144; x_wconf 80' lang='grc' dir='ltr'><strong>εἰ</strong></span> <span class='ocrx_word' id='word_1_446' title='bbox 972 3092 1047 3164; x_wconf 83' lang='grc' dir='ltr'>μή</span> <span class='ocrx_word' id='word_1_447' title='bbox 1120 3091 1286 3163; x_wconf 87' lang='grc' dir='ltr'>μόνον</span> <span class='ocrx_word' id='word_1_448' title='bbox 1327 3090 1393 3145; x_wconf 85' lang='grc' dir='ltr'><strong>τὰ</strong></span> <span class='ocrx_word' id='word_1_449' title='bbox 1475 3089 1516 3144; x_wconf 83' lang='grc' dir='ltr'><strong>δ’</strong></span> <span class='ocrx_word' id='word_1_450' title='bbox 1594 3088 1795 3163; x_wconf 76' lang='grc' dir='ltr'>μερίζει</span> <span class='ocrx_word' id='word_1_451' title='bbox 1875 3087 2026 3166; x_wconf 85' lang='grc' dir='ltr'>λόγῳ</span> 
     </span>
    </p>
   </div>
   <div class='ocr_carea' id='block_1_61' title="bbox 2145 3086 3778 3166">
    <p class='ocr_par' dir='ltr' id='par_1_61' title="bbox 2145 3091 3778 3166">
     <span class='ocr_line' id='line_1_63' title="bbox 2145 3091 3778 3166; baseline 0.002 -20"><span class='ocrx_word' id='word_1_452' title='bbox 2145 3091 2220 3156; x_wconf 86' lang='lat' dir='ltr'><strong>bi,</strong></span> <span class='ocrx_word' id='word_1_453' title='bbox 2255 3097 2375 3146; x_wconf 91' lang='lat' dir='ltr'><strong>uta</strong></span> <span class='ocrx_word' id='word_1_454' title='bbox 2407 3093 2572 3148; x_wconf 89' lang='lat' dir='ltr'><strong>nobis</strong></span> <span class='ocrx_word' id='word_1_455' title='bbox 2602 3093 2886 3164; x_wconf 80' lang='lat' dir='ltr'><strong>scriptum</strong></span> <span class='ocrx_word' id='word_1_456' title='bbox 2918 3098 3027 3159; x_wconf 88' lang='lat' dir='ltr'><strong>est,</strong></span> <span class='ocrx_word' id='word_1_457' title='bbox 3061 3093 3434 3160; x_wconf 89' lang='lat' dir='ltr'><strong>dividuntur;</strong></span> <span class='ocrx_word' id='word_1_458' title='bbox 3463 3094 3673 3166; x_wconf 89' lang='lat' dir='ltr'><strong>reliqui</strong></span> <span class='ocrx_word' id='word_1_459' title='bbox 3707 3097 3778 3150; x_wconf 92' lang='lat' dir='ltr'><strong>ad</strong></span> 
     </span>
    </p>
   </div>
   <div class='ocr_carea' id='block_1_62' title="bbox 391 3179 2033 3257">
    <p class='ocr_par' dir='ltr' id='par_1_62' title="bbox 391 3179 2033 3257">
     <span class='ocr_line' id='line_1_64' title="bbox 391 3179 2033 3257; baseline -0.003 -19"><span class='ocrx_word' id='word_1_460' title='bbox 391 3183 613 3256; x_wconf 81' lang='grc' dir='ltr'>πρώτου</span> <span class='ocrx_word' id='word_1_461' title='bbox 695 3183 872 3257; x_wconf 77' lang='grc' dir='ltr'>βαΐου,</span> <span class='ocrx_word' id='word_1_462' title='bbox 947 3183 1039 3237; x_wconf 76' lang='grc' dir='ltr'>καὶ</span> <span class='ocrx_word' id='word_1_463' title='bbox 1116 3181 1452 3256; x_wconf 70' lang='grc' dir='ltr'>μερίζονται,</span> <span class='ocrx_word' id='word_1_464' title='bbox 1547 3183 1622 3242; x_wconf 84' lang='grc' dir='ltr'><strong>ὡς</strong></span> <span class='ocrx_word' id='word_1_465' title='bbox 1711 3179 2033 3255; x_wconf 77' lang='grc' dir='ltr'>γέγραπται,</span> 
     </span>
    </p>
   </div>
   <div class='ocr_carea' id='block_1_63' title="bbox 385 3267 2038 3334">
    <p class='ocr_par' dir='ltr' id='par_1_63' title="bbox 385 3267 2038 3334">
     <span class='ocr_line' id='line_1_65' title="bbox 385 3267 2038 3334; baseline -0.002 -7"><span class='ocrx_word' id='word_1_466' title='bbox 385 3273 477 3327; x_wconf 82' lang='grc' dir='ltr'><strong>καὶ</strong></span> <span class='ocrx_word' id='word_1_467' title='bbox 541 3273 608 3328; x_wconf 70' lang='lat' dir='ltr'><strong>ti</strong></span> <span class='ocrx_word' id='word_1_468' title='bbox 666 3270 835 3327; x_wconf 83' lang='grc' dir='ltr'>λοιπᾶ</span> <span class='ocrx_word' id='word_1_469' title='bbox 892 3267 1227 3327; x_wconf 69' lang='grc' dir='ltr'>ἐκϐαίνουσιν</span> <span class='ocrx_word' id='word_1_470' title='bbox 1310 3271 1386 3334; x_wconf 82' lang='grc' dir='ltr'>εἷς</span> <span class='ocrx_word' id='word_1_471' title='bbox 1461 3271 1589 3334; x_wconf 71' lang='grc' dir='ltr'>τοὺς</span> <span class='ocrx_word' id='word_1_472' title='bbox 1668 3267 1841 3332; x_wconf 81' lang='grc' dir='ltr'>ἰδίους</span> <span class='ocrx_word' id='word_1_473' title='bbox 1938 3269 2038 3326; x_wconf 90' lang='grc' dir='ltr'>τό-</span> 
     </span>
    </p>
   </div>
   <div class='ocr_carea' id='block_1_64' title="bbox 392 3381 550 3422">
    <p class='ocr_par' dir='ltr' id='par_1_64' title="bbox 392 3381 550 3422">
     <span class='ocr_line' id='line_1_66' title="bbox 392 3381 550 3422; baseline 0.006 -5"><span class='ocrx_word' id='word_1_474' title='bbox 392 3381 550 3422; x_wconf 88' lang='grc' dir='ltr'>πους.</span> 
     </span>
    </p>
   </div>
   <div class='ocr_carea' id='block_1_65' title="bbox 388 3447 2036 3532">
    <p class='ocr_par' dir='ltr' id='par_1_65' title="bbox 388 3447 2036 3532">
     <span class='ocr_line' id='line_1_67' title="bbox 388 3447 2036 3532; baseline -0.003 -22"><span class='ocrx_word' id='word_1_475' title='bbox 388 3453 528 3511; x_wconf 86' lang='grc' dir='ltr'>Ὅσα</span> <span class='ocrx_word' id='word_1_476' title='bbox 592 3447 675 3506; x_wconf 66' lang='grc' dir='ltr'><strong>δεῖ</strong></span> <span class='ocrx_word' id='word_1_477' title='bbox 745 3451 1201 3532; x_wconf 58' lang='grc' dir='ltr'><strong>παραφυλάττειν⁸</strong></span> <span class='ocrx_word' id='word_1_478' title='bbox 1260 3451 1516 3532; x_wconf 83' lang='grc' dir='ltr'>ἡνίοχον,</span> <span class='ocrx_word' id='word_1_479' title='bbox 1591 3449 1864 3530; x_wconf 77' lang='grc' dir='ltr'>ἀγομένου</span> <span class='ocrx_word' id='word_1_480' title='bbox 1936 3453 2036 3506; x_wconf 80' lang='grc' dir='ltr'><strong>τοῦ</strong></span> 
     </span>
    </p>
   </div>
   <div class='ocr_carea' id='block_1_66' title="bbox 1120 3525 1302 3599">
    <p class='ocr_par' dir='ltr' id='par_1_66' title="bbox 1120 3525 1302 3599">
     <span class='ocr_line' id='line_1_68' title="bbox 1120 3525 1302 3599; baseline 0.016 -20"><span class='ocrx_word' id='word_1_481' title='bbox 1120 3525 1302 3599; x_wconf 76' lang='grc' dir='ltr'>βαίου.</span> 
     </span>
    </p>
   </div>
   <div class='ocr_carea' id='block_1_67' title="bbox 465 3612 2033 3690">
    <p class='ocr_par' dir='ltr' id='par_1_67' title="bbox 465 3612 2033 3690">
     <span class='ocr_line' id='line_1_69' title="bbox 465 3612 2033 3690; baseline -0.001 -21"><span class='ocrx_word' id='word_1_482' title='bbox 465 3612 723 3686; x_wconf 83' lang='grc' dir='ltr'>Ἡνίοχος</span> <span class='ocrx_word' id='word_1_483' title='bbox 755 3614 1137 3690; x_wconf 73' lang='grc' dir='ltr'>(ρακτιονάριος</span> <span class='ocrx_word' id='word_1_484' title='bbox 1187 3613 1220 3682; x_wconf 71' lang='grc' dir='ltr'><strong>ἢ</strong></span> <span class='ocrx_word' id='word_1_485' title='bbox 1281 3612 1703 3688; x_wconf 83' lang='grc' dir='ltr'>μικροπανίτης,</span> <span class='ocrx_word' id='word_1_486' title='bbox 1747 3618 1841 3670; x_wconf 84' lang='grc' dir='ltr'><strong>τοῦ</strong></span> <span class='ocrx_word' id='word_1_487' title='bbox 1875 3615 2033 3689; x_wconf 67' lang='grc' dir='ltr'>βαὶου</span> 
     </span>
    </p>
   </div>
   <div class='ocr_carea' id='block_1_68' title="bbox 386 3703 2036 3780">
    <p class='ocr_par' dir='ltr' id='par_1_68' title="bbox 386 3703 2036 3780">
     <span class='ocr_line' id='line_1_70' title="bbox 386 3703 2036 3780; baseline 0 -20"><span class='ocrx_word' id='word_1_488' title='bbox 386 3704 677 3778; x_wconf 73' lang='grc' dir='ltr'>ἀγομένου,</span> <span class='ocrx_word' id='word_1_489' title='bbox 735 3705 822 3760; x_wconf 81' lang='grc' dir='ltr'>ἐὰν</span> <span class='ocrx_word' id='word_1_490' title='bbox 875 3705 1088 3779; x_wconf 67' lang='grc' dir='ltr'>ἐμπέσῃ</span> <span class='ocrx_word' id='word_1_491' title='bbox 1149 3707 1225 3768; x_wconf 79' lang='grc' dir='ltr'><strong>εἰς</strong></span> <span class='ocrx_word' id='word_1_492' title='bbox 1281 3708 1378 3768; x_wconf 81' lang='grc' dir='ltr'><strong>τὰς</strong></span> <span class='ocrx_word' id='word_1_493' title='bbox 1434 3703 1642 3768; x_wconf 73' lang='grc' dir='ltr'>τάϐλεις</span> <span class='ocrx_word' id='word_1_494' title='bbox 1709 3709 1752 3744; x_wconf 80' lang='grc'><strong>³⁷</strong></span> <span class='ocrx_word' id='word_1_495' title='bbox 1797 3711 1894 3780; x_wconf 89' lang='lat'><strong>(3),</strong></span> <span class='ocrx_word' id='word_1_496' title='bbox 1936 3707 2036 3762; x_wconf 76' lang='grc' dir='ltr'>οὐκ</span> 
     </span>
    </p>
   </div>
   <div class='ocr_carea' id='block_1_69' title="bbox 393 3790 2035 3870">
    <p class='ocr_par' dir='ltr' id='par_1_69' title="bbox 393 3790 2035 3870">
     <span class='ocr_line' id='line_1_71' title="bbox 393 3790 2023 3818; baseline -0.001 -5"><span class='ocrx_word' id='word_1_497' title='bbox 393 3790 417 3813; x_wconf 65' lang='grc' dir='ltr'>’ί</span> <span class='ocrx_word' id='word_1_498' title='bbox 541 3794 587 3818; x_wconf 61' lang='grc' dir='ltr'><strong>’ν</strong></span> <span class='ocrx_word' id='word_1_499' title='bbox 941 3798 949 3810; x_wconf 78' lang='lat' dir='ltr'><strong><em>v</em></strong></span> <span class='ocrx_word' id='word_1_500' title='bbox 1120 3797 1133 3814; x_wconf 62' lang='grc' dir='ltr'><strong>ς</strong></span> <span class='ocrx_word' id='word_1_501' title='bbox 1329 3793 1372 3816; x_wconf 62' lang='lat' dir='ltr'><strong>IN</strong></span> <span class='ocrx_word' id='word_1_502' title='bbox 1539 3796 1550 3812; x_wconf 71' lang='grc' dir='ltr'><strong>ν</strong></span> <span class='ocrx_word' id='word_1_503' title='bbox 1629 3801 1653 3811; x_wconf 60' lang='grc' dir='ltr'><strong>ν</strong></span> <span class='ocrx_word' id='word_1_504' title='bbox 1731 3797 1744 3814; x_wconf 72' lang='grc'><strong>9</strong></span> <span class='ocrx_word' id='word_1_505' title='bbox 1839 3798 1850 3814; x_wconf 61' lang='grc' dir='ltr'><strong>ν</strong></span> <span class='ocrx_word' id='word_1_506' title='bbox 2011 3797 2023 3812; x_wconf 64' lang='grc' dir='ltr'><strong>ς</strong></span> 
     </span>
     <span class='ocr_line' id='line_1_72' title="bbox 393 3790 2035 3870; baseline 0 -21"><span class='ocrx_word' id='word_1_507' title='bbox 393 3815 507 3870; x_wconf 87' lang='grc' dir='ltr'>εχει</span> <span class='ocrx_word' id='word_1_508' title='bbox 539 3797 782 3865; x_wconf 81' lang='grc' dir='ltr'>εςουσίαν</span> <span class='ocrx_word' id='word_1_509' title='bbox 825 3790 1052 3850; x_wconf 82' lang='grc' dir='ltr'>ἐκϐαλαι</span> <span class='ocrx_word' id='word_1_510' title='bbox 1081 3817 1143 3850; x_wconf 91' lang='grc' dir='ltr'><strong>το</strong></span> <span class='ocrx_word' id='word_1_511' title='bbox 1181 3816 1460 3850; x_wconf 82' lang='grc' dir='ltr'>κασσιοιον</span> <span class='ocrx_word' id='word_1_512' title='bbox 1495 3817 1679 3863; x_wconf 88' lang='grc' dir='ltr'>αυτου,</span> <span class='ocrx_word' id='word_1_513' title='bbox 1720 3796 1864 3851; x_wconf 87' lang='grc' dir='ltr'>αλλα</span> <span class='ocrx_word' id='word_1_514' title='bbox 1901 3817 2035 3868; x_wconf 83' lang='grc' dir='ltr'>μετα</span> 
     </span>
    </p>
   </div>
   <div class='ocr_carea' id='block_1_70' title="bbox 384 3884 2034 3962">
    <p class='ocr_par' dir='ltr' id='par_1_70' title="bbox 384 3884 2034 3962">
     <span class='ocr_line' id='line_1_73' title="bbox 384 3884 2034 3962; baseline 0.001 -20"><span class='ocrx_word' id='word_1_515' title='bbox 384 3891 481 3942; x_wconf 73' lang='grc' dir='ltr'>τοῦ</span> <span class='ocrx_word' id='word_1_516' title='bbox 539 3885 820 3942; x_wconf 74' lang='grc' dir='ltr'>κασσιδίου</span> <span class='ocrx_word' id='word_1_517' title='bbox 877 3887 1111 3957; x_wconf 51' lang='lat' dir='ltr'><strong>nats-$52,</strong></span> <span class='ocrx_word' id='word_1_518' title='bbox 1151 3887 1244 3943; x_wconf 81' lang='grc' dir='ltr'>καὶ</span> <span class='ocrx_word' id='word_1_519' title='bbox 1302 3889 1624 3962; x_wconf 68' lang='grc' dir='ltr'>κατέρχεται</span> <span class='ocrx_word' id='word_1_520' title='bbox 1677 3884 1777 3949; x_wconf 80' lang='grc' dir='ltr'>ἔως</span> <span class='ocrx_word' id='word_1_521' title='bbox 1805 3891 2034 3944; x_wconf 83' lang='grc' dir='ltr'>τῶνθυ-</span> 
     </span>
    </p>
   </div>
   <div class='ocr_carea' id='block_1_71' title="bbox 393 3971 2032 4056">
    <p class='ocr_par' dir='ltr' id='par_1_71' title="bbox 393 3971 2032 4056">
     <span class='ocr_line' id='line_1_74' title="bbox 393 3971 2032 4056; baseline 0.001 -26"><span class='ocrx_word' id='word_1_522' title='bbox 393 3980 522 4049; x_wconf 80' lang='grc' dir='ltr'>ρῶν.</span> <span class='ocrx_word' id='word_1_523' title='bbox 558 3976 677 4030; x_wconf 72' lang='grc' dir='ltr'><strong>Ἐὰν</strong></span> <span class='ocrx_word' id='word_1_524' title='bbox 710 3974 765 4030; x_wconf 74' lang='grc' dir='ltr'><strong>δὲ</strong></span> <span class='ocrx_word' id='word_1_525' title='bbox 791 3977 938 4056; x_wconf 68' lang='grc' dir='ltr'>λάχῃ</span> <span class='ocrx_word' id='word_1_526' title='bbox 969 3975 1053 4031; x_wconf 77' lang='grc' dir='ltr'>ἐπὶ</span> <span class='ocrx_word' id='word_1_527' title='bbox 1087 3978 1186 4045; x_wconf 70' lang='grc' dir='ltr'>τὴν</span> <span class='ocrx_word' id='word_1_528' title='bbox 1247 3975 1539 4052; x_wconf 86' lang='grc' dir='ltr'>βασιλικην</span> <span class='ocrx_word' id='word_1_529' title='bbox 1588 3971 1794 4031; x_wconf 75' lang='grc' dir='ltr'>τάϐλαν</span> <span class='ocrx_word' id='word_1_530' title='bbox 1853 3983 2032 4032; x_wconf 79' lang='grc' dir='ltr'>πεσεῖν</span> 
     </span>
    </p>
   </div>
   <div class='ocr_carea' id='block_1_72' title="bbox 389 4060 2034 4142">
    <p class='ocr_par' dir='ltr' id='par_1_72' title="bbox 389 4060 2034 4142">
     <span class='ocr_line' id='line_1_75' title="bbox 389 4060 2034 4142; baseline 0.004 -24"><span class='ocrx_word' id='word_1_531' title='bbox 389 4066 575 4136; x_wconf 80' lang='grc' dir='ltr'>αόνὸν,</span> <span class='ocrx_word' id='word_1_532' title='bbox 609 4065 706 4120; x_wconf 78' lang='grc' dir='ltr'><strong>οὐκ</strong></span> <span class='ocrx_word' id='word_1_533' title='bbox 752 4060 869 4142; x_wconf 80' lang='grc' dir='ltr'>ἔχει</span> <span class='ocrx_word' id='word_1_534' title='bbox 922 4065 1165 4138; x_wconf 79' lang='grc' dir='ltr'>ἐξουσίαν</span> <span class='ocrx_word' id='word_1_535' title='bbox 1206 4065 1280 4128; x_wconf 81' lang='grc' dir='ltr'>εἷς</span> <span class='ocrx_word' id='word_1_536' title='bbox 1341 4067 1403 4122; x_wconf 78' lang='grc' dir='ltr'><strong>τὸ</strong></span> <span class='ocrx_word' id='word_1_537' title='bbox 1455 4073 1520 4135; x_wconf 89' lang='grc' dir='ltr'>Π,</span> <span class='ocrx_word' id='word_1_538' title='bbox 1545 4067 1686 4122; x_wconf 83' lang='grc' dir='ltr'>ὅπου</span> <span class='ocrx_word' id='word_1_539' title='bbox 1736 4068 1788 4122; x_wconf 78' lang='lat' dir='ltr'><strong>oi</strong></span> <span class='ocrx_word' id='word_1_540' title='bbox 1828 4065 2034 4124; x_wconf 85' lang='grc' dir='ltr'>παλαι-</span> 
     </span>
    </p>
   </div>
   <div class='ocr_carea' id='block_1_73' title="bbox 385 4151 2032 4230">
    <p class='ocr_par' dir='ltr' id='par_1_73' title="bbox 385 4151 2032 4230">
     <span class='ocr_line' id='line_1_76' title="bbox 385 4151 2032 4230; baseline 0.001 -20"><span class='ocrx_word' id='word_1_541' title='bbox 385 4161 592 4227; x_wconf 71' lang='grc' dir='ltr'>πρῖται</span> <span class='ocrx_word' id='word_1_542' title='bbox 643 4155 993 4227; x_wconf 84' lang='grc' dir='ltr'>παλαίουσιν,</span> <span class='ocrx_word' id='word_1_543' title='bbox 1043 4151 1343 4230; x_wconf 73' lang='grc' dir='ltr'>ἔμπροσθεν</span> <span class='ocrx_word' id='word_1_544' title='bbox 1407 4161 1504 4212; x_wconf 77' lang='grc' dir='ltr'><strong>τοῦ</strong></span> <span class='ocrx_word' id='word_1_545' title='bbox 1552 4155 1883 4228; x_wconf 81' lang='grc' dir='ltr'>καθίσματος</span> <span class='ocrx_word' id='word_1_546' title='bbox 1917 4157 2032 4212; x_wconf 81' lang='grc' dir='ltr'>ἐπι-</span> 
     </span>
    </p>
   </div>
   <div class='ocr_carea' id='block_1_74' title="bbox 383 4241 2032 4318">
    <p class='ocr_par' dir='ltr' id='par_1_74' title="bbox 383 4241 2032 4318">
     <span class='ocr_line' id='line_1_77' title="bbox 383 4241 2032 4318; baseline 0.001 -21"><span class='ocrx_word' id='word_1_547' title='bbox 383 4243 570 4316; x_wconf 77' lang='grc' dir='ltr'>κόψαι,</span> <span class='ocrx_word' id='word_1_548' title='bbox 613 4242 759 4299; x_wconf 83' lang='grc' dir='ltr'>ἀλλᾶ</span> <span class='ocrx_word' id='word_1_549' title='bbox 788 4246 822 4315; x_wconf 77' lang='grc' dir='ltr'><strong>ἢ</strong></span> <span class='ocrx_word' id='word_1_550' title='bbox 875 4243 1068 4300; x_wconf 82' lang='grc' dir='ltr'>ἔσωθεν</span> <span class='ocrx_word' id='word_1_551' title='bbox 1127 4243 1214 4300; x_wconf 75' lang='grc' dir='ltr'>ἐπὶ</span> <span class='ocrx_word' id='word_1_552' title='bbox 1256 4244 1348 4300; x_wconf 86' lang='grc' dir='ltr'><strong>τὸν</strong></span> <span class='ocrx_word' id='word_1_553' title='bbox 1387 4249 1605 4318; x_wconf 83' lang='grc' dir='ltr'>τοῖχον,</span> <span class='ocrx_word' id='word_1_554' title='bbox 1636 4246 1671 4314; x_wconf 73' lang='grc' dir='ltr'><strong>ἢ</strong></span> <span class='ocrx_word' id='word_1_555' title='bbox 1722 4241 1911 4316; x_wconf 77' lang='grc' dir='ltr'>ἔξωθεν</span> <span class='ocrx_word' id='word_1_556' title='bbox 1945 4245 2032 4300; x_wconf 77' lang='grc' dir='ltr'><strong>ἐπὶ</strong></span> 
     </span>
    </p>
   </div>
   <div class='ocr_carea' id='block_1_75' title="bbox 384 4330 2034 4407">
    <p class='ocr_par' dir='ltr' id='par_1_75' title="bbox 384 4330 2034 4407">
     <span class='ocr_line' id='line_1_78' title="bbox 384 4330 2034 4407; baseline 0.002 -20"><span class='ocrx_word' id='word_1_557' title='bbox 384 4333 475 4388; x_wconf 85' lang='grc' dir='ltr'><strong>τὸν</strong></span> <span class='ocrx_word' id='word_1_558' title='bbox 525 4330 745 4407; x_wconf 65' lang='grc' dir='ltr'>εὔριπον</span> <span class='ocrx_word' id='word_1_559' title='bbox 800 4335 933 4406; x_wconf 79' lang='grc' dir='ltr'>μετὰ</span> <span class='ocrx_word' id='word_1_560' title='bbox 979 4339 1077 4390; x_wconf 70' lang='grc' dir='ltr'><strong>τοῦ</strong></span> <span class='ocrx_word' id='word_1_561' title='bbox 1134 4335 1304 4390; x_wconf 80' lang='grc' dir='ltr'>αὑτοῦ</span> <span class='ocrx_word' id='word_1_562' title='bbox 1362 4332 1646 4389; x_wconf 82' lang='grc' dir='ltr'>κασσιδίου</span> <span class='ocrx_word' id='word_1_563' title='bbox 1721 4330 2034 4390; x_wconf 84' lang='grc' dir='ltr'>καταϐαίνει</span> 
     </span>
    </p>
   </div>
   <div class='ocr_carea' id='block_1_76' title="bbox 2146 3181 2750 3238">
    <p class='ocr_par' dir='ltr' id='par_1_76' title="bbox 2146 3181 2750 3238">
     <span class='ocr_line' id='line_1_79' title="bbox 2146 3181 2750 3238; baseline 0 -2"><span class='ocrx_word' id='word_1_564' title='bbox 2146 3181 2271 3238; x_wconf 88' lang='lat' dir='ltr'><strong>loca</strong></span> <span class='ocrx_word' id='word_1_565' title='bbox 2295 3196 2398 3238; x_wconf 87' lang='lat' dir='ltr'><strong>sua</strong></span> <span class='ocrx_word' id='word_1_566' title='bbox 2424 3182 2750 3238; x_wconf 90' lang='lat' dir='ltr'><strong>discedunt.</strong></span> 
     </span>
    </p>
   </div>
   <div class='ocr_carea' id='block_1_77' title="bbox 2145 3433 3788 3508">
    <p class='ocr_par' dir='ltr' id='par_1_77' title="bbox 2145 3433 3788 3508">
     <span class='ocr_line' id='line_1_80' title="bbox 2145 3433 3788 3508; baseline 0.001 -16"><span class='ocrx_word' id='word_1_567' title='bbox 2145 3437 2412 3506; x_wconf 67' lang='lat' dir='ltr'><strong>Quaenam</strong></span> <span class='ocrx_word' id='word_1_568' title='bbox 2481 3435 2693 3504; x_wconf 67' lang='lat' dir='ltr'><strong>auriga</strong></span> <span class='ocrx_word' id='word_1_569' title='bbox 2757 3433 3123 3508; x_wconf 38' lang='lat' dir='ltr'><strong>obmrvaada~</strong></span> <span class='ocrx_word' id='word_1_570' title='bbox 3155 3437 3294 3500; x_wconf 73' lang='lat' dir='ltr'><strong>sint,</strong></span> <span class='ocrx_word' id='word_1_571' title='bbox 3359 3435 3576 3507; x_wconf 81' lang='lat' dir='ltr'><strong>quando</strong></span> <span class='ocrx_word' id='word_1_572' title='bbox 3637 3450 3788 3508; x_wconf 62' lang='lat' dir='ltr'><strong>pre-</strong></span> 
     </span>
    </p>
   </div>
   <div class='ocr_carea' id='block_1_78' title="bbox 2355 3506 3573 3577">
    <p class='ocr_par' dir='ltr' id='par_1_78' title="bbox 2355 3506 3573 3577">
     <span class='ocr_line' id='line_1_81' title="bbox 2355 3506 3573 3577; baseline 0 -14"><span class='ocrx_word' id='word_1_573' title='bbox 2355 3510 2594 3564; x_wconf 83' lang='lat' dir='ltr'><strong>miorum</strong></span> <span class='ocrx_word' id='word_1_574' title='bbox 2621 3523 2715 3564; x_wconf 72' lang='lat' dir='ltr'><strong>seu</strong></span> <span class='ocrx_word' id='word_1_575' title='bbox 2754 3507 3066 3577; x_wconf 86' lang='lat' dir='ltr'><strong>palmarum</strong></span> <span class='ocrx_word' id='word_1_576' title='bbox 3090 3506 3209 3568; x_wconf 73' lang='lat' dir='ltr'><strong>dies</strong></span> <span class='ocrx_word' id='word_1_577' title='bbox 3244 3506 3573 3566; x_wconf 80' lang='lat' dir='ltr'><strong>celebratur.</strong></span> 
     </span>
    </p>
   </div>
   <div class='ocr_carea' id='block_1_79' title="bbox 2216 3598 3788 3672">
    <p class='ocr_par' dir='ltr' id='par_1_79' title="bbox 2216 3598 3788 3672">
     <span class='ocr_line' id='line_1_82' title="bbox 2216 3598 3788 3672; baseline 0 -16"><span class='ocrx_word' id='word_1_578' title='bbox 2216 3600 2435 3672; x_wconf 88' lang='lat' dir='ltr'><strong>Auriga</strong></span> <span class='ocrx_word' id='word_1_579' title='bbox 2488 3598 2859 3654; x_wconf 86' lang='lat' dir='ltr'><strong>factionarius</strong></span> <span class='ocrx_word' id='word_1_580' title='bbox 2910 3602 3012 3653; x_wconf 88' lang='lat' dir='ltr'><strong>aut</strong></span> <span class='ocrx_word' id='word_1_581' title='bbox 3061 3598 3497 3670; x_wconf 87' lang='lat' dir='ltr'><strong>micropanites,</strong></span> <span class='ocrx_word' id='word_1_582' title='bbox 3538 3601 3609 3670; x_wconf 87' lang='lat' dir='ltr'><strong>si,</strong></span> <span class='ocrx_word' id='word_1_583' title='bbox 3650 3599 3788 3656; x_wconf 87' lang='lat' dir='ltr'><strong>dum</strong></span> 
     </span>
    </p>
   </div>
   <div class='ocr_carea' id='block_1_80' title="bbox 2145 3686 3789 3764">
    <p class='ocr_par' dir='ltr' id='par_1_80' title="bbox 2145 3686 3789 3764">
     <span class='ocr_line' id='line_1_83' title="bbox 2145 3686 3789 3764; baseline 0 -20"><span class='ocrx_word' id='word_1_584' title='bbox 2145 3691 2336 3764; x_wconf 86' lang='lat' dir='ltr'><strong>palma</strong></span> <span class='ocrx_word' id='word_1_585' title='bbox 2377 3689 2685 3762; x_wconf 76' lang='lat' dir='ltr'><strong>profertur,</strong></span> <span class='ocrx_word' id='word_1_586' title='bbox 2736 3687 2794 3740; x_wconf 92' lang='lat' dir='ltr'><strong>in</strong></span> <span class='ocrx_word' id='word_1_587' title='bbox 2838 3686 3061 3742; x_wconf 83' lang='lat' dir='ltr'><strong>tabulas</strong></span> <span class='ocrx_word' id='word_1_588' title='bbox 3117 3689 3404 3754; x_wconf 82' lang='lat' dir='ltr'><strong>inciderit,</strong></span> <span class='ocrx_word' id='word_1_589' title='bbox 3447 3695 3789 3760; x_wconf 85' lang='lat' dir='ltr'><strong>potestatem</strong></span> 
     </span>
    </p>
   </div>
   <div class='ocr_carea' id='block_1_81' title="bbox 2145 3777 3793 3846">
    <p class='ocr_par' dir='ltr' id='par_1_81' title="bbox 2145 3777 3793 3846">
     <span class='ocr_line' id='line_1_84' title="bbox 2145 3777 3793 3846; baseline -0.001 -11"><span class='ocrx_word' id='word_1_590' title='bbox 2145 3795 2257 3836; x_wconf 84' lang='lat' dir='ltr'><strong>non</strong></span> <span class='ocrx_word' id='word_1_591' title='bbox 2302 3779 2477 3834; x_wconf 76' lang='lat' dir='ltr'><strong>habet</strong></span> <span class='ocrx_word' id='word_1_592' title='bbox 2515 3777 2797 3831; x_wconf 83' lang='lat' dir='ltr'><strong>cassidem</strong></span> <span class='ocrx_word' id='word_1_593' title='bbox 2840 3792 3009 3830; x_wconf 87' lang='lat' dir='ltr'><strong>suam</strong></span> <span class='ocrx_word' id='word_1_594' title='bbox 3053 3777 3383 3846; x_wconf 78' lang='lat' dir='ltr'><strong>abjiciendi,</strong></span> <span class='ocrx_word' id='word_1_595' title='bbox 3411 3780 3508 3832; x_wconf 84' lang='lat' dir='ltr'><strong>sed</strong></span> <span class='ocrx_word' id='word_1_596' title='bbox 3552 3795 3683 3833; x_wconf 90' lang='lat' dir='ltr'><strong>cum</strong></span> <span class='ocrx_word' id='word_1_597' title='bbox 3725 3795 3793 3834; x_wconf 86' lang='lat' dir='ltr'><strong>ea</strong></span> 
     </span>
    </p>
   </div>
   <div class='ocr_carea' id='block_1_82' title="bbox 2145 3874 3788 3949">
    <p class='ocr_par' dir='ltr' id='par_1_82' title="bbox 2145 3874 3788 3949">
     <span class='ocr_line' id='line_1_85' title="bbox 2145 3874 3788 3949; baseline -0.002 -15"><span class='ocrx_word' id='word_1_598' title='bbox 2145 3878 2320 3949; x_wconf 80' lang='lat' dir='ltr'><strong>pedes</strong></span> <span class='ocrx_word' id='word_1_599' title='bbox 2353 3875 2628 3944; x_wconf 88' lang='lat' dir='ltr'><strong>procedit,</strong></span> <span class='ocrx_word' id='word_1_600' title='bbox 2669 3878 2726 3928; x_wconf 87' lang='lat' dir='ltr'><strong>et</strong></span> <span class='ocrx_word' id='word_1_601' title='bbox 2756 3889 2940 3943; x_wconf 89' lang='lat' dir='ltr'><strong>usque</strong></span> <span class='ocrx_word' id='word_1_602' title='bbox 2971 3874 3040 3927; x_wconf 92' lang='lat' dir='ltr'><strong>ad</strong></span> <span class='ocrx_word' id='word_1_603' title='bbox 3070 3875 3284 3943; x_wconf 85' lang='lat' dir='ltr'><strong>januas</strong></span> <span class='ocrx_word' id='word_1_604' title='bbox 3323 3874 3461 3928; x_wconf 88' lang='lat' dir='ltr'><strong>abit.</strong></span> <span class='ocrx_word' id='word_1_605' title='bbox 3493 3875 3550 3929; x_wconf 91' lang='lat' dir='ltr'><strong>Si</strong></span> <span class='ocrx_word' id='word_1_606' title='bbox 3586 3891 3712 3929; x_wconf 77' lang='lat' dir='ltr'><strong>vero</strong></span> <span class='ocrx_word' id='word_1_607' title='bbox 3733 3877 3788 3930; x_wconf 94' lang='lat' dir='ltr'><strong>in</strong></span> 
     </span>
    </p>
   </div>
   <div class='ocr_carea' id='block_1_83' title="bbox 2144 3961 3790 4036">
    <p class='ocr_par' dir='ltr' id='par_1_83' title="bbox 2144 3961 3790 4036">
     <span class='ocr_line' id='line_1_86' title="bbox 2144 3961 3790 4036; baseline -0.001 -15"><span class='ocrx_word' id='word_1_608' title='bbox 2144 3963 2515 4036; x_wconf 89' lang='lat' dir='ltr'><strong>imperaloria</strong></span> <span class='ocrx_word' id='word_1_609' title='bbox 2556 3962 2754 4016; x_wconf 85' lang='lat' dir='ltr'><strong>tabula</strong></span> <span class='ocrx_word' id='word_1_610' title='bbox 2797 3961 2942 4016; x_wconf 88' lang='lat' dir='ltr'><strong>forte</strong></span> <span class='ocrx_word' id='word_1_611' title='bbox 2979 3962 3268 4030; x_wconf 86' lang='lat' dir='ltr'><strong>ceciderit,</strong></span> <span class='ocrx_word' id='word_1_612' title='bbox 3308 3963 3463 4017; x_wconf 87' lang='lat' dir='ltr'><strong>haud</strong></span> <span class='ocrx_word' id='word_1_613' title='bbox 3504 3963 3640 4020; x_wconf 84' lang='lat' dir='ltr'><strong>licet</strong></span> <span class='ocrx_word' id='word_1_614' title='bbox 3676 3964 3790 4035; x_wconf 86' lang='lat' dir='ltr'><strong>ipsi</strong></span> 
     </span>
    </p>
   </div>
   <div class='ocr_carea' id='block_1_84' title="bbox 2144 4050 3788 4124">
    <p class='ocr_par' dir='ltr' id='par_1_84' title="bbox 2144 4050 3788 4124">
     <span class='ocr_line' id='line_1_87' title="bbox 2144 4050 3788 4124; baseline -0.001 -13"><span class='ocrx_word' id='word_1_615' title='bbox 2144 4056 2216 4112; x_wconf 87' lang='lat' dir='ltr'><strong>ad</strong></span> <span class='ocrx_word' id='word_1_616' title='bbox 2260 4054 2326 4124; x_wconf 88' lang='lat' dir='ltr'><strong>ll,</strong></span> <span class='ocrx_word' id='word_1_617' title='bbox 2373 4053 2471 4108; x_wconf 89' lang='lat' dir='ltr'><strong>ubi</strong></span> <span class='ocrx_word' id='word_1_618' title='bbox 2513 4050 2826 4106; x_wconf 88' lang='lat' dir='ltr'><strong>luctatores</strong></span> <span class='ocrx_word' id='word_1_619' title='bbox 2871 4056 3235 4118; x_wconf 82' lang='lat' dir='ltr'><strong>exercentur,</strong></span> <span class='ocrx_word' id='word_1_620' title='bbox 3280 4060 3410 4106; x_wconf 85' lang='lat' dir='ltr'><strong>ante</strong></span> <span class='ocrx_word' id='word_1_621' title='bbox 3455 4068 3788 4110; x_wconf 83' lang='lat' dir='ltr'><strong>consessum</strong></span> 
     </span>
    </p>
   </div>
   <div class='ocr_carea' id='block_1_85' title="bbox 2143 4141 3791 4210">
    <p class='ocr_par' dir='ltr' id='par_1_85' title="bbox 2143 4141 3791 4210">
     <span class='ocr_line' id='line_1_88' title="bbox 2143 4141 3791 4210; baseline -0.003 -8"><span class='ocrx_word' id='word_1_622' title='bbox 2143 4144 2372 4210; x_wconf 79' lang='lat' dir='ltr'><strong>diverti,</strong></span> <span class='ocrx_word' id='word_1_623' title='bbox 2397 4141 2498 4198; x_wconf 92' lang='lat' dir='ltr'><strong>sed</strong></span> <span class='ocrx_word' id='word_1_624' title='bbox 2530 4145 2633 4196; x_wconf 88' lang='lat' dir='ltr'><strong>aut</strong></span> <span class='ocrx_word' id='word_1_625' title='bbox 2660 4143 2812 4195; x_wconf 90' lang='lat' dir='ltr'><strong>intro</strong></span> <span class='ocrx_word' id='word_1_626' title='bbox 2844 4141 2916 4195; x_wconf 89' lang='lat' dir='ltr'><strong>ad</strong></span> <span class='ocrx_word' id='word_1_627' title='bbox 2949 4155 3203 4207; x_wconf 88' lang='lat' dir='ltr'><strong>murum,</strong></span> <span class='ocrx_word' id='word_1_628' title='bbox 3229 4146 3330 4196; x_wconf 83' lang='lat' dir='ltr'><strong>aut</strong></span> <span class='ocrx_word' id='word_1_629' title='bbox 3363 4142 3515 4197; x_wconf 86' lang='lat' dir='ltr'><strong>foras</strong></span> <span class='ocrx_word' id='word_1_630' title='bbox 3537 4143 3607 4196; x_wconf 89' lang='lat' dir='ltr'><strong>ad</strong></span> <span class='ocrx_word' id='word_1_631' title='bbox 3632 4145 3791 4198; x_wconf 88' lang='lat' dir='ltr'><strong>curi-</strong></span> 
     </span>
    </p>
   </div>
   <div class='ocr_carea' id='block_1_86' title="bbox 2143 4229 3786 4307">
    <p class='ocr_par' dir='ltr' id='par_1_86' title="bbox 2143 4229 3786 4307">
     <span class='ocr_line' id='line_1_89' title="bbox 2143 4229 3786 4307; baseline -0.001 -16"><span class='ocrx_word' id='word_1_632' title='bbox 2143 4250 2286 4307; x_wconf 89' lang='lat' dir='ltr'><strong>pum</strong></span> <span class='ocrx_word' id='word_1_633' title='bbox 2316 4249 2450 4290; x_wconf 90' lang='lat' dir='ltr'><strong>cum</strong></span> <span class='ocrx_word' id='word_1_634' title='bbox 2482 4229 2710 4286; x_wconf 89' lang='lat' dir='ltr'><strong>casside</strong></span> <span class='ocrx_word' id='word_1_635' title='bbox 2739 4245 2850 4285; x_wconf 87' lang='lat' dir='ltr'><strong>sua</strong></span> <span class='ocrx_word' id='word_1_636' title='bbox 2880 4230 2952 4285; x_wconf 88' lang='lat' dir='ltr'><strong>ad</strong></span> <span class='ocrx_word' id='word_1_637' title='bbox 2984 4235 3177 4298; x_wconf 87' lang='lat' dir='ltr'><strong>portas</strong></span> <span class='ocrx_word' id='word_1_638' title='bbox 3208 4230 3507 4286; x_wconf 89' lang='lat' dir='ltr'><strong>descendit</strong></span> <span class='ocrx_word' id='word_1_639' title='bbox 3534 4247 3546 4285; x_wconf 92' lang='lat'><strong>:</strong></span> <span class='ocrx_word' id='word_1_640' title='bbox 3571 4232 3619 4286; x_wconf 91' lang='lat' dir='ltr'><strong>si</strong></span> <span class='ocrx_word' id='word_1_641' title='bbox 3654 4248 3786 4289; x_wconf 92' lang='lat' dir='ltr'><strong>vero</strong></span> 
     </span>
    </p>
   </div>
   <div class='ocr_carea' id='block_1_87' title="bbox 2146 4327 3788 4402">
    <p class='ocr_par' dir='ltr' id='par_1_87' title="bbox 2146 4327 3788 4402">
     <span class='ocr_line' id='line_1_90' title="bbox 2146 4327 3788 4402; baseline -0.001 -14"><span class='ocrx_word' id='word_1_642' title='bbox 2146 4330 2402 4402; x_wconf 82' lang='lat' dir='ltr'><strong>bigarius</strong></span> <span class='ocrx_word' id='word_1_643' title='bbox 2459 4327 2752 4394; x_wconf 83' lang='lat' dir='ltr'><strong>exciderit,</strong></span> <span class='ocrx_word' id='word_1_644' title='bbox 2812 4331 2868 4383; x_wconf 90' lang='lat' dir='ltr'><strong>et</strong></span> <span class='ocrx_word' id='word_1_645' title='bbox 2916 4327 3165 4400; x_wconf 89' lang='lat' dir='ltr'><strong>pedibus</strong></span> <span class='ocrx_word' id='word_1_646' title='bbox 3217 4328 3359 4383; x_wconf 90' lang='lat' dir='ltr'><strong>forte</strong></span> <span class='ocrx_word' id='word_1_647' title='bbox 3416 4331 3788 4402; x_wconf 85' lang='lat' dir='ltr'><strong>processerit,</strong></span> 
     </span>
    </p>
   </div>
   <div class='ocr_carea' id='block_1_88' title="bbox 387 4417 2053 4523">
    <p class='ocr_par' dir='ltr' id='par_1_88' title="bbox 387 4420 2033 4500">
     <span class='ocr_line' id='line_1_91' title="bbox 387 4420 2033 4500; baseline 0.003 -26"><span class='ocrx_word' id='word_1_648' title='bbox 387 4420 465 4482; x_wconf 79' lang='grc' dir='ltr'>εἷς</span> <span class='ocrx_word' id='word_1_649' title='bbox 497 4423 590 4483; x_wconf 76' lang='grc' dir='ltr'>τὰς</span> <span class='ocrx_word' id='word_1_650' title='bbox 622 4422 807 4498; x_wconf 65' lang='grc' dir='ltr'>θύρας·</span> <span class='ocrx_word' id='word_1_651' title='bbox 841 4422 927 4477; x_wconf 69' lang='grc' dir='ltr'>ἐὰν</span> <span class='ocrx_word' id='word_1_652' title='bbox 963 4421 1018 4478; x_wconf 76' lang='grc' dir='ltr'><strong>δὲ</strong></span> <span class='ocrx_word' id='word_1_653' title='bbox 1062 4423 1197 4496; x_wconf 75' lang='grc' dir='ltr'>πέσῃ</span> <span class='ocrx_word' id='word_1_654' title='bbox 1257 4424 1548 4500; x_wconf 67' lang='grc' dir='ltr'>βηγὲριος,</span> <span class='ocrx_word' id='word_1_655' title='bbox 1589 4422 1676 4478; x_wconf 76' lang='grc' dir='ltr'><strong>καὶ</strong></span> <span class='ocrx_word' id='word_1_656' title='bbox 1736 4422 1884 4498; x_wconf 76' lang='grc' dir='ltr'>λάχῃ</span> <span class='ocrx_word' id='word_1_657' title='bbox 1946 4423 2033 4479; x_wconf 72' lang='grc' dir='ltr'><strong>αὖα</strong></span> 
     </span>
    </p>
   </div>
   <div class='ocr_carea' id='block_1_89' title="bbox 2145 4417 3789 4523">
    <p class='ocr_par' dir='ltr' id='par_1_89' title="bbox 2145 4417 3789 4490">
     <span class='ocr_line' id='line_1_92' title="bbox 2145 4417 3789 4490; baseline -0.001 -12"><span class='ocrx_word' id='word_1_658' title='bbox 2145 4421 2427 4478; x_wconf 88' lang='lat' dir='ltr'><strong>cassidem</strong></span> <span class='ocrx_word' id='word_1_659' title='bbox 2460 4417 2718 4488; x_wconf 86' lang='lat' dir='ltr'><strong>deponit,</strong></span> <span class='ocrx_word' id='word_1_660' title='bbox 2750 4421 2806 4474; x_wconf 90' lang='lat' dir='ltr'><strong>et</strong></span> <span class='ocrx_word' id='word_1_661' title='bbox 2835 4417 2916 4475; x_wconf 91' lang='lat' dir='ltr'><strong>sic</strong></span> <span class='ocrx_word' id='word_1_662' title='bbox 2950 4434 3134 4490; x_wconf 90' lang='lat' dir='ltr'><strong>usque</strong></span> <span class='ocrx_word' id='word_1_663' title='bbox 3165 4418 3233 4473; x_wconf 91' lang='lat' dir='ltr'><strong>ad</strong></span> <span class='ocrx_word' id='word_1_664' title='bbox 3270 4423 3466 4490; x_wconf 87' lang='lat' dir='ltr'><strong>portas</strong></span> <span class='ocrx_word' id='word_1_665' title='bbox 3506 4420 3634 4476; x_wconf 82' lang='lat' dir='ltr'><strong>sine</strong></span> <span class='ocrx_word' id='word_1_666' title='bbox 3662 4437 3789 4478; x_wconf 88' lang='lat' dir='ltr'><strong>cas-</strong></span> 
     </span>
    </p>
   </div>
   <div class='ocr_carea' id='block_1_90' title="bbox 388 4510 2026 4587">
    <p class='ocr_par' dir='ltr' id='par_1_90' title="bbox 388 4510 2026 4587">
     <span class='ocr_line' id='line_1_93' title="bbox 388 4510 2026 4587; baseline 0.003 -22"><span class='ocrx_word' id='word_1_667' title='bbox 388 4511 479 4565; x_wconf 85' lang='grc' dir='ltr'>τὸν</span> <span class='ocrx_word' id='word_1_668' title='bbox 540 4516 814 4582; x_wconf 76' lang='grc' dir='ltr'>πεζεῦσαι,</span> <span class='ocrx_word' id='word_1_669' title='bbox 871 4513 934 4568; x_wconf 87' lang='grc' dir='ltr'>τὸ</span> <span class='ocrx_word' id='word_1_670' title='bbox 1009 4510 1283 4568; x_wconf 84' lang='grc' dir='ltr'>κασσίδιον</span> <span class='ocrx_word' id='word_1_671' title='bbox 1345 4511 1630 4587; x_wconf 72' lang='grc' dir='ltr'>ἐκβάλλει,</span> <span class='ocrx_word' id='word_1_672' title='bbox 1697 4514 1785 4568; x_wconf 83' lang='grc' dir='ltr'><strong>καὶ</strong></span> <span class='ocrx_word' id='word_1_673' title='bbox 1855 4513 2026 4576; x_wconf 68' lang='grc' dir='ltr'>οὕτως</span> 
     </span>
    </p>
   </div>
   <div class='ocr_carea' id='block_1_91' title="bbox 385 4595 2027 4678">
    <p class='ocr_par' dir='ltr' id='par_1_91' title="bbox 385 4595 2027 4678">
     <span class='ocr_line' id='line_1_94' title="bbox 385 4595 2027 4678; baseline 0.004 -26"><span class='ocrx_word' id='word_1_674' title='bbox 385 4598 742 4664; x_wconf 70' lang='grc' dir='ltr'>ἂγασσίδοτος</span> <span class='ocrx_word' id='word_1_675' title='bbox 795 4595 1102 4657; x_wconf 71' lang='grc' dir='ltr'>καταϐαίνει</span> <span class='ocrx_word' id='word_1_676' title='bbox 1169 4598 1272 4664; x_wconf 74' lang='grc' dir='ltr'>ἕως</span> <span class='ocrx_word' id='word_1_677' title='bbox 1338 4607 1447 4658; x_wconf 80' lang='grc' dir='ltr'>τῶν</span> <span class='ocrx_word' id='word_1_678' title='bbox 1505 4604 1704 4676; x_wconf 81' lang='grc' dir='ltr'>Θυρῶν.</span> <span class='ocrx_word' id='word_1_679' title='bbox 1767 4603 2027 4678; x_wconf 81' lang='grc' dir='ltr'>Ἡνίοχος</span> 
     </span>
    </p>
   </div>
   <div class='ocr_carea' id='block_1_92' title="bbox 2142 4507 3788 4578">
    <p class='ocr_par' dir='ltr' id='par_1_92' title="bbox 2142 4507 3788 4578">
     <span class='ocr_line' id='line_1_95' title="bbox 2142 4507 3788 4578; baseline -0.002 -9"><span class='ocrx_word' id='word_1_680' title='bbox 2142 4513 2267 4569; x_wconf 87' lang='lat' dir='ltr'><strong>side</strong></span> <span class='ocrx_word' id='word_1_681' title='bbox 2295 4510 2434 4567; x_wconf 83' lang='lat' dir='ltr'><strong>abit.</strong></span> <span class='ocrx_word' id='word_1_682' title='bbox 2463 4508 2673 4578; x_wconf 83' lang='lat' dir='ltr'><strong>Auriga</strong></span> <span class='ocrx_word' id='word_1_683' title='bbox 2701 4507 2751 4562; x_wconf 88' lang='lat' dir='ltr'><strong>si</strong></span> <span class='ocrx_word' id='word_1_684' title='bbox 2783 4507 2844 4563; x_wconf 93' lang='lat' dir='ltr'><strong>in</strong></span> <span class='ocrx_word' id='word_1_685' title='bbox 2873 4512 3187 4564; x_wconf 85' lang='lat' dir='ltr'><strong>curvatura</strong></span> <span class='ocrx_word' id='word_1_686' title='bbox 3228 4512 3575 4566; x_wconf 88' lang='lat' dir='ltr'><strong>Venetorum</strong></span> <span class='ocrx_word' id='word_1_687' title='bbox 3615 4526 3788 4566; x_wconf 88' lang='lat' dir='ltr'><strong>curru</strong></span> 
     </span>
    </p>
   </div>
   <div class='ocr_carea' id='block_1_93' title="bbox 2140 4596 3789 4669">
    <p class='ocr_par' dir='ltr' id='par_1_93' title="bbox 2140 4596 3789 4669">
     <span class='ocr_line' id='line_1_96' title="bbox 2140 4596 3789 4669; baseline -0.001 -10"><span class='ocrx_word' id='word_1_688' title='bbox 2140 4619 2248 4659; x_wconf 89' lang='lat' dir='ltr'><strong>suo</strong></span> <span class='ocrx_word' id='word_1_689' title='bbox 2281 4599 2540 4668; x_wconf 86' lang='lat' dir='ltr'><strong>alliserit,</strong></span> <span class='ocrx_word' id='word_1_690' title='bbox 2572 4603 2628 4652; x_wconf 85' lang='lat' dir='ltr'><strong>et</strong></span> <span class='ocrx_word' id='word_1_691' title='bbox 2657 4596 2726 4652; x_wconf 91' lang='lat' dir='ltr'><strong>ad</strong></span> <span class='ocrx_word' id='word_1_692' title='bbox 2760 4596 2958 4652; x_wconf 85' lang='lat' dir='ltr'><strong>funem</strong></span> <span class='ocrx_word' id='word_1_693' title='bbox 2993 4612 3178 4669; x_wconf 86' lang='lat' dir='ltr'><strong>usque</strong></span> <span class='ocrx_word' id='word_1_694' title='bbox 3215 4613 3319 4654; x_wconf 87' lang='lat' dir='ltr'><strong>seu</strong></span> <span class='ocrx_word' id='word_1_695' title='bbox 3351 4597 3566 4654; x_wconf 89' lang='lat' dir='ltr'><strong>lineam</strong></span> <span class='ocrx_word' id='word_1_696' title='bbox 3601 4599 3789 4657; x_wconf 84' lang='lat' dir='ltr'><strong>albam</strong></span> 
     </span>
    </p>
   </div>
   <div class='ocr_carea' id='block_1_94' title="bbox 1739 4709 2439 4770">
    <p class='ocr_par' dir='ltr' id='par_1_94' title="bbox 1739 4709 2439 4770">
     <span class='ocr_line' id='line_1_97' title="bbox 1739 4709 2439 4770; baseline -0.009 -1"><span class='ocrx_word' id='word_1_697' title='bbox 1739 4713 1972 4770; x_wconf 71' lang='lat' dir='ltr'><strong>VARI/13</strong></span> <span class='ocrx_word' id='word_1_698' title='bbox 2022 4709 2439 4770; x_wconf 87' lang='lat' dir='ltr'><strong>LECTIONES.</strong></span> 
     </span>
    </p>
   </div>
   <div class='ocr_carea' id='block_1_95' title="bbox 455 4800 3791 4883">
    <p class='ocr_par' dir='ltr' id='par_1_95' title="bbox 455 4800 3791 4883">
     <span class='ocr_line' id='line_1_98' title="bbox 455 4800 3791 4883; baseline 0.001 -22"><span class='ocrx_word' id='word_1_699' title='bbox 455 4807 748 4883; x_wconf 53' lang='grc' dir='ltr'><strong>ζἦξνικῑιιόσιν</strong></span> <span class='ocrx_word' id='word_1_700' title='bbox 778 4810 870 4867; x_wconf 86' lang='lat' dir='ltr'><strong>ed.</strong></span> <span class='ocrx_word' id='word_1_701' title='bbox 937 4809 994 4883; x_wconf 43' lang='lat' dir='ltr'><strong>P3</strong></span> <span class='ocrx_word' id='word_1_702' title='bbox 1024 4803 1332 4883; x_wconf 54' lang='lat' dir='ltr'><strong>«elautae:</strong></span> <span class='ocrx_word' id='word_1_703' title='bbox 1361 4810 1452 4868; x_wconf 91' lang='lat' dir='ltr'><strong>ed.</strong></span> <span class='ocrx_word' id='word_1_704' title='bbox 1528 4811 1574 4846; x_wconf 72' lang='lat'><strong>3‘</strong></span> <span class='ocrx_word' id='word_1_705' title='bbox 1595 4808 1684 4864; x_wconf 80' lang='grc' dir='ltr'><strong>καὶ</strong></span> <span class='ocrx_word' id='word_1_706' title='bbox 1703 4827 1820 4867; x_wconf 87' lang='lat' dir='ltr'><strong>om.</strong></span> <span class='ocrx_word' id='word_1_707' title='bbox 1854 4812 1946 4870; x_wconf 87' lang='lat' dir='ltr'><strong>ed.</strong></span> <span class='ocrx_word' id='word_1_708' title='bbox 2021 4811 2069 4846; x_wconf 80' lang='grc'><strong>⁸⁵</strong></span> <span class='ocrx_word' id='word_1_709' title='bbox 2099 4811 2327 4883; x_wconf 59' lang='lat' dir='ltr'><strong>mpm</strong></span> <span class='ocrx_word' id='word_1_710' title='bbox 2354 4808 2445 4864; x_wconf 85' lang='lat' dir='ltr'><strong>ed.</strong></span> <span class='ocrx_word' id='word_1_711' title='bbox 2523 4803 2571 4840; x_wconf 75' lang='grc'><strong>³⁵</strong></span> <span class='ocrx_word' id='word_1_712' title='bbox 2601 4800 2862 4878; x_wconf 79' lang='grc' dir='ltr'>δίδρομον</span> <span class='ocrx_word' id='word_1_713' title='bbox 2889 4807 2981 4863; x_wconf 87' lang='lat' dir='ltr'><strong>ed.</strong></span> <span class='ocrx_word' id='word_1_714' title='bbox 3059 4806 3104 4842; x_wconf 81' lang='grc'><strong>³⁷</strong></span> <span class='ocrx_word' id='word_1_715' title='bbox 3128 4800 3335 4869; x_wconf 81' lang='grc' dir='ltr'>τάϐλας</span> <span class='ocrx_word' id='word_1_716' title='bbox 3375 4809 3530 4880; x_wconf 84' lang='lat' dir='ltr'><strong>conj.</strong></span> <span class='ocrx_word' id='word_1_717' title='bbox 3576 4809 3791 4882; x_wconf 85' lang='lat' dir='ltr'><strong>Leich.,</strong></span> 
     </span>
    </p>
   </div>
   <div class='ocr_carea' id='block_1_96' title="bbox 378 4873 1216 4949">
    <p class='ocr_par' dir='ltr' id='par_1_96' title="bbox 378 4873 1216 4949">
     <span class='ocr_line' id='line_1_99' title="bbox 378 4873 1216 4949; baseline 0.008 -18"><span class='ocrx_word' id='word_1_718' title='bbox 378 4873 622 4944; x_wconf 73' lang='grc' dir='ltr'>στάϐλας</span> <span class='ocrx_word' id='word_1_719' title='bbox 662 4882 779 4949; x_wconf 88' lang='lat' dir='ltr'><strong>ed.,</strong></span> <span class='ocrx_word' id='word_1_720' title='bbox 813 4878 1059 4941; x_wconf 73' lang='grc' dir='ltr'>σταόλας</span> <span class='ocrx_word' id='word_1_721' title='bbox 1091 4882 1216 4938; x_wconf 87' lang='lat' dir='ltr'><strong>cod.</strong></span> 
     </span>
    </p>
   </div>
   <div class='ocr_carea' id='block_1_97' title="bbox 1431 4981 2756 5049">
    <p class='ocr_par' dir='ltr' id='par_1_97' title="bbox 1431 4981 2756 5049">
     <span class='ocr_line' id='line_1_100' title="bbox 1431 4981 2756 5049; baseline -0.003 -6"><span class='ocrx_word' id='word_1_722' title='bbox 1431 4986 1630 5043; x_wconf 74' lang='lat' dir='ltr'><strong>JOAN.</strong></span> <span class='ocrx_word' id='word_1_723' title='bbox 1672 4986 1821 5044; x_wconf 80' lang='lat' dir='ltr'><strong>JAC.</strong></span> <span class='ocrx_word' id='word_1_724' title='bbox 1862 4988 2122 5049; x_wconf 76' lang='lat' dir='ltr'><strong>REISKII</strong></span> <span class='ocrx_word' id='word_1_725' title='bbox 2163 4981 2756 5044; x_wconf 77' lang='lat' dir='ltr'><strong>COMMENTARIUS.</strong></span> 
     </span>
    </p>
   </div>
   <div class='ocr_carea' id='block_1_98' title="bbox 460 5090 1960 5164">
    <p class='ocr_par' dir='ltr' id='par_1_98' title="bbox 460 5090 1960 5164">
     <span class='ocr_line' id='line_1_101' title="bbox 460 5090 1960 5164; baseline 0.005 -20"><span class='ocrx_word' id='word_1_726' title='bbox 460 5092 571 5164; x_wconf 78' lang='lat'><strong>(97)</strong></span> <span class='ocrx_word' id='word_1_727' title='bbox 605 5090 898 5148; x_wconf 70' lang='lat' dir='ltr'><strong>Emisrorcs</strong></span> <span class='ocrx_word' id='word_1_728' title='bbox 925 5107 954 5148; x_wconf 73' lang='grc' dir='ltr'><strong>ε</strong></span> <span class='ocrx_word' id='word_1_729' title='bbox 981 5093 1290 5149; x_wconf 70' lang='lat' dir='ltr'><strong>carceribus</strong></span> <span class='ocrx_word' id='word_1_730' title='bbox 1319 5099 1370 5149; x_wconf 78' lang='lat' dir='ltr'><strong>et</strong></span> <span class='ocrx_word' id='word_1_731' title='bbox 1398 5092 1701 5149; x_wconf 76' lang='lat' dir='ltr'><strong>reclusores</strong></span> <span class='ocrx_word' id='word_1_732' title='bbox 1728 5095 1960 5164; x_wconf 76' lang='lat' dir='ltr'><strong>larium.</strong></span> 
     </span>
    </p>
   </div>
   <div class='ocr_carea' id='block_1_99' title="bbox 461 5163 1694 5235">
    <p class='ocr_par' dir='ltr' id='par_1_99' title="bbox 461 5163 1694 5235">
     <span class='ocr_line' id='line_1_102' title="bbox 461 5163 1694 5235; baseline 0.004 -19"><span class='ocrx_word' id='word_1_733' title='bbox 461 5163 569 5232; x_wconf 82' lang='lat'><strong>(98)</strong></span> <span class='ocrx_word' id='word_1_734' title='bbox 602 5165 796 5235; x_wconf 53' lang='lat' dir='ltr'><strong>Coroni</strong></span> <span class='ocrx_word' id='word_1_735' title='bbox 819 5166 1080 5235; x_wconf 73' lang='lat' dir='ltr'><strong>omnibus</strong></span> <span class='ocrx_word' id='word_1_736' title='bbox 1113 5182 1126 5232; x_wconf 90' lang='lat'><strong>;</strong></span> <span class='ocrx_word' id='word_1_737' title='bbox 1163 5168 1272 5220; x_wconf 81' lang='lat' dir='ltr'><strong>vid.</strong></span> <span class='ocrx_word' id='word_1_738' title='bbox 1307 5169 1373 5220; x_wconf 85' lang='lat' dir='ltr'><strong>ad</strong></span> <span class='ocrx_word' id='word_1_739' title='bbox 1412 5183 1536 5235; x_wconf 71' lang='lat' dir='ltr'><strong>pag.</strong></span> <span class='ocrx_word' id='word_1_740' title='bbox 1573 5164 1694 5221; x_wconf 86' lang='grc'><strong>199.</strong></span> 
     </span>
    </p>
   </div>
   <div class='ocr_carea' id='block_1_100' title="bbox 461 5227 2041 5308">
    <p class='ocr_par' dir='ltr' id='par_1_100' title="bbox 461 5227 2041 5308">
     <span class='ocr_line' id='line_1_103' title="bbox 461 5227 2041 5308; baseline 0.002 -19"><span class='ocrx_word' id='word_1_741' title='bbox 461 5227 576 5307; x_wconf 60' lang='grc'>(98⁷)</span> <span class='ocrx_word' id='word_1_742' title='bbox 628 5227 935 5303; x_wconf 81' lang='grc' dir='ltr'>Στοιϐάζει,</span> <span class='ocrx_word' id='word_1_743' title='bbox 979 5227 1186 5308; x_wconf 84' lang='lat' dir='ltr'><strong>nempe</strong></span> <span class='ocrx_word' id='word_1_744' title='bbox 1215 5237 1243 5290; x_wconf 83' lang='lat'><strong>6</strong></span> <span class='ocrx_word' id='word_1_745' title='bbox 1283 5227 1588 5308; x_wconf 77' lang='grc' dir='ltr'>θεωρητής,</span> <span class='ocrx_word' id='word_1_746' title='bbox 1627 5235 1813 5307; x_wconf 75' lang='lat' dir='ltr'><strong>stipat,</strong></span> <span class='ocrx_word' id='word_1_747' title='bbox 1852 5236 1909 5292; x_wconf 90' lang='lat' dir='ltr'><strong>id</strong></span> <span class='ocrx_word' id='word_1_748' title='bbox 1951 5241 2041 5294; x_wconf 85' lang='lat' dir='ltr'><strong>est</strong></span> 
     </span>
    </p>
   </div>
   <div class='ocr_carea' id='block_1_101' title="bbox 393 5308 2039 5390">
    <p class='ocr_par' dir='ltr' id='par_1_101' title="bbox 393 5308 2039 5390">
     <span class='ocr_line' id='line_1_104' title="bbox 393 5308 2039 5390; baseline 0.002 -27"><span class='ocrx_word' id='word_1_749' title='bbox 393 5325 576 5390; x_wconf 70' lang='lat' dir='ltr'><strong>unum</strong></span> <span class='ocrx_word' id='word_1_750' title='bbox 608 5323 816 5390; x_wconf 78' lang='lat' dir='ltr'><strong>equum</strong></span> <span class='ocrx_word' id='word_1_751' title='bbox 850 5311 1088 5379; x_wconf 87' lang='lat' dir='ltr'><strong>apponit</strong></span> <span class='ocrx_word' id='word_1_752' title='bbox 1118 5309 1188 5362; x_wconf 90' lang='lat' dir='ltr'><strong>ad</strong></span> <span class='ocrx_word' id='word_1_753' title='bbox 1216 5308 1370 5364; x_wconf 86' lang='lat' dir='ltr'><strong>latus</strong></span> <span class='ocrx_word' id='word_1_754' title='bbox 1401 5308 1665 5374; x_wconf 89' lang='lat' dir='ltr'><strong>alterius,</strong></span> <span class='ocrx_word' id='word_1_755' title='bbox 1698 5309 2039 5377; x_wconf 89' lang='lat' dir='ltr'><strong>condensat,</strong></span> 
     </span>
    </p>
   </div>
   <div class='ocr_carea' id='block_1_102' title="bbox 395 5380 908 5450">
    <p class='ocr_par' dir='ltr' id='par_1_102' title="bbox 395 5380 908 5450">
     <span class='ocr_line' id='line_1_105' title="bbox 395 5380 908 5450; baseline -0.004 -15"><span class='ocrx_word' id='word_1_756' title='bbox 395 5380 674 5435; x_wconf 90' lang='lat' dir='ltr'><strong>confercit</strong></span> <span class='ocrx_word' id='word_1_757' title='bbox 703 5396 908 5450; x_wconf 88' lang='lat' dir='ltr'><strong>equos.</strong></span> 
     </span>
    </p>
   </div>
   <div class='ocr_carea' id='block_1_103' title="bbox 462 5449 2042 5522">
    <p class='ocr_par' dir='ltr' id='par_1_103' title="bbox 462 5449 2042 5522">
     <span class='ocr_line' id='line_1_106' title="bbox 462 5449 2042 5522; baseline 0.001 -17"><span class='ocrx_word' id='word_1_758' title='bbox 462 5453 541 5521; x_wconf 91' lang='lat' dir='ltr'><strong>(t)</strong></span> <span class='ocrx_word' id='word_1_759' title='bbox 597 5452 660 5505; x_wconf 87' lang='lat' dir='ltr'><strong>Id</strong></span> <span class='ocrx_word' id='word_1_760' title='bbox 728 5449 814 5506; x_wconf 89' lang='lat' dir='ltr'><strong>est</strong></span> <span class='ocrx_word' id='word_1_761' title='bbox 869 5449 1141 5520; x_wconf 85' lang='lat' dir='ltr'><strong>copulam,</strong></span> <span class='ocrx_word' id='word_1_762' title='bbox 1213 5455 1638 5518; x_wconf 64' lang='lat' dir='ltr'><strong>coagmentum,</strong></span> <span class='ocrx_word' id='word_1_763' title='bbox 1706 5449 2042 5522; x_wconf 75' lang='lat' dir='ltr'><strong>collegium,</strong></span> 
     </span>
    </p>
   </div>
   <div class='ocr_carea' id='block_1_104' title="bbox 391 5521 1385 5596">
    <p class='ocr_par' dir='ltr' id='par_1_104' title="bbox 391 5521 1385 5596">
     <span class='ocr_line' id='line_1_107' title="bbox 391 5521 1385 5596; baseline 0 -16"><span class='ocrx_word' id='word_1_764' title='bbox 391 5539 619 5596; x_wconf 83' lang='lat' dir='ltr'><strong>corpus,</strong></span> <span class='ocrx_word' id='word_1_765' title='bbox 654 5523 726 5577; x_wconf 90' lang='lat' dir='ltr'><strong>ab</strong></span> <span class='ocrx_word' id='word_1_766' title='bbox 758 5521 893 5596; x_wconf 73' lang='grc' dir='ltr'>ἄριυ,</span> <span class='ocrx_word' id='word_1_767' title='bbox 924 5533 1077 5590; x_wconf 80' lang='lat' dir='ltr'><strong>apto,</strong></span> <span class='ocrx_word' id='word_1_768' title='bbox 1106 5538 1385 5596; x_wconf 81' lang='lat' dir='ltr'><strong>compono.</strong></span> 
     </span>
    </p>
   </div>
   <div class='ocr_carea' id='block_1_105' title="bbox 468 5594 1646 5666">
    <p class='ocr_par' dir='ltr' id='par_1_105' title="bbox 468 5594 1646 5666">
     <span class='ocr_line' id='line_1_108' title="bbox 468 5594 1646 5666; baseline 0.001 -19"><span class='ocrx_word' id='word_1_769' title='bbox 468 5595 548 5666; x_wconf 83' lang='lat'><strong>(&#39;2)</strong></span> <span class='ocrx_word' id='word_1_770' title='bbox 582 5596 647 5666; x_wconf 82' lang='lat' dir='ltr'><strong>In</strong></span> <span class='ocrx_word' id='word_1_771' title='bbox 677 5594 952 5666; x_wconf 69' lang='lat' dir='ltr'><strong>quartum</strong></span> <span class='ocrx_word' id='word_1_772' title='bbox 981 5611 1218 5650; x_wconf 87' lang='lat' dir='ltr'><strong>cursum</strong></span> <span class='ocrx_word' id='word_1_773' title='bbox 1253 5594 1338 5650; x_wconf 90' lang='lat' dir='ltr'><strong>vel</strong></span> <span class='ocrx_word' id='word_1_774' title='bbox 1371 5594 1646 5666; x_wconf 69' lang='lat' dir='ltr'><strong>palmam.</strong></span> 
     </span>
    </p>
   </div>
   <div class='ocr_carea' id='block_1_106' title="bbox 461 5661 974 5736">
    <p class='ocr_par' dir='ltr' id='par_1_106' title="bbox 461 5661 974 5736">
     <span class='ocr_line' id='line_1_109' title="bbox 461 5661 974 5736; baseline 0.002 -16"><span class='ocrx_word' id='word_1_775' title='bbox 461 5661 546 5736; x_wconf 86' lang='grc'>(3)</span> <span class='ocrx_word' id='word_1_776' title='bbox 599 5661 916 5727; x_wconf 72' lang='grc' dir='ltr'>Μ.σταύλας</span> <span class='ocrx_word' id='word_1_777' title='bbox 960 5684 974 5733; x_wconf 82' lang='grc' dir='ltr'>ς</span> 
     </span>
    </p>
   </div>
   <div class='ocr_carea' id='block_1_107' title="bbox 1025 5658 2051 5756">
    <p class='ocr_par' dir='ltr' id='par_1_107' title="bbox 1025 5658 2051 5756">
     <span class='ocr_line' id='line_1_110' title="bbox 1025 5658 2051 5756; baseline 0.007 -7"><span class='ocrx_word' id='word_1_778' title='bbox 1025 5666 1282 5756; x_wconf 55' lang='lat' dir='ltr'><strong>semes-</strong></span> <span class='ocrx_word' id='word_1_779' title='bbox 1328 5658 1531 5756; x_wconf 63' lang='grc' dir='ltr'>ξάύλας</span> <span class='ocrx_word' id='word_1_780' title='bbox 1579 5672 1676 5756; x_wconf 62' lang='lat'><strong>923</strong></span> <span class='ocrx_word' id='word_1_781' title='bbox 1715 5658 1942 5756; x_wconf 52' lang='grc' dir='ltr'><strong>τέεὶαῂ</strong></span> <span class='ocrx_word' id='word_1_782' title='bbox 1987 5670 2051 5756; x_wconf 65' lang='grc' dir='ltr'>με</span> 
     </span>
    </p>
   </div>
   <div class='ocr_carea' id='block_1_108' title="bbox 391 5733 2046 5811">
    <p class='ocr_par' dir='ltr' id='par_1_108' title="bbox 391 5733 2046 5811">
     <span class='ocr_line' id='line_1_111' title="bbox 391 5733 2046 5811; baseline 0.001 -19"><span class='ocrx_word' id='word_1_783' title='bbox 391 5733 568 5809; x_wconf 80' lang='lat' dir='ltr'><strong>paulo</strong></span> <span class='ocrx_word' id='word_1_784' title='bbox 601 5742 733 5808; x_wconf 89' lang='lat' dir='ltr'><strong>post</strong></span> <span class='ocrx_word' id='word_1_785' title='bbox 760 5747 814 5793; x_wconf 88' lang='lat' dir='ltr'><strong>et</strong></span> <span class='ocrx_word' id='word_1_786' title='bbox 844 5755 902 5810; x_wconf 78' lang='grc' dir='ltr'>ρ.</span> <span class='ocrx_word' id='word_1_787' title='bbox 929 5738 1058 5806; x_wconf 84' lang='grc'><strong>213,</strong></span> <span class='ocrx_word' id='word_1_788' title='bbox 1089 5738 1188 5793; x_wconf 85' lang='lat' dir='ltr'><strong>ubi</strong></span> <span class='ocrx_word' id='word_1_789' title='bbox 1217 5739 1252 5806; x_wconf 80' lang='grc' dir='ltr'>ἡ</span> <span class='ocrx_word' id='word_1_790' title='bbox 1285 5736 1509 5811; x_wconf 74' lang='grc' dir='ltr'>πέμπτη</span> <span class='ocrx_word' id='word_1_791' title='bbox 1541 5733 1719 5791; x_wconf 73' lang='grc' dir='ltr'>ταϐλα</span> <span class='ocrx_word' id='word_1_792' title='bbox 1748 5745 1856 5794; x_wconf 87' lang='lat' dir='ltr'><strong>est.</strong></span> <span class='ocrx_word' id='word_1_793' title='bbox 1898 5738 2046 5803; x_wconf 87' lang='lat' dir='ltr'><strong>Quid</strong></span> 
     </span>
    </p>
   </div>
   <div class='ocr_carea' id='block_1_109' title="bbox 2147 5091 3793 5167">
    <p class='ocr_par' dir='ltr' id='par_1_109' title="bbox 2147 5091 3793 5167">
     <span class='ocr_line' id='line_1_112' title="bbox 2147 5091 3793 5167; baseline 0.002 -18"><span class='ocrx_word' id='word_1_794' title='bbox 2147 5099 2343 5167; x_wconf 87' lang='lat' dir='ltr'><strong>autem</strong></span> <span class='ocrx_word' id='word_1_795' title='bbox 2380 5091 2594 5146; x_wconf 88' lang='lat' dir='ltr'><strong>fuerint</strong></span> <span class='ocrx_word' id='word_1_796' title='bbox 2623 5091 2854 5167; x_wconf 64' lang='lat' dir='ltr'><strong>tabula;</strong></span> <span class='ocrx_word' id='word_1_797' title='bbox 2881 5091 2947 5167; x_wconf 80' lang='lat' dir='ltr'><strong>in</strong></span> <span class='ocrx_word' id='word_1_798' title='bbox 2981 5092 3158 5161; x_wconf 90' lang='lat' dir='ltr'><strong>circo,</strong></span> <span class='ocrx_word' id='word_1_799' title='bbox 3203 5093 3262 5148; x_wconf 88' lang='lat' dir='ltr'><strong>in</strong></span> <span class='ocrx_word' id='word_1_800' title='bbox 3302 5111 3445 5167; x_wconf 83' lang='lat' dir='ltr'><strong>quas</strong></span> <span class='ocrx_word' id='word_1_801' title='bbox 3486 5097 3580 5163; x_wconf 90' lang='lat' dir='ltr'><strong>qui</strong></span> <span class='ocrx_word' id='word_1_802' title='bbox 3621 5112 3793 5152; x_wconf 89' lang='lat' dir='ltr'><strong>curru</strong></span> 
     </span>
    </p>
   </div>
   <div class='ocr_carea' id='block_1_110' title="bbox 2149 5164 3800 5237">
    <p class='ocr_par' dir='ltr' id='par_1_110' title="bbox 2149 5164 3800 5237">
     <span class='ocr_line' id='line_1_113' title="bbox 2149 5164 3800 5237; baseline 0.002 -17"><span class='ocrx_word' id='word_1_803' title='bbox 2149 5166 2495 5237; x_wconf 59' lang='lat' dir='ltr'><strong>impingeret</strong></span> <span class='ocrx_word' id='word_1_804' title='bbox 2541 5166 2808 5234; x_wconf 85' lang='lat' dir='ltr'><strong>agitator,</strong></span> <span class='ocrx_word' id='word_1_805' title='bbox 2861 5164 3109 5220; x_wconf 88' lang='lat' dir='ltr'><strong>debebat</strong></span> <span class='ocrx_word' id='word_1_806' title='bbox 3146 5164 3332 5221; x_wconf 82' lang='lat' dir='ltr'><strong>curru</strong></span> <span class='ocrx_word' id='word_1_807' title='bbox 3357 5170 3704 5224; x_wconf 87' lang='lat' dir='ltr'><strong>descendere</strong></span> <span class='ocrx_word' id='word_1_808' title='bbox 3742 5175 3800 5224; x_wconf 91' lang='lat' dir='ltr'><strong>et</strong></span> 
     </span>
    </p>
   </div>
   <div class='ocr_carea' id='block_1_111' title="bbox 2193 5237 3794 5303">
    <p class='ocr_par' dir='ltr' id='par_1_111' title="bbox 2193 5237 3794 5303">
     <span class='ocr_line' id='line_1_114' title="bbox 2193 5237 3794 5303; baseline 0.002 -10"><span class='ocrx_word' id='word_1_809' title='bbox 2193 5243 2323 5293; x_wconf 88' lang='lat' dir='ltr'><strong>edes</strong></span> <span class='ocrx_word' id='word_1_810' title='bbox 2356 5252 2538 5303; x_wconf 74' lang='lat' dir='ltr'><strong>usque</strong></span> <span class='ocrx_word' id='word_1_811' title='bbox 2579 5237 2647 5289; x_wconf 77' lang='lat' dir='ltr'><strong>ad</strong></span> <span class='ocrx_word' id='word_1_812' title='bbox 2691 5238 2842 5291; x_wconf 86' lang='lat' dir='ltr'><strong>fores</strong></span> <span class='ocrx_word' id='word_1_813' title='bbox 2880 5238 3015 5291; x_wconf 89' lang='lat' dir='ltr'><strong>circi</strong></span> <span class='ocrx_word' id='word_1_814' title='bbox 3057 5237 3162 5302; x_wconf 90' lang='lat' dir='ltr'><strong>ire,</strong></span> <span class='ocrx_word' id='word_1_815' title='bbox 3206 5238 3350 5293; x_wconf 83' lang='lat' dir='ltr'><strong>mihi</strong></span> <span class='ocrx_word' id='word_1_816' title='bbox 3391 5257 3503 5295; x_wconf 88' lang='lat' dir='ltr'><strong>non</strong></span> <span class='ocrx_word' id='word_1_817' title='bbox 3545 5245 3794 5296; x_wconf 87' lang='lat' dir='ltr'><strong>constat.</strong></span> 
     </span>
    </p>
   </div>
   <div class='ocr_carea' id='block_1_112' title="bbox 2177 5307 3794 5382">
    <p class='ocr_par' dir='ltr' id='par_1_112' title="bbox 2177 5307 3794 5382">
     <span class='ocr_line' id='line_1_115' title="bbox 2177 5307 3794 5382; baseline 0.001 -17"><span class='ocrx_word' id='word_1_818' title='bbox 2177 5310 2320 5365; x_wconf 84' lang='lat' dir='ltr'><strong>l‘orte</strong></span> <span class='ocrx_word' id='word_1_819' title='bbox 2350 5309 2503 5363; x_wconf 88' lang='lat' dir='ltr'><strong>idem</strong></span> <span class='ocrx_word' id='word_1_820' title='bbox 2538 5307 2751 5382; x_wconf 11' lang='lat' dir='ltr'><strong>fugerint</strong></span> <span class='ocrx_word' id='word_1_821' title='bbox 2779 5323 2910 5364; x_wconf 89' lang='lat' dir='ltr'><strong>cum</strong></span> <span class='ocrx_word' id='word_1_822' title='bbox 2945 5309 3241 5382; x_wconf 80' lang='lat' dir='ltr'><strong>cancellis,</strong></span> <span class='ocrx_word' id='word_1_823' title='bbox 3273 5327 3403 5382; x_wconf 71' lang='lat' dir='ltr'><strong>qua:</strong></span> <span class='ocrx_word' id='word_1_824' title='bbox 3435 5312 3603 5366; x_wconf 82' lang='lat' dir='ltr'><strong>facile</strong></span> <span class='ocrx_word' id='word_1_825' title='bbox 3635 5329 3794 5366; x_wconf 89' lang='lat' dir='ltr'><strong>rum-</strong></span> 
     </span>
    </p>
   </div>
   <div class='ocr_carea' id='block_1_113' title="bbox 2154 5379 3794 5455">
    <p class='ocr_par' dir='ltr' id='par_1_113' title="bbox 2154 5379 3794 5455">
     <span class='ocr_line' id='line_1_116' title="bbox 2154 5379 3794 5455; baseline 0.002 -19"><span class='ocrx_word' id='word_1_826' title='bbox 2154 5387 2314 5455; x_wconf 86' lang='lat' dir='ltr'><strong>peret</strong></span> <span class='ocrx_word' id='word_1_827' title='bbox 2334 5395 2518 5448; x_wconf 74' lang='lat' dir='ltr'><strong>equus</strong></span> <span class='ocrx_word' id='word_1_828' title='bbox 2535 5379 2604 5433; x_wconf 80' lang='lat' dir='ltr'><strong>ad</strong></span> <span class='ocrx_word' id='word_1_829' title='bbox 2629 5395 2862 5455; x_wconf 77' lang='lat' dir='ltr'><strong>cursum</strong></span> <span class='ocrx_word' id='word_1_830' title='bbox 2887 5381 3170 5455; x_wconf 74' lang='lat' dir='ltr'><strong>anhelans</strong></span> <span class='ocrx_word' id='word_1_831' title='bbox 3187 5379 3451 5455; x_wconf 15' lang='lat' dir='ltr'><strong>Aetimora:</strong></span> <span class='ocrx_word' id='word_1_832' title='bbox 3476 5384 3794 5454; x_wconf 78' lang='lat' dir='ltr'><strong>inpatiens.</strong></span> 
     </span>
    </p>
   </div>
   <div class='ocr_carea' id='block_1_114' title="bbox 2153 5451 3793 5525">
    <p class='ocr_par' dir='ltr' id='par_1_114' title="bbox 2153 5451 3793 5525">
     <span class='ocr_line' id='line_1_117' title="bbox 2153 5451 3793 5525; baseline -0.001 -16"><span class='ocrx_word' id='word_1_833' title='bbox 2153 5451 2424 5509; x_wconf 80' lang='lat' dir='ltr'><strong>Carceres</strong></span> <span class='ocrx_word' id='word_1_834' title='bbox 2451 5457 2603 5525; x_wconf 83' lang='lat' dir='ltr'><strong>certe</strong></span> <span class='ocrx_word' id='word_1_835' title='bbox 2630 5451 2848 5525; x_wconf 68' lang='lat' dir='ltr'><strong>tabulas</strong></span> <span class='ocrx_word' id='word_1_836' title='bbox 2883 5452 3138 5523; x_wconf 88' lang='lat' dir='ltr'><strong>appellat</strong></span> <span class='ocrx_word' id='word_1_837' title='bbox 3176 5453 3454 5510; x_wconf 86' lang='lat' dir='ltr'><strong>Sidonius</strong></span> <span class='ocrx_word' id='word_1_838' title='bbox 3490 5451 3743 5525; x_wconf 82' lang='lat' dir='ltr'><strong>Apollin.</strong></span> <span class='ocrx_word' id='word_1_839' title='bbox 3776 5467 3793 5508; x_wconf 88' lang='lat'>:</span> 
     </span>
    </p>
   </div>
   <div class='ocr_carea' id='block_1_115' title="bbox 2438 5521 3657 5599">
    <p class='ocr_par' dir='ltr' id='par_1_115' title="bbox 2438 5521 3657 5599">
     <span class='ocr_line' id='line_1_118' title="bbox 2438 5521 3657 5599; baseline 0.005 -22"><span class='ocrx_word' id='word_1_840' title='bbox 2438 5521 2537 5599; x_wconf 62' lang='lat' dir='ltr'><strong>illi</strong></span> <span class='ocrx_word' id='word_1_841' title='bbox 2573 5521 2650 5599; x_wconf 67' lang='lat' dir='ltr'><strong>ad</strong></span> <span class='ocrx_word' id='word_1_842' title='bbox 2679 5521 2935 5599; x_wconf 72' lang='lat' dir='ltr'><strong>claustra</strong></span> <span class='ocrx_word' id='word_1_843' title='bbox 2960 5527 3230 5599; x_wconf 72' lang='lat' dir='ltr'><strong>fremunt,</strong></span> <span class='ocrx_word' id='word_1_844' title='bbox 3269 5521 3657 5599; x_wconf 70' lang='lat' dir='ltr'><strong>repagulisque</strong></span> 
     </span>
    </p>
   </div>
   <div class='ocr_carea' id='block_1_116' title="bbox 2441 5595 3529 5666">
    <p class='ocr_par' dir='ltr' id='par_1_116' title="bbox 2441 5595 3529 5666">
     <span class='ocr_line' id='line_1_119' title="bbox 2441 5595 3529 5666; baseline 0.004 -16"><span class='ocrx_word' id='word_1_845' title='bbox 2441 5595 2787 5661; x_wconf 79' lang='lat' dir='ltr'><strong>lncumbunt,</strong></span> <span class='ocrx_word' id='word_1_846' title='bbox 2813 5595 2982 5649; x_wconf 77' lang='lat' dir='ltr'><strong>simul</strong></span> <span class='ocrx_word' id='word_1_847' title='bbox 3026 5599 3077 5650; x_wconf 77' lang='lat' dir='ltr'><strong>et</strong></span> <span class='ocrx_word' id='word_1_848' title='bbox 3114 5612 3214 5666; x_wconf 84' lang='lat' dir='ltr'><strong>per</strong></span> <span class='ocrx_word' id='word_1_849' title='bbox 3250 5601 3529 5654; x_wconf 74' lang='lat' dir='ltr'><strong>obseratas</strong></span> 
     </span>
    </p>
   </div>
   <div class='ocr_carea' id='block_1_117' title="bbox 2445 5666 3529 5740">
    <p class='ocr_par' dir='ltr' id='par_1_117' title="bbox 2445 5666 3529 5740">
     <span class='ocr_line' id='line_1_120' title="bbox 2445 5666 3529 5740; baseline 0.01 -25"><span class='ocrx_word' id='word_1_850' title='bbox 2445 5666 2847 5740; x_wconf 52' lang='lat' dir='ltr'><strong>Trans/amant</strong></span> <span class='ocrx_word' id='word_1_851' title='bbox 2866 5667 3079 5740; x_wconf 75' lang='lat' dir='ltr'><strong>tabulas</strong></span> <span class='ocrx_word' id='word_1_852' title='bbox 3111 5697 3179 5712; x_wconf 76' lang='grc' dir='ltr'><strong>-ο</strong></span> <span class='ocrx_word' id='word_1_853' title='bbox 3203 5678 3253 5724; x_wconf 75' lang='grc' dir='ltr'><strong>ει</strong></span> <span class='ocrx_word' id='word_1_854' title='bbox 3284 5672 3529 5740; x_wconf 77' lang='lat' dir='ltr'><strong>inquieto</strong></span> 
     </span>
    </p>
   </div>
   <div class='ocr_carea' id='block_1_118' title="bbox 2447 5737 3492 5811">
    <p class='ocr_par' dir='ltr' id='par_1_118' title="bbox 2447 5737 3492 5811">
     <span class='ocr_line' id='line_1_121' title="bbox 2447 5737 3492 5811; baseline 0.005 -21"><span class='ocrx_word' id='word_1_855' title='bbox 2447 5738 2723 5792; x_wconf 73' lang='lat' dir='ltr'><strong>Durnium</strong></span> <span class='ocrx_word' id='word_1_856' title='bbox 2752 5737 2881 5794; x_wconf 70' lang='lat' dir='ltr'><strong>vade</strong></span> <span class='ocrx_word' id='word_1_857' title='bbox 2916 5738 3159 5811; x_wconf 72' lang='lat' dir='ltr'><strong>stipitem</strong></span> <span class='ocrx_word' id='word_1_858' title='bbox 3185 5737 3492 5810; x_wconf 80' lang='lat' dir='ltr'><strong>ﬂagellant.</strong></span> 
     </span>
    </p>
   </div>
  </div>
