4138 6212
411 327 531 390 635

1461 323 1977 388 CONSTANTINI
2023 324 2713 390 PORPHYROGENITI

3696 325 3829 387 636

414 464 529 519 sito
558 466 886 528 coronatur,
918 474 1019 530 per
1048 456 1406 525 cubiculum,
1429 474 1461 513 a
1493 458 1777 528 praefectis
1799 459 1926 529 ejus
1956 459 2055 515 sti-

2186 459 2359 523 κὺτοῦ,
2391 456 2781 532 προσκαλεῖται
2826 457 2858 511 6
2903 453 3264 531 πραιπόσιτος
3302 456 3432 519 τοὺς
3465 456 3829 532 βεστήτορας,

412 558 605 624 patus,
641 547 937 619 egreditur
992 547 1166 619 inque
1223 546 1413 602 medio
1470 553 1731 614 augustas
1791 549 2049 619 porticus

412 637 786 703 constitutus,
822 640 1150 707 prmposito,
1220 635 1270 690 is
1326 635 1562 691 ostiario
1640 637 1872 707 signum
1928 638 2047 698 dat.

414 727 513 795 qui
554 726 825 797 patricios
865 726 1071 780 deinde
1097 725 1375 792 adducit;
1435 725 1626 781 velum
1686 732 1885 798 portae,
1937 743 2050 799 qua

410 815 829 887 ingrediuntur,
868 815 1232 870 silentiariua
1290 813 1463 870 tollit.
1520 815 1783 885 Dumque
1830 816 2052 872 intrant

410 903 637 977 patricii
660 918 794 959 cum
825 905 1115 975 strategis,
1149 905 1739 975 procumbunt,ethis
1757 905 2049 976 surgenti-

408 994 541 1062 bus,
591 992 909 1064 imperator
949 993 1255 1064 praeposito
1300 993 1536 1065 signum
1593 995 1712 1059 dat,
1766 994 1815 1050 is
1856 994 2046 1049 dicit:

410 1082 701 1150 «Jubete;
736 1104 765 1131 ››
798 1082 907 1155 ipsi
944 1082 1095 1137 bona
1126 1099 1191 1138 ac
1239 1082 1517 1138 diuturna
1558 1087 1823 1154 tempora
1845 1099 2049 1155 appre-

408 1177 635 1226 cantur.
669 1171 806 1226 lnde
839 1171 1122 1242 praefectis
1154 1170 1441 1238 cubiculo,
1476 1171 1732 1241 patriciis
1762 1174 1816 1227 et
1851 1176 2055 1227 strate-

411 1263 501 1333 gis
527 1262 966 1329 comitantibus,
1003 1261 1073 1315 ad
1106 1261 1453 1328 triclinium,
1486 1262 1544 1316 in
1574 1278 1688 1332 quo
1720 1276 1787 1317 eo
1809 1260 1901 1316 die
1922 1277 2051 1315 con-

415 1352 625 1405 vivium
658 1351 925 1420 celebrat,
961 1351 1172 1406 transit
1202 1367 1266 1406 ac
1296 1350 1372 1406 ibi
1407 1350 1713 1417 subsistit;
1748 1350 2052 1406 silentiarii

414 1442 531 1495 trcs
562 1446 660 1494 aut
691 1444 936 1511 quatuor
965 1439 1208 1505 intrant,
1233 1456 1262 1495 e
1292 1439 1503 1511 quibus
1532 1446 1672 1507 tres,
1723 1456 1872 1511 pone
1902 1438 2058 1495 exci-

412 1528 637 1599 pientes
690 1529 1120 1600 imperatorem,
1181 1530 1252 1583 ad
1312 1528 1574 1583 dextram
1633 1528 2055 1600 digrediuntur,

413 1634 565 1673 unus
598 1618 655 1672 in
689 1618 1269 1683 medio,consistunt,
1293 1620 1348 1671 et
1371 1621 1681 1688 postquam
1709 1617 2057 1688 praepositus

411 1709 643 1780 signum
666 1708 736 1762 ab
762 1708 1109 1778 imperatore
1140 1709 1383 1778 accepit,
1410 1706 1733 1762 silentiario
1765 1707 1824 1760 in
1866 1706 2057 1761 medio

417 1800 726 1853 comitatus
783 1796 1140 1866 imperatorii
1197 1796 1512 1853 constituto
1543 1797 1779 1868 signum
1807 1799 1925 1865 dat,
1957 1797 2057 1869 qui

418 1888 609 1942 velum
634 1887 952 1959 ingressus,
976 1902 1115 1941 voce
1135 1886 1285 1942 elata
1308 1887 1443 1941 dicit
1469 1903 1482 1941 :
1509 1911 1536 1937 ‹‹
1578 1887 1743 1952 Leva,
1779 1908 1807 1937 ››
1840 1893 1896 1942 et
1916 1886 2060 1941 ceri-

426 1976 776 2031 moniarium
811 1976 1066 2041 adducit,
1105 1975 1283 2045 inque
1314 1975 1501 2030 medio
1534 1976 1855 2031 astantium
1889 1974 2063 2031 collo-

422 2073 532 2121 cat.
594 2064 964 2134 Prmpositus,
1007 2064 1175 2135 signo
1208 2064 1279 2119 ab
1311 2064 1656 2134 imperatore
1688 2065 1841 2133 dato,
1877 2064 2060 2137 magi-

420 2159 540 2209 stro
592 2153 828 2223 signum
861 2153 957 2207 dat
990 2152 1076 2217 ;si
1109 2153 1156 2207 is
1193 2153 1337 2207 forte
1368 2156 1598 2220 absens,
1632 2162 1736 2219 est,
1770 2154 2057 2223 questori,

420 2243 696 2314 magister
725 2242 1152 2310 cerimoniario,
1177 2241 1375 2298 dicens
1409 2258 1477 2296 :«
1527 2244 1811 2313 Comites;
1847 2266 1875 2294 »
1908 2244 1957 2299 is
1989 2244 2060 2298 ad

417 2332 604 2389 velum
622 2331 795 2387 dicit:
831 2352 859 2381 ‹‹
893 2331 1101 2400 Leve,»
1124 2337 1180 2388 et
1211 2337 1510 2388 senatores
1531 2333 1800 2405 ingressi,
1825 2333 2065 2390 adorant

418 2436 643 2493 suoque
673 2420 875 2476 inloco
896 2424 1248 2479 consistunt.
1272 2423 1490 2477 Deinde
1516 2422 1827 2494 imperator
1852 2423 2064 2479 iterum

418 2509 755 2584 praeposito,
789 2509 945 2566 200
989 2511 1333 2579 praepositus
1375 2510 1654 2583 magistro
1685 2512 1919 2583 signum
1944 2514 2063 2577 dat,

417 2599 471 2655 is
503 2599 927 2667 cerimoniario,
960 2600 1157 2655 dicens
1194 2616 1209 2654 :
1252 2620 1280 2649 ‹‹
1312 2600 1622 2669 Praefecto;
1657 2624 1685 2651 »
1718 2603 2065 2658 cerimonia-

421 2689 543 2744 rius
598 2704 729 2743 vero
787 2687 980 2743 velum
1026 2689 1345 2759 ingressus,
1396 2689 1575 2745 dicit:
1610 2712 1638 2739 «
1676 2690 1823 2746 Leva
1860 2707 1874 2759 ;
1910 2711 1938 2741 »
1972 2708 2066 2746 ex-

420 2778 721 2849 praafectus
752 2777 994 2845 accedit,
1036 2782 1114 2845 et,
1172 2778 1504 2834 adoratione
1560 2787 1813 2851 peracta,
1850 2780 1907 2834 in
1942 2781 2065 2836 loco

420 2884 523 2925 suo
546 2868 839 2924 consistit.

2161 548 2253 602 καὶ
2282 545 2612 610 εἰσελθόντες
2660 543 3063 619 περιϐάλλουσι
3112 546 3212 616 τήν
3266 543 3501 620 χλανίδα
3530 546 3623 601 τὸν
3661 546 3825 621 βασι-

2161 634 2279 705 λέα,
2335 635 2434 699 εἴθ’
2488 635 2664 698 οὕτως
2696 656 2941 709 στεφεται
2994 635 3098 689 ὑπὸ
3143 638 3241 691 106
3288 634 3679 709 πραιποσίτου,
3726 635 3818 689 καὶ

2160 724 2435 799 ἐξέρχεται
2468 725 2570 779 ἀπὸ
2620 729 2716 780 106
2767 730 3053 795 κοιτῶνος,
3106 721 3538 801 δηριγευόμενος
3571 723 3675 778 ὑπὸ
3709 728 3817 779 τῶν

2162 814 2443 892 ἀρχόντων
2471 835 2567 869 τοι)
2611 808 3029 883 κοῦϐουκλείου,
3078 815 3168 869 καὶ
3218 815 3386 875 ἑστὼς
3435 812 3487 868 ἐν
3536 817 3619 885 τῷ
3671 812 3818 887 μέσῳ

2162 908 2257 958 106
2288 908 2494 973 στενοῦ,
2525 904 2664 958 νεύει
2712 908 2791 975 τῷ
2837 903 3206 979 πραιποσίτῳ,
3237 903 3482 964 κάκεῖνος
3526 906 3604 974 τῷ
3636 902 3816 957 ὀστια-

2165 994 2286 1068 ρίῳ,
2319 991 2565 1055 κᾶκεῖνος
2617 993 2816 1070 εἰσάγει
2863 995 2989 1057 τοὺς
3034 993 3374 1069 πατρικίους·
3422 994 3487 1048 τὸ
3537 990 3594 1048 δὲ
3639 992 3816 1068 βῆλον

2160 1090 2261 1151 τῆς
2308 1081 2513 1152 πύλης,
2565 1080 2634 1137 δι’
2692 1086 2759 1152 ἧς
2814 1084 3182 1158 εἰσέρχονται,
3234 1081 3597 1160 σιλεντιάριος
3654 1080 3819 1158 αἶ’ρει.

2166 1171 2513 1233 Εἷσελθόντες
2571 1169 2627 1227 δὲ
2686 1174 2737 1227 οἱ
2794 1174 3073 1247 πατρίκιοι
3137 1173 3272 1246 μετὰ
3324 1176 3432 1227 τῶν
3494 1176 3819 1248 στρατηγῶν

2167 1262 2447 1329 πίπτουσι,
2506 1262 2595 1316 καὶ
2664 1261 3024 1331 ἀναστάντων,
3098 1262 3237 1317 νεύει
3314 1262 3342 1316 6
3422 1258 3679 1336 βασιλεὺς
3744 1264 3823 1334 τῷ

2165 1350 2530 1425 πραιποσίτῳ,
2593 1352 2682 1405 καὶ
2760 1348 2931 1425 λέγει·
2998 1375 3018 1402 ι
3081 1349 3399 1405 Κελεύσατε’
3460 1374 3489 1403 ››
3558 1349 3715 1405 αὐτοὶ
3770 1348 3828 1405 δὲ

2172 1436 2559 1512 ὑπερεύχονται
2616 1439 2697 1492 τὸ·
2763 1462 2789 1489 ‹‹
2824 1437 2918 1500 El:
2976 1436 3226 1502 πολλοὺς
3254 1439 3346 1493 καὶ
3395 1435 3634 1515 ἀγαθοὺς
3684 1436 3828 1512 χρό-

2170 1546 2314 1589 νους.
2357 1547 2381 1577 ο
2446 1525 2549 1582 Καὶ
2599 1525 2795 1581 ἐκεῖθεν
2844 1523 3272 1601 δηριγευόμενος
3325 1527 3353 1581 6
3407 1523 3662 1601 βασιλεὺς
3723 1527 3825 1581 ὑπό

2166 1638 2225 1671 τε
2274 1620 2382 1670 τῶν
2440 1614 2726 1689 ἀρχόντων
2783 1620 2881 1670 106
2936 1611 3353 1685 κουὸουκλείου,
3410 1614 3711 1689 πατρικίων
3766 1637 3823 1671 τε

2168 1704 2258 1759 γαὶ
2318 1708 2661 1780 στρατηγῶν,
2716 1701 2991 1780 διέρχεται
3053 1705 3220 1780 μέχρι
3266 1708 3364 1761 τοῦ
3416 1702 3721 1780 τρικλίνου,
3768 1703 3818 1760 ἐν

2173 1795 2219 1866 ᾧ
2249 1794 2442 1869 ἀριστᾷ
2482 1797 2550 1866 τῇ
2602 1793 2736 1866 αὐτῇ
2786 1792 2987 1868 ἡμέρᾳ,
3038 1794 3128 1849 καὶ
3172 1792 3388 1849 ’ίσταται
3419 1793 3611 1849 ἐκεῖσε⁶
3647 1791 3823 1849 εἰσελ-

2173 1883 2356 1945 Θόντες
2426 1879 2483 1936 δὲ
2548 1881 2901 1954 σιλεντιάριοι
2966 1890 3111 1958 τρεῖς
3169 1885 3203 1954 ἢ
3264 1884 3539 1957 τέσσαρες,
3606 1884 3657 1937 οἱ
3729 1883 3820 1955 μὲν

2169 1978 2315 2047 τρεῖς
2376 1969 2689 2047 διέρχονται
2747 1970 2961 2027 ὄπισθεν
3015 1979 3115 2042 τῆς
3176 1970 3352 2047 δοχῆς
3421 1972 3472 2027 ἐν
3525 1977 3604 2045 τῷ
3662 1971 3817 2045 δεξιῴ

2176 2082 2349 2136 μερει,
2382 2062 2409 2115 6
2443 2058 2499 2115 δὲ
2542 2060 2725 2137 ’ἔτερος
2769 2060 2982 2115 ἵσταται
3044 2064 3230 2133 μέσον,
3284 2062 3376 2116 καὶ
3434 2057 3618 2116 λαϐὼν
3650 2066 3820 2133 νεῦμα

2170 2154 2197 2208 6
2236 2152 2593 2228 πραιτιόσιτος
2626 2151 2771 2225 παρὰ
2817 2156 2912 2207 106
2966 2152 3258 2228 βασιλέως,
3313 2151 3449 2207 νεύει
3505 2157 3583 2223 τῷ
3626 2152 3818 2207 ἑστῶτι

2174 2242 2331 2315 μέσον
2362 2243 2462 2311 τῆς
2505 2240 2679 2316 δοχῆς
2735 2240 3100 2316 σιλεντιαρίῳ,
3159 2242 3430 2311 κάκεῖνος,
3481 2240 3733 2296 ἀπελθὼν
3769 2239 3819 2294 ἐν

2168 2333 2247 2404 τῷ
2283 2333 2464 2407 βήλῳ,
2500 2331 2644 2405 λέγει
2700 2330 2978 2409 μεγάλως·
3035 2355 3063 2383 ι(
3096 2325 3259 2386 Λεῦά·
3293 2354 3319 2386 ι
3371 2330 3459 2386 καὶ
3504 2330 3707 2405 εἰσάγει
3735 2329 3823 2383 τὸν

2170 2426 2269 2488 τῆς
2302 2420 2701 2484 καταστάσεως,
2735 2418 2822 2471 καὶ
2877 2416 3093 2474 ’ίσταται
3157 2418 3316 2491 μέσον
3357 2424 3459 2487 τῆς
3489 2415 3687 2493 δοχῆς.
3720 2416 3823 2472 Καὶ

2175 2502 2360 2562 λαϐὼν
2407 2511 2575 2580 νεῦμα
2643 2508 2670 2561 6
2735 2508 3093 2581 πραιπόσιτος
3159 2508 3306 2581 παρὰ
3371 2511 3470 2562 106
3534 2504 3823 2581 βασιλέως,

2172 2597 2309 2650 νεύει
2369 2600 2448 2667 τῷ
2503 2596 2803 2671 μαγίστρῳ,
2895 2599 2970 2669 μὴ
3054 2596 3323 2673 παρόντος
3388 2593 3443 2650 δὲ
3503 2595 3822 2671 μαγίστρου,

2172 2685 2308 2741 νεύει
2366 2690 2447 2757 τῷ
2503 2683 2844 2761 κοιαίστωρι,
2885 2686 2974 2741 καὶ
3031 2686 3173 2742 νεύει
3236 2686 3539 2763 μάγιστρος
3597 2689 3677 2758 τῷ
3724 2691 3825 2753 τῆς

2171 2776 2568 2845 καταστάσεως,
2620 2773 2819 2851 λέγων’
2888 2802 2907 2827 ι
2958 2776 3232 2850 Κόμητες.
3289 2800 3318 2829 ››
3370 2776 3630 2836 Κάκεῖνος
3673 2772 3822 2851 λέγει

2178 2866 2251 2928 εἷς
2283 2866 2345 2920 τὸ
2388 2864 2581 2942 βῆλον·
2633 2890 2661 2917 ‹‹
2696 2860 2862 2921 Λεϐά⁶
2897 2889 2924 2918 ››
2972 2866 3060 2920 καὶ
3111 2865 3451 2941 εἲσέρχονται
3484 2865 3534 2919 οἱ
3565 2869 3664 2933 τῆς
3697 2885 3822 2938 συγ-

421 2958 656 3033 κχὴτου,
687 2955 775 3010 καὶ
807 2956 1301 3030 προσκυνήσαντες,
1347 2954 1597 3013 ἵστανται
1644 2958 1696 3013 ἐν
1742 2963 1812 3032 τῇ
1853 2959 1995 3027 τάξει
2042 2958 2240 3014 αύτῶν.
2294 2955 2427 3013 Εἶτα
2474 2955 2613 3010 νεύει
2646 2952 2808 3009 πάλιν
2845 2956 2872 3008 6
2908 2952 3162 3031 βασιλεὺς
3191 2961 3270 3028 τῷ
3310 2955 3672 3031 πραιποσίτῳ,
3705 2955 3732 3007 6
3766 2950 3827 3007 δὶ

424 3047 783 3121 πραιπόσιτος
814 3050 893 3119 τῷ
924 3047 1224 3123 μαγίστρῳ,
1280 3048 1523 3110 κάκεῖνος
1569 3053 1647 3120 τῷ
1691 3055 1794 3118 τῆς
1841 3049 2218 3108 καταστάσεως
2266 3046 2462 3122 λέγων·
2517 3067 2545 3099 α
2594 3042 2959 3124 Πρεμφέκτωρ
3008 3048 3138 3118 (20)‘
3194 3068 3220 3097 η
3269 3043 3519 3109 ἀπελθὼν
3568 3041 3623 3099 δῖε
3654 3043 3682 3097 6
3720 3048 3819 3112 τῆς

423 3135 798 3196 καταστάσεως
831 3135 906 3195 εἰς
943 3135 1004 3190 τὸ
1040 3134 1235 3212 βῆλον,
1272 3134 1437 3213 λεγει·
1473 3160 1500 3189 ι(
1534 3131 1698 3191 Λεϐά·
1734 3159 1763 3188 ››
1793 3136 1882 3191 καὶ
1910 3135 2213 3212 εἰσέρχεται
2244 3136 2271 3189 6
2302 3134 2405 3189 ἀπὸ
2443 3132 2722 3208 ἐπάρχων,
2753 3132 2844 3187 καὶ
2875 3135 3251 3207 προσκυνήσας
3280 3134 3371 3188 καὶ
3404 3132 3587 3203 αὐτὸς,
3612 3129 3824 3186 ἵσταται

432 3223 557 3298 ἐντῇ
588 3224 731 3295 τάξει
762 3225 948 3279 αὐτοῦ.

499 3316 595 3370 Ill.
655 3320 778 3381 Quo
828 3317 993 3384 facto,
1038 3316 1355 3387 imperator
1392 3319 1720 3389 praeposito,
1754 3319 1800 3374 is
1830 3318 2070 3373 cerimo-

2255 3313 2328 3371 I".
2376 3312 2513 3370 Εἶτα
2556 3312 2696 3367 νεύει
2746 3314 2774 3367 6
2833 3312 3087 3389 βασιλεὺς
3130 3318 3211 3386 τῷ
3252 3311 3616 3389 πραιποσίτῳ,
3646 3312 3828 3366 κάκεῖ-

424 3404 610 3460 niario
641 3403 875 3471 signum
898 3405 1018 3469 dat,
1038 3421 1104 3460 ac
1133 3406 1301 3461 dicit:
1322 3428 1351 3455 «
1382 3408 1627 3474 .lubete;
1656 3407 1806 3479 nipsi
1837 3408 2071 3479 longam

429 3510 495 3548 ac
528 3492 751 3547 felicem
802 3496 1027 3548 aetatem
1070 3506 1473 3565 apprecantur.
1533 3496 1693 3553 Tunc
1753 3505 2069 3554 extremam

431 3582 802 3653 imperatoris
824 3583 1080 3637 tunicam
1103 3583 1543 3641 cerimoniarius
1562 3585 1964 3659 apprehendit,
1996 3591 2071 3656 et,

435 3672 587 3729 facto
602 3671 1273 3742 rbostbelio,imperatori
1290 3675 1593 3747 tradit,qui
1610 3676 1884 3733 thronum
1902 3691 2077 3734 suum

437 3765 599 3835 petit.
629 3760 832 3819 Dictus
863 3762 1219 3820 silentiariua
1277 3766 1346 3819 ad
1397 3770 1764 3823 curvaturam
1814 3766 2082 3824 Prasino-

440 3868 592 3920 rum,
617 3868 825 3907 urnam
869 3869 1068 3909 secum
1127 3854 1420 3922 auferens,
1453 3872 1702 3926 cumque
1729 3858 1855 3929 ipso
1891 3859 2083 3914 tactio-

443 3942 589 3999 narii
620 3944 960 4012 ascendunt,
1003 3950 1059 4000 et
1098 3951 1409 4018 postquam
1468 3948 1759 4014 omnibus,
1810 3949 1909 4020 qui
1980 3964 2082 4021 pro

447 4048 607 4089 more
664 4048 781 4087 una
832 4034 1209 4104 advenerunt,
1267 4035 1490 4092 bullam
1524 4038 1774 4109 praefecti
1807 4039 2083 4108 ostendit,

448 4138 655 4178 urnam
701 4133 906 4191 movet,
972 4131 1025 4180 et.
1064 4124 1149 4180 sic
1188 4134 1383 4196 postea
1430 4142 1651 4195 omnes,
1703 4127 1802 4199 qui
1860 4143 1992 4184 cum
2020 4142 2085 4183 eo

444 4214 849 4280 ascenderunt,
912 4229 1045 4269 cum
1095 4214 1415 4271 silentiario
1464 4217 1844 4285 descendunt,
1914 4221 1971 4274 et
2028 4217 2087 4272 in

448 4302 651 4355 eadem
686 4306 996 4357 curvatura
1026 4318 1128 4358 seu
1164 4308 1318 4359 meta
1348 4304 1525 4375 olera,
1548 4309 1605 4360 et
1634 4322 1812 4378 super
1840 4305 1934 4361 his
1962 4305 2091 4377 pla-

449 4394 645 4443 centas
677 4400 953 4459 reponunt
989 4406 1005 4445 :
1038 4392 1097 4447 in
1129 4392 1309 4449 altera
1354 4410 1487 4451 vero
1530 4400 1685 4450 meta
1726 4410 1793 4451 ac
1844 4395 2089 4452 diversis

448 4476 645 4549 Euripi
682 4479 822 4534 locis
856 4479 1069 4547 pariter
1090 4481 1247 4537 olera
1306 4498 1371 4538 ac
1422 4482 1716 4555 placentas
1764 4485 1951 4555 pridie
1992 4485 2093 4540 dc-

451 4568 743 4624 cursionis
772 4571 1062 4640 equestris
1079 4572 1454 4627 accumulant
1482 4589 1495 4628 :
1529 4573 1904 4630 Prasinorum
1938 4578 2093 4630 meta

2180 3424 2273 3468 νος
2313 3408 2392 3477 τῷ
2435 3411 2536 3474 τῆς
2580 3406 2976 3475 καταστάσεως,
3023 3405 3113 3461 καὶ
3163 3403 3328 3479 λέγει·
3383 3430 3410 3457 ‹‹
3444 3401 3762 3461 Κελεύσατε’
3798 3426 3827 3456 ιι

2183 3492 2335 3549 αὐτοὶ
2390 3491 2447 3549 δὲ
2498 3494 2908 3571 ὑπερεύχονται·
2945 3519 2974 3549 ‹‹
3028 3495 3120 3557 Εἰς
3177 3493 3424 3558 πολλοὺς
3468 3494 3557 3551 καὶ
3599 3492 3830 3570 ἀγαθοὺς

2185 3584 2440 3659 χρόνους.
2476 3607 2503 3636 ››
2564 3584 2660 3639 Καὶ
2710 3585 2811 3648 εἶθ’
2866 3586 3039 3648 οὓτως
3082 3584 3370 3663 κατασχὼν
3418 3584 3480 3639 τὸ
3530 3584 3690 3658 ἄκρον
3731 3588 3829 3651 τῆς

2186 3671 2449 3750 χλανίδος
2474 3677 2570 3729 106
2606 3671 2876 3749 βασιλέως
2921 3676 2949 3730 6
2996 3681 3093 3744 τῆς
3141 3672 3513 3735 καταστάσεως
3544 3673 3630 3728 καὶ
3664 3672 3835 3742 ποιή-

2190 3785 2283 3826 σας
2313 3761 2629 3841 ῥωσθέλίον,
2679 3761 2918 3820 ἐπιδιδοῖ
2972 3770 3050 3838 τῷ
3112 3763 3345 3840 βασιλεῖ,
3400 3763 3428 3817 6
3479 3760 3535 3818 δὲ
3583 3760 3831 3837 βασιλεὺς

2190 3853 2474 3931 ἀνέρχεται
2542 3852 2593 3907 ἐν
2661 3857 2739 3925 τῷ
2804 3853 3116 3926 καθίσματι’
3177 3852 3463 3928 ἀνέρχεται
3531 3848 3585 3907 δὲ
3652 3849 3739 3906 καὶ
3805 3850 3831 3905 6

2192 3941 2522 4019 προβρηθεῖς
2572 3941 2933 4017 σιλεντιάριος
2992 3943 3045 3997 έν
3091 3946 3172 4016 τῷ
3228 3947 3325 3997 106
3375 3941 3645 4016 Πρασίνου
3697 3960 3836 4011 καμ·

2194 4038 2331 4105 πτῷ,
2384 4034 2756 4114 συναναφέρων
2812 4034 2986 4107 ἑαυτῷ
3040 4032 3131 4088 καὶ
3187 4034 3286 4102 τήν
3348 4030 3527 4107 ὄρναν,
3587 4032 3836 4104 συνανέρ-

2197 4141 2390 4198 χονται
2440 4121 2496 4179 δὲ
2545 4122 2690 4196 αὐτῷ
2736 4124 2826 4178 καὶ
2876 4123 2931 4176 οἱ
2984 4123 3120 4177 κατᾶ
3168 4124 3450 4193 συνήθειαν
3479 4118 3838 4198 ἆνερχόμενοι

2198 4215 2289 4269 σὺν
2357 4214 2503 4285 αὖτῷ
2549 4216 2657 4268 τῶν
2718 4216 2918 4289 μερῶν
2972 4209 3256 4283 ὑποδείξας
3312 4208 3369 4267 δὲ
3419 4216 3538 4273 τοῖς
3597 4206 3844 4264 συνανελ-

2198 4306 2379 4359 θοῢσιν
2425 4302 2575 4375 αὖτῷ
2618 4304 2811 4356 ἅπασιν
2859 4303 2958 4372 τὴν
3001 4306 3095 4357 106
3146 4302 3396 4378 ὑπάρχου
3453 4297 3717 4375 βούλλαν,
3746 4319 3842 4351 κυ-

2201 4392 2332 4463 λίει,
2372 4394 2462 4447 καὶ
2508 4392 2601 4446 εἶθ’
2651 4391 2823 4453 οὕτως
2871 4392 3228 4467 κατέρχονται
3288 4392 3399 4464 ἅμα
3446 4393 3523 4461 τῷ
3580 4388 3844 4443 σιλεντια-

2202 4483 2303 4558 ρίῳ
2352 4482 2403 4535 οἱ
2455 4478 2861 4541 συνανελθόντες
2922 4478 3069 4551 αὐτῷ
3118 4481 3336 4544 πάντες,
3383 4480 3471 4533 καὶ
3529 4472 3846 4545 στοιϐάζου-

2202 4557 2283 4626 σιν
2342 4572 2455 4643 (21)
2526 4568 2578 4624 ἐν
2634 4573 2714 4641 τῷ
2786 4567 2931 4641 αὐτῷ
3005 4573 3242 4642 καμπτῷ
3299 4568 3511 4645 λάχανα
3566 4569 3702 4641 (22),
3759 4557 3847 4620 καὶ

1488 4672 1687 4729 JOAN.
1726 4673 1873 4731 JAC.
1912 4674 2175 4730 REISKII
2212 4669 2807 4729 COMMENTARIUS.

522 4768 635 4839 (20)
693 4766 1036 4855 lipppﬁxuop.
1070 4777 1155 4826 est
1199 4770 1535 4855 pra/ec£u§._
1557 4774 1792 4855 Notum,
1876 4774 2102 4829 Gmcos
2134 4777 2184 4840 ι)
2210 4771 2479 4855 allocutus
2502 4786 2614 4855 pro
2644 4769 2931 4855 allo-calor,
2965 4768 3281 4855 conrassonr,
3314 4783 3581 4855 sponsor.
3615 4766 3849 4855 Notata:

451 4857 627 4917 novos
686 4843 901 4913 ubiq'ue
935 4864 975 4915 μ
1022 4843 1299 4915 ingerere.
1389 4843 1663 4899 Solebant
1719 4860 1949 4917 quoque
1978 4860 2098 4900 me-

453 4913 548 4969 dio
580 4929 893 4989 revovoces
924 4913 979 4969 in
1013 4931 1077 4968 us
1092 4913 1382 4989 exeuntes
1404 4933 1502 4985 per
1518 4935 1594 4989 ωρ
1615 4913 1927 4972 ell‘eEreJta
1958 4932 2096 4985 quo-

457 5001 570 5057 que
600 4985 787 5060 Latini
810 4987 1100 5060 advocator
1115 5004 1213 5056 pro
1226 4987 1536 5054 advocatus,
1556 4985 1779 5043 allector
1798 5006 1897 5060 pro
1928 4989 2097 5043 allec-

454 5063 579 5125 tus;
618 5063 695 5111 Du
730 5058 920 5125 Gange
967 5057 1158 5113 Gloss.
1221 5060 1344 5112 Lat.
1379 5077 1393 5127 ;
1427 5065 1680 5129 opinator
1710 5057 1812 5129 pro
1842 5063 2100 5129 opinatus

454 5146 555 5185 seu
591 5131 827 5192 electus.
851 5131 1024 5202 bona:
1043 5130 1335 5202 Opinionis
1358 5137 1415 5185 et
1437 5132 1603 5185 famae
1631 5132 1816 5197 miles,
1854 5133 2099 5202 ideoque

455 5208 712 5273 Optatus,
773 5201 1052 5266 delectus,
1101 5201 1260 5273 optio
1286 5216 1369 5266 ;v.
1392 5202 1476 5273 Du
1511 5202 1697 5269 Gange
1714 5219 1770 5269 ν,
1804 5205 1968 5271 Optio,
2005 5199 2101 5256 ῐιὺὶ

456 5272 671 5331 Glossaa
710 5275 1098 5343 Anglosaxon.
1135 5288 1149 5326 :
1182 5275 1349 5343 Optio,
1379 5272 1639 5341 gekoscne
1661 5275 1922 5340 Kempan.
1956 5273 2102 5343 Hinc

460 5351 570 5409 est,
604 5346 755 5415 quod
792 5341 946 5400 infra
979 5360 1109 5469 pag.
1133 5344 1259 5398 2‘27.
1296 5342 1567 5416 ἀδοράτορ
1600 5362 1700 5415 per
1747 5341 2104 5414 προσευκτέος

460 5418 786 5469 exoonitur-
808 5416 972 5469 quasi
1005 5433 1037 5469 a
1077 5416 1326 5469 orandus
1352 5422 1524 5469 esset.
1574 5419 1794 5469 roaator
1817 5433 1915 5469 nro
1937 5431 2103 5469 νοσα-

457 5418 787 5488 exponitur,
808 5416 972 5487 quasi
1005 5416 1326 5471 adorandus
1352 5422 1526 5488 esset,
1574 5419 1794 5488 rogator
1816 5431 2103 5488 proroga-

456 5486 562 5554 tus,
594 5489 650 5543 id
685 5494 773 5543 est
801 5486 943 5561 rOga
972 5492 1246 5561 donatus,
1280 5487 1683 5561 stipe‘ndialus.
1719 5486 1992 5561 Vicissim
2044 5487 2104 5542 in

459 5576 524 5616 us
557 5558 967 5629 terminaba'nt,
1004 5575 1129 5629 qua:
1162 5560 1220 5613 in
1257 5575 1322 5614 or
1353 5558 1642 5615 debebant
1691 5559 2013 5629 terminari,
2048 5564 2106 5614 ut

459 5633 679 5704 adjutus
731 5649 831 5706 pro
888 5628 1364 5706 adjutor:_unde
1424 5632 1631 5706 aiutus,
1700 5628 2104 5706 aidus,_‘aide;

460 5701 985 5763 alienatus—morbus
1007 5719 1110 5775 pro
1137 5702 1411 5759 alienator
1440 5704 1577 5774 quia
1614 5717 1818 5758 sensus
1850 5701 2103 5771 alienat;

2212 4859 2313 4917 pro
2344 4838 2644 4917 dictatore,
2678 4842 2777 4917 qui
2820 4841 3013 4908 dictat,
3061 4840 3120 4917 i_d
3154 4846 3245 4917 est
3302 4838 3555 4917 concipit
3613 4839 3846 4909 scripto,

2209 4912 2487 4985 epistolas
2512 4923 2611 4968 aut
2642 4913 2891 4968 rationes
2922 4929 2935 4967 :
2971 4927 3021 4967 v.
3059 4913 3143 4967 Du
3176 4914 3368 4972 Canae
3403 4912 3459 4985 [ιτ
3487 4928 3541 4966 v.

2280 4987 2393 5056 (21)
2427 4987 2807 5056 Ezaggerant;
2849 4985 3075 5054 proprie
3142 4992 3244 5056 est,
3274 4976 3601 5056 στοιϐάζειν,
3632 4978 3846 5056 ron/er-

2208 5051 2341 5125 cir'e,
2377 5051 2776 5119 condensam;
2804 5058 2915 5110 νὶιΙ.
2954 5051 3100 5126 pag.
3157 5054 3279 5119 196,
3308 5056 3429 5109 201.
3495 5051 3850 5126 Εἰεινᾳυρηῇεο

2210 5122 2357 5183 sime
2387 5130 2492 5183 hoc
2522 5128 2695 5182 verbo
2722 5122 3149 5196 utiturNire'tas
3173 5127 3504 5189 Choniates,
3524 5132 3585 5179 ut
3617 5122 3849 5196 pag.31,

2210 5204 2265 5254 et
2285 5202 2376 5263 37,
2411 5199 2507 5254 ubi
2558 5210 2639 5254 est
2690 5192 3096 5267 ἆναστοιὸάζειν
3128 5205 3269 5253 retro
3298 5192 3735 5267 condensaré,jd
3768 5201 3853 5267 pst

2211 5258 2531 5343 reprimere,
2570 5272 2869 5340 repellere:
2906 5288 2961 5343 p.
2993 5258 3083 5337 64,
3115 5258 3853 5340 Ῑῖιιυίιυηὺπαναστοιϐἀζέιν,

2212 5342 2451 5410 Opposita
2509 5358 2708 5414 aggere
2763 5342 2913 5398 retro
2938 5358 3127 5412 agere,
3163 5350 3215 5396 et
3248 5344 3495 5414 e‘tlicere,
3523 5346 3586 5395 ut
3616 5352 3853 5414 coagge-

2214 5405 2396 5477 retur,
2455 5405 2815 5485 constipatur
2846 5430 2860 5482 ;
2896 5430 2950 5484 p.
2975 5405 3088 5480 '82,
3116 5405 3609 5485 ’στοιϐασμὸςτῶν
3636 5405 3855 5485 κόντῖρν,

2215 5474 2503 5558 hastarum
2550 5474 2797 5556 con'lerla
2847 5474 3086 5558 's-cges
3146 5502 3278 5558 pag.
3339 5474 3478 5558 2‘46,
3549 5482 3700 5558 νίκας
3776 5474 3856 5533 imi

2214 5556 2387 5681 \éixatc;
2446 5551 2779 5631 ἀναιρεῖσθαι
2846 5551 2958 5610 καῖ
2994 5551 3254 5630 τρόπᾶιί
3284 5551 3569 5633 τροπαίοις
3626 5551 3858 5606 ἐπιστοι-

2255 5632 2416 5681 άζειν.

2255 5649 2416 5683 αιειν.

2286 5634 2708 5774 ῗὲέῖῡὶεοίωιιε
2739 5716 2807 5757 ex
2833 5700 2942 5757 hoc
2989 5698 3138 5767 loco,
3198 5715 3381 5773 quare
3437 5694 3741 5772 λαχανικόν
3765 5708 3858 5767 ap-
