4138 6212
338 387 445 447 641

1199 383 1304 444 DE
1345 378 1808 444 GERIMONIIS
1849 379 2082 460 ΑυωΕ
2124 358 2603 444 BYZANTIN/E
2641 383 2791 445 LIB.
2841 388 2891 446 Ι.

3622 397 3743 458 642

338 528 483 578 κεῖσε
505 539 520 552 .
555 518 779 583 στάντος
808 515 866 574 δὲ
893 518 985 574 καὶ
1014 522 1112 574 τοῦ
1153 516 1425 592 βασιλέως
1456 513 1509 571 ἓν
1534 519 1606 591 τῇ
1637 513 1811 591 πύλῃ,
1844 514 2133 572 πίπτουσιν
2162 516 2215 570 οἱ
2264 518 2657 591 προειρημένοι
2702 513 2953 589 ἅπαντες,
2982 519 3072 575 καὶ
3123 519 3485 592 ἀναστάντων,
3525 526 3665 583 νεύει
3713 529 3740 582 ὁ

334 697 585 763 πολλοὺς
612 699 704 754 καὶ
745 697 981 775 ἀγαθοὺς
1013 698 1271 773 γρόνους.
1299 719 1327 749 »

408 791 474 862 ζ’.
523 789 629 847 Καὶ

334 876 606 957 χλανίδος
634 877 731 933 τοῦ
762 873 1032 951 βασιλέως
1062 877 1092 931 6
1127 883 1227 947 τῆς
1267 876 1644 940 καταστάσεως
1683 875 1774 931 καὶ
1818 875 1983 945 ποιή-

335 986 431 1030 σας
511 963 831 1040 ῥωσθέλιον,
878 960 1121 1020 ἐπιδιδοῖ
1196 968 1276 1037 τῷ
1346 962 1584 1039 βασιλεῖ.
1644 964 1780 1021 Εἶτα
1844 961 1985 1018 ἐκεῖ·

335 1057 422 1110 οεν
487 1051 914 1131 δηριγευόμενος
960 1053 990 1108 6
1050 1051 1303 1128 βασιλεὺς
1370 1051 1474 1108 ὑπό
1528 1057 1638 1108 τῶν
1696 1050 1982 1128 ἀρχόντων

333 1148 434 1199 τοῦ
507 1138 925 1211 κουϐουκλείου,
985 1141 1286 1216 πατρικίων
1341 1161 1401 1197 τε
1464 1141 1556 1198 καὶ
1639 1143 1985 1217 στρατηγῶν,

340 1232 628 1308 ἀνέρχεται
686 1228 738 1285 ἐν
788 1235 870 1304 τῷ
924 1231 1223 1305 καθίσματι
1284 1230 1418 1303 μετά
1493 1229 1675 1304 μόνων
1734 1233 1841 1284 τῶν
1889 1232 1988 1284 τοῦ

337 1316 733 1377 κουϐουκλείου
818 1319 1105 1400 ἀρχόντων
1174 1319 1266 1375 καὶ
1342 1315 1440 1374 δύο
1486 1313 1843 1396 μαγλαϐιτῶν
1895 1317 1986 1372 καὶ

339 1408 653 1486 σπαθαρίων
707 1410 1080 1485 βασταζόντων
1137 1405 1444 1483 διστρᾶίλια,
1505 1408 1823 1486 φορούντων
1898 1403 1988 1461 καί

340 1502 410 1556 τὰ
468 1498 670 1564 σπαθία
722 1496 914 1568 αὐτῶν,
975 1499 1051 1559 ὡς
1109 1496 1162 1554 ἐν
1235 1498 1445 1570 ἑκάστῳ
1509 1498 1742 1570 ἱππικῷ.
1796 1495 1991 1554 Ἀνελ·

342 1590 452 1653 θὼν
493 1586 550 1644 δὲ
579 1587 634 1644 ἐν
677 1591 757 1661 τῷ
806 1588 1009 1661 σὲντζῳ
1039 1588 1068 1643 6
1103 1585 1359 1663 βασιλεὺς
1402 1587 1493 1642 καὶ
1550 1586 1848 1666 σφραγίσας
1895 1585 1989 1641 τὸν

341 1676 474 1734 λαὸν
527 1679 591 1733 ἐκ
641 1677 851 1753 τρίτου,
905 1676 1212 1747 καθέζεται,
1243 1678 1333 1732 καὶ
1398 1675 1532 1751 μετᾶ
1577 1677 1676 1744 τήν
1732 1673 1994 1748 συμπλή-

339 1787 508 1843 ρωσιν
564 1774 665 1836 τῆς
716 1766 996 1845 εὐφημίας
1042 1763 1318 1845 ἐξέρχεται
1379 1766 1408 1821 6
1456 1765 1819 1841 πραιπόσιτος
1886 1763 1993 1819 ἀπὸ

340 1854 666 1923 κελεύσεως,
695 1856 790 1911 καὶ
844 1855 983 1910 νεύει
1039 1861 1157 1917 τοῖς
1214 1875 1273 1910 τε
1329 1853 1639 1929 πατρικίοις
1676 1854 1766 1909 καὶ
1797 1872 1995 1929 στρατ-

338 1952 526 2021 ηγοῖς,
602 1942 855 2010 ἀπελθεῖν
931 1941 1156 2000 ἕκαστον
1233 1942 1284 1999 ἐν
1350 1949 1420 2018 τῇ
1473 1943 1618 2015 τάξει
1679 1941 1845 1998 πύτοῦ
1902 1941 1993 1996 καὶ

337 2033 613 2110 καθέδραν
669 2032 1026 2090 τελεσθέντων
1095 2030 1156 2090 δὲ
1212 2037 1323 2088 τῶν
1369 2029 1415 2087 δ’
1473 2030 1667 2108 βαίων,
1714 2031 1994 2086 ἀνίσταται

2796 607 2810 628 9
2889 608 2904 629 \
2957 607 3000 629 Μ
3076 610 3089 629 ε

3496 632 3509 646 ⁸
3565 641 3593 669 ι(
3643 619 3740 676 Εἰς

712 788 810 843 εἶθ’
891 786 1065 848 οὕτως
1152 786 1447 862 κατασχὼν
1513 786 1576 843 τὸ
1650 784 1813 861 ἄκρον
1885 791 1985 854 τῆς

2166 787 2261 844 VI.
2295 787 2426 845 Mox
2462 790 2929 858 cerimoniarius,
2960 792 3204 850 collecta
3259 802 3517 854 extrema
3545 797 3741 855 tunica

2087 876 2479 949 imperatoris,
2529 878 2917 936 rbostbelium
2961 881 3115 952 facit,
3177 883 3351 955 idque
3403 884 3739 958 imperatori

2088 968 2285 1026 tradit.
2317 968 2427 1035 Qui
2464 985 2499 1024 a
2532 969 2819 1041 prafectis
2840 970 3134 1040 cubiculo,
3158 973 3419 1045 patriciis
3435 992 3502 1032 ac
3536 980 3738 1035 strate-

2087 1055 2178 1128 gis
2209 1056 2483 1126 stipatus,
2514 1073 2651 1114 cum
2681 1058 2822 1116 solis
2853 1060 3126 1118 cubiculo
3159 1064 3471 1137 prafectis,
3503 1066 3738 1126 duobus

2088 1145 2461 1204 manclavitis
2481 1157 2537 1204 et
2552 1148 2871 1220 spathariis
2887 1149 3545 1228 dextraliaspathasque
3571 1174 3637 1214 su
3647 1175 3736 1227 as,

2089 1235 2242 1292 utin
2287 1237 2562 1294 omnibus
2617 1238 3047 1295 certaminibus
3104 1242 3477 1314 equestribus
3523 1246 3734 1316 solent,

2087 1324 2479 1395 gestantibus,
2536 1327 2608 1383 ad
2657 1343 2999 1385 consessum
3032 1346 3207 1386 suum
3251 1334 3538 1391 ascendit.
3580 1336 3739 1394 Con—

2086 1427 2295 1469 scenso
2325 1430 2458 1470 vero
2509 1415 2743 1483 throno,
2774 1421 2981 1489 terque
3014 1419 3229 1491 populo
3263 1422 3514 1493 signato,
3548 1427 3732 1497 sedet,

2087 1507 2167 1570 et,
2190 1501 2610 1561 acclamatione
2632 1503 2820 1574 ﬁnita,
2839 1506 3187 1579 praepositus
3216 1525 3251 1565 a
3282 1512 3558 1569 mandato
3579 1529 3737 1585 egre-

2091 1591 2272 1657 ditur,
2294 1592 2552 1664 patriciis
2581 1598 2641 1650 et
2669 1594 2943 1666 strategis
2972 1595 3211 1669 signum
3239 1598 3357 1665 dat.
3383 1607 3447 1657 ut
3476 1602 3553 1659 ad
3575 1604 3736 1661 ordi-

2088 1693 2221 1735 nem
2252 1678 2564 1753 locumque
2594 1698 2770 1738 suum
2802 1682 3021 1755 singuli
3051 1701 3113 1741 se
3144 1687 3448 1759 recipiant.
3479 1693 3738 1755 Quatuor

2090 1768 2302 1840 palmis
2323 1769 2653 1837 celebratis,
2674 1770 2997 1843 imperator
3025 1790 3060 1829 a
3079 1774 3294 1832 throno
3316 1778 3526 1850 surgit,
3554 1790 3609 1837 et
3631 1799 3736 1854 pa-

2090 1858 2276 1915 triciis
2304 1858 2363 1914 in
2395 1858 2672 1928 triclinio,
2707 1859 2805 1917 ubi
2853 1864 3182 1920 convivium
3222 1863 3490 1939 celebrat,
3522 1871 3736 1927 consti-

2092 1946 2257 2017 tutis,
2290 1964 2324 2003 a
2352 1948 2643 2020 praefectis
2682 1950 2952 2007 cubiculo
3000 1953 3276 2026 stipatus,
3329 1972 3432 2028 per
3480 1960 3735 2017 medium

2093 2034 2329 2091 illorum
2352 2039 2734 2104 transit,dum
2751 2038 3063 2112 feliciaipsi
3087 2058 3154 2097 ac
3183 2043 3467 2103 diuturna
3480 2052 3739 2120 tempora

337 2124 368 2178 6
405 2120 662 2199 βασιλεὺς
709 2122 816 2177 ἀπὸ
853 2126 951 2178 τοῦ
997 2122 1348 2196 καθίσματος,
1388 2120 1480 2176 καὶ
1526 2120 1829 2193 ἱσταμένων
1877 2122 1987 2174 τῶν

2097 2129 2510 2218 apprecantur.
2542 2126 2681 2218 Inde
2707 2141 2809 2199 per
2838 2134 3151 2199 angustum
3181 2131 3503 2191 triclinium
3536 2138 3608 2193 ad
3631 2152 3737 2194 cu-

338 2210 730 2288 πατρικίωνέν
779 2211 827 2283 ᾧ
874 2210 1068 2286 ἀριστᾷ
1111 2212 1139 2266 6
1194 2209 1451 2288 βασιλεὺς
1497 2208 1784 2285 τρικλίνῳ,
1815 2209 1904 2264 καὶ
1941 2210 1987 2246 ⁸⁸

2096 2209 2357 2266 biculum
2389 2209 2528 2280 abit,
2588 2212 2685 2268 ubi
2736 2229 2951 2270 corona
2980 2231 3091 2271 sua
3131 2220 3192 2272 et
3222 2222 3420 2275 tunica
3451 2221 3734 2294 deposita,

344 2300 769 2377 δηριγευόμενος
818 2302 922 2358 ὑπὸ
969 2306 1082 2358 τῶν
1128 2302 1410 2378 ἀρχόντων
1439 2306 1537 2357 τοῦ
1565 2296 1986 2370 κουϐουκλείου,

345 2389 620 2470 διέρχεται
688 2389 850 2465 μέσον
926 2389 1126 2459 αὐτῶν,
1187 2388 1342 2445 αὐτοὶ
1426 2387 1485 2445 δὶ
1552 2389 1989 2465 ὑπερεύχονταιο

346 2504 374 2532 ‹‹
410 2480 499 2543 Εἷς
546 2478 794 2543 πολλοὺς
840 2482 933 2535 καὶ
982 2479 1216 2555 ἀγαθοὺς
1261 2477 1522 2558 χρόνους.
1556 2502 1586 2531 ››
1618 2479 1720 2536 Καὶ
1760 2475 1993 2534 διελθὼν

346 2567 437 2626 διὰ
480 2573 577 2625 τοῦ
627 2573 814 2626 στενοῦ
862 2566 1164 2643 τρικλίνου,
1210 2566 1514 2643 εἷσὲρχεται
1561 2564 1615 2623 ἔν
1664 2571 1744 2641 τῷ
1787 2574 1993 2625 κοιτῶ-

343 2681 417 2729 νι,
463 2659 553 2714 καὶ
603 2656 921 2732 ἀπαλλάξας
970 2656 1035 2713 τό
1085 2678 1144 2713 τε
1193 2657 1409 2732 στέμμα
1446 2656 1537 2712 καὶ
1592 2657 1692 2725 τὴν
1751 2655 1994 2733 χλανίδα

345 2748 532 2818 αὐτοῦ,
562 2744 998 2825 περιέβαλλεται
1037 2745 1242 2820 σαγίον,
1273 2746 1364 2801 καὶ
1394 2745 1718 2822 κατέρχεται
1761 2743 1850 2801 διὰ
1895 2750 1995 2803 τοῖ’)

352 2840 614 2912 μυστικοῦ
658 2834 919 2912 κοχλιοῢ,
972 2835 1065 2891 καὶ
1123 2829 1547 2911 δηριγευόμενος
1603 2834 1707 2891 ὑπὸ
1782 2835 1992 2891 πάντων

2096 2316 2305 2374 sagum
2328 2301 2540 2368 induit,
2570 2318 2788 2375 perque
2808 2308 3092 2361 secretam
3134 2307 3451 2380 cochleam,
3499 2312 3739 2370 cubicu-

2102 2388 2266 2447 lariis
2285 2389 2562 2447 omnibus
2592 2391 3030 2463 comitantibus,
3054 2410 3157 2466 per
3183 2403 3558 2470 augustsum,
3589 2402 3743 2473 apsi-

2098 2480 2256 2548 dem,
2287 2478 2671 2547 triconchum,
2706 2496 2925 2554 perque
2955 2483 3365 2558 monothyrum
3397 2497 3451 2545 et
3481 2491 3740 2561 porticus

2099 2573 2444 2627 Sanctorum
2465 2569 2554 2625 XL
2571 2586 2813 2628 aureum
2836 2570 3160 2630 triclinium
3185 2574 3512 2648 ingreditur
3535 2595 3547 2636 :
3572 2582 3743 2638 cubi—

2102 2657 2310 2714 cularii
2393 2673 2525 2714 vero
2580 2662 2793 2728 astant,
2849 2664 2909 2715 et
2962 2659 3296 2734 imperatori
3381 2666 3599 2725 multos
3675 2687 3743 2728 ac

2102 2744 2299 2892 {ilices
2380 2762 2565 2803 annos
2633 2747 2952 2821 apprecati,
3009 2748 3321 2810 discedunt
3386 2756 3743 2831 domumque

2104 2852 2138 2891 a
2180 2839 2342 2892 eunt.

2104 2839 2342 2892 abeunt.

350 2931 448 2983 τοῦ
504 2921 925 2995 κουϐουκλείου,
984 2922 1259 3001 διέρχεται
1317 2921 1405 2980 διὰ
1461 2927 1559 2979 τοῦ
1615 2922 1974 2997 αύγουστέως,
2024 2920 2217 2998 ἀψίδος
2268 2943 2325 2979 τε
2396 2922 2489 2978 καὶ
2555 2926 2652 2978 τοῦ
2723 2924 3046 3002 τρικόγχου,
3103 2924 3191 2983 διὰ
3266 2935 3363 2986 τοῦ
3439 2935 3742 3009 μονοθύρου

337 3016 429 3071 καὶ
479 3018 588 3069 τῶν
651 3007 983 3069 διαϐατικῶν
1038 3015 1149 3068 τῶν
1190 3011 1394 3087 Ἀγίων
1449 3013 1522 3084 μ’,
1582 3013 1670 3067 καὶ
1734 3011 2038 3089 εἰσέρχεται
2091 3010 2144 3068 ἒν
2198 3016 2277 3084 τῷ
2326 3011 2812 3086 χρυσοτρικΑίνῳ·
2866 3018 3083 3078 στάντες
3133 3016 3190 3072 δὲ
3256 3020 3308 3074 οἱ
3357 3025 3455 3076 τοῖ’)
3508 3007 3744 3080 κουϐου-

334 3102 524 3159 κλείου
562 3104 651 3157 καὶ
719 3098 1143 3178 ὑπερευξάμενοι
1197 3102 1289 3157 τὸν
1348 3100 1595 3176 βασιλέα,

340 3209 536 3265 χονται
563 3187 767 3248 οἴκαδε.

1660 3125 1682 3152 ιι
1743 3099 1839 3161 Εἷς
1886 3099 2136 3164 πολλοὺς
2199 3100 2290 3155 καὶ
2354 3098 2593 3175 ἀγαθοὺς
2658 3100 2917 3179 χρόνους,
2961 3127 2989 3153 ››

3058 3103 3368 3181 ἐξέρχονται
3430 3111 3522 3165 καὶ
3571 3112 3739 3189 άπερ·

332 3321 475 3392 ’Όσα
531 3312 614 3392 δεῖ
678 3314 947 3392 τελεῖσθαι
1004 3320 1076 3392 τῇ
1166 3319 1478 3392 παραμονςῇ-
1522 3320 1620 3371 τοῦ
1676 3315 1985 3392 λαχανικοῦ

2097 3317 2473 3392 ΟὸξιξνυιιηιίιξΔ
2519 3319 2581 3392 in
2618 3390 2626 3392 ᾗ
2662 3316 2856 3389 vigilia
2899 3318 3242 3391 hippodromi
3314 3324 3596 3382 Iachanici
3647 3340 3745 3383 seu

403 3385 801 3464 ἱπποδρομίου,
853 3385 1189 3464 ἤγουνξτρῦ
1246 3385 1547 3464 ’γενεθλίου
1612 3385 1819 3459 ταύτης
1881 3391 1985 3453 τῆς

402 3456 766 3537 θεοφυλάκτοι
796 3457 887 3515 καί
908 3456 1214 3535 ’βασιλίδος
1242 3456 1485 3523 ⁴πτόλεως.

406 3549 602 3607 Ἰστέον
649 3545 871 3619 εἴδέναι,
917 3549 1001 3604 δτι
1057 3549 1111 3604 oi.
1154 3551 1264 3604 τῶν
1312 3546 1409 3604 δύο
1462 3552 1640 3624 μερῶν
1700 3546 1984 3623 δήμαρχοι

338 3639 473 3713 μετά
519 3658 580 3694 τε
627 3642 735 3693 τῶν
770 3633 1186 3712 δευτερευόντων
1237 3637 1327 3692 καὶ
1364 3642 1473 3693 τῶν
1525 3636 1738 3694 λοιπῶν
1785 3636 1985 3712 ἀρχόν-

334 3749 443 3784 των
471 3732 581 3783 τῶν
614 3730 794 3802 μερῶν
825 3725 918 3782 καὶ
956 3729 1067 3782 τῶν
1096 3722 1355 3800 δημοτῶν
1405 3724 1589 3781 ἀπίασι
1627 3726 1693 3782 τὸ
1720 3722 1981 3794 δειλινὸν,

328 3814 555 3880 ἕκαστος
587 3816 662 3880 εἰς
690 3814 755 3872 τὰ
786 3813 928 3872 ἴδιον
959 3810 1220 3885 στάόλον,
1245 3815 1336 3871 καὶ
1376 3815 1574 3881 εὐθέως
1621 3815 1649 3871 6
1697 3814 1982 3888 θεωρητής

332 3906 560 3962 ἱκάστου
613 3904 815 3982 μέρους
859 3898 1100 3981 ταϐρίζει
1161 3905 1225 3960 τὸ
1269 3901 1588 3981 τρίπλοκον,
1617 3903 1708 3958 καὶ
1758 3902 1908 3980 λέγει
1955 3903 1984 3958 6

334 3993 469 4058 λαὸς
524 3993 585 4050 ἑκ
621 3996 669 4072 γ’
693 4014 706 4028 ·
746 4018 768 4046 ι
803 3995 963 4066 Νίκα,
994 3994 1181 4051 Βὲνετε
1204 4011 1217 4025 ·
1254 4015 1284 4045 ιι
1341 3992 1550 4067 ὁμοίως
1586 3991 1676 4048 καὶ
1734 3991 1787 4046 οἱ
1835 3990 1982 4064 Πρά-

340 4104 504 4152 σινοι,
534 4108 563 4136 (ι
597 4083 845 4158 Πράσινε.
875 4104 901 4136 s
938 4082 1037 4138 Καὶ
1093 4079 1311 4158 δέχεται
1357 4082 1387 4136 ὁ
1436 4074 1759 4158 φωνοϐόλος
1806 4077 1983 4154 λέγων

339 4171 553 4249 μεγάλῃ
609 4175 681 4247 τῇ
721 4175 878 4251 φωνῇ
902 4192 915 4206 ·
968 4194 997 4225 ι(
1057 4174 1282 4246 Ἔχεται
1329 4170 1358 4226 6
1415 4170 1633 4245 βοηθῶν
1677 4170 1814 4241 ἡμῖν
1863 4168 1983 4239 Ἰη-

333 4266 460 4324 σοῦς
520 4264 599 4300 ⁸⁵⁸
650 4285 680 4314 ››
729 4261 759 4317 6
805 4258 977 4326 λαόςο
1035 4285 1057 4313 ι
1111 4259 1222 4317 Ἀεὶ
1290 4258 1431 4317 νίκα.
1482 4282 1511 4311 ››
1563 4258 1631 4316 Oi.
1703 4257 1934 4334 κράκται
1965 4276 1979 4290 ⁸

336 4376 364 4404 ‹‹
397 4350 493 4414 Εἷς
524 4350 573 4387 ⁴⁵
602 4351 631 4407 6
663 4350 815 4420 Θεὸς,
848 4350 911 4405 σὺ
959 4347 1161 4411 αὐτοὺς
1214 4352 1390 4405 σῶσον
1413 4366 1426 4381 ⁸
1463 4372 1492 4402 ››
1526 4348 1555 4402 6
1586 4344 1718 4410 λαός
1746 4365 1759 4380 ⁸
1792 4370 1821 4400 ‹‹
1853 4347 1981 4413 Ναὶ,

339 4440 524 4516 Κύριε.
556 4463 586 4492 »
646 4439 744 4497 Καὶ
786 4437 876 4496 ὅτε
923 4436 1211 4509 ὲξέλθωσιν
1255 4436 1344 4493 ἐπὶ
1390 4438 1455 4493 τὸ
1519 4435 1753 4510 ἓξάερον,
1794 4433 1979 4510 κρούει

338 4529 367 4584 6
429 4529 712 4603 θεωρητὴς
777 4528 880 4598 τὴν
953 4522 1216 4603 ταϐραίαν
1262 4533 1332 4603 γ’,
1387 4525 1478 4581 καὶ
1528 4522 1673 4602 λέγει
1722 4525 1752 4579 6
1804 4522 1937 4586 λαός
1968 4541 1980 4556 '

342 4641 372 4671 α
407 4618 550 4689 Νικᾷ
595 4619 632 4689 ἡ
680 4616 860 4681 πίστις
886 4621 998 4673 τῶν
1049 4614 1340 4692 βασιλέων,
1390 4618 1513 4686 νικᾷ
1566 4616 1602 4684 ἡ
1651 4613 1831 4676 πίστις
1870 4618 1981 4669 τῶν

2166 3387 2473 3518 εοεαιὶ
2525 3389 2695 3460 hujus
2721 3387 2769 3446 ἀ
2802 3395 2916 3448 nec
2950 3387 3226 3451 custodum
3281 3405 3338 3452 et
3375 3398 3745 3470 imperatoria

2166 3550 2417 3608 Duarum
2435 3550 2754 3608 factionum
2787 3551 3101 3625 principes,
3124 3554 3347 3625 vicarii,
3380 3556 3587 3633 reliqui
3620 3558 3737 3617 fac-

2094 3639 2321 3698 tionum
2353 3639 2606 3712 praefecti
2637 3644 2697 3697 et
2726 3641 2979 3713 populus
3010 3644 3234 3715 vesperi
3266 3646 3336 3702 ad
3369 3648 3605 3706 stabula
3635 3666 3746 3706 sua

2094 3728 2332 3794 abeunt,
2356 3728 2455 3785 ubi
2478 3728 2774 3800 inspector
2795 3729 3259 3805 uniuscujusque
3288 3734 3559 3793 factionis
3588 3738 3742 3795 τοι

2092 3816 2380 3888 triplicem
2411 3817 2692 3874 scuticam
2723 3819 2929 3886 sumit,
2963 3822 3175 3892 populo
3197 3827 3288 3878 ter
3335 3824 3693 3881 acclamante
3724 3842 3738 3880 :

2094 3926 2123 3956 ‹‹
2158 3905 2354 3974 Vince,
2375 3904 2596 3962 Veneta
2627 3903 2641 3959 Ξ
2679 3926 2704 3958 ι
2737 3906 3011 3963 similiter
3040 3908 3265 3966 Prasini
3294 3926 3308 3965 :
3341 3934 3371 3963 «
3396 3912 3637 3970 Prasine
3663 3913 3676 3968 l
3712 3935 3741 3963 ››

2090 3994 2419 4050 Ριοωοοοιοιι
2462 4007 2601 4050 voce
2646 3991 2800 4050 elata
2856 3994 3044 4051 canit:
3077 4018 3107 4047 »
3164 3995 3460 4055 Habemus
3516 3998 3741 4069 Jesum,

2093 4083 2421 4154 adjutorem
2455 4086 2756 4150 nostrum;
2789 4103 2819 4132 ››
2851 4083 3101 4156 populus
3134 4102 3148 4140 :
3177 4107 3198 4136 ι
3233 4086 3477 4160 Semper
3503 4089 3735 4146 vince.»

2095 4171 2375 4228 Cantores
2420 4188 2433 4226 :
2466 4192 2494 4221 ‹‹
2532 4175 2679 4227 Deus
2708 4186 2792 4236 es,
2826 4176 2887 4226 tu
2946 4171 3101 4245 ipsos
3131 4191 3323 4245 serva;
3387 4196 3415 4230 ι
3446 4176 3733 4249 populus;

2096 4281 2125 4311 ‹‹
2153 4259 2257 4326 Ila,
2290 4259 2537 4316 Domine
2570 4259 2582 4314 Ι
2609 4281 2638 4309 ››
2671 4260 2912 4326 Quando
2940 4260 2999 4316 in
3030 4262 3243 4319 atrium
3263 4280 3617 4337 processere,
3643 4266 3737 4321 in—

2094 4353 2323 4421 spector
2341 4349 2566 4406 scutica
2594 4353 2684 4405 ter
2714 4350 2964 4417 insonat,
2998 4350 3212 4423 populo
3236 4353 3465 4411 dicente
3498 4370 3511 4409 :
3541 4374 3565 4404 ι
3593 4353 3735 4411 Vin-

2095 4440 2176 4497 cit
2194 4440 2589 4511 Augustorum
2617 4442 3136 4512 Augustarumque
3165 4441 3332 4511 ﬁdes,
3365 4443 3544 4501 vincit
3572 4444 3734 4501 urbis

2093 4544 2161 4585 ac
2190 4527 2546 4585 Venetorum
2590 4525 2768 4584 ϐάθει
2798 4550 2820 4580 ι
2855 4528 3104 4599 (Prasini
3133 4549 3152 4586 :
3182 4552 3212 4581 ‹‹
3250 4531 3650 4590 Prasinorum.
3686 4534 3738 4605 »)

2093 4616 2371 4673 Cantores
2402 4631 2415 4669 :
2442 4633 2475 4668 ιι
2505 4614 2575 4670 Ν.
2607 4621 2666 4672 et
2686 4614 2755 4670 N.
2783 4631 3130 4689 magnorum
3149 4618 3577 4691 imperatorum
3601 4619 3614 4675 l
3641 4620 3736 4677 dic

333 4706 689 4782 Αύγοιιστῶν,
729 4711 853 4778 νικᾷ
912 4708 949 4775 ἠ
1015 4706 1198 4768 πίστις
1256 4711 1359 4775 τῆς
1441 4702 1660 4767 πόλεως
1725 4702 1816 4759 καὶ
1870 4704 1980 4757 τῶν

2096 4706 2354 4772 omnino,
2375 4719 2722 4776 magnorum
2741 4686 3155 4775 impetratorum
3190 4686 3256 4775 ;);
3276 4707 3553 4780 populus:
3575 4731 3605 4760 «
3628 4713 3737 4768 Do-

333 4797 565 4853 Βενᾶτων
626 4819 653 4852 ι
713 4797 790 4871 (οἱ
848 4795 1132 4872 Πράσινοι,
1191 4819 1213 4847 ι
1276 4793 1553 4870 Πρασίνων
1618 4796 1686 4867 ι).
1739 4792 1839 4848 Καὶ
1886 4791 1981 4849 λέ-

329 4905 515 4962 γουσιν
554 4886 609 4942 οἱ
637 4883 865 4960 κράκται
889 4902 904 4918 ⁸
938 4908 968 4937 ‹‹
997 4885 1060 4942 Ὀ
1109 4881 1257 4939 δεῖνα
1302 4882 1394 4939 καὶ
1452 4882 1483 4937 6
1521 4879 1670 4938 δεῖνα
1724 4880 1979 4957 μεγάλων

332 4971 629 5048 βασιλέων,
650 4972 739 5028 ναὶ
770 4971 887 5028 είπὶ
937 4972 966 5028 6
997 4968 1141 5027 δεῖνα
1176 4972 1268 5027 καὶ
1319 4972 1349 5027 6
1392 4967 1543 5028 δεῖνα
1584 4966 1838 5046 μεγάλων
1883 4969 1980 5045 βα-

332 5059 565 5116 σιλέων
598 5080 627 5114 a
678 5061 772 5115 καὶ
813 5061 842 5116 6
895 5058 1030 5123 λαός
1056 5080 1069 5093 ·
1112 5083 1142 5113 ‹‹
1194 5058 1382 5137 Κύριε,
1418 5060 1631 5136 βοήθει.
1663 5078 1695 5114 ιι
1737 5057 1804 5115 Οἱ
1850 5056 1981 5133 κράο

328 5166 487 5204 κται·
539 5168 571 5203 α
601 5148 699 5210 Εἷς
748 5148 899 5218 Θεὸς,
939 5147 1002 5202 σὺ
1035 5147 1230 5210 αὐτοὺς
1277 5153 1474 5204 σῶσον·
1531 5145 1738 5210 ὁλαός’
1772 5170 1801 5199 ιι
1852 5146 1983 5216 Ναὶ,

334 5239 521 5314 Κύριε.
555 5263 585 5291 ››
617 5238 717 5295 Καὶ
769 5238 867 5294 εἶθ’
919 5236 1092 5300 οὕτως
1133 5236 1351 5313 λέγεται
1396 5238 1461 5294 τὸ
1505 5234 1768 5311 δρομικὸν
1817 5235 1985 5307 ποίη-

334 5349 410 5402 μα
461 5322 767 5407 ἔμπροσθεν
819 5332 919 5384 τοῦ
975 5323 1388 5402 ἱπποδρομίουο
1422 5350 1453 5380 ι(
1512 5327 1580 5385 0':
1620 5329 1724 5383 τῶν
1755 5323 1982 5403 ἀγώνων

332 5418 391 5472 ei
448 5415 804 5493 δ’δσωποῦμεν
861 5416 956 5474 τὸν
1008 5416 1135 5475 Θεὸν
1163 5418 1327 5491 ἡμῶν
1374 5416 1464 5472 καὶ
1516 5421 1779 5491 Σωτῆρα·
1828 5416 1983 5475 νίκας

2097 4792 2279 4860 mine,
2334 4794 2570 4865 adjuva.
2612 4816 2634 4843 ι
2723 4798 3039 4869 Cantores;
3097 4795 3183 4852 Tu
3245 4798 3393 4855 Deus
3440 4815 3524 4866 es,
3581 4797 3738 4870 ipsos

2087 4897 2289 4952 serva;
2321 4903 2350 4932 »
2376 4882 2627 4954 populus
2653 4897 2669 4938 :
2703 4903 2732 4933 «
2756 4881 2859 4951 Ita,
2888 4881 3166 4941 Domine!
3203 4906 3230 4937 ι
3263 4885 3360 4943 Sic
3383 4891 3580 4960 postea
3603 4889 3736 4945 dro-

2092 4967 2310 5024 micum
2351 4982 2585 5023 carmen
2608 4971 2745 5024 ante
2775 4967 2993 5026 circum
3024 4970 3306 5029 recitatur
3335 4990 3348 5029 :
3381 4995 3411 5026 ‹‹
3461 4973 3579 5031 Nos
3606 4974 3734 5032 fac-

2090 5056 2326 5114 tionarii
2356 5064 2414 5114 te
2462 5060 2645 5113 Deum
2678 5072 2745 5113 ac
2795 5063 3151 5118 servatorem
3194 5066 3461 5120 nostrum
3491 5079 3731 5121 venera-

2092 5162 2225 5202 mur
2246 5146 2259 5204 ι
2284 5145 2567 5203 Victorias
2586 5145 2822 5204 Venetis
2835 5150 3089 5207 concede
3120 5149 3134 5205 ι
3160 5173 3190 5202 ››
3222 5151 3505 5224 (Prasini:
3535 5173 3564 5204 «
3595 5153 3733 5210 Pra-

2092 5234 2240 5292 sinis
2267 5233 2280 5289 ἰ
2316 5236 2372 5307 ››)
2397 5234 2566 5291 Adsis
2595 5236 2884 5309 benignus
2901 5237 3110 5297 Uranio
3134 5239 3147 5295 ι
3174 5240 3459 5313 (Prasini:
3493 5242 3736 5315 «Olym-

2093 5324 2220 5396 pio!
2247 5321 2604 5396 »)utiterum
2625 5329 2753 5397 post
2765 5325 3061 5385 victoriam
3082 5329 3490 5402 tripudiemus.
3512 5350 3538 5383 ι
3561 5331 3732 5387 Aliud

2096 5430 2330 5472 carmen
2377 5410 2521 5470 alba
2555 5431 2569 5469 :
2602 5436 2631 5464 «
2665 5413 2931 5488 Deipara,
2964 5434 3096 5489 qua
3125 5419 3362 5476 ﬁrmum
3412 5419 3584 5493 quasi
3614 5424 3735 5490 teg-

1667 5560 1917 5619 VARIIE
1955 5560 2371 5621 LECTIONES.

401 5721 448 5757 ‘3
483 5722 573 5777 καὶ
620 5740 737 5781 om.
771 5724 862 5781 ed.
941 5721 988 5759 ⁴⁴
1010 5713 1167 5797 ἔχετε
1192 5720 1283 5776 τὸν
1310 5721 1339 5776 6
1377 5719 1685 5796 βοηθοῦντα
1718 5715 1849 5791 ὑμὶν
1878 5716 2091 5787 Ἰησοῦν
2118 5718 2209 5776 ed.
2287 5716 2335 5752 ⁸⁵
2364 5716 2443 5778 εἷς
2483 5716 2577 5774 ed.
2609 5718 2832 5795 ubique
2862 5720 2922 5779 in
2956 5738 3115 5797 seqq.
