4138 6212
418 381 537 438 643

1483 372 2012 435 CONSTANTINI
2058 370 2538 433 PORPHYROG
2552 374 2654 433 ΕΝ
2663 373 2767 434 lTl

3711 380 3831 438 6M

415 528 549 568 men
578 514 887 582 tutumque
906 509 1188 566 auxilium
1219 524 1413 565 eorum
1446 525 1531 574 es,
1557 507 1657 580 qui
1676 508 1750 564 ad
1781 510 1837 563 te
1858 521 2047 564 accur-

2175 507 2294 564 τοῖς
2326 505 2570 567 Βενέτοις
2605 505 2794 580 βοήθει
2830 529 2857 557 »
2896 507 2975 578 (οἱ
3017 508 3293 581 Πράσινοι,
3332 527 3355 557 ι
3406 510 3699 582 ἶῐρασίνοις
3730 535 3757 563 ››
3785 515 3827 585 ),

412 598 1140 670 runt,rogsmusVeneti,»
1162 597 1413 669 (Prasini
1450 614 1463 652 :
1498 620 1525 647 «
1560 595 2061 669 Prasini,»)detur

413 689 522 744 hoc
556 688 725 744 nobis
759 694 815 743 et
840 688 1042 756 lcasio,
1076 693 1138 743 ut
1156 688 1413 743 victoriis
1438 688 1497 743 in
1539 685 1853 742 certamine
1878 683 2062 741 excel-

412 776 632 844 lamus,
657 783 709 832 et
744 794 851 832 nos
873 777 1246 833 exilaremur.

2171 617 2200 646 «
2253 592 2345 648 καί
2383 597 2706 673 χορήγησον
2759 597 2839 669 τῷ
2878 596 3132 671 Οὐρανίῳ
3190 600 3266 670 (οἱ
3327 600 3620 672 Πράσινοι·
3666 623 3695 651 (ι
3742 607 3827 673 Τῷ

2176 679 2468 755 Ὀλυμπίῳ
2503 688 2576 756 υ),
2627 709 2653 737 ‹‹
2685 683 2777 740 ’ἱνα
2816 686 2905 741 καὶ
2972 684 3139 741 πάλιν
3196 688 3550 763 χορεύσωμεν
3600 690 3648 735 1⁸
3690 693 3823 762 μετά

2170 770 2348 841 νίκης.
2384 795 2413 824 ››
2446 771 2657 835 Ἀλλος
2688 775 2764 836 εἱς
2795 776 2855 831 τὸ
2886 775 3109 830 Αευκόν·
3149 798 3178 827 ιι
3235 776 3321 837 Ὠς
3369 776 3600 851 κραταιὰ
3650 779 3815 850 σκέπη

413 865 448 933 ἡ
510 864 791 932 Θεοτόκος,
850 863 943 919 καὶ
1000 864 1297 937 ἀντίληψις
1366 860 1555 939 βεϐαία
1610 867 1719 919 τῶν
1777 864 1852 925 εἷς
1913 862 1971 916 σὶ
2026 859 2504 939 προστρεχόντων,
2569 861 2883 936 ἐξαιτοῦμεν
2930 865 2986 918 οἱ
3044 863 3321 920 Βένευοι»
3382 865 3457 937 (οἱ
3518 866 3809 939 Πράσινοι’

419 976 442 1007 e
477 952 730 1030 Πράσινοι
758 956 811 1027 ››)
843 980 869 1007 ιι
924 952 1238 1030 δωρηθῆναι
1289 956 1426 1027 ἡμῖν
1475 958 1657 1022 τοῦτο,
1688 958 1767 1024 τῷ
1813 950 2080 1023 Εἷκασίῳ,
2113 946 2411 1026 διαπρέπον
2458 952 2504 989 ⁴⁷
2542 958 2661 1015 ταῖς
2709 953 2884 1015 νίκαις
2932 954 3024 1009 σὺν
3070 953 3221 1029 αὖτῷ
3267 955 3343 1017 εἷς
3389 956 3481 1011 τὸν
3509 955 3698 1033 ἀγῶνα
3738 958 3826 1013 καὶ

413 1046 562 1117 ἡμᾶς
593 1044 972 1121 εὐφρανθῆναι.
999 1071 1027 1097 ›ι

1009 1126 1237 1183 CAPUT
1290 1126 1481 1182 LXXI.

557 1220 713 1275 Ritus
750 1219 812 1273 in
858 1218 1146 1289 facularia:
1201 1217 1569 1273 celebratione
1623 1216 1909 1273 solemnes.

484 1385 525 1438 Ι.
567 1385 799 1458 Vesperi
833 1386 960 1441 duae
1014 1384 1293 1443 factiones
1342 1401 1475 1441 cum
1517 1385 1738 1442 facibus
1772 1386 2056 1441 secretam

412 1474 668 1546 phialam
700 1475 982 1530 triconcbi
1034 1475 1280 1541 intrant,
1311 1482 1368 1531 et
1415 1474 1712 1541 iocularia,
1736 1478 1800 1529 ut
1830 1475 2056 1539 vocant,

412 1563 762 1634 instituitur,
784 1581 931 1637 aque
952 1564 1671 1635 saltantibusapelaticum
1693 1562 1814 1619 toni
1835 1561 1953 1618 obl.
1977 1561 2051 1617 IV

410 1654 640 1709 canitur
670 1670 683 1710 :
718 1676 744 1703 ‹‹
765 1653 1178 1709 Corroboretur
1210 1668 1416 1708 manus
1444 1656 1565 1717 tua,
1599 1651 1887 1708 exaltetur
1926 1650 2061 1705 dex-

410 1747 498 1797 tra
523 1748 645 1811 tua,
676 1743 746 1797 N.
777 1744 1090 1813 imperator
1115 1742 1127 1796 !
1151 1743 1295 1797 Ecce
1315 1742 1469 1798 enim
1501 1742 1638 1799 urbs
1658 1746 1760 1797 tua
1788 1745 1845 1796 te
1875 1740 2057 1812 ipsius

413 1838 707 1888 amantem
733 1834 1015 1902 intuetur,
1043 1832 1339 1905 praeclaris
1359 1832 1838 1888 facinoribustuis
1857 1837 2059 1887 contra

412 1922 609 1978 hostes
641 1927 966 1993 renovatur,
999 1923 1178 1994 inque
1228 1922 1418 1979 medio
1449 1922 1693 1994 imperio
1749 1920 1939 1993 gratia
1968 1937 2058 1976 re-

410 2016 570 2083 gnat,
587 2010 863 2082 quoniam
880 2011 1309 2067 administratio
1322 2016 1444 2076 tua,
1460 2012 1597 2067 urbs
1614 2010 1839 2083 magnis
1866 2009 1945 2065 im
1956 2025 2056 2081 pe-

408 2101 633 2168 ratoris,
667 2106 977 2173 conspecta
1024 2106 1134 2169 est,
1186 2103 1425 2173 quando
1501 2117 1668 2157 arma
1725 2100 1927 2156 robore
1956 2105 2055 2155 tuo

408 2190 1059 2261 armantur,hostesque
1076 2191 1207 2246 odio
1228 2191 1378 2262 ejus,
1409 2189 1511 2262 qui
1541 2198 1594 2245 te
1625 2188 1808 2246 natali
1841 2188 2058 2245 honore

407 2278 575 2335 urbis
607 2288 716 2334 tua:
749 2281 1067 2347 coronavit,
1110 2279 1444 2353 cinguntur.
1487 2301 1515 2330 ››
1547 2280 1769 2336 Deinde
1812 2279 1882 2334 ad
1907 2279 2054 2336 sub-

407 2369 575 2426 sellia
634 2387 697 2427 se
727 2370 1043 2442 recipiunt,
1076 2387 1143 2427 ac
1176 2371 1426 2443 singulis
1454 2370 1513 2426 in
1538 2370 1664 2427 loco
1693 2386 1801 2426 suo
1831 2368 2053 2426 conati.

406 2458 572 2523 tutis,
596 2467 860 2516 cantores
888 2459 1346 2516 verbasolennia
1377 2460 1621 2516 recitant
1647 2474 1660 2514 :
1696 2480 1726 2509 «
1758 2457 2054 2514 Auxilium

404 2547 791 2603 Dominarum
832 2547 849 2603 !
885 2569 915 2599 »
949 2548 1200 2618 populus
1233 2562 1249 2604 :
1312 2567 1338 2600 α
1375 2549 1462 2603 Tu
1494 2563 1556 2603 es
1586 2546 1740 2603 Deus
1771 2546 1786 2602 !
1826 2568 1856 2596 »
1898 2546 2055 2602 ποι

404 2637 682 2692 Cantores
714 2652 729 2693 :
761 2639 843 2692 Tu
874 2636 1036 2707 ipsos
1066 2654 1236 2693 serva
1260 2654 1276 2704 ;
1300 2656 1330 2686 ››
1388 2635 1640 2709 populus
1671 2651 1686 2691 :
1720 2658 1750 2686 ιι
1795 2635 1906 2703 Ita,
1940 2635 2052 2691 Do-

409 2726 585 2780 mine.
611 2729 961 2781 uCantores:
994 2724 1333 2781 «Auxilium
1354 2728 1753 2798 Augustarum
1779 2724 1792 2779 l
1815 2745 1844 2774 »
1868 2740 2055 2797 popu-

404 2813 541 2871 lus:
601 2834 631 2865 ‹‹
698 2814 853 2872 Deus
883 2831 966 2872 es.
1001 2837 1029 2865 n
1052 2816 1364 2871 Cantores:
1400 2815 1531 2871 «Tu
1563 2815 1719 2886 ipsos
1755 2829 1967 2881 serva;
2022 2836 2053 2866 ››

406 2903 659 2976 pepulus
690 2921 705 2973 ;
734 2927 763 2956 «
796 2906 900 2975 Ila,
924 2906 1169 2961 Domine
1200 2903 1214 2959 l
1251 2926 1281 2956 »
1302 2904 1577 2961 Cantores
1599 2920 1613 2960 :
1639 2906 1747 2974 Tu,
1781 2904 1881 2977 qui
1913 2905 2051 2961 Por-

404 2994 821 3067 pbyrogenitos
878 2994 1121 3066 adjuvas
1154 3011 1169 3065 ;
1198 3020 1227 3047 ,ο

404 3084 678 3139 Cantores
711 3101 725 3141 :
761 3105 791 3134 «
848 3084 935 3140 Tu
970 3084 1132 3156 ipsos
1162 3098 1328 3140 serva
1366 3099 1381 3151 ;
1425 3083 1677 3156 populus
1711 3100 1725 3140 :
1758 3105 1787 3139 α
1809 3084 1914 3152 Ita,
1954 3085 2060 3140 Do-

406 3172 602 3229 mine!
635 3195 663 3224 »
698 3174 1009 3230 Cantores:
1047 3194 1072 3226 ι
1107 3173 1213 3241 Qui
1241 3174 1445 3230 urbem
1469 3174 1677 3245 juvas;
1713 3196 1743 3225 »
1766 3171 2052 3246 populus:

408 3284 436 3313 «
483 3263 633 3319 Deus
658 3278 720 3319 es
757 3264 767 3319 l
796 3286 819 3317 ι
847 3263 1156 3321 Cantores:
1181 3284 1209 3313 (ί
1234 3264 1321 3321 Tu
1354 3262 1541 3335 ipsam
1582 3279 1786 3333 serva;
1820 3283 1848 3314 »
1880 3278 2057 3334 popu-

402 3350 497 3407 lus
527 3366 542 3406 :
579 3370 601 3399 ι
652 3353 759 3420 Ita,
784 3350 1056 3409 Domine!
1085 3373 1113 3401 ››
1142 3353 1423 3410 Cantores
1458 3368 1471 3406 :
1496 3372 1526 3401 «
1555 3351 1664 3415 Qui
1720 3351 2053 3423 praefectum

395 3439 604 3510 juvas;
641 3462 668 3488 »
694 3439 984 3511 populus:
1018 3462 1047 3490 ‹‹
1071 3440 1225 3495 Deus
1252 3456 1313 3496 es
1342 3439 1356 3494 ι
1387 3462 1416 3490 ››
1448 3439 1762 3497 Cantores:
1788 3462 1817 3489 «
1847 3440 1931 3495 Tu
1963 3439 2052 3511 ip-

403 3543 535 3583 sum
563 3542 719 3582 serva
737 3545 752 3595 ;
772 3548 800 3576 ››
816 3527 1069 3599 populus
1093 3544 1107 3582 :
1133 3550 1163 3577 «
1190 3547 1253 3582 ια
1274 3531 1381 3595 Ita,
1398 3527 1718 3585 Domine!»
1732 3528 2009 3585 Cantores
2034 3544 2048 3585 :

403 3639 432 3665 «
464 3615 570 3680 Qui
605 3615 886 3671 Uranium
919 3616 1159 3687 adjuvas
1187 3634 1202 3685 ;
1244 3639 1272 3668 ››
1315 3616 1566 3690 populus
1598 3633 1611 3674 :
1649 3640 1672 3669 α
1707 3619 1858 3674 Deus
1887 3620 1983 3675 es!
2016 3640 2046 3670 ιο

396 3706 714 3762 Cantores:
748 3728 777 3756 «
802 3706 1095 3777 Tuipsum
1118 3722 1313 3774 serva;
1337 3728 1368 3757 »
1384 3706 1634 3780 populus
1666 3722 1681 3764 :
1730 3728 1761 3759 ιι
1792 3710 1898 3776 Ita,
1934 3714 2048 3764 Do-

395 3794 589 3850 mine!
625 3817 648 3847 ι
685 3794 969 3866 (Prasini:
1025 3816 1055 3847 «
1102 3796 1211 3863 Qui
1239 3795 1595 3868 Olympium.
1628 3796 1682 3869 υ)
1718 3796 1996 3855 Cantores
2027 3814 2043 3855 :

396 3884 549 3951 «Qui
577 3884 883 3940 Prasinum
916 3884 1154 3957 adjuvas
1181 3910 1196 3953 ;
1227 3886 1529 3956 »(Prasini
1564 3903 1578 3943 :
1604 3906 1635 3938 ιι
1670 3886 1781 3951 Qui
1810 3885 2049 3945 Anatel-

392 3972 608 4030 lontem
643 3993 659 4044 ;
697 3975 751 4047 n)
781 3975 1075 4047 populus:
1108 3998 1136 4026 «
1162 3976 1315 4033 Deus
1364 3991 1449 4034 ea.
1473 3999 1503 4028 »
1536 3978 1842 4033 Cantores:
1867 4000 1895 4027 ‹‹
1920 3978 2040 4034 Tu—

391 4062 584 4134 ipsum
616 4078 784 4121 serva
815 4066 827 4121 I
865 4086 894 4115 »
926 4065 1215 4138 populus:
1250 4088 1281 4118 κ
1314 4068 1421 4139 Ita,
1478 4066 1760 4124 Domine!
1793 4088 1824 4117 ››

2775 1126 3037 1181 ΚΕΦΑΛ.
3090 1126 3218 1183 OA'.

2354 1214 2493 1271 Ὅσα
2534 1210 2617 1268 δεῖ
2660 1213 3126 1295 παραφυλάττειν,
3175 1222 3276 1285 τῆς
3322 1214 3635 1295 φακλαρέας

2816 1284 3178 1360 τελουμένης.

2238 1373 2319 1433 Α’.
2356 1372 2553 1446 Δείλης
2594 1376 2928 1452 εἰσέρχονται
2960 1376 3028 1433 τὰ
3057 1374 3153 1436 δύο
3184 1378 3323 1452 μέρη
3356 1376 3409 1435 ἐν
3457 1383 3524 1454 τῇ
3579 1384 3822 1454 μυστικῇ

2168 1461 2335 1537 φιάλῃ
2382 1468 2479 1519 τοῦ
2527 1467 2831 1543 τρικόγχου
2882 1467 3016 1539 μετὰ
3065 1466 3333 1539 φατλίων,
3382 1467 3475 1524 καὶ
3537 1468 3745 1544 γίνεται
3788 1472 3823 1540 ἡ

2161 1546 2435 1626 λεγομένη
2512 1554 2811 1633 φακλαρεα,
2878 1556 2968 1610 καὶ
3040 1557 3259 1629 Λέγουσι
3333 1556 3425 1615 τὸν
3487 1556 3816 1615 ἆπελστικόν

2095 1622 2140 1688 Β
2170 1622 2495 1715 χορεύοντες
2522 1622 2626 1720 Ῑῆχ.
2659 1622 2719 1701 π’.
2753 1622 2835 1699 δ’ν·
2896 1666 2926 1696 ιι
2971 1622 3376 1719 Κραταιωθήτω
3419 1646 3454 1714 ἡ
3513 1644 3639 1719 χείρ
3695 1667 3813 1717 σου,

2175 1729 2446 1801 ὑψωθήτω
2505 1733 2540 1800 ἡ
2589 1729 2732 1805 δεξιά
2792 1752 2909 1802 σου,
2970 1733 2998 1787 6
3057 1729 3205 1788 δεῖνα
3257 1732 3629 1808 αὐτοκρὰτωρ.
3674 1732 3812 1791 Ἰδοὺ

2169 1818 2295 1893 γὰρ,
2326 1820 2361 1888 ἡ
2395 1817 2558 1882 πόλις
2609 1840 2703 1876 σου
2743 1819 3043 1899 φιλόπολιν
3098 1819 3292 1895 βλέπει
3330 1842 3388 1877 σε
3439 1820 3687 1897 βασιλέα,
3728 1825 3816 1879 καὶ

2166 1913 2285 1969 ταῖς
2361 1914 2481 1972 σαῖς
2561 1908 2923 1987 ἐγκαινίζεται
2981 1913 3100 1967 κατ’
3146 1910 3361 1987 ἐχθρῶν
3416 1910 3822 1987 ἀνδραγαθίαις,

2167 2000 2257 2055 καὶ
2297 1998 2643 2058 πολιτεύεται
2704 2002 2866 2076 χάρις
2914 1999 2965 2057 ἐν
3021 2001 3167 2076 μέσῳ
3215 2009 3316 2071 τῆς
3378 2002 3680 2078 βασιλείας,
3733 2006 3820 2060 ὅτι

2169 2083 2322 2166 ὤφθη
2372 2091 2435 2146 τὸ
2492 2089 2805 2164 πολίτευμά
2843 2112 2963 2162 σου,
3006 2091 3172 2155 πόλις
3213 2096 3312 2147 τοῦ
3354 2092 3599 2166 μεγάλου
3652 2095 3809 2168 βασι-

2170 2175 2333 2249 λέως,
2386 2180 2503 2244 ὅθεν
2563 2179 2983 2250 καθοπλίζονται
3028 2182 3097 2237 τὰ
3158 2180 3304 2239 ὅπλα
3352 2203 3448 2236 σου
3512 2179 3817 2256 δυναστείᾳ,

2165 2267 2253 2325 καί
2280 2264 2712 2345 περιϐάλλονται
2760 2268 2951 2346 ἐχθροὶ
2991 2272 3091 2341 τήν
3147 2269 3344 2346 ἔχθραν
3374 2276 3475 2327 τοῦ
3524 2272 3817 2348 στέψαντός

2168 2381 2225 2415 σε
2279 2364 2347 2435 τῇ
2395 2360 2661 2436 γενεθλίῳ
2714 2357 2842 2437 δόξῃ
2891 2368 2993 2431 τῆς
3045 2360 3263 2424 πόλεώς
3306 2383 3421 2420 σου.
3460 2387 3487 2414 ››
3534 2365 3630 2419 Καὶ
3682 2365 3817 2441 μετᾶ

2165 2454 2331 2505 ταῦτα
2368 2450 2684 2524 ἀνέρχονται
2730 2450 2809 2514 εἰς
2852 2453 2920 2506 τὰ
2975 2452 3166 2527 βάθρα,
3209 2454 3298 2508 καὶ
3351 2454 3638 2524 ἱσταμένου
3687 2455 3812 2509 ἑκα-

2166 2559 2292 2595 στου
2334 2540 2410 2600 εἰς
2460 2540 2523 2595 τὸ
2585 2538 2723 2596 ἴδιον
2775 2542 2961 2617 μέρος,
3013 2540 3260 2616 λέγουσιν
3320 2543 3372 2598 oi
3427 2544 3656 2618 κράκται
3711 2546 3808 2614 τήν

2166 2629 2503 2704 ἀνευφημίαν
2537 2650 2550 2662 ·
2581 2653 2609 2681 ‹‹
2640 2630 2701 2688 Ὀ
2735 2632 2955 2705 βοηθῶν
2987 2630 3115 2692 τοὺς
3147 2629 3411 2697 δεσπότας
3438 2652 3449 2661 ·
3484 2656 3513 2685 »
3555 2634 3584 2687 6
3629 2633 3764 2697 λαός
3788 2650 3803 2665 ⁶

2166 2742 2193 2771 ιι
2227 2719 2323 2782 Εἷς
2364 2720 2393 2773 6
2434 2720 2583 2781 Θεός.
2620 2745 2641 2775 ι
2679 2721 2748 2777 Οἱ
2794 2720 3021 2797 κράκται
3044 2740 3057 2755 ⁸
3110 2745 3141 2774 ιι
3174 2722 3248 2777 Σὺ
3280 2721 3471 2785 αὐτοὺς
3532 2728 3702 2779 σῶσον
3728 2741 3741 2756 ·
3778 2749 3806 2777 ››

2164 2807 2193 2861 6
2225 2805 2387 2870 λαόςσ
2431 2833 2458 2859 ‹‹
2516 2809 2642 2878 Ναὶ,
2671 2810 2858 2885 Κύριε.
2894 2832 2924 2861 ››
2965 2810 3034 2868 Οἱ
3089 2811 3317 2886 κράκται
3343 2832 3356 2846 ο
3398 2834 3426 2863 ‹‹
3472 2813 3534 2870 Ὀ
3596 2814 3811 2887 βοηθῶν

2163 2900 2283 2960 ταῖς
2312 2897 2682 2972 Αὐγούσταις·
2721 2923 2748 2950 ››
2781 2900 2810 2954 6
2857 2897 3020 2961 λαός⁹
3054 2923 3083 2951 ‹‹
3117 2900 3213 2962 Εἷς
3245 2900 3274 2955 6
3313 2898 3462 2965 Θεός.
3496 2924 3525 2957 »
3565 2902 3628 2957 Οἱ
3674 2904 3811 2977 κρά-

1287 2993 1543 3067 populus
1576 3010 1590 3051 :
1651 3017 1681 3046 «
1718 2994 1869 3050 Deus
1901 3009 1984 3051 es.
2016 3014 2045 3044 »

2159 3004 2297 3041 κται·
2332 3010 2360 3039 ιι
2405 2988 2476 3042 Σὺ
2527 2986 2688 3049 αὐτὰς
2741 2993 2917 3043 σῶσον
2942 3007 2955 3020 ·
2991 3011 3019 3040 »
3053 2988 3082 3043 6
3113 2984 3245 3051 λαός
3271 3007 3283 3020 ·
3319 3012 3347 3041 ιι
3396 2988 3526 3059 Ναὶ,
3558 2990 3743 3064 Κύριε.
3779 3016 3808 3045 ››

2170 3076 2236 3133 Οἱ
2266 3075 2492 3151 κράκται
2521 3094 2535 3111 ο
2566 3102 2593 3129 ‹‹
2627 3082 2687 3135 Ὀ
2731 3078 2948 3153 βοηθῶν
3005 3082 3122 3139 τοῖς
3177 3082 3708 3156 πορφυρογεννήτοις
3733 3098 3746 3113 ο
3782 3104 3810 3133 ››

2168 3169 2196 3223 ὁ
2228 3166 2379 3228 λαός·
2414 3193 2440 3219 ‹‹
2479 3167 2568 3229 Εἷς
2611 3169 2638 3222 ὁ
2672 3169 2802 3232 θεός
2834 3211 2847 3224 .
2884 3191 2911 3219 ››
2944 3168 3006 3221 Οἱ
3044 3168 3294 3242 κράκταιο
3321 3193 3349 3220 ιι
3374 3170 3450 3224 Σὺ
3480 3168 3677 3233 αὐτοὺς
3711 3174 3815 3225 σῶ-

2165 3274 2279 3311 σον·
2314 3279 2343 3307 ››
2377 3257 2404 3311 6
2437 3256 2568 3318 λαός
2620 3278 2643 3310 α
2678 3255 2805 3326 Ναὶ,
2848 3257 3034 3330 Κύριε.
3063 3280 3090 3308 ››
3123 3257 3191 3314 Οἱ
3238 3256 3488 3333 κράκται·
3525 3282 3553 3311 ιι
3576 3259 3632 3313 Ὃ
3679 3260 3817 3333 βοη-

2166 3346 2273 3399 θῶν
2312 3351 2382 3420 τῇ
2413 3344 2595 3402 πόλει·
2633 3368 2660 3395 n
2703 3346 2730 3400 6
2763 3344 2917 3407 λαόςο
2967 3367 2988 3395 ι
3023 3346 3116 3408 Εἷς
3142 3346 3169 3400 6
3210 3345 3360 3405 6t6:.
3397 3370 3425 3398 ››
3454 3348 3523 3406 Οἱ
3568 3348 3815 3423 κράκται·

2163 3457 2192 3485 ‹‹
2215 3432 2292 3489 Σὺ
2318 3432 2483 3503 αὐτὴν
2515 3438 2707 3489 σῶσονο
2744 3457 2772 3488 ››
2805 3435 2833 3489 6
2872 3431 3024 3495 λαός·
3055 3458 3081 3484 ιι
3114 3432 3244 3502 Ναὶ,
3291 3432 3478 3508 Κύριε.
3512 3458 3541 3493 α
3568 3436 3635 3499 Οἱ
3684 3437 3811 3511 κρά-

2159 3542 2300 3578 κται·
2342 3546 2365 3576 ι
2407 3524 2468 3581 Ὀ
2522 3524 2739 3596 βοηθῶν
2783 3526 2863 3594 τῷ
2918 3520 3168 3598 ἐπάρχῳ·
3201 3545 3231 3575 ››
3271 3523 3299 3577 6
3343 3522 3514 3586 λαός·
3550 3548 3579 3577 (ι
3627 3524 3724 3589 Εἷς
3772 3527 3801 3581 6

2159 3614 2305 3677 Θεός.
2343 3636 2372 3665 ››
2403 3613 2469 3670 Οἱ
2516 3613 2743 3686 κράκται
2764 3630 2775 3643 ·
2804 3635 2831 3663 ‹‹
2884 3611 2960 3667 Σὺ
3009 3611 3170 3668 αὐτὸν
3198 3617 3371 3668 σῶσόν
3403 3614 3467 3651 4⁸·
3494 3637 3523 3666 ››
3557 3615 3585 3669 6
3626 3614 3758 3678 λαός
3784 3635 3798 3648 ·

2160 3726 2189 3755 (ι
2222 3704 2346 3773 Ναὶ,
2379 3704 2559 3761 Κύριε.
2597 3728 2624 3755 ››
2657 3705 2722 3762 Οἱ
2774 3703 3019 3778 κράκται·
3054 3728 3081 3755 ι(
3131 3704 3192 3762 Ὁ
3244 3704 3460 3779 βοηθῶν
3506 3710 3586 3778 τῷ
3621 3705 3802 3781 Οὖρα.

2154 3792 2249 3866 νίῳ
2270 3816 2297 3845 ››
2322 3793 2401 3867 (οἱ
2424 3793 2704 3868 Πράσινον
2730 3818 2758 3846 ‹‹
2781 3798 2867 3866 Τῷ
2900 3792 3193 3867 Ὀλυμπίῳ
3229 3796 3296 3867 ι)·
3317 3794 3346 3850 6
3379 3792 3511 3856 λαός
3536 3840 3550 3853 .
3584 3818 3613 3847 ‹‹
3645 3796 3741 3857 Εἷς
3772 3798 3801 3854 6

2153 3883 2304 3945 Θεός.
2337 3906 2367 3937 »
2398 3884 2466 3941 Οἱ
2497 3884 2743 3959 κράκται·
2767 3907 2794 3934 ιι
2820 3884 2894 3937 Σὺ
2926 3882 3085 3938 αὐτὸν
3120 3887 3311 3940 σῶσον
3338 3885 3414 3939 »ὁ
3448 3880 3646 3946 λαόςσιι
3670 3887 3799 3956 Nai,

2153 3972 2335 4048 Κύριε.
2370 3995 2398 4025 ι)
2458 3974 2525 4030 Οἱ
2580 3974 2831 4048 κράκται’
2875 3996 2905 4024 ι(
2963 3973 3025 4029 Ὁ
3077 3974 3302 4046 βοηθῶν
3347 3978 3428 4046 τῷ
3474 3973 3717 4047 Εἰκασίῳ
3771 3999 3793 4027 ι

2153 4062 2233 4135 (οἱ
2265 4062 2550 4137 Πράσινοι·
2584 4086 2613 4113 ‹‹
2650 4066 2742 4133 Τῷ
2774 4060 3164 4119 ’Δνατέλλοντι
3201 4064 3274 4135 ι)·
3308 4062 3336 4119 6
3368 4060 3499 4125 λαός
3521 4082 3534 4097 ·
3573 4086 3597 4116 ι
3642 4064 3734 4125 Εἷς
3769 4066 3799 4119 ὁ

2148 4153 2299 4213 Θεός.
2332 4175 2362 4204 ››
2384 4153 2449 4207 Οἱ
2478 4150 2728 4228 κράκται·
2754 4175 2783 4201 ‹‹
2815 4149 2893 4206 Σὺ
2922 4150 3083 4206 αὐτὸν
3114 4154 3309 4207 σῶσον·
3332 4175 3362 4205 ››
3391 4152 3421 4207 6
3452 4150 3795 4226 λαός’››Ναὶ,

2147 4239 2333 4314 Κύριε.
2367 4264 2395 4293 ››

378 4312 381 4315 ’
458 4332 526 4385 ll.
550 4330 768 4388 Deinde
786 4331 936 4388 alius
965 4337 1168 4389 cautor
1196 4330 1498 4404 ingressus
1523 4333 1695 4389 verba
1716 4349 1851 4389 cum
1870 4337 2035 4390 ante—

2216 4312 2293 4389 D'.
2372 4332 2503 4387 Εἶτα
2560 4328 2865 4405 εἰσέρχεται
2935 4326 3120 4405 ἕτερος
3184 4329 3425 4407 κράκτης
3491 4332 3584 4390 καὶ
3652 4330 3797 4409 λέγει

382 4420 729 4476 cedentibus
775 4421 1183 4493 conjungenda
1240 4421 1447 4477 recitat
1487 4438 1502 4477 :
1532 4443 1561 4472 «
1591 4422 1699 4488 Qui
1731 4422 2031 4488 Dominos,

384 4509 704 4578 Augustas,
780 4508 1333 4580 Porphyrogenitos,
1385 4509 1613 4580 urbem,
1670 4513 2030 4582 prafectum,

383 4594 688 4662 Uranium,
714 4596 960 4669 (Prasini
984 4614 997 4652 :
1025 4619 1052 4647 ‹‹
1085 4595 1444 4669 Olympium,
1471 4600 1523 4667 ν)
1546 4599 1816 4667 lcasium,
1873 4601 2033 4672 (Pra-

381 4683 495 4741 sini
532 4701 544 4739 :
579 4685 1067 4756 «Anatellontem,
1096 4686 1384 4758 »adjuvas
1418 4704 1484 4756 ;»
1518 4687 1791 4759 populus:
1825 4711 1854 4740 ‹‹
1878 4690 2033 4747 Deus

381 4789 463 4830 es.
500 4798 528 4825 »
561 4776 842 4832 Cantores
875 4792 888 4831 :
917 4798 945 4825 ‹‹
977 4777 1060 4832 Tu
1082 4776 1241 4848 ipsos
1262 4792 1464 4845 serva;
1499 4798 1527 4827 »
1548 4779 1840 4850 populus:
1872 4801 1899 4830 ιι
1924 4780 2029 4848 Ita,

381 4864 645 4921 Domine.
676 4888 704 4915 ››
735 4865 1010 4923 Cantores
1044 4882 1109 4920 τι(
1174 4864 1242 4921 Ν.
1302 4865 1371 4922 Ν.
1405 4882 1754 4939 magnorum
1806 4869 2031 4941 princi-

379 4970 517 5027 pum
549 4959 608 5011 et
655 4955 1071 5026 imperatorum
1106 4954 1119 5009 l
1186 4977 1213 5003 »
1242 4954 1536 5027 populus:
1572 4978 1602 5007 ιι
1638 4956 1899 5027 Domine,
1930 4975 2030 5015 eos

380 5046 615 5117 adjuva.
647 5068 676 5095 »
708 5045 928 5103 Deinde
942 5045 1093 5103 alius
1113 5051 1317 5103 cantor
1337 5046 1534 5114 intrat,
1554 5048 1755 5105 dicens
1790 5050 2027 5107 :«Sem-

378 5150 501 5205 per,
534 5151 788 5209 semper,
825 5160 853 5186 ››
869 5138 1181 5206 Cantores;
1208 5159 1235 5185 ‹‹
1258 5136 1531 5208 Superior
1560 5136 1642 5193 sis
1675 5138 1963 5195 etvictor!
1994 5161 2022 5190 ››

378 5224 677 5297 populus:
712 5248 742 5276 ‹‹
791 5228 1096 5299 Perpetuo,
1129 5242 1162 5281 ο
1212 5223 1578 5281 clarissime!
1632 5249 1662 5277 »
1707 5226 2024 5285 Cantores:

274 5342 277 5347 -
376 5313 659 5384 «Sancte,
712 5319 801 5371 ter
830 5320 1049 5382 sancte,
1110 5313 1347 5371 victoria
1395 5314 1667 5370 Veneta!
1719 5316 2022 5388 (Prasini:

375 5423 405 5451 «
465 5403 738 5462 Prasinm.
772 5407 824 5475 ››>
853 5406 1169 5463 Cantores:
1203 5426 1232 5456 «
1267 5401 1517 5462 Domina
1546 5403 1794 5477 Deipara
1828 5422 1842 5473 ;
1871 5428 1892 5455 ι
1920 5422 2026 5477 Ρο-

2145 4420 2245 4490 τήν
2305 4420 2631 4498 σύνάιρειαη
2695 4442 2723 4471 ιι
2777 4421 2838 4477 Ὁ
2900 4422 3123 4494 βοηθῶν
3175 4421 3304 4485 τοὺς
3352 4418 3643 4490 δεσπότας,
3681 4428 3801 4485 ταῖς

2143 4508 2505 4582 Αὐγούσταις,
2563 4513 2683 4570 τοῖς
2738 4510 3289 4585 πορφυρογεννήτοις,
3349 4514 3417 4584 τῇ
3482 4509 3665 4578 πόλει,
3715 4511 3796 4583 τῷ

2141 4597 2394 4673 ἐπάρχῳ,
2436 4602 2515 4669 τῷ
2564 4598 2817 4672 Οὐρανίῳ
2845 4621 2873 4654 ιο
2927 4600 3005 4669 (οἱ
3048 4598 3306 4674 Πράσινοι
3331 4618 3345 4633 ο
3380 4623 3409 4652 ‹‹
3441 4598 3536 4673 Τῷ
3579 4599 3790 4675 Ὀλυμ-

2140 4689 2251 4761 πίῳ
2283 4690 2359 4761 ››),
2383 4712 2411 4740 ιι
2442 4692 2522 4760 τῷ
2552 4686 2793 4761 Εΐκασίῳ
2821 4708 2849 4744 ο
2881 4689 2962 4762 (οἱ
2994 4689 3253 4764 Πράσινοι
3279 4707 3293 4721 ·
3329 4713 3358 4742 ιι
3390 4690 3484 4761 Τῷ
3532 4687 3791 4748 ’Δνατέλ-

2142 4778 2291 4833 λοντι
2316 4781 2392 4851 ››)’
2416 4778 2443 4831 6
2484 4774 2640 4839 λαός*
2665 4800 2695 4829 ιι
2727 4777 2823 4840 Εἷς
2851 4776 2881 4831 6
2912 4778 3062 4840 Θεός.
3095 4800 3126 4831 ››
3158 4778 3225 4835 Οἱ
3264 4778 3511 4851 κράκται·
3538 4802 3566 4829 ‹‹
3586 4777 3662 4834 Σὺ
3693 4778 3795 4834 αὖ-

2139 4866 2266 4930 τοὺς
2295 4872 2492 4924 σῶσον·
2512 4890 2539 4919 ››
2560 4866 2592 4921 6
2614 4863 2770 4929 λαός·
2798 4888 2829 4918 ‹‹
2850 4866 2982 4939 Ναὶ,
3005 4866 3191 4941 Κύριε.
3214 4891 3236 4918 ι
3274 4867 3340 4925 Οἱ
3389 4868 3636 4942 κράκται*
3672 4890 3702 4923 α
3733 4868 3794 4925 Ὀ

2142 4955 2287 5014 δεῖνα
2341 4957 2431 5013 καὶ
2489 4957 2517 5012 6
2575 4955 2723 5012 δεῖνα
2782 4954 3038 5032 μεγάλων
3082 4953 3355 5031 βασιλέων
3385 4958 3473 5011 καὶ
3524 4957 3797 5032 αὐτοκρα-

2137 5049 2312 5121 τόρων
2336 5066 2349 5079 ο
2384 5071 2411 5099 ››
2448 5048 2476 5101 6
2509 5044 2641 5107 λαός
2667 5061 2682 5077 °
2716 5069 2745 5097 ι(
2776 5044 2965 5121 Κύριε,
3004 5046 3211 5121 βοήθει.
3239 5072 3267 5098 ››
3303 5046 3439 5103 Εἶτα
3487 5046 3790 5121 εἰσέρχεται

2135 5136 2321 5211 ἕτερος
2378 5137 2642 5212 κράκτης,
2682 5135 2771 5190 καὶ
2832 5132 3000 5211 λέγει·
3028 5159 3056 5187 ιι
3099 5134 3235 5197 Ἰοὺς
3287 5134 3391 5206 ἀεὶ,
3433 5135 3515 5191 ἀεί
3563 5138 3629 5193 ‘0.
3668 5159 3695 5186 ››
3726 5137 3794 5194 Οἱ

2135 5225 2383 5302 κράκται’
2420 5249 2448 5277 ι(
2488 5226 2762 5301 Προτόνου
2794 5223 2886 5281 καί
2914 5228 3087 5295 νικᾷς·
3110 5247 3139 5278 »ι
3172 5225 3200 5279 6
3224 5224 3377 5286 λαός·
3413 5250 3441 5278 ‹‹
3473 5227 3566 5289 Εἷς
3607 5225 3689 5282 ἀεὶ
3718 5226 3792 5296 ⁵ο,

2136 5310 2415 5389 εὐδόκιμε.
2436 5338 2465 5367 ››
2486 5316 2554 5373 Οἱ
2604 5317 2851 5389 κράκταισ
2878 5335 2904 5369 ι
2938 5317 3115 5388 ’¹Δγιε,
3146 5314 3416 5390 τρισάγιε,
3439 5314 3562 5387 νίκη
3603 5315 3683 5387 εἰς
3730 5317 3795 5371 τὸ

2135 5403 2361 5462 Βένέτον
2413 5427 2443 5457 ››
2503 5403 2557 5458 οἱ
2618 5404 2897 5479 Πράσινοι·
2943 5426 2975 5457 ιι
3038 5402 3134 5466 Εἰς
3176 5403 3239 5459 τὸ
3300 5404 3566 5479 Πράσινον
3620 5405 3693 5479 ο).
3726 5404 3794 5463 Oi.

1736 5532 1976 5590 VARIE
2015 5534 2429 5593 LECTIONES.

450 5656 498 5693 ⁴⁶
529 5658 865 5737 χορεύσομεν
903 5656 993 5737 ed.
1071 5651 1445 5737 ‘7_8:dnpénov
1474 5651 1902 5733 Β.,διαπρέπειν
1934 5661 2026 5723 ed.
2102 5662 2150 5697 ⁸⁸
2178 5657 2325 5733 αὖτῷ
2378 5661 2551 5715 σῶσον
2605 5661 2734 5719 cod.
2764 5659 2824 5717 h.
2864 5657 2905 5716 l.
2939 5662 2997 5718 et
3041 5659 3124 5717 sic
3174 5658 3350 5735 paulo
3394 5664 3526 5737 post
3599 5658 3647 5696 ‘9
3676 5659 3790 5733 ἆὲς,

380 5727 468 5792 αἱς
501 5726 629 5789 οδᾶ.
705 5726 988 5785 ⁸οέἷσαίίειιι
1026 5730 1154 5787 cod.
