4138 6212
327 357 444 420 645

1159 361 1263 418 DE
1307 357 1765 422 CERIMONIIS
1807 361 2042 424 AULIE
2083 362 2551 428 ΒΥΖΑΝΊῚΝᾸΞ
2592 371 2741 432 LIB.
2788 375 2836 434 l.

3613 387 3731 450 646

325 489 573 565 κράκται·
609 510 637 540 ‹‹
663 484 924 542 Δέσποινα
953 488 1235 543 Θεοτόκεοι
1272 488 1301 543 6
1333 485 1486 552 λαός·
1514 490 1673 558 «Ναὶ,
1704 490 1969 546 Δὲσποινα

2092 494 2258 566 pulus
2291 513 2305 552 :
2340 518 2370 548 «
2399 499 2544 569 Imo,
2575 502 2813 562 domina
2846 507 3106 582 Deipara,
3137 514 3374 572 victoria
3402 517 3662 578 Venetis!
3700 543 3729 574 ››

329 576 578 647 Θεοτὸκε,
607 575 732 646 νίκη
766 573 842 637 εἲς
880 576 943 630 τὸ
995 577 1216 632 Βὲνετον
1238 600 1266 629 ››
1300 577 1379 649 (οἱ
1412 577 1695 652 ΙΙράσινοι·
1719 604 1746 632 ι(
1781 579 1874 642 Εἷς
1920 581 1983 635 τὸ

327 667 592 740 Πράσινον
636 669 710 738 ››).
761 664 829 722 Οἱ
895 665 1145 736 κράκται·
1205 687 1228 716 ι
1276 668 1389 722 Τοῦ
1449 671 1683 740 σταυροῦ
1740 669 1776 736 ἡ
1823 665 1986 722 δύνα-

331 773 448 829 μις·
486 782 514 809 ››
539 758 568 812 6
600 755 754 818 λαός*
789 778 818 806 ‹‹
849 755 955 812 Ναὶ
984 758 1082 809 τοῦ
1114 758 1348 831 σταυροῦ
1408 758 1443 825 ἡ
1494 753 1744 829 δύναμις,
1783 756 1904 826 νίκη
1936 757 1983 792 δί

326 839 447 920 ἔχει
497 846 560 900 τὸ
617 846 831 900 Βὲνετον
865 867 894 894 ››
953 843 1004 897 οἱ
1035 844 1314 918 Πράσινοι·
1361 867 1390 894 ››
1422 845 1582 922 Ἔχει
1613 847 1658 882 ⁸³
1686 845 1748 900 τὸ
1779 845 1983 920 Πράοι-

321 955 412 989 νον
466 938 544 1009 υ).
606 936 673 991 Οἱ
729 934 978 1007 κράκταν
1041 957 1068 985 ‹‹
1111 937 1249 989 Θεοῦ
1295 935 1398 1003 τὴν
1452 934 1610 1004 νίκην
1641 933 1794 1012 ἔχεις
1822 936 1886 970 ⁵³·
1919 933 1982 989 τό

325 1023 620 1099 πρόσωπόν
679 1043 796 1094 σου,
847 1023 1073 1097 Ούράνιὲ
1129 1048 1150 1074 ι
1212 1025 1287 1096 (οἱ
1361 1027 1635 1098 ιιράσινοι·
1695 1045 1718 1075 α
1772 1022 1982 1098 Ὀλύμ-

319 1134 413 1170 πιε
443 1129 515 1187 η).
547 1114 616 1171 Οἱ
644 1111 892 1187 κράκταιο
935 1136 963 1166 ‹‹
995 1111 1154 1184 ’Ὀλη
1190 1109 1378 1184 δείλης
1409 1117 1672 1189 σήμερονο
1705 1135 1732 1168 u
1770 1115 1798 1167 6
1848 1111 1982 1176 λαὸς

325 1201 405 1259 ἔσο
441 1226 469 1256 ‹‹
503 1200 656 1273 ’Όλη
691 1200 880 1272 δείλης
911 1205 1174 1279 σήμερονσ
1227 1202 1370 1274 καλή
1433 1224 1528 1258 σου
1581 1201 1772 1274 δείλης
1831 1202 1981 1278 γίνε-

317 1312 434 1348 ται.
468 1315 497 1344 ››
527 1292 595 1349 Οἱ
624 1289 871 1367 κράκται·
907 1313 932 1344 ι
966 1290 1186 1364 Κύριοι,
1217 1289 1425 1346 πολλοὶ
1480 1291 1608 1365 ὑμῖν
1643 1291 1862 1367 χρόνοι⁶
1895 1314 1925 1343 ››
1950 1291 1979 1346 6

325 1379 483 1444 λαός
517 1405 545 1434 ‹‹
579 1378 790 1437 Πολλοὶ
810 1380 939 1453 ύμῖν
961 1380 1154 1456 χρόνοι
1187 1404 1216 1433 ››
1241 1382 1319 1455 (οἱ
1347 1382 1630 1456 Ιῐράσινοιο
1669 1403 1698 1437 α
1723 1383 1880 1456 Ἀγιε
1903 1384 1978 1451 ››).

325 1472 430 1527 Καὶ
475 1469 986 1546 εῗσέρχεταιὲτερος
1035 1470 1278 1545 κρᾶκτης
1308 1469 1398 1525 καὶ
1461 1469 1630 1548 λέγεν
1678 1494 1708 1524 ‹‹
1743 1471 1798 1526 ’0
1830 1468 1977 1528 δεῖνα

326 1560 420 1616 καὶ
451 1561 479 1616 6
512 1557 655 1615 δεῖνα
706 1557 956 1634 μεγάλων
991 1557 1260 1634 βασιλέων
1315 1560 1405 1616 καὶ
1472 1560 1908 1638 αὐτοκρατόρων⁹
1943 1586 1966 1616 ι

324 1652 356 1707 6
400 1650 553 1716 λαόςο
603 1675 631 1704 «ι
695 1649 943 1721 Θεοτόκε,
1005 1650 1216 1726 βοήθει.
1274 1674 1304 1704 »
1351 1650 1419 1709 Oi.
1475 1651 1722 1725 κράκταιο
1757 1676 1787 1705 ‹‹
1820 1653 1912 1714 Εἷς
1943 1652 1972 1707 6

326 1741 479 1811 Θεὸς,
535 1741 599 1796 σὺ
658 1740 853 1804 αὐτοὺς
912 1745 1106 1796 σῶσον·
1169 1765 1199 1794 ››
1231 1742 1259 1796 6
1307 1739 1462 1804 λαός·
1499 1765 1526 1794 ‹‹
1560 1743 1684 1810 Ναὶ,
1719 1742 1904 1818 Κύριε.
1940 1763 1969 1793 ››

2099 585 2344 682 (Prasini
2379 605 2393 645 :
2428 612 2458 640 «
2493 592 2857 670 Prasinisl»)
2888 602 3161 659 Cantores
3192 621 3204 660 :
3241 626 3271 655 «
3302 608 3504 664 Crucis
3538 622 3733 682 polen-

2095 672 2206 742 tia;
2237 697 2266 726 »
2300 678 2589 749 populus:
2625 705 2653 731 ‹‹
2687 687 2808 741 lmo
2825 690 3014 744 crucis
3038 693 3291 760 potentia
3317 695 3329 749 ι
3357 672 3592 753 victoria
3617 700 3732 755 Ve-

2094 768 2288 851 netam
2333 767 2641 826 factionem
2692 772 2913 845 habet;
2948 799 2978 828 κ
3019 783 3269 851 (Prasini
3354 804 3379 835 ι
3429 786 3732 846 Prasinam

2094 849 2290 948 habet.
2310 856 2370 948 ii)
2402 856 2674 948 Cantores
2707 880 2720 916 :
2755 885 2784 913 «
2815 864 2920 921 Dei
2951 849 3252 928 victoriam
3284 873 3454 930 habet
3484 893 3734 948 persona

2096 945 2215 1012 tua,
2245 960 2278 999 ο
2310 944 2517 1004 Uranie
2550 951 2561 1004 ι
2610 973 2638 1000 ››
2685 953 2938 1023 (Prasiui
2972 975 2985 1011 :
3041 980 3071 1010 ‹‹
3104 960 3409 1034 Olympiet
3446 944 3730 1025 {Canto-

2092 1048 2185 1088 res
2215 1049 2301 1128 :_«
2333 1035 2477 1093 Tota
2504 1038 2742 1098 victoria
2789 1044 2898 1102 hac
2939 1063 3172 1119 vespera
3203 1051 3310 1108 tibi
3341 1055 3621 1128 contingit
3653 1076 3668 1126 ;
3703 1081 3732 1111 ››

2093 1123 2346 1214 populus
2378 1142 2392 1182 :
2428 1149 2456 1177 ‹‹
2494 1128 2696 1186 Omnis
2735 1132 2836 1190 tibi
2883 1134 3056 1194 hodie
3104 1157 3171 1196 ac
3211 1141 3455 1214 pulchra
3493 1123 3733 1206 victoria

2091 1211 2398 1308 contingit.
2428 1239 2456 1267 »
2488 1217 2765 1279 Cantores
2797 1240 2816 1279 :
2849 1247 2878 1274 «
2915 1225 3092 1284 Multa
3120 1211 3288 1288 vobis
3315 1238 3598 1308 tempora,
3630 1238 3736 1295 do-

2091 1303 2231 1395 mini
2268 1303 2282 1360 !
2315 1325 2345 1353 ››
2377 1308 2626 1379 populus
2659 1327 2674 1366 :
2722 1333 2750 1362 «
2780 1312 2966 1371 Multa
3002 1318 3165 1376 vobis
3195 1303 3457 1395 tempora
3488 1325 3500 1381 l
3537 1303 3737 1386 »Ῥιέι-

2089 1391 2204 1485 sini
2238 1407 2253 1448 :
2292 1411 2320 1445 α
2362 1398 2571 1485 sancte
2603 1397 2616 1453 ι
2654 1421 2683 1449 ››
2727 1402 2895 1460 Alius
2927 1405 3139 1464 deinde
3188 1391 3392 1468 cantor
3444 1416 3647 1485 intrat,
3688 1423 3746 1475 et

2087 1480 2231 1536 dicit
2261 1499 2276 1538 :
2311 1505 2339 1534 «
2372 1483 2441 1541 N.
2473 1494 2534 1578 et
2558 1487 2627 1544 N.
2662 1505 3009 1564 magnorum
3039 1499 3376 1573 principum
3402 1506 3459 1559 et
3487 1480 3740 1578 impera-

2084 1586 2279 1643 torum
2314 1591 2328 1643 ;
2365 1575 2614 1648 pOpulus
2667 1595 2681 1634 :
2734 1601 2760 1632 α
2803 1581 3070 1658 Deipara,
3112 1587 3221 1645 hos
3264 1591 3497 1662 adjuva.
3530 1575 3743 1653 »Ὀδη-

2086 1672 2238 1722 tores
2265 1686 2278 1722 :
2311 1690 2339 1718 ‹‹
2368 1668 2517 1724 Deus
2538 1685 2623 1734 es,
2648 1678 2704 1725 tu
2732 1672 2891 1744 ipsos
2923 1693 3083 1734 serva
3111 1697 3125 1741 ;
3154 1703 3183 1729 »
3218 1685 3512 1753 populus:
3539 1706 3568 1736 «
3593 1686 3737 1756 Imo,

2083 1754 2348 1814 Domine.
2388 1780 2416 1808 »
2458 1759 2754 1818 Postremo
2802 1774 3126 1835 praecentor
3159 1785 3172 1824 :
3219 1793 3248 1820 ‹‹
3283 1771 3369 1828 Ita
3405 1774 3500 1830 dic
3529 1779 3587 1831 et
3626 1754 3734 1849 fac,

329 1832 468 1887 Εἶτα
511 1830 661 1907 λέγει
693 1831 720 1885 6
759 1830 1020 1905 κράκτης·
1069 1855 1090 1881 α
1146 1830 1251 1888 Ναὶ
1281 1830 1400 1886 εἰπὲ
1428 1832 1520 1886 καὶ
1550 1832 1695 1887 ποίει
1724 1833 1786 1886 τὸ
1818 1831 1971 1906 ἀγω-

2092 1847 2349 1939 grauius,
2367 1849 2535 1939 agat!
2575 1871 2600 1902 α
2634 1830 2858 1908 Prasini
2887 1871 2900 1908 :
2932 1878 2961 1906 «
2994 1857 3334 1931 Olympius!
3371 1865 3423 1935 »)
3457 1830 3740 1939 imo

326 1926 444 1996 γεῖν
475 1921 523 1957 ⁸⁴
551 1925 630 1987 τῷ
661 1919 912 1994 Ούρανίφ
942 1944 970 1972 ››
1011 1921 1086 1992 (οἱ
1111 1921 1393 1994 Πράσινοιο
1428 1945 1456 1972 ‹‹
1479 1924 1568 1993 Τῷ
1599 1920 1971 1995 Ὀλυμπίῳ››)⁶

330 2035 360 2062 ‹‹
392 2009 477 2064 ναὶ
535 2010 652 2064 εἷ’πὶ
699 2009 789 2063 καὶ
847 2008 991 2064 ποίει
1041 2009 1103 2064 τὸ
1163 2010 1395 2086 ἀγωγεῖν
1455 2015 1535 2082 τῷ
1567 2009 1804 2082 Ε’κασίῳ
1851 2011 1979 2084 «(oi

329 2099 613 2174 Πράσινοι·
651 2122 678 2149 ι(
703 2101 798 2170 Τῷ
835 2096 1303 2172 Ἀνατέλλοντι»)⁶
1338 2100 1367 2153 ὁ
1398 2097 1588 2161 λαός·‹‹
1624 2099 1804 2156 Καλὸν
1846 2100 1983 2174 ἀγῶ-

326 2206 415 2244 να’
449 2212 478 2239 ››
511 2189 579 2245 Οἱ
609 2187 858 2253 κράκται.
897 2212 925 2241 ι(
988 2187 1079 2252 Εἷς
1109 2189 1137 2244 6
1169 2189 1320 2256 Θεὸς,
1381 2189 1442 2242 σὺ
1483 2187 1680 2251 αὐτοὺς
1723 2193 1914 2244 σῶσον.
1950 2212 1979 2240 ››

327 2281 355 2335 6
389 2277 546 2341 λαός·
585 2302 612 2328 ‹‹
646 2279 778 2346 Ναὶ,
828 2277 1010 2353 Κύριε·
1051 2303 1071 2329 ι
1134 2278 1352 2346 Ἰστέον,
1395 2279 1478 2334 ὅτι
1535 2279 1601 2333 τὰ
1666 2280 1801 2334 αὐτὰ
1848 2278 1982 2336 ἄκτα

333 2366 652 2437 καὶὴαύτὴ
711 2367 960 2440 εὐφημία
1012 2365 1261 2443 λέγονται
1318 2368 1408 2422 καὶ
1455 2367 1542 2423 ἐπὶ
1598 2373 1694 2423 τοῦ
1715 2367 1976 2445 ἱπποδρο.

333 2457 466 2528 μίου
504 2453 583 2516 εἷς
622 2454 686 2509 τὸ
745 2454 944 2528 στάμα,
993 2452 1162 2531 ἤγουν
1214 2455 1290 2517 εἰς
1317 2455 1382 2510 τὸ
1413 2461 1457 2510 Π
1487 2458 1556 2526 νδ,
1589 2453 1852 2527 δηλονότι
1881 2459 1980 2511 τοῦ

338 2543 591 2619 ὑπάρχου
651 2541 1014 2616 καθεζομένου
1071 2542 1148 2608 εἰς
1175 2545 1238 2598 τὸ
1287 2543 1546 2618 κάθισμα,
1587 2541 1711 2599 ἔνθα
1760 2545 1903 2599 ὁκαὶ
1934 2545 1981 2581 ⁵⁸

333 2631 656 2707 ἀκτουὰριος
676 2633 910 2692 ἱσταται,

444 2722 573 2796 Περὶ
607 2725 706 2777 τοῦ
735 2721 901 2778 αὐτοῦ
932 2719 1332 2797 ἱπποδρομίου,
1365 2727 1484 2786 πῶς
1507 2720 1590 2778 δεῖ
1627 2721 1856 2780 κυλίεινο

402 2883 514 2960 Πρὸ
564 2887 661 2939 τοῦ
712 2884 943 2939 ἱππικοῦ
1015 2883 1222 2959 γίνεται
1271 2886 1306 2952 ἡ
1363 2906 1564 2959 πομπη
1623 2891 1730 2941 τῶν
1767 2885 1976 2956 ἵππων,

330 2975 528 3044 καὶτῷ
577 2972 724 3048 πρώί
777 2971 982 3037 τίθεται
1047 2975 1082 3043 ἡ
1125 2973 1254 3048 ὅρνα
1308 2973 1384 3036 εἲς
1443 2975 1534 3030 τὸν
1593 2976 1841 3048 καμπτὸν
1880 2980 1978 3031 τοῦ

335 3061 582 3132 Βενέτου,
614 3063 702 3118 καὶ
769 3061 1127 3139 κατέρχονται
1161 3065 1212 3119 οἱ
1269 3069 1378 3120 τῶν
1415 3061 1513 3118 δύο
1540 3070 1719 3142 μερῶν
1751 3066 1978 3141 ἡνίοχοι

334 3151 450 3225 ἅμα
505 3155 612 3207 τῶν
683 3147 1157 3231 κουὸινογράφων,
1231 3154 1544 3231 φορούντων
1632 3155 1804 3210 αὐτῶν
1867 3159 1975 3210 τῶν

2093 1934 2350 1991 Icasiusl
2388 1938 2676 2009 »(Prasini
2709 1956 2723 1995 :
2764 1959 2786 1991 ι
2813 1945 3116 2000 Anatellon
3149 1946 3321 2020 agatl
3353 1934 3411 2020 υ)
3441 1934 3689 2024 ροριιιιῖε
3723 1959 3739 2000 ε

2091 2047 2119 2075 ‹‹
2168 2027 2472 2098 Egregium
2533 2034 2847 2086 certamen.
2880 2055 2909 2083 »
2949 2034 3225 2094 Cantores
3260 2056 3274 2094 :
3311 2061 3340 2089 «
3375 2040 3529 2098 Deus
3558 2059 3640 2113 es,
3676 2047 3740 2099 tu

2091 2114 2252 2186 ipsos
2281 2115 2481 2172 serva!
2517 2139 2545 2168 ››
2580 2120 2833 2191 pupulus
2866 2141 2878 2177 :
2915 2145 2943 2173 κ
2971 2124 3117 2197 Imo,
3154 2128 3392 2186 Domine
3427 2129 3438 2186 Ι
3473 2152 3504 2182 ››
3537 2131 3738 2188 Scien-

2092 2203 2232 2258 dum
2262 2208 2372 2272 est,
2404 2206 2609 2262 eadem
2638 2214 2766 2264 acta
2797 2210 2946 2268 205
2982 2214 3336 2287 easdemque
3367 2219 3741 2277 acclamatio-

2091 2308 2192 2347 nes
2222 2293 2396 2349 etiam
2429 2294 2490 2350 in
2524 2296 2870 2355 decursione
2900 2301 2959 2356 in
2991 2303 3246 2360 statione
3269 2321 3371 2362 seu
3401 2306 3453 2362 II
3484 2308 3737 2380 recitari,

2091 2383 2361 2452 praefecto
2385 2383 2442 2439 in
2474 2387 2882 2455 consessu,ubi
2914 2392 3212 2450 actuarius
3242 2411 3472 2467 quoque
3487 2401 3619 2470 stat,
3644 2415 3737 2456 se-

2090 2471 2282 2529 dente.

2205 2718 2288 2772 ορ
2314 2716 2516 2774 eadem
2541 2722 2883 2848 accursiqine?
2917 2723 3179 2794 quomodo
3206 2733 3375 2782 sortes
3399 2725 3625 2785 misceri

2881 2803 3027 2848 eant.

2881 2803 3027 2851 eant.

2161 2883 2308 2937 Ante
2330 2880 2735 2940 decursionem
2755 2885 3047 2954 processio
3067 2903 3352 2959 equorum
3378 2891 3729 2964 instituitur,

2088 2983 2352 3040 urnaque
2380 2971 2440 3026 in
2473 2981 2624 3028 metu
2648 2977 2873 3029 Venetae
2897 2975 3162 3033 factionis
3194 2994 3364 3035 mane
3395 2981 3605 3052 posita,
3631 2998 3731 3037 an-

2088 3057 2228 3129 riga:
2257 3061 2566 3131 utriusque
2595 3063 2788 3131 gregis
2807 3079 2943 3118 cum
2973 3066 3509 3138 combinograpbis,
3542 3085 3737 3125 arme-

2091 3146 2277 3203 lausia
2325 3147 2602 3204 Venetum
2649 3149 2966 3223 albumque
2995 3157 3053 3208 et
3085 3155 3304 3210 massis
3341 3157 3734 3227 gestantibus,

334 3235 798 3319 κομϐινοφράφων
832 3241 1172 3318 ἁρμελαύσια
1221 3246 1331 3318 (26)
1385 3243 1592 3318 βὲνετον
1629 3245 1718 3300 καὶ
1780 3244 1973 3301 λευκὸν

2092 3237 2452 3294 discalceatis
2473 3247 2743 3310 praeterea
2759 3246 2815 3295 et
2836 3241 3356 3299 cbartocalamaria
3383 3246 3736 3312 ferentibus,

331 3330 420 3385 καὶ
455 3330 522 3384 τὰ
571 3329 768 3401 μασσία
797 3333 930 3401 (27),
997 3327 1166 3387 ὄντων
1223 3332 1398 3389 αὐτῶν
1456 3335 1546 3389 καὶ
1594 3332 1972 3406 ἀνυποδήτων,

338 3418 689 3495 βαστάζοντες
743 3418 832 3473 καὶ
917 3419 1435 3498 χαρτοκαλαμάρια,
1506 3421 1596 3478 καὶ
1677 3422 1978 3495 κυλιούσης

344 3515 444 3577 τῆς
477 3505 660 3582 ὅρνας,
694 3510 808 3563 οἷον
841 3508 1102 3584 ἐκβάλλει
1135 3510 1406 3590 σφαιρίον,
1439 3510 1689 3582 ὀνολάζει
1718 3513 1810 3568 τὸν
1848 3535 1982 3586 μεσ-

336 3597 636 3673 αρίστερον.
709 3598 813 3656 Καὶ
854 3599 944 3654 ὅτε
993 3598 1335 3672 πληρώσωσι
1393 3602 1462 3656 τὰ
1522 3599 1564 3656 δ’
1623 3604 1772 3676 βαῖα,
1820 3603 1981 3678 ἀπέρ-

341 3707 531 3763 χονται
561 3687 640 3753 εἰς
667 3691 734 3743 τὰ
774 3689 1116 3764 ὀρνατούρια,
1147 3691 1237 3745 καὶ
1291 3695 1508 3746 ποιοῦσι
1537 3691 1600 3746 τὸ
1657 3691 1823 3766 πέρας
1877 3700 1980 3763 τῆς

342 3773 630 3849 κομὸίνας,
661 3777 751 3832 καὶ
781 3777 1154 3853 ἀνερχομένου
1173 3785 1270 3834 τοῦ
1323 3778 1617 3854 βασιλέως,
1676 3780 1980 3836 ἀπολύουσι

340 3864 668 3938 τᾶὂιίππια,
700 3868 789 3922 καὶ
823 3865 1037 3924 ’ίσταται
1096 3870 1124 3922 ὁ
1160 3867 1522 3944 μαξιλλάριος
1581 3869 1658 3930 εἰς
1687 3870 1778 3925 τὸν
1811 3870 1982 3926 τόπον

330 3954 498 4011 αὐτοῦ
555 3955 648 4011 καὶ
705 3957 757 4011 οἱ
803 3953 898 4012 δύο
954 3957 1250 4032 θεωρηταί,
1321 3957 1398 4019 εἷς
1457 3955 1516 4012 ἐκ
1572 3955 1759 4028 δεξιῶν
1791 3957 1983 4038 αὐτοῦ,

329 4046 417 4102 καὶ
472 4047 544 4109 εἷς
594 4044 645 4118 ἐξ
697 4047 1014 4119 εὐωνύμων,
1091 4048 1453 4123 βαστάζοντες
1508 4048 1578 4102 τὰ
1641 4045 1979 4122 καλαμάρια,

328 4133 434 4196 ἓως
467 4135 528 4190 οὗ
565 4135 769 4209 πετάσῃ
799 4138 932 4209 (28).
971 4135 1076 4192 Καὶ
1133 4139 1230 4191 τοῦ
1290 4141 1424 4190 Θεοῦ
1473 4137 1852 4211 παρασχόντος
1881 4138 1982 4206 τήν

328 4223 508 4294 νίκην,
579 4225 712 4299 μετὰ
777 4225 841 4280 τὸ
891 4219 1078 4280 λαϐεῖν
1118 4225 1186 4280 τὰ
1233 4221 1444 4289 ἔπαθλα
1499 4225 1834 4301 ἀπέρχονται
1903 4225 1980 4288 εἷς

329 4315 424 4376 τὰς
457 4314 643 4388 θύρας,
687 4314 776 4370 καὶ
827 4314 967 4388 μετά
1019 4315 1118 4383 τὴν
1171 4312 1572 4390 συμπλήρωσιν
1590 4319 1698 4371 τῶν
1732 4313 1774 4370 δ’
1809 4314 1978 4391 βαΐων

333 4398 641 4460 ἐκϐαίνουσι
698 4405 766 4459 τὰ
821 4401 1036 4478 ἅρματα
1089 4408 1198 4460 τῶν
1257 4406 1622 4478 νικησάντων,
1665 4405 1981 4485 φορούντων

2085 3327 2462 3395 descendunt,
2521 3333 2597 3398 et,
2631 3344 2776 3384 urna
2814 3329 3053 3402 agitata,
3094 3332 3429 3405 quicunque
3457 3335 3732 3407 globulus

2092 3416 2312 3484 exierit,
2370 3418 2423 3473 is
2476 3419 2889 3474 marisleriim
2960 3421 3181 3492 (quasi
3248 3424 3507 3480 medium
3575 3425 3732 3480 siui-

2090 3510 2299 3574 strum)
2319 3507 2641 3564 constituit.
2665 3511 2924 3572 Quatuor
2952 3511 3163 3581 palmis
3192 3513 3515 3584 completis,
3539 3515 3609 3570 ad
3644 3530 3737 3570 ur-

2092 3595 2314 3652 naloria
2336 3595 2570 3662 abeunt,
2593 3599 2912 3654 terminum
2944 3599 3232 3656 combine;
3264 3602 3503 3668 faciunt,
3525 3611 3604 3669 et,
3629 3604 3736 3660 im-

2092 3690 2357 3756 peratore
2373 3687 2700 3756 accedente,
2733 3686 3203 3759 diippiasolvunt
3238 3707 3250 3744 :
3284 3692 3649 3750 maxillarius
3679 3694 3740 3749 in

2092 3775 2218 3831 loco
2247 3791 2377 3844 suo,
2399 3792 2430 3832 e
2459 3775 2690 3830 duobus
2712 3776 3139 3846 inspectoribus
3171 3795 3325 3835 unus
3353 3782 3424 3835 ad
3448 3782 3734 3849 dextram,

2092 3862 2237 3918 alter
2265 3866 2334 3918 ad
2375 3863 2672 3918 sinistram
2704 3869 2882 3930 stant,
2915 3869 2972 3919 et
3009 3865 3346 3936 calamaria,
3399 3869 3734 3939 usquedum

2090 3952 2282 4008 velum
2326 3952 2712 4019 extenderint,
2758 3956 3010 4021 gestant.
3055 3955 3366 4025 Postquam
3399 3973 3535 4013 vero
3586 3957 3738 4014 Deus

2092 4040 2388 4097 victoriam
2421 4038 2727 4106 concessit,
2759 4043 2818 4094 et
2846 4040 3065 4112 auriga
3097 4058 3332 4113 premia
3356 4044 3604 4102 victorias
3636 4064 3734 4103 ac.

2093 4148 2314 4200 cepere,
2347 4132 2416 4187 ad
2451 4133 2670 4202 jauuas
2697 4130 2936 4193 abeunt,
2985 4133 3290 4204 completis
3328 4150 3458 4192 vero
3487 4144 3739 4209 quatuor

2093 4221 2322 4293 palmis,
2371 4236 2580 4276 currus
2635 4219 2924 4276 victorum
2993 4223 3465 4294 progrediuntur,
3523 4227 3736 4300 aurigas

2092 4313 2331 4385 praemia
2359 4309 2591 4382 publica
2611 4309 2824 4379 ferunt,
2849 4310 2922 4364 ad
2947 4316 3161 4366 metam
3193 4313 3446 4369 Prasinaa
3474 4314 3737 4374 Venetas-

2092 4422 2202 4479 que
2231 4401 2497 4461 factionis
2537 4399 2870 4467 deﬂectunt,
2907 4399 3117 4458 deinde
3147 4404 3218 4460 ad
3251 4406 3551 4479 proprium
3597 4426 3728 4483 gre-

1696 4533 1938 4590 VARI/E
1968 4530 2380 4591 LECTIONES.

402 4640 445 4724 5}
474 4641 623 4716 νίκην
651 4637 800 4724 ἔχεις
831 4644 924 4701 ed.
1001 4644 1046 4680 ⁸³
1073 4636 1220 4719 ἔχεις
1249 4643 1342 4702 ed.
1419 4643 1461 4679 ³⁸
1501 4639 1617 4718 ἔχει
1651 4643 1804 4714 conj.
1846 4644 1911 4700 Β.
1987 4642 2036 4677 ⁵⁸
2059 4639 2282 4716 ἀγωγὴν
2328 4637 2457 4694 00d.
2502 4635 2557 4692 h-
2590 4635 2630 4688 Ι·
2664 4637 2722 4690 θι
2747 4649 2899 4691 ωοΧ·
2976 4635 3022 4670 ⁵⁵
3053 4633 3128 4698 εἷς
3152 4639 3308 4696 ﬂed.
3383 4641 3429 4679 ⁵⁸
3476 4643 3566 4701 καὶ
3614 4661 3733 4705 om-

331 4715 459 4771 cod.

1353 4841 1550 4899 JOAN.
1589 4841 1734 4898 JAC.
1777 4841 2035 4900 REISKII
2075 4831 2661 4898 COMMENTARIUS.

400 4957 514 5031 (26)
546 4957 732 5031 Vestis
759 4959 972 5025 brevis,
1000 4958 1162 5013 velut
1189 4974 1423 5031 sagum,
1447 4959 1666 5030 absque
1699 4959 1968 5031 manicis.
2009 4962 2053 5026 D

331 5028 462 5082 Vid.
494 5030 648 5101 infra
675 5030 1006 5101 dicendap.
1038 5031 1163 5086 387.
1195 5028 1342 5094 Quid
1379 5028 1721 5086 autem—sint
1754 5028 1970 5101 μασσία,

325 5114 447 5155 non
488 5099 1172 5175 novi._Xap-coz.a).apaipia
1201 5107 1342 5175 sunt
1384 5102 1562 5175 theca
1593 5099 1814 5158 chartis
1846 5118 1971 5174 per-

326 5170 592 5245 gameuis
647 5170 862 5245 (xaiprq
907 5170 1177 5245 eniiu'in
1226 5171 1334 5245 hoc
1383 5170 1976 5245 libropergameham

327 5241 536 5317 notat),
569 5241 900 5317 et_calamis
920 5244 1122 5317 plenis.
1147 5243 1293 5308 Quid
1330 5241 1816 5317 μαξιλλᾷριος-εξι,
1841 5245 1977 5317 edu-

329 5315 444 5368 ceri
466 5314 732 5388 abaliis
762 5313 954 5388 cupio.
991 5315 1158 5372 Forte
1197 5320 1336 5388 erat,
1371 5315 1468 5386 qui
1505 5313 1584 5368 τὸξ
1617 5313 1972 5388 μαξιλλάρια,

327 5386 640 5447 cervicalia,
670 5387 1013 5457 pulvinaria,
1047 5387 1258 5458 populo
1289 5386 1349 5441 in
1381 5402 1534 5443 circo
1566 5386 1791 5444 sedenti
1837 5386 1975 5444 sub-

329 5459 650 5532 sternebat,
674 5465 776 5512 aut
808 5475 910 5532 pro
944 5459 1209 5515 mercede
1228 5458 1472 5532 locabat,
1496 5464 1617 5532 aut,
1640 5461 1793 5532 quod
1830 5458 1974 5515 mihi

330 5527 561 5602 quidem
598 5527 956 5600 probabilius
991 5532 1240 5598 videtur,
1273 5529 1371 5600 qui
1400 5527 1976 5602 maxillis—equorum

332 5599 681 5673 eircensium
730 5602 805 5658 ad
845 5603 1122 5660 factiones
1174 5599 1588 5673 pertinentium
1641 5599 1788 5673 ferr—0
1836 5617 1978 5658 cau-

331 5669 502 5747 dents
539 5679 740 5730 notam
771 5675 1060 5747 cujusque
1089 5669 1360 5747 factionis
1389 5672 1710 5747 inursbat;
1741 5671 1856 5729 vid.
1889 5674 1978 5729 Du

332 5744 520 5814 Gange
567 5762 621 5801 ν.
671 5744 916 5804 maxilla
959 5744 1014 5804 et
1060 5745 1380 5815 maxillam,
1409 5745 1510 5802 ubi
1552 5745 1814 5803 redditur
1852 5763 1978 5798 στο-

2133 4957 2374 5031 οκοπεῖν.
2406 4946 2737 5031 Nonenim
2778 4952 3000 5031 putem,
3039 4951 3174 5031 illos
3215 4953 3482 5031 homines
3551 4959 3729 5031 fuisse

2121 5026 2344 5102 ημίους,
2402 5020 2870 5102 βοτη-ἱβοοεηςιοί
2929 5029 3128 5102 sontes
3155 5028 3435 5102 (naribus,
3466 5035 3522 5085 et
3552 5030 3726 5102 labiis

2086 5092 2421 5175 mutilarent
2437 5092 2880 5175 etstigmatibus
2901 5100 3476 5175 notarent,_quamvis
3493 5101 3724 5174 suppli-

2086 5174 2176 5230 cia
2198 5172 2268 5224 de
2296 5165 2565 5223 sontibus
2591 5179 2650 5218 in
2683 5165 2835 5220 circo
2865 5176 3100 5231 sumpta
3128 5165 3310 5227 fuisse
3338 5165 3612 5231 constest.

2156 5241 2270 5314 (27)
2304 5240 2472 5316 Forte
2546 5235 2788 5316 clavas,“
2829 5236 3145 5316 significat,
3207 5237 3442 5316 ῥόπαλα,
3504 5252 3577 5316 ut
3622 5261 3729 5302 vox

2085 5307 2519 5383 Francogallica
2534 5321 2728 5362 massa.
2749 5307 2836 5362 Du
2860 5307 3051 5382 Cange
3071 5307 3256 5368 Glos's.
3288 5314 3412 5369 Lat.
3430 5307 3729 5374 serviente:

2085 5388 2154 5444 ad
2183 5387 2397 5441 clavam
2426 5383 2861 5451 intreprstatur,
2891 5397 3150 5451 sergeam
3181 5388 3220 5439 ὰ
3239 5403 3441 5442 massa.

2156 5459 2284 5530 (‘28),
2307 5455 2524 5523 Nempe
2561 5469 2665 5516 τις,
2697 5450 2868 5506 donec
2905 5450 3175 5530 mappam,
3206 5457 3413 5530 ati'quis
3441 5460 3723 5529 extendat,

2087 5527 2438 5600 explicitum,
2479 5538 2792 5600 expensam
2826 5530 3132 5600 monstret.
3166 5527 3266 5600 vel
3296 5527 3491 5599 potest
3517 5531 3653 5586 πετά

2088 5593 2455 5676 ἱᾼοριδοοείιὶνο
2501 5593 2741 5676 accipin
2757 5595 3166 5676 subintellecto
3211 5593 3368 5676 ἑαυτό
3407 5603 3638 5676 (nempe
3664 5623 3692 5676 τ

2128 5669 2294 5743 ἧλον)
2344 5685 2447 5742 pro
2501 5666 2745 5736 πετασθῇ
2805 5684 2822 5726 :
2881 5670 3039 5742 quod
3098 5686 3215 5730 non
3282 5666 3729 5735 insolem'huic

2111 5745 2258 5800 ibro.
