4138 6212
301 331 422 389 649

1174 319 1276 380 DE
1320 315 1774 380 CERIMONIIS
1820 317 2056 378 AULE
2096 319 2588 384 BYZANTINE
2630 324 2778 386 LIB.
2826 329 2877 386 Ι.

3588 334 3709 397 660

299 463 429 524 Θεὸς
486 463 636 534 ἡμᾶς
693 456 1033 532 συνιργήσει·
1076 475 1108 509 ι»
1165 454 1194 507 6
1250 451 1385 515 λαὸς
1439 448 1499 506 ἑκ
1555 457 1622 526 γ’,
1683 474 1710 502 ‹‹
1766 449 2019 540 βύριο,Α

2096 455 2310 510 srva!»
2341 455 2618 514 Cantores
2652 475 2716 513 :«
2774 458 3036 526 Domine,
3094 477 3262 520 serva
3307 466 3707 540 imperatores,

299 555 498 609 σῶσον.
553 571 578 603 s
628 549 697 606 Οἱ
742 547 993 620 κράκταυ
1045 565 1074 596 ι(
1123 541 1309 617 Κύριε,
1361 543 1533 594 σῶσον
1587 541 1714 601 τοὺς
1763 535 1959 594 δεσπό-

2096 549 2348 616 ugustas
2369 551 2427 601 et
2460 547 2977 621 porphyrogenitos
3003 547 3016 603 l
3054 572 3082 600 ››
3106 551 3354 624 populus
3379 535 3467 611 ter
3497 572 3561 610 :«
3594 535 3712 615 Do:-

295 659 392 700 τας
425 640 517 694 σὺν
558 642 680 699 ταῖς
711 634 1038 711 αὖγούσταις
1068 631 1156 686 καὶ
1188 635 1304 692 τοῖς
1337 630 1892 705 πορφυρογενννςτοιςο
1929 652 1957 678 ››

303 729 332 784 6
364 728 499 790 λαὸς
532 726 592 783 ἐκ
621 728 689 804 γ”
729 748 757 777 ‹‹
791 725 971 798 Κύριε,
1004 725 1198 776 σῶσον.
1235 745 1263 772 ››

373 819 450 874 Β“.
487 816 584 871 Καὶ
615 815 724 870 ἀπὸ
772 817 870 869 τοῦ
906 812 1166 885 τετάρτου
1214 807 1372 885 βαΐου
1405 811 1728 884 γατέρχεται
1755 809 1782 862 ὁ
1834 807 1960 880 μαί-

309 925 456 978 στωρ
528 904 665 978 μετᾶ
721 906 819 959 τοῦ
877 900 1036 966 λαοῦ,
1099 898 1190 953 καὶ
1242 896 1459 953 ’ἱσταται
1511 893 1810 973 ἔμπροσθεν
1865 899 1962 951 τοῦ

309 992 515 1066 δήμου.
568 994 630 1049 '0
689 989 747 1047 δὲ
803 988 1096 1067 δήμαρχος
1145 987 1404 1060 ἆπομὲνει
1459 989 1593 1059 μετᾶ
1646 990 1752 1040 τῶν
1810 1005 1962 1059 πρω-

306 1081 466 1137 τείων
526 1083 634 1135 ἅνω
703 1079 777 1142 εἷς
843 1079 936 1133 τὸν
996 1073 1198 1150 δῆμον.
1241 1076 1375 1134 Εἶτα
1413 1072 1666 1149 λέγουσιν
1725 1075 1779 1128 o't
1815 1074 1963 1128 κάτω

310 1171 593 1244 ἱστάμενοι
650 1168 897 1244 κράκται·
939 1189 960 1219 ι
1003 1164 1067 1222 E'i
1095 1187 1148 1222 τι
1196 1167 1306 1239 (3!)
1366 1165 1394 1219 6
1445 1165 1574 1226 Θεὸς
1626 1164 1897 1236 ὠνόμασε·
1935 1187 1963 1214 ››

310 1260 400 1318 καί
430 1258 816 1334 ἀποκρίνονται
844 1254 956 1311 ἄνω
1002 1255 1076 1318 εἷς
1123 1253 1216 1310 τὸν
1257 1251 1456 1326 δῆμον
1497 1276 1525 1306 ‹‹
1555 1254 1751 1324 Τίμιον
1777 1252 1839 1306 τὸ
1873 1251 1966 1306 Βέ-

306 1373 458 1408 νετον
494 1374 522 1402 ››
573 1349 647 1421 (οἱ
695 1349 982 1421 Ηράσινοι,
1035 1367 1062 1400 α
1102 1345 1166 1400 τὸ
1215 1345 1525 1414 Πράσινον).
1562 1367 1590 1395 ››
1623 1344 1684 1398 Οἱ
1716 1342 1962 1417 κράκται·

313 1465 343 1494 (ι
369 1442 430 1498 Ὁ
464 1439 684 1516 βοηθῶν
713 1436 842 1498 τοὺς
893 1433 1154 1496 δεσπότᾶς
1178 1433 1247 1491 ⁸⁸.
1284 1456 1313 1486 ››
1343 1466 1412 1475 -
1444 1456 1472 1484 ‹‹
1505 1434 1597 1493 Εἷς
1631 1433 1658 1486 6
1690 1431 1841 1501 Θεὸς,
1877 1454 1904 1481 ››
1937 1429 1965 1484 6

312 1527 470 1597 λαὸς,
509 1527 600 1584 καὶ
644 1526 713 1584 τὰ
758 1524 947 1582 λοιπά.
999 1525 1133 1580 Εἶτα
1172 1523 1492 1598 ἀνὲρχονται
1540 1522 1591 1577 οἱ
1640 1520 1861 1596 ἡνίοχοι
1911 1517 1964 1573 ἒν

310 1623 432 1680 τοῖς
481 1618 703 1692 ἅρμασι,
751 1619 1045 1694 φοροῦντες
1091 1633 1160 1668 τα
1209 1609 1474 1685 δημόσια,
1530 1609 1620 1665 καὶ
1687 1610 1965 1679 σὰσσουσι,

314 1707 466 1762 καὶὸ
501 1704 679 1778 δῆμος
737 1703 1037 1778 ἔμπροσθεν
1098 1701 1276 1756 αὐτῶν
1343 1699 1610 1775 λεγόντων
1665 1700 1728 1754 τὸ
1777 1695 1968 1771 δρομιο

315 1795 433 1852 κόν·
495 1820 516 1846 ι

323 1887 400 1960 (οἱ⁵
461 1885 718 1960 Ιιράσινοι
779 1883 1117 1957 ‹‹11ράσινε).
1149 1903 1180 1933 ››
1240 1878 1336 1936 Καὶ
1386 1878 1476 1934 ὅτε
1524 1876 1753 1942 ἔλθωσιν
1801 1877 1876 1938 εἲς
1905 1876 1968 1932 τὸ

323 1977 393 2045 ΙΙ,
449 1968 747 2047 ἔμπροσθεν
799 1974 906 2026 τῶν
965 1967 1234 2044 βασιλέων
1286 1966 1532 2023 τίσταντοιι
1587 1967 1676 2021 καὶ
1725 1965 1970 2040 λέγουσιν

317 2063 374 2117 οἱ
403 2061 653 2138 κράκται,
686 2085 715 2112 ‹‹
741 2058 956 2128 Πολλὰ,
989 2056 1197 2126 πολλὰ,
1218 2056 1425 2112 πολλᾶ-
1452 2081 1478 2108 ››
1503 2057 1531 2111 6
1553 2055 1708 2124 λαὸς,
1731 2079 1760 2106 »
1784 2051 1974 2110 Πολλᾶ

319 2145 417 2220 ἔτη
462 2150 539 2214 εἷς
569 2147 777 2206 πολλά.
813 2173 836 2203 ο
873 2148 939 2206 Οἱ
988 2150 1234 2221 κράκταιο
1278 2170 1306 2198 ‹‹
1359 2144 1567 2202 Ηολλοὶ
1602 2146 1726 2218 ὑμῖν
1757 2143 1973 2219 χρόνοι,

580 1791 880 1870 Ἀγάλλου,
938 1791 1144 1862 Βένετε,
1205 1790 1256 1844 οἱ
1314 1786 1566 1883 δεσπόται
1627 1787 1874 1883 ἐνίκησαν
1931 1806 2046 1883 sB

2070 631 2248 700 mine,
2315 635 2522 690 serva!
2560 659 2582 686 ιι

2144 811 2212 866 Il.
2248 813 2384 868 Post
2405 819 2674 885 quartam
2709 815 2958 886 palmam
2993 819 3272 890 magister
3308 835 3440 878 cum
3502 823 3714 894 pepulo

2071 899 2395 967 descendit,
2417 911 2472 957 et
2493 915 2626 958 ante
2677 903 2987 961 factionem
3020 907 3331 964 subsistit:
3363 910 3717 968 demarchus

2071 987 2132 1044 in
2163 987 2288 1043 loco
2306 990 2586 1060 superiori
2619 1008 2751 1048 cum
2775 994 3135 1062 principibus
3159 996 3215 1051 in
3250 996 3498 1054 factione
3526 1016 3717 1056 rema-

2075 1081 2191 1132 net.
2217 1077 2430 1133 Deinde
2469 1085 2738 1136 cantores
2774 1080 2928 1137 infra
2983 1085 3288 1148 constituti
3320 1085 3523 1143 dicunt
3555 1103 3570 1142 :
3605 1111 3632 1139 ι(
3659 1088 3720 1144 Si

2078 1166 2228 1222 Deus
2275 1167 2528 1236 vocavit;
2565 1193 2591 1217 η
2627 1171 2976 1242 respondent
3011 1189 3188 1244 supra
3218 1174 3276 1230 in
3308 1175 3557 1232 factione
3578 1194 3722 1233 con-

2075 1254 2264 1310 stituti
2287 1272 2300 1311 :
2329 1255 2658 1313 «Venatum
2683 1275 2913 1331 gregem
2938 1262 3332 1318 venerandum
3357 1262 3370 1319 l
3400 1266 3720 1335 «((Prasini,

2077 1365 2105 1393 ‹‹
2127 1344 2472 1418 Prasinum).
2505 1367 2531 1395 ν)
2557 1347 2873 1403 Cantores:
2908 1371 2936 1398 «
2970 1349 3077 1415 Qui
3113 1350 3386 1408 dominos
3403 1354 3721 1425 adjuvat!»

2077 1434 2370 1504 populus:
2405 1441 2612 1492 «Deus
2661 1452 2720 1493 es
2751 1459 2780 1486 ››
2837 1443 2895 1494 et
2951 1445 3174 1495 caetera.
3234 1440 3455 1498 Deinde
3482 1444 3722 1516 aurigas,

2076 1523 2226 1580 207
2262 1523 2493 1596 publica
2523 1524 2761 1596 praemia
2785 1527 3276 1595 ferentes,currus
3298 1535 3726 1601 conscendunt,

2076 1611 2321 1667 factione
2377 1619 2509 1669 ante
2568 1615 2727 1684 ipsos
2749 1614 3076 1672 dromicum
3129 1634 3361 1676 carmen
3404 1622 3720 1678 recitante:

2081 1719 2110 1752 ι
2165 1700 2424 1767 Exsulta,
2467 1701 2697 1771 Venete,
2755 1703 2971 1759 domini
3031 1705 3328 1774 vicerunt;
3363 1731 3385 1761 ι
3455 1711 3726 1781 (Prasini,

2078 1810 2108 1839 «
2157 1789 2440 1862 Prasiae).
2478 1813 2500 1841 ιι
2562 1793 2630 1847 Et
2661 1796 2897 1864 quando
2927 1795 2996 1849 ad
3050 1795 3096 1850 II
3131 1813 3463 1867 pervenere,
3516 1816 3715 1856 coram

2080 1877 2526 1948 imperatoribus
2569 1889 2749 1949 stant,
2808 1894 3076 1941 cantores
3107 1885 3312 1942 dicunt
3363 1904 3435 1943 τε
3490 1889 3728 1956 Multos,

2081 1966 2319 2034 multos,
2342 1969 2584 2038 multos;
2613 1993 2636 2020 ιι
2665 1971 2918 2043 populus
2951 1990 3009 2028 :«
3044 1974 3255 2032 Multos
3279 1977 3536 2033 annosin
3572 1977 3728 2034 mul-

2082 2060 2192 2110 tos.
2228 2077 2256 2104 ››
2297 2058 2573 2113 Cantores
2605 2074 2618 2112 :
2647 2079 2677 2109 «
2734 2060 2918 2116 Multa
2965 2062 3125 2117 vobis
3179 2067 3470 2135 tempora,
3529 2065 3729 2122 divina

2085 2145 2403 2215 majestasl
2443 2167 2470 2196 »
2492 2147 2746 2217 (Prasini
2781 2165 2794 2203 :
2825 2172 2852 2198 «
2882 2149 3098 2207 Electio
3131 2151 3462 2223 trinitatis!)
3487 2175 3515 2202 »
3549 2170 3730 2224 popu-

319 2242 357 2310 ἡ
391 2235 572 2303 ἔνθεος
633 2235 904 2314 βασιλεία,
950 2259 978 2290 ιο
1029 2236 1106 2308 (οἱ
1155 2235 1436 2309 Πράσινοι,
1489 2257 1517 2285 ‹‹
1557 2235 1592 2302 ἡ
1643 2230 1850 2309 ἐκλογή
1880 2229 1976 2296 τῆς

2096 2234 2180 2290 lus
2239 2242 2356 2290 ter:
2410 2256 2437 2285 ιι
2518 2236 2702 2292 Multa
2754 2238 2919 2294 vobis
2983 2239 3281 2309 tempora!
3356 2264 3385 2291 »
3438 2243 3727 2314 (Prasini:

317 2323 572 2402 τριάδος)
624 2350 653 2377 ››
679 2326 741 2383 Ὁ
763 2325 894 2388 λαὸς
926 2323 986 2380 ἒκ
1014 2323 1223 2399 τρίτου,
1256 2348 1283 2375 ‹‹
1310 2321 1524 2378 [Ιολλοί
1553 2321 1682 2395 ὑμῖν
1707 2321 1922 2396 χρόνοι,
1948 2345 1976 2372 ››

2096 2346 2118 2372 π‹
2152 2323 2423 2392 Sancte!)
2483 2345 2510 2374 n
2553 2325 2879 2382 Cantores:
2914 2349 2942 2377 «
2998 2327 3179 2384 Multa
3225 2330 3386 2385 vobis
3441 2335 3734 2403 tempora,

321 2418 395 2489 (οἱ
421 2417 673 2490 Πράσινοι
696 2437 722 2468 ι
745 2414 1055 2489 ”Αγιε>.››οἱ
1076 2411 1324 2487 κράκταν
1339 2433 1362 2462 ι
1384 2410 1591 2466 Πολλοὶ
1619 2411 1746 2484 ὑμῖν
1764 2411 1978 2486 χρόνοι,

2096 2413 2160 2470 Ν.
2210 2413 2276 2468 Ν.
2340 2414 2722 2484 imperatores
2770 2419 3165 2472 Romanorum
3200 2437 3215 2485 ;
3249 2440 3277 2468 ››
3322 2417 3576 2490 populus
3609 2429 3729 2477 ter:

324 2507 354 2562 6
389 2503 536 2561 δεῖνα
568 2505 660 2560 καὶ
697 2506 726 2560 6
765 2502 914 2559 δεῖνα
949 2504 1348 2576 αὐτοκράτορες
1377 2500 1695 2574 Ῥωμαίων·
1730 2524 1759 2552 ››
1788 2502 1817 2555 6
1848 2499 1980 2561 λαὸς

2096 2523 2122 2551 ιι
2156 2501 2339 2557 Multa
2375 2502 2539 2558 vobis
2583 2504 2930 2574 tempora!»
2971 2505 3259 2575 (Prasini:
3293 2529 3322 2557 «
3377 2508 3588 2564 Sancte
3611 2509 3653 2580 l)
3704 2529 3734 2560 »ι

333 2594 395 2651 ἐκ
449 2593 655 2670 τρίτου,
719 2617 747 2645 ‹‹
790 2590 1002 2648 Πολλοὶ
1043 2592 1172 2664 ὓμῖν
1213 2589 1428 2666 χρόνοι,
1482 2614 1512 2642 ιι
1572 2589 1648 2663 (οἳ
1707 2587 1983 2670 Πράσινοι,

2096 2589 2407 2646 Cantores:
2443 2591 2668 2647 «Multa
2690 2593 2855 2648 vobis
2883 2601 3164 2664 tempora,
3184 2594 3387 2650 famuli
3421 2595 3651 2652 Domini
3680 2596 3737 2651 ι.

333 2710 362 2738 ιι
395 2687 580 2761 θἈγιε)
638 2706 664 2738 ι
697 2684 759 2738 Οἱ
790 2683 1039 2756 κράκται·
1075 2705 1103 2732 ‹‹
1137 2679 1308 2736 Πολοὶ
1341 2682 1470 2753 ὑμῖν
1501 2679 1719 2753 χρόνοι,
1752 2678 1804 2732 οἱ
1831 2676 1986 2751 θερά-

2099 2679 2354 2750 ρῡρυιυε
2384 2685 2504 2735 ter:
2540 2700 2569 2730 ι(
2611 2679 2789 2735 Multa
2816 2681 2982 2736 vobis
3032 2681 3380 2753 tempora!»
3414 2683 3692 2740 Cantores
3726 2698 3741 2739 :

336 2795 529 2838 ποντες
557 2777 654 2829 τοῦ
687 2771 912 2848 Κυρίου·
967 2794 994 2822 ››
1055 2770 1082 2824 6
1150 2767 1283 2831 λαὸς
1351 2766 1410 2823 ἐκ
1472 2768 1681 2840 τρίτου,
1714 2791 1742 2820 ‹‹
1777 2764 1985 2822 Πολλοὶ

2102 2788 2131 2816 ‹‹
2163 2766 2340 2822 Multa
2371 2769 2839 2839 vobistempora,
2889 2768 2958 2824 N.
2991 2769 3057 2824 N.
3118 2772 3390 2842 Augusta
3447 2773 3743 2828 Romano-

344 2865 472 2938 ὑμῖν
515 2862 725 2938 χρόνοι.
775 2885 803 2913 ››
835 2861 904 2918 Οἱ
952 2859 1199 2932 κράκται”
1259 2881 1286 2909 ‹‹
1333 2855 1545 2912 Πολλοὶ
1593 2857 1719 2930 ὑμῖν
1768 2854 1989 2934 χρόνοι,

2104 2871 2234 2910 rum
2262 2872 2276 2923 ;
2304 2877 2332 2906 »
2363 2856 2618 2928 populus
2641 2864 2765 2913 ter:
2790 2881 2811 2906 ι
2841 2856 3021 2914 Multa
3041 2857 3482 2932 vobistempora
3507 2861 3520 2914 ι
3541 2883 3570 2912 ››
3590 2861 3751 2933 (Pra-

345 2953 374 3008 6
435 2949 582 3007 δεῖνα
625 2950 717 3005 καὶ
776 2951 804 3004 6
855 2946 1004 3004 δεῖνα
1059 2947 1352 3022 αὐγοῦσται
1401 2953 1510 3001 τῶν
1546 2944 1860 3018 Ῥωμαίων·
1906 2967 1934 2994 ››
1967 2943 1996 2998 6

2105 2944 2213 3000 sini
2248 2961 2262 3000 :
2297 2965 2326 2994 ‹‹
2375 2947 2612 3002 Sancte!
2641 2945 2658 3016 )
2687 2966 2715 2995 »
2772 2945 3086 3002 Cantores:
3121 2969 3150 2998 «
3193 2948 3374 3002 Multa
3406 2949 3570 3005 vobis
3601 2954 3754 3004 tem-

347 3039 480 3103 λαὸς
509 3041 576 3114 γ’,
600 3063 628 3091 ‹‹
658 3037 869 3094 Πολλοὶ
894 3037 1022 3110 ὑμῖν
1049 3036 1265 3112 χρόνοι,
1287 3057 1317 3087 ιι
1341 3035 1414 3107 (o't
1442 3034 1727 3108 Πράσινοι,
1751 3056 1780 3084 ‹‹
1801 3031 1993 3106 ﬂavis).

2109 3048 2270 3104 pora,
2294 3032 2536 3096 domini,
2567 3048 2698 3088 cum
2729 3036 3000 3104 angustis
3021 3037 3369 3105 conjugibus
3400 3041 3458 3092 et
3489 3037 3753 3109 porphy-

341 3131 412 3189 Οἳ
467 3129 714 3204 κράκται·
780 3152 802 3179 ι
862 3123 1078 3184 Ηολλοὶ
1139 3126 1268 3198 ὑμῖν
1328 3123 1543 3199 χρόνοι,
1593 3119 1869 3191 δεσπόται,
1903 3120 1995 3174 σὺν

2112 3119 2427 3193 rogenitis!
2485 3141 2514 3171 »
2547 3119 2798 3191 populus
2832 3137 2845 3176 :
2881 3143 2910 3172 «
2941 3121 3126 3178 Multa
3171 3124 3338 3181 Vobis
3393 3125 3693 3196 tempora!
3719 3146 3750 3176 »

354 3185 378 3189 θ
507 3185 517 3204 Ι
1177 3185 1188 3198 l
1332 3185 1383 3199 σν·
1531 3185 1540 3190 -
1857 3185 1867 3191 π

343 3223 464 3282 ταῖς
535 3215 860 3290 αὖγούσταις
917 3215 1008 3270 καὶ
1083 3219 1201 3274 τοῖς
1273 3213 1823 3290 πορφυρογεννήτοις’
1882 3233 1911 3261 ››
1967 3209 1997 3264 6

2113 3185 2356 3281 (Prasini
2383 3226 2396 3264 :
2431 3230 2460 3259 «
2492 3185 2774 3282 sancte!)
2805 3231 2832 3260 »
2870 3210 3148 3268 Cantores
3173 3228 3231 3268 :«
3246 3211 3476 3282 Multos,
3509 3185 3749 3280 multos,

344 3306 478 3370 λαὸς
535 3307 602 3382 γ’,
661 3329 690 3359 α
751 3303 966 3363 Πολλοὶ
1025 3302 1152 3376 ὑμῖν
1218 3301 1433 3377 χρόνοι,
1491 3323 1519 3352 ››
1580 3299 1656 3374 (οἱ
1716 3299 1995 3374 Πράσινοι,

2107 3299 2346 3365 multos,
2371 3320 2400 3348 »
2433 3298 2682 3372 populus
2713 3316 2728 3355 :
2763 3321 2791 3349 «
2815 3300 3029 3357 Multos
3072 3317 3260 3358 annos
3307 3299 3370 3358 in
3429 3301 3684 3358 multos!
3722 3323 3744 3350 ι

343 3398 550 3470 ⁸Αγιε).
583 3416 612 3449 s
673 3395 736 3449 Οἱ
791 3393 1040 3466 κράχται,
1101 3415 1130 3442 ‹‹
1190 3387 1406 3460 Πολλὰ,
1453 3387 1660 3447 πολλὰ.
1712 3386 1916 3443 πολλὰ·
1971 3409 1996 3440 s

2103 3393 2410 3446 Cantores:
2438 3408 2462 3439 ι
2493 3387 2718 3444 Domini
2751 3389 2910 3445 orbis
2948 3393 3135 3461 terra,
3179 3390 3462 3462 suscipite
3503 3394 3753 3448 Venetos

345 3487 374 3541 6
452 3484 612 3552 λαὸς,
687 3507 716 3536 α
793 3479 988 3538 Πολλὰ
1060 3475 1153 3551 ἔτη
1232 3479 1310 3542 εἰς
1384 3476 1591 3534 πολλά.
1657 3499 1682 3529 ι
1755 3477 1824 3534 Οἱ
1869 3475 2000 3551 κρά-

2108 3482 2412 3550 precantes
2447 3478 2459 3532 l
2494 3477 2787 3548 »(Prasini
2811 3477 3155 3535 :«Prasinos
3186 3477 3199 3533 !
3234 3481 3254 3550 )
3284 3499 3313 3528 »
3349 3478 3600 3551 populus
3633 3485 3757 3535 ter:

347 3591 490 3630 διται⁸
566 3597 588 3624 ο
643 3569 906 3627 Δεσπόται
978 3574 1081 3638 τῆς
1149 3566 1499 3638 οἰκουμένης,
1569 3562 1782 3635 δέξασθε
1847 3562 2002 3618 Βενὲ-

2113 3586 2137 3618 ι
2171 3565 2415 3622 Sancte!
2453 3590 2475 3618 ι
2507 3566 2785 3623 Cantores
2809 3587 2869 3637 ;«
2904 3566 3137 3624 Utservi
3155 3569 3374 3642 precari
3389 3569 3754 3636 audemus;»

349 3683 476 3725 τους
529 3662 999 3735 παρακαλοῦντας,
1077 3681 1106 3710 ››
1181 3657 1258 3726 (οἱ
1337 3654 1619 3729 Πράσινοι,
1695 3678 1724 3706 ‹‹
1801 3655 2004 3726 Πρασί-

2114 3657 2364 3727 papulus
2395 3661 2517 3711 ter:
2552 3677 2580 3706 «
2628 3655 2872 3712 Sancte!
2909 3678 2938 3706 »
2995 3657 3272 3712 Cantores
3305 3673 3372 3712 :s
3416 3656 3758 3712 Verecunde

353 3754 520 3822 νους)ο
566 3775 594 3802 ι)
639 3751 666 3805 6
699 3748 832 3811 λαὸς
881 3747 940 3803 ἐκ
981 3752 1050 3822 γ’.
1102 3770 1130 3799 ‹‹
1176 3749 1357 3822 ’⁷Δγιε.
1411 3767 1440 3795 ››
1485 3744 1552 3801 Οἱ
1581 3741 1830 3818 κράκται·
1867 3765 1891 3794 α
1918 3742 2008 3804 Ὧς

2113 3744 2412 3799 intuemur
2440 3748 2497 3799 et
2526 3761 2661 3800 cum
2705 3747 2916 3801 timore
2949 3746 3259 3813 dominos;
3283 3767 3311 3794 »
3337 3745 3588 3816 populus
3619 3752 3708 3800 ter
3741 3760 3757 3800 :

357 3839 549 3896 δοῦλοι
578 3838 878 3912 τολμῶμεν
910 3834 1304 3910 ειιταρσωιεῑλὲσοιι⁹
1333 3856 1361 3886 ››
1394 3833 1422 3887 6
1453 3831 1584 3892 λαὸς
1611 3832 1678 3907 γ’,
1709 3857 1736 3883 υ
1771 3832 1946 3905 "Avis.
1977 3851 2007 3882 η

2117 3853 2145 3882 ‹‹
2177 3837 2404 3888 Sancte.
2445 3853 2474 3881 η
2527 3832 2836 3888 Cantores:
2876 3851 2899 3880 α
2936 3834 3096 3887 Haud
3134 3832 3283 3889 male
3314 3832 3555 3888 benefici
3601 3833 3764 3903 prin-

357 3931 425 3989 υἱ
492 3931 740 4004 κράκται·
807 3951 836 3979 ‹‹
891 3925 1042 3984 Μιτᾶ
1093 3918 1268 4004 φόϐου
1327 3920 1682 3993 δυσωποῦμεν
1738 3919 1867 3981 τοὺς
1926 3916 2010 3973 δε-

2117 3923 2275 3992 cipes
2331 3919 2718 3977 invocamini!
2795 3943 2825 3971 »
2879 3921 3127 3992 populus
3184 3927 3270 3977 ter
3330 3939 3409 3978 τι
3474 3922 3762 3980 Sancte.»

366 4017 590 4080 σπότας·
627 4041 649 4069 ι
703 4017 731 4071 6
780 4013 917 4077 λαὸς
947 4014 1018 4088 γ’,
1068 4036 1097 4064 ‹‹
1129 4014 1304 4088 Ἃγιε.
1342 4033 1370 4062 ››
1419 4009 1484 4068 Οἱ
1522 4010 1770 4084 κράκται·
1803 4031 1830 4059 ‹‹
1864 4008 2012 4064 Ἀνε-

2119 4012 2399 4066 Cantores
2433 4026 2446 4065 :
2481 4032 2507 4060 ‹‹
2546 4011 2605 4065 ln
2641 4025 2840 4080 preces
2863 4026 3160 4064 servorum
3194 4017 3545 4078 vestrorum,
3581 4011 3765 4068 Vene-

361 4108 594 4180 ξικάκως
667 4101 1082 4179 παρακλήθητε,
1159 4100 1451 4176 εὐεργέταν
1533 4122 1560 4149 ››
1637 4099 1666 4153 6
1742 4095 1874 4160 λαὸς
1945 4097 2013 4171 γ’,

2121 4095 2351 4152 torum!
2384 4118 2412 4147 ››
2437 4096 2716 4165 (Pr-asini:
2752 4119 2780 4145 «
2825 4096 3194 4153 Prasinorum
3228 4099 3271 4168 ;)
3302 4119 3330 4146 »
3357 4098 3607 4169 pepulus
3637 4104 3761 4153 ter:

365 4220 393 4248 ‹‹
423 4199 594 4272 Ἀγιε.
629 4218 660 4248 τι
707 4194 774 4252 Οἱ
812 4191 1059 4267 κράκται·
1109 4211 1134 4243 ι
1182 4188 1279 4252 Εἷς
1314 4189 1414 4258 τὴν
1444 4184 1628 4256 δέησιν
1657 4191 1767 4242 τῶν
1800 4183 2014 4241 δούλων

2123 4207 2151 4235 ‹‹
2185 4186 2396 4241 Sancte
2429 4184 2442 4239 !
2475 4204 2500 4235 ι
2529 4185 2804 4241 Cantores
2832 4203 2846 4241 :
2880 4207 2910 4236 «
2947 4187 3232 4243 Coronate
3269 4203 3464 4243 servos
3519 4192 3764 4254 vestros,

362 4285 516 4360 ὒμῶν
552 4283 812 4354 Βενέτων,
852 4281 1134 4358 (Πράσινοι
1183 4279 1253 4348 ⁸⁸,
1320 4301 1349 4331 ‹‹
1407 4276 1726 4352 Πρασίνων).
1762 4298 1787 4330 ι
1830 4276 1858 4331 6
1885 4275 2019 4341 λαὸς

2124 4275 2170 4330 si
2206 4274 2432 4347 placet;
2458 4295 2486 4324 »
2509 4273 2760 4346 populus
2787 4283 2908 4331 ter:
2943 4296 2971 4325 ‹‹
3002 4275 3245 4333 Sancte!
3281 4298 3310 4326 ››
3348 4275 3573 4332 Prasini
3602 4275 3768 4331 simi-

360 4376 428 4451 γ’,
478 4399 509 4427 ‹‹
538 4376 715 4450 Ἃγιε.
753 4396 782 4425 ››
825 4372 888 4426 Οἱ
926 4369 1173 4446 κράκται·
1230 4391 1252 4420 ι
1308 4367 1695 4445 Στεφανὼσατε
1729 4364 1860 4428 τοὺς
1891 4362 2015 4420 δούο
2128 4363 2279 4422 liter.

365 4463 499 4529 λους
528 4464 701 4537 ὑμῶν,
733 4461 779 4517 εἰ
807 4459 1075 4518 κελεύετε·
1105 4481 1135 4511 ››
1167 4459 1196 4514 6
1224 4457 1358 4520 λαὸς
1388 4455 1447 4512 ἐκ
1474 4454 1686 4531 τρίτου,
1721 4479 1752 4509 ιι
1779 4457 1962 4531 Ἀγιε·
1989 4478 2018 4506 ››

368 4555 422 4609 οἱ
468 4531 729 4628 Προὶσινοι
761 4549 989 4624 ὁμοίως.
2057 4531 2105 4596 Ι)

441 4644 510 4697 Ι“’.
571 4643 638 4700 Οἱ
698 4639 948 4716 κράκταιο
1013 4660 1042 4689 ‹‹
1099 4635 1282 4711 Κύριε,
1337 4639 1514 4690 σῶσον
1575 4635 1704 4696 τοὺς
1756 4631 2018 4696 δεσπότας

370 4732 683 4805 Ῥωμαίωνο
739 4753 769 4782 ››
837 4730 866 4784 ὁ
940 4726 1072 4787 λαὸς
1148 4725 1208 4780 ἐκ
1269 4725 1337 4800 γ’,
1416 4747 1444 4775 ‹‹
1505 4721 1691 4794 Κύριε,
1752 4728 1950 4779 σῶιον.
1995 4746 2021 4777 ι

376 4819 445 4877 Οἱ
510 4820 757 4895 κράκταιο
830 4837 856 4870 α
908 4815 1096 4888 Κύριε,
1163 4816 1337 4867 σῶσον
1373 4809 1504 4872 τοὺς
1568 4809 1628 4865 ἑκ
1678 4815 1775 4864 σοῦ
1833 4809 2026 4884 ἐστεμ-

381 4908 600 4981 μὲνους·
661 4930 687 4962 ι
757 4907 785 4961 6
853 4905 984 4966 λαὸς
1050 4901 1109 4957 ἐκ
1171 4901 1240 4976 γ’,
1303 4922 1332 4952 ‹‹
1399 4897 1585 4972 Κύριε,
1652 4919 1846 4956 σωσον.
1890 4923 1920 4951 ››
1959 4900 2028 4958 Οἱ

377 4997 624 5072 κράκται·
687 5019 715 5047 ‹‹

2205 4638 2302 4692 ΙΙΙ.
2325 4637 2605 4693 Cantores
2627 4652 2642 4694 :
2663 4659 2690 4687 α
2708 4638 2972 4707 Domine,
2995 4655 3158 4694 serva
3188 4639 3456 4696 dominos
3477 4641 3774 4697 Romano-

2136 4725 2339 4781 rum!»
2356 4727 2604 4797 populus
2619 4732 2706 4782 ter
2723 4743 2736 4780 :
2753 4748 2780 4776 «
2801 4728 3239 4796 Domine,serva.
3257 4751 3285 4777 »
3298 4732 3574 4786 Cantores
3589 4747 3602 4785 :
3620 4751 3648 4780 ‹‹
3671 4734 3783 4786 Do—

2137 4815 2317 4882 mine,
2345 4831 2509 4870 serva
2531 4831 2562 4869 a
2584 4821 2638 4868 te
2651 4815 2990 4871 coronatos!
3014 4837 3042 4866 »
3069 4817 3312 4888 populus
3338 4824 3451 4875 ter:
3487 4840 3516 4869 «
3540 4819 3785 4875 Domine

2139 4919 2360 4960 serva.»
2375 4901 2681 4972 Cantores;
2702 4926 2723 4952 ι
2750 4904 3784 4980 Domine,servsimperatores,augu-

777 4993 963 5068 Κύριε,
1024 4996 1197 5048 σῶσον
1245 4989 1372 5052 τοὺς
1444 4986 1704 5050 δεσπότας
1762 4987 1854 5043 σῦν
1910 4994 2019 5050 ταῖς

2140 4996 2345 5062 stas,et
2358 4991 2871 5064 porphyrogenitos
2892 4994 2904 5048 !
2926 5015 2949 5046 α
2965 4995 3219 5068 populus
3231 5003 3320 5052 ter
3336 5013 3350 5051 :
3365 5019 3393 5047 «
3410 4996 3780 5068 Domine,ser-

1742 5139 1985 5195 νΑΗΙιΕ
2025 5138 2438 5196 LECTIONES.

453 5269 504 5305 ⁶¹
536 5264 802 5330 δεσπότας
832 5267 914 5330 εἷς
954 5265 984 5320 6
1013 5264 1164 5334 Θιός,
1195 5263 1224 5318 6
1250 5261 1384 5325 λαός
1412 5261 1501 5317 καὶ
1528 5285 1579 5322 τ.
1613 5273 1666 5319 Α.
1700 5265 1791 5321 ed.
1867 5264 1914 5301 “
1944 5263 2225 5340 Πράσινοι,
2261 5287 2292 5316 ‹‹
2325 5265 2608 5338 Πρασίνων
2642 5289 2671 5318 ››
2711 5283 2828 5324 om.
2862 5270 2953 5326 ad.

1434 5415 1631 5474 JOAN.
1671 5417 1796 5474 ΙΑςο
1837 5418 2104 5475 REISKII
2145 5418 2748 5477 COMMENTARIUM.

461 5571 578 5644 (31)
608 5574 824 5627 Sensus
850 5573 909 5626 et
958 5564 1312 5624 constructio
1359 5563 1536 5632 hujus
1598 5562 1875 5620 dictionis
1921 5561 2045 5621 hac
2155 5563 2380 5621 Βὲνιτον
2415 5567 2468 5622 εἰ
2513 5567 2657 5624 Deus
2713 5567 2929 5640 aliquid
2975 5568 3302 5629 honorabile
3346 5571 3666 5644 appellavit,
3724 5573 3801 5627 est

411 5663 499 5716 est
533 5676 546 5714 :
578 5655 648 5715 Εἴ
663 5679 717 5714 τι
745 5658 776 5714 6
814 5657 947 5719 Θεὸς
999 5653 1182 5727 τίμιον
1242 5650 1518 5725 ὠνόμασεν
1580 5647 1692 5705 ﬁeri
1757 5653 1918 5706 τοῦτο
1983 5649 2046 5703 τδ
2157 5652 2318 5710 illud
2338 5659 2601 5722 Venetus,
2641 5657 2726 5712 vel
2757 5657 2926 5726 factio
2951 5658 3168 5715 Veneta.

719 5786 983 5846 PATBOL.
1035 5785 1143 5844 Gn.
1190 5776 1370 5839 CXII.
3410 5785 3474 5841 2t
