  <div class='ocr_page' id='page_1' title='image "/cluster/home/n/w/nwhite01/storage/ocr_20150623/112/hvd.32044073502304/334.png"; bbox 0 0 4138 6212; ppageno 0'>
   <div class='ocr_carea' id='block_1_1' title="bbox 368 411 495 470">
    <p class='ocr_par' dir='ltr' id='par_1_1' title="bbox 368 411 495 470">
     <span class='ocr_line' id='line_1_1' title="bbox 368 411 495 470; baseline 0 0"><span class='ocrx_word' id='word_1_1' title='bbox 368 411 495 470; x_wconf 73' lang='grc'>657</span> 
     </span>
    </p>
   </div>
   <div class='ocr_carea' id='block_1_2' title="bbox 1232 415 2922 477">
    <p class='ocr_par' dir='ltr' id='par_1_2' title="bbox 1232 415 2922 477">
     <span class='ocr_line' id='line_1_2' title="bbox 1232 415 2922 477; baseline 0.001 -3"><span class='ocrx_word' id='word_1_2' title='bbox 1232 416 1328 474; x_wconf 88' lang='lat' dir='ltr'>DE</span> <span class='ocrx_word' id='word_1_3' title='bbox 1374 416 1839 477; x_wconf 79' lang='lat' dir='ltr'>CEBIMONIIS</span> <span class='ocrx_word' id='word_1_4' title='bbox 1887 416 2120 477; x_wconf 70' lang='lat' dir='ltr'><strong>AUL/E</strong></span> <span class='ocrx_word' id='word_1_5' title='bbox 2165 415 2642 476; x_wconf 73' lang='grc' dir='ltr'>ΒΥΖΑΝἸῚΝίΕ</span> <span class='ocrx_word' id='word_1_6' title='bbox 2685 415 2830 475; x_wconf 89' lang='lat' dir='ltr'>LIB.</span> <span class='ocrx_word' id='word_1_7' title='bbox 2880 416 2922 475; x_wconf 86' lang='grc' dir='ltr'>Ι.</span> 
     </span>
    </p>
   </div>
   <div class='ocr_carea' id='block_1_3' title="bbox 3659 414 3774 474">
    <p class='ocr_par' dir='ltr' id='par_1_3' title="bbox 3659 414 3774 474">
     <span class='ocr_line' id='line_1_3' title="bbox 3659 414 3774 474; baseline 0.009 -1"><span class='ocrx_word' id='word_1_8' title='bbox 3659 414 3774 474; x_wconf 74' lang='grc'>658</span> 
     </span>
    </p>
   </div>
   <div class='ocr_carea' id='block_1_4' title="bbox 366 539 2027 619">
    <p class='ocr_par' dir='ltr' id='par_1_4' title="bbox 366 539 2009 619">
     <span class='ocr_line' id='line_1_4' title="bbox 366 539 2009 619; baseline 0.002 -22"><span class='ocrx_word' id='word_1_9' title='bbox 366 544 658 600; x_wconf 72' lang='grc' dir='ltr'>πίπτουσιν</span> <span class='ocrx_word' id='word_1_10' title='bbox 690 545 744 599; x_wconf 73' lang='grc' dir='ltr'>οἱ</span> <span class='ocrx_word' id='word_1_11' title='bbox 781 543 1081 619; x_wconf 78' lang='grc' dir='ltr'>πατρίκιοι,</span> <span class='ocrx_word' id='word_1_12' title='bbox 1113 543 1202 599; x_wconf 84' lang='grc' dir='ltr'>καὶ</span> <span class='ocrx_word' id='word_1_13' title='bbox 1236 539 1422 600; x_wconf 72' lang='grc' dir='ltr'>λαϐὼν</span> <span class='ocrx_word' id='word_1_14' title='bbox 1468 550 1640 618; x_wconf 77' lang='grc' dir='ltr'>νεῦμα</span> <span class='ocrx_word' id='word_1_15' title='bbox 1688 548 1716 600; x_wconf 90' lang='lat'>6</span> <span class='ocrx_word' id='word_1_16' title='bbox 1765 547 2009 619; x_wconf 81' lang='grc' dir='ltr'>πραιπό-</span> 
     </span>
    </p>
   </div>
   <div class='ocr_carea' id='block_1_5' title="bbox 2119 539 3769 619">
    <p class='ocr_par' dir='ltr' id='par_1_5' title="bbox 2124 547 3769 619">
     <span class='ocr_line' id='line_1_5' title="bbox 2124 547 3769 619; baseline 0.001 -17"><span class='ocrx_word' id='word_1_17' title='bbox 2124 547 2316 602; x_wconf 92' lang='lat' dir='ltr'><strong>biculo</strong></span> <span class='ocrx_word' id='word_1_18' title='bbox 2349 564 2417 602; x_wconf 89' lang='lat' dir='ltr'>ac</span> <span class='ocrx_word' id='word_1_19' title='bbox 2438 547 2669 603; x_wconf 89' lang='lat' dir='ltr'><strong>duobus</strong></span> <span class='ocrx_word' id='word_1_20' title='bbox 2699 547 3046 619; x_wconf 87' lang='lat' dir='ltr'><strong>spathariis,</strong></span> <span class='ocrx_word' id='word_1_21' title='bbox 3069 561 3200 602; x_wconf 90' lang='lat' dir='ltr'><strong>cum</strong></span> <span class='ocrx_word' id='word_1_22' title='bbox 3231 547 3354 601; x_wconf 92' lang='lat' dir='ltr'><strong>suis</strong></span> <span class='ocrx_word' id='word_1_23' title='bbox 3386 548 3769 614; x_wconf 77' lang='lat' dir='ltr'><strong>dextralibus,</strong></span> 
     </span>
    </p>
   </div>
   <div class='ocr_carea' id='block_1_6' title="bbox 366 634 2004 711">
    <p class='ocr_par' dir='ltr' id='par_1_6' title="bbox 366 634 2004 711">
     <span class='ocr_line' id='line_1_6' title="bbox 366 634 2004 711; baseline 0.002 -24"><span class='ocrx_word' id='word_1_24' title='bbox 366 654 537 702; x_wconf 91' lang='grc' dir='ltr'>σιτος,</span> <span class='ocrx_word' id='word_1_25' title='bbox 596 634 737 689; x_wconf 88' lang='grc' dir='ltr'>νεύει</span> <span class='ocrx_word' id='word_1_26' title='bbox 795 638 876 706; x_wconf 77' lang='grc' dir='ltr'>τῷ</span> <span class='ocrx_word' id='word_1_27' title='bbox 930 641 1031 703; x_wconf 78' lang='grc' dir='ltr'>τῆς</span> <span class='ocrx_word' id='word_1_28' title='bbox 1091 634 1466 698; x_wconf 75' lang='grc' dir='ltr'>καταστάσεως</span> <span class='ocrx_word' id='word_1_29' title='bbox 1511 636 1756 698; x_wconf 74' lang='grc' dir='ltr'>κάκεῖνος</span> <span class='ocrx_word' id='word_1_30' title='bbox 1816 635 2004 711; x_wconf 81' lang='grc' dir='ltr'>λέγει·</span> 
     </span>
    </p>
   </div>
   <div class='ocr_carea' id='block_1_7' title="bbox 370 723 2006 801">
    <p class='ocr_par' dir='ltr' id='par_1_7' title="bbox 370 723 2006 801">
     <span class='ocr_line' id='line_1_7' title="bbox 370 723 2006 801; baseline 0.001 -23"><span class='ocrx_word' id='word_1_31' title='bbox 370 744 392 773; x_wconf 79' lang='grc' dir='ltr'>ι</span> <span class='ocrx_word' id='word_1_32' title='bbox 429 723 746 789; x_wconf 81' lang='grc' dir='ltr'>Κελεύσατε,</span> <span class='ocrx_word' id='word_1_33' title='bbox 800 746 829 774; x_wconf 81' lang='lat'><strong><em>»</em></strong></span> <span class='ocrx_word' id='word_1_34' title='bbox 873 724 964 777; x_wconf 87' lang='grc' dir='ltr'>καὶ</span> <span class='ocrx_word' id='word_1_35' title='bbox 1004 723 1317 801; x_wconf 71' lang='grc' dir='ltr'>ἐξέρχονται</span> <span class='ocrx_word' id='word_1_36' title='bbox 1366 723 1709 797; x_wconf 82' lang='grc' dir='ltr'>όψικεύοντες</span> <span class='ocrx_word' id='word_1_37' title='bbox 1763 726 1857 780; x_wconf 86' lang='grc' dir='ltr'>τὸν</span> <span class='ocrx_word' id='word_1_38' title='bbox 1907 726 2006 801; x_wconf 88' lang='grc' dir='ltr'>βα-</span> 
     </span>
    </p>
   </div>
   <div class='ocr_carea' id='block_1_8' title="bbox 366 809 2007 888">
    <p class='ocr_par' dir='ltr' id='par_1_8' title="bbox 366 809 2007 888">
     <span class='ocr_line' id='line_1_8' title="bbox 366 809 2007 888; baseline 0.001 -22"><span class='ocrx_word' id='word_1_39' title='bbox 366 809 522 866; x_wconf 85' lang='grc' dir='ltr'>σιλέα</span> <span class='ocrx_word' id='word_1_40' title='bbox 554 812 722 886; x_wconf 78' lang='grc' dir='ltr'>μέχρι</span> <span class='ocrx_word' id='word_1_41' title='bbox 750 817 850 880; x_wconf 79' lang='grc' dir='ltr'>τῆς</span> <span class='ocrx_word' id='word_1_42' title='bbox 879 809 1060 880; x_wconf 82' lang='grc' dir='ltr'>πύλης</span> <span class='ocrx_word' id='word_1_43' title='bbox 1091 811 1169 873; x_wconf 73' lang='grc' dir='ltr'>εἷς</span> <span class='ocrx_word' id='word_1_44' title='bbox 1199 812 1266 866; x_wconf 77' lang='grc' dir='ltr'>τά</span> <span class='ocrx_word' id='word_1_45' title='bbox 1297 811 1491 888; x_wconf 83' lang='grc' dir='ltr'>βάθρα,</span> <span class='ocrx_word' id='word_1_46' title='bbox 1523 813 1611 867; x_wconf 84' lang='grc' dir='ltr'>καὶ</span> <span class='ocrx_word' id='word_1_47' title='bbox 1641 813 1925 888; x_wconf 71' lang='grc' dir='ltr'>ἀνέρχεται</span> <span class='ocrx_word' id='word_1_48' title='bbox 1978 815 2007 867; x_wconf 98' lang='lat'>6</span> 
     </span>
    </p>
   </div>
   <div class='ocr_carea' id='block_1_9' title="bbox 369 898 2009 976">
    <p class='ocr_par' dir='ltr' id='par_1_9' title="bbox 369 898 2009 976">
     <span class='ocr_line' id='line_1_9' title="bbox 369 898 2009 976; baseline 0.001 -22"><span class='ocrx_word' id='word_1_49' title='bbox 369 899 626 974; x_wconf 80' lang='grc' dir='ltr'>βασιλεὺς</span> <span class='ocrx_word' id='word_1_50' title='bbox 674 899 760 955; x_wconf 76' lang='grc' dir='ltr'>ἐπὶ</span> <span class='ocrx_word' id='word_1_51' title='bbox 803 903 899 954; x_wconf 78' lang='grc' dir='ltr'>τοῦ</span> <span class='ocrx_word' id='word_1_52' title='bbox 948 904 1168 968; x_wconf 81' lang='grc' dir='ltr'>σέντζου</span> <span class='ocrx_word' id='word_1_53' title='bbox 1211 898 1399 967; x_wconf 73' lang='grc' dir='ltr'>αὐτοῦ,</span> <span class='ocrx_word' id='word_1_54' title='bbox 1430 905 1538 955; x_wconf 86' lang='grc' dir='ltr'>τῶν</span> <span class='ocrx_word' id='word_1_55' title='bbox 1587 901 1865 976; x_wconf 81' lang='grc' dir='ltr'>ἀρχόντων</span> <span class='ocrx_word' id='word_1_56' title='bbox 1911 906 2009 958; x_wconf 78' lang='grc' dir='ltr'>τοῦ</span> 
     </span>
    </p>
   </div>
   <div class='ocr_carea' id='block_1_10' title="bbox 365 983 2009 1065">
    <p class='ocr_par' dir='ltr' id='par_1_10' title="bbox 365 983 2009 1065">
     <span class='ocr_line' id='line_1_10' title="bbox 365 983 2009 1065; baseline 0.001 -21"><span class='ocrx_word' id='word_1_57' title='bbox 365 983 759 1044; x_wconf 75' lang='grc' dir='ltr'>κουϐουκλείου</span> <span class='ocrx_word' id='word_1_58' title='bbox 834 989 1083 1042; x_wconf 84' lang='grc' dir='ltr'>ἑστώτων</span> <span class='ocrx_word' id='word_1_59' title='bbox 1141 989 1229 1042; x_wconf 79' lang='grc' dir='ltr'>καὶ</span> <span class='ocrx_word' id='word_1_60' title='bbox 1316 985 1412 1044; x_wconf 75' lang='grc' dir='ltr'>δύο</span> <span class='ocrx_word' id='word_1_61' title='bbox 1489 990 1796 1065; x_wconf 79' lang='grc' dir='ltr'>σπαθαρίων</span> <span class='ocrx_word' id='word_1_62' title='bbox 1864 987 2009 1046; x_wconf 84' lang='grc' dir='ltr'>ἔνθεν</span> 
     </span>
    </p>
   </div>
   <div class='ocr_carea' id='block_1_11' title="bbox 365 1075 2011 1152">
    <p class='ocr_par' dir='ltr' id='par_1_11' title="bbox 365 1075 2011 1152">
     <span class='ocr_line' id='line_1_11' title="bbox 365 1075 2011 1152; baseline 0.002 -19"><span class='ocrx_word' id='word_1_63' title='bbox 365 1080 601 1147; x_wconf 77' lang='grc' dir='ltr'>κάκεῖσε,</span> <span class='ocrx_word' id='word_1_64' title='bbox 660 1078 1034 1152; x_wconf 83' lang='grc' dir='ltr'>βασταζόντων</span> <span class='ocrx_word' id='word_1_65' title='bbox 1101 1078 1170 1132; x_wconf 77' lang='grc' dir='ltr'>τά</span> <span class='ocrx_word' id='word_1_66' title='bbox 1229 1075 1516 1152; x_wconf 84' lang='grc' dir='ltr'>διστράλια</span> <span class='ocrx_word' id='word_1_67' title='bbox 1571 1079 1788 1135; x_wconf 84' lang='grc' dir='ltr'>αὐτῶν·</span> <span class='ocrx_word' id='word_1_68' title='bbox 1847 1082 1904 1135; x_wconf 73' lang='grc' dir='ltr'>οἱ</span> <span class='ocrx_word' id='word_1_69' title='bbox 1953 1079 2011 1136; x_wconf 73' lang='grc' dir='ltr'><strong>δί</strong></span> 
     </span>
    </p>
   </div>
   <div class='ocr_carea' id='block_1_12' title="bbox 367 1164 2010 1245">
    <p class='ocr_par' dir='ltr' id='par_1_12' title="bbox 367 1164 2010 1245">
     <span class='ocr_line' id='line_1_12' title="bbox 367 1164 2010 1245; baseline 0.001 -22"><span class='ocrx_word' id='word_1_70' title='bbox 367 1167 623 1245; x_wconf 82' lang='grc' dir='ltr'>εύνοῦχοι</span> <span class='ocrx_word' id='word_1_71' title='bbox 672 1166 1155 1241; x_wconf 85' lang='grc' dir='ltr'>πρωτοσπαθάριοι</span> <span class='ocrx_word' id='word_1_72' title='bbox 1201 1164 1443 1222; x_wconf 76' lang='grc' dir='ltr'>’ίστανται</span> <span class='ocrx_word' id='word_1_73' title='bbox 1502 1168 1679 1223; x_wconf 77' lang='grc' dir='ltr'>ἐπάνω</span> <span class='ocrx_word' id='word_1_74' title='bbox 1735 1173 1832 1225; x_wconf 76' lang='grc' dir='ltr'>τοῦ</span> <span class='ocrx_word' id='word_1_75' title='bbox 1878 1171 2010 1224; x_wconf 87' lang='grc' dir='ltr'>σκά-</span> 
     </span>
    </p>
   </div>
   <div class='ocr_carea' id='block_1_13' title="bbox 2120 635 3770 707">
    <p class='ocr_par' dir='ltr' id='par_1_13' title="bbox 2120 635 3770 707">
     <span class='ocr_line' id='line_1_13' title="bbox 2120 635 3770 707; baseline 0.001 -17"><span class='ocrx_word' id='word_1_76' title='bbox 2120 637 2196 691; x_wconf 95' lang='lat' dir='ltr'>ub</span> <span class='ocrx_word' id='word_1_77' title='bbox 2222 647 2466 707; x_wconf 86' lang='lat' dir='ltr'><strong>utroque</strong></span> <span class='ocrx_word' id='word_1_78' title='bbox 2488 635 2668 691; x_wconf 83' lang='lat' dir='ltr'><strong>latere</strong></span> <span class='ocrx_word' id='word_1_79' title='bbox 2688 637 3056 691; x_wconf 86' lang='lat' dir='ltr'><strong>constitutis:</strong></span> <span class='ocrx_word' id='word_1_80' title='bbox 3083 635 3338 690; x_wconf 86' lang='lat' dir='ltr'><strong>eunuchi</strong></span> <span class='ocrx_word' id='word_1_81' title='bbox 3365 637 3770 707; x_wconf 87' lang='lat' dir='ltr'><strong>protospatba-</strong></span> 
     </span>
    </p>
   </div>
   <div class='ocr_carea' id='block_1_14' title="bbox 2116 723 3771 798">
    <p class='ocr_par' dir='ltr' id='par_1_14' title="bbox 2116 723 3771 798">
     <span class='ocr_line' id='line_1_14' title="bbox 2116 723 3771 798; baseline 0.001 -20"><span class='ocrx_word' id='word_1_82' title='bbox 2116 725 2186 780; x_wconf 80' lang='lat' dir='ltr'>rit</span> <span class='ocrx_word' id='word_1_83' title='bbox 2211 741 2388 796; x_wconf 73' lang='lat' dir='ltr'><strong>super</strong></span> <span class='ocrx_word' id='word_1_84' title='bbox 2407 741 2648 780; x_wconf 88' lang='lat' dir='ltr'><strong>scamno</strong></span> <span class='ocrx_word' id='word_1_85' title='bbox 2679 742 2830 798; x_wconf 89' lang='lat' dir='ltr'><strong>pone</strong></span> <span class='ocrx_word' id='word_1_86' title='bbox 2852 723 3132 780; x_wconf 80' lang='lat' dir='ltr'>thronum</span> <span class='ocrx_word' id='word_1_87' title='bbox 3155 730 3335 789; x_wconf 85' lang='lat' dir='ltr'><strong>stant,</strong></span> <span class='ocrx_word' id='word_1_88' title='bbox 3362 724 3420 779; x_wconf 92' lang='lat' dir='ltr'>in</span> <span class='ocrx_word' id='word_1_89' title='bbox 3445 741 3560 795; x_wconf 90' lang='lat' dir='ltr'>quo</span> <span class='ocrx_word' id='word_1_90' title='bbox 3589 723 3771 795; x_wconf 84' lang='lat' dir='ltr'><strong>impe-</strong></span> 
     </span>
    </p>
   </div>
   <div class='ocr_carea' id='block_1_15' title="bbox 2116 813 3770 884">
    <p class='ocr_par' dir='ltr' id='par_1_15' title="bbox 2116 813 3770 884">
     <span class='ocr_line' id='line_1_15' title="bbox 2116 813 3770 884; baseline -0.001 -14"><span class='ocrx_word' id='word_1_91' title='bbox 2116 822 2295 883; x_wconf 82' lang='lat' dir='ltr'><strong>rator,</strong></span> <span class='ocrx_word' id='word_1_92' title='bbox 2347 818 2439 870; x_wconf 89' lang='lat' dir='ltr'>ter</span> <span class='ocrx_word' id='word_1_93' title='bbox 2481 814 2693 884; x_wconf 90' lang='lat' dir='ltr'><strong>populo</strong></span> <span class='ocrx_word' id='word_1_94' title='bbox 2757 814 3010 884; x_wconf 81' lang='lat' dir='ltr'><strong>signato,</strong></span> <span class='ocrx_word' id='word_1_95' title='bbox 3059 813 3295 869; x_wconf 76' lang='lat' dir='ltr'>assidet.</span> <span class='ocrx_word' id='word_1_96' title='bbox 3343 813 3770 869; x_wconf 81' lang='lat' dir='ltr'><strong>Acclamatione</strong></span> 
     </span>
    </p>
   </div>
   <div class='ocr_carea' id='block_1_16' title="bbox 2118 902 3772 975">
    <p class='ocr_par' dir='ltr' id='par_1_16' title="bbox 2118 902 3772 975">
     <span class='ocr_line' id='line_1_16' title="bbox 2118 902 3772 975; baseline 0.001 -19"><span class='ocrx_word' id='word_1_97' title='bbox 2118 902 2303 967; x_wconf 83' lang='lat' dir='ltr'><strong>ﬁnita,</strong></span> <span class='ocrx_word' id='word_1_98' title='bbox 2333 903 2676 974; x_wconf 75' lang='lat' dir='ltr'><strong>praepositus</strong></span> <span class='ocrx_word' id='word_1_99' title='bbox 2717 904 2956 975; x_wconf 83' lang='lat' dir='ltr'><strong>signum</strong></span> <span class='ocrx_word' id='word_1_100' title='bbox 2986 902 3215 974; x_wconf 89' lang='lat' dir='ltr'><strong>accipit,</strong></span> <span class='ocrx_word' id='word_1_101' title='bbox 3249 917 3634 973; x_wconf 77' lang='lat' dir='ltr'><strong>egressusque</strong></span> <span class='ocrx_word' id='word_1_102' title='bbox 3667 918 3772 972; x_wconf 90' lang='lat' dir='ltr'><strong>pa-</strong></span> 
     </span>
    </p>
   </div>
   <div class='ocr_carea' id='block_1_17' title="bbox 2119 991 3778 1064">
    <p class='ocr_par' dir='ltr' id='par_1_17' title="bbox 2119 991 3778 1064">
     <span class='ocr_line' id='line_1_17' title="bbox 2119 991 3778 1064; baseline -0.002 -16"><span class='ocrx_word' id='word_1_103' title='bbox 2119 992 2319 1048; x_wconf 88' lang='lat' dir='ltr'><strong>tricios</strong></span> <span class='ocrx_word' id='word_1_104' title='bbox 2348 997 2406 1047; x_wconf 88' lang='lat' dir='ltr'>et</span> <span class='ocrx_word' id='word_1_105' title='bbox 2433 997 2720 1064; x_wconf 82' lang='lat' dir='ltr'><strong>strategos</strong></span> <span class='ocrx_word' id='word_1_106' title='bbox 2752 992 2824 1047; x_wconf 90' lang='lat' dir='ltr'>ad</span> <span class='ocrx_word' id='word_1_107' title='bbox 2849 1007 3124 1058; x_wconf 71' lang='lat' dir='ltr'><strong>magnam</strong></span> <span class='ocrx_word' id='word_1_108' title='bbox 3158 996 3386 1063; x_wconf 88' lang='lat' dir='ltr'><strong>portam</strong></span> <span class='ocrx_word' id='word_1_109' title='bbox 3417 991 3778 1047; x_wconf 75' lang='lat' dir='ltr'><strong>constitutos</strong></span> 
     </span>
    </p>
   </div>
   <div class='ocr_carea' id='block_1_18' title="bbox 2119 1079 3774 1154">
    <p class='ocr_par' dir='ltr' id='par_1_18' title="bbox 2119 1079 3774 1154">
     <span class='ocr_line' id='line_1_18' title="bbox 2119 1079 3774 1154; baseline -0.002 -17"><span class='ocrx_word' id='word_1_110' title='bbox 2119 1082 2353 1152; x_wconf 89' lang='lat' dir='ltr'><strong>reperit,</strong></span> <span class='ocrx_word' id='word_1_111' title='bbox 2387 1081 2488 1153; x_wconf 86' lang='lat' dir='ltr'>qui</span> <span class='ocrx_word' id='word_1_112' title='bbox 2538 1083 2706 1154; x_wconf 85' lang='lat' dir='ltr'><strong>signo</strong></span> <span class='ocrx_word' id='word_1_113' title='bbox 2737 1081 2879 1153; x_wconf 86' lang='lat' dir='ltr'><strong>ipsis</strong></span> <span class='ocrx_word' id='word_1_114' title='bbox 2902 1083 3060 1148; x_wconf 88' lang='lat' dir='ltr'><strong>dato,</strong></span> <span class='ocrx_word' id='word_1_115' title='bbox 3110 1081 3182 1137; x_wconf 86' lang='lat' dir='ltr'>ad</span> <span class='ocrx_word' id='word_1_116' title='bbox 3213 1097 3352 1137; x_wconf 88' lang='lat' dir='ltr'><strong>suos</strong></span> <span class='ocrx_word' id='word_1_117' title='bbox 3375 1080 3611 1138; x_wconf 77' lang='lat' dir='ltr'>ordines</span> <span class='ocrx_word' id='word_1_118' title='bbox 3648 1079 3774 1135; x_wconf 74' lang='lat' dir='ltr'><strong>sin-‘</strong></span> 
     </span>
    </p>
   </div>
   <div class='ocr_carea' id='block_1_19' title="bbox 2119 1175 2512 1246">
    <p class='ocr_par' dir='ltr' id='par_1_19' title="bbox 2119 1175 2512 1246">
     <span class='ocr_line' id='line_1_19' title="bbox 2119 1175 2512 1246; baseline 0 -16"><span class='ocrx_word' id='word_1_119' title='bbox 2119 1175 2241 1246; x_wconf 84' lang='lat' dir='ltr'><strong>guli</strong></span> <span class='ocrx_word' id='word_1_120' title='bbox 2273 1176 2512 1232; x_wconf 87' lang='lat' dir='ltr'><strong>abeunt.</strong></span> 
     </span>
    </p>
   </div>
   <div class='ocr_carea' id='block_1_20' title="bbox 369 1257 3768 1340">
    <p class='ocr_par' dir='ltr' id='par_1_20' title="bbox 369 1257 3768 1340">
     <span class='ocr_line' id='line_1_20' title="bbox 369 1257 3768 1340; baseline 0.001 -28"><span class='ocrx_word' id='word_1_121' title='bbox 369 1278 505 1331; x_wconf 86' lang='grc' dir='ltr'>μνου</span> <span class='ocrx_word' id='word_1_122' title='bbox 545 1257 764 1322; x_wconf 70' lang='grc' dir='ltr'>ὄπισθεν</span> <span class='ocrx_word' id='word_1_123' title='bbox 804 1261 900 1312; x_wconf 80' lang='grc' dir='ltr'>τοῦ</span> <span class='ocrx_word' id='word_1_124' title='bbox 939 1259 1294 1328; x_wconf 76' lang='grc' dir='ltr'>σέντζου,καὶ</span> <span class='ocrx_word' id='word_1_125' title='bbox 1335 1259 1427 1314; x_wconf 87' lang='grc' dir='ltr'>τὸν</span> <span class='ocrx_word' id='word_1_126' title='bbox 1471 1258 1602 1315; x_wconf 88' lang='grc' dir='ltr'>λαὸν</span> <span class='ocrx_word' id='word_1_127' title='bbox 1640 1259 1699 1315; x_wconf 73' lang='grc' dir='ltr'>ἐκ</span> <span class='ocrx_word' id='word_1_128' title='bbox 1737 1261 1924 1335; x_wconf 78' lang='grc' dir='ltr'>τρίτου</span> <span class='ocrx_word' id='word_1_129' title='bbox 1963 1263 2398 1340; x_wconf 88' lang='grc' dir='ltr'>κατασφραγίσας</span> <span class='ocrx_word' id='word_1_130' title='bbox 2439 1265 2740 1334; x_wconf 80' lang='grc' dir='ltr'>καθέζεται.</span> <span class='ocrx_word' id='word_1_131' title='bbox 2763 1263 2866 1320; x_wconf 82' lang='grc' dir='ltr'>Καὶ</span> <span class='ocrx_word' id='word_1_132' title='bbox 2906 1263 3296 1338; x_wconf 74' lang='grc' dir='ltr'>πληρωθείσης</span> <span class='ocrx_word' id='word_1_133' title='bbox 3331 1270 3432 1332; x_wconf 82' lang='grc' dir='ltr'>τῆς</span> <span class='ocrx_word' id='word_1_134' title='bbox 3473 1261 3768 1339; x_wconf 82' lang='grc' dir='ltr'>εὐφημίας,</span> 
     </span>
    </p>
   </div>
   <div class='ocr_carea' id='block_1_21' title="bbox 365 1343 3766 1428">
    <p class='ocr_par' dir='ltr' id='par_1_21' title="bbox 365 1343 3766 1428">
     <span class='ocr_line' id='line_1_21' title="bbox 365 1343 3766 1428; baseline 0 -25"><span class='ocrx_word' id='word_1_135' title='bbox 365 1343 549 1403; x_wconf 78' lang='grc' dir='ltr'>λαϐὼν</span> <span class='ocrx_word' id='word_1_136' title='bbox 588 1351 758 1420; x_wconf 78' lang='grc' dir='ltr'>νεῦμα</span> <span class='ocrx_word' id='word_1_137' title='bbox 797 1347 826 1401; x_wconf 83' lang='lat'>6</span> <span class='ocrx_word' id='word_1_138' title='bbox 865 1347 1226 1420; x_wconf 89' lang='grc' dir='ltr'>πραιπόσιτος</span> <span class='ocrx_word' id='word_1_139' title='bbox 1263 1348 1352 1402; x_wconf 80' lang='grc' dir='ltr'>καὶ</span> <span class='ocrx_word' id='word_1_140' title='bbox 1393 1347 1895 1421; x_wconf 81' lang='grc' dir='ltr'>ἐξελθὼν,εύρίσκει</span> <span class='ocrx_word' id='word_1_141' title='bbox 1933 1349 1987 1405; x_wconf 77' lang='grc' dir='ltr'>ἐν</span> <span class='ocrx_word' id='word_1_142' title='bbox 2025 1350 2094 1426; x_wconf 76' lang='grc' dir='ltr'>τῇ</span> <span class='ocrx_word' id='word_1_143' title='bbox 2134 1353 2346 1428; x_wconf 78' lang='grc' dir='ltr'>μεγάλῃ</span> <span class='ocrx_word' id='word_1_144' title='bbox 2378 1353 2526 1428; x_wconf 85' lang='grc' dir='ltr'>πύλῃ</span> <span class='ocrx_word' id='word_1_145' title='bbox 2555 1353 2791 1415; x_wconf 75' lang='grc' dir='ltr'>ἑστῶτας</span> <span class='ocrx_word' id='word_1_146' title='bbox 2811 1353 2937 1408; x_wconf 77' lang='grc' dir='ltr'>τοὺς</span> <span class='ocrx_word' id='word_1_147' title='bbox 2960 1352 3281 1427; x_wconf 84' lang='grc' dir='ltr'>πατρικίους</span> <span class='ocrx_word' id='word_1_148' title='bbox 3297 1351 3386 1406; x_wconf 81' lang='grc' dir='ltr'>καὶ</span> <span class='ocrx_word' id='word_1_149' title='bbox 3409 1347 3766 1426; x_wconf 71' lang='grc' dir='ltr'>στρατηγοὺς,</span> 
     </span>
    </p>
   </div>
   <div class='ocr_carea' id='block_1_22' title="bbox 368 1434 2588 1513">
    <p class='ocr_par' dir='ltr' id='par_1_22' title="bbox 368 1434 2588 1513">
     <span class='ocr_line' id='line_1_22' title="bbox 368 1434 2588 1513; baseline 0.003 -23"><span class='ocrx_word' id='word_1_150' title='bbox 368 1439 455 1492; x_wconf 85' lang='grc' dir='ltr'>καὶ</span> <span class='ocrx_word' id='word_1_151' title='bbox 492 1434 715 1492; x_wconf 69' lang='grc' dir='ltr'>δίδωσιν</span> <span class='ocrx_word' id='word_1_152' title='bbox 755 1436 940 1498; x_wconf 81' lang='grc' dir='ltr'>αὐτοῖς</span> <span class='ocrx_word' id='word_1_153' title='bbox 979 1440 1172 1508; x_wconf 80' lang='grc' dir='ltr'>νεῦμα,</span> <span class='ocrx_word' id='word_1_154' title='bbox 1213 1436 1302 1492; x_wconf 85' lang='grc' dir='ltr'>καὶ</span> <span class='ocrx_word' id='word_1_155' title='bbox 1342 1436 1637 1513; x_wconf 75' lang='grc' dir='ltr'>ἀπέρχεται</span> <span class='ocrx_word' id='word_1_156' title='bbox 1676 1435 1892 1502; x_wconf 67' lang='grc' dir='ltr'>ἓκαστες</span> <span class='ocrx_word' id='word_1_157' title='bbox 1932 1439 2008 1502; x_wconf 78' lang='grc' dir='ltr'>εἰς</span> <span class='ocrx_word' id='word_1_158' title='bbox 2043 1440 2142 1502; x_wconf 79' lang='grc' dir='ltr'>τὰς</span> <span class='ocrx_word' id='word_1_159' title='bbox 2177 1441 2352 1512; x_wconf 79' lang='grc' dir='ltr'>τάξεις</span> <span class='ocrx_word' id='word_1_160' title='bbox 2391 1441 2588 1497; x_wconf 82' lang='grc' dir='ltr'>αὐτῶν.</span> 
     </span>
    </p>
   </div>
   <div class='ocr_carea' id='block_1_23' title="bbox 439 1521 2006 1601">
    <p class='ocr_par' dir='ltr' id='par_1_23' title="bbox 439 1521 2006 1601">
     <span class='ocr_line' id='line_1_23' title="bbox 439 1521 2006 1601; baseline 0.001 -21"><span class='ocrx_word' id='word_1_161' title='bbox 439 1531 506 1582; x_wconf 81' lang='lat' dir='ltr'>I“.</span> <span class='ocrx_word' id='word_1_162' title='bbox 541 1526 658 1599; x_wconf 86' lang='grc' dir='ltr'>Χρή</span> <span class='ocrx_word' id='word_1_163' title='bbox 708 1521 766 1579; x_wconf 72' lang='grc' dir='ltr'>δὲ</span> <span class='ocrx_word' id='word_1_164' title='bbox 822 1521 1044 1592; x_wconf 81' lang='grc' dir='ltr'>εἰδέναι,</span> <span class='ocrx_word' id='word_1_165' title='bbox 1076 1525 1160 1580; x_wconf 83' lang='grc' dir='ltr'>ὅτι</span> <span class='ocrx_word' id='word_1_166' title='bbox 1209 1523 1261 1580; x_wconf 84' lang='grc' dir='ltr'>έν</span> <span class='ocrx_word' id='word_1_167' title='bbox 1316 1527 1498 1601; x_wconf 81' lang='grc' dir='ltr'>ἡμέρᾳ</span> <span class='ocrx_word' id='word_1_168' title='bbox 1524 1531 1626 1581; x_wconf 79' lang='grc' dir='ltr'>τοῦ</span> <span class='ocrx_word' id='word_1_169' title='bbox 1676 1530 1848 1584; x_wconf 80' lang='grc' dir='ltr'>Βοτοῦ</span> <span class='ocrx_word' id='word_1_170' title='bbox 1907 1526 2006 1582; x_wconf 78' lang='grc' dir='ltr'>οὐκ</span> 
     </span>
    </p>
   </div>
   <div class='ocr_carea' id='block_1_24' title="bbox 367 1611 2004 1692">
    <p class='ocr_par' dir='ltr' id='par_1_24' title="bbox 367 1611 2004 1692">
     <span class='ocr_line' id='line_1_24' title="bbox 367 1611 2004 1692; baseline 0.002 -23"><span class='ocrx_word' id='word_1_171' title='bbox 367 1614 702 1692; x_wconf 74' lang='grc' dir='ltr'>εἰσέρχονται</span> <span class='ocrx_word' id='word_1_172' title='bbox 761 1611 813 1668; x_wconf 81' lang='grc' dir='ltr'>ἐν</span> <span class='ocrx_word' id='word_1_173' title='bbox 861 1617 940 1684; x_wconf 82' lang='grc' dir='ltr'>τῷ</span> <span class='ocrx_word' id='word_1_174' title='bbox 994 1613 1285 1687; x_wconf 85' lang='grc' dir='ltr'>καθίσματι</span> <span class='ocrx_word' id='word_1_175' title='bbox 1352 1616 1429 1678; x_wconf 83' lang='grc' dir='ltr'>εἰς</span> <span class='ocrx_word' id='word_1_176' title='bbox 1485 1617 1853 1690; x_wconf 72' lang='grc' dir='ltr'>προσκύνησιν</span> <span class='ocrx_word' id='word_1_177' title='bbox 1906 1623 2004 1673; x_wconf 78' lang='grc' dir='ltr'>τοῦ</span> 
     </span>
    </p>
   </div>
   <div class='ocr_carea' id='block_1_25' title="bbox 371 1700 2004 1780">
    <p class='ocr_par' dir='ltr' id='par_1_25' title="bbox 371 1700 2004 1780">
     <span class='ocr_line' id='line_1_25' title="bbox 371 1700 2004 1780; baseline 0.003 -23"><span class='ocrx_word' id='word_1_178' title='bbox 371 1702 662 1774; x_wconf 84' lang='grc' dir='ltr'>βασιλέως,</span> <span class='ocrx_word' id='word_1_179' title='bbox 721 1700 866 1758; x_wconf 78' lang='grc' dir='ltr'>ἀλλὰ</span> <span class='ocrx_word' id='word_1_180' title='bbox 901 1700 1163 1773; x_wconf 84' lang='grc' dir='ltr'>τελεῖται,</span> <span class='ocrx_word' id='word_1_181' title='bbox 1205 1704 1281 1765; x_wconf 82' lang='grc' dir='ltr'>ὡς</span> <span class='ocrx_word' id='word_1_182' title='bbox 1331 1706 1694 1780; x_wconf 85' lang='grc' dir='ltr'>προείρηται·</span> <span class='ocrx_word' id='word_1_183' title='bbox 1748 1707 1839 1761; x_wconf 83' lang='grc' dir='ltr'>καὶ</span> <span class='ocrx_word' id='word_1_184' title='bbox 1894 1712 2004 1762; x_wconf 88' lang='grc' dir='ltr'>τῶν</span> 
     </span>
    </p>
   </div>
   <div class='ocr_carea' id='block_1_26' title="bbox 370 1788 2006 1860">
    <p class='ocr_par' dir='ltr' id='par_1_26' title="bbox 370 1788 2006 1860">
     <span class='ocr_line' id='line_1_26' title="bbox 370 1788 2006 1860; baseline 0.004 -15"><span class='ocrx_word' id='word_1_185' title='bbox 370 1788 412 1845; x_wconf 79' lang='grc' dir='ltr'>δ’</span> <span class='ocrx_word' id='word_1_186' title='bbox 471 1790 636 1859; x_wconf 70' lang='grc' dir='ltr'>βαΐων</span> <span class='ocrx_word' id='word_1_187' title='bbox 675 1790 1058 1855; x_wconf 83' lang='grc' dir='ltr'>τελεσθέντων.</span> <span class='ocrx_word' id='word_1_188' title='bbox 1093 1791 1318 1854; x_wconf 74' lang='grc' dir='ltr'>ἀναστάς</span> <span class='ocrx_word' id='word_1_189' title='bbox 1371 1794 1399 1847; x_wconf 91' lang='lat'>6</span> <span class='ocrx_word' id='word_1_190' title='bbox 1435 1794 1689 1860; x_wconf 74' lang='grc' dir='ltr'>βασιλεὺς</span> <span class='ocrx_word' id='word_1_191' title='bbox 1747 1795 1852 1850; x_wconf 83' lang='grc' dir='ltr'>ἀπὸ</span> <span class='ocrx_word' id='word_1_192' title='bbox 1908 1799 2006 1851; x_wconf 83' lang='grc' dir='ltr'>τοῦ</span> 
     </span>
    </p>
   </div>
   <div class='ocr_carea' id='block_1_27' title="bbox 2189 1529 3762 1602">
    <p class='ocr_par' dir='ltr' id='par_1_27' title="bbox 2189 1529 3762 1602">
     <span class='ocr_line' id='line_1_27' title="bbox 2189 1529 3762 1602; baseline -0.001 -16"><span class='ocrx_word' id='word_1_193' title='bbox 2189 1531 2287 1586; x_wconf 85' lang='grc' dir='ltr'>ΙΙΙ.</span> <span class='ocrx_word' id='word_1_194' title='bbox 2339 1531 2436 1587; x_wconf 92' lang='lat' dir='ltr'><strong>Die</strong></span> <span class='ocrx_word' id='word_1_195' title='bbox 2468 1530 2593 1588; x_wconf 86' lang='lat' dir='ltr'><strong>Voti</strong></span> <span class='ocrx_word' id='word_1_196' title='bbox 2641 1532 2711 1587; x_wconf 88' lang='lat' dir='ltr'>ad</span> <span class='ocrx_word' id='word_1_197' title='bbox 2753 1531 3032 1587; x_wconf 82' lang='lat' dir='ltr'>thronum</span> <span class='ocrx_word' id='word_1_198' title='bbox 3091 1529 3479 1602; x_wconf 77' lang='lat' dir='ltr'>imperatoris,</span> <span class='ocrx_word' id='word_1_199' title='bbox 3514 1534 3581 1586; x_wconf 91' lang='lat' dir='ltr'>ut</span> <span class='ocrx_word' id='word_1_200' title='bbox 3626 1545 3762 1585; x_wconf 90' lang='lat' dir='ltr'>eum</span> 
     </span>
    </p>
   </div>
   <div class='ocr_carea' id='block_1_28' title="bbox 2116 1619 3756 1690">
    <p class='ocr_par' dir='ltr' id='par_1_28' title="bbox 2116 1619 3756 1690">
     <span class='ocr_line' id='line_1_28' title="bbox 2116 1619 3756 1690; baseline -0.001 -16"><span class='ocrx_word' id='word_1_201' title='bbox 2116 1620 2381 1685; x_wconf 88' lang='lat' dir='ltr'><strong>adorent,</strong></span> <span class='ocrx_word' id='word_1_202' title='bbox 2435 1636 2549 1675; x_wconf 92' lang='lat' dir='ltr'><strong>non</strong></span> <span class='ocrx_word' id='word_1_203' title='bbox 2599 1620 2901 1686; x_wconf 84' lang='lat' dir='ltr'><strong>accedunt,</strong></span> <span class='ocrx_word' id='word_1_204' title='bbox 2954 1621 3078 1690; x_wconf 87' lang='lat' dir='ltr'><strong>sed,</strong></span> <span class='ocrx_word' id='word_1_205' title='bbox 3138 1623 3203 1674; x_wconf 88' lang='lat' dir='ltr'>ut</span> <span class='ocrx_word' id='word_1_206' title='bbox 3272 1620 3547 1682; x_wconf 81' lang='lat' dir='ltr'><strong>diximus,</strong></span> <span class='ocrx_word' id='word_1_207' title='bbox 3605 1619 3756 1672; x_wconf 90' lang='lat' dir='ltr'><strong>diem</strong></span> 
     </span>
    </p>
   </div>
   <div class='ocr_carea' id='block_1_29' title="bbox 2117 1706 3758 1779">
    <p class='ocr_par' dir='ltr' id='par_1_29' title="bbox 2117 1706 3758 1779">
     <span class='ocr_line' id='line_1_29' title="bbox 2117 1706 3758 1779; baseline -0.002 -15"><span class='ocrx_word' id='word_1_208' title='bbox 2117 1707 2280 1764; x_wconf 91' lang='lat' dir='ltr'><strong>illum</strong></span> <span class='ocrx_word' id='word_1_209' title='bbox 2312 1709 2628 1773; x_wconf 83' lang='lat' dir='ltr'>celebrant,</span> <span class='ocrx_word' id='word_1_210' title='bbox 2665 1713 2721 1763; x_wconf 85' lang='lat' dir='ltr'>et</span> <span class='ocrx_word' id='word_1_211' title='bbox 2751 1706 2964 1779; x_wconf 78' lang='lat' dir='ltr'>palmis</span> <span class='ocrx_word' id='word_1_212' title='bbox 2995 1712 3248 1779; x_wconf 83' lang='lat' dir='ltr'>quatuor</span> <span class='ocrx_word' id='word_1_213' title='bbox 3278 1707 3476 1777; x_wconf 87' lang='lat' dir='ltr'><strong>finitis,</strong></span> <span class='ocrx_word' id='word_1_214' title='bbox 3510 1708 3758 1777; x_wconf 82' lang='lat' dir='ltr'><strong>impera-</strong></span> 
     </span>
    </p>
   </div>
   <div class='ocr_carea' id='block_1_30' title="bbox 2115 1795 3758 1868">
    <p class='ocr_par' dir='ltr' id='par_1_30' title="bbox 2115 1795 3758 1868">
     <span class='ocr_line' id='line_1_30' title="bbox 2115 1795 3758 1868; baseline -0.001 -16"><span class='ocrx_word' id='word_1_215' title='bbox 2115 1802 2208 1852; x_wconf 91' lang='lat' dir='ltr'>tor</span> <span class='ocrx_word' id='word_1_216' title='bbox 2237 1815 2270 1852; x_wconf 91' lang='lat' dir='ltr'>a</span> <span class='ocrx_word' id='word_1_217' title='bbox 2317 1797 2523 1852; x_wconf 83' lang='lat' dir='ltr'><strong>throno</strong></span> <span class='ocrx_word' id='word_1_218' title='bbox 2564 1796 2768 1866; x_wconf 69' lang='lat' dir='ltr'><strong>surgit,</strong></span> <span class='ocrx_word' id='word_1_219' title='bbox 2803 1813 3020 1868; x_wconf 91' lang='lat' dir='ltr'><strong>perque</strong></span> <span class='ocrx_word' id='word_1_220' title='bbox 3050 1795 3397 1865; x_wconf 89' lang='lat' dir='ltr'><strong>triclinium,</strong></span> <span class='ocrx_word' id='word_1_221' title='bbox 3427 1795 3487 1850; x_wconf 93' lang='lat' dir='ltr'><strong>in</strong></span> <span class='ocrx_word' id='word_1_222' title='bbox 3519 1811 3633 1867; x_wconf 91' lang='lat' dir='ltr'>quo</span> <span class='ocrx_word' id='word_1_223' title='bbox 3666 1812 3758 1850; x_wconf 86' lang='lat' dir='ltr'><strong>so-</strong></span> 
     </span>
    </p>
   </div>
   <div class='ocr_carea' id='block_1_31' title="bbox 367 1857 2027 1958">
    <p class='ocr_par' dir='ltr' id='par_1_31' title="bbox 367 1878 2006 1958">
     <span class='ocr_line' id='line_1_31' title="bbox 367 1878 2006 1958; baseline 0.003 -23"><span class='ocrx_word' id='word_1_224' title='bbox 367 1881 604 1950; x_wconf 86' lang='grc' dir='ltr'>σέντζου,</span> <span class='ocrx_word' id='word_1_225' title='bbox 665 1878 944 1958; x_wconf 75' lang='grc' dir='ltr'>διέρχεται</span> <span class='ocrx_word' id='word_1_226' title='bbox 992 1878 1083 1935; x_wconf 80' lang='grc' dir='ltr'>διὰ</span> <span class='ocrx_word' id='word_1_227' title='bbox 1136 1886 1232 1936; x_wconf 80' lang='grc' dir='ltr'>τοῦ</span> <span class='ocrx_word' id='word_1_228' title='bbox 1287 1881 1593 1958; x_wconf 81' lang='grc' dir='ltr'>τρικλίνου,</span> <span class='ocrx_word' id='word_1_229' title='bbox 1653 1885 1714 1938; x_wconf 78' lang='grc' dir='ltr'>οὗ</span> <span class='ocrx_word' id='word_1_230' title='bbox 1781 1884 2006 1940; x_wconf 73' lang='grc' dir='ltr'>εἷ’θισται</span> 
     </span>
    </p>
   </div>
   <div class='ocr_carea' id='block_1_32' title="bbox 2119 1857 3760 1958">
    <p class='ocr_par' dir='ltr' id='par_1_32' title="bbox 2119 1884 3760 1956">
     <span class='ocr_line' id='line_1_32' title="bbox 2119 1884 3760 1956; baseline -0.001 -15"><span class='ocrx_word' id='word_1_231' title='bbox 2119 1887 2308 1943; x_wconf 91' lang='lat' dir='ltr'><strong>lemne</strong></span> <span class='ocrx_word' id='word_1_232' title='bbox 2327 1887 2652 1942; x_wconf 81' lang='lat' dir='ltr'><strong>convivium</strong></span> <span class='ocrx_word' id='word_1_233' title='bbox 2675 1886 3018 1954; x_wconf 78' lang='lat' dir='ltr'><strong>instituitur,</strong></span> <span class='ocrx_word' id='word_1_234' title='bbox 3041 1885 3132 1941; x_wconf 71' lang='lat'><strong>2]</strong></span> <span class='ocrx_word' id='word_1_235' title='bbox 3147 1886 3185 1940; x_wconf 90' lang='grc'><strong>1</strong></span> <span class='ocrx_word' id='word_1_236' title='bbox 3207 1884 3463 1956; x_wconf 82' lang='lat' dir='ltr'><strong>patriciis</strong></span> <span class='ocrx_word' id='word_1_237' title='bbox 3486 1886 3760 1955; x_wconf 88' lang='lat' dir='ltr'><strong>utrinque</strong></span> 
     </span>
    </p>
   </div>
   <div class='ocr_carea' id='block_1_33' title="bbox 367 1969 2007 2045">
    <p class='ocr_par' dir='ltr' id='par_1_33' title="bbox 367 1969 2007 2045">
     <span class='ocr_line' id='line_1_33' title="bbox 367 1969 2007 2045; baseline 0.002 -20"><span class='ocrx_word' id='word_1_238' title='bbox 367 1970 611 2045; x_wconf 77' lang='grc' dir='ltr'>άριστᾷν,</span> <span class='ocrx_word' id='word_1_239' title='bbox 646 1974 755 2024; x_wconf 89' lang='grc' dir='ltr'>τῶν</span> <span class='ocrx_word' id='word_1_240' title='bbox 805 1969 1102 2045; x_wconf 83' lang='grc' dir='ltr'>πατρικίων</span> <span class='ocrx_word' id='word_1_241' title='bbox 1152 1971 1401 2026; x_wconf 85' lang='grc' dir='ltr'>ἑστώτων</span> <span class='ocrx_word' id='word_1_242' title='bbox 1453 1970 1599 2027; x_wconf 83' lang='grc' dir='ltr'>ἔνθεν</span> <span class='ocrx_word' id='word_1_243' title='bbox 1650 1973 1883 2041; x_wconf 85' lang='grc' dir='ltr'>κάκεῖσε,</span> <span class='ocrx_word' id='word_1_244' title='bbox 1916 1973 2007 2029; x_wconf 85' lang='grc' dir='ltr'>καὶ</span> 
     </span>
    </p>
   </div>
   <div class='ocr_carea' id='block_1_34' title="bbox 367 2057 2010 2136">
    <p class='ocr_par' dir='ltr' id='par_1_34' title="bbox 367 2057 2010 2136">
     <span class='ocr_line' id='line_1_34' title="bbox 367 2057 2010 2136; baseline 0.002 -22"><span class='ocrx_word' id='word_1_245' title='bbox 367 2057 793 2134; x_wconf 80' lang='grc' dir='ltr'>δηριγευόμενος</span> <span class='ocrx_word' id='word_1_246' title='bbox 852 2059 880 2113; x_wconf 88' lang='lat'>6</span> <span class='ocrx_word' id='word_1_247' title='bbox 933 2058 1192 2132; x_wconf 85' lang='grc' dir='ltr'>βασιλεὺς</span> <span class='ocrx_word' id='word_1_248' title='bbox 1248 2059 1352 2115; x_wconf 84' lang='grc' dir='ltr'>ὑπὸ</span> <span class='ocrx_word' id='word_1_249' title='bbox 1410 2065 1516 2116; x_wconf 85' lang='grc' dir='ltr'>τῶν</span> <span class='ocrx_word' id='word_1_250' title='bbox 1573 2063 1858 2136; x_wconf 81' lang='grc' dir='ltr'>ἀρχόντων</span> <span class='ocrx_word' id='word_1_251' title='bbox 1910 2067 2010 2118; x_wconf 76' lang='grc' dir='ltr'>τοῦ</span> 
     </span>
    </p>
   </div>
   <div class='ocr_carea' id='block_1_35' title="bbox 364 2144 2004 2223">
    <p class='ocr_par' dir='ltr' id='par_1_35' title="bbox 364 2144 2004 2223">
     <span class='ocr_line' id='line_1_35' title="bbox 364 2144 2004 2223; baseline 0.003 -19"><span class='ocrx_word' id='word_1_252' title='bbox 364 2144 787 2216; x_wconf 66' lang='grc' dir='ltr'>κουϐουκλείου,</span> <span class='ocrx_word' id='word_1_253' title='bbox 816 2146 1122 2223; x_wconf 70' lang='grc' dir='ltr'>εἰσέρχεται</span> <span class='ocrx_word' id='word_1_254' title='bbox 1162 2144 1253 2203; x_wconf 74' lang='grc' dir='ltr'>διὰ</span> <span class='ocrx_word' id='word_1_255' title='bbox 1278 2153 1376 2204; x_wconf 77' lang='grc' dir='ltr'>τοῦ</span> <span class='ocrx_word' id='word_1_256' title='bbox 1419 2151 1586 2223; x_wconf 86' lang='grc' dir='ltr'>μέσου</span> <span class='ocrx_word' id='word_1_257' title='bbox 1625 2151 1819 2220; x_wconf 81' lang='grc' dir='ltr'>αὐτῶν,</span> <span class='ocrx_word' id='word_1_258' title='bbox 1853 2151 2004 2209; x_wconf 77' lang='grc' dir='ltr'>αὐτοὶ</span> 
     </span>
    </p>
   </div>
   <div class='ocr_carea' id='block_1_36' title="bbox 365 2235 2008 2311">
    <p class='ocr_par' dir='ltr' id='par_1_36' title="bbox 365 2235 2008 2311">
     <span class='ocr_line' id='line_1_36' title="bbox 365 2235 2008 2311; baseline 0.002 -19"><span class='ocrx_word' id='word_1_259' title='bbox 365 2235 424 2292; x_wconf 77' lang='grc' dir='ltr'>δὲ</span> <span class='ocrx_word' id='word_1_260' title='bbox 474 2236 868 2311; x_wconf 81' lang='grc' dir='ltr'>ὑπερεύχονται</span> <span class='ocrx_word' id='word_1_261' title='bbox 896 2237 988 2291; x_wconf 85' lang='grc' dir='ltr'>τὸν</span> <span class='ocrx_word' id='word_1_262' title='bbox 1029 2235 1280 2311; x_wconf 76' lang='grc' dir='ltr'>βασιλέα.</span> <span class='ocrx_word' id='word_1_263' title='bbox 1317 2239 1414 2294; x_wconf 81' lang='grc' dir='ltr'>Καὶ</span> <span class='ocrx_word' id='word_1_264' title='bbox 1454 2237 1790 2302; x_wconf 78' lang='grc' dir='ltr'>εἰσελθόντος</span> <span class='ocrx_word' id='word_1_265' title='bbox 1843 2242 2008 2296; x_wconf 78' lang='grc' dir='ltr'>αὐτοῦ</span> 
     </span>
    </p>
   </div>
   <div class='ocr_carea' id='block_1_37' title="bbox 362 2320 2009 2404">
    <p class='ocr_par' dir='ltr' id='par_1_37' title="bbox 362 2320 2009 2404">
     <span class='ocr_line' id='line_1_37' title="bbox 362 2320 2009 2404; baseline 0.002 -23"><span class='ocrx_word' id='word_1_266' title='bbox 362 2325 440 2388; x_wconf 76' lang='lat' dir='ltr'><strong>ei:</strong></span> <span class='ocrx_word' id='word_1_267' title='bbox 486 2325 580 2380; x_wconf 82' lang='grc' dir='ltr'>τὸν</span> <span class='ocrx_word' id='word_1_268' title='bbox 629 2329 887 2394; x_wconf 81' lang='grc' dir='ltr'>κοιτῶνα,</span> <span class='ocrx_word' id='word_1_269' title='bbox 921 2320 1186 2398; x_wconf 78' lang='grc' dir='ltr'>λαμϐάνει</span> <span class='ocrx_word' id='word_1_270' title='bbox 1225 2328 1253 2381; x_wconf 92' lang='lat'>6</span> <span class='ocrx_word' id='word_1_271' title='bbox 1284 2329 1642 2402; x_wconf 86' lang='grc' dir='ltr'>πραιπόσιτος</span> <span class='ocrx_word' id='word_1_272' title='bbox 1670 2329 1732 2384; x_wconf 89' lang='grc' dir='ltr'>τὸ</span> <span class='ocrx_word' id='word_1_273' title='bbox 1791 2332 2009 2404; x_wconf 89' lang='grc' dir='ltr'>στέμμα</span> 
     </span>
    </p>
   </div>
   <div class='ocr_carea' id='block_1_38' title="bbox 363 2412 2009 2494">
    <p class='ocr_par' dir='ltr' id='par_1_38' title="bbox 363 2412 2009 2494">
     <span class='ocr_line' id='line_1_38' title="bbox 363 2412 2009 2494; baseline 0.002 -24"><span class='ocrx_word' id='word_1_274' title='bbox 363 2413 470 2470; x_wconf 63' lang='grc' dir='ltr'>ἀπὸ</span> <span class='ocrx_word' id='word_1_275' title='bbox 505 2421 609 2484; x_wconf 86' lang='grc' dir='ltr'>τῆς</span> <span class='ocrx_word' id='word_1_276' title='bbox 645 2412 892 2494; x_wconf 76' lang='grc' dir='ltr'>κεφαλῆς</span> <span class='ocrx_word' id='word_1_277' title='bbox 942 2413 1130 2481; x_wconf 79' lang='grc' dir='ltr'>αὐτοῦ,</span> <span class='ocrx_word' id='word_1_278' title='bbox 1177 2416 1266 2470; x_wconf 82' lang='grc' dir='ltr'>καὶ</span> <span class='ocrx_word' id='word_1_279' title='bbox 1317 2415 1656 2491; x_wconf 73' lang='grc' dir='ltr'>εἰσέρχονται</span> <span class='ocrx_word' id='word_1_280' title='bbox 1705 2419 1756 2472; x_wconf 73' lang='grc' dir='ltr'>οἱ</span> <span class='ocrx_word' id='word_1_281' title='bbox 1808 2419 2009 2492; x_wconf 75' lang='grc' dir='ltr'>βεστή-</span> 
     </span>
    </p>
   </div>
   <div class='ocr_carea' id='block_1_39' title="bbox 362 2501 2007 2579">
    <p class='ocr_par' dir='ltr' id='par_1_39' title="bbox 362 2501 2007 2579">
     <span class='ocr_line' id='line_1_39' title="bbox 362 2501 2007 2579; baseline 0.002 -21"><span class='ocrx_word' id='word_1_282' title='bbox 362 2524 538 2579; x_wconf 88' lang='grc' dir='ltr'>τορες,</span> <span class='ocrx_word' id='word_1_283' title='bbox 587 2506 674 2558; x_wconf 80' lang='grc' dir='ltr'>καὶ</span> <span class='ocrx_word' id='word_1_284' title='bbox 752 2501 1164 2558; x_wconf 75' lang='grc' dir='ltr'>ἀπαλλάσσουσι</span> <span class='ocrx_word' id='word_1_285' title='bbox 1233 2506 1333 2574; x_wconf 72' lang='grc' dir='ltr'>τὴν</span> <span class='ocrx_word' id='word_1_286' title='bbox 1391 2503 1625 2579; x_wconf 85' lang='grc' dir='ltr'>χλανίδα</span> <span class='ocrx_word' id='word_1_287' title='bbox 1681 2506 1868 2578; x_wconf 79' lang='grc' dir='ltr'>αὐτοῦ,</span> <span class='ocrx_word' id='word_1_288' title='bbox 1917 2507 2007 2562; x_wconf 82' lang='grc' dir='ltr'>καὶ</span> 
     </span>
    </p>
   </div>
   <div class='ocr_carea' id='block_1_40' title="bbox 366 2589 2010 2671">
    <p class='ocr_par' dir='ltr' id='par_1_40' title="bbox 366 2589 2010 2671">
     <span class='ocr_line' id='line_1_40' title="bbox 366 2589 2010 2671; baseline 0.002 -23"><span class='ocrx_word' id='word_1_289' title='bbox 366 2589 839 2668; x_wconf 71' lang='grc' dir='ltr'>περιϐαλλόμενος</span> <span class='ocrx_word' id='word_1_290' title='bbox 875 2593 936 2647; x_wconf 86' lang='grc' dir='ltr'>τὸ</span> <span class='ocrx_word' id='word_1_291' title='bbox 968 2591 1161 2668; x_wconf 90' lang='grc' dir='ltr'>σαγίον</span> <span class='ocrx_word' id='word_1_292' title='bbox 1201 2594 1392 2662; x_wconf 79' lang='grc' dir='ltr'>αὐτοῦ,</span> <span class='ocrx_word' id='word_1_293' title='bbox 1424 2596 1749 2671; x_wconf 79' lang='grc' dir='ltr'>κατέρχεται</span> <span class='ocrx_word' id='word_1_294' title='bbox 1779 2593 1868 2651; x_wconf 78' lang='grc' dir='ltr'>διὰ</span> <span class='ocrx_word' id='word_1_295' title='bbox 1911 2602 2010 2652; x_wconf 81' lang='grc' dir='ltr'>τοῦ</span> 
     </span>
    </p>
   </div>
   <div class='ocr_carea' id='block_1_41' title="bbox 373 2679 2010 2758">
    <p class='ocr_par' dir='ltr' id='par_1_41' title="bbox 373 2679 2010 2758">
     <span class='ocr_line' id='line_1_41' title="bbox 373 2679 2010 2758; baseline 0.002 -22"><span class='ocrx_word' id='word_1_296' title='bbox 373 2685 634 2756; x_wconf 88' lang='grc' dir='ltr'>μυστικοῦ</span> <span class='ocrx_word' id='word_1_297' title='bbox 664 2679 926 2756; x_wconf 82' lang='grc' dir='ltr'>κοχλιοῦ,</span> <span class='ocrx_word' id='word_1_298' title='bbox 957 2681 1047 2735; x_wconf 81' lang='grc' dir='ltr'>καὶ</span> <span class='ocrx_word' id='word_1_299' title='bbox 1079 2680 1380 2758; x_wconf 78' lang='grc' dir='ltr'>εἰσέρχεται</span> <span class='ocrx_word' id='word_1_300' title='bbox 1413 2682 1488 2744; x_wconf 78' lang='grc' dir='ltr'>εἰς</span> <span class='ocrx_word' id='word_1_301' title='bbox 1519 2683 1610 2738; x_wconf 87' lang='grc' dir='ltr'>τὸν</span> <span class='ocrx_word' id='word_1_302' title='bbox 1649 2687 1886 2739; x_wconf 84' lang='grc' dir='ltr'>κοιτῶνα</span> <span class='ocrx_word' id='word_1_303' title='bbox 1913 2687 2010 2739; x_wconf 72' lang='grc' dir='ltr'>τοῦ</span> 
     </span>
    </p>
   </div>
   <div class='ocr_carea' id='block_1_42' title="bbox 369 2768 2010 2846">
    <p class='ocr_par' dir='ltr' id='par_1_42' title="bbox 369 2768 2010 2846">
     <span class='ocr_line' id='line_1_42' title="bbox 369 2768 2010 2846; baseline 0.001 -21"><span class='ocrx_word' id='word_1_304' title='bbox 369 2769 680 2844; x_wconf 86' lang='grc' dir='ltr'>οκταγώνου</span> <span class='ocrx_word' id='word_1_305' title='bbox 709 2768 945 2838; x_wconf 80' lang='grc' dir='ltr'>πλησίον</span> <span class='ocrx_word' id='word_1_306' title='bbox 988 2772 1089 2826; x_wconf 75' lang='grc' dir='ltr'>τοῦ</span> <span class='ocrx_word' id='word_1_307' title='bbox 1133 2769 1290 2846; x_wconf 81' lang='grc' dir='ltr'>ἁγίου</span> <span class='ocrx_word' id='word_1_308' title='bbox 1328 2771 1620 2845; x_wconf 78' lang='grc' dir='ltr'>Στεφάνου,</span> <span class='ocrx_word' id='word_1_309' title='bbox 1651 2770 1739 2826; x_wconf 83' lang='grc' dir='ltr'>καὶ</span> <span class='ocrx_word' id='word_1_310' title='bbox 1780 2769 2010 2844; x_wconf 78' lang='grc' dir='ltr'>ἐξελθὼν</span> 
     </span>
    </p>
   </div>
   <div class='ocr_carea' id='block_1_43' title="bbox 371 2853 2016 2933">
    <p class='ocr_par' dir='ltr' id='par_1_43' title="bbox 371 2853 2016 2933">
     <span class='ocr_line' id='line_1_43' title="bbox 371 2853 2016 2933; baseline 0 -19"><span class='ocrx_word' id='word_1_311' title='bbox 371 2857 446 2921; x_wconf 71' lang='grc' dir='ltr'>εἷς</span> <span class='ocrx_word' id='word_1_312' title='bbox 472 2859 538 2913; x_wconf 77' lang='grc' dir='ltr'>τὰ</span> <span class='ocrx_word' id='word_1_313' title='bbox 573 2859 636 2912; x_wconf 83' lang='grc' dir='ltr'>ιθ’</span> <span class='ocrx_word' id='word_1_314' title='bbox 673 2853 956 2928; x_wconf 80' lang='grc' dir='ltr'>ἆκούϐιτα,</span> <span class='ocrx_word' id='word_1_315' title='bbox 988 2854 1317 2932; x_wconf 75' lang='grc' dir='ltr'>ἆκουμϐίζει</span> <span class='ocrx_word' id='word_1_316' title='bbox 1347 2858 1434 2914; x_wconf 71' lang='grc' dir='ltr'>ἐπὶ</span> <span class='ocrx_word' id='word_1_317' title='bbox 1483 2866 1585 2930; x_wconf 83' lang='grc' dir='ltr'>τῆς</span> <span class='ocrx_word' id='word_1_318' title='bbox 1627 2859 1816 2933; x_wconf 84' lang='grc' dir='ltr'>τιμίας</span> <span class='ocrx_word' id='word_1_319' title='bbox 1847 2861 2016 2917; x_wconf 75' lang='grc' dir='ltr'>αὐτοῦ</span> 
     </span>
    </p>
   </div>
   <div class='ocr_carea' id='block_1_44' title="bbox 371 2945 2015 3024">
    <p class='ocr_par' dir='ltr' id='par_1_44' title="bbox 371 2945 2015 3024">
     <span class='ocr_line' id='line_1_44' title="bbox 371 2945 2015 3024; baseline 0.002 -22"><span class='ocrx_word' id='word_1_320' title='bbox 371 2947 643 3024; x_wconf 81' lang='grc' dir='ltr'>τραπέζης</span> <span class='ocrx_word' id='word_1_321' title='bbox 677 2949 813 3022; x_wconf 80' lang='grc' dir='ltr'>μετᾶ</span> <span class='ocrx_word' id='word_1_322' title='bbox 839 2953 946 3004; x_wconf 87' lang='grc' dir='ltr'>τῶν</span> <span class='ocrx_word' id='word_1_323' title='bbox 992 2947 1276 3024; x_wconf 82' lang='grc' dir='ltr'>ἃρχόντων</span> <span class='ocrx_word' id='word_1_324' title='bbox 1324 2947 1422 3006; x_wconf 76' lang='grc' dir='ltr'>τοῦ</span> <span class='ocrx_word' id='word_1_325' title='bbox 1479 2945 1892 3021; x_wconf 78' lang='grc' dir='ltr'>κουϐουκλείου,</span> <span class='ocrx_word' id='word_1_326' title='bbox 1921 2952 2015 3007; x_wconf 89' lang='grc' dir='ltr'>τὸν</span> 
     </span>
    </p>
   </div>
   <div class='ocr_carea' id='block_1_45' title="bbox 370 3039 2020 3111">
    <p class='ocr_par' dir='ltr' id='par_1_45' title="bbox 370 3039 2020 3111">
     <span class='ocr_line' id='line_1_45' title="bbox 370 3039 2020 3111; baseline 0.002 -16"><span class='ocrx_word' id='word_1_327' title='bbox 370 3043 468 3095; x_wconf 77' lang='grc' dir='ltr'>τοῦ</span> <span class='ocrx_word' id='word_1_328' title='bbox 506 3039 826 3110; x_wconf 87' lang='grc' dir='ltr'>σακελλίου,</span> <span class='ocrx_word' id='word_1_329' title='bbox 856 3041 948 3096; x_wconf 88' lang='grc' dir='ltr'>τὸν</span> <span class='ocrx_word' id='word_1_330' title='bbox 973 3043 1073 3111; x_wconf 76' lang='grc' dir='ltr'>τῆς</span> <span class='ocrx_word' id='word_1_331' title='bbox 1113 3042 1489 3104; x_wconf 75' lang='grc' dir='ltr'>καταστάσεως</span> <span class='ocrx_word' id='word_1_332' title='bbox 1537 3045 1627 3098; x_wconf 86' lang='grc' dir='ltr'>καὶ</span> <span class='ocrx_word' id='word_1_333' title='bbox 1677 3045 1768 3099; x_wconf 87' lang='grc' dir='ltr'>τὸν</span> <span class='ocrx_word' id='word_1_334' title='bbox 1823 3045 2020 3099; x_wconf 86' lang='grc' dir='ltr'>ἆκτου-</span> 
     </span>
    </p>
   </div>
   <div class='ocr_carea' id='block_1_46' title="bbox 375 3126 2021 3203">
    <p class='ocr_par' dir='ltr' id='par_1_46' title="bbox 375 3126 2021 3203">
     <span class='ocr_line' id='line_1_46' title="bbox 375 3126 2021 3203; baseline 0.003 -20"><span class='ocrx_word' id='word_1_335' title='bbox 375 3148 549 3203; x_wconf 89' lang='grc' dir='ltr'>αριον,</span> <span class='ocrx_word' id='word_1_336' title='bbox 601 3129 678 3192; x_wconf 79' lang='grc' dir='ltr'>εἰς</span> <span class='ocrx_word' id='word_1_337' title='bbox 723 3126 780 3185; x_wconf 72' lang='grc' dir='ltr'>δὲ</span> <span class='ocrx_word' id='word_1_338' title='bbox 837 3129 966 3191; x_wconf 77' lang='grc' dir='ltr'>τοὺς</span> <span class='ocrx_word' id='word_1_339' title='bbox 1027 3131 1175 3186; x_wconf 85' lang='grc' dir='ltr'>κάτω</span> <span class='ocrx_word' id='word_1_340' title='bbox 1225 3127 1549 3194; x_wconf 76' lang='grc' dir='ltr'>ἀκουϐίτους</span> <span class='ocrx_word' id='word_1_341' title='bbox 1609 3135 1917 3203; x_wconf 84' lang='grc' dir='ltr'>καθέζονται</span> <span class='ocrx_word' id='word_1_342' title='bbox 1964 3134 2021 3187; x_wconf 70' lang='grc' dir='ltr'>οἱ</span> 
     </span>
    </p>
   </div>
   <div class='ocr_carea' id='block_1_47' title="bbox 2119 1973 3758 2046">
    <p class='ocr_par' dir='ltr' id='par_1_47' title="bbox 2119 1973 3758 2046">
     <span class='ocr_line' id='line_1_47' title="bbox 2119 1973 3758 2046; baseline -0.002 -14"><span class='ocrx_word' id='word_1_343' title='bbox 2119 1977 2510 2043; x_wconf 87' lang='lat' dir='ltr'><strong>adstantibus,</strong></span> <span class='ocrx_word' id='word_1_344' title='bbox 2527 1976 2761 2040; x_wconf 84' lang='lat' dir='ltr'><strong>transit,</strong></span> <span class='ocrx_word' id='word_1_345' title='bbox 2781 1981 2884 2031; x_wconf 90' lang='lat' dir='ltr'>eta</span> <span class='ocrx_word' id='word_1_346' title='bbox 2903 1975 3186 2046; x_wconf 61' lang='lat' dir='ltr'><strong>praefectis</strong></span> <span class='ocrx_word' id='word_1_347' title='bbox 3203 1975 3471 2030; x_wconf 75' lang='lat' dir='ltr'><strong>cubiculo</strong></span> <span class='ocrx_word' id='word_1_348' title='bbox 3484 1973 3758 2044; x_wconf 87' lang='lat' dir='ltr'><strong>stipatus,</strong></span> 
     </span>
    </p>
   </div>
   <div class='ocr_carea' id='block_1_48' title="bbox 2121 2062 3760 2136">
    <p class='ocr_par' dir='ltr' id='par_1_48' title="bbox 2121 2062 3760 2136">
     <span class='ocr_line' id='line_1_48' title="bbox 2121 2062 3760 2136; baseline -0.002 -16"><span class='ocrx_word' id='word_1_349' title='bbox 2121 2081 2222 2136; x_wconf 92' lang='lat' dir='ltr'><strong>per</strong></span> <span class='ocrx_word' id='word_1_350' title='bbox 2245 2065 2504 2120; x_wconf 81' lang='lat' dir='ltr'><strong>medium</strong></span> <span class='ocrx_word' id='word_1_351' title='bbox 2535 2080 2760 2130; x_wconf 90' lang='lat' dir='ltr'><strong>eorum,</strong></span> <span class='ocrx_word' id='word_1_352' title='bbox 2790 2065 2930 2118; x_wconf 95' lang='lat' dir='ltr'>dum</span> <span class='ocrx_word' id='word_1_353' title='bbox 2966 2063 3155 2118; x_wconf 79' lang='lat' dir='ltr'>felicia</span> <span class='ocrx_word' id='word_1_354' title='bbox 3183 2064 3378 2120; x_wconf 83' lang='lat' dir='ltr'><strong>omnia</strong></span> <span class='ocrx_word' id='word_1_355' title='bbox 3401 2062 3517 2134; x_wconf 86' lang='lat' dir='ltr'><strong>ipsi</strong></span> <span class='ocrx_word' id='word_1_356' title='bbox 3546 2079 3760 2134; x_wconf 88' lang='lat' dir='ltr'><strong>appre-</strong></span> 
     </span>
    </p>
   </div>
   <div class='ocr_carea' id='block_1_49' title="bbox 2115 2151 3760 2224">
    <p class='ocr_par' dir='ltr' id='par_1_49' title="bbox 2115 2151 3760 2224">
     <span class='ocr_line' id='line_1_49' title="bbox 2115 2151 3760 2224; baseline -0.002 -14"><span class='ocrx_word' id='word_1_357' title='bbox 2115 2159 2345 2220; x_wconf 88' lang='lat' dir='ltr'><strong>cantur,</strong></span> <span class='ocrx_word' id='word_1_358' title='bbox 2368 2155 2728 2224; x_wconf 90' lang='lat' dir='ltr'><strong>procedit.Ut</strong></span> <span class='ocrx_word' id='word_1_359' title='bbox 2760 2152 3098 2208; x_wconf 87' lang='lat' dir='ltr'><strong>cubiculum</strong></span> <span class='ocrx_word' id='word_1_360' title='bbox 3130 2152 3386 2219; x_wconf 86' lang='lat' dir='ltr'><strong>intravit,</strong></span> <span class='ocrx_word' id='word_1_361' title='bbox 3409 2151 3760 2223; x_wconf 65' lang='lat' dir='ltr'><strong>praepositus</strong></span> 
     </span>
    </p>
   </div>
   <div class='ocr_carea' id='block_1_50' title="bbox 2116 2240 3758 2313">
    <p class='ocr_par' dir='ltr' id='par_1_50' title="bbox 2116 2240 3758 2313">
     <span class='ocr_line' id='line_1_50' title="bbox 2116 2240 3758 2313; baseline -0.003 -15"><span class='ocrx_word' id='word_1_362' title='bbox 2116 2259 2387 2299; x_wconf 87' lang='lat' dir='ltr'><strong>coronam</strong></span> <span class='ocrx_word' id='word_1_363' title='bbox 2436 2258 2471 2296; x_wconf 88' lang='lat' dir='ltr'>a</span> <span class='ocrx_word' id='word_1_364' title='bbox 2516 2242 2705 2313; x_wconf 87' lang='lat' dir='ltr'><strong>capite</strong></span> <span class='ocrx_word' id='word_1_365' title='bbox 2755 2241 2883 2311; x_wconf 87' lang='lat' dir='ltr'><strong>ejus</strong></span> <span class='ocrx_word' id='word_1_366' title='bbox 2931 2240 3136 2308; x_wconf 90' lang='lat' dir='ltr'><strong>demit,</strong></span> <span class='ocrx_word' id='word_1_367' title='bbox 3185 2240 3490 2295; x_wconf 90' lang='lat' dir='ltr'><strong>vestitores</strong></span> <span class='ocrx_word' id='word_1_368' title='bbox 3521 2255 3758 2310; x_wconf 84' lang='lat' dir='ltr'><strong>quoque</strong></span> 
     </span>
    </p>
   </div>
   <div class='ocr_carea' id='block_1_51' title="bbox 2116 2327 3762 2399">
    <p class='ocr_par' dir='ltr' id='par_1_51' title="bbox 2116 2327 3762 2399">
     <span class='ocr_line' id='line_1_51' title="bbox 2116 2327 3762 2399; baseline -0.005 -10"><span class='ocrx_word' id='word_1_369' title='bbox 2116 2330 2421 2396; x_wconf 87' lang='lat' dir='ltr'><strong>accedunt,</strong></span> <span class='ocrx_word' id='word_1_370' title='bbox 2443 2331 2695 2386; x_wconf 88' lang='lat' dir='ltr'><strong>tunicam</strong></span> <span class='ocrx_word' id='word_1_371' title='bbox 2723 2329 2999 2384; x_wconf 90' lang='lat' dir='ltr'><strong>mutaturi</strong></span> <span class='ocrx_word' id='word_1_372' title='bbox 3027 2345 3040 2381; x_wconf 93' lang='lat'>:</span> <span class='ocrx_word' id='word_1_373' title='bbox 3064 2328 3209 2399; x_wconf 89' lang='lat' dir='ltr'><strong>ipse,</strong></span> <span class='ocrx_word' id='word_1_374' title='bbox 3232 2343 3368 2398; x_wconf 83' lang='lat' dir='ltr'><strong>sago</strong></span> <span class='ocrx_word' id='word_1_375' title='bbox 3398 2327 3634 2398; x_wconf 87' lang='lat' dir='ltr'><strong>injecto,</strong></span> <span class='ocrx_word' id='word_1_376' title='bbox 3659 2341 3762 2396; x_wconf 90' lang='lat' dir='ltr'><strong>per</strong></span> 
     </span>
    </p>
   </div>
   <div class='ocr_carea' id='block_1_52' title="bbox 2116 2413 3754 2487">
    <p class='ocr_par' dir='ltr' id='par_1_52' title="bbox 2116 2413 3754 2487">
     <span class='ocr_line' id='line_1_52' title="bbox 2116 2413 3754 2487; baseline -0.006 -11"><span class='ocrx_word' id='word_1_377' title='bbox 2116 2419 2414 2476; x_wconf 85' lang='lat' dir='ltr'><strong>cochleam</strong></span> <span class='ocrx_word' id='word_1_378' title='bbox 2468 2424 2748 2474; x_wconf 84' lang='lat' dir='ltr'><strong>secretam</strong></span> <span class='ocrx_word' id='word_1_379' title='bbox 2782 2414 3117 2473; x_wconf 89' lang='lat' dir='ltr'><strong>cubiculum</strong></span> <span class='ocrx_word' id='word_1_380' title='bbox 3163 2415 3431 2487; x_wconf 85' lang='lat' dir='ltr'><strong>octagoni</strong></span> <span class='ocrx_word' id='word_1_381' title='bbox 3463 2429 3638 2484; x_wconf 89' lang='lat' dir='ltr'><strong>prope</strong></span> <span class='ocrx_word' id='word_1_382' title='bbox 3695 2413 3754 2468; x_wconf 93' lang='lat' dir='ltr'>S.</span> 
     </span>
    </p>
   </div>
   <div class='ocr_carea' id='block_1_53' title="bbox 2117 2503 3758 2582">
    <p class='ocr_par' dir='ltr' id='par_1_53' title="bbox 2117 2503 3758 2582">
     <span class='ocr_line' id='line_1_53' title="bbox 2117 2503 3758 2582; baseline -0.005 -16"><span class='ocrx_word' id='word_1_383' title='bbox 2117 2509 2395 2582; x_wconf 85' lang='lat' dir='ltr'><strong>Stephani</strong></span> <span class='ocrx_word' id='word_1_384' title='bbox 2447 2509 2610 2581; x_wconf 89' lang='lat' dir='ltr'><strong>petit,</strong></span> <span class='ocrx_word' id='word_1_385' title='bbox 2641 2524 2707 2563; x_wconf 93' lang='lat' dir='ltr'>ac</span> <span class='ocrx_word' id='word_1_386' title='bbox 2758 2505 3075 2562; x_wconf 87' lang='lat' dir='ltr'><strong>triclinium</strong></span> <span class='ocrx_word' id='word_1_387' title='bbox 3124 2521 3222 2560; x_wconf 77' lang='lat' dir='ltr'>xu</span> <span class='ocrx_word' id='word_1_388' title='bbox 3266 2505 3638 2560; x_wconf 87' lang='lat' dir='ltr'><strong>accubituum</strong></span> <span class='ocrx_word' id='word_1_389' title='bbox 3667 2503 3758 2558; x_wconf 88' lang='lat' dir='ltr'>in-</span> 
     </span>
    </p>
   </div>
   <div class='ocr_carea' id='block_1_54' title="bbox 2118 2593 3762 2672">
    <p class='ocr_par' dir='ltr' id='par_1_54' title="bbox 2118 2593 3762 2672">
     <span class='ocr_line' id='line_1_54' title="bbox 2118 2593 3762 2672; baseline -0.003 -19"><span class='ocrx_word' id='word_1_390' title='bbox 2118 2615 2379 2672; x_wconf 81' lang='lat' dir='ltr'><strong>gressus,</strong></span> <span class='ocrx_word' id='word_1_391' title='bbox 2411 2599 2745 2653; x_wconf 62' lang='lat' dir='ltr'><strong>veneranda:</strong></span> <span class='ocrx_word' id='word_1_392' title='bbox 2778 2611 2992 2652; x_wconf 68' lang='lat' dir='ltr'><strong>mense</strong></span> <span class='ocrx_word' id='word_1_393' title='bbox 3029 2611 3147 2651; x_wconf 66' lang='lat' dir='ltr'><strong>sum</strong></span> <span class='ocrx_word' id='word_1_394' title='bbox 3177 2610 3310 2650; x_wconf 90' lang='lat' dir='ltr'>cum</span> <span class='ocrx_word' id='word_1_395' title='bbox 3345 2593 3628 2665; x_wconf 63' lang='lat' dir='ltr'><strong>praefectis</strong></span> <span class='ocrx_word' id='word_1_396' title='bbox 3658 2609 3762 2648; x_wconf 90' lang='lat' dir='ltr'><strong>cu-</strong></span> 
     </span>
    </p>
   </div>
   <div class='ocr_carea' id='block_1_55' title="bbox 2121 2683 3765 2752">
    <p class='ocr_par' dir='ltr' id='par_1_55' title="bbox 2121 2683 3765 2752">
     <span class='ocr_line' id='line_1_55' title="bbox 2121 2683 3765 2752; baseline -0.003 -10"><span class='ocrx_word' id='word_1_397' title='bbox 2121 2686 2334 2752; x_wconf 87' lang='lat' dir='ltr'><strong>biculo,</strong></span> <span class='ocrx_word' id='word_1_398' title='bbox 2356 2685 2679 2752; x_wconf 90' lang='lat' dir='ltr'><strong>sacellario,</strong></span> <span class='ocrx_word' id='word_1_399' title='bbox 2702 2684 3153 2740; x_wconf 88' lang='lat' dir='ltr'><strong>cerimoniarum</strong></span> <span class='ocrx_word' id='word_1_400' title='bbox 3191 2683 3464 2749; x_wconf 71' lang='lat' dir='ltr'><strong>magistro</strong></span> <span class='ocrx_word' id='word_1_401' title='bbox 3485 2688 3542 2738; x_wconf 92' lang='lat' dir='ltr'>et</span> <span class='ocrx_word' id='word_1_402' title='bbox 3567 2687 3765 2739; x_wconf 87' lang='lat' dir='ltr'><strong>actua-</strong></span> 
     </span>
    </p>
   </div>
   <div class='ocr_carea' id='block_1_56' title="bbox 2121 2771 3768 2843">
    <p class='ocr_par' dir='ltr' id='par_1_56' title="bbox 2121 2771 3768 2843">
     <span class='ocr_line' id='line_1_56' title="bbox 2121 2771 3768 2843; baseline -0.003 -11"><span class='ocrx_word' id='word_1_403' title='bbox 2121 2775 2207 2832; x_wconf 91' lang='lat' dir='ltr'><strong>rio</strong></span> <span class='ocrx_word' id='word_1_404' title='bbox 2228 2773 2543 2843; x_wconf 89' lang='lat' dir='ltr'><strong>accumbit,</strong></span> <span class='ocrx_word' id='word_1_405' title='bbox 2567 2773 2626 2829; x_wconf 91' lang='lat' dir='ltr'>in</span> <span class='ocrx_word' id='word_1_406' title='bbox 2651 2772 3026 2829; x_wconf 85' lang='lat' dir='ltr'><strong>inferioribus</strong></span> <span class='ocrx_word' id='word_1_407' title='bbox 3047 2771 3190 2828; x_wconf 90' lang='lat' dir='ltr'><strong>locis</strong></span> <span class='ocrx_word' id='word_1_408' title='bbox 3214 2772 3422 2828; x_wconf 82' lang='lat' dir='ltr'><strong>fratres</strong></span> <span class='ocrx_word' id='word_1_409' title='bbox 3455 2771 3634 2828; x_wconf 87' lang='lat' dir='ltr'><strong>nostri</strong></span> <span class='ocrx_word' id='word_1_410' title='bbox 3667 2787 3768 2843; x_wconf 87' lang='lat' dir='ltr'>per</span> 
     </span>
    </p>
   </div>
   <div class='ocr_carea' id='block_1_57' title="bbox 2121 2859 3772 2934">
    <p class='ocr_par' dir='ltr' id='par_1_57' title="bbox 2121 2859 3772 2934">
     <span class='ocr_line' id='line_1_57' title="bbox 2121 2859 3772 2934; baseline -0.002 -14"><span class='ocrx_word' id='word_1_411' title='bbox 2121 2865 2410 2921; x_wconf 79' lang='lat' dir='ltr'><strong>Christum</strong></span> <span class='ocrx_word' id='word_1_412' title='bbox 2443 2862 2737 2920; x_wconf 80' lang='lat' dir='ltr'><strong>adsident.</strong></span> <span class='ocrx_word' id='word_1_413' title='bbox 2762 2862 3088 2934; x_wconf 88' lang='lat' dir='ltr'><strong>Imperator</strong></span> <span class='ocrx_word' id='word_1_414' title='bbox 3107 2859 3318 2932; x_wconf 84' lang='lat' dir='ltr'><strong>surgit,</strong></span> <span class='ocrx_word' id='word_1_415' title='bbox 3341 2865 3400 2917; x_wconf 88' lang='lat' dir='ltr'>et</span> <span class='ocrx_word' id='word_1_416' title='bbox 3428 2862 3499 2916; x_wconf 87' lang='lat' dir='ltr'>ad</span> <span class='ocrx_word' id='word_1_417' title='bbox 3532 2862 3772 2918; x_wconf 88' lang='lat' dir='ltr'><strong>cubicu-</strong></span> 
     </span>
    </p>
   </div>
   <div class='ocr_carea' id='block_1_58' title="bbox 2128 2950 3774 3025">
    <p class='ocr_par' dir='ltr' id='par_1_58' title="bbox 2128 2950 3774 3025">
     <span class='ocr_line' id='line_1_58' title="bbox 2128 2950 3774 3025; baseline -0.001 -17"><span class='ocrx_word' id='word_1_418' title='bbox 2128 2954 2249 3010; x_wconf 93' lang='lat' dir='ltr'>lum</span> <span class='ocrx_word' id='word_1_419' title='bbox 2272 2953 2536 3025; x_wconf 88' lang='lat' dir='ltr'><strong>dapbnes</strong></span> <span class='ocrx_word' id='word_1_420' title='bbox 2561 2967 3144 3024; x_wconf 84' lang='lat' dir='ltr'><strong>progressus,sagum</strong></span> <span class='ocrx_word' id='word_1_421' title='bbox 3168 2966 3340 3007; x_wconf 91' lang='lat' dir='ltr'><strong>suum</strong></span> <span class='ocrx_word' id='word_1_422' title='bbox 3363 2950 3576 3020; x_wconf 88' lang='lat' dir='ltr'><strong>induit,</strong></span> <span class='ocrx_word' id='word_1_423' title='bbox 3598 2955 3774 3022; x_wconf 86' lang='lat' dir='ltr'><strong>atque</strong></span> 
     </span>
    </p>
   </div>
   <div class='ocr_carea' id='block_1_59' title="bbox 2127 3039 3772 3112">
    <p class='ocr_par' dir='ltr' id='par_1_59' title="bbox 2127 3039 3772 3112">
     <span class='ocr_line' id='line_1_59' title="bbox 2127 3039 3772 3112; baseline -0.003 -13"><span class='ocrx_word' id='word_1_424' title='bbox 2127 3043 2499 3100; x_wconf 88' lang='lat' dir='ltr'><strong>cubiculariis</strong></span> <span class='ocrx_word' id='word_1_425' title='bbox 2541 3045 2597 3098; x_wconf 91' lang='lat' dir='ltr'>et</span> <span class='ocrx_word' id='word_1_426' title='bbox 2645 3040 2867 3112; x_wconf 91' lang='lat' dir='ltr'><strong>reliquo</strong></span> <span class='ocrx_word' id='word_1_427' title='bbox 2915 3039 3162 3096; x_wconf 88' lang='lat' dir='ltr'><strong>solemni</strong></span> <span class='ocrx_word' id='word_1_428' title='bbox 3202 3039 3485 3112; x_wconf 91' lang='lat' dir='ltr'><strong>obsequio</strong></span> <span class='ocrx_word' id='word_1_429' title='bbox 3523 3039 3772 3108; x_wconf 91' lang='lat' dir='ltr'><strong>cinctus,</strong></span> 
     </span>
    </p>
   </div>
   <div class='ocr_carea' id='block_1_60' title="bbox 2131 3129 3425 3206">
    <p class='ocr_par' dir='ltr' id='par_1_60' title="bbox 2131 3129 3425 3206">
     <span class='ocr_line' id='line_1_60' title="bbox 2131 3129 3425 3206; baseline -0.005 -17"><span class='ocrx_word' id='word_1_430' title='bbox 2131 3132 2411 3206; x_wconf 88' lang='lat' dir='ltr'><strong>palatium</strong></span> <span class='ocrx_word' id='word_1_431' title='bbox 2445 3146 2621 3186; x_wconf 90' lang='lat' dir='ltr'><strong>suum</strong></span> <span class='ocrx_word' id='word_1_432' title='bbox 2653 3147 2686 3185; x_wconf 86' lang='lat' dir='ltr'>a</span> <span class='ocrx_word' id='word_1_433' title='bbox 2718 3134 2830 3186; x_wconf 91' lang='lat' dir='ltr'><strong>Deo</strong></span> <span class='ocrx_word' id='word_1_434' title='bbox 2861 3129 3220 3186; x_wconf 90' lang='lat' dir='ltr'><strong>custoditum</strong></span> <span class='ocrx_word' id='word_1_435' title='bbox 3257 3130 3425 3200; x_wconf 89' lang='lat' dir='ltr'><strong>petit.</strong></span> 
     </span>
    </p>
   </div>
   <div class='ocr_carea' id='block_1_61' title="bbox 374 3213 3771 3301">
    <p class='ocr_par' dir='ltr' id='par_1_61' title="bbox 374 3213 3771 3301">
     <span class='ocr_line' id='line_1_61' title="bbox 374 3213 3771 3301; baseline -0.001 -29"><span class='ocrx_word' id='word_1_436' title='bbox 374 3215 464 3272; x_wconf 79' lang='grc' dir='ltr'>διὰ</span> <span class='ocrx_word' id='word_1_437' title='bbox 514 3219 746 3292; x_wconf 85' lang='grc' dir='ltr'>Χριστὸν</span> <span class='ocrx_word' id='word_1_438' title='bbox 791 3222 952 3293; x_wconf 77' lang='grc' dir='ltr'>ἡμῶν</span> <span class='ocrx_word' id='word_1_439' title='bbox 990 3217 1236 3301; x_wconf 76' lang='grc' dir='ltr'>ἀδελφοί.</span> <span class='ocrx_word' id='word_1_440' title='bbox 1271 3222 1370 3278; x_wconf 77' lang='grc' dir='ltr'>Καὶ</span> <span class='ocrx_word' id='word_1_441' title='bbox 1410 3221 1635 3286; x_wconf 75' lang='grc' dir='ltr'>ἀναστάς</span> <span class='ocrx_word' id='word_1_442' title='bbox 1688 3223 1716 3277; x_wconf 92' lang='lat'>6</span> <span class='ocrx_word' id='word_1_443' title='bbox 1777 3221 2035 3297; x_wconf 78' lang='grc' dir='ltr'>βασιλεὺς</span> <span class='ocrx_word' id='word_1_444' title='bbox 2091 3223 2180 3277; x_wconf 80' lang='grc' dir='ltr'>καὶ</span> <span class='ocrx_word' id='word_1_445' title='bbox 2243 3218 2476 3291; x_wconf 74' lang='grc' dir='ltr'>έξελθὼν</span> <span class='ocrx_word' id='word_1_446' title='bbox 2535 3215 2834 3292; x_wconf 82' lang='grc' dir='ltr'>ἔμπροσθεν</span> <span class='ocrx_word' id='word_1_447' title='bbox 2900 3219 2998 3272; x_wconf 75' lang='grc' dir='ltr'>τοῦ</span> <span class='ocrx_word' id='word_1_448' title='bbox 3072 3219 3334 3278; x_wconf 85' lang='grc' dir='ltr'>κοιτῶνος</span> <span class='ocrx_word' id='word_1_449' title='bbox 3385 3217 3483 3301; x_wconf 80' lang='grc' dir='ltr'>τῆς</span> <span class='ocrx_word' id='word_1_450' title='bbox 3543 3213 3771 3294; x_wconf 81' lang='grc' dir='ltr'>δάφνης,</span> 
     </span>
    </p>
   </div>
   <div class='ocr_carea' id='block_1_62' title="bbox 371 3299 3776 3389">
    <p class='ocr_par' dir='ltr' id='par_1_62' title="bbox 371 3299 3776 3389">
     <span class='ocr_line' id='line_1_62' title="bbox 371 3299 3776 3389; baseline 0 -29"><span class='ocrx_word' id='word_1_451' title='bbox 371 3302 767 3382; x_wconf 80' lang='grc' dir='ltr'>περιϐάλλεται</span> <span class='ocrx_word' id='word_1_452' title='bbox 815 3310 877 3363; x_wconf 82' lang='grc' dir='ltr'>τὸ</span> <span class='ocrx_word' id='word_1_453' title='bbox 927 3299 1145 3365; x_wconf 79' lang='grc' dir='ltr'>τούτου</span> <span class='ocrx_word' id='word_1_454' title='bbox 1192 3311 1400 3386; x_wconf 88' lang='grc' dir='ltr'>σαγίον,</span> <span class='ocrx_word' id='word_1_455' title='bbox 1458 3312 1548 3366; x_wconf 80' lang='grc' dir='ltr'>καὶ</span> <span class='ocrx_word' id='word_1_456' title='bbox 1607 3309 2028 3389; x_wconf 87' lang='grc' dir='ltr'>δηριγευόμενος</span> <span class='ocrx_word' id='word_1_457' title='bbox 2087 3312 2193 3367; x_wconf 80' lang='grc' dir='ltr'>ὰπὸ</span> <span class='ocrx_word' id='word_1_458' title='bbox 2249 3315 2346 3366; x_wconf 78' lang='grc' dir='ltr'>τοῦ</span> <span class='ocrx_word' id='word_1_459' title='bbox 2403 3304 2797 3365; x_wconf 75' lang='grc' dir='ltr'>κουϐουκλείου</span> <span class='ocrx_word' id='word_1_460' title='bbox 2835 3307 2924 3362; x_wconf 82' lang='grc' dir='ltr'>καὶ</span> <span class='ocrx_word' id='word_1_461' title='bbox 2966 3304 3179 3362; x_wconf 78' lang='grc' dir='ltr'>Λοιπῶν</span> <span class='ocrx_word' id='word_1_462' title='bbox 3214 3309 3322 3362; x_wconf 88' lang='grc' dir='ltr'>τῶν</span> <span class='ocrx_word' id='word_1_463' title='bbox 3362 3303 3415 3377; x_wconf 70' lang='grc' dir='ltr'>ἒξ</span> <span class='ocrx_word' id='word_1_464' title='bbox 3453 3299 3608 3370; x_wconf 75' lang='grc' dir='ltr'>ἔθους</span> <span class='ocrx_word' id='word_1_465' title='bbox 3648 3306 3776 3380; x_wconf 79' lang='grc' dir='ltr'>ὀψι-</span> 
     </span>
    </p>
   </div>
   <div class='ocr_carea' id='block_1_63' title="bbox 368 3393 2240 3480">
    <p class='ocr_par' dir='ltr' id='par_1_63' title="bbox 368 3393 2240 3480">
     <span class='ocr_line' id='line_1_63' title="bbox 368 3393 2240 3480; baseline 0.004 -27"><span class='ocrx_word' id='word_1_466' title='bbox 368 3397 638 3453; x_wconf 78' lang='grc' dir='ltr'>κευόντων</span> <span class='ocrx_word' id='word_1_467' title='bbox 675 3398 856 3467; x_wconf 78' lang='grc' dir='ltr'>αὐτὸν,</span> <span class='ocrx_word' id='word_1_468' title='bbox 900 3393 1118 3475; x_wconf 77' lang='grc' dir='ltr'>ἔρχεται</span> <span class='ocrx_word' id='word_1_469' title='bbox 1157 3398 1211 3456; x_wconf 68' lang='grc' dir='ltr'>ἂν</span> <span class='ocrx_word' id='word_1_470' title='bbox 1247 3405 1327 3473; x_wconf 80' lang='grc' dir='ltr'>τῷ</span> <span class='ocrx_word' id='word_1_471' title='bbox 1363 3401 1721 3480; x_wconf 87' lang='grc' dir='ltr'>θεοφυλάκτῳ</span> <span class='ocrx_word' id='word_1_472' title='bbox 1760 3402 1926 3458; x_wconf 76' lang='grc' dir='ltr'>αὐτοῦ</span> <span class='ocrx_word' id='word_1_473' title='bbox 1966 3401 2240 3474; x_wconf 86' lang='grc' dir='ltr'>παλατίῳ.</span> 
     </span>
    </p>
   </div>
   <div class='ocr_carea' id='block_1_64' title="bbox 441 3485 2087 3569">
    <p class='ocr_par' dir='ltr' id='par_1_64' title="bbox 441 3485 2087 3569">
     <span class='ocr_line' id='line_1_64' title="bbox 441 3485 2087 3569; baseline 0.002 -26"><span class='ocrx_word' id='word_1_474' title='bbox 441 3489 514 3546; x_wconf 85' lang='grc' dir='ltr'>Δ’.</span> <span class='ocrx_word' id='word_1_475' title='bbox 571 3490 698 3565; x_wconf 81' lang='grc' dir='ltr'>Χρή</span> <span class='ocrx_word' id='word_1_476' title='bbox 760 3485 817 3544; x_wconf 74' lang='grc' dir='ltr'>δὲ</span> <span class='ocrx_word' id='word_1_477' title='bbox 889 3489 982 3546; x_wconf 85' lang='grc' dir='ltr'>τὸν</span> <span class='ocrx_word' id='word_1_478' title='bbox 1062 3490 1421 3565; x_wconf 88' lang='grc' dir='ltr'>πραιπόσιτον</span> <span class='ocrx_word' id='word_1_479' title='bbox 1491 3491 1862 3569; x_wconf 86' lang='grc' dir='ltr'>παραγγελίαν</span> <span class='ocrx_word' id='word_1_480' title='bbox 1922 3494 2010 3548; x_wconf 83' lang='grc' dir='ltr'>καὶ</span> <span class='ocrx_word' id='word_1_481' title='bbox 2043 3498 2087 3565; x_wconf 82' lang='lat' dir='ltr'>C</span> 
     </span>
    </p>
   </div>
   <div class='ocr_carea' id='block_1_65' title="bbox 368 3577 2014 3655">
    <p class='ocr_par' dir='ltr' id='par_1_65' title="bbox 368 3577 2014 3655">
     <span class='ocr_line' id='line_1_65' title="bbox 368 3577 2014 3655; baseline 0.002 -22"><span class='ocrx_word' id='word_1_482' title='bbox 368 3577 665 3655; x_wconf 85' lang='grc' dir='ltr'>ἀσφάλειαν</span> <span class='ocrx_word' id='word_1_483' title='bbox 719 3584 946 3648; x_wconf 82' lang='grc' dir='ltr'>ποιῆσαι</span> <span class='ocrx_word' id='word_1_484' title='bbox 993 3581 1131 3654; x_wconf 85' lang='grc' dir='ltr'>πρὸς</span> <span class='ocrx_word' id='word_1_485' title='bbox 1168 3582 1372 3643; x_wconf 86' lang='grc' dir='ltr'>πάντας</span> <span class='ocrx_word' id='word_1_486' title='bbox 1417 3579 1545 3644; x_wconf 77' lang='grc' dir='ltr'>τοὺς</span> <span class='ocrx_word' id='word_1_487' title='bbox 1609 3583 1704 3644; x_wconf 76' lang='grc' dir='ltr'>τὰς</span> <span class='ocrx_word' id='word_1_488' title='bbox 1765 3584 2014 3653; x_wconf 76' lang='grc' dir='ltr'>συνήθεις</span> 
     </span>
    </p>
   </div>
   <div class='ocr_carea' id='block_1_66' title="bbox 368 3663 2013 3744">
    <p class='ocr_par' dir='ltr' id='par_1_66' title="bbox 368 3663 2013 3744">
     <span class='ocr_line' id='line_1_66' title="bbox 368 3663 2013 3744; baseline 0.002 -22"><span class='ocrx_word' id='word_1_489' title='bbox 368 3666 420 3722; x_wconf 75' lang='grc' dir='ltr'>ἒν</span> <span class='ocrx_word' id='word_1_490' title='bbox 463 3671 542 3739; x_wconf 79' lang='grc' dir='ltr'>τῷ</span> <span class='ocrx_word' id='word_1_491' title='bbox 597 3663 958 3741; x_wconf 76' lang='grc' dir='ltr'>ἱπποδρομίῳ</span> <span class='ocrx_word' id='word_1_492' title='bbox 1013 3667 1363 3734; x_wconf 85' lang='grc' dir='ltr'>έκτελοῦντας</span> <span class='ocrx_word' id='word_1_493' title='bbox 1411 3667 1683 3741; x_wconf 83' lang='grc' dir='ltr'>δουλείας,</span> <span class='ocrx_word' id='word_1_494' title='bbox 1728 3672 1856 3733; x_wconf 87' lang='grc' dir='ltr'>τοὺς</span> <span class='ocrx_word' id='word_1_495' title='bbox 1919 3671 2013 3744; x_wconf 74' lang='grc' dir='ltr'>μὲν</span> 
     </span>
    </p>
   </div>
   <div class='ocr_carea' id='block_1_67' title="bbox 370 3755 2011 3834">
    <p class='ocr_par' dir='ltr' id='par_1_67' title="bbox 370 3755 2011 3834">
     <span class='ocr_line' id='line_1_67' title="bbox 370 3755 2011 3834; baseline 0.002 -23"><span class='ocrx_word' id='word_1_496' title='bbox 370 3755 769 3832; x_wconf 89' lang='grc' dir='ltr'>μαγγαναρίους</span> <span class='ocrx_word' id='word_1_497' title='bbox 804 3757 881 3829; x_wconf 78' lang='grc' dir='ltr'>μὴ</span> <span class='ocrx_word' id='word_1_498' title='bbox 911 3758 1190 3831; x_wconf 83' lang='grc' dir='ltr'>τολμῆσαι</span> <span class='ocrx_word' id='word_1_499' title='bbox 1223 3759 1272 3831; x_wconf 79' lang='grc' dir='ltr'>ἐξ</span> <span class='ocrx_word' id='word_1_500' title='bbox 1313 3760 1567 3834; x_wconf 78' lang='grc' dir='ltr'>ἑκατέρου</span> <span class='ocrx_word' id='word_1_501' title='bbox 1603 3759 1801 3834; x_wconf 84' lang='grc' dir='ltr'>μέρους</span> <span class='ocrx_word' id='word_1_502' title='bbox 1861 3757 2011 3834; x_wconf 85' lang='grc' dir='ltr'>δῶρα</span> 
     </span>
    </p>
   </div>
   <div class='ocr_carea' id='block_1_68' title="bbox 365 3841 2007 3925">
    <p class='ocr_par' dir='ltr' id='par_1_68' title="bbox 365 3841 2007 3925">
     <span class='ocr_line' id='line_1_68' title="bbox 365 3841 2007 3925; baseline 0.001 -23"><span class='ocrx_word' id='word_1_503' title='bbox 365 3841 551 3902; x_wconf 76' lang='grc' dir='ltr'>λαϐεῖν</span> <span class='ocrx_word' id='word_1_504' title='bbox 592 3848 683 3902; x_wconf 87' lang='grc' dir='ltr'>καὶ</span> <span class='ocrx_word' id='word_1_505' title='bbox 739 3849 966 3917; x_wconf 74' lang='grc' dir='ltr'>ποιῆσαι</span> <span class='ocrx_word' id='word_1_506' title='bbox 1011 3846 1198 3921; x_wconf 82' lang='grc' dir='ltr'>δόλον,</span> <span class='ocrx_word' id='word_1_507' title='bbox 1246 3848 1373 3912; x_wconf 82' lang='grc' dir='ltr'>τοὺς</span> <span class='ocrx_word' id='word_1_508' title='bbox 1423 3848 1481 3905; x_wconf 80' lang='grc' dir='ltr'>δὲ</span> <span class='ocrx_word' id='word_1_509' title='bbox 1527 3850 1846 3925; x_wconf 88' lang='grc' dir='ltr'>κούρσωρας</span> <span class='ocrx_word' id='word_1_510' title='bbox 1879 3849 2007 3912; x_wconf 77' lang='grc' dir='ltr'>τοὺς</span> 
     </span>
    </p>
   </div>
   <div class='ocr_carea' id='block_1_69' title="bbox 366 3933 2006 4012">
    <p class='ocr_par' dir='ltr' id='par_1_69' title="bbox 366 3933 2006 4012">
     <span class='ocr_line' id='line_1_69' title="bbox 366 3933 2006 4012; baseline 0.002 -22"><span class='ocrx_word' id='word_1_511' title='bbox 366 3933 670 4008; x_wconf 88' lang='grc' dir='ltr'>μέλλοντας</span> <span class='ocrx_word' id='word_1_512' title='bbox 728 3937 944 3992; x_wconf 75' lang='grc' dir='ltr'>ἑστάναι</span> <span class='ocrx_word' id='word_1_513' title='bbox 992 3938 1082 3991; x_wconf 73' lang='grc' dir='ltr'>καί</span> <span class='ocrx_word' id='word_1_514' title='bbox 1127 3945 1397 4012; x_wconf 79' lang='grc' dir='ltr'>κρατῆσαι</span> <span class='ocrx_word' id='word_1_515' title='bbox 1449 3937 1576 4003; x_wconf 72' lang='grc' dir='ltr'>τοὺς</span> <span class='ocrx_word' id='word_1_516' title='bbox 1637 3938 2006 4012; x_wconf 81' lang='grc' dir='ltr'>συμπερέστας</span> 
     </span>
    </p>
   </div>
   <div class='ocr_carea' id='block_1_70' title="bbox 359 4024 2008 4101">
    <p class='ocr_par' dir='ltr' id='par_1_70' title="bbox 359 4024 2008 4101">
     <span class='ocr_line' id='line_1_70' title="bbox 359 4024 2008 4101; baseline 0.002 -23"><span class='ocrx_word' id='word_1_517' title='bbox 359 4025 494 4100; x_wconf 81' lang='grc' dir='ltr'>πρὸς</span> <span class='ocrx_word' id='word_1_518' title='bbox 548 4024 612 4080; x_wconf 84' lang='grc' dir='ltr'>τὸ</span> <span class='ocrx_word' id='word_1_519' title='bbox 667 4024 918 4100; x_wconf 75' lang='grc' dir='ltr'>κατέχειν</span> <span class='ocrx_word' id='word_1_520' title='bbox 953 4025 1150 4088; x_wconf 81' lang='grc' dir='ltr'>αὐτοὺς</span> <span class='ocrx_word' id='word_1_521' title='bbox 1201 4024 1252 4081; x_wconf 85' lang='grc' dir='ltr'>έν</span> <span class='ocrx_word' id='word_1_522' title='bbox 1305 4025 1570 4100; x_wconf 77' lang='grc' dir='ltr'>ἀσφαλείᾳ</span> <span class='ocrx_word' id='word_1_523' title='bbox 1602 4025 1750 4088; x_wconf 81' lang='grc' dir='ltr'>ὅπως</span> <span class='ocrx_word' id='word_1_524' title='bbox 1793 4027 1872 4099; x_wconf 79' lang='grc' dir='ltr'>μή</span> <span class='ocrx_word' id='word_1_525' title='bbox 1921 4027 2008 4101; x_wconf 81' lang='grc' dir='ltr'>γέ-</span> 
     </span>
    </p>
   </div>
   <div class='ocr_carea' id='block_1_71' title="bbox 355 4112 2005 4194">
    <p class='ocr_par' dir='ltr' id='par_1_71' title="bbox 355 4112 2005 4194">
     <span class='ocr_line' id='line_1_71' title="bbox 355 4112 2005 4194; baseline 0.001 -26"><span class='ocrx_word' id='word_1_526' title='bbox 355 4113 516 4184; x_wconf 84' lang='grc' dir='ltr'>νηταί</span> <span class='ocrx_word' id='word_1_527' title='bbox 546 4136 598 4170; x_wconf 88' lang='grc' dir='ltr'>τι</span> <span class='ocrx_word' id='word_1_528' title='bbox 641 4112 869 4194; x_wconf 85' lang='grc' dir='ltr'>σφάλμα</span> <span class='ocrx_word' id='word_1_529' title='bbox 901 4112 972 4169; x_wconf 82' lang='grc' dir='ltr'>δι’</span> <span class='ocrx_word' id='word_1_530' title='bbox 1001 4115 1198 4170; x_wconf 81' lang='grc' dir='ltr'>αὐτῶν·</span> <span class='ocrx_word' id='word_1_531' title='bbox 1238 4115 1448 4188; x_wconf 82' lang='grc' dir='ltr'>ὁμοίως</span> <span class='ocrx_word' id='word_1_532' title='bbox 1479 4116 1569 4170; x_wconf 81' lang='grc' dir='ltr'>καὶ</span> <span class='ocrx_word' id='word_1_533' title='bbox 1616 4115 1744 4178; x_wconf 77' lang='grc' dir='ltr'>τοὺς</span> <span class='ocrx_word' id='word_1_534' title='bbox 1776 4115 2005 4179; x_wconf 83' lang='grc' dir='ltr'>λοιποὺς</span> 
     </span>
    </p>
   </div>
   <div class='ocr_carea' id='block_1_72' title="bbox 355 4201 2005 4280">
    <p class='ocr_par' dir='ltr' id='par_1_72' title="bbox 355 4201 2005 4280">
     <span class='ocr_line' id='line_1_72' title="bbox 355 4201 2005 4280; baseline 0.002 -23"><span class='ocrx_word' id='word_1_535' title='bbox 355 4203 672 4278; x_wconf 87' lang='grc' dir='ltr'>κούρσωρας</span> <span class='ocrx_word' id='word_1_536' title='bbox 728 4205 856 4266; x_wconf 84' lang='grc' dir='ltr'>τοὺς</span> <span class='ocrx_word' id='word_1_537' title='bbox 941 4205 1032 4259; x_wconf 89' lang='grc' dir='ltr'>τὸν</span> <span class='ocrx_word' id='word_1_538' title='bbox 1091 4201 1314 4279; x_wconf 70' lang='grc' dir='ltr'>εὔριπον</span> <span class='ocrx_word' id='word_1_539' title='bbox 1368 4207 1412 4242; x_wconf 78' lang='grc'>⁸⁷</span> <span class='ocrx_word' id='word_1_540' title='bbox 1464 4203 1795 4280; x_wconf 81' lang='grc' dir='ltr'>κατέχοντας</span> <span class='ocrx_word' id='word_1_541' title='bbox 1869 4205 2005 4280; x_wconf 79' lang='grc' dir='ltr'>πρὸς</span> 
     </span>
    </p>
   </div>
   <div class='ocr_carea' id='block_1_73' title="bbox 357 4289 2001 4365">
    <p class='ocr_par' dir='ltr' id='par_1_73' title="bbox 357 4289 2001 4365">
     <span class='ocr_line' id='line_1_73' title="bbox 357 4289 2001 4365; baseline 0.001 -18"><span class='ocrx_word' id='word_1_542' title='bbox 357 4292 420 4347; x_wconf 88' lang='grc' dir='ltr'>τὸ</span> <span class='ocrx_word' id='word_1_543' title='bbox 469 4292 545 4364; x_wconf 78' lang='grc' dir='ltr'>μή</span> <span class='ocrx_word' id='word_1_544' title='bbox 588 4289 736 4346; x_wconf 69' lang='grc' dir='ltr'>ἐᾶσαί</span> <span class='ocrx_word' id='word_1_545' title='bbox 769 4312 890 4347; x_wconf 87' lang='grc' dir='ltr'>τινα</span> <span class='ocrx_word' id='word_1_546' title='bbox 927 4291 1209 4348; x_wconf 87' lang='grc' dir='ltr'>κατελθεῖν</span> <span class='ocrx_word' id='word_1_547' title='bbox 1256 4292 1346 4347; x_wconf 83' lang='grc' dir='ltr'>καὶ</span> <span class='ocrx_word' id='word_1_548' title='bbox 1382 4299 1623 4365; x_wconf 24' lang='grc' dir='ltr'>,ποιῆσαι</span> <span class='ocrx_word' id='word_1_549' title='bbox 1655 4292 1881 4348; x_wconf 81' lang='grc' dir='ltr'>ἅτακτόν</span> <span class='ocrx_word' id='word_1_550' title='bbox 1912 4311 2001 4349; x_wconf 85' lang='grc' dir='ltr'>τι⁶</span> 
     </span>
    </p>
   </div>
   <div class='ocr_carea' id='block_1_74' title="bbox 359 4377 2003 4457">
    <p class='ocr_par' dir='ltr' id='par_1_74' title="bbox 359 4377 2003 4457">
     <span class='ocr_line' id='line_1_74' title="bbox 359 4377 2003 4457; baseline 0.001 -23"><span class='ocrx_word' id='word_1_551' title='bbox 359 4379 619 4443; x_wconf 84' lang='grc' dir='ltr'>ὡσαύτως</span> <span class='ocrx_word' id='word_1_552' title='bbox 683 4377 742 4436; x_wconf 71' lang='grc' dir='ltr'>δὲ</span> <span class='ocrx_word' id='word_1_553' title='bbox 794 4381 884 4436; x_wconf 81' lang='grc' dir='ltr'>καὶ</span> <span class='ocrx_word' id='word_1_554' title='bbox 959 4381 1088 4444; x_wconf 81' lang='grc' dir='ltr'>τοὺς</span> <span class='ocrx_word' id='word_1_555' title='bbox 1165 4379 1420 4444; x_wconf 81' lang='grc' dir='ltr'>δεκανοὺς</span> <span class='ocrx_word' id='word_1_556' title='bbox 1470 4385 1568 4437; x_wconf 81' lang='grc' dir='ltr'>τοῦ</span> <span class='ocrx_word' id='word_1_557' title='bbox 1641 4379 1789 4457; x_wconf 82' lang='grc' dir='ltr'>ἔχειν</span> <span class='ocrx_word' id='word_1_558' title='bbox 1831 4386 2003 4437; x_wconf 85' lang='grc' dir='ltr'>πᾶσαν</span> 
     </span>
    </p>
   </div>
   <div class='ocr_carea' id='block_1_75' title="bbox 360 4467 2005 4550">
    <p class='ocr_par' dir='ltr' id='par_1_75' title="bbox 360 4467 2005 4550">
     <span class='ocr_line' id='line_1_75' title="bbox 360 4467 2005 4550; baseline 0.002 -28"><span class='ocrx_word' id='word_1_559' title='bbox 360 4467 656 4546; x_wconf 69' lang='grc' dir='ltr'>ἀσφάλειαν</span> <span class='ocrx_word' id='word_1_560' title='bbox 715 4469 792 4532; x_wconf 67' lang='grc' dir='ltr'>εἷς</span> <span class='ocrx_word' id='word_1_561' title='bbox 837 4490 896 4525; x_wconf 89' lang='grc' dir='ltr'>τε</span> <span class='ocrx_word' id='word_1_562' title='bbox 950 4471 1046 4533; x_wconf 78' lang='grc' dir='ltr'>τὰς</span> <span class='ocrx_word' id='word_1_563' title='bbox 1097 4468 1396 4550; x_wconf 78' lang='grc' dir='ltr'>διασφαγάς</span> <span class='ocrx_word' id='word_1_564' title='bbox 1445 4471 1662 4536; x_wconf 78' lang='grc' dir='ltr'>καὶτὰς</span> <span class='ocrx_word' id='word_1_565' title='bbox 1689 4473 1853 4543; x_wconf 87' lang='grc' dir='ltr'>θύρας</span> <span class='ocrx_word' id='word_1_566' title='bbox 1910 4471 2005 4534; x_wconf 80' lang='grc' dir='ltr'>τὰς</span> 
     </span>
    </p>
   </div>
   <div class='ocr_carea' id='block_1_76' title="bbox 360 4555 2003 4638">
    <p class='ocr_par' dir='ltr' id='par_1_76' title="bbox 360 4555 2003 4638">
     <span class='ocr_line' id='line_1_76' title="bbox 360 4555 2003 4638; baseline 0.002 -27"><span class='ocrx_word' id='word_1_567' title='bbox 360 4555 650 4631; x_wconf 70' lang='grc' dir='ltr'>ἐξαγούσας</span> <span class='ocrx_word' id='word_1_568' title='bbox 699 4560 806 4614; x_wconf 78' lang='grc' dir='ltr'>ἀπὸ</span> <span class='ocrx_word' id='word_1_569' title='bbox 863 4565 962 4628; x_wconf 80' lang='grc' dir='ltr'>τῆς</span> <span class='ocrx_word' id='word_1_570' title='bbox 1013 4558 1214 4638; x_wconf 87' lang='grc' dir='ltr'>κύφης,</span> <span class='ocrx_word' id='word_1_571' title='bbox 1245 4560 1395 4621; x_wconf 79' lang='grc' dir='ltr'>ὅπως</span> <span class='ocrx_word' id='word_1_572' title='bbox 1446 4561 1547 4634; x_wconf 80' lang='grc' dir='ltr'>μὴ,</span> <span class='ocrx_word' id='word_1_573' title='bbox 1595 4558 1868 4637; x_wconf 83' lang='grc' dir='ltr'>ἀγομένου</span> <span class='ocrx_word' id='word_1_574' title='bbox 1907 4563 2003 4614; x_wconf 80' lang='grc' dir='ltr'>τοῦ</span> 
     </span>
    </p>
   </div>
   <div class='ocr_carea' id='block_1_77' title="bbox 359 4645 2002 4725">
    <p class='ocr_par' dir='ltr' id='par_1_77' title="bbox 359 4645 2002 4725">
     <span class='ocr_line' id='line_1_77' title="bbox 359 4645 2002 4725; baseline 0.002 -27"><span class='ocrx_word' id='word_1_575' title='bbox 359 4646 697 4722; x_wconf 81' lang='grc' dir='ltr'>πράγματος,</span> <span class='ocrx_word' id='word_1_576' title='bbox 731 4646 963 4718; x_wconf 81' lang='grc' dir='ltr'>ἐξελθών</span> <span class='ocrx_word' id='word_1_577' title='bbox 1001 4670 1085 4712; x_wconf 90' lang='grc' dir='ltr'>τις</span> <span class='ocrx_word' id='word_1_578' title='bbox 1135 4646 1522 4725; x_wconf 81' lang='grc' dir='ltr'>παρεμποδίσῃ</span> <span class='ocrx_word' id='word_1_579' title='bbox 1555 4650 1676 4704; x_wconf 71' lang='grc' dir='ltr'>τινα</span> <span class='ocrx_word' id='word_1_580' title='bbox 1720 4654 1827 4703; x_wconf 85' lang='grc' dir='ltr'>τῶν</span> <span class='ocrx_word' id='word_1_581' title='bbox 1871 4645 2002 4724; x_wconf 85' lang='grc' dir='ltr'>δρο-</span> 
     </span>
    </p>
   </div>
   <div class='ocr_carea' id='block_1_78' title="bbox 364 4731 1997 4814">
    <p class='ocr_par' dir='ltr' id='par_1_78' title="bbox 364 4731 1997 4814">
     <span class='ocr_line' id='line_1_78' title="bbox 364 4731 1997 4814; baseline 0.003 -26"><span class='ocrx_word' id='word_1_582' title='bbox 364 4732 544 4805; x_wconf 72' lang='grc' dir='ltr'>μέωνο</span> <span class='ocrx_word' id='word_1_583' title='bbox 575 4734 704 4799; x_wconf 78' lang='grc' dir='ltr'>τοὺς</span> <span class='ocrx_word' id='word_1_584' title='bbox 755 4733 810 4791; x_wconf 77' lang='grc' dir='ltr'>δὲ</span> <span class='ocrx_word' id='word_1_585' title='bbox 855 4736 922 4791; x_wconf 80' lang='grc' dir='ltr'>τὰ</span> <span class='ocrx_word' id='word_1_586' title='bbox 971 4731 1175 4813; x_wconf 72' lang='grc' dir='ltr'>ὄργανα</span> <span class='ocrx_word' id='word_1_587' title='bbox 1241 4741 1523 4814; x_wconf 70' lang='grc' dir='ltr'>φυσῶντες</span> <span class='ocrx_word' id='word_1_588' title='bbox 1575 4732 1860 4799; x_wconf 77' lang='grc' dir='ltr'>Σκλάϐους</span> <span class='ocrx_word' id='word_1_589' title='bbox 1921 4742 1997 4814; x_wconf 80' lang='grc' dir='ltr'>μὴ</span> 
     </span>
    </p>
   </div>
   <div class='ocr_carea' id='block_1_79' title="bbox 356 4820 2002 4899">
    <p class='ocr_par' dir='ltr' id='par_1_79' title="bbox 356 4820 2002 4899">
     <span class='ocr_line' id='line_1_79' title="bbox 356 4820 2002 4899; baseline 0.006 -25"><span class='ocrx_word' id='word_1_590' title='bbox 356 4823 450 4892; x_wconf 70' lang='grc' dir='ltr'>ὶᾷν</span> <span class='ocrx_word' id='word_1_591' title='bbox 473 4820 727 4887; x_wconf 78' lang='grc' dir='ltr'>’ίστασθαι</span> <span class='ocrx_word' id='word_1_592' title='bbox 759 4823 951 4891; x_wconf 82' lang='grc' dir='ltr'>ἐκεῖσε,</span> <span class='ocrx_word' id='word_1_593' title='bbox 984 4822 1110 4879; x_wconf 78' lang='grc' dir='ltr'>αλλ’</span> <span class='ocrx_word' id='word_1_594' title='bbox 1139 4825 1354 4899; x_wconf 81' lang='grc' dir='ltr'>ἀνάγειν</span> <span class='ocrx_word' id='word_1_595' title='bbox 1403 4825 1600 4888; x_wconf 79' lang='grc' dir='ltr'>αὐτοὺς</span> <span class='ocrx_word' id='word_1_596' title='bbox 1658 4826 1737 4888; x_wconf 74' lang='grc' dir='ltr'>εἷς</span> <span class='ocrx_word' id='word_1_597' title='bbox 1781 4829 1849 4882; x_wconf 80' lang='grc' dir='ltr'>τὰ</span> <span class='ocrx_word' id='word_1_598' title='bbox 1878 4849 2002 4883; x_wconf 82' lang='grc' dir='ltr'>σκα·</span> 
     </span>
    </p>
   </div>
   <div class='ocr_carea' id='block_1_80' title="bbox 357 4907 2009 4990">
    <p class='ocr_par' dir='ltr' id='par_1_80' title="bbox 357 4907 2009 4990">
     <span class='ocr_line' id='line_1_80' title="bbox 357 4907 2009 4990; baseline 0.005 -26"><span class='ocrx_word' id='word_1_599' title='bbox 357 4907 473 4978; x_wconf 87' lang='grc' dir='ltr'>λία,</span> <span class='ocrx_word' id='word_1_600' title='bbox 509 4911 584 4973; x_wconf 81' lang='grc' dir='ltr'>εἷς</span> <span class='ocrx_word' id='word_1_601' title='bbox 622 4909 680 4966; x_wconf 73' lang='lat' dir='ltr'>6‘s</span> <span class='ocrx_word' id='word_1_602' title='bbox 725 4914 821 4973; x_wconf 78' lang='grc' dir='ltr'>τάς</span> <span class='ocrx_word' id='word_1_603' title='bbox 869 4913 1232 4985; x_wconf 72' lang='grc' dir='ltr'>παρασκευάς,</span> <span class='ocrx_word' id='word_1_604' title='bbox 1260 4911 1354 4967; x_wconf 67' lang='grc' dir='ltr'>’ἱνα</span> <span class='ocrx_word' id='word_1_605' title='bbox 1405 4913 1652 4968; x_wconf 66' lang='grc' dir='ltr'>ἵστανται</span> <span class='ocrx_word' id='word_1_606' title='bbox 1699 4915 2009 4990; x_wconf 85' lang='grc' dir='ltr'>κούρσωρες</span> 
     </span>
    </p>
   </div>
   <div class='ocr_carea' id='block_1_81' title="bbox 349 4996 2002 5076">
    <p class='ocr_par' dir='ltr' id='par_1_81' title="bbox 349 4996 2002 5076">
     <span class='ocr_line' id='line_1_81' title="bbox 349 4996 2002 5076; baseline 0.004 -24"><span class='ocrx_word' id='word_1_607' title='bbox 349 4996 470 5068; x_wconf 72' lang='grc' dir='ltr'>δύο,</span> <span class='ocrx_word' id='word_1_608' title='bbox 504 4998 656 5060; x_wconf 82' lang='grc' dir='ltr'>ὅπως</span> <span class='ocrx_word' id='word_1_609' title='bbox 692 5001 770 5070; x_wconf 79' lang='grc' dir='ltr'><strong>μή</strong></span> <span class='ocrx_word' id='word_1_610' title='bbox 812 4998 1042 5071; x_wconf 75' lang='grc' dir='ltr'>ἐξελθών</span> <span class='ocrx_word' id='word_1_611' title='bbox 1082 5022 1162 5063; x_wconf 90' lang='grc' dir='ltr'>τις</span> <span class='ocrx_word' id='word_1_612' title='bbox 1203 5004 1413 5076; x_wconf 74' lang='grc' dir='ltr'>ποιήσῃ</span> <span class='ocrx_word' id='word_1_613' title='bbox 1460 5000 1724 5075; x_wconf 71' lang='grc' dir='ltr'>ἐμπόδιόν</span> <span class='ocrx_word' id='word_1_614' title='bbox 1752 5021 1838 5058; x_wconf 89' lang='grc' dir='ltr'>τι·</span> <span class='ocrx_word' id='word_1_615' title='bbox 1872 5006 2002 5068; x_wconf 81' lang='grc' dir='ltr'>τοὺς</span> 
     </span>
    </p>
   </div>
   <div class='ocr_carea' id='block_1_82' title="bbox 348 5083 2002 5164">
    <p class='ocr_par' dir='ltr' id='par_1_82' title="bbox 348 5083 2002 5164">
     <span class='ocr_line' id='line_1_82' title="bbox 348 5083 2002 5164; baseline 0.005 -24"><span class='ocrx_word' id='word_1_616' title='bbox 348 5084 408 5140; x_wconf 72' lang='grc' dir='ltr'>δὲ</span> <span class='ocrx_word' id='word_1_617' title='bbox 468 5083 712 5158; x_wconf 83' lang='grc' dir='ltr'>δημότας</span> <span class='ocrx_word' id='word_1_618' title='bbox 769 5087 859 5141; x_wconf 84' lang='grc' dir='ltr'>καὶ</span> <span class='ocrx_word' id='word_1_619' title='bbox 925 5089 1054 5152; x_wconf 72' lang='grc' dir='ltr'>τοὺς</span> <span class='ocrx_word' id='word_1_620' title='bbox 1101 5089 1464 5164; x_wconf 80' lang='grc' dir='ltr'>βαστάζοντας</span> <span class='ocrx_word' id='word_1_621' title='bbox 1519 5092 1585 5145; x_wconf 81' lang='grc' dir='ltr'>τὰ</span> <span class='ocrx_word' id='word_1_622' title='bbox 1650 5091 1842 5164; x_wconf 78' lang='grc' dir='ltr'>ἱμάτια</span> <span class='ocrx_word' id='word_1_623' title='bbox 1895 5097 2002 5149; x_wconf 88' lang='grc' dir='ltr'>τῶν</span> 
     </span>
    </p>
   </div>
   <div class='ocr_carea' id='block_1_83' title="bbox 350 5173 2000 5258">
    <p class='ocr_par' dir='ltr' id='par_1_83' title="bbox 350 5173 2000 5258">
     <span class='ocr_line' id='line_1_83' title="bbox 350 5173 2000 5258; baseline 0.004 -28"><span class='ocrx_word' id='word_1_624' title='bbox 350 5173 625 5249; x_wconf 82' lang='grc' dir='ltr'>δρομέων,</span> <span class='ocrx_word' id='word_1_625' title='bbox 663 5195 738 5246; x_wconf 91' lang='grc' dir='ltr'>μη</span> <span class='ocrx_word' id='word_1_626' title='bbox 796 5173 887 5245; x_wconf 82' lang='grc' dir='ltr'>έᾷν</span> <span class='ocrx_word' id='word_1_627' title='bbox 934 5176 1138 5239; x_wconf 76' lang='grc' dir='ltr'>αὐτοὺς</span> <span class='ocrx_word' id='word_1_628' title='bbox 1190 5177 1540 5253; x_wconf 86' lang='grc' dir='ltr'>κατέρχεσθαι</span> <span class='ocrx_word' id='word_1_629' title='bbox 1588 5179 1664 5241; x_wconf 81' lang='grc' dir='ltr'>εἰς</span> <span class='ocrx_word' id='word_1_630' title='bbox 1701 5181 1796 5242; x_wconf 82' lang='grc' dir='ltr'>τὰς</span> <span class='ocrx_word' id='word_1_631' title='bbox 1827 5203 2000 5258; x_wconf 83' lang='grc' dir='ltr'>παρα-</span> 
     </span>
    </p>
   </div>
   <div class='ocr_carea' id='block_1_84' title="bbox 352 5261 1996 5345">
    <p class='ocr_par' dir='ltr' id='par_1_84' title="bbox 352 5261 1996 5345">
     <span class='ocr_line' id='line_1_84' title="bbox 352 5261 1996 5345; baseline 0.005 -27"><span class='ocrx_word' id='word_1_632' title='bbox 352 5263 570 5330; x_wconf 71' lang='grc' dir='ltr'>σκευάς,</span> <span class='ocrx_word' id='word_1_633' title='bbox 603 5261 751 5319; x_wconf 76' lang='grc' dir='ltr'>ἀλλὰ</span> <span class='ocrx_word' id='word_1_634' title='bbox 808 5263 986 5337; x_wconf 81' lang='grc' dir='ltr'>μένειν</span> <span class='ocrx_word' id='word_1_635' title='bbox 1043 5263 1238 5328; x_wconf 80' lang='grc' dir='ltr'>αὐτοὺς</span> <span class='ocrx_word' id='word_1_636' title='bbox 1297 5265 1441 5320; x_wconf 75' lang='grc' dir='ltr'>ἄνω⁹</span> <span class='ocrx_word' id='word_1_637' title='bbox 1475 5271 1582 5322; x_wconf 85' lang='grc' dir='ltr'>τῶν</span> <span class='ocrx_word' id='word_1_638' title='bbox 1624 5270 1669 5304; x_wconf 79' lang='grc'>⁸⁸</span> <span class='ocrx_word' id='word_1_639' title='bbox 1722 5271 1996 5345; x_wconf 89' lang='grc' dir='ltr'>τεσσάρων</span> 
     </span>
    </p>
   </div>
   <div class='ocr_carea' id='block_1_85' title="bbox 350 5352 1998 5434">
    <p class='ocr_par' dir='ltr' id='par_1_85' title="bbox 350 5352 1998 5434">
     <span class='ocr_line' id='line_1_85' title="bbox 350 5352 1998 5434; baseline 0.004 -27"><span class='ocrx_word' id='word_1_640' title='bbox 350 5354 649 5428; x_wconf 85' lang='grc' dir='ltr'>ταγμάτων</span> <span class='ocrx_word' id='word_1_641' title='bbox 703 5356 819 5429; x_wconf 79' lang='grc'>(43)</span> <span class='ocrx_word' id='word_1_642' title='bbox 867 5352 997 5416; x_wconf 68' lang='grc' dir='ltr'>τοὺς</span> <span class='ocrx_word' id='word_1_643' title='bbox 1047 5353 1316 5430; x_wconf 82' lang='grc' dir='ltr'>ἄρχοντας</span> <span class='ocrx_word' id='word_1_644' title='bbox 1373 5355 1500 5418; x_wconf 80' lang='grc' dir='ltr'>τοὺς</span> <span class='ocrx_word' id='word_1_645' title='bbox 1564 5361 1998 5434; x_wconf 83' lang='grc' dir='ltr'>κατερχὸμένονς</span> 
     </span>
    </p>
   </div>
   <div class='ocr_carea' id='block_1_86' title="bbox 2198 3490 3773 3566">
    <p class='ocr_par' dir='ltr' id='par_1_86' title="bbox 2198 3490 3773 3566">
     <span class='ocr_line' id='line_1_86' title="bbox 2198 3490 3773 3566; baseline -0.003 -16"><span class='ocrx_word' id='word_1_646' title='bbox 2198 3493 2291 3550; x_wconf 88' lang='lat' dir='ltr'><strong>IV.</strong></span> <span class='ocrx_word' id='word_1_647' title='bbox 2336 3491 2717 3566; x_wconf 68' lang='lat' dir='ltr'><strong>Prepositum</strong></span> <span class='ocrx_word' id='word_1_648' title='bbox 2767 3490 3046 3547; x_wconf 85' lang='lat' dir='ltr'><strong>mandata</strong></span> <span class='ocrx_word' id='word_1_649' title='bbox 3091 3490 3250 3558; x_wconf 88' lang='lat' dir='ltr'><strong>dare,</strong></span> <span class='ocrx_word' id='word_1_650' title='bbox 3280 3504 3604 3560; x_wconf 91' lang='lat' dir='ltr'><strong>omnesque</strong></span> <span class='ocrx_word' id='word_1_651' title='bbox 3633 3503 3773 3545; x_wconf 90' lang='lat' dir='ltr'><strong>con-</strong></span> 
     </span>
    </p>
   </div>
   <div class='ocr_carea' id='block_1_87' title="bbox 2123 3577 3772 3650">
    <p class='ocr_par' dir='ltr' id='par_1_87' title="bbox 2123 3577 3772 3650">
     <span class='ocr_line' id='line_1_87' title="bbox 2123 3577 3772 3650; baseline -0.002 -12"><span class='ocrx_word' id='word_1_652' title='bbox 2123 3585 2290 3638; x_wconf 86' lang='lat' dir='ltr'><strong>sueta</strong></span> <span class='ocrx_word' id='word_1_653' title='bbox 2315 3581 2640 3637; x_wconf 90' lang='lat' dir='ltr'><strong>ministeria</strong></span> <span class='ocrx_word' id='word_1_654' title='bbox 2669 3580 2731 3636; x_wconf 91' lang='lat' dir='ltr'><strong>in</strong></span> <span class='ocrx_word' id='word_1_655' title='bbox 2762 3579 3108 3636; x_wconf 88' lang='lat' dir='ltr'><strong>decursione</strong></span> <span class='ocrx_word' id='word_1_656' title='bbox 3135 3577 3394 3650; x_wconf 87' lang='lat' dir='ltr'><strong>equestri</strong></span> <span class='ocrx_word' id='word_1_657' title='bbox 3435 3583 3772 3650; x_wconf 87' lang='lat' dir='ltr'><strong>peracturos</strong></span> 
     </span>
    </p>
   </div>
   <div class='ocr_carea' id='block_1_88' title="bbox 2119 3666 3768 3740">
    <p class='ocr_par' dir='ltr' id='par_1_88' title="bbox 2119 3666 3768 3740">
     <span class='ocr_line' id='line_1_88' title="bbox 2119 3666 3768 3740; baseline -0.003 -13"><span class='ocrx_word' id='word_1_658' title='bbox 2119 3686 2485 3727; x_wconf 89' lang='lat' dir='ltr'><strong>commonere</strong></span> <span class='ocrx_word' id='word_1_659' title='bbox 2531 3673 2760 3740; x_wconf 88' lang='lat' dir='ltr'><strong>oportet</strong></span> <span class='ocrx_word' id='word_1_660' title='bbox 2793 3685 2808 3724; x_wconf 89' lang='lat'>:</span> <span class='ocrx_word' id='word_1_661' title='bbox 2842 3668 3260 3740; x_wconf 80' lang='lat' dir='ltr'><strong>manganarios</strong></span> <span class='ocrx_word' id='word_1_662' title='bbox 3293 3666 3558 3739; x_wconf 86' lang='lat' dir='ltr'><strong>quidem,</strong></span> <span class='ocrx_word' id='word_1_663' title='bbox 3595 3683 3667 3722; x_wconf 91' lang='lat' dir='ltr'>ne</span> <span class='ocrx_word' id='word_1_664' title='bbox 3695 3666 3768 3722; x_wconf 90' lang='lat' dir='ltr'>ab</span> 
     </span>
    </p>
   </div>
   <div class='ocr_carea' id='block_1_89' title="bbox 2117 3755 3770 3830">
    <p class='ocr_par' dir='ltr' id='par_1_89' title="bbox 2117 3755 3770 3830">
     <span class='ocr_line' id='line_1_89' title="bbox 2117 3755 3770 3830; baseline -0.003 -16"><span class='ocrx_word' id='word_1_665' title='bbox 2117 3759 2299 3814; x_wconf 90' lang='lat' dir='ltr'><strong>altera</strong></span> <span class='ocrx_word' id='word_1_666' title='bbox 2330 3765 2492 3830; x_wconf 90' lang='lat' dir='ltr'><strong>parte</strong></span> <span class='ocrx_word' id='word_1_667' title='bbox 2531 3759 2684 3813; x_wconf 88' lang='lat' dir='ltr'><strong>dona</strong></span> <span class='ocrx_word' id='word_1_668' title='bbox 2709 3773 2942 3813; x_wconf 88' lang='lat' dir='ltr'><strong>sumere</strong></span> <span class='ocrx_word' id='word_1_669' title='bbox 2971 3756 3254 3829; x_wconf 88' lang='lat' dir='ltr'><strong>dolosque</strong></span> <span class='ocrx_word' id='word_1_670' title='bbox 3275 3755 3639 3812; x_wconf 90' lang='lat' dir='ltr'><strong>committere</strong></span> <span class='ocrx_word' id='word_1_671' title='bbox 3666 3772 3770 3810; x_wconf 89' lang='lat' dir='ltr'><strong>au-</strong></span> 
     </span>
    </p>
   </div>
   <div class='ocr_carea' id='block_1_90' title="bbox 2116 3846 3769 3917">
    <p class='ocr_par' dir='ltr' id='par_1_90' title="bbox 2116 3846 3769 3917">
     <span class='ocr_line' id='line_1_90' title="bbox 2116 3846 3769 3917; baseline -0.002 -15"><span class='ocrx_word' id='word_1_672' title='bbox 2116 3849 2294 3903; x_wconf 90' lang='lat' dir='ltr'><strong>deant</strong></span> <span class='ocrx_word' id='word_1_673' title='bbox 2324 3867 2340 3907; x_wconf 85' lang='lat'>:</span> <span class='ocrx_word' id='word_1_674' title='bbox 2393 3863 2684 3914; x_wconf 90' lang='lat' dir='ltr'><strong>cursores,</strong></span> <span class='ocrx_word' id='word_1_675' title='bbox 2716 3846 2815 3917; x_wconf 92' lang='lat' dir='ltr'>qui</span> <span class='ocrx_word' id='word_1_676' title='bbox 2862 3853 3012 3901; x_wconf 88' lang='lat' dir='ltr'><strong>stare</strong></span> <span class='ocrx_word' id='word_1_677' title='bbox 3059 3850 3116 3901; x_wconf 90' lang='lat' dir='ltr'>et</span> <span class='ocrx_word' id='word_1_678' title='bbox 3145 3849 3542 3917; x_wconf 82' lang='lat' dir='ltr'><strong>symperestas</strong></span> <span class='ocrx_word' id='word_1_679' title='bbox 3573 3847 3769 3898; x_wconf 90' lang='lat' dir='ltr'><strong>tenere</strong></span> 
     </span>
    </p>
   </div>
   <div class='ocr_carea' id='block_1_91' title="bbox 2115 3933 3770 4004">
    <p class='ocr_par' dir='ltr' id='par_1_91' title="bbox 2115 3933 3770 4004">
     <span class='ocr_line' id='line_1_91' title="bbox 2115 3933 3770 4004; baseline -0.005 -12"><span class='ocrx_word' id='word_1_680' title='bbox 2115 3937 2349 4004; x_wconf 91' lang='lat' dir='ltr'><strong>debent,</strong></span> <span class='ocrx_word' id='word_1_681' title='bbox 2373 3941 2438 3992; x_wconf 88' lang='lat' dir='ltr'>ut</span> <span class='ocrx_word' id='word_1_682' title='bbox 2471 3936 2574 3990; x_wconf 92' lang='lat' dir='ltr'>bos</span> <span class='ocrx_word' id='word_1_683' title='bbox 2606 3936 2664 3990; x_wconf 91' lang='lat' dir='ltr'><strong>in</strong></span> <span class='ocrx_word' id='word_1_684' title='bbox 2699 3934 2902 3990; x_wconf 89' lang='lat' dir='ltr'><strong>ordine</strong></span> <span class='ocrx_word' id='word_1_685' title='bbox 2933 3933 3288 3998; x_wconf 87' lang='lat' dir='ltr'><strong>contineant,</strong></span> <span class='ocrx_word' id='word_1_686' title='bbox 3321 3947 3392 3985; x_wconf 91' lang='lat' dir='ltr'>ne</span> <span class='ocrx_word' id='word_1_687' title='bbox 3423 3947 3526 4002; x_wconf 90' lang='lat' dir='ltr'><strong>per</strong></span> <span class='ocrx_word' id='word_1_688' title='bbox 3552 3946 3651 3985; x_wconf 89' lang='lat' dir='ltr'>eos</span> <span class='ocrx_word' id='word_1_689' title='bbox 3683 3947 3770 3984; x_wconf 91' lang='lat' dir='ltr'><strong>er-</strong></span> 
     </span>
    </p>
   </div>
   <div class='ocr_carea' id='block_1_92' title="bbox 2116 4018 3766 4095">
    <p class='ocr_par' dir='ltr' id='par_1_92' title="bbox 2116 4018 3766 4095">
     <span class='ocr_line' id='line_1_92' title="bbox 2116 4018 3766 4095; baseline -0.004 -15"><span class='ocrx_word' id='word_1_690' title='bbox 2116 4042 2207 4082; x_wconf 89' lang='lat' dir='ltr'>ror</span> <span class='ocrx_word' id='word_1_691' title='bbox 2241 4024 2674 4090; x_wconf 85' lang='lat' dir='ltr'><strong>committatur;</strong></span> <span class='ocrx_word' id='word_1_692' title='bbox 2702 4024 2916 4095; x_wconf 89' lang='lat' dir='ltr'><strong>pariter</strong></span> <span class='ocrx_word' id='word_1_693' title='bbox 2944 4025 3169 4076; x_wconf 86' lang='lat' dir='ltr'><strong>ceteros</strong></span> <span class='ocrx_word' id='word_1_694' title='bbox 3199 4035 3466 4076; x_wconf 89' lang='lat' dir='ltr'><strong>cursores</strong></span> <span class='ocrx_word' id='word_1_695' title='bbox 3486 4018 3766 4089; x_wconf 88' lang='lat' dir='ltr'><strong>Euripum</strong></span> 
     </span>
    </p>
   </div>
   <div class='ocr_carea' id='block_1_93' title="bbox 2114 4107 3768 4186">
    <p class='ocr_par' dir='ltr' id='par_1_93' title="bbox 2114 4107 3768 4186">
     <span class='ocr_line' id='line_1_93' title="bbox 2114 4107 3768 4186; baseline -0.005 -15"><span class='ocrx_word' id='word_1_696' title='bbox 2114 4119 2487 4186; x_wconf 88' lang='lat' dir='ltr'><strong>occupantes,</strong></span> <span class='ocrx_word' id='word_1_697' title='bbox 2507 4129 2578 4168; x_wconf 89' lang='lat' dir='ltr'><strong>ne</strong></span> <span class='ocrx_word' id='word_1_698' title='bbox 2603 4111 2697 4167; x_wconf 93' lang='lat' dir='ltr'>cui</span> <span class='ocrx_word' id='word_1_699' title='bbox 2727 4110 3079 4166; x_wconf 86' lang='lat' dir='ltr'><strong>descendere</strong></span> <span class='ocrx_word' id='word_1_700' title='bbox 3107 4114 3166 4164; x_wconf 91' lang='lat' dir='ltr'>et</span> <span class='ocrx_word' id='word_1_701' title='bbox 3193 4107 3413 4178; x_wconf 90' lang='lat' dir='ltr'><strong>aliquid</strong></span> <span class='ocrx_word' id='word_1_702' title='bbox 3441 4112 3643 4162; x_wconf 89' lang='lat' dir='ltr'><strong>contra</strong></span> <span class='ocrx_word' id='word_1_703' title='bbox 3671 4123 3768 4162; x_wconf 89' lang='lat' dir='ltr'>or-</span> 
     </span>
    </p>
   </div>
   <div class='ocr_carea' id='block_1_94' title="bbox 2115 4196 3758 4274">
    <p class='ocr_par' dir='ltr' id='par_1_94' title="bbox 2115 4196 3758 4274">
     <span class='ocr_line' id='line_1_94' title="bbox 2115 4196 3758 4274; baseline -0.006 -15"><span class='ocrx_word' id='word_1_704' title='bbox 2115 4203 2311 4258; x_wconf 92' lang='lat' dir='ltr'><strong>dinem</strong></span> <span class='ocrx_word' id='word_1_705' title='bbox 2336 4218 2506 4274; x_wconf 84' lang='lat' dir='ltr'><strong>agere</strong></span> <span class='ocrx_word' id='word_1_706' title='bbox 2529 4200 2903 4274; x_wconf 86' lang='lat' dir='ltr'><strong>permittant;</strong></span> <span class='ocrx_word' id='word_1_707' title='bbox 2934 4196 3207 4254; x_wconf 90' lang='lat' dir='ltr'><strong>similiter</strong></span> <span class='ocrx_word' id='word_1_708' title='bbox 3227 4197 3478 4252; x_wconf 87' lang='lat' dir='ltr'><strong>decanos</strong></span> <span class='ocrx_word' id='word_1_709' title='bbox 3507 4199 3758 4262; x_wconf 90' lang='lat' dir='ltr'><strong>moneat,</strong></span> 
     </span>
    </p>
   </div>
   <div class='ocr_carea' id='block_1_95' title="bbox 2113 4284 3762 4360">
    <p class='ocr_par' dir='ltr' id='par_1_95' title="bbox 2113 4284 3762 4360">
     <span class='ocr_line' id='line_1_95' title="bbox 2113 4284 3762 4360; baseline -0.004 -13"><span class='ocrx_word' id='word_1_710' title='bbox 2113 4295 2178 4347; x_wconf 91' lang='lat' dir='ltr'>ut</span> <span class='ocrx_word' id='word_1_711' title='bbox 2207 4292 2364 4348; x_wconf 91' lang='lat' dir='ltr'><strong>omni</strong></span> <span class='ocrx_word' id='word_1_712' title='bbox 2398 4307 2538 4348; x_wconf 84' lang='lat' dir='ltr'><strong>cura</strong></span> <span class='ocrx_word' id='word_1_713' title='bbox 2568 4289 2755 4347; x_wconf 88' lang='lat' dir='ltr'><strong>lineas</strong></span> <span class='ocrx_word' id='word_1_714' title='bbox 2797 4290 3129 4360; x_wconf 88' lang='lat' dir='ltr'><strong>januasque</strong></span> <span class='ocrx_word' id='word_1_715' title='bbox 3159 4303 3194 4342; x_wconf 91' lang='lat' dir='ltr'>a</span> <span class='ocrx_word' id='word_1_716' title='bbox 3236 4284 3419 4358; x_wconf 82' lang='lat' dir='ltr'><strong>cyphe</strong></span> <span class='ocrx_word' id='word_1_717' title='bbox 3447 4285 3762 4340; x_wconf 86' lang='lat' dir='ltr'><strong>educentes</strong></span> 
     </span>
    </p>
   </div>
   <div class='ocr_carea' id='block_1_96' title="bbox 2111 4373 3763 4451">
    <p class='ocr_par' dir='ltr' id='par_1_96' title="bbox 2111 4373 3763 4451">
     <span class='ocr_line' id='line_1_96' title="bbox 2111 4373 3763 4451; baseline -0.005 -13"><span class='ocrx_word' id='word_1_718' title='bbox 2111 4382 2470 4451; x_wconf 87' lang='lat' dir='ltr'><strong>custodiant,</strong></span> <span class='ocrx_word' id='word_1_719' title='bbox 2497 4396 2586 4446; x_wconf 83' lang='lat' dir='ltr'>ne,</span> <span class='ocrx_word' id='word_1_720' title='bbox 2608 4380 2747 4435; x_wconf 89' lang='lat' dir='ltr'>dum</span> <span class='ocrx_word' id='word_1_721' title='bbox 2770 4375 3170 4448; x_wconf 89' lang='lat' dir='ltr'><strong>spectaculum</strong></span> <span class='ocrx_word' id='word_1_722' title='bbox 3193 4376 3406 4442; x_wconf 90' lang='lat' dir='ltr'><strong>editur,</strong></span> <span class='ocrx_word' id='word_1_723' title='bbox 3429 4373 3763 4446; x_wconf 79' lang='lat' dir='ltr'><strong>egrediatur</strong></span> 
     </span>
    </p>
   </div>
   <div class='ocr_carea' id='block_1_97' title="bbox 2112 4463 3761 4543">
    <p class='ocr_par' dir='ltr' id='par_1_97' title="bbox 2112 4463 3761 4543">
     <span class='ocr_line' id='line_1_97' title="bbox 2112 4463 3761 4543; baseline -0.005 -17"><span class='ocrx_word' id='word_1_724' title='bbox 2112 4469 2346 4543; x_wconf 89' lang='lat' dir='ltr'><strong>aliquis,</strong></span> <span class='ocrx_word' id='word_1_725' title='bbox 2380 4473 2438 4525; x_wconf 91' lang='lat' dir='ltr'>et</span> <span class='ocrx_word' id='word_1_726' title='bbox 2465 4483 2730 4524; x_wconf 90' lang='lat' dir='ltr'><strong>cursores</strong></span> <span class='ocrx_word' id='word_1_727' title='bbox 2779 4465 3060 4538; x_wconf 88' lang='lat' dir='ltr'><strong>impediat</strong></span> <span class='ocrx_word' id='word_1_728' title='bbox 3091 4477 3107 4512; x_wconf 70' lang='grc' dir='ltr'>τ</span> <span class='ocrx_word' id='word_1_729' title='bbox 3145 4463 3376 4519; x_wconf 85' lang='lat' dir='ltr'><strong>Sclavos</strong></span> <span class='ocrx_word' id='word_1_730' title='bbox 3403 4478 3637 4534; x_wconf 89' lang='lat' dir='ltr'><strong>quoque</strong></span> <span class='ocrx_word' id='word_1_731' title='bbox 3667 4479 3761 4518; x_wconf 84' lang='lat' dir='ltr'><strong>or-</strong></span> 
     </span>
    </p>
   </div>
   <div class='ocr_carea' id='block_1_98' title="bbox 2111 4550 3761 4632">
    <p class='ocr_par' dir='ltr' id='par_1_98' title="bbox 2111 4550 3761 4632">
     <span class='ocr_line' id='line_1_98' title="bbox 2111 4550 3761 4632; baseline -0.006 -18"><span class='ocrx_word' id='word_1_732' title='bbox 2111 4575 2264 4632; x_wconf 81' lang='lat' dir='ltr'><strong>gana</strong></span> <span class='ocrx_word' id='word_1_733' title='bbox 2293 4559 2603 4614; x_wconf 77' lang='lat' dir='ltr'><strong>inﬂaturos</strong></span> <span class='ocrx_word' id='word_1_734' title='bbox 2633 4557 2713 4612; x_wconf 93' lang='lat' dir='ltr'>ibi</span> <span class='ocrx_word' id='word_1_735' title='bbox 2745 4561 2895 4612; x_wconf 90' lang='lat' dir='ltr'><strong>stare</strong></span> <span class='ocrx_word' id='word_1_736' title='bbox 2918 4571 3032 4610; x_wconf 89' lang='lat' dir='ltr'><strong>non</strong></span> <span class='ocrx_word' id='word_1_737' title='bbox 3055 4553 3231 4619; x_wconf 89' lang='lat' dir='ltr'><strong>sinat,</strong></span> <span class='ocrx_word' id='word_1_738' title='bbox 3255 4553 3356 4608; x_wconf 89' lang='lat' dir='ltr'>sed</span> <span class='ocrx_word' id='word_1_739' title='bbox 3381 4551 3438 4606; x_wconf 94' lang='lat' dir='ltr'><strong>in</strong></span> <span class='ocrx_word' id='word_1_740' title='bbox 3470 4550 3662 4606; x_wconf 83' lang='lat' dir='ltr'><strong>scalas</strong></span> <span class='ocrx_word' id='word_1_741' title='bbox 3693 4565 3761 4604; x_wconf 90' lang='lat' dir='ltr'>ac</span> 
     </span>
    </p>
   </div>
   <div class='ocr_carea' id='block_1_99' title="bbox 2111 4643 3756 4718">
    <p class='ocr_par' dir='ltr' id='par_1_99' title="bbox 2111 4643 3756 4718">
     <span class='ocr_line' id='line_1_99' title="bbox 2111 4643 3756 4718; baseline -0.008 -10"><span class='ocrx_word' id='word_1_742' title='bbox 2111 4650 2393 4716; x_wconf 81' lang='lat' dir='ltr'><strong>tabulata,</strong></span> <span class='ocrx_word' id='word_1_743' title='bbox 2415 4649 2514 4705; x_wconf 92' lang='lat' dir='ltr'>ubi</span> <span class='ocrx_word' id='word_1_744' title='bbox 2547 4650 2663 4705; x_wconf 91' lang='lat' dir='ltr'>duo</span> <span class='ocrx_word' id='word_1_745' title='bbox 2695 4663 2962 4704; x_wconf 88' lang='lat' dir='ltr'><strong>cursores</strong></span> <span class='ocrx_word' id='word_1_746' title='bbox 2980 4650 3186 4718; x_wconf 77' lang='lat' dir='ltr'><strong>praesto</strong></span> <span class='ocrx_word' id='word_1_747' title='bbox 3211 4647 3367 4708; x_wconf 85' lang='lat' dir='ltr'><strong>sunt,</strong></span> <span class='ocrx_word' id='word_1_748' title='bbox 3389 4643 3660 4707; x_wconf 90' lang='lat' dir='ltr'><strong>deducat,</strong></span> <span class='ocrx_word' id='word_1_749' title='bbox 3686 4656 3756 4696; x_wconf 87' lang='lat' dir='ltr'><strong>ne</strong></span> 
     </span>
    </p>
   </div>
   <div class='ocr_carea' id='block_1_100' title="bbox 2111 4729 3755 4813">
    <p class='ocr_par' dir='ltr' id='par_1_100' title="bbox 2111 4729 3755 4813">
     <span class='ocr_line' id='line_1_100' title="bbox 2111 4729 3755 4813; baseline -0.008 -17"><span class='ocrx_word' id='word_1_750' title='bbox 2111 4741 2245 4813; x_wconf 90' lang='lat' dir='ltr'><strong>quis</strong></span> <span class='ocrx_word' id='word_1_751' title='bbox 2285 4755 2560 4812; x_wconf 82' lang='lat' dir='ltr'><strong>egressus</strong></span> <span class='ocrx_word' id='word_1_752' title='bbox 2609 4737 3094 4810; x_wconf 90' lang='lat' dir='ltr'><strong>impedimentum</strong></span> <span class='ocrx_word' id='word_1_753' title='bbox 3146 4733 3333 4789; x_wconf 90' lang='lat' dir='ltr'><strong>ullum</strong></span> <span class='ocrx_word' id='word_1_754' title='bbox 3368 4731 3590 4802; x_wconf 88' lang='lat' dir='ltr'><strong>injiciat</strong></span> <span class='ocrx_word' id='word_1_755' title='bbox 3621 4748 3638 4798; x_wconf 86' lang='lat'><strong>;</strong></span> <span class='ocrx_word' id='word_1_756' title='bbox 3669 4729 3755 4784; x_wconf 79' lang='lat' dir='ltr'><strong>fa-</strong></span> 
     </span>
    </p>
   </div>
   <div class='ocr_carea' id='block_1_101' title="bbox 2115 4819 3756 4898">
    <p class='ocr_par' dir='ltr' id='par_1_101' title="bbox 2115 4819 3756 4898">
     <span class='ocr_line' id='line_1_101' title="bbox 2115 4819 3756 4898; baseline -0.009 -12"><span class='ocrx_word' id='word_1_757' title='bbox 2115 4829 2436 4894; x_wconf 88' lang='lat' dir='ltr'><strong>ctionariis,</strong></span> <span class='ocrx_word' id='word_1_758' title='bbox 2467 4833 2521 4882; x_wconf 91' lang='lat' dir='ltr'>et</span> <span class='ocrx_word' id='word_1_759' title='bbox 2557 4827 2661 4898; x_wconf 88' lang='lat' dir='ltr'>qui</span> <span class='ocrx_word' id='word_1_760' title='bbox 2708 4832 2897 4881; x_wconf 84' lang='lat' dir='ltr'><strong>vestes</strong></span> <span class='ocrx_word' id='word_1_761' title='bbox 2927 4838 3228 4881; x_wconf 89' lang='lat' dir='ltr'><strong>cursorum</strong></span> <span class='ocrx_word' id='word_1_762' title='bbox 3265 4826 3515 4892; x_wconf 88' lang='lat' dir='ltr'><strong>portant,</strong></span> <span class='ocrx_word' id='word_1_763' title='bbox 3550 4819 3621 4874; x_wconf 89' lang='lat' dir='ltr'>ad</span> <span class='ocrx_word' id='word_1_764' title='bbox 3670 4823 3756 4873; x_wconf 84' lang='lat' dir='ltr'>ta-</span> 
     </span>
    </p>
   </div>
   <div class='ocr_carea' id='block_1_102' title="bbox 2117 4912 3758 4982">
    <p class='ocr_par' dir='ltr' id='par_1_102' title="bbox 2117 4912 3758 4982">
     <span class='ocr_line' id='line_1_102' title="bbox 2117 4912 3758 4982; baseline -0.007 -9"><span class='ocrx_word' id='word_1_765' title='bbox 2117 4917 2319 4973; x_wconf 89' lang='lat' dir='ltr'><strong>bulata</strong></span> <span class='ocrx_word' id='word_1_766' title='bbox 2359 4917 2674 4972; x_wconf 89' lang='lat' dir='ltr'><strong>ascendere</strong></span> <span class='ocrx_word' id='word_1_767' title='bbox 2706 4929 2820 4970; x_wconf 89' lang='lat' dir='ltr'><strong>non</strong></span> <span class='ocrx_word' id='word_1_768' title='bbox 2869 4912 3188 4982; x_wconf 79' lang='lat' dir='ltr'><strong>permittat,</strong></span> <span class='ocrx_word' id='word_1_769' title='bbox 3221 4912 3318 4967; x_wconf 90' lang='lat' dir='ltr'>sed</span> <span class='ocrx_word' id='word_1_770' title='bbox 3375 4925 3556 4981; x_wconf 88' lang='lat' dir='ltr'><strong>supra</strong></span> <span class='ocrx_word' id='word_1_771' title='bbox 3601 4912 3758 4963; x_wconf 91' lang='lat' dir='ltr'><strong>stare</strong></span> 
     </span>
    </p>
   </div>
   <div class='ocr_carea' id='block_1_103' title="bbox 2112 4996 3758 5076">
    <p class='ocr_par' dir='ltr' id='par_1_103' title="bbox 2112 4996 3758 5076">
     <span class='ocr_line' id='line_1_103' title="bbox 2112 4996 3758 5076; baseline -0.007 -14"><span class='ocrx_word' id='word_1_772' title='bbox 2112 5023 2210 5062; x_wconf 92' lang='lat' dir='ltr'>eos</span> <span class='ocrx_word' id='word_1_773' title='bbox 2263 5005 2467 5076; x_wconf 85' lang='lat' dir='ltr'><strong>jubeat</strong></span> <span class='ocrx_word' id='word_1_774' title='bbox 2499 5024 2514 5073; x_wconf 90' lang='lat'><strong>;</strong></span> <span class='ocrx_word' id='word_1_775' title='bbox 2549 5009 2798 5076; x_wconf 89' lang='lat' dir='ltr'><strong>quatuor</strong></span> <span class='ocrx_word' id='word_1_776' title='bbox 2847 5001 3152 5058; x_wconf 91' lang='lat' dir='ltr'><strong>ordinibus</strong></span> <span class='ocrx_word' id='word_1_777' title='bbox 3189 4999 3502 5072; x_wconf 66' lang='lat' dir='ltr'><strong>praefectis,</strong></span> <span class='ocrx_word' id='word_1_778' title='bbox 3557 4997 3655 5068; x_wconf 90' lang='lat' dir='ltr'>qui</span> <span class='ocrx_word' id='word_1_779' title='bbox 3684 4996 3758 5051; x_wconf 87' lang='lat' dir='ltr'>ad</span> 
     </span>
    </p>
   </div>
   <div class='ocr_carea' id='block_1_104' title="bbox 2110 5085 3757 5164">
    <p class='ocr_par' dir='ltr' id='par_1_104' title="bbox 2110 5085 3757 5164">
     <span class='ocr_line' id='line_1_104' title="bbox 2110 5085 3757 5164; baseline -0.007 -14"><span class='ocrx_word' id='word_1_780' title='bbox 2110 5095 2298 5151; x_wconf 88' lang='lat' dir='ltr'><strong>lineas</strong></span> <span class='ocrx_word' id='word_1_781' title='bbox 2325 5093 2522 5164; x_wconf 89' lang='lat' dir='ltr'><strong>Euripi</strong></span> <span class='ocrx_word' id='word_1_782' title='bbox 2547 5091 2936 5158; x_wconf 87' lang='lat' dir='ltr'><strong>descendunt,</strong></span> <span class='ocrx_word' id='word_1_783' title='bbox 2956 5105 3028 5145; x_wconf 91' lang='lat' dir='ltr'>ne</span> <span class='ocrx_word' id='word_1_784' title='bbox 3044 5089 3146 5161; x_wconf 90' lang='lat' dir='ltr'>qui</span> <span class='ocrx_word' id='word_1_785' title='bbox 3176 5089 3250 5143; x_wconf 92' lang='lat' dir='ltr'>ab</span> <span class='ocrx_word' id='word_1_786' title='bbox 3279 5087 3482 5143; x_wconf 90' lang='lat' dir='ltr'><strong>ordine</strong></span> <span class='ocrx_word' id='word_1_787' title='bbox 3495 5085 3757 5141; x_wconf 82' lang='lat' dir='ltr'><strong>alienum</strong></span> 
     </span>
    </p>
   </div>
   <div class='ocr_carea' id='block_1_105' title="bbox 2109 5175 3759 5246">
    <p class='ocr_par' dir='ltr' id='par_1_105' title="bbox 2109 5175 3759 5246">
     <span class='ocr_line' id='line_1_105' title="bbox 2109 5175 3759 5246; baseline -0.005 -7"><span class='ocrx_word' id='word_1_788' title='bbox 2109 5185 2167 5240; x_wconf 92' lang='lat' dir='ltr'><strong>in</strong></span> <span class='ocrx_word' id='word_1_789' title='bbox 2220 5199 2484 5240; x_wconf 86' lang='lat' dir='ltr'><strong>cursores</strong></span> <span class='ocrx_word' id='word_1_790' title='bbox 2517 5182 2889 5239; x_wconf 86' lang='lat' dir='ltr'><strong>committant</strong></span> <span class='ocrx_word' id='word_1_791' title='bbox 2918 5179 3159 5237; x_wconf 70' lang='lat' dir='ltr'><strong>affectus</strong></span> <span class='ocrx_word' id='word_1_792' title='bbox 3203 5193 3402 5243; x_wconf 87' lang='lat' dir='ltr'><strong>causa,</strong></span> <span class='ocrx_word' id='word_1_793' title='bbox 3435 5177 3534 5232; x_wconf 88' lang='lat' dir='ltr'>sed</span> <span class='ocrx_word' id='word_1_794' title='bbox 3566 5175 3759 5246; x_wconf 85' lang='lat' dir='ltr'><strong>potius</strong></span> 
     </span>
    </p>
   </div>
   <div class='ocr_carea' id='block_1_106' title="bbox 2107 5263 3759 5338">
    <p class='ocr_par' dir='ltr' id='par_1_106' title="bbox 2107 5263 3759 5338">
     <span class='ocr_line' id='line_1_106' title="bbox 2107 5263 3759 5338; baseline -0.007 -9"><span class='ocrx_word' id='word_1_795' title='bbox 2107 5289 2338 5330; x_wconf 90' lang='lat' dir='ltr'><strong>summa</strong></span> <span class='ocrx_word' id='word_1_796' title='bbox 2384 5288 2520 5328; x_wconf 92' lang='lat' dir='ltr'><strong>cum</strong></span> <span class='ocrx_word' id='word_1_797' title='bbox 2570 5269 2919 5327; x_wconf 89' lang='lat' dir='ltr'><strong>verecundia</strong></span> <span class='ocrx_word' id='word_1_798' title='bbox 2965 5269 3218 5338; x_wconf 85' lang='lat' dir='ltr'><strong>adstent,</strong></span> <span class='ocrx_word' id='word_1_799' title='bbox 3261 5263 3562 5337; x_wconf 65' lang='lat' dir='ltr'><strong>quaeipsis</strong></span> <span class='ocrx_word' id='word_1_800' title='bbox 3593 5280 3759 5319; x_wconf 82' lang='lat' dir='ltr'><strong>man-</strong></span> 
     </span>
    </p>
   </div>
   <div class='ocr_carea' id='block_1_107' title="bbox 2107 5351 3756 5433">
    <p class='ocr_par' dir='ltr' id='par_1_107' title="bbox 2107 5351 3756 5433">
     <span class='ocr_line' id='line_1_107' title="bbox 2107 5351 3756 5433; baseline -0.008 -15"><span class='ocrx_word' id='word_1_801' title='bbox 2107 5363 2241 5418; x_wconf 89' lang='lat' dir='ltr'><strong>data</strong></span> <span class='ocrx_word' id='word_1_802' title='bbox 2269 5367 2432 5427; x_wconf 88' lang='lat' dir='ltr'><strong>sunt,</strong></span> <span class='ocrx_word' id='word_1_803' title='bbox 2477 5358 2791 5433; x_wconf 91' lang='lat' dir='ltr'><strong>peracturi.</strong></span> <span class='ocrx_word' id='word_1_804' title='bbox 2824 5356 3174 5420; x_wconf 86' lang='lat' dir='ltr'><strong>Notandum,</strong></span> <span class='ocrx_word' id='word_1_805' title='bbox 3217 5369 3415 5426; x_wconf 86' lang='lat' dir='ltr'><strong>preces</strong></span> <span class='ocrx_word' id='word_1_806' title='bbox 3455 5351 3653 5424; x_wconf 92' lang='lat' dir='ltr'><strong>populi</strong></span> <span class='ocrx_word' id='word_1_807' title='bbox 3682 5351 3756 5405; x_wconf 92' lang='lat' dir='ltr'>ad</span> 
     </span>
    </p>
   </div>
   <div class='ocr_carea' id='block_1_108' title="bbox 1719 5457 2390 5515">
    <p class='ocr_par' dir='ltr' id='par_1_108' title="bbox 1719 5457 2390 5515">
     <span class='ocr_line' id='line_1_108' title="bbox 1719 5457 2390 5515; baseline 0.003 -5"><span class='ocrx_word' id='word_1_808' title='bbox 1719 5457 1959 5514; x_wconf 74' lang='lat' dir='ltr'>VARIE</span> <span class='ocrx_word' id='word_1_809' title='bbox 1999 5458 2390 5515; x_wconf 84' lang='lat' dir='ltr'>LECTIONES</span> 
     </span>
    </p>
   </div>
   <div class='ocr_carea' id='block_1_109' title="bbox 427 5546 2215 5626">
    <p class='ocr_par' dir='ltr' id='par_1_109' title="bbox 427 5546 2215 5626">
     <span class='ocr_line' id='line_1_109' title="bbox 427 5546 2215 5626; baseline 0.006 -22"><span class='ocrx_word' id='word_1_810' title='bbox 427 5549 471 5585; x_wconf 76' lang='grc'>⁸⁷</span> <span class='ocrx_word' id='word_1_811' title='bbox 511 5546 777 5624; x_wconf 68' lang='grc' dir='ltr'>εὸριππον</span> <span class='ocrx_word' id='word_1_812' title='bbox 817 5552 947 5609; x_wconf 91' lang='lat' dir='ltr'><strong>cod.</strong></span> <span class='ocrx_word' id='word_1_813' title='bbox 982 5557 1038 5608; x_wconf 87' lang='lat' dir='ltr'>et</span> <span class='ocrx_word' id='word_1_814' title='bbox 1067 5553 1160 5608; x_wconf 87' lang='lat' dir='ltr'><strong>ed.</strong></span> <span class='ocrx_word' id='word_1_815' title='bbox 1195 5551 1467 5626; x_wconf 81' lang='lat' dir='ltr'><strong>idemque</strong></span> <span class='ocrx_word' id='word_1_816' title='bbox 1498 5569 1548 5608; x_wconf 91' lang='lat' dir='ltr'><strong>v.</strong></span> <span class='ocrx_word' id='word_1_817' title='bbox 1583 5553 1671 5610; x_wconf 79' lang='grc'>21.</span> <span class='ocrx_word' id='word_1_818' title='bbox 1746 5553 1797 5588; x_wconf 75' lang='grc'>⁸⁸</span> <span class='ocrx_word' id='word_1_819' title='bbox 1833 5552 1944 5606; x_wconf 77' lang='grc' dir='ltr'>ἄνω</span> <span class='ocrx_word' id='word_1_820' title='bbox 1981 5557 2088 5608; x_wconf 83' lang='grc' dir='ltr'>τῶν</span> <span class='ocrx_word' id='word_1_821' title='bbox 2126 5559 2215 5614; x_wconf 88' lang='lat' dir='ltr'><strong>ed.</strong></span> 
     </span>
    </p>
   </div>
   <div class='ocr_carea' id='block_1_110' title="bbox 1420 5643 2691 5701">
    <p class='ocr_par' dir='ltr' id='par_1_110' title="bbox 1420 5643 2691 5701">
     <span class='ocr_line' id='line_1_110' title="bbox 1420 5643 2691 5701; baseline 0.001 -3"><span class='ocrx_word' id='word_1_822' title='bbox 1420 5643 1612 5700; x_wconf 75' lang='lat' dir='ltr'><strong>JOAN.</strong></span> <span class='ocrx_word' id='word_1_823' title='bbox 1645 5643 1792 5699; x_wconf 81' lang='lat' dir='ltr'>JAC.</span> <span class='ocrx_word' id='word_1_824' title='bbox 1825 5643 2087 5701; x_wconf 74' lang='lat' dir='ltr'><strong>REISKll</strong></span> <span class='ocrx_word' id='word_1_825' title='bbox 2117 5643 2691 5701; x_wconf 81' lang='lat' dir='ltr'>COMMENTARIUS</span> 
     </span>
    </p>
   </div>
   <div class='ocr_carea' id='block_1_111' title="bbox 428 5738 2612 5815">
    <p class='ocr_par' dir='ltr' id='par_1_111' title="bbox 428 5738 2612 5815">
     <span class='ocr_line' id='line_1_111' title="bbox 428 5738 2612 5815; baseline 0 -17"><span class='ocrx_word' id='word_1_826' title='bbox 428 5738 540 5810; x_wconf 75' lang='grc'>(43)</span> <span class='ocrx_word' id='word_1_827' title='bbox 560 5743 822 5805; x_wconf 83' lang='lat' dir='ltr'><strong>Quatuor</strong></span> <span class='ocrx_word' id='word_1_828' title='bbox 849 5744 1109 5814; x_wconf 78' lang='lat' dir='ltr'><strong>tagmata</strong></span> <span class='ocrx_word' id='word_1_829' title='bbox 1151 5747 1289 5800; x_wconf 91' lang='lat' dir='ltr'><strong>sunt</strong></span> <span class='ocrx_word' id='word_1_830' title='bbox 1325 5762 1342 5809; x_wconf 70' lang='grc' dir='ltr'>ς</span> <span class='ocrx_word' id='word_1_831' title='bbox 1369 5743 1610 5815; x_wconf 69' lang='lat' dir='ltr'><strong>Schole,</strong></span> <span class='ocrx_word' id='word_1_832' title='bbox 1643 5742 1945 5809; x_wconf 74' lang='lat' dir='ltr'><strong>Eacubita,</strong></span> <span class='ocrx_word' id='word_1_833' title='bbox 1975 5743 2235 5800; x_wconf 82' lang='lat' dir='ltr'><strong>Hicanati</strong></span> <span class='ocrx_word' id='word_1_834' title='bbox 2265 5750 2324 5801; x_wconf 89' lang='lat' dir='ltr'>et</span> <span class='ocrx_word' id='word_1_835' title='bbox 2350 5743 2612 5801; x_wconf 84' lang='lat' dir='ltr'><strong>Numeri.</strong></span> 
     </span>
    </p>
   </div>
  </div>
