4138 6212
387 377 505 438 663

1455 384 1979 445 CONSTANTINI
2026 379 2717 444 PORPHYROGENITI

3666 374 3785 436 664

391 506 753 563 saltatorium
817 510 1096 581 hymnum
1165 512 1283 567 toni
1346 514 1518 584 primi
1579 520 1842 583 canunt;
1896 532 2038 571 can-

2159 510 2470 581 πολιτικὴν,
2520 510 2742 585 λέγουσι
2787 510 2879 563 τὸν
2934 505 3254 581 χορευτικὸν
3286 505 3390 582 ἦχ.
3439 513 3503 560 α’.
3539 507 3791 583 Λέγουσιν

396 603 550 652 tores
616 596 923 668 incipiunt,
1011 600 1264 671 populus
1349 604 1658 674 respondet
1716 620 1730 661 :
1789 626 1817 655 ιι
1892 605 2035 660 Ecce

395 701 495 740 ver
523 701 818 741 amcenum
870 704 1069 745 rursus
1117 690 1389 755 exoritur,
1421 694 1726 764 gaudium,
1760 693 2032 759 salutem,

396 776 572 829 vitam
648 782 706 831 et
761 778 1266 847 tranquillitatem,
1324 781 1595 837 virtutem
1669 782 1922 839 divinam
1978 788 2034 838 et

397 862 714 932 victoriam,
754 865 1037 922 divinitus
1095 867 1373 923 adversus
1423 868 1619 925 hostes
1673 886 2033 937 concessam,

394 951 679 1008 aﬂ‘erens!
716 975 744 1002 ι)
777 955 1018 1019 Quando
1049 957 1117 1010 ad
1154 967 1358 1012 metam
1404 957 1625 1013 Prasini
1678 962 1871 1032 gregis
1907 977 2033 1031 per-

395 1042 718 1108 veniunt,et
743 1042 1571 1117 hucdeﬂectunt,apelaticum
1598 1050 1880 1117 hymnum
1900 1056 2035 1105 tono

396 1131 553 1200 gravi
588 1132 827 1187 recitant
874 1149 887 1186 :
930 1156 957 1182 ιι
996 1131 1139 1188 Urbs
1169 1140 1269 1188 tua
1300 1135 1691 1205 elﬂorescens,
1724 1138 2037 1210 imperator

394 1219 488 1286 N.,
514 1220 617 1274 tibi
654 1223 857 1276 merito
900 1222 1085 1277 felicia
1135 1231 1403 1294 precatur
1434 1240 1447 1279 :
1482 1232 1640 1281 tuam
1674 1228 1826 1283 enim
1879 1245 2038 1283 man-

395 1309 763 1365 suetudinem
816 1311 1071 1379 intuens,
1126 1313 1369 1368 alterum
1414 1314 1687 1371 Davidem
1748 1322 1803 1371 te
1850 1322 2034 1374 vocat.

396 1398 555 1455 Fidei
600 1416 915 1469 preconem
973 1403 1494 1473 sapientissimum,
1551 1405 1727 1460 alium
1788 1406 2034 1462 Paulum

396 1487 751 1556 apostolum,
783 1489 1010 1545 Christo
1051 1490 1364 1558 munitum,
1398 1494 1583 1548 cernit
1612 1502 1662 1549 to
1682 1500 2036 1551 avertentem

398 1574 514 1631 tela
543 1576 911 1633 inimicorum
948 1594 961 1632 :
996 1588 1293 1649 prapterea
1325 1587 1526 1650 potens
1564 1598 1627 1637 es
1658 1590 1716 1636 et
1762 1583 2035 1652 imperas,

398 1670 467 1722 ut
495 1676 703 1721 unctus
732 1684 765 1721 a
796 1666 1061 1723 Domino.
1098 1690 1125 1716 »
1157 1672 1399 1733 Quando
1430 1670 1488 1724 in
1524 1670 1569 1725 Il
1602 1671 1773 1741 inque
1795 1689 2039 1743 conspe-

399 1758 562 1811 ctum
620 1754 1034 1823 imperatorum
1084 1774 1308 1823 venere,
1344 1761 1696 1825 subsistunt,
1729 1769 1782 1815 et
1839 1763 2036 1818 dicunt

397 1850 739 1901 cantoresza
771 1846 951 1901 Multa
981 1849 1142 1903 vobis
1174 1854 1456 1920 tempora,
1480 1850 1675 1906 divina
1696 1854 2034 1923 maiestas!»

2143 602 2193 655 οἱ
2236 603 2482 675 κράκται,
2516 602 2603 656 καὶ
2655 602 3003 673 ἀποκρινεται
3048 599 3077 651 ὁ
3127 594 3278 651 λαοσ·
3314 618 3345 650 ιι
3377 594 3489 653 Ἴδε
3515 597 3578 652 τὸ
3610 593 3700 671 ἔαρ
3730 599 3789 654 τὸ

2141 689 2313 764 γλυκῦ
2361 690 2528 745 πάλιν
2576 687 2951 756 ἐπανατέλλει,
3000 686 3201 762 χαρὰν,
3257 683 3458 759 ὑγίειαν
3514 686 3605 740 καὶ
3653 690 3790 756 ζωήν

2141 780 2230 833 καὶ
2272 780 2370 847 τήν
2422 778 2739 853 εὐημερίαν,
2791 774 3146 853 ἀνδραγαθίαν
3198 772 3258 828 ἐκ
3296 778 3430 829 Θεοῦ
3477 780 3599 836 τοῖς
3643 777 3789 849 βασι·

2144 866 2295 922 λεῦσι
2360 867 2663 941 Ῥωμαίων,
2703 868 2793 921 καὶ
2858 866 3008 935 νὲκην
3074 862 3414 937 θεοδωρητὸν
3483 864 3619 918 κατὰ
3684 866 3787 920 τῶν

2143 957 2447 1029 πολεμίων.
2496 982 2525 1009 ››
2577 956 2677 1014 Καὶ
2726 956 2815 1010 ’ὀτε
2867 951 3097 1016 ἔλθωσιν
3146 951 3224 1015 εἷς
3267 952 3357 1007 τὸν
3404 955 3651 1024 καμπτὸν
3699 958 3792 1008 τοῦ

2142 1046 2413 1119 Πρασίνου
2445 1047 2533 1101 καὶ
2565 1048 2863 1118 κάμψουσι,
2916 1041 3134 1118 λέγουσι
3180 1044 3272 1095 τὸν
3321 1040 3649 1096 ἀπελατικὸν
3692 1043 3789 1117 ἧχ.

2148 1138 2333 1212 βαρύς·
2369 1162 2396 1190 (ι
2425 1136 2842 1193 Ἀναθάλλουσα
2872 1138 2905 1204 ἡ
2936 1133 3101 1196 πόλις
3146 1154 3263 1200 σου,
3298 1134 3325 1188 6
3359 1130 3503 1188 δεῖνα
3532 1134 3797 1207 αὐτοκράο

2144 1246 2255 1299 τωρ
2316 1225 2599 1301 ἐπεύχεται
2649 1222 2986 1299 καταχρέως,
3054 1223 3152 1292 τήν
3214 1222 3317 1297 γὰρ
3364 1222 3645 1295 πραότητᾶ
3704 1244 3797 1277 σου

2143 1316 2348 1389 ορῶσα,
2396 1313 2567 1369 ὰλΛον
2629 1309 2795 1369 Δαϐίδ
2836 1314 2880 1351 ⁷¹
2941 1333 2999 1367 σε
3056 1311 3314 1383 ὀνομάζει
3361 1313 3498 1383 (49).
3550 1311 3661 1368 Τὸν
3704 1316 3799 1378 τῆς

2144 1407 2378 1467 πίστεως
2424 1408 2637 1477 κήρυκα
2692 1405 3024 1483 σοφώτατον,
3086 1401 3303 1457 Παῦλον
3364 1401 3673 1458 ἀπόστολον
3713 1404 3801 1459 τὸν

2147 1494 2649 1569 ἐνθωρακισάμενον
2707 1493 2972 1569 Χριστὸν⁹
3033 1490 3300 1567 βλέπει’η
3361 1494 3470 1563 (50)
3533 1492 3801 1567 ἀποστρέ-

2146 1604 2315 1660 φοντα
2345 1585 2453 1655 (51)
2483 1588 2591 1638 τῶν
2638 1580 2969 1661 ἀλλοφύλων
3018 1582 3085 1637 τὰ
3135 1578 3294 1653 βέλη,
3329 1578 3416 1634 διὰ
3446 1585 3608 1636 τοῦτο
3642 1581 3806 1657 ἶσχῦο

2148 1692 2223 1734 εις
2251 1672 2341 1726 καὶ
2376 1671 2705 1745 βασιλεὺεις,
2754 1672 2831 1733 ὡς
2878 1670 3125 1745 χρισθεῖς
3174 1669 3320 1743 παρᾶ
3368 1670 3593 1745 Κυρίου.
3624 1696 3653 1721 ››
3685 1671 3798 1727 Καὶ

2147 1762 2236 1816 ὅτε
2293 1755 2523 1824 ἔλθωσιν
2584 1760 2659 1823 εἰς
2715 1761 2778 1815 τὸ
2855 1766 2900 1815 II
2975 1756 3277 1833 ἔμπροσθεν
3336 1763 3443 1813 τῶν
3503 1758 3796 1832 βασιλέων.

2142 1848 2409 1916 ἵστανται,
2458 1847 2547 1902 καὶ
2599 1845 2817 1923 λέγουσι
2866 1848 2920 1901 ol
2966 1846 3215 1920 κράκταιο
3268 1869 3297 1896 ι(
3342 1844 3557 1913 Πολλὰ,
3588 1845 3795 1917 πολλὰ,

398 1934 651 2006 populus
669 1951 682 1988 :
703 1954 725 1981 ι
751 1935 931 1990 Multa
944 1936 1105 1991 vobis
1122 1900 1382 2007 temporra
1401 1938 1414 1993 l
1436 1900 1462 1988 il
1486 1943 1760 1995 Cantores
1782 1900 1841 1996 :lu
1861 1942 2041 1998 Multa

2159 1935 2354 1992 πολλά·
2452 1938 2480 1991 6
2513 1900 2721 1998 la6;'.«
2751 1935 2941 1991 Πολλὰ
2970 1900 3063 2002 ἔτη
3088 1933 3165 1996 εἷς
3186 1932 3391 1990 πολλὰ.
3417 1958 3446 1987 ››
3474 1936 3542 1991 Ol
3573 1936 3796 2009 κράκται

394 2021 563 2077 vobis
595 2031 873 2094 tempora,
906 2024 980 2078 Ν.
1024 2024 1090 2080 Ν.
1127 2026 1505 2096 imperatores
1541 2027 1966 2085 Romanorum!
2010 2054 2038 2081 ››

397 2110 648 2184 papulus
666 2128 679 2166 :
697 2134 721 2164 ι
747 2113 1372 2184 Multavobistempora
1395 2118 1405 2173 l
1431 2120 1749 2173 nCantores
1774 2133 1788 2173 :
1813 2142 1841 2168 «
1860 2119 2043 2177 Multa

395 2199 561 2255 vobis
581 2202 1072 2273 tempora,famoli
1091 2204 1320 2258 Domini
1338 2203 1350 2259 l
1375 2227 1402 2253 ››
1423 2206 1673 2277 papulus
1688 2216 1799 2261 ter:
1824 2230 1843 2255 ιι
1865 2208 2045 2263 Multa

397 2290 562 2347 vobis
575 2298 824 2364 tempora
841 2293 853 2348 Ξ
870 2294 1180 2351 »Οδοιοτθθ
1195 2296 1305 2351 :«M
1317 2296 1435 2352 ulta
1447 2298 1609 2352 vobis
1623 2304 1724 2353 tem
1734 2300 2044 2371 pora,N.N.

403 2385 663 2453 auguste
688 2382 1073 2438 Romanorum
1102 2383 1153 2438 Ξ·
1184 2384 1503 2457 ρορυιυεειι
1533 2385 1713 2441 Multa
1728 2389 2044 2444 vobistem-

405 2470 633 2542 pora!»
668 2470 947 2527 Cantores
976 2490 989 2526 :
1015 2496 1041 2523 ιι
1063 2474 1383 2538 Mullatibi,
1406 2477 1990 2547 praefecte,temporal
2019 2500 2045 2527 ››

405 2559 683 2630 p0pulus:
702 2583 727 2608 «
749 2560 927 2615 Multa
950 2562 1051 2614 tibi
1076 2572 1333 2633 tempora
1351 2563 1362 2617 Ξ
1382 2587 1408 2612 υ
1426 2564 1729 2619 Cantores:
1748 2567 2046 2636 «Domine,

407 2662 572 2701 serva
603 2648 873 2703 dominos
907 2649 1330 2706 Romanorum!
1368 2673 1395 2699 »
1432 2652 1677 2723 populus
1710 2661 1797 2708 ter
1831 2671 1895 2708 :«
1937 2660 2048 2710 Do-

407 2734 587 2803 mine,
621 2737 811 2790 servat
866 2759 894 2785 υ
940 2736 1209 2792 Cantores
1258 2756 1270 2792 :
1325 2761 1352 2787 ιι
1404 2739 1668 2806 Domine,
1720 2759 1886 2798 serva
1923 2761 1955 2797 a
1998 2753 2049 2800 to

404 2826 744 2881 coronatos!
782 2848 811 2874 ››
846 2826 1097 2898 populus
1128 2832 1212 2882 ter
1244 2845 1257 2883 :
1293 2850 1320 2876 ιι
1354 2829 1874 2895 Domine,serval»
1897 2834 2049 2889 Can-

406 2915 599 2967 tores:
635 2932 663 2961 «
696 2912 961 2983 Domine,
994 2930 1158 2969 serva
1191 2917 1554 2985 majestatem
1585 2925 1751 2973 rectas
1773 2920 2048 2977 doctrinas

407 2999 765 3070 studiosam;
829 3024 858 3051 ››
916 3003 1167 3073 papulas
1213 3010 1301 3059 ter
1345 3020 1358 3058 :
1406 3026 1434 3054 ‹ι
1484 3004 1747 3077 Domine,
1798 3025 1983 3065 serva.
2020 3032 2048 3060 »

408 3088 733 3147 Cantores:
773 3110 797 3140 ι
856 3092 1096 3148 Domine
1146 3110 1160 3149 :
1220 3108 1385 3148 serva
1439 3097 1870 3153 renovationem
1923 3115 2048 3170 pre-

410 3178 586 3234 cum!
621 3202 645 3232 ι
693 3180 945 3252 populus
985 3187 1073 3236 ter
1105 3198 1118 3235 :
1157 3204 1177 3230 ι
1213 3181 1483 3249 Domine,
1534 3185 1731 3240 serva!
1768 3208 1795 3235 ››
1841 3189 2048 3243 Canto-

2157 2048 2177 2076 ι
2195 2025 2405 2081 [Ιολλοὶ
2424 2026 2550 2099 ὑμῖν
2572 2027 2787 2104 χρόνοι,
2809 2028 2844 2094 η
2861 2023 3041 2088 ’ἔνθεος
3062 2022 3329 2098 βασιλεία·
3349 2048 3377 2075 ››
3395 2025 3422 2078 6
3444 2023 3595 2086 λαός⁶
3611 2049 3638 2076 ιι
3662 2025 3801 2080 Πολ-

2150 2114 2239 2171 λοὶ
2274 2116 2400 2188 ὑμῖν
2429 2117 2647 2191 χρόνοι.
2684 2140 2712 2166 ››
2744 2116 2811 2173 Ol
2841 2114 3089 2189 κράκται·
3131 2136 3153 2165 ι
3185 2110 3403 2169 Πολλοὶ
3436 2113 3563 2186 ὑμῖν
3587 2114 3803 2189 χρόνοι,

2152 2207 2180 2260 6
2238 2202 2384 2259 δεῖνα
2436 2205 2529 2259 καὶ
2578 2206 2607 2259 6
2657 2202 2806 2259 δεῖνα
2872 2203 3270 2277 αὐτοκράτορες
3334 2202 3645 2276 Ῥωμαίων·
3695 2225 3721 2255 a
3775 2205 3805 2258 6

2153 2294 2287 2356 λαός
2321 2313 2332 2325 .
2376 2317 2399 2346 α
2439 2292 2649 2351 ιιολλοὶ
2678 2294 2805 2365 ὑμῖν
2840 2293 3055 2368 χρόνοι.
3091 2316 3119 2343 ››
3152 2292 3219 2349 Ol
3249 2290 3496 2364 κράκταιο
3530 2316 3557 2343 ιι
3594 2290 3809 2349 Πολλοὶ

2157 2388 2283 2458 ὑμῖν
2317 2387 2533 2461 χρόνοι.
2585 2386 2635 2439 οἱ
2687 2385 3009 2459 θεράποντες
3056 2388 3154 2439 τοῦ
3206 2382 3430 2457 Κυρίου’
3470 2408 3497 2433 »ν
3530 2384 3559 2437 6
3591 2384 3726 2447 λαὸς
3750 2382 3811 2438 ἐκ

2153 2476 2357 2548 τρίτου’
2396 2499 2423 2526 (ι
2452 2470 2663 2529 Ηολλοὶ
2698 2474 2824 2547 ὑμῖν
2859 2474 3075 2550 χρόνοι.
3105 2496 3131 2523 ι)
3165 2473 3231 2529 Ol
3253 2473 3503 2545 κράκται·
3537 2497 3565 2522 ‹‹
3598 2471 3809 2527 Πολλοὶ

2156 2564 2281 2637 ὑμῖν
2310 2564 2526 2638 χρόνοι,
2558 2564 2586 2617 ὁ
2619 2560 2767 2617 δεῖνα
2800 2575 2890 2617 καί
2946 2564 2974 2616 6
3029 2560 3172 2616 δεῖνα
3221 2560 3511 2635 αὐγοῦσται
3542 2566 3649 2615 τῶν
3679 2562 3813 2618 Ῥω.

2158 2654 2314 2726 καίων’
2352 2678 2379 2704 ›)
2411 2654 2438 2707 6
2471 2650 2627 2715 λαός·
2663 2677 2690 2703 ‹‹
2726 2650 2940 2708 Πολλοὶ
2988 2651 3117 2723 ὑμῖν
3150 2649 3363 2725 χρόνον
3402 2675 3429 2701 ››
3462 2651 3529 2707 Ol
3560 2652 3810 2723 κράκται·

2156 2766 2184 2793 ‹‹
2218 2739 2431 2796 Πολλοὶ
2463 2745 2557 2795 σόη)
2585 2742 2802 2816 χρόνοι.
2834 2741 2913 2797 Τὰ
2940 2740 3063 2812 τρία
3107 2743 3186 2811 τῷ
3237 2739 3491 2813 ὑπάρχῳ·
3529 2762 3557 2789 ››
3591 2739 3618 2793 ὁ
3649 2739 3805 2799 λαός·

2156 2856 2183 2883 ιι
2218 2828 2427 2885 Πολλοὶ
2462 2851 2560 2884 σου
2607 2830 2818 2908 χρόνοι·
2856 2854 2884 2880 ››
2936 2830 3003 2887 Ol
3051 2828 3298 2902 κράκται·
3347 2853 3374 2879 (ι
3410 2827 3596 2903 Κύριε,
3631 2833 3804 2883 σῶσον

2156 2919 2281 2981 τοὺς
2328 2916 2590 2980 δεσπότας
2634 2919 2941 2993 Ῥωμαίων.
2983 2941 3012 2970 »
3063 2919 3091 2972 6
3142 2915 3274 2980 λαὸς
3326 2916 3381 2971 ἐγ
3437 2919 3505 2992 γ’·
3555 2943 3581 2969 ‹‹
3619 2917 3809 2992 Κύριε,

2158 3014 2349 3063 σῶσον.
2402 3032 2429 3060 ››
2478 3010 2545 3067 Ol
2590 3027 2837 3082 κρακται·
2890 3031 2917 3059 ι(
2970 3007 3152 3081 Κύριε,
3202 3011 3376 3061 σιῖσον
3434 3005 3561 3067 τοὺς
3610 3005 3669 3060 ἐκ
3714 3003 3818 3059 σοῧ

2157 3096 2538 3171 ἐστεμμένους·
2585 3121 2613 3149 ››
2674 3097 2702 3150 6
2754 3094 2920 3169 λάγος
2966 3094 3025 3150 ἐκ
3072 3101 3148 3168 γ“·
3217 3118 3245 3145 ιι
3297 3092 3486 3169 Κύριε,
3538 3100 3734 3151 σῶσον.
3786 3119 3819 3145 ››

2170 3187 2237 3242 Ol
2286 3186 2510 3259 κράκται
2578 3209 2605 3236 ιι
2666 3186 2844 3259 Κύριε,
2928 3188 3101 3238 σῶσον
3170 3180 3459 3257 ὀροόδοξον
3519 3184 3736 3257 κράτος·
3789 3207 3822 3235 κ

411 3284 505 3323 res
542 3285 554 3321 :
590 3290 616 3318 ιι
654 3268 915 3337 Domine,
947 3286 1113 3325 serva
1151 3270 1379 3325 divitias
1430 3273 1860 3343 subjectorum!
1895 3298 1921 3325 ››
1957 3294 2047 3345 po-

2172 3278 2199 3331 6
2245 3254 2376 3337 λαος
2417 3274 2475 3329 ἐκ
2520 3277 2585 3351 γ’·
2640 3300 2660 3326 ιι
2696 3254 2889 3349 Κόριε⁹
2938 3278 3136 3328 σῶσον.
3167 3254 3213 3325 »Ὗ
3246 3274 3311 3330 Ol
3363 3254 3609 3348 πράκταιο
3660 3299 3685 3325 ι(
3717 3274 3827 3329 K6-

416 3357 593 3429 pnlus
641 3367 725 3413 ter
776 3376 790 3413 :
843 3382 871 3408 ιι
919 3358 1179 3423 Domine,
1227 3361 1423 3415 serva!
1478 3384 1505 3409 ››
1575 3366 1847 3419 Cantores
1883 3383 1895 3419 :
1929 3389 1957 3415 ‹‹
1990 3370 2062 3422 At

419 3448 686 3501 omnium
707 3446 938 3502 Creator
954 3456 1011 3501 et
1046 3448 1322 3502 Dominus
1350 3454 1614 3520 tempora
1637 3458 1845 3517 vestra,
1880 3470 2063 3525 augu-

419 3538 644 3588 starum
678 3540 735 3588 et
768 3535 1727 3606 porphyrogenitorumconservetl
1756 3564 1783 3589 ››
1817 3546 2065 3612 populus

420 3625 512 3678 ter
545 3637 559 3676 :
583 3642 613 3672 «
637 3622 903 3691 Domine,
926 3641 1091 3680 sorva
1116 3624 1174 3679 is
1208 3625 1483 3683 Cantores
1516 3644 1530 3682 :
1557 3651 1584 3679 ιι
1608 3630 1891 3686 Exaudiat
1913 3632 2065 3689 Deus

418 3712 705 3784 populum
738 3712 1039 3769 vestrum!
1074 3736 1104 3764 ››
1152 3715 1402 3786 populus
1435 3722 1562 3773 ter:
1591 3741 1619 3768 α
1646 3718 1908 3792 Domine,
1942 3739 2063 3777 ser-

413 3798 522 3856 val
558 3820 587 3849 ››
619 3805 677 3856 et
696 3800 778 3857 sic
809 3801 1003 3857 fausta
1033 3818 1237 3859 omnes
1269 3820 1335 3859 ao
1366 3804 1543 3860 vitam
1576 3807 1918 3864 diuturnam
1949 3810 2064 3866 im-

415 3889 669 3961 peratori
700 3891 953 3946 carmine
983 3898 1392 3963 apprecantur.

2172 3384 2276 3436 ριε,
2327 3368 2498 3417 σῶσον
2536 3365 2634 3432 τὴν
2682 3362 3029 3432 ἂναγαίνησιν
3071 3366 3176 3417 τῶν
3229 3362 3513 3432 αἰτησὶιυν·
3555 3386 3579 3412 n
3630 3364 3657 3417 6
3688 3362 3824 3425 λαὸς

2175 3450 2234 3506 ἒκ
2279 3454 2345 3526 γ“’
2397 3476 2423 3503 ιι
2456 3452 2641 3523 Κύριε,
2693 3456 2887 3507 σῶσον.
2937 3476 2965 3501 ››
3016 3452 3082 3508 Ol
3130 3451 3381 3524 κράκταιο
3438 3476 3466 3503 ‹‹
3511 3451 3690 3525 Κύριε,
3724 3455 3833 3505 σῶα-

2176 3562 2267 3596 σον
2294 3542 2385 3595 τὸν
2415 3538 2654 3595 πλοῦτον
2683 3545 2792 3594 τῶν
2827 3541 3106 3610 ὑπηκόων·
3150 3563 3177 3592 ››
3230 3541 3257 3594 6
3303 3538 3439 3601 λαὸς
3477 3539 3535 3595 ἐκ
3562 3542 3628 3615 γ’·
3663 3566 3689 3591 ιι
3720 3539 3830 3597 Κύ-

2175 3651 2278 3705 ριε,
2312 3636 2505 3687 σῶσον.
2541 3655 2567 3682 n
2611 3629 2678 3687 Ol
2723 3630 2969 3703 κράκται·
3006 3652 3033 3681 ιι
3063 3627 3222 3686 Ἀλλ’
3269 3630 3298 3683 6
3342 3629 3556 3683 πάντων
3587 3630 3833 3699 Ποιητής

2174 3719 2262 3773 καὶ
2296 3720 2568 3789 Δεσπότης
2614 3718 2742 3781 τοὺς
2790 3718 3027 3793 χρόνους
3080 3718 3234 3791 ὑμῶν
3286 3716 3551 3788 πληθύνει
3581 3719 3673 3773 σὺν
3704 3722 3831 3780 ταῖς

2175 3808 2496 3884 σύγούσταις
2547 3808 2637 3863 καὶ
2704 3812 2820 3869 τοῖς
2888 3809 3446 3885 πορφυρογεννητοις.
3498 3830 3525 3859 io
3597 3808 3625 3860 6
3692 3805 3829 3868 λαὸς

2174 3897 2233 3952 ἐκ
2291 3906 2365 3973 γ¹ο
2436 3920 2460 3951 α
2505 3896 2686 3970 Κύριε,
2750 3902 2949 3955 σῶσον.
3010 3918 3038 3949 is
3098 3896 3164 3952 Ol
3220 3896 3468 3971 κράκται·
3505 3920 3534 3948 ιι
3570 3894 3832 3953 Eleum-5-

415 3996 494 4032 σει
526 3977 555 4031 6
584 3978 713 4041 Θεὸς
741 3982 839 4034 τοῦ
870 3977 1008 4035 λαοῦ
1042 3980 1213 4054 ὁμων·
1249 4004 1277 4034 ››
1312 3983 1339 4037 6
1372 3983 1506 4046 λαὸς
1536 3983 1596 4039 ἐκ
1620 3987 1685 4061 γ’·
1722 4010 1745 4039 ιι
1783 3987 1969 4063 Κύριε,
2010 3993 2209 4059 σῶσον,
2242 4012 2269 4041 ››
2320 3987 2409 4042 καὶ
2461 3986 2785 4062 ἐπεύχονται
2830 3989 3042 4050 πάντες·
3077 3986 3167 4040 καὶ
3202 3984 3424 4061 λέγουσι
3456 3984 3831 4060 πολυχρόνιον

414 4064 545 4136 ποίη
556 4087 650 4139 μα.

900 4161 992 4216 21
1007 4160 1051 4215 5
1083 4162 1312 4217 CAPUT
1350 4164 1598 4220 LXXIV.

420 4246 554 4313 Quae
582 4263 615 4301 a
636 4247 993 4302 cancrum-iis
1022 4252 1303 4319 quaestoris
1332 4250 1395 4304 in
1438 4254 1781 4316 processibus
1810 4256 2065 4311 domino-

489 4333 619 4441 run:
645 4319 717 4373 ad
763 4318 1041 4387 Magnam’
1066 4320 1362 4375 Ecclesium
1393 4323 1587 4378 Latine
1614 4333 1912 4393 canuntur,
1946 4327 2063 4384 haec

490 4403 593 4441 sun
625 4428 638 4441 .

490 4403 638 4442 sum.

491 4474 557 4529 In
586 4474 898 4531 Nativitate
929 4477 1143 4533 Christi

417 4567 528 4631 est,
559 4566 615 4617 ct
644 4563 791 4634 Magi
824 4566 894 4620 ab
924 4565 1147 4621 oriente
1188 4582 1315 4621 cum
1367 4570 1704 4625 muneribus
1733 4571 1995 4628 adorant.
2034 4599 2061 4623 η

364 4646 367 4647 ⁷
416 4650 739 4723 Responsio
774 4668 787 4706 :
823 4673 851 4701 «
883 4653 1149 4708 Christus
1186 4654 1335 4711 Deus
1386 4662 1585 4712 noster
1625 4667 1923 4717 conservet
1951 4662 2062 4717 im-

417 4739 642 4813 perium
680 4750 935 4798 vestrum
987 4759 1086 4813 per
1116 4742 1333 4799 multos
1378 4762 1564 4801 annos
1615 4758 1669 4802 et
1699 4748 1925 4805 bonos!
1960 4750 2062 4807 Die

416 4828 725 4888 Luminum
746 4846 758 4883 :
782 4851 809 4877 ιι
829 4829 1086 4886 Joannes
1103 4833 1160 4886 in
1178 4832 1434 4890 Jordane
1449 4834 1703 4906 baptizat
1717 4837 2025 4896 Dominum
2044 4859 2058 4898 :

414 4914 467 4973 is
516 4934 721 4975 rursus
760 4920 900 4989 (aut,
949 4919 1174 4991 postea)
1233 4920 1318 4977 illi
1375 4923 1656 4982 acclamat
1704 4944 1717 4982 :
1769 4930 1818 4983 Α
1849 4934 1903 4985 te
1932 4929 2059 4987 volo

2800 4168 3042 4223 ΚΕΦΑΛ
3082 4168 3202 4222 OA‘.

2172 4253 2261 4329 Τὲι
2310 4253 2412 4308 ὑπὸ
2467 4258 2575 4307 τῶν
2822 4251 3237 4329 καγκελλαρλίων
3301 4256 3398 4329 τοῦ
3464 4253 3827 4329 διοιαῑστωρᾲος

2244 4324 2323 4397 ὲν,
2362 4329 2479 4387 ταῖς
2548 4322 2917 4397 προέλὲόσεσί
2957 4327 3065 4397 τῶν
3106 4322 3401 4397 ’.δεσποτῶν
3479 4323 3533 4378 ἐν
3585 4328 3654 4397 τῇ
3722 4322 3832 4380 Ms-

2240 4395 2381 4469 γάλῃ
2428 4393 2728 4466 Ἐκιιλήσίᾳ
2764 4395 3067 4468 Ῥωμαϊστὶ
3103 4393 3358 4467 ᾀδόμενα.

1180 4496 1192 4533 :
1228 4501 1255 4527 ιι
1296 4481 1368 4535 De
1402 4480 1583 4536 Maria
1613 4482 1853 4553 Virgine
1883 4491 2047 4541 natus

2241 4483 2332 4545 Εἷς
2370 4484 2438 4537 τὰ
2476 4485 2710 4557 Χριστοῦ
2749 4482 2910 4557 γέννα
2968 4483 3033 4519 ⁷⁸⁸
3094 4508 3123 4535 ιι
3168 4484 3254 4541 Δὶ.
3310 4482 3509 4559 Μαρὶε.
3564 4483 3823 4558 Βέργηνε.

2173 4578 2403 4631 Nai-conc.
2480 4572 2555 4630 ἐτ.
2624 4574 2829 4648 Μάγια.
2899 4569 3321 4646 δωριεντεχοὺμ.
3396 4572 3653 4643 μούνερα.
3704 4569 3827 4625 ἄδο-

2175 4661 2380 4735 ράντες,
2443 4684 2472 4713 ››
2540 4659 2949 4734 Ἐρμηνεῦεταυ
3023 4686 3052 4712 ιι
3120 4662 3217 4717 Ἐκ
3272 4661 3488 4735 Μαρίας
3538 4663 3637 4729 τῆς
3694 4681 3827 4734 παρ-

2171 4751 2325 4805 Θὲνου
2381 4749 2661 4826 ἐγεννήθη,
2718 4749 2807 4804 καὶ
2868 4750 3050 4824 Μάγοι
3104 4748 3156 4820 ἐξ
3212 4747 3494 4805 ἀνατολῶν
3546 4751 3681 4823 μετὰ
3720 4747 3824 4805 δώ-

2171 4860 2277 4913 ρων
2319 4842 2731 4913 προσκυνοῦσιν.
2775 4864 2803 4891 ››
2854 4838 3186 4914 Ἀπόκριμα·
3232 4861 3262 4891 ιι
3301 4840 3595 4913 Κρίστους.
3638 4838 3821 4901 Δὲους.

2168 4930 2397 5004 Νόστερ.
2437 4929 2644 4986 κοὺσιν.
2702 4924 2910 5004 σὲρόετ.
2972 4929 3317 5003 ἡμπὲριουμ.
3364 4928 3658 5003 βέστρουμ.
3698 4928 3819 5002 πὲρ·

1783 5056 1875 5108 VA
1886 5055 2025 5111 ιιιίΕ
2064 5056 2468 5113 LECTIONES.

484 5156 531 5195 ⁷⁸
583 5153 751 5245 Δαϐἰξ
808 5177 921 5245 oin.
982 5161 1074 5217 ed.
1107 5160 1202 5245 ’τέ
1249 5159 1438 5235 βλέπει
1477 5164 1593 5245 _R.,_
1634 5162 1857 5245 βλέπει-ν
1915 5172 2068 5239 cod.,
2113 5169 2389 5245 βλέπουσα
2448 5173 2535 5245 ed.
2586 5168 3019 5245 dnonp_é<povrac
3064 5172 3193 5245 cod.
3270 5169 3318 5205 ⁷³
3342 5168 3417 5228 εἰς
3448 5171 3543 5222 τοῦ
3578 5168 3817 5243 Χριστοῦ

408 5226 651 5302 γιννησιν
685 5232 776 5290 ed.
808 5235 1073 5289 Ceterum
1106 5226 1311 5288 Latina
1332 5237 1528 5292 omnia
1556 5226 1765 5294 Graecis
1794 5226 2002 5298 litteris
2040 5226 2258 5315 scripta
2288 5261 2402 5299 orn.
2436 5226 2535 5300 ed.
2562 5226 2847 5300 Dedit.'R:
2882 5244 2940 5298 in
2975 5226 3147 5298 notis.

1454 5358 1654 5417 JOAN.
1694 5361 1837 5419 JAC.
1878 5364 2137 5422 BEISKII
2178 5366 2768 5424 COMMENTARIUS.

485 5469 601 5616 (49)
630 5472 892 5529 Similem
925 5471 1119 5528 locum
1148 5471 1466 5533 habuimus
1492 5494 1671 5549 supra
1704 5497 1759 5550 p.
1796 5480 1917 5537 l88.

506 5543 879 5616 50),.lppellat
910 5552 961 5599 to
990 5545 1252 5600 Davidem
1280 5552 1543 5616 alterum,
1572 5555 1625 5608 et
1655 5552 1808 5608 videt
1839 5561 1917 5608 (ei

506 5543 879 5618 50)_._tppauat
910 5552 961 5618 to
990 5545 1252 5618 Davidem
1280 5552 1543 5618 alterum,
1570 5543 1625 5608 et
1655 5543 1808 5608 υἱάσι
1839 5561 1890 5608 ιε
1908 5554 2057 5610 Pau-

418 5611 558 5682 luin,
582 5611 826 5683 Christo,
851 5616 998 5671 velut
1027 5616 1223 5683 lorica,
1254 5611 1563 5678 munitum.
1770 5650 1779 5653 -

480 5684 597 5761 (51)
619 5686 697 5744 Μ.
752 5685 1211 5760 ἀποστρέψοντας,
1270 5699 1329 5744 ut
1378 5692 1573 5748 redeat
1607 5694 1676 5749 ad
1708 5695 1955 5751 Paulum
1994 5700 2053 5752 et

2166 5482 2585 5556 Cbristum,qui
2612 5485 2956 5556 detorquent.
2982 5483 3093 5539 Sed
3126 5489 3364 5556 praestat
3393 5490 3589 5541 tamen
3612 5497 3814 5539 amen-

2164 5558 2323 5612 datio
2367 5558 2712 5612 Leiebiania.

2232 5628 2345 5699 (52)
2378 5630 2506 5684 Haec
2537 5634 2678 5700 sunt
2718 5628 2821 5682 illa
2845 5626 2969 5697 ipsa
2998 5635 3147 5692 acta,
3170 5628 3240 5684 do
3268 5629 3486 5700 quibus
3522 5633 3811 5682 memorat

2160 5696 2366 5755 Noster
2396 5716 2530 5770 pag.
2562 5699 2615 5753 7.
