4138 6212
1977 43 2000 56 δ

2077 127 2084 129 -
2179 129 2202 137 μ

351 395 465 455 67⁵1

1223 393 1322 453 DE
1363 383 1818 456 CERIMONIIS
1857 383 2094 457 AULE
2137 389 2611 460 ΒΥΖΑΝΤΙΝᾹΞ
2653 402 2803 462 LIB.
2851 402 2896 462 ι.

2145 181 2388 216 *ε’-’θεαινῶν

3637 398 3756 473 678

346 550 532 602 ταῦτα·
585 567 612 595 ι(
653 543 764 612 Γὴν
820 541 996 610 καλήν
1055 542 1264 616 ἡμέραν
1326 542 1648 614 ποιήσωμεν
1711 543 1846 614 μετὰ
1891 546 1991 598 τοῦ

2105 529 2465 589 celebremus
2506 532 2518 588 Ξ
2572 537 2657 590 ter
2685 542 2904 604 sancte,
2952 537 3206 593 dominis
3247 541 3530 598 auxilium
3572 543 3736 616 affer,

349 634 645 710 δημάρχου
694 637 802 688 τῶν
848 635 1080 689 Βενὲτων
1108 631 1190 687 ⁸⁵1
1222 630 1503 704 Τρισάγιε,
1541 632 1823 706 βοήθησον
1863 633 1988 694 τοὺς

349 724 632 793 δεσπότας,
690 721 888 777 καὶσὺ
954 719 1147 781 αὐτοὺς
1225 720 1550 791 θεράπευσον
1634 719 1724 775 ἐπὶ
1805 727 1988 790 πᾶσιν,

348 813 663 883 πλεονάζων
708 819 806 882 τῆς
851 816 997 880 ζωῆς
1064 810 1243 864 αὐτῶν
1301 809 1559 884 χρόνους,
1611 810 1702 864 σὺν
1745 815 1861 872 ταῖς
1904 831 1988 865 τι·

345 903 494 976 μίαις
521 899 842 975 αὐγοῦσταις
872 898 922 953 ἐν
964 901 1030 970 τῇ
1065 896 1317 974 πορφύρᾳ
1340 896 1416 959 εἷς
1457 895 1670 952 τελείαν
1697 899 1988 973 χαρμονήν

341 995 450 1046 τῶν
481 989 774 1062 Ῥωμαίων
815 985 904 1041 καὶ
937 985 1174 1042 Βενέτων
1215 988 1322 1039 τῶν
1355 984 1596 1060 γνησίων
1649 986 1804 1059 ὑμῶν
1859 983 1986 1040 δού-

344 1077 482 1135 λῶν.
522 1078 640 1134 Ἔσο
683 1071 857 1151 Ἀγιε,
923 1073 1184 1150 τρισάγιε,
1241 1071 1368 1134 τοὺς
1418 1069 1682 1134 δεσπότας
1719 1071 1983 1152 φυλαττε,

343 1171 559 1240 Πνεῦμα
586 1165 649 1220 τὸ
696 1162 982 1239 πάνάγιον,
1031 1163 1127 1225 τᾶς
1164 1159 1471 1237 αὒγοὺστας
1514 1162 1822 1218 σκέπασονί
1874 1161 1985 1220 Κό-

345 1277 443 1332 ριε,
491 1256 636 1326 ζωὴν
677 1252 852 1308 αὐτῶν
906 1247 996 1306 διὰ
1029 1253 1129 1321 τήν
1181 1253 1326 1321 ζωὴν
1378 1253 1539 1322 ἡμῶν
1567 1252 1579 1306 Ξ
1612 1247 1694 1310 ἓσ,
1726 1251 1779 1310 ἅ.
1811 1252 1869 1306 οἶ
1904 1250 1980 1309 ἔσ.

344 1344 526 1421 Κύριε,
558 1348 742 1423 χαῖρε,
773 1335 917 1412 καλή
960 1361 1054 1396 σου
1104 1339 1327 1414 ἡμέραι
1374 1340 1480 1411 ὅλη
1523 1342 1705 1414 ἡμὲρα
1741 1343 1979 1416 σήμερον

341 1435 485 1506 καλή
531 1456 627 1490 σου
680 1431 860 1508 ἡμέρα
916 1432 1160 1506 γίνεταιί
1226 1430 1254 1484 6
1313 1426 1460 1485 δεῖνα
1532 1433 1982 1506 πρωτοσπαϐἀριε

341 1525 434 1582 καὶ
494 1521 769 1598 δήμαρχε,
835 1520 1040 1576 πολλοὶ
1095 1541 1188 1574 σου
1231 1519 1444 1594 χρόνοι·
1489 1519 1517 1572 6
1564 1519 1792 1582 ἀναστὰς
1849 1521 1982 1582 Θεὸς

341 1611 505 1686 ἡμῶν
539 1619 707 1688 ζωξιν,
741 1611 922 1686 ὑγείαν
983 1607 1145 1664 δώσει
1199 1629 1306 1663 σοι.
1338 1607 1449 1664 Τοῦ
1482 1605 1744 1664 δεσπότου
1771 1610 1979 1686 γνήσιε,

337 1704 401 1758 τὸ
459 1708 600 1766 θεῖον
641 1701 932 1776 περισώσει
967 1720 1044 1768 σε,
1101 1698 1191 1754 καὶ
1222 1696 1447 1753 πλείονα
1504 1695 1820 1774 δωρήσηται
1852 1698 1980 1759 Θεὸς

339 1794 369 1849 6
401 1790 743 1866 ἐπουράνιος,
793 1788 889 1844 ’ίνα
953 1788 1310 1863 εὐτυχοῦντός
1353 1808 1449 1842 σου
1494 1787 1707 1863 ὁρῶμεν
1730 1787 1818 1842 καὶ
1853 1807 1975 1863 χαι-

2099 634 2295 677 curam
2334 637 2535 678 eorum
2585 623 2644 678 in
2693 624 2967 682 omnibus
3015 629 3269 699 suscipe,
3313 629 3489 686 vitain
3536 649 3737 690 eorum

2095 724 2315 781 augens
2344 727 2474 766 cum
2500 714 2838 769 venerandis
2865 715 3334 786 imperatricibus
3377 719 3434 774 in
3461 737 3745 791 purpura,

2093 798 2166 853 ad
2200 790 2507 870 perfectam
2538 801 2802 859 latitiam
2847 803 3238 862 Romanorum
3268 823 3333 862 ac
3368 790 3746 878 Venetorum,

2091 904 2360 944 verorum
2410 907 2708 946 servorum
2741 897 2990 948 tuorum.
3033 895 3262 962 Sancte,
3287 905 3370 951 ter
3392 902 3611 964 sancte,
3647 899 3749 953 do-

2094 975 2286 1033 minos
2299 979 2528 1034 custodi
2549 979 2561 1032 l
2578 979 2826 1048 Spiritus
2842 983 3231 1052 sanctissime,
3247 992 3532 1058 augustas
3547 993 3707 1044 tuere
3725 987 3739 1042 l

2092 1064 2355 1136 Domine,
2387 1069 2562 1125 vitam
2593 1069 2855 1142 ipsorum
2889 1088 2991 1144 per
3022 1079 3280 1131 nostram
3310 1076 3480 1133 vitam
3508 1078 3522 1133 l
3557 1077 3756 1135 Salve.

2090 1145 2355 1224 Domine,
2392 1158 2636 1229 pulchra
2664 1165 2750 1215 est
2781 1161 2899 1217 haec
2937 1163 3061 1218 dies
3102 1169 3202 1220 tua
3243 1165 3256 1220 ι
3301 1166 3583 1224 hodierna
3617 1169 3742 1226 dies

2089 1249 2210 1300 tota
2243 1245 2486 1317 pulchra
2517 1249 2622 1304 tibi
2653 1250 2778 1304 dies
2811 1250 2872 1304 tit
2905 1249 2919 1305 Ι
2957 1251 3020 1309 Ν.
3051 1256 3511 1322 protospatharie
3541 1264 3596 1314 et
3636 1259 3744 1314 de-

2090 1335 2348 1404 marcbe,
2384 1335 2569 1392 multa
2608 1338 2712 1393 tibi
2757 1343 3015 1410 tempora
3048 1342 3061 1396 l
3098 1342 3270 1413 Deus,
3298 1346 3399 1415 qui
3430 1362 3461 1401 e
3501 1348 3746 1406 mortuis

2089 1427 2423 1493 resurrexit,
2457 1426 2675 1483 salvam
2706 1429 2869 1484 vobis
2914 1431 3090 1487 vitam
3122 1435 3400 1490 concedat
3433 1433 3445 1490 ι
3480 1436 3745 1494 Genuine

2091 1513 2469 1571 Dominorum
2503 1516 2733 1586 famule,
2767 1519 3040 1576 divinitas
3080 1527 3136 1576 te
3169 1533 3489 1593 conservet,
3531 1528 3738 1598 plura-

2085 1620 2196 1677 que
2229 1605 2378 1660 Deus
2409 1605 2663 1662 cmlestis
2702 1607 2804 1662 tibi
2837 1611 3133 1675 concedat,
3178 1618 3240 1668 ut
3279 1619 3334 1669 te
3375 1615 3598 1673 felicem
3641 1617 3731 1671 vi-

2084 1693 2326 1750 deamus
2355 1699 2412 1750 et
2439 1695 2833 1761 gaudeamus!
2869 1699 2976 1754 hoc
3024 1716 3193 1756 omne
3236 1705 3598 1774 providentia
3635 1706 3740 1762 Dei

2087 1784 2268 1838 nostri
2299 1783 2530 1840 accidit.
2564 1785 2764 1840 Merito
2795 1787 2901 1841 tibi
2931 1804 3035 1844 nos
3069 1789 3292 1860 Veneti,
3343 1796 3737 1868 ornatissime,

342 1883 617 1957 ρώμεθαί
675 1884 836 1935 τοῦτο
876 1881 1092 1939 πάντως
1142 1876 1343 1952 γίνεται
1400 1874 1628 1950 προνοίᾳ
1682 1881 1782 1932 τοῦ
1848 1873 1980 1932 Θεοῦ

2088 1889 2490 1943 apprecamur,
2509 1875 2660 1945 quod
2683 1879 3258 1946 superabundantem
3276 1882 3739 1942 benevolentiam

339 1974 527 2045 ἡμῶν,
586 1971 780 2040 Ἀξίως
823 1990 908 2024 σοι
963 1966 1239 2042 εὐχόμεθα
1271 1966 1497 2038 Βένετοι,
1529 1969 1858 2043 παγκόσμιε,
1902 1967 1985 2023 ὅτι

339 2057 792 2136 ὑπερϐάλλουσαν
846 2055 994 2136 ἔχεις
1039 2055 1418 2122 καλοθέλειαν,
1467 2058 1554 2111 καὶ
1614 2057 1780 2132 εὐχὰς
1820 2057 1984 2130 κομί-

338 2155 492 2220 ζεσαι
524 2151 583 2204 ὲκ
619 2149 727 2202 τῶν
779 2146 1114 2222 ἀγαπώντων
1173 2163 1253 2200 σε·
1287 2145 1362 2208 ὡς
1412 2145 1516 2222 γὰρ
1546 2145 1845 2222 ἀγαπῶμεν
1877 2167 1985 2216 σοι,

338 2238 506 2308 ἀξίως
567 2257 622 2290 σε
681 2235 979 2310 εὐχόμεθα,
1031 2233 1121 2289 ’ίνα
1157 2231 1456 2309 ἀδιάδοχος
1523 2233 1712 2309 μείνῃς
1762 2233 1984 2290 διοικῶν

335 2330 505 2402 ἡμᾶς·
539 2325 616 2385 ἔσ.
651 2327 710 2384 ’0
742 2327 970 2389 ἀναστὰς
1016 2327 1148 2387 Θεὸς
1213 2329 1394 2398 ἡμῶν,
1441 2324 1680 2398 φύλαττε
1743 2324 1835 2379 τὸν
1891 2322 1985 2395 δή·

341 2436 579 2492 μαρχον.
615 2439 639 2469 α
676 2415 890 2483 Ἰστέον,
943 2416 1024 2469 ὅτι
1065 2415 1154 2469 καὶ
1208 2414 1260 2468 οἱ
1318 2418 1416 2468 τοῦ
1466 2414 1662 2489 μέρους
1701 2418 1986 2487 τῶνηιίρα-

337 2505 498 2562 σίνων
531 2507 630 2575 την
663 2503 860 2577 ὁμοίαν
894 2504 1041 2576 τάξιν
1074 2504 1159 2558 καὶ
1221 2500 1583 2566 ἁκουλουθίαν
1631 2506 1865 2557 ποιῶσιν
1904 2507 1984 2574 τῷ

336 2593 462 2668 ἰδίῳ
497 2585 798 2671 δημάρχῳ,
829 2592 920 2646 καὶ
953 2592 1019 2646 τὰ
1054 2590 1189 2645 αὖτᾶ
1218 2587 1350 2645 ἄκτα
1383 2588 1778 2664 ἀκτολογοῦσιν
1811 2589 1979 2662 αὐτῷ,

333 2683 450 2758 Χρὴ
494 2682 794 2760 γινώκσειν,
857 2681 962 2749 ὅτι,
1021 2685 1121 2749 τῆς
1185 2677 1589 2755 προρῥηθείσης
1651 2681 1852 2753 τάξεως
1889 2678 1979 2734 καὶ

333 2771 665 2834 ἀκολουθίας
714 2767 1060 2840 τελεσθείσης
1119 2767 1174 2823 ἐν
1228 2773 1307 2840 τῷ
1354 2772 1450 2822 τοῦ
1482 2764 1777 2848 δημάρχου
1809 2767 1976 2842 θ’ίκῳ,

335 2863 574 2938 όψικεύει
607 2863 712 2918 ἀπὸ
749 2866 856 2916 τῶν
879 2859 1050 2916 ἐκεῖσε
1088 2857 1246 2914 αὐτὸν
1269 2859 1298 2913 6
1329 2856 1504 2932 δῆμος
1525 2856 1626 2920 ἕως
1674 2864 1770 2914 τοῦ
1810 2861 1977 2915 ἱππο-

335 2945 591 3027 δρομίου,
619 2943 879 3022 δηλονότι
902 2945 1067 3004 αὐτοῦ
1087 2945 1376 3020 ἱσταμένου
1405 2946 1457 3002 ἐν
1502 2951 1581 3018 τῷ
1630 2943 1834 3020 δεκάτῳ
1881 2968 1978 3002 κα·-

333 3040 578 3118 γκέλλῳ.
604 3039 707 3096 Καὶ
741 3039 936 3095 τούτου
966 3029 1135 3092 ἐκεῖσε
1192 3037 1506 3110 ἱσταμένου,
1538 3033 1700 3092 πάλιν
1757 3034 1978 3092 ’ίσταται

335 3131 364 3184 6
393 3127 571 3204 δῆμος
600 3130 922 3204 ἀκτολογῶν
956 3128 1103 3198 αὐτῷ
1130 3131 1298 3181 ταῦτα
1331 3127 1343 3181 l
1397 3127 1463 3182 Οἱ
1503 3126 1750 3199 κράκται·
1776 3150 1803 3178 ‹‹
1869 3133 1977 3182 Κα-

333 3215 450 3281 λῶς
504 3217 688 3289 ἦλθες,
739 3215 1036 3281 θεστέπτων
1097 3215 1125 3269 6
1184 3210 1427 3274 δοῦλοςί
1472 3237 1500 3264 ››
1549 3214 1576 3268 6
1618 3213 1768 3281 λαὸς,
1803 3237 1830 3266 ‹‹
1865 3221 1971 3269 Κα-

333 3307 448 3369 λῶς
473 3306 638 3376 ἦλθες
667 3308 678 3362 !
722 3330 749 3357 ››
779 3307 847 3363 Οἱ
875 3303 1120 3380 κράκται·
1155 3327 1184 3355 ‹‹
1242 3301 1428 3363 καλῶς
1477 3300 1667 3374 ἦλθες,
1717 3300 1970 3378 προδολὴ

331 3397 661 3473 εὖεργετῶνί
706 3419 734 3448 ‹‹
798 3396 825 3450 6
876 3393 1026 3456 λαός⁶
1064 3416 1091 3444 ‹‹
1151 3389 1347 3456 Καλῶς
1397 3391 1602 3461 ἧλθεςί
1655 3416 1682 3444 ‹‹
1727 3394 1793 3451 Οἱ
1851 3391 1977 3468 κρά-

328 3507 472 3543 κται.
503 3513 527 3537 ‹‹
577 3484 774 3547 Καλῶς
833 3482 1026 3554 ἦλθες,
1088 3483 1116 3537 6
1165 3483 1382 3564 εὐγενὴς
1453 3480 1512 3536 ἐκ
1557 3479 1836 3558 προγόνων
1877 3484 1888 3539 ί
1942 3505 1970 3535 ››

331 3575 536 3637 όλειός⁹
589 3573 856 3637 «Καλῶς
916 3571 1132 3642 ἧλθεςί
1189 3595 1217 3623 ››
1272 3572 1338 3628 Οἱ
1397 3570 1642 3646 κράκται·
1698 3596 1727 3623 ››
1779 3570 1972 3634 Καλως

326 3665 516 3736 ἦλθες,
595 3665 622 3718 6
692 3659 840 3719 δεῖνα
917 3661 1374 3736 πρωτοσπαθάριε
1439 3660 1530 3714 καὶ
1591 3657 1814 3738 δήμαχε
1864 3666 1971 3717 τῶν

329 3753 568 3812 Βενὲτων
613 3755 624 3808 l
671 3779 696 3804 ·›
723 3753 781 3810 Ὀ
810 3751 966 3821 λαὸς,
1005 3773 1032 3805 α
1063 3747 1262 3810 Καλῶς
1291 3747 1456 3816 ἦλθες
1486 3751 1498 3804 Ξ
1540 3773 1567 3799 ››
1599 3749 1665 3806 Οἱ
1719 3750 1970 3824 κράκταιο

332 3867 360 3895 ‹‹
395 3841 553 3900 Ἀλλ’
585 3843 612 3897 6
661 3843 872 3896 πάντων
938 3839 1182 3910 Ποιητής
1214 3838 1305 3892 καὶ
1338 3837 1650 3907 Δεσπότηςῑ
1687 3862 1714 3889 ››
1748 3839 1809 3895 Ὀ
1841 3837 1974 3899 λαὸς

331 3957 358 3986 ε(
387 3930 582 3992 Καλῶς
621 3929 825 3999 ἦλθεςι
861 3955 889 3980 ››
943 3927 1009 3985 υἱ
1047 3925 1294 4001 κράκται·
1358 3951 1384 3978 ‹‹
1427 3927 1488 3983 Ὀ
1550 3926 1773 3989 ἀναστὰς
1805 3947 1976 4001 παρα-

329 4017 497 4090 δόξως
519 4019 578 4075 ἐκ
606 4018 808 4097 τάνρουῑ
845 4043 872 4070 ‹‹
906 4018 962 4071 Ὀ
984 4017 1137 4082 Λαὸς,
1163 4039 1191 4068 ‹‹
1227 4013 1418 4077 Καλῶς
1445 4013 1614 4085 ἦλθες
1642 4017 1654 4072 Ι
1686 4040 1712 4066 ››
1746 4017 1812 4073 Οἱ
1839 4017 1974 4090 κρά.

327 4129 472 4165 κται*
516 4133 543 4162 ‹‹
587 4109 689 4165 Καὶ
722 4109 783 4162 τὸ
815 4111 979 4186 χαῖρε
1005 4097 1258 4165 δεδωκὼς
1289 4108 1402 4176 (81)
1448 4103 1790 4182 μυροφόροις
1818 4106 1830 4161 !
1867 4129 1896 4158 ››
1917 4107 1976 4164 Ὀ

327 4199 486 4267 λαὸς,
519 4225 544 4249 ‹ι
593 4195 791 4258 Καλῶς
820 4195 1026 4266 ἦλθεςί
1066 4219 1092 4246 ››
1138 4195 1204 4252 Οἱ
1234 4193 1483 4270 κράκταιο
1521 4217 1544 4247 ιι
1583 4194 1720 4256 Τοὺς
1743 4194 1975 4270 χρόνους

327 4309 424 4344 σου
454 4288 716 4358 πληθύνει
739 4287 815 4348 εἷς
837 4288 985 4360 μήκη
1010 4284 1224 4360 χρόνων
1252 4285 1264 4339 ί
1292 4307 1320 4335 ››
1343 4284 1402 4340 ὐ
1424 4282 1578 4353 λαὸς,
1602 4305 1630 4334 ι(
1664 4283 1854 4347 Καλῶς
1877 4283 1980 4353 ἦλά

327 4379 413 4439 Θες
444 4378 456 4432 !
490 4377 552 4432 Οἱ
575 4375 823 4451 κράκται’
860 4397 886 4430 ι
919 4380 1042 4432 Ἕσ⁶
1089 4396 1118 4426 ι(
1150 4373 1178 4428 6
1236 4371 1365 4434 Θεὸς
1418 4373 1447 4427 6
1506 4373 1687 4448 ἅγιος,
1741 4371 1978 4448 φύλαττε

324 4466 416 4520 τὸν
465 4462 776 4541 δήμαρχον·
830 4487 859 4516 ››
915 4464 1006 4519 καὶ
1037 4464 1065 4517 6
1106 4461 1239 4525 λαὸς
1299 4460 1506 4534 ὁμοίως
1540 4459 1600 4516 ἐκ
1645 4467 1710 4536 γ’.
1751 4461 1976 4532 Ἰστὲον,

2094 1961 2295 2029 habes,
2337 1972 2390 2018 et
2423 1979 2615 2034 preces
2646 1982 2679 2020 a
2708 1967 3022 2024 cultoribus
3051 1969 3170 2026 tuis
3201 1972 3417 2044 accipis
3452 1991 3464 2028 :
3496 1980 3554 2030 nt
3585 1976 3741 2032 enim

2095 2056 2152 2107 te
2187 2068 2476 2122 amamus,
2524 2054 2602 2109 ita
2650 2060 2706 2109 et
2746 2055 2937 2112 fausta
2980 2057 3080 2112 tibi
3118 2061 3252 2129 jure
3293 2079 3683 2134 apprecamur
3724 2082 3738 2123 :

2091 2141 2247 2196 220
2279 2146 2343 2194 ut
2373 2139 2499 2196 sine
2528 2156 2863 2200 successore
2893 2146 2993 2200 diu
3023 2145 3174 2203 inter
3202 2166 3308 2205 nos
3338 2155 3740 2212 commoraris.

2098 2233 2246 2285 Deus
2265 2234 2480 2297 noster,
2504 2233 2602 2302 qui
2620 2235 2950 2300 resurrexit,
2969 2238 3345 2296 demarahum
3369 2245 3684 2302 custodiat.
3705 2270 3733 2297 ››

2093 2319 2238 2374 Grex
2270 2320 2644 2376 Prasinorum
2679 2324 2951 2379 eumdem
2983 2328 3243 2384 ordinem
3274 2330 3567 2404 ritumque
3605 2351 3742 2408 erga

2087 2426 2261 2466 suum
2283 2410 2582 2466 tribunum
2595 2413 3194 2488 observateademque
3208 2426 3335 2476 acta
3364 2423 3474 2492 ipsi
3501 2424 3730 2484 accinit.

2090 2501 2213 2566 Quo
2252 2501 2365 2555 ritu
2405 2505 2464 2556 et
2495 2501 2685 2558 ofﬁcio
2721 2501 2781 2558 in
2820 2502 3039 2561 edibus
3087 2509 3216 2578 ejus
3258 2519 3512 2581 peracto,
3557 2514 3730 2572 tactio

2089 2589 2386 2646 tribunum
2436 2606 2606 2646 suum
2658 2591 2793 2648 inde
2836 2594 2907 2648 ad
2957 2594 3176 2652 circum
3226 2601 3552 2671 comitatur,
3609 2604 3734 2674 ipso

2083 2678 2301 2736 scilicet
2336 2680 2396 2736 in
2445 2680 2671 2736 decimo
2712 2683 2969 2739 cancello
3013 2689 3353 2756 constituto,
3398 2709 3514 2762 quo
3559 2695 3730 2764 facto,

2086 2784 2290 2824 rursus
2321 2768 2571 2840 p0pulus
2600 2772 2866 2827 consistit
2887 2772 3044 2830 hunc
3067 2775 3125 2831 in
3152 2779 3391 2835 modum
3416 2781 3525 2852 ipsi
3547 2783 3734 2840 accla-

2082 2874 2251 2914 mans
2285 2875 2296 2912 :
2333 2879 2362 2908 «
2398 2859 2640 2914 Pulchre
2671 2861 2906 2927 venisti,
2941 2863 3156 2920 famule
3190 2867 3514 2940 principum
3549 2889 3582 2928 a
3617 2874 3727 2930 Deo

2082 2947 2530 3004 coronatorum!
2562 2971 2587 2997 ι)
2615 2950 2864 3020 populus
2889 2969 2902 3007 :
2927 2974 2956 3002 «
2981 2952 3228 3013 Pulchre
3250 2958 3458 3014 venisti
3484 2959 3498 3014 l
3523 2983 3554 3011 »
3589 2961 3736 3018 Can-

2082 3041 2280 3092 tores:
2313 3057 2342 3086 «
2383 3035 2630 3092 Pulchre
2669 3040 2904 3105 venisti,
2957 3059 2990 3097 a
3036 3043 3398 3115 principibus
3439 3049 3694 3106 benevoli
3723 3085 3752 3126 ι

2079 3133 2338 3198 promote
2371 3124 2382 3178 !
2419 3148 2440 3176 ι
2481 3126 2729 3196 populus
2761 3143 2774 3182 :
2810 3149 2839 3178 «
2872 3131 3116 3187 Pulchre
3150 3134 3357 3190 venisti
3411 3137 3424 3191 Ξ
3457 3160 3486 3189 ››
3527 3124 3746 3198 Canto;

2085 3231 2176 3270 res
2211 3231 2223 3268 :
2249 3214 2544 3269 «Pulchre
2565 3213 2796 3284 venisti,
2823 3215 3148 3275 illustribus
3176 3223 3494 3293 majoribus
3514 3235 3637 3285 orte
3661 3231 3674 3284 l
3701 3253 3729 3280 η

2083 3302 2335 3376 populus
2369 3318 2381 3356 :
2417 3325 2444 3353 «
2478 3303 2724 3359 Pulchre
2749 3305 2994 3361 venisti!
3030 3330 3058 3357 »
3087 3309 3361 3369 Cantores
3396 3331 3408 3368 :
3437 3336 3465 3367 α
3489 3317 3736 3376 Pulchre

2076 3393 2308 3462 venisti,
2342 3391 2409 3450 N.
2446 3395 2910 3464 protospatharie
2938 3401 2996 3452 et
3017 3399 3249 3457 tribune
3281 3403 3633 3464 Venetorum
3660 3409 3674 3464 Ι
3704 3432 3730 3464 α

2079 3483 2324 3554 populus
2353 3497 2366 3536 :
2401 3504 2430 3533 «
2466 3482 2708 3539 Pulchre
2734 3486 2941 3542 venisti
2977 3487 2990 3541 ι
3025 3509 3055 3538 ››
3086 3490 3361 3550 Cantores
3395 3511 3410 3551 :
3442 3519 3472 3547 ‹‹
3505 3501 3576 3555 At
3607 3516 3732 3557 om-

2079 3571 2246 3627 nium
2277 3571 2508 3627 Crealor
2545 3577 2600 3628 et
2637 3571 2969 3633 Dominus:
3016 3597 3040 3627 n
3089 3579 3340 3650 populus
3373 3598 3386 3640 :
3427 3605 3454 3638 ιι
3487 3589 3733 3646 Pulchre

2079 3660 2290 3715 venisti
2327 3659 2339 3714 l
2372 3679 2402 3712 ii
2435 3663 2746 3718 Cantores:
2771 3683 2799 3714 ‹‹
2832 3665 2940 3728 Qui
2973 3667 3383 3728 admirandum
3416 3676 3474 3730 in
3499 3678 3734 3735 modum

2081 3764 2112 3805 θ
2149 3751 2414 3819 sepulcro
2458 3754 2768 3806 resurrexit
2813 3774 2829 3819 ;
2873 3776 2902 3804 ››
2942 3757 3189 3826 populus
3223 3777 3237 3815 :
3271 3783 3300 3812 α
3351 3762 3597 3821 Pulchre
3635 3783 3733 3823 ve-

2082 3836 2218 3893 nisti
2251 3836 2262 3890 ι
2297 3857 2326 3888 ››
2351 3838 2626 3894 Cantores
2651 3857 2664 3894 :
2693 3859 2720 3891 ι
2753 3842 2820 3896 Et
2851 3852 3148 3915 unguenta
3177 3848 3482 3906 afferentes
3509 3853 3723 3910 saluta-

2079 3927 2204 3994 vit;
2251 3946 2275 3977 ι
2314 3927 2559 3996 populus
2603 3944 2616 3982 :
2659 3948 2687 3980 ‹‹
2732 3929 2975 3987 Pulchre
3010 3937 3216 3991 venisti
3261 3937 3275 3991 l
3321 3960 3349 3989 »
3393 3941 3720 3999 Cantores:

2085 4034 2110 4064 α
2138 4020 2334 4068 Annos
2365 4019 2585 4069 vestros
2618 4017 2866 4072 multum
2899 4027 3110 4090 augeat
3144 4022 3210 4076 ι»
3236 4026 3477 4096 populus
3500 4045 3513 4084 :
3540 4052 3568 4080 ‹‹
3602 4031 3737 4087 Pul-

2081 4103 2219 4158 chre
2241 4101 2445 4157 venisti
2479 4100 2540 4157 Ι»
2573 4106 2881 4161 Cantores:
2909 4129 2937 4158 «
2977 4110 3132 4166 Deus
3165 4119 3387 4184 sancte,
3419 4119 3722 4176 tribunum

2082 4208 2414 4259 conserva;
2466 4218 2488 4245 ι
2538 4194 2784 4264 populus
2819 4198 3024 4253 eadem
3065 4207 3166 4258 ter.
3224 4203 3506 4262 Caeterum
3561 4211 3729 4267 factio

2080 4281 2320 4339 Prasina
2359 4283 2631 4338 eumdem
2667 4284 2841 4341 ritum
2875 4287 3145 4361 idemque
3173 4293 3433 4350 ofﬁcium
3468 4313 3607 4370 erga
3629 4300 3724 4356 de-

2082 4372 2387 4428 marcbum
2409 4385 2580 4462 suum
2601 4372 2892 4445 observat,
2909 4381 3110 4436 eadem
3133 4379 3243 4453 ipsi
3265 4389 3394 4440 acta
3409 4387 3648 4462 eodemq
3660 4407 3729 4448 ue

2084 4462 2143 4517 in
2176 4461 2302 4517 loco
2333 4461 2561 4516 accinit.

325 4552 410 4611 ὅτι
441 4556 529 4610 καὶ
555 4556 606 4610 οἱ
636 4559 732 4610 τοῦ
765 4555 958 4628 μέρους
990 4556 1098 4609 τῶν
1133 4552 1411 4628 Πρασίνων
1440 4557 1537 4622 τῆν
1572 4549 1766 4625 ὁμοίαν
1791 4551 1938 4624 τάξιν
1968 4552 2058 4608 καὶ
2089 4546 2418 4613 ἀκολουθίαν
2441 4544 2672 4606 ποιῶσιν
2707 4558 2785 4626 τῷ
2837 4551 2959 4629 ἰδίῳ
3007 4553 3308 4639 δημάρχῳ,
3341 4565 3428 4620 καὶ
3476 4567 3544 4622 τὰ
3590 4568 3726 4626 αὐτὰ

324 4644 460 4702 ἄκτα
488 4644 884 4721 ἆκτολογοῦσιν
917 4645 1071 4717 αὐτῷ
1098 4643 1190 4699 καὶ
1222 4642 1277 4699 ἐν
1309 4646 1388 4716 τῷ
1418 4642 1566 4715 αὐτῷ
1585 4643 1764 4716 τόπῳ.

929 4757 1188 4812 ΚΕΦΑΛ.
1236 4753 1370 4812 ΠΔ’.

449 4843 673 4906 νοσαδεῖ
700 4846 1137 4924 παραφυλάττειν
1165 4843 1257 4899 tui
1287 4863 1348 4897 νυ
1359 4842 1673 4919 μφαγωγίῳ
1713 4844 1848 4918 (82(.

393 4929 477 5010 Τῇ
507 4936 708 5010 ἑσπέρᾳ
750 4934 1081 5010 ἀπέρχονται
1107 4931 1174 4989 τὰ
1225 4929 1320 4987 δῦο
1383 4930 1521 5006 μέρη
1580 4931 1715 5004 μετὰ
1743 4931 1963 4986 καὶτῶν

2005 4803 2054 4865 D

2653 4757 2888 4814 CAPUT
2920 4760 3162 4821 LXXXI.

2365 4843 2718 4902 Obseruantia
2752 4848 2813 4902 tu
2854 4856 3068 4920 Sponsa!
3106 4845 3447 4918 deductione.

2157 4931 2388 5003 Vesperi
2409 4932 2534 4988 duae
2555 4933 2832 4994 factiones
2863 4955 2997 4998 cum
3028 4944 3150 5001 suis
3181 4949 3416 5021 organis
3439 4957 3496 5009 et
3517 4969 3730 5028 sponsa

1674 5071 1914 5130 VABLE
1963 5073 2266 5131 LECTION
2275 5071 2375 5130 ES.

394 5212 440 5248 ⁵⁸
468 5211 680 5268 ΣΧΟΛ.
714 5210 934 5281 Ἰστέον,
966 5209 1163 5265 ὅτιτοῦ
1185 5207 1368 5282 δήμου
1387 5206 1852 5282 ἀκτολογοῦντος,
1884 5205 2043 5264 αὐλεῖ
2071 5207 2133 5262 τὸ
2168 5202 2428 5282 ὄργανον.

1483 5346 1684 5404 JOAN.
1723 5347 1868 5403 JAC.
1912 5345 2177 5402 REISKII
2215 5342 2800 5409 COMMENTARIUS.

391 5463 503 5538 (8i)
533 5457 945 5532 Intelliguntur
972 5469 1090 5521 tres
1123 5461 1728 5538 mulieresiunguenta
1757 5466 1826 5519 ad
1871 5479 1967 5519 se-

323 5535 633 5618 pulchrum
667 5539 878 5594 Christi
915 5541 1166 5618 terentes
1200 5535 1792 5618 :_yid._li}vangelistas
1823 5551 1966 5618 pas-_

322 5607 544 5666 sionem
576 5615 633 5666 et
667 5612 1149 5667 resurrectionem
1199 5608 1412 5663 Christi
1453 5607 1874 5674 describentes,
1915 5611 1971 5661 et

321 5675 627 5764 DumCange
658 5679 843 5764 Gloss.
875 5681 973 5764 G_r.
1003 5699 1055 5738 ν.
1091 5674 1466 5764 Ιξίυροιρόροι.⁶

397 5751 508 5824 (82)
535 5752 734 5825 Neque
764 5751 873 5812 hoc
903 5753 964 5810 in
995 5751 1207 5825 capite,
1236 5751 1424 5824 nouus
1450 5751 1512 5808 in
1532 5753 1812 5823 sequente
1830 5752 1972 5822 puto

2078 5479 2406 5551 sermonem
2435 5467 2785 5551 destinasti
2813 5479 3034 5544 nuptiis
3075 5496 3223 5551 esse,
3251 5487 3349 5540 sed
3383 5487 3453 5542 de
3485 5489 3716 5546 demar‘

2079 5536 2192 5630 21].ῑῂ
2200 5541 2463 5630 tantum,
2506 5536 2918 5630 μομφάγώγιον
2964 5555 3062 5630 est
3092 5536 3365 5630 deductio
3387 5536 3724 5630 “5555533.:

2074 5610 2498 5704 alnegaspnnshi:
2516 5610 2690 5704 quam
2723 5610 2984 5704 sequitur
3011 5621 3074 5675 τὸ
3105 5610 3578 5704 στεφάναὶμῖᾱῶ
3591 5610 3716 5689 ini:

2077 5677 2668 5750 positio'eorOno'rnm
2719 5677 3086 5760 animalium.
