4138 6212
1500 145 1723 164 ,οτιρ-κκρν

367 306 483 367 679

1382 295 1921 357 CONSTANTINI
1967 298 2542 363 PORPHYROGEN
2553 301 2657 364 [TI

3643 309 3767 370 680

372 438 737 511 procedente,
770 447 927 501 aeque
966 428 1343 487 multitudine
1373 432 1429 484 et
1470 428 1710 484 musicis
1748 430 2013 502 cymbala

2152 427 2279 485 δίων
2322 431 2587 505 ὀργάνων,
2638 433 2727 488 καὶ
2794 436 2894 499 τῆς
2951 434 3171 512 νύμφης
3202 435 3495 507 κατιούσης
3531 439 3647 510 (83)
3679 438 3773 493 καὶ

373 542 546 582 manu
594 522 965 594 pulsantibus
1015 519 1249 591 stipata,
1290 518 1529 585 abeunt,
1571 534 1823 590 cumque
1863 537 2012 591 equo

372 622 531 671 vecta
590 612 871 677 substitit,
926 610 1204 665 factiones
1262 607 1588 664 acclamant
1633 626 1645 662 :
1694 631 1722 657 ‹‹
1760 608 2016 665 Feliciter

372 704 554 773 venis,
582 719 747 757 serva
778 700 1108 773 principum
1141 715 1174 753 a
1207 702 1319 754 Deo
1376 706 1776 754 coronatorum
1804 699 1815 752 !
1849 720 1875 751 ιι
1915 716 2015 769 po-

375 792 550 865 pulus
579 796 666 847 ter
699 808 711 845 :
746 813 773 841 ‹‹
806 789 1066 846 Feliciter
1094 788 1278 845 venis.
1304 809 1333 837 ››
1352 789 1627 844 Cantores
1652 805 1664 842 :
1702 809 1726 840 α
1752 789 2019 846 Feliciter

372 881 557 945 venis,
593 897 625 935 a
652 878 931 935 beneficis
964 876 1326 949 principibus
1357 882 1615 948 promota
1642 877 1655 931 Ξ
1678 900 1707 928 ››
1733 877 2015 949 populus:

378 992 405 1019 «
456 969 718 1025 Feliciter
766 968 951 1023 venis.
1007 988 1036 1017 »
1088 966 1236 1022 221
1293 969 1571 1021 Cantores
1620 982 1633 1020 :
1686 985 1708 1014 ι
1760 966 2022 1023 Feliciter

373 1058 555 1126 venis,
591 1056 969 1112 nobilissimis
997 1056 1307 1125 majoribus
1337 1062 1457 1109 orta
1488 1054 1500 1107 Ξ
1538 1075 1562 1105 »
1599 1053 1847 1125 p0pulus
1886 1059 1972 1110 ter
2004 1071 2017 1111 :

379 1170 403 1198 «
440 1147 703 1203 Feliciter
732 1146 892 1200 venis
929 1145 940 1198 ἓ
977 1167 1005 1194 ››
1035 1149 1305 1199 Cantores
1344 1161 1405 1198 :«
1440 1150 1589 1199 Deus
1620 1152 1839 1213 sancte,
1874 1161 2021 1217 nup-

374 1238 473 1292 tiis
509 1251 710 1292 recens
742 1236 1087 1305 conjunctos
1112 1250 1280 1289 serva
1310 1234 1322 1287 !
1356 1233 1611 1304 Spiritus
1634 1234 2020 1301 sanctissime,

376 1343 610 1385 soceros
643 1330 918 1396 utrosque
950 1340 1115 1379 serva
1148 1324 1159 1377 !
1194 1329 1412 1389 sancte,
1445 1329 1533 1377 ter
1561 1327 1760 1377 sancte
1781 1323 2023 1379 comites

374 1433 601 1489 sponsas
642 1414 868 1470 custodi
916 1413 927 1467 l
963 1433 988 1464 ι
1025 1416 1323 1468 Postremo
1362 1428 1500 1467 voce
1537 1411 1656 1466 toni
1701 1412 1721 1465 Ι
1763 1412 1965 1468 dicunt
2008 1430 2020 1466 :

376 1528 405 1556 «
430 1506 626 1562 Flores
657 1503 779 1575 agri
805 1502 1006 1573 collegi
1040 1507 1097 1557 et
1117 1502 1175 1556 in
1200 1502 1522 1557 thalamum
1556 1500 1865 1571 diligenter
1893 1519 2024 1557 con-

374 1594 501 1651 tuli.
535 1593 723 1650 Solem
759 1609 903 1648 novo
935 1592 1225 1647 connubio
1252 1591 1628 1660 conjunctum
1668 1590 1805 1657 vidi,
1837 1591 1896 1645 in
1929 1609 2026 1647 ve-

379 1688 637 1744 nerando
668 1684 936 1741 cubiculo
968 1684 1216 1739 invicem
1250 1681 1632 1736 desideratam
1674 1679 2022 1750 voluptatem

2124 520 2517 593 ὀψικευομὲντ,ς
2557 523 2658 576 ὑπὸ
2698 520 2949 593 πληθίων
2989 523 3081 577 καὶ
3112 520 3603 599 χειροκυμϐάλων,
3639 530 3780 600 μετά

2122 608 2184 662 τὸ
2230 604 2619 665 γαϐαλικεῦσαι
2684 611 2850 681 αὐτὴν
2889 610 3245 680 ἵσταται,καὶ
3298 612 3667 689 ἆκτολογοῦσι
3703 618 3780 670 τά

2126 693 2221 751 δύο
2292 698 2427 771 μέρη
2498 704 2683 754 ταῦτα’
2741 725 2768 751 ‹‹
2829 700 3025 762 Καλῶς
3092 701 3281 770 ἦλθες,
3344 703 3681 766 θεοστὲπτων
3735 707 3773 773 ἡ

2128 783 2303 857 δούλη
2335 788 2418 843 δδῐ
2453 811 2481 840 »
2518 789 2577 845 Ὀ
2610 788 2743 851 λαὸς
2770 786 2829 843 ἔκ
2866 791 2935 864 γ’,
2971 814 2999 841 tr
3032 788 3226 853 Καλῶς
3254 790 3454 858 ἦλθεςί
3488 795 3599 849 «Οἱ
3638 794 3775 866 upi-

2127 896 2268 930 κταιο
2298 899 2327 926 ‹‹
2360 875 2559 939 Καλῶς
2582 878 2771 947 ἦλθες,
2802 873 3056 952 προϐολὴ
3103 878 3395 955 εὐεργετῶν
3422 880 3436 937 ι
3480 904 3511 933 ιο
3549 883 3611 939 Ὀ
3640 881 3777 942 λαὸς

2126 962 2186 1018 ἐκ
2218 972 2284 1041 γ’,
2320 989 2349 1014 ‹‹
2384 965 2572 1028 Καλῶς
2604 965 2810 1035 ἦλθεςε
2843 992 2871 1018 ››
2902 967 2975 1025 Οἵ
2998 968 3242 1043 κράκται·
3279 993 3307 1019 ‹‹
3341 967 3537 1031 Καλῶς
3582 969 3780 1039 ἦλθες,

2127 1056 2162 1122 ἡ
2214 1054 2440 1129 εὐγενὴς
2484 1054 2543 1109 ἐκ
2606 1056 2891 1130 προγόνων
2956 1058 3031 1112 l»
3065 1058 3127 1115 Ὀ
3185 1056 3316 1120 λαὸς
3374 1058 3434 1113 ἐκ
3482 1060 3550 1134 γ’,
3602 1083 3632 1111 ‹‹
3666 1066 3777 1115 Κα-

2130 1142 2243 1204 λῶς
2298 1140 2486 1211 ἦλθες.
2545 1145 2613 1202 O't
2669 1146 2920 1219 κράκται,
2979 1170 3007 1198 ‹‹
3063 1150 3181 1207 ’Ἐς⁸
3244 1149 3303 1205 Ὀ
3356 1149 3487 1211 Θεὸς
3534 1150 3562 1203 ὁ
3595 1151 3775 1224 ἅγιος,

2129 1232 2258 1296 τοὺς
2313 1241 2653 1311 νεονύμφους
2737 1234 2996 1311 φύλαξον
3064 1241 3279 1309 Πνεῦμα
3342 1237 3406 1293 τὸ
3486 1239 3779 1314 πανάγιον,

2130 1322 2258 1386 τοὺς
2304 1324 2701 1397 συμπενθεροὺς
2759 1326 2871 1395 (84)
2928 1324 3205 1401 φύλαξονί
3264 1328 3439 1400 Ἃγιε,
3508 1329 3779 1403 τρισάγιε,

2132 1414 2259 1474 τοὺς
2316 1413 2705 1490 παρανύμφους
2764 1413 3072 1491 φύλαξον.»
3127 1415 3223 1470 Καὶ
3275 1415 3495 1490 λέγουσι
3525 1420 3625 1487 τὴν
3656 1440 3776 1495 φωο

2132 1501 2229 1569 νῆν
2288 1500 2388 1576 ἧχ.
2443 1508 2505 1555 α’·
2533 1525 2560 1552 ‹‹
2600 1504 2771 1571 ’Ἀνοη
2819 1500 3093 1574 ἐσώρευσα
3143 1506 3240 1556 τοῦ
3301 1503 3495 1577 ἀγροῦ,
3541 1504 3632 1558 καὶ
3696 1504 3777 1567 εἷς

2131 1590 2229 1659 τὴν
2306 1588 2549 1644 παστάδα
2624 1589 2814 1659 εἶσῆκα
2899 1588 3131 1664 σπουδῇ.
3206 1591 3576 1669 ζευγόνυμφον

2131 1675 2297 1745 ἥλιον
2318 1673 2457 1731 εἶδον
2514 1678 2590 1742 εἰς
2616 1677 2973 1753 γρυσέντιμον
3005 1678 3222 1749 κλίνηψ
3274 1679 3498 1752 ἄλληλα
3537 1681 3779 1755 ἠγκαλίο

379 1776 805 1849 amplectuntur
835 1778 892 1829 et
923 1774 1131 1828 fovent.
1168 1770 1388 1826 Laztitia
1419 1769 1831 1840 pulchritudini
1875 1770 2024 1841 ipso-

2145 1772 2291 1836 :ov'co
2348 1769 2596 1836 ποθητὴν
2648 1766 2961 1840 ἐπιθυμίαν·
3007 1769 3153 1843 χαρά
3192 1768 3269 1832 εἰς
3332 1770 3397 1824 τὰ
3452 1768 3635 1841 κάλλη
3680 1772 3777 1827 αὐ-

378 1882 510 1921 rum
543 1863 917 1927 dulcissimae,
954 1877 1095 1916 rosae
1128 1876 1241 1930 que
1272 1857 1513 1929 pulchra
1552 1857 1741 1928 specie
1776 1857 2025 1913 nitentes

2145 1859 2240 1910 τῶν
2288 1855 2356 1910 τὰ
2413 1853 2832 1932 ἐγγλυκοθέατα,
2880 1856 2971 1911 καὶ
3038 1855 3171 1934 ῥόδα
3222 1858 3288 1913 τὰ
3371 1856 3772 1937 ῥοόοεύμορφα·

378 1954 498 2011 sint
532 1954 543 2007 l
581 1952 799 2008 Lmtitia
829 1966 1002 2006 aureo
1030 1948 1247 2004 amanti
1283 1946 1426 2017 pari.
1465 1969 1492 1995 ››

946 2092 1181 2149 CAPUT
1212 2091 1460 2147 LXXXII

640 2203 990 2263 Observanda
1018 2205 1077 2258 in
1117 2200 1467 2258 coronatione
1503 2199 1769 2271 nuptiali.

449 2318 741 2388 Sponsum
765 2324 1165 2384 sponsamque
1185 2308 1257 2363 ab
1279 2306 1519 2363 ecclesia
1535 2323 1667 2362 cum
1694 2306 1817 2362 suis
1848 2306 2030 2362 comi-

376 2406 536 2463 tibus
560 2417 856 2476 egressam
891 2399 1202 2455 multitudo
1236 2397 1427 2467 p0puli
1452 2406 1504 2451 et
1529 2396 1732 2451 musici
1766 2395 2030 2468 cymbala

377 2494 677 2568 pulsantes
714 2490 1033 2562 excipiunt,
1088 2488 1304 2559 quibus
1344 2492 1583 2557 utraque
1626 2485 1796 2540 factio
1836 2484 2031 2541 accla-

381 2588 506 2641 mat
543 2599 556 2637 :
601 2603 629 2630 «
672 2580 847 2650 Deus,
883 2582 1148 2633 Servator
1188 2580 1403 2639 noster,
1455 2576 1723 2630 dominos
1775 2574 2028 2642 custodi,

382 2679 603 2741 sancte,
627 2680 712 2728 ter
740 2676 958 2739 sancte,
983 2670 1165 2724 vitam
1190 2668 1409 2722 salvam
1435 2665 1577 2736 ipsis
1600 2666 1850 2721 concede
1878 2665 2031 2735 ;Spi-

382 2762 533 2820 ritus
559 2760 944 2827 sanctissime,
979 2762 1257 2828 augustos
1302 2761 1463 2811 tuere
1495 2775 1509 2823 ;
1552 2755 1815 2820 Domine,
1854 2755 2031 2809 vitam

385 2868 586 2909 eorum
622 2868 723 2921 per
746 2854 1000 2904 nostram
1033 2846 1211 2900 vitam
1239 2844 1251 2898 l
1276 2844 1632 2915 Majestatem
1654 2843 1833 2914 hujus
1856 2843 2036 2915 impe-

389 2941 481 3009 rii,
527 2940 792 3003 Domine,
837 2937 1117 2993 conﬁrma
1168 2934 1180 2987 !
1233 2955 1261 2983 »
1306 2933 1544 2998 Quando
1593 2933 1663 2988 ad
1705 2932 2034 2990 thalamum

387 3045 704 3096 accessere,
736 3035 996 3082 cantores
1035 3030 1169 3080 tono
1204 3022 1388 3093 primo
1419 3022 1689 3078 accinunt
1722 3039 1733 3075 :
1771 3044 1798 3071 «
1834 3022 2035 3078 Nostri

391 3137 565 3177 causa
611 3121 778 3175 Cana:
818 3116 878 3172 in
925 3114 1160 3171 Galilzea
1207 3114 1447 3169 humilis
1492 3113 1669 3179 fuisti,
1704 3114 2030 3185 legitimum

2151 3107 2244 3162 κὸν
2271 3108 2373 3183 ἦχ.
2408 3108 2474 3164 α’.
2500 3131 2526 3158 ‹‹

393 3224 676 3277 amorem,
702 3217 756 3262 ut
786 3211 936 3262 Deus
966 3205 1300 3276 obsignans.
1326 3205 1405 3257 Ex
1440 3208 1699 3257 materno
1731 3204 1884 3257 enim
1916 3204 2040 3258 tha-

396 3299 574 3368 lamo,
609 3305 673 3353 ut
701 3296 895 3362 homo,
931 3300 985 3349 te
1025 3292 1340 3354 inclinasti,
1380 3296 1436 3346 et
1474 3291 1630 3346 sicut
1673 3298 1795 3346 tum
1838 3308 2039 3346 recens

399 3396 612 3458 nuptos
635 3383 960 3447 beneﬁciis,
978 3381 1243 3446 aﬁecisti,
1269 3380 1348 3434 ita
1370 3385 1427 3434 et
1446 3395 1598 3434 nunc
1626 3396 1729 3450 par
1752 3379 1859 3435 hoc
1883 3379 2053 3438 sertis

403 3473 764 3544 nuptialibus
786 3470 1121 3526 redimitum
1151 3467 1301 3523 felici
1328 3467 1486 3538 prole
1513 3483 1675 3531 orna,
1698 3473 1760 3522 ut
1786 3476 2049 3539 pacatam

400 3563 577 3618 vitam
635 3559 915 3628 transigat
979 3557 989 3610 !
1045 3580 1071 3605 ››
1124 3557 1298 3611 Porro
1350 3561 1611 3611 cantores
1665 3573 1677 3609 :
1730 3578 1759 3605 (ί
1820 3556 2053 3613 Nobiles

402 3651 626 3722 sponsi,
672 3652 821 3703 Deus
861 3663 964 3703 vos
1006 3650 1306 3702 conservet
1345 3663 1358 3712 ;
1407 3643 1689 3713 illustres,
1741 3646 2057 3702 virtutibus

403 3738 618 3796 decori.
643 3737 897 3793 Trinitas
919 3751 1022 3790 vos
1044 3733 1101 3789 in
1127 3739 1285 3789 recta
1302 3733 1515 3789 semita
1534 3734 1731 3799 ducat,
1754 3736 1903 3790 Deus
1922 3751 2057 3790 con-

398 3828 565 3902 jugio
598 3832 792 3884 vestro
854 3830 1094 3893 annuat,
1138 3831 1201 3879 ut
1238 3824 1400 3880 solus
1441 3823 1917 3896 benignissimus,
1959 3825 2060 3897 qui

407 3917 657 3991 primum
692 3914 988 3970 Cananazis
1019 3913 1239 3985 nuptiis
1270 3912 1558 3981 interfuit,
1582 3914 1761 3985 inque
1789 3913 1932 3986 ipsis
1958 3930 2059 3985 pro

408 4022 517 4065 suo
539 4005 598 4061 in
634 4005 901 4061 homines
935 4018 1131 4059 amore
1154 4018 1317 4073 aquae
1341 4001 1967 4072 benedixitvinumque
1990 4003 2060 4058 ad

408 4094 669 4152 latitiam
701 4092 1007 4149 hominum
1049 4092 1291 4164 paravit.
1334 4092 1386 4146 Is
1428 4091 1534 4146 tibi
1568 4099 1793 4163 tuasque
1825 4090 2061 4163 conjugi

1839 4215 2072 4272 VARl/E

2136 1945 2283 2020 γαρὰ
2311 1944 2389 2006 εἰς
2426 1944 2488 1997 τὸ
2513 1948 2695 2018 ζεῦγος
2714 1950 2777 2000 τό
2808 1946 3035 2020 χρυσόν.
3070 1970 3100 1997 »

2743 2089 3003 2145 ΚΕΦΛΑ.
3048 2094 3171 2145 DB‘.

2349 2196 2485 2252 Ὅσα
2516 2192 2597 2250 δεῖ
2634 2194 3067 2271 παραφυλάττειν
3092 2196 3169 2259 εἷς
3209 2198 3551 2271 στεφάνωμα.

2207 2306 2330 2361 Τῶν
2369 2303 2683 2382 νεονύμφων
2731 2303 2978 2376 ἐξιόντων
3012 2304 3117 2359 ἀπὸ
3157 2307 3257 2373 τῆς
3314 2303 3618 2376 ἐκκλησίας
3648 2310 3786 2380 μετᾶ

2137 2395 2227 2448 καὶ
2256 2399 2364 2449 τῶν
2413 2392 2808 2469 παρανύμφων,
2860 2390 3114 2471 δέχονται
3162 2393 3387 2456 τούτους
3418 2396 3485 2449 τά
3530 2416 3589 2450 τε
3640 2394 3788 2466 πλη-

2141 2483 2229 2547 θία
2285 2482 2374 2538 καὶ
2433 2484 2498 2539 τὰ
2549 2477 2991 2557 χειροκύμϐαλα,
3042 2484 3134 2538 καὶ
3190 2482 3555 2559 ἀκτολογοῦσι
3591 2484 3660 2540 τὰ
3690 2483 3785 2540 δύο

2144 2572 2278 2646 μέρη
2313 2576 2498 2628 ταῦτα’
2535 2597 2563 2623 ι(
2607 2572 2667 2629 Ὀ
2695 2572 2890 2645 Σωτὴρ
2923 2573 3052 2634 Θεὸς
3098 2575 3285 2645 ἡμῶν.
3332 2572 3459 2636 τοὺς
3518 2572 3783 2639 δεσπότας

2142 2660 2399 2737 φύλαττε.
2459 2665 2635 2739 Ἀγιε,
2711 2662 2979 2738 τρισάγιε,
3056 2663 3225 2732 ζωὴν,
3288 2662 3469 2741 ὑγείαν
3539 2660 3629 2726 δὸς
3695 2664 3789 2719 αὐ-

2141 2757 2279 2813 τοῖς,
2315 2756 2529 2824 Ηνεῦμα
2585 2751 2647 2805 τὸ
2705 2752 2989 2826 πανάγιον,
3018 2752 3113 2813 τὰς
3160 2750 3465 2828 αὐγούστας
3498 2753 3783 2812 σκέπασον.

2146 2841 2332 2915 Κύριε,
2368 2841 2511 2910 ζωὴν
2544 2838 2719 2895 αὐτῶν
2763 2837 2851 2894 διὰ
2908 2840 3007 2908 τήν
3071 2841 3215 2910 ζωὴν
3245 2842 3440 2913 ἡμῶνῑ
3472 2843 3591 2897 "Eo.
3618 2844 3793 2900 Τοῦτο

2142 2930 2205 2985 τὸ
2240 2928 2537 3004 βασίλειον,
2580 2927 2769 3004 Κύριε,
2812 2928 3109 3003 στερέωσον
3147 2930 3215 2985 Ι»
3268 2930 3363 2984 Καὶ
3419 2930 3509 2985 ὅτε
3556 2931 3797 2999 πλησιά-

2148 3038 2309 3073 σωσιν
2367 3020 2435 3092 τῇ
2494 3014 2749 3087 παστάδι,
2801 3015 3048 3093 λέγουσιν
3096 3016 3203 3071 ἀπὸ
3252 3022 3499 3092 κρακτῶν
3538 3018 3797 3075 ἆπελατι-

2562 3107 2639 3161 Δι’
2688 3108 2835 3178 ἡμᾶς
2885 3104 3204 3178 ἐμετρίασας
3262 3109 3377 3181 (86)
3411 3106 3463 3162 ἐν
3530 3112 3670 3178 Κανᾷ
3698 3114 3799 3177 τῆς

2153 3196 2451 3258 Γαλιλαίας
2478 3196 2578 3264 τήν
2628 3190 2853 3269 ἔννομον
2894 3196 3206 3273 συνάφειαν,
3247 3196 3323 3259 ὡς
3366 3199 3493 3259 Θεὸς
3543 3198 3803 3277 ἐπισφρα-

2160 3285 2349 3361 γίζων·
2396 3284 2455 3340 ἐκ
2508 3292 2782 3360 μητρικῆς
2830 3285 2932 3360 γὰρ
3007 3282 3281 3348 παστάδος
3347 3287 3425 3349 ὡς
3521 3286 3806 3361 ἅνθρωπος

2162 3374 2493 3448 προεκλίθης
2523 3377 2657 3447 (87),
2690 3374 2778 3428 καὶ
2834 3374 2908 3435 ὡς
2952 3373 3268 3451 ηὺλόγησας
3327 3378 3457 3437 τοὺς
3505 3375 3617 3431 ἰκεῖ
3671 3398 3807 3449 νυμο

2164 3464 2515 3540 φευομένους,
2562 3462 2736 3526 οὕτως
2788 3462 2879 3517 καὶ
2919 3461 3010 3517 νῦν
3049 3462 3360 3541 εὐλόγησον
3403 3461 3575 3519 δυάδα
3614 3486 3807 3520 στεφα-

2165 3551 2453 3625 νουμένην,
2509 3555 2868 3625 κατακοσμῶν
2924 3551 3167 3623 εὐτεκνίᾳ
3221 3551 3311 3606 καὶ
3370 3552 3620 3627 εἴρηναία
3671 3554 3807 3628 βιώ-

2168 3643 2284 3697 σειέ
2320 3664 2348 3693 ››
2392 3641 2495 3697 Καὶ
2544 3639 2791 3715 λέγουσιν
2841 3639 2949 3695 ἀπὸ
2996 3645 3267 3715 κρακτῶν⁶
3302 3665 3331 3693 ‹‹
3378 3640 3649 3716 Εὐγενεῖς,
3689 3641 3804 3697 νεό-

2165 3754 2389 3811 νυμφοι,
2461 3733 2589 3795 Θεὸς
2677 3730 2987 3810 διαφυλάξει
3058 3752 3171 3796 σας’
3237 3732 3472 3807 ἔντιμοι,
3547 3733 3809 3810 ἐνάρετοι,

2166 3824 2331 3899 Τριᾶς
2389 3819 2750 3878 κατευοδώσει
2805 3841 2921 3892 σας,
2981 3819 3226 3896 εὐλογῶν
3300 3823 3395 3877 τόν
3460 3822 3637 3898 γάμον
3694 3842 3807 3885 σας·

2166 3911 2254 3972 Ὠς
2287 3910 2452 3983 μόνος
2513 3908 2868 3985 ὑπεράγαθος,
2904 3907 2962 3970 ὅς
3020 3908 3072 3962 ἐν
3121 3914 3261 3980 Κανᾷ
3317 3911 3381 3965 τὸ
3440 3909 3704 3986 πρότερον
3734 3915 3810 3983 τῷ

2166 3999 2327 4075 γάμῳ
2380 3998 2726 4075 παρεγένετο,
2777 3998 2868 4053 καὶ
2925 3997 2977 4054 ἒν
3033 3997 3181 4070 αὐτῷ
3212 3997 3521 4074 ηὐλόγησιν
3551 4001 3613 4055 τὸ
3647 3996 3812 4074 ὕδωρ,

2168 4089 2245 4152 ὠς
2302 4086 2706 4169 φιλάνθρωπος,
2761 4090 2852 4144 καὶ
2902 4087 3044 4143 οἶνον
3113 4091 3227 4163 (88)
3291 4089 3663 4162 μετεσκεύαςεν
3723 4091 3816 4145 ἆν-

2149 4217 2558 4275 LECTIONES.

481 4334 529 4369 ⁸⁷
560 4333 777 4390 ΣΧΟΛ.
812 4332 1031 4401 Ἰστὲον,
1056 4328 1141 4383 ὅτι
1163 4327 1214 4384 ἐν
1246 4332 1326 4399 τῷ
1356 4326 1590 4384 κατιέναι
1621 4330 1790 4398 αὐτὴν
1810 4330 1901 4384 καὶ
1933 4329 1988 4385 ἐν
2013 4333 2092 4386 τῶ
2121 4328 2439 4406 ἀκτολογεῖν
2462 4332 2528 4385 τὰ
2563 4331 2701 4405 μὲρη
2735 4329 2963 4386 αὐλοῦσι
2990 4330 3058 4386 τὰ
3086 4326 3310 4406 ὄργανα.

1462 4465 1667 4521 JOAN.
1709 4466 1851 4523 JAC.
1894 4468 2153 4525 REISKII
2194 4467 2774 4525 COMMENTARIUS.

494 4575 607 4651 (83)
646 4573 720 4630 Ut
760 4574 1021 4651 deducere
1046 4588 1315 4651 ⁸δροηειιγη
1356 4572 1540 4651 Latini
1595 4573 1795 4651 dicunt
1845 4591 1946 4645 pro
1996 4591 2065 4631 ex
2097 4578 2141 4643 Ι)
2173 4581 2263 4651 est
2295 4592 2427 4651 pro“
2449 4574 2583 4651 μετᾲ
2622 4581 2872 4651 arcem-7,;
2909 4573 3220 4651 ἐπιθυμίας,
3254 4578 3464 4645 impetu
3497 4579 3596 4635 diu
3622 4583 3820 4651 cupito.

413 4648 635 4702 aedibus
690 4646 949 4717 paternis
993 4646 1063 4701 ad
1109 4660 1387 4717 sponsum
1429 4648 1662 4710 ducere,
1708 4645 1792 4700 sic
1835 4662 2063 4717 quoque

418 4718 593 4775 Graeci
630 4715 702 4775 de
731 4735 948 4789 sponsa
978 4717 1051 4773 ad
1092 4715 1365 4789 maritum
1410 4721 1748 4789 transeunte
1787 4715 1919 4772 cum
1962 4715 2065 4774 suo

417 4789 705 4862 pellectile
754 4787 862 4846 sua
907 4789 1109 4845 dicunt
1149 4787 1407 4856 κατιέναι,
1453 4787 1718 4845 devenire
1763 4797 1860 4844 aut
1905 4789 2069 4847 dece-

417 4864 573 4918 dere.

491 4934 604 5003 (84)
635 4931 924 5005 Utrosque
956 4947 1211 5000 soceros,
1236 4935 1353 5005 tam
1382 4932 1610 5005 sponsi,
1645 4949 1813 5005 quam
1847 4949 2067 5005 sponsa:

422 5003 852 5077 patremiatque
884 5009 1130 5077 matrem
1165 5020 1178 5069 ;
1220 5004 1336 5058 vid.
1380 5003 1463 5058 Du
1505 5003 1695 5074 Cange
1735 5003 1823 5059 Gl.
1866 5009 1962 5061 Gr.
2006 5004 2067 5059 h.

421 5076 474 5131 ἦ.
508 5082 566 5130 et
596 5076 667 5131 ad
699 5076 854 5131 Alex.
889 5092 944 5146 p.
976 5076 1103 5131 233.

493 5148 610 5217 (85)
642 5146 748 5203 Per
773 5144 941 5203 solem
970 5144 1315 5217 intelligitur
1356 5146 1503 5200 dies.
1542 5145 1682 5201 Vult
1718 5145 1910 5217 itaque
1949 5164 2073 5203 car-

425 5235 557 5273 men
592 5216 725 5274 hoc
769 5218 1036 5283 Graeculi,
1083 5216 1211 5273 sciti
1262 5232 1365 5271 sua
1413 5226 1468 5271 et
1516 5232 1754 5272 suorum
1804 5216 2077 5287 Opinione

2174 4643 2363 4705 Dictio
2392 4643 2833 4720 ἄν’βημὲσώρευσα
2895 4655 3032 4715 etc.,
3066 4643 3290 4720 videtur
3317 4643 3349 4705 e
3378 4651 3615 4720 cantico
3649 4643 3825 4707 canti-

2175 4735 2375 4776 corum
2451 4718 2781 4796 SalomOnis
2833 4723 3120 4775 traducta.
3194 4718 3378 4776 Dictio
3431 4719 3822 4796 ἒγγλυκοθέατα

2179 4807 2323 4848 nova
2352 4798 2405 4846 et
2435 4791 2681 4846 conficta
2711 4796 2818 4856 est,
2851 4796 3133 4861 notatque
3172 4807 3262 4861 ea.
3294 4808 3419 4851 oua;
3460 4791 3592 4849 cum
3633 4796 3822 4852 dulce-

2177 4863 2334 4928 dine,
2382 4861 2679 4941 voluptate
2726 4858 3088 4941 spectantur.
3129 4858 3532 4941 Ῥοδοεὺμορφα
3562 4868 3819 4937 ejusdem

2179 4935 2484 4992 commatis
2512 4938 2621 5005 est,
2654 4939 2767 4989 tam
2793 4934 3053 5003 pulchra,
3085 4950 3250 5005 quam
3279 4934 3439 4993 r058.

2253 5004 2367 5078 (86)
2399 5004 2650 5081 Humilis
2683 5005 2848 5074 fuisti
2893 5005 2981 5061 vel
3027 5004 3339 5081 humiliastt'
3383 5008 3579 5081 te._Sic
3613 5007 3823 5081 μετριό-

2180 5076 2281 5146 της
2315 5093 2419 5148 pro
2448 5076 2771 5149 humilitate
2798 5081 3091 5149 usurpant
3136 5077 3264 5134 novi
3309 5079 3484 5134 Graeci
3532 5096 3545 5146 ;
3585 5076 3825 5137 vidﬁDu

2183 5147 2374 5215 Gange
2401 5164 2454 5205 v.
2474 5147 2809 5221 iME‘tpté‘tTjC.

2269 5221 2387 5288 (87)
2428 5220 2507 5295 Id_
2531 5217 2621 5295 est
2658 5221 2990 5295 προὲκυπτες
3029 5217 3584 5295 νει-προεκυλίσθης,
3631 5221 3832 5295 prodii-

426 5290 621 5360 procul
655 5290 831 5346 dubio
865 5296 1065 5361 poetae,
1095 5289 1331 5363 dicere:
1364 5288 1543 5343 Video
1567 5289 1739 5363 _di_em
1782 5288 1936 5343 hunc
1976 5306 2080 5360 par
2188 5292 2279 5349 sti.
2304 5290 2599 5363 remersistt‘,
2631 5288 2940 5359 protulisti,
2962 5292 3280 5363 provolutus
3307 5308 3383 5349 es.

427 5358 749 5416 amantium
784 5358 1133 5432 conjungere
1164 5361 1222 5414 in
1256 5362 1465 5414 throno
1496 5358 1583 5413 vel
1615 5359 1897 5432 thalamo,
1940 5358 2078 5416 auro

427 5439 631 5491 contra
661 5450 813 5488 οπο-
848 5430 1223 5507 Ζευγεὲἓνμερος
1242 5441 1341 5507 ,εει
1360 5432 1601 5507 fusam
1630 5447 1737 5500 ραν
1766 5430 2079 5507 uniuersis.

429 5489 605 5577 Seneu
644 5506 849 5577 activo.
888 5489 1665 5577 Ιπῖᾁλληλαἐνηῆκαλνίζοντο
1694 5489 2081 5577 εᾳὺ-ἱῃῖῐθ-Ῑξιὶεἱί

2262 5362 2377 5435 (βξ)
2400 5364 2528 5417 Haec
2552 5368 2641 5418 est
2664 5364 2808 5420 bene
2833 5362 3027 5435 Graeca
3056 5372 3109 5419 et
3140 5363 3332 5435 ubivis
3360 5363 3525 5435 obvia
3562 5365 3760 5435 dictio,
3787 5380 3835 5421 s.

2192 5429 2433 5507 caiﬁwp
2475 5436 2884 5507 μετασκευᾴζειν
2954 5433 3093 5507 οἶνον
3142 5452 3245 5507 pro
3293 5433 3369 5496 εἷς
3414 5432 3582 5491 οἶνον.
3631 5429 3839 5492 Subin-

2192 5503 2569 5581 telligendum
2603 5517 2687 5581 est
2712 5505 2787 5568 εἰς
2820 5507 2878 5562 in
2912 5503 3158 5573 talibus,
3186 5507 3361 5581 quasi
3390 5508 3546 5581 dicas
3579 5524 3592 5564 :
3634 5524 3837 5581 aquam

429 5580 527 5660 tur
553 5574 620 5630 τὲι
651 5574 833 5660 (eam,
864 5576 1028 5660 parin
1064 5569 1183 5660 haec
1220 5569 1539 5660 sponsalia;
1568 5581 1669 5660 aut
1696 5574 1750 5660 ‘si
1792 5569 2084 5660 @1135qu:
2193 5569 2586 5660 tran's'paravit
2611 5577 2839 5649 vinum,
2870 5594 2941 5634 ex
2968 5594 3117 5660 aqua
3139 5569 3499 5660 'ali'ud_qu_id,
3529 5569 3708 5637 antea
3732 5595 3839 5637 non

430 5646 610 5721 legas,
643 5643 1101 5721 subintelligitur
1130 5646 1182 5700 οἳ
1202 5644 1451 5722 νύμφιοι.
1500 5645 1751 5715 Ηοθητὴν
1793 5643 2087 5719 ἰπιθυμίαν

2198 5648 2506 5717 exsistens,
2538 5666 2773 5715 novum,
2807 5648 3265 5719 nempe'vinum,
3297 5648 3451 5707 fecit.
