4138 6212
352 373 471 432 689

1195 372 1294 430 DE
1343 371 1796 433 CERIMONIIS
1840 375 2081 435 AULzE
2123 375 2617 441 BYZANTIN/E
2660 383 2810 443 LIB.
2858 385 2903 444 Ι.

3659 380 3780 440 690

347 523 436 556 ται
467 499 695 564 τούτους
735 498 1017 556 εἰσελθεῖν.
1060 502 1125 557 Οἱ
1177 498 1233 555 δὲ
1279 499 1571 575 τρέχοντες
1601 504 1688 556 καὶ
1734 503 1801 556 τά
1846 524 1988 558 σκουι

2085 508 2299 573 ,ετοάῂ
2351 513 2733 570 Accurrentes
2788 530 2927 588 ergo
2963 529 3204 586 propere
3251 511 3542 583 simulque
3607 517 3778 568 scuta

347 592 510 666 τάρια
561 591 662 646 ὑπὸ
718 595 827 644 τῶν
904 590 992 644 ὑπ’
1066 590 1244 644 αὐτῶν
1305 591 1724 664 βα¹σταζομενων
1776 592 2006 668 βεργίων

350 680 645 741 τύπτοντες
674 679 764 733 καὶ
813 678 1016 734 κτύπον
1069 676 1488 748 ἀποτελοῦντες,
1530 677 1782 754 λέγουσιν
1811 706 1839 732 ‹‹
1871 679 2006 736 τοὺλ

345 767 488 824 τούλ
520 771 631 840 (99)
671 791 718 822 ι.
758 768 861 822 Καὶ
912 771 1074 820 τοῦτο
1126 771 1370 841 συνεχῶς
1402 766 1653 844 λέγοντες
1684 768 2004 847 ἀνέρχονται

347 857 586 926 πλησίον
635 864 735 924 τῆς
810 853 1102 930 βασιλικῆς
1159 856 1453 929 τραπέζης,
1511 858 1585 918 ὡς
1645 859 1750 912 ἀπὸ
1809 858 2003 933 ὀλίγου

348 942 742 1016 διαστήματος,
800 942 1016 998 κάκεῖσε
1074 944 1400 1018 μιγνύμενοι
1458 945 1757 1023 ἀμφότεροι
1802 951 2004 1002 ποιῶσι

345 1033 660 1111 κυκλοφερῆ
714 1035 1052 1106 παραταγὴν,
1103 1034 1154 1087 οἱ
1207 1034 1300 1106 μὲν
1346 1029 1451 1088 ἔσω
1501 1039 1596 1089 τοῦ
1627 1033 1832 1090 κύκλου
1862 1035 2001 1090 ἀπο-

345 1121 688 1194 κλειόμενοι,
732 1122 785 1176 οἱ
835 1121 892 1174 0":
940 1119 1127 1193 ἔξωθεν
1165 1121 1637 1196 περικυκλοῦντες.
1694 1123 1792 1178 Καὶ
1839 1128 2001 1180 τοῦτο

345 1216 581 1283 τρισσῶς
635 1215 920 1272 ποιοῦντες
971 1207 1419 1284 διαχωρίζονται,
1477 1213 1566 1266 καὶ
1623 1212 1864 1267 ’ἰστανται
1923 1213 2001 1276 εἷς

343 1301 470 1362 τοὺς
505 1298 675 1356 ἰδίους
714 1298 936 1369 τόπους,
971 1301 1022 1353 οἱ
1059 1299 1151 1370 μὲν
1196 1304 1303 1353 τῶν
1355 1299 1584 1356 Βενὲτων
1631 1300 1708 1363 εἰς
1763 1302 1831 1356 τά
1879 1302 1999 1375 ἀρι-

345 1389 526 1462 στερά,
577 1390 628 1443 οἱ
683 1387 740 1443 δὲ
797 1392 906 1443 τῶν
967 1388 1243 1461 Πρασίνων
1298 1388 1374 1449 εἰς
1422 1390 1489 1442 τά
1535 1386 1682 1460 δεξιὰ
1723 1391 1856 1463 μετὰ
1905 1390 1996 1445 καὶ

342 1481 454 1531 τῶν
485 1477 682 1550 ἑτέρων
712 1474 990 1550 δημοτῶν,
1026 1477 1114 1529 καὶ
1156 1474 1409 1551 λέγουσιν
1459 1479 1623 1553 ἄμφω
1671 1478 1758 1534 ται
1808 1481 1994 1555 γοτθι-

342 1565 434 1634 κά,
478 1565 629 1620 ἅτινά
678 1565 778 1620 εἰσι
825 1568 1014 1630 ταῦτα,
1071 1563 1329 1635 δηλονότι
1377 1565 1466 1620 καὶ
1518 1571 1627 1620 τῶν
1672 1564 1994 1640 πανδούρων

339 1655 403 1708 τὸ
455 1653 656 1708 οἰκεῖον
712 1653 878 1727 μέλος
926 1653 1420 1728 ἀποπληρούντων·
1463 1679 1492 1706 α
1524 1655 1742 1730 γαύζας’
1812 1655 1992 1730 βόνας⁶

343 1741 632 1818 βηκηδίας·
707 1746 850 1819 ἅγια·
924 1740 1228 1818 γαυδὲντεςο
1295 1738 1665 1812 ἐλκηϐόνιδες·
1726 1745 1990 1819 ἐνκέρτυς’

339 1832 486 1905 ἅγιαο
571 1833 722 1907 βόνα·
801 1831 936 1906 ὣρα·
1011 1831 1228 1886 τούτου⁶
1310 1833 1519 1906 βάντες·
1587 1833 1720 1908 βόνα
1792 1835 1985 1910 ἀμόρε·

339 1919 711 1982 ἐπισκύαντεςο
770 1915 1181 1982 ἷδεσαλϐάτους·
1238 1921 1391 1975 νανά·
1453 1919 1631 1984 δέους·
1689 1920 1860 1985 δέους·
1905 1945 1988 1979 σε-

337 2004 562 2064 ϐακιϐάσ
617 2010 765 2064 νανά·
821 2003 1376 2083 δευμονογυγγύϐελεο
1418 2005 1704 2085 γυϐίλους·
1758 2008 1999 2086 γυϐἑλα-

337 2115 450 2171 ρες’
500 2097 651 2152 νανά·
699 2092 988 2172 γυϐίλους·
1039 2092 1357 2172 γυϐέλαρεςο
1403 2099 1554 2152 νανά’
1602 2103 1698 2153 τοῦ
1736 2098 1994 2174 γεγδεμαο

336 2185 397 2241 δὲ
450 2182 741 2242 τούλὸεΑε⁶
812 2189 1013 2242 νικάτω
1079 2184 1305 2241 τουλδο·
1373 2189 1521 2242 νανά·
1590 2189 1618 2242 ὁ
1659 2189 1901 2258 Ἑζεκίας
1939 2188 1992 2244 ἐν

333 2281 453 2337 τοῖς
517 2275 788 2349 πολέμοις
861 2273 1338 2348 καθοπλισάμενος
1412 2275 1745 2350 ’Δσσυρίοις
1806 2277 1990 2333 ἀνανά·

335 2367 436 2433 τὴν
473 2362 671 2420 ἐλπίδα
707 2365 797 2418 καὶ
841 2364 1014 2438 μόνην
1071 2360 1218 2439 ἔχων
1265 2369 1399 2420 Θεοῦ
1437 2371 1534 2420 τοῦ
1575 2365 1988 2443 φιλανθρώπου·

342 2453 488 2507 νανά·
546 2451 720 2506 πάντα
780 2453 1028 2522 ὑπὲταξεν
1085 2449 1208 2522 ἔθνη
1276 2452 1367 2507 καὶ
1423 2453 1596 2516 ἀθέων
1654 2456 1754 2524 τήν
1799 2477 1991 2532 τυραν-

333 2539 478 2596 νίδαο
529 2542 673 2614 ἅγια·
725 2543 755 2596 ὁ
804 2542 1010 2614 σωτήρ,
1067 2541 1261 2617 ἀγαθοὶ
1317 2539 1591 2596 δεσπόται·
1633 2545 1782 2598 νανάο
1815 2547 1988 2602 πάντα

325 2628 525 2704 ἐχθρόν
585 2650 679 2691 σας
737 2627 1007 2684 δουλώσει
1060 2631 1168 2704 πρὸ
1233 2634 1342 2684 τῶν
1405 2627 1588 2685 ποδῶν
1650 2652 1762 2693 σας.
1825 2629 1984 2709 ἰϐερο

329 2715 568 2793 ἰϐερίεμ·
614 2724 714 2773 τοῦ
764 2719 1038 2794 ἷγγερουαο
1088 2718 1450 2793 γεργερεθρῷ⁸
1498 2724 1651 2774 νανάο
1709 2720 1985 2780 σικαδιασε

323 2811 665 2882 περέτουρες.
721 2831 746 2862 ι
799 2807 902 2865 Καὶ
952 2808 1054 2862 εἶθ’
1101 2807 1274 2870 οὕτως
1332 2806 1584 2883 λέγουσιν
1633 2811 1683 2864 οἱ
1741 2811 1982 2884 μα’ἰστω-

319 2916 411 2969 ρες
444 2899 576 2970 μετὰ
603 2897 694 2952 καὶ
724 2902 834 2952 τῶν
869 2893 1127 2969 δημοτῶν
1155 2898 1218 2952 τὸ
1249 2892 1651 2972 άλφαϐητᾶριν·
1697 2923 1724 2951 ‹‹
1769 2901 1977 2960 Ἀνανά.

317 2987 605 3058 Ἀηττήτῳ
654 2990 789 3042 Θεοῦ
836 2983 1068 3058 παλάμῃ
1111 2983 1423 3060 ἐστὲφθητε,
1467 2983 1719 3042 δεσπόται
1752 2989 1980 3062 οὐρανό-

316 3076 424 3132 θεν.
457 3070 721 3148 Βραϐεῖον
753 3076 910 3146 νίκης
945 3070 1188 3152 ὥφθητε,
1221 3077 1634 3150 κοσμοπόθητοι
1674 3078 1974 3155 εὐεργέται.

312 3169 559 3217 Γεννάῖοι
593 3159 812 3242 ὤφθητε
848 3169 968 3228 τοῖς
1001 3164 1275 3235 ἐναντίοις,
1327 3162 1664 3239 δωρούμενοι
1695 3172 1811 3229 τοῖς
1840 3169 1976 3222 Ῥω-

2021 1883 2069 1948 Β

2121 595 2321 668 virgis,
2371 615 2520 669 quas
2561 608 2813 672 gestant,
2884 601 3208 673 pulsantes,
3267 615 3661 671 magnumque
3709 617 3774 656 eo

2117 687 3036 756 strepiturr.excitantes,clamant
3065 687 3771 754 identidemzuTulTul,»

2116 779 2174 827 et
2198 775 2282 828 sic
2313 785 2558 847 pergunt
2593 795 2778 850 usque
2811 781 3073 851 proxime
3104 778 3176 833 ad
3208 792 3432 832 sacram
3459 791 3764 846 mensam;

2114 877 2148 916 a
2171 877 2284 929 qua
2317 865 2553 934 quando
2585 882 2789 936 parum
2826 869 3063 932 absunt,
3097 873 3510 922 concurrentes
3529 864 3612 919 ibi
3641 879 3769 919 am-

2114 950 2198 1004 bis
2229 950 2366 1006 hinc
2395 957 2452 1008 et
2482 951 2643 1009 illinc
2665 955 2948 1012 factiones
2983 955 3262 1024 formant
3316 953 3499 1008 aciem
3527 967 3626 1008 seu
3653 957 3769 1008 sta-

2111 1040 2330 1094 tionem
2378 1047 2660 1097 armatam
2719 1042 3131 1110 orbiculatam,
3163 1043 3220 1097 hi
3275 1042 3430 1096 intra
3485 1038 3768 1096 circulum

2110 1126 2342 1196 inclusi,
2390 1128 2472 1183 illi
2507 1136 2745 1187 externo
2765 1131 2987 1187 circulo
3008 1131 3154 1188 istos
3184 1130 3490 1186 interiores
3526 1129 3767 1184 conclu-

2111 1216 2335 1272 dentes.
2386 1221 2504 1274 Hoc
2535 1220 2738 1276 ordine
2788 1226 2970 1276 utter
3025 1221 3182 1277 circa
3242 1235 3468 1274 sacram
3501 1234 3766 1273 mensam

2107 1301 2556 1371 decucurerunt,
2605 1307 2824 1363 secedit
2878 1308 3052 1364 tactio
3109 1323 3350 1378 qusque
3399 1323 3568 1361 suum
3605 1305 3768 1361 inlo-

2106 1407 2262 1460 cum,
2293 1398 2350 1448 et
2381 1395 2710 1451 consistunt
2739 1396 2940 1468 quieti,
2973 1395 3179 1452 Veneti
3207 1396 3442 1466 quidem
3491 1396 3560 1450 ad
3611 1396 3766 1450 sini-

2105 1487 2309 1550 stram,
2345 1483 2567 1539 Prasini
2602 1489 2794 1540 autem
2825 1487 2897 1542 ad
2929 1486 3214 1553 dextram,
3247 1491 3307 1540 et
3353 1484 3618 1551 recitant,
3659 1483 3761 1554 qui

2104 1583 2174 1622 ex
2202 1571 2488 1627 ambabus
2521 1574 2808 1643 partibus,
2841 1574 3060 1630 Gothos
3083 1575 3358 1641 referunt,
3389 1573 3646 1628 carmina
3676 1573 3760 1627 sic

2103 1658 2255 1713 dicta
2286 1659 2552 1723 Gothica.
2586 1662 2746 1718 228
2781 1664 3060 1734 panduris
3092 1663 3324 1719 interim
3375 1659 3607 1718 modulo
3656 1677 3760 1717 suo

2103 1749 2525 1807 accinentibus.
2555 1755 2704 1806 Sunt
2731 1758 2926 1807 autem
2961 1753 3060 1807 illa
3081 1751 3327 1808 Gothica
3351 1752 3469 1806 hinc
3494 1767 3508 1805 :
3532 1749 3752 1825 γαύζας⁶

2105 1833 2266 1907 βόνας
2298 1839 2378 1910 [et
2416 1838 2641 1909 reliqua
2680 1857 2806 1910 quae
2837 1840 3052 1896 Graecis
3082 1856 3114 1895 e
3152 1840 3344 1895 verbis
3376 1839 3555 1911 repeti
3593 1847 3757 1909 pote-

2109 1927 2284 1997 runt].
2335 1958 2405 1968 —
2444 1950 2473 1977 ‹‹
2528 1929 2822 1996 Ezechias,
2901 1929 3120 1984 bellum
3178 1934 3455 1984 adversus
3486 1929 3754 1998 Assyrios

2106 2029 2333 2083 gerens,
2355 2035 2382 2062 »
2405 2020 2626 2081 Anana,
2661 2037 2690 2063 κ
2716 2015 2943 2071 unicam
2970 2015 3189 2071 habens
3220 2015 3279 2070 in
3313 2019 3425 2070 Deo
3454 2030 3618 2084 spem
3650 2015 3754 2069 ho-

2105 2103 2328 2155 minum
2346 2111 2594 2170 amante,
2614 2124 2641 2151 ››
2668 2103 2849 2171 Nana,
2883 2127 2910 2153 α
2945 2105 3174 2173 subegit
3205 2103 3472 2174 gentiles,
3495 2108 3552 2156 et
3574 2103 3751 2158 rebel-

2105 2187 2320 2242 lionem
2365 2190 2764 2258 ignorantium
2807 2191 3012 2246 Deum.
3049 2213 3077 2240 υ
3110 2189 3308 2258 Hagia.
3341 2211 3368 2238 «
3403 2188 3682 2254 Salvator,
3716 2204 3749 2244 ο

2104 2277 2239 2332 boni
2270 2276 2516 2345 domini,
2548 2299 2578 2326 »
2610 2281 2794 2346 Nana,
2828 2299 2856 2328 α
2889 2283 3083 2349 ponat,
3118 2283 3182 2332 ut
3239 2275 3620 2346 mancipium,
3652 2291 3748 2329 co-

2103 2381 2228 2420 ram
2290 2367 2535 2437 pedibus
2593 2367 2801 2422 vestris
2865 2383 3100 2422 omnem
3152 2366 3315 2421 vobis
3371 2365 3746 2419 inimicum.»

2101 2454 2229 2509 lber
2257 2460 2368 2510 etc.
2400 2453 2667 2510 Posthac
2699 2472 2730 2510 a
2759 2455 2966 2512 Gothis
2995 2454 3304 2510 ambarum
3328 2451 3749 2525 partiumdicta

2099 2543 2348 2598 recitant
2365 2545 2628 2614 magistri
2659 2547 2831 2600 ambo
2862 2561 2980 2600 una
3007 2560 3142 2600 cum
3173 2541 3413 2615 plebeiis
3445 2541 3747 2612 utriusque

2097 2632 2366 2688 factionis
2395 2649 2630 2688 carmen
2663 2633 2771 2689 hoc
2811 2639 2896 2689 tot
2953 2638 3230 2689 constans
3273 2632 3558 2700 versibus,
3607 2635 3747 2700 quot

2095 2726 2234 2775 sunt
2266 2721 2986 2791 alphabetiGrecilittere,
3029 2735 3559 2792 unoquoquevsrsu
3591 2719 3746 2774 abea

2092 2809 2288 2865 Graeca
2319 2809 2528 2876 littera,
2560 2827 2688 2882 quis
2727 2811 2836 2866 sibi
2869 2813 3058 2884 quoad
3091 2811 3320 2866 numeri
3349 2810 3614 2865 ordinem
3647 2824 3742 2864 re-

2091 2899 2363 2970 spondet,
2415 2900 2694 2956 ordiente.
2749 2901 2847 2956 Est
2875 2906 3072 2956 autem
3106 2900 3254 2955 hoc:
3303 2919 3330 2950 ιι
3385 2899 3606 2953 Anana.
3655 2897 3740 2952 Ab

2089 2987 2318 3042 invecta
2380 2987 2476 3042 Dei
2536 3004 2710 3042 manu
2788 2988 3043 3042 coronati
3075 2987 3214 3042 estis
3254 2985 3474 3041 domini
3507 2984 3739 3040 cmlitus

2088 3073 2310 3129 Brabeo
2341 3075 2610 3131 victoria.
2636 3075 3006 3131 Monstrastis
3028 3091 3128 3130 vos
3160 3073 3264 3128 toti
3296 3072 3420 3128 orbi
3451 3078 3734 3127 terrarum

2087 3163 2503 3220 desiderabiles
2536 3164 2952 3230 benefactores,
2983 3179 3296 3234 generosos
3334 3167 3392 3216 et
3425 3161 3600 3215 fortes
3631 3159 3737 3214 bo-

319 3252 508 3323 μαίοις
542 3253 862 3330 ζωηφόρους
910 3252 1240 3330 εὐεργεσίας.
1275 3277 1304 3306 n
1337 3253 1439 3310 Καὶ
1472 3254 1569 3317 εἶθ’
1599 3254 1772 3318 οὕτως
1803 3254 1968 3312 πάλιν

2085 3254 2294 3324 stibus,
2325 3255 2610 3310 donantes
2639 3253 2917 3309 Romanis
2939 3252 3243 3317 benelicia,
3276 3266 3403 3322 quae
3433 3254 3610 3304 vitam
3643 3263 3734 3303 se-

311 3343 569 3418 Λὲγουσιν
621 3343 673 3397 οἱ
725 3344 1051 3417 μαῗστωρες·
1105 3367 1134 3394 ‹‹
1185 3344 1374 3419 Ἀγίας
1403 3363 1489 3398 τα’
1519 3344 1616 3398 ἀνα
1643 3366 1701 3400 τε
1731 3346 1967 3404 ἀνετανε.

305 3428 568 3485 Ἐντολαί
599 3451 691 3492 σας
751 3431 882 3505 ὑπὲρ
939 3431 1008 3485 τά
1071 3428 1216 3486 ὅπλα
1274 3430 1526 3505 ἰσχύουσι
1573 3435 1688 3486 κατ’
1757 3433 1970 3508 ἐχθρῶν

309 3516 582 3575 ἁπάντων.
641 3521 764 3588 Ζωή
827 3519 1115 3592 Ῥωμαίων
1167 3520 1258 3574 καὶ
1316 3519 1578 3588 πλοῦτος,
1632 3519 1966 3602 ἀλλοφύλων

308 3605 654 3669 κατάπτωσις
701 3603 897 3669 ὅντως.
953 3607 1232 3681 Ηύρὲθητε
1281 3613 1468 3682 τεῖχος
1514 3615 1615 3678 τῆς
1660 3608 1965 3672 πολιτείας.

307 3694 436 3757 Θεός
496 3716 581 3751 σοι
638 3692 838 3752 ἔδωκεν
903 3694 1143 3759 κλάδους
1201 3699 1601 3770 συνομόθρονας
1659 3702 1758 3772 (1),
1817 3698 1968 3772 εὐερ-

2079 3360 2214 3400 cum
2246 3345 2589 3414 important.
2621 3365 2651 3395 »
2686 3344 2821 3400 Post
2847 3345 3070 3398 dictum
3101 3342 3260 3398 hunc
3288 3337 3732 3410 quaternionem

2076 3449 2350 3488 versuum
2386 3439 2656 3503 repetunt
2687 3433 2939 3505 magistri
2960 3431 3268 3488 formulam
3295 3445 3310 3484 ε
3341 3451 3370 3478 ι(
3404 3433 3622 3498 Hagias
3651 3434 3728 3483 ta.

2078 3525 2280 3578 Anate.
2341 3527 2632 3590 Anetane;
2667 3543 2696 3570 »
2733 3527 2791 3576 et
2837 3527 2962 3576 tum
3017 3519 3433 3574 continuantur
3480 3530 3726 3571 versus:

2066 3635 2109 3670 .«
2133 3614 2333 3668 Edicta
2362 3622 2554 3668 vestra
2584 3613 2716 3684 plus
2749 3612 2807 3668 in
2839 3611 3034 3668 hostes
3064 3626 3268 3666 omnes
3302 3607 3517 3674 valent,
3547 3621 3728 3678 quam

2077 3719 2261 3766 arma,
2295 3700 2424 3756 Vita
2471 3701 2570 3772 qui
2601 3703 2746 3756 estis
2761 3706 2818 3756 et
2845 3700 3064 3756 divitiis
3097 3699 3495 3755 Romanorum
3517 3694 3722 3767 praeci-

1335 3825 1530 3882 JOAN.
1572 3826 1714 3884 ,1Αο.
1758 3827 2018 3884 RElSKII
2058 3826 2661 3884 COMMENTARIUS.

304 3930 454 4006 hiis,
475 3948 629 4006 voce,
653 3934 882 3990 scenica
911 3950 1044 3990 vero
1079 3933 1288 3990 fabula
1316 3951 1586 3990 sermone
1607 3939 1661 3988 et
1693 3937 1962 4006 gestibus

305 4004 598 4070 exhibita,
625 4013 681 4059 ut
712 4007 866 4062 clare
899 4011 1051 4077 patet
1072 4023 1140 4060 ex
1171 4007 1446 4060 Athenaeo
1480 4023 1534 4075 p.
1566 4004 1720 4060 350C
1755 4008 1958 4062 Verum

308 4090 498 4150 poesis
524 4077 845 4150 drametica
875 4094 941 4132 eo
967 4077 1453 4148 aavojamdudum
1470 4079 1742 4150 desierat,
1772 4095 1959 4150 neque

305 4145 418 4200 nisi
450 4145 656 4219 saeculo
686 4147 830 4210 XVI.
863 4145 1180 4204 demum—in
1224 4165 1396 4204 usum
1441 4149 1611 4203 rediit
1638 4168 1652 4215 ;
1685 4155 1743 4204 et
1760 4145 1955 4219 scenae,

306 4218 543 4291 nomine
567 4221 942 4289 appellabant
975 4221 1165 4275 medio
1187 4237 1304 4274 sivo
1333 4219 1400 4273 τά
1418 4219 1669 4290 θαύματα
1714 4218 1955 4291 ρθειηαιέ

304 4292 382 4356 ta,
416 4287 475 4343 in
490 4287 710 4362 quibus
731 4294 1064 4362 spectacula
1085 4291 1310 4346 ludicra
1329 4299 1400 4346 ab
1429 4287 1814 4347 histrionibus
1843 4294 1956 4346 cir-

303 4361 701 4416 cumforaneis
768 4361 858 4418 edi
918 4363 1205 4423 solebant.
1257 4371 1321 4417 ut
1362 4379 1393 4418 e
1433 4379 1652 4418 canone
1682 4363 1953 4418 Cancilii-

299 4433 793 4503 Aquisgranensis
838 4435 909 4488 de
949 4451 1102 4488 anno
1168 4435 1294 4500 8l6,
1355 4441 1616 4502 apparet,
1675 4436 1955 4504 quodnon

299 4512 545 4576 oporteat
574 4504 875 4560 sacerdotes
896 4511 994 4559 aut
1039 4505 1275 4560 clericos
1305 4508 1724 4576 quibuscunque
1749 4514 1958 4576 specta-

299 4575 442 4648 culis
485 4576 542 4648 in
578 4577 761 4648 scenis
807 4582 902 4629 aut
961 4577 1169 4647 nuptiis
1200 4575 1482 4644 interesse,
1513 4575 1958 4648 sed’antequum

300 4645 587 4720 thymelici
618 4645 1045 4720 ingrediantur,
1068 4663 1364 4718 exsurgere
1390 4665 1475 4703 eos
1505 4651 1773 4712 convenit,
1799 4645 1958 4720 atque

301 4717 741 4790 i’ndediscedere.
779 4719 842 4773 Hi
896 4719 1188 4790 thymelici
1241 4717 1399 4783 sunt,
1429 4735 1576 4789 quos
1609 4721 1798 4774 medio
1830 4717 1947 4775 sivo

295 4786 620 4852 iaculatores
641 4790 934 4856 dicebant,
963 4786 1021 4844 at
1053 4798 1324 4860 corrupto
1376 4786 1570 4846 Italico
1627 4807 1724 4846 ore
1780 4808 1946 4848 voca-

300 4859 764 4931 buloizigotadri,
801 4866 952 4914 unde
985 4859 1245 4916 nostrum
1270 4862 1556 4931 Zigeuner.

369 4930 484 5000 (99)
521 4931 722 4985 Procul
755 4932 936 4985 dubio
993 4930 1347 5001 gaudebunt
1371 4938 1672 4988 rimatores
1717 4933 1946 4987 veteris.

293 4997 580 5074 Scythicis
601 5009 701 5055 aut
730 4997 1223 5074 Gothiae-linguae
1255 5005 1326 5058 ob
1357 5008 1624 5067 antiquas
1663 5019 1825 5056 voces
1856 5004 1950 5058 hic

295 5069 688 5144 ea'oblivione
719 5076 777 5125 in
813 5074 998 5144 lucem
1034 5069 1406 5144 prodeuntes.
1447 5074 1590 5128 Mihi
1639 5079 1832 5128 autem
1868 5076 1949 5141 in,

292 5140 415 5194 illis
439 5140 1103 5215 barbarismisotium'et
1125 5145 1787 5215 ingeniumconsumere
1815 5161 1949 5214 ope-

294 5228 370 5267 rae
395 5211 644 5286 pretium
666 5229 776 5267 non
793 5213 1040 5286 videtur.
1069 5211 1264 5270 Poss'ct
1298 5233 1412 5271 una
1444 5222 1500 5271 et
1525 5216 1702 5271 altera
1736 5211 1950 5286 marga-

293 5286 407 5358 rita
459 5283 596 5358 huic
655 5283 1037 5358 sterquilinio
1088 5287 1301 5358 inesse,
1360 5287 1458 5342 sed
1504 5303 1656 5357 saepe
1699 5284 1949 5358 quoque,

291 5354 742 5429 Constantinus,
797 5354 917 5429 aut
944 5356 1209 5427 quisquis
1241 5365 1440 5412 auctor
1469 5365 1553 5411 est.
1582 5354 1752 5429 hujus
1782 5354 1948 5415 Glos-

292 5426 430 5501 sarii
459 5427 772 5501 barbarici,
803 5426 1190 5501 ab_in_iperitis
1224 5435 1324 5501 aut
1349 5430 1622 5496 malignis
1652 5426 1949 5501 deceptus,

294 5495 498 5552 fuisse.
557 5497 729 5570 Juvat
757 5499 842 5555 Cl.
881 5498 1095 5552 Leicbii
1137 5499 1427 5567 judicium
1464 5495 1674 5555 alicubi
1708 5501 1764 5554 in
1797 5495 1952 5570 ‘eius

294 5569 642 5642 adversariis
692 5568 1018 5640 depositum
1072 5571 1186 5626 huc
1215 5573 1522 5625 ascribere.
1556 5572 1596 5642 '[
1630 5568 1953 5625 Constanti-

295 5655 408 5692 nus
441 5639 717 5712 Porphyr.
752 5639 977 5712 ineptas
1006 5649 1063 5697 et
1104 5643 1435 5698 barbaric“
1465 5639 1950 5709 comminiscitur,

292 5709 698 5783 etymologiae,
739 5721 803 5768 ut
824 5709 1056 5770 diadora
1095 5713 1376 5770 Romanis
1425 5720 1511 5771 est
1539 5715 1652 5783 iam
1698 5718 1841 5784 erat,
1881 5713 1951 5769 de

2069 3937 2292 3991 admin.
2325 3935 2572 4019 imperio
2603 3937 2773 4018 p.92.
2800 3937 2902 4019 (in.
2963 3935 3055 4019 ed.
3099 3935 3530 4019 Randur.]'nln
3577 3938 3723 4019 Auni-

2070 4024 2303 4062 versum
2338 4006 2573 4076 quidem
2600 4007 2814 4076 injuria
2841 4006 3225 4062 Constantino
3249 4006 3374 4060 non'
3415 4007 3497 4062 ﬁt.
3561 4013 3635 4062 At
3661 4010 3719 4064 in

2065 4078 2314 4150 allegata
2345 4094 2525 4132 causa
2557 4085 2751 4133 tamen
2793 4093 2925 4150 eum
2960 4077 3296 4150 ostendere
3326 4081 3538 4134 ausim.
3586 4079 3722 4133 Dia-

2065 4145 2211 4205 dord
2250 4155 2402 4205 recte
2441 4151 2669 4204 videtur
2716 4166 2812 4218 per
2864 4145 3061 4220 ἀπάρτι
3119 4147 3186 4215 ἦν
3244 4149 3309 4203 de
3357 4165 3507 4204 nunc
3577 4158 3719 4219 erat,

2065 4220 2251 4278 reddi.
2298 4221 2441 4276 Nam
2482 4221 2541 4274 di
2570 4220 2745 4275 odora
2806 4219 3070 4275 Italicum
3121 4220 3351 4292 illorum
3384 4225 3716 4292 temporum

2065 4294 2222 4347 aliud
2258 4293 2404 4346 nihil
2440 4293 2750 4364 significat.
2782 4295 3070 4348 Castorum
3132 4290 3420 4362 placuisse
3478 4290 3588 4364 sibi
3617 4293 3719 4346 illa

2061 4370 2328 4432 tempora
2359 4363 2605 4433 nugacia
2628 4372 2684 4418 et
2716 4364 3098 4434 puerilitatem
3142 4364 3465 4418 litterarum
3500 4363 3719 4432 rejuve-

2064 4451 2300 4490 nescere
2323 4433 2870 4507 gestientiumsatis
2903 4435 3204 4507 prodentia
3235 4433 3294 4507 in
3327 4435 3540 4507 talibus
3572 4435 3716 4488 lusi-

2065 4507 2172 4561 bus
2205 4505 2349 4560 cum'
2380 4507 2697 4577 peregrinis
2728 4513 2784 4559 et
2815 4506 3094 4563 iunorstis
3144 4505 3427 4577 dialectis,
3483 4512 3716 4561 constat

1991 4563 2034 4627 Β
2065 4594 2193 4632 cum
2223 4595 2287 4632 ex
2319 4563 2425 4632 hoc
2457 4563 2646 4632 Nostri
2671 4580 2814 4641 loco,
2837 4583 2961 4631 tum
2994 4591 3060 4630 ex
3093 4576 3214 4644 illo,
3247 4563 3425 4646 quod.
3457 4579 3515 4630 in
3547 4593 3711 4632 coro-

2068 4650 2327 4720 nationer
2360 4665 2521 4720 papae
2584 4648 2792 4704 soleret
2833 4647 3208 4720 Evangelium
3244 4657 3364 4720 sub,
3388 4647 3568 4702 Missa
3599 4665 3711 4720 non

2057 4722 2248 4775 solum
2303 4717 2516 4784 Graece,
2576 4722 2673 4774 sed
2707 4721 2884 4774 etiam
2936 4719 3210 4772 Hebraice
3236 4717 3464 4789 praelegi
3500 4721 3573 4774 ab
3609 4719 3711 4773 ho-

2058 4792 2338 4853 minibus,
2396 4793 2493 4862 qui
2529 4792 2806 4845 Hebraice
2831 4797 2889 4844 et
2919 4791 3110 4862 Grmce
3139 4805 3300 4862 isque
3332 4791 3477 4862 bene
3523 4790 3699 4844 calle-

2059 4863 2220 4927 bant,
2261 4861 2438 4932 atque
2497 4863 2754 4930 Europaei
2816 4878 2918 4914 nos
2973 4861 3236 4915 'l‘atarice
3286 4868 3388 4915 aut
3434 4861 3711 4932 Japanice

2058 4934 2356 4988 callemus.
2392 4933 2716 4988 Ridiculum
2749 4947 3193 5002 tequeacroama
3230 4931 3549 4986 monachos
3578 4931 3711 4987 illos

2058 5004 2335 5059 llebraice
2365 5005 2737 5072 praelegentes
2767 5003 2988 5066 audire,
3021 5012 3192 5073 atque
3220 5002 3450 5073 Gothos
3479 5011 3535 5058 et
3561 5002 3713 5057 Grae-

2058 5076 2224 5148 culos
2246 5076 2300 5127 in
2330 5075 2436 5129 hoc
2459 5080 2656 5130 nostro
2679 5074 2865 5148 capite
2893 5089 3080 5148 suum,
3103 5072 3322 5148 γαύζαι
3359 5072 3520 5148 save;
3575 5074 3706 5145 βικῆ

2059 5143 2175 5205 διας
2199 5153 2336 5211 etc.,
2371 5151 2697 5200 recitantes.
2731 5143 2974 5200 Concilii
3022 5143 3219 5200 Pisa'ni
3277 5143 3406 5199 acta
3434 5145 3515 5199 de'
3555 5143 3708 5199 anno

2064 5217 2203 5273 1409
2232 5217 2489 5272 referunt
2518 5218 2609 5272 die
2636 5217 2670 5268 7
2701 5215 2863 5281 Julii,
2897 5232 3011 5287 quo
3061 5216 3380 5287 Alexander
3407 5232 3559 5286 papa
3597 5216 3708 5270 fuit

2061 5296 2396 5353 coronatus,
2431 5293 2638 5359 praeter
2659 5288 2774 5342 alia
2802 5286 3090 5342 solemnia
3120 5289 3292 5359 etiam
3325 5286 3703 5359 Illudfuisse,

2057 5361 2122 5415 de
2163 5360 2396 5429 epistola
2431 5357 2480 5414 et
2535 5360 2829 5430 evangelio,
2867 5361 2951 5430 in,
2977 5359 3140 5414 Missa
3187 5357 3384 5422 Grece,
3430 5357 3706 5430 ﬁlteliraice

2061 5437 2113 5486 et
2147 5430 2361 5485 Latine.
2422 5429 2551 5485 Vid.
2589 5429 2712 5500 quae
2746 5429 2892 5484 infra
2925 5429 2996 5484 de
3029 5444 3137 5484 usu
3187 5429 3473 5484 sermonis
3517 5429 3704 5483 Latini

2058 5502 2116 5556 in
2176 5505 2338 5556 curia
2367 5499 2716 5573 Byzantina,
2749 5509 2806 5555 et
2835 5501 3008 5573 Graeci
3043 5502 3099 5553 in
3132 5501 3310 5555 curiis
3338 5510 3392 5554 et
3422 5499 3700 5555 ecclesiis.

2059 5572 2519 5628 occidentalibus
2551 5574 2736 5627 dicam
2763 5573 2831 5626 ad
2875 5589 2927 5637 p.
2955 5572 3076 5626 431.

2131 5645 2209 5715 (1)
2245 5645 2366 5699 Duo
2429 5647 2524 5700 hic
2576 5636 2964 5715 observanda.
3020 5641 3235 5715 Unum,
3292 5636 3532 5715 κλάδους
3567 5639 3697 5707 poni

2060 5713 2165 5786 pro
2194 5713 2352 5785 ﬁlii:
2383 5730 2396 5770 :
2431 5715 2588 5786 quod
2637 5714 2688 5771 si
2717 5713 3001 5786 exemplis
3038 5713 3244 5770 vellem
3274 5713 3694 5769 demonstrare.
