4138 6212
351 390 474 447 705

1217 385 1319 444 DE
1362 381 1826 444 CERIMONIIS
1871 383 2108 446 AUL/E
2149 383 2626 447 ΒΥΖΑΝΤΙΝιΕ
2665 389 2817 449 LIB.
2864 389 2914 450 Ι.

3639 389 3754 452 ’³106

344 521 610 596 προσάγει
643 517 810 574 αὐτὸν
863 517 892 572 6
943 515 1251 591 δηκουρίων
1306 509 1666 587 ἀτραϐατικὸν
1724 518 1997 592 φοροῦντα

2110 516 2506 576 chartularius
2534 519 2694 576 illius
2724 520 2958 586 scholas,
2981 521 3052 576 ad
3075 536 3249 592 quam
3280 525 3483 592 petens
3503 521 3750 594 quisque

338 600 622 684 νχλανὶδιν,
653 608 687 677 ἢ
720 606 772 661 ἐν
801 604 1178 679 κονσιστωρίῳ
1231 604 1367 676 μετὰ
1411 603 1474 658 τὸ
1522 603 1695 658 πάντα
1735 611 1992 678 πραχθῆ-

339 719 452 758 ναι.
483 698 518 766 ἢ
547 695 792 759 ἀνιόντος
822 695 990 750 αὐτοῦ
1020 694 1097 756 εἷς
1130 693 1191 748 τὸ
1235 691 1459 746 ἱππικὸν
1505 690 1723 748 ’ἔσταται
1784 692 1994 768 ἐμπρὸς

336 791 437 843 τοῦ
488 783 778 864 δέλφακος,
809 784 899 838 καὶ
949 783 1098 859 Λέγει
1149 781 1236 836 ἐπὶ
1279 783 1373 854 μὲν
1416 786 1525 836 τῶν
1576 782 1988 854 προτικτόρων’

343 900 372 932 ι
403 875 706 950 Ἀδοριὶτορ
752 875 866 946 (24)
914 871 1214 947 προτέκτορ
1247 873 1266 907 ¹
1311 889 1323 900 ⁶
1360 895 1385 922 ››
1439 871 1526 926 ἐπὶ
1575 868 1632 926 δὲ
1673 877 1779 927 τῶν
1828 869 1992 945 δομε-

341 965 540 1020 στίιιων
561 983 576 996 ·
611 986 640 1014 ‹‹
673 959 973 1035 Ἀδοράτορ
1005 960 1302 1035 προτέκτορ
1337 957 1694 1032 δομεστίκους
1727 963 1748 997 ²
1793 964 1926 1032 (25).
1963 985 1990 1012 »

340 1053 440 1109 Καὶ
491 1046 756 1124 λαμϐάνει
803 1050 904 1119 τήν
945 1044 1334 1124 προϐατωρίαν
1385 1050 1530 1122 παρὰ
1571 1054 1670 1106 τοῦ
1701 1047 1990 1119 δεσπότου,

339 1143 432 1198 καὶ
453 1138 607 1218 φιλεῖ
632 1140 759 1201 τοὺς
790 1135 984 1207 πόδας,
1029 1138 1121 1192 καὶ
1172 1135 1476 1211 ἐξέρχεται.
1510 1140 1730 1192 Πάντων
1770 1135 1827 1192 δὲ
1881 1144 1991 1193 τῶν

341 1230 726 1304 ἆγοραζόντων
781 1227 982 1287 τόπους
1041 1226 1133 1280 καὶ
1202 1222 1517 1298 συμϐόλαια
1576 1222 1770 1298 ἔξωθεν
1847 1227 1994 1298 παρά

339 1325 450 1375 τῶν
498 1317 913 1392 πιπρασκόντων
962 1316 1166 1390 γίνεται
1214 1315 1350 1388 πρὸς
1379 1313 1598 1377 τούτοις
1630 1315 1719 1369 καὶ
1779 1310 1990 1389 σύμϐο-

343 1406 417 1464 λα
570 1406 796 1482 γίνεται.
829 1409 937 1459 Νῦν
969 1403 1026 1459 δὲ
1050 1403 1139 1459 καὶ
1170 1401 1224 1458 ἓν
1257 1402 1465 1481 φερίαις
1493 1401 1766 1466 πολλάκις
1791 1406 1818 1459 ὁ
1841 1403 1990 1459 εὐσε-

343 1491 450 1565 ϐὴς
479 1494 744 1565 δεσπότης
775 1496 936 1566 ἡμῶν
976 1498 1140 1548 ποιεῖ.
1173 1493 1240 1550 Οἱ
1292 1491 1350 1546 δὲ
1397 1490 1710 1546 κανδιδάτοι
1748 1493 1989 1566 γίνονται

343 1585 548 1648 οὕτως.
580 1584 858 1646 Ἀνιόντος
891 1587 987 1638 τοῦ
1023 1581 1290 1658 βασιλέως
1325 1582 1399 1642 εἰς
1429 1582 1491 1635 τὸ
1523 1582 1770 1651 ἱππικὸν,
1790 1582 1824 1650 ἢ
1857 1601 1991 1655 προ-

337 1678 524 1738 ’ἰόντος
564 1674 641 1737 εἷς
699 1672 1024 1744 οἷόνδήποτε
1076 1671 1389 1746 πρόκενσον,
1424 1673 1535 1746 χρὴ
1569 1673 1660 1726 τὸν
1688 1677 1987 1748 μάγιστρον

341 1763 761 1840 προευτρεπὶσαι
833 1764 924 1818 τὸν
1001 1762 1220 1833 κόμητα
1275 1763 1374 1830 τῆς
1429 1758 1592 1831 ἕκτης
1650 1761 1684 1830 ἢ
1745 1756 1988 1833 ἑϐδόμης

339 1855 558 1930 σχολῆς
597 1854 688 1907 καὶ
736 1853 862 1913 τοὺς
911 1851 1306 1924 πριμικηρίους
1350 1853 1458 1904 τῶν
1507 1847 1839 1905 κανδιδάτων
1897 1850 1989 1904 καὶ

346 1944 624 2017 μανιάκιν.
653 1942 750 1996 Καὶ
801 1939 961 1995 αὐτὸν
1010 1940 1099 1993 τὸν
1137 1936 1410 2011 μὲλλοντα
1439 1939 1678 2013 γίνεσθαι
1725 1937 1990 1994 κανδιδά-

342 2054 438 2088 τον
458 2033 502 2102 ³,
535 2035 808 2109 φοροῦντα
855 2029 1074 2103 ῥοῦσεον
1125 2027 1447 2102 πεκτοράριν
1490 2031 1606 2098 (27)
1662 2028 1753 2081 καὶ
1800 2027 1992 2082 λευκὸν

343 2118 628 2197 χλανίδιν,
656 2114 903 2182 ἀνιόντος
958 2122 1055 2172 τοῦ
1111 2115 1384 2190 βασιλέως
1424 2116 1503 2178 εἷς
1531 2117 1593 2171 τὸ
1633 2117 1882 2185 ἱππικὸν,
1915 2115 1997 2171 δεῖ

345 2217 540 2280 στῆναι
571 2208 778 2282 ἐμπρὸς
807 2214 908 2276 τῆς
938 2207 1102 2280 θύρας
1133 2208 1230 2274 τῆς
1266 2206 1402 2277 μετὰ
1429 2207 1497 2260 τὰ
1525 2204 1805 2261 ποόλπιτά
1833 2225 1993 2260 ποτε·

345 2303 442 2354 νῦν
492 2295 549 2353 δὲ
597 2297 963 2369 εἶληματικῆς
1009 2294 1306 2368 γενομένης
1338 2293 1548 2363 σκάλης
1577 2295 1722 2366 παρὰ
1767 2301 1866 2350 τοῦ
1915 2295 1998 2350 εὐ-

349 2381 542 2448 σεϐοῦς
580 2387 741 2458 ἡμῶν
793 2382 1056 2438 δεσπότου
1106 2382 1512 2450 Ἰονστινιανοῦ,
1562 2383 1652 2436 τὸν
1723 2381 1998 2454 μέλλοντα

353 2473 680 2548 προάγεσθαι
726 2466 847 2525 ἔνθα
897 2467 1144 2525 ἵστανται
1195 2471 1247 2523 οἱ
1299 2465 1564 2544 βάρϐαροι
1621 2469 1710 2523 καὶ
1760 2491 1997 2543 προσκυ-

349 2567 553 2618 νοῦσιν.
605 2559 709 2616 Καὶ
759 2560 872 2632 ἅμα
919 2557 1136 2632 εἰσέλθῃ
1189 2558 1216 2611 6
1282 2557 1532 2632 βασιλεὺ,
1585 2559 1614 2612 6
1663 2559 1843 2629 κόμης
1898 2565 2000 2628 τῆς

353 2648 588 2726 σχολῆς,
635 2647 726 2704 ἐὰν
772 2652 945 2722 παρῇ,
990 2647 1034 2700 εἰ
1076 2643 1132 2701 δὲ
1184 2647 1259 2719 μὴ
1322 2649 1600 2720 πάρεστιν,
1652 2647 1680 2700 ὁ
1728 2649 1997 2722 πριμική-

355 2759 495 2814 ριος,
547 2733 859 2792 ἐπιδίδωσιν
903 2740 984 2807 τῷ
1035 2735 1316 2809 μαγίστρῳ
1373 2735 1437 2790 τὸ
1498 2736 1778 2808 μανιάκιν·
1818 2736 1908 2791 καὶ
1968 2737 1995 2791 6

357 2829 673 2902 μάγιστρος,
706 2825 877 2888 ἑστὼς
916 2823 975 2880 ἐκ
1011 2829 1118 2878 τῶν
1178 2821 1364 2894 δεξιῶν
1403 2828 1499 2879 τοῦ
1543 2823 1836 2900 βασιλέως,
1867 2845 2001 2900 κρα-

351 2922 436 2971 τεῖ
479 2921 598 2976 ταῖς
658 2911 753 2968 δύο
807 2913 1016 2988 χερσὶν.
1052 2911 1144 2967 καὶ
1192 2913 1478 2988 προσσέρει
1525 2919 1604 2986 τῳ
1645 2912 1878 2988 βασιλεῖ,
1909 2915 1999 2969 καὶ

355 3010 384 3063 6
432 3003 687 3081 βασιλεὺς
725 3002 1041 3058 ἐπιδίδωσιν
1071 3002 1218 3075 αὐτῴ
1241 3008 1319 3074 τῷ
1347 2999 1675 3074 κανδιδάτῳ,
1715 3003 1805 3058 καὶ
1853 3004 2003 3081 φιλεῖ

353 3096 483 3158 τοὺς
533 3092 703 3156 πόδας
750 3090 921 3148 ani-:05
966 3093 1058 3147 καὶ
1105 3092 1402 3150 ἀνίσταται.
1436 3097 1524 3147 Δεῖ
1573 3090 1629 3147 δὲ
1669 3090 1882 3162 εἰδέναι,
1917 3092 2001 3148 ὅτι

357 3186 387 3240 ὁ
420 3178 714 3256 λαμϐάνων
744 3182 807 3235 τὸ
858 3181 1104 3255 μανιάκιν
1145 3184 1242 3234 τοῦ
1285 3177 1608 3234 κινδιδᾶτου
1657 3181 1872 3242 πάντως
1909 3183 2001 3236 καὶ

2100 607 2370 678 pertinet,
2402 616 2458 663 et
2487 609 2641 679 quod
2671 610 2984 681 imperator
3021 609 3392 681 subscripsit.
3429 615 3747 669 Domestici

2096 701 2290 752 autem
2334 701 2391 752 et
2428 704 2778 769 protectores
2819 702 2963 755 ﬁunt
3009 700 3111 755 sic.
3157 700 3308 755 Olim
3364 715 3570 770 nempe
3620 717 3749 757 mos

2095 789 2236 852 erat,
2263 790 2325 840 ut
2356 801 2456 856 per
2482 785 2668 842 solam
2691 788 3089 843 adorationem
3115 787 3560 855 investirentur;
3590 806 3744 845 nunc

2095 879 2290 929 autem
2321 875 2550 945 expedit
2597 877 2912 946 imperator
2943 877 3356 946 probatoriam,
3403 883 3460 932 et
3508 879 3745 934 decurio

2096 964 2364 1035 producit
2393 963 2799 1021 honorandum
2831 968 2890 1022 in
2932 966 3127 1023 tunica
3157 966 3499 1033 atrabatiea,
3531 968 3649 1022 sive
3681 968 3739 1022 in

2096 1053 2438 1109 consistorio
2460 1059 2588 1126 post
2610 1056 2842 1128 negotia
2866 1055 3065 1110 omnia
3084 1057 3351 1127 expedita
3374 1073 3390 1124 ;
3413 1057 3534 1111 sive
3563 1058 3739 1115 etiam

2097 1141 2416 1212 imperator
2449 1143 2510 1199 in
2554 1145 2774 1200 circum
2823 1143 3146 1201 ascendens
3183 1143 3456 1199 subsistit
3497 1145 3738 1215 paulum

2095 1248 2290 1288 coram
2319 1233 2619 1306 delphace,
2642 1239 2700 1289 et
2726 1233 2919 1305 inquit
2948 1233 3020 1289 ad
3043 1239 3427 1305 protectorem
3459 1235 3698 1305 quidem
3723 1253 3736 1291 :

2097 1343 2125 1371 ‹‹
2166 1322 2450 1378 Adorator
2480 1327 2805 1395 protector;
2851 1345 2879 1371 ››
2923 1323 2994 1377 ad
3025 1322 3416 1378 domesticum
3451 1324 3602 1380 228
3634 1343 3739 1381 au-

2094 1413 2252 1466 tem:
2296 1434 2323 1460 «
2368 1413 2654 1468 Adorator
2693 1416 2986 1483 protector
3023 1411 3403 1468 domesticus.
3452 1435 3479 1461 »
3517 1413 3741 1476 Quibus

2096 1514 2230 1553 cum
2268 1499 2462 1556 verbis
2491 1499 2666 1555 tradit
2697 1501 2809 1571 ipsi
2845 1500 3232 1572 probatoriam
3266 1502 3393 1569 [seu
3436 1502 3740 1558 codicillos

2095 1603 2230 1643 eum
2261 1588 2651 1660 approbantes
2681 1589 2838 1645 velut
2875 1589 3146 1645 idoneum
3179 1590 3454 1662 muneri].
3478 1596 3535 1647 et
3567 1591 3743 1647 hono-

2096 1682 2258 1732 ratus
2299 1678 2599 1732 osculatur
2631 1681 2801 1749 pedes
2832 1679 3054 1734 domini
3087 1684 3260 1749 atque
3291 1680 3436 1734 abit.
3472 1679 3560 1735 Fit
3591 1698 3743 1752 quo-

2096 1783 2206 1836 que
2238 1766 2532 1822 interdum
2575 1766 2682 1822 hoc
2719 1783 2837 1822 ravo
2871 1771 3091 1834 nostro,
3143 1776 3201 1821 ut
3233 1768 3552 1839 imperator
3597 1770 3744 1826 tales

2101 1855 2158 1910 in
2197 1856 2355 1911 feriis
2394 1860 2549 1912 creet
2589 1856 2712 1927 [seu
2745 1854 2958 1910 talibus
2999 1857 3228 1920 diebus,
3260 1858 3474 1927 quibus
3506 1869 3745 1914 senatus

2099 1943 2157 1998 in
2189 1944 2603 2000 consistorium
2634 1960 2748 1999 non
2781 1947 3069 2009 convenit,
3095 1945 3356 2016 nihilque
3379 1962 3574 2001 rerum
3607 1963 3748 2018 gra-

2101 2031 2255 2086 vium
2306 2032 2645 2104 peragitur].
2689 2033 2962 2087 Omnium
3008 2039 3200 2088 autem
3235 2034 3375 2089 foris
3421 2036 3745 2091 ementium

2100 2136 2132 2174 ιι
2178 2120 2563 2175 vendentibus
2607 2119 2732 2174 loca
2761 2123 2933 2190 [inter
2975 2120 3296 2176 militantes
3345 2125 3748 2196 etstipendia-

2103 2206 2243 2279 rios]
2274 2214 2333 2262 et
2375 2213 2730 2273 contractus,
2772 2207 2887 2262 illis
2915 2209 3183 2279 symbols
3221 2226 3473 2280 quoque,
3523 2211 3630 2266 hoc
3661 2216 3753 2267 est

2101 2295 2484 2365 dignitatibus
2523 2295 2648 2352 suis
2692 2295 2892 2351 debita
2933 2295 3206 2366 insignis,
3259 2300 3494 2354 dantur.
3535 2300 3750 2354 Candi-

2103 2386 2221 2442 dati
2273 2387 2423 2442 fiunt
2468 2387 2575 2442 sic.
2625 2387 2988 2441 Ascendente
3029 2386 3376 2455 imperatore
3415 2387 3472 2441 in
3507 2388 3751 2458 circum,

2102 2482 2205 2530 aut
2237 2477 2576 2546 procedente
2607 2475 2664 2529 in
2697 2473 3091 2546 qualicunque
3112 2475 3352 2531 tandem
3385 2479 3754 2546 processione

2105 2565 2182 2635 [id
2227 2570 2341 2632 est,
2372 2565 2678 2619 secedente
2707 2580 2739 2618 e
2771 2561 2984 2634 palatio
3024 2565 3084 2617 in
3125 2562 3318 2619 villam
3367 2565 3756 2635 qualemcun-

2103 2669 2216 2724 que
2249 2652 2510 2723 regiam],
2543 2652 2716 2707 debet
2753 2652 3034 2721 magister
3070 2652 3130 2706 in
3164 2652 3380 2722 paratis
3417 2652 3628 2708 habere
3660 2669 3753 2707 co-

2107 2741 2310 2796 mitem
2341 2747 2514 2795 sextzs
2547 2739 2759 2795 schola:
2785 2739 3118 2808 septimaeve
3145 2745 3205 2795 et
3237 2739 3597 2810 primicerios
3626 2757 3758 2796 can-

2104 2830 2460 2892 didatorum,
2501 2833 2556 2884 et
2587 2833 2878 2900 torquem,
2909 2833 2966 2883 et
2997 2827 3188 2900 ipsum
3232 2829 3398 2884 illum
3432 2830 3754 2886 creandum

2106 2919 2508 2981 candidatum,
2541 2918 2810 2974 indutum
2853 2934 3022 2973 russo
3067 2920 3387 2989 pectorario
3418 2925 3474 2974 et
3504 2919 3760 2974 candida

2105 3010 2323 3064 tunica.
2369 3010 2432 3062 In
2467 3009 2573 3064 hoc
2605 3013 2889 3078 apparatu
2921 3009 3113 3063 stabat
3152 3009 3292 3062 olim
3325 3009 3562 3078 quidem
3597 3011 3754 3076 talis,

2109 3097 2158 3152 si
2203 3097 2520 3168 imperator
2551 3095 2609 3150 in
2642 3097 2857 3152 circum
2893 3098 3253 3161 ascenderet,
3289 3113 3481 3150 coram
3517 3097 3760 3165 foribus,

2111 3203 2236 3258 quas
2259 3187 2575 3256 aliquando
2609 3202 2756 3258 pone
2808 3185 3034 3257 pulpita
3075 3192 3257 3241 erant.
3284 3186 3445 3240 Nunc
3469 3197 3768 3250 autem,ex

355 3271 776 3347 πραισεντάλιος
814 3273 926 3344 (28)
956 3269 1182 3345 γίνεται.
1219 3270 1340 3326 Ἐὰν
1392 3265 1448 3324 δὲ
1495 3264 1809 3345 ἐναρίθμιὸς
1859 3270 1999 3326 ἐστιν

2114 3256 2230 3347 quo
2275 3275 2354 3331 ibi
2387 3274 2497 3330 loci
2526 3256 2748 3346 gradus
2794 3256 3128 3332 cochleares
3158 3275 3372 3330 struxit
3401 3275 3535 3347 pius
3567 3286 3767 3332 noster

1738 3371 1972 3428 VARIE
2013 3373 2431 3431 LECTIONES.

437 3469 449 3501 ¹
497 3464 712 3520 ΣΧΟΛ.
751 3460 1108 3535 προσευκτέος
1148 3460 1575 3534 ὑπερασπιστής.

1655 3461 1676 3495 ²
1723 3461 1932 3517 ΣΧΟΛ.
1962 3462 2366 3536 προσκυνητέος
2397 3462 2798 3536 ὑπερασπιστῆς
2828 3459 3121 3521 οἱκειακός.
3199 3462 3221 3496 ³
3251 3463 3455 3518 ΣΧΟΛ.
3481 3461 3768 3532 στηθάτον.

1421 3549 1620 3606 JOAN.
1659 3550 1806 3606 JAC.
1833 3552 2088 3610 BEISKII
2118 3551 2704 3609 COMMENTARIUS.

353 3647 420 3699 ut
466 3644 548 3711 ait
596 3642 708 3696 Leo
755 3641 1074 3697 Grammat.
1138 3657 1192 3711 p.
1258 3640 1381 3694 454.
1439 3640 1599 3704 Quod
1656 3640 2001 3696 scholiastes

357 3714 460 3770 dat
487 3709 684 3778 ἔδιτον,
717 3719 804 3767 est
839 3714 991 3767 idem
1024 3709 1198 3783 atque
1233 3711 1453 3783 editum
1487 3712 1806 3782 specimen,
1840 3712 1999 3767 εειιί-

357 3794 450 3842 cet
481 3784 782 3854 probitatis
829 3794 882 3838 et
926 3782 1748 3854 fortitddinis.Testabantur
1792 3799 2004 3854 nempe

358 3851 698 3928 probatorum
749 3871 850 3910 seu
898 3855 1253 3928 testimonia
1285 3851 1410 3928 illa,
1455 3853 1661 3928 editum
1701 3870 1733 3906 a
1776 3851 2004 3923 petente

358 3925 539 3984 fuisse
569 3929 884 3997 specimen,
917 3942 948 3981 e
978 3942 1093 3997 quo
1123 3925 1358 3995 agnitus
1389 3925 1563 3997 fuerit
1591 3925 1856 3979 idoneus.

431 4001 545 4067 (24)
594 3995 759 4062 Quod
803 3995 1060 4052 scholion
1114 3995 1438 4067 marginale
1483 4010 1678 4067 vocem
1730 3997 2002 4050 adorator

349 4062 451 4140 per
505 4062 863 4142 προσευκτέος
919 4076 977 4142 et
1027 4062 1435 4139 προσκυνητέος
1494 4065 1704 4133 reddit,
1763 4067 1820 4142 id
1877 4082 1997 4142 non

349 4136 467 4197 iam
497 4136 675 4198 errori
735 4140 967 4207 calami,
1026 4136 1125 4210 qui
1159 4151 1466 4208 suspectus
1513 4153 1752 4192 omnino
1799 4136 1994 4210 haberi

352 4213 555 4284 possit,
610 4219 888 4283 tanquam
934 4207 1376 4284 rescribendum
1426 4209 1504 4263 sit
1537 4207 1884 4284 sponsa-:3]:
1916 4212 1998 4284 _et

347 4279 755 4356 προσκυνητής,
809 4299 982 4354 quam
1033 4283 1225 4354 potius
1272 4281 1368 4356 alii
1415 4296 1506 4356 eis
1535 4279 1764 4356 inscitia
1809 4279 1994 4334 Latini

347 4350 627 4411 sermonis
658 4350 784 4410 orto
827 4350 1089 4418 debetur,
1121 4369 1238 4424 quo
1267 4351 1509 4407 Graculi
1552 4350 1861 4407 credebant
1890 4367 1990 4424 vo.

345 4442 483 4482 cum
527 4431 858 4482 Latinarum
901 4421 1344 4480 terminationes
1384 4423 1442 4478 in
1485 4439 1548 4477 or
1588 4423 1890 4493 gerundiis
1929 4421 1989 4478 in

343 4498 445 4553 dus
475 4505 533 4554 et
561 4509 644 4552 tu:
681 4499 1047 4568 aaquivalere.
1087 4495 1192 4550 lllo
1220 4511 1336 4568 _eos_
1370 4511 1561 4550 errore
1601 4497 1896 4568 laborasse
1928 4499 1992 4549 ut

2112 3641 2200 3714 Gl.
2245 3643 2338 3696 Gr.
2393 3657 2449 3712 p.
2504 3641 2661 3696 1509.
2696 3640 3074 3714 Siciquoque
3124 3640 3622 3714 Latini__bar:bator
3664 3659 3766 3714 pro

2113 3711 2658 3784 barbatus,larvam
2711 3711 3008 3784 barhalam
3050 3727 3279 3784 gerens.
3326 3711 3404 3784 V._
3441 3713 3523 3768 Du
3573 3711 3766 3784 Gange

2113 3784 2202 3840 Gl.
2260 3785 2382 3839 Lat.
2419 3782 2475 3837 h.
2519 3799 2569 3836 ν.
2621 3784 2766 3850 Ipsis
2805 3781 3098 3837 veteribus
3140 3783 3351 3838 Graecis
3392 3781 3499 3837 hoc
3529 3781 3765 3840 schema

2115 3870 2229 3910 non
2262 3851 3010 3924 ignotum.'Pn-ropdpuxtoc
3060 3860 3144 3906 est
3191 3854 3343 3922 apud
3377 3852 3661 3907 Laertium
3698 3855 3764 3922 Il,

2109 3927 2138 3993 §
2171 3926 2255 3988 19,
2290 3926 2376 3980 12.
2413 3921 2996 3997 ρτορητορομῦκτης,
3022 3921 3761 3997 rhetorumsubsannator,

2109 3999 2227 4067 qui
2269 3994 2601 4051 rhetoribus
2661 3994 3261 4067 blennam_emungit.
3319 3994 3576 4067 Inveniet
3623 3996 3762 4050 talia

2111 4063 2317 4130 multa,
2363 4069 2465 4137 qui
2515 4067 2813 4137 attendere
2863 4063 3018 4137 velit,
3068 4068 3126 4119 et
3164 4063 3320 4137 Torta
3362 4066 3602 4133 prodam
3637 4068 3759 4136 ipse

2108 4135 2472 4209 quaedamin
2506 4135 2662 4209 notis
2687 4137 2756 4190 ad
2793 4135 3510 4209 AnthologiamGrmcam.

2176 4209 2291 4278 (25)
2324 4211 2605 4263 Protecfor
2629 4208 2956 4262 domesticus
2977 4204 3072 4261 est
3087 4207 3466 4277 perfrequens
3497 4207 3556 4261 in
3589 4204 3755 4260 libris

2104 4284 2161 4334 et
2184 4280 2358 4335 saxis.
2386 4278 2664 4335 Memoria
2694 4279 2891 4350 itaque
2913 4279 3225 4350 deserebat
3237 4279 3644 4350 doctissimum
3673 4283 3751 4334 Du

2102 4352 2409 4423 Cangium,
2455 4353 2691 4422 quando
2740 4347 2964 4423 litteras
3011 4347 3656 4423 PRUTDUMESTICUS
3691 4351 3749 4406 in

2102 4425 2204 4479 illa
2230 4421 2632 4493 inscriptione
2683 4421 3122 4493 Mediolanensi,
3166 4437 3342 4493 quam
3371 4423 3445 4493 _in
3469 4421 3644 4493 _notis
3681 4425 3748 4476 all

2100 4491 2451 4550 Cinnamum
2485 4510 2540 4564 p.
2582 4493 2708 4556 438,
2742 4492 2995 4557 exhibet,
3031 4508 3130 4561 per
3156 4491 3748 4564 VPRO'I‘ODOMESTI-

343 4541 1190 4633 ἓῖἑάἷιέιὶ’ξ”ἱιῖἷί¹υἷίι“ἰῖἱιζ’νᾙῖ
1205 4541 1992 4640 .;;;.;;,;'agaa"é'oa'{gua
2021 4541 2067 4606 Ι)
2104 4541 2540 4640 ἆῦἔξῖςῆἧιιῖξ
2575 4541 2708 4640 ᾰιῖἷᾴ
2746 4541 3393 4640 stagt‘aznfa'esaigsaf
3411 4541 3558 4640 50;;
3571 4541 3748 4635 35.1.1.

343 4657 476 4712 pag.
518 4641 610 4706 63,
644 4656 698 4695 n.
733 4641 983 4712 8i,7quas
1025 4645 1186 4712 notat
1217 4638 1537 4709 rogandum,
1585 4652 1722 4712 roga
1765 4638 1994 4712 velsti-

344 4709 558 4782 pendio
589 4711 985 4767 afﬁciendum.
1021 4709 1195 4764 Multa
1224 4714 1353 4782 ejus
1376 4711 1682 4764 commatis
1712 4709 1866 4778 apud
1898 4725 2000 4765 no-

342 4798 446 4838 vos
475 4782 704 4838 Greece
738 4798 1009 4853 reperias,
1045 4781 1352 4868 inquibus
1383 4798 1462 4868 ευρ
1495 4787 1550 4835 et
1575 4799 1634 4842 ος
1667 4781 1998 4868 promiscue

347 4860 405 4908 et
435 4871 536 4922 pro
566 4873 630 4922 ης
663 4851 1040 4923 usurpentur,
1068 4859 1130 4906 ut
1151 4851 1499 4924 ξξπςκωράτος
1527 4868 1629 4922 pro
1659 4853 1995 4924 explorator,

349 4919 453 4980 aut
480 4919 676 4980 Graeca
706 4919 1112 4980 terminatione
1153 4919 1542 4992 ἐξπλωράτηςξ
1578 4922 1865 4994 Delegator
1894 4938 1998 4994 pro

346 4996 708 5063 delcgatusin
754 4996 964 5050 novell.
1000 4994 1120 5060 130,
1153 4995 1496 5050 Justiniaoi.
1543 4993 1849 5047 Advocator
1897 5009 1998 5064 pro

348 5066 608 5122 advocato
636 5071 730 5135 est,
760 5065 820 5120 in
853 5066 1056 5121 charta
1105 5073 1291 5121 vetere
1336 5064 1487 5135 apud
1536 5066 1810 5135 Μαζαίου.
1845 5066 1888 5135 t.
1923 5064 1994 5128 ll,

351 5136 590 5204 Antiqu.
639 5134 761 5190 Ital.
806 5152 861 5206 p.
910 5136 1038 5199 791,
1091 5137 1188 5190 ubi
1242 5133 1577 5191 nominatur
1625 5133 1770 5189 Willo
1817 5134 1998 5190 Abba:

349 5223 477 5264 cum
507 5207 737 5275 Pagano
775 5207 1099 5278 advocatore
1143 5207 1220 5273 (id
1277 5216 1359 5261 est
1383 5207 1684 5278 advocato,
1735 5207 1996 5278 syndico,

351 5272 708 5347 defensore,)
744 5294 882 5343 suo;
927 5272 1193 5346 μανδάτος
1243 5294 1342 5348 pro
1390 5272 1702 5347 μανὸάτωρ,
1745 5272 1993 5343 nuntius,

351 5348 766 5422 παρασυρτάτος
812 5367 928 5422 pAro_
951 5349 1317 5422 παρασύρτης,
1363 5349 1459 5419 qui
1486 5348 1997 5422 equos‘drxlrarios

350 5415 523 5477 manu
564 5415 735 5485 dum,
769 5415 1077 5480 τάλαλάτάς
1117 5415 1241 5489 (alii
1284 5415 1476 5489 tamen
1512 5415 1812 5478 ταλαλαῖος
1852 5420 1997 5474 scri-

350 5493 787 5566 bunt,gutrique
827 5494 1025 5560 recte,)
1067 5488 1496 5566 σχοινοπλόκος.
1538 5490 1996 5566 Celebrisjuris-

351 5563 596 5620 consulti
648 5561 858 5620 nomen
906 5561 1178 5626 meretur,
1231 5564 1323 5618 cui
1375 5563 1809 5632 aliquantulum
1853 5561 1998 5616 insi-

348 5645 500 5705 stam
551 5643 606 5689 et
659 5638 848 5692 lucem
899 5635 1220 5692 effundam.
1272 5635 1374 5690 Est
1423 5632 1996 5705 Arabicaagoriginis.

349 5702 565 5782 ᾆιιιαμᾳζ
591 5709 746 5782 enim
779 5703 1723 5782 Arabice_notatgrestionegntqui
1762 5720 1793 5759 e
1814 5702 1998 5782 _tibris

351 5773 408 5877 ;t
449 5777 600 5834 foliis
646 5781 970 5851 palmarum
1017 5779 1185 5833 funes
1227 5781 1475 5849 torquet.
1511 5773 1654 5832 Vid.‘
1686 5777 1768 5830 Du
1806 5773 1998 5847 Gange

2107 4646 2223 4694 tam
2266 4633 2522 4692 litteram
2568 4635 2723 4705 poni,
2755 4633 2871 4705 quo
2906 4633 3171 4704 protinus
3201 4633 3603 4704 constitisset,
3620 4650 3748 4690 esse

2105 4708 2513 4775 compendium
2545 4706 2703 4762 vocis
2731 4711 3017 4776 protector.

2174 4780 2284 4849 (26)
2327 4780 2690 4844 Supernuum
2734 4775 2832 4832 hic
2861 4776 3101 4848 aliquid,
3136 4779 3238 4831 aut
3277 4775 3389 4832 alio
3421 4777 3590 4834 modo
3623 4791 3750 4832 cor-

2105 4857 2364 4921 ruptum.
2407 4850 2824 4921 Interp‘retatus
2857 4849 2958 4914 fui,
2994 4853 3059 4921 ut
3101 4849 3280 4921 potui.

2176 4918 2290 4992 (27)
2332 4918 2708 4992 Pectorarium
2738 4924 2834 4992 est
2882 4925 2982 4992 aut
3021 4919 3166 4974 illud
3213 4935 3463 4992 parvum,
3507 4918 3747 4973 mantel-

2105 4989 2306 5073 lumh’e
2343 4989 2667 5073 cervicibus
2717 4991 3053 5073 dependens
3094 4989 3280 5073 usque
3329 4991 3399 5046 ad
3445 4991 3748 5073 juncturas

2106 5063 2461 5133 cubitorum,
2496 5063 2755 5133 undique
2785 5061 2845 5116 in
2876 5062 3074 5117 orbem
3106 5061 3379 5130 solidum,
3413 5061 3609 5133 qualia
3642 5061 3747 5117 Re-

2106 5141 2294 5191 ctores
2341 5131 2634 5201 Magniﬂci
2661 5131 2852 5202 hujus
2890 5133 3286 5188 universitatis
3323 5140 3381 5188 et
3419 5131 3624 5188 decani
3655 5147 3748 5200 ειε-

2106 5211 2245 5262 runt
2278 5206 2336 5260 in
2379 5204 2718 5260 solennihus
2751 5205 3217 5268 processionibus
3255 5205 3533 5276 (veterum
3565 5202 3747 5276 aliqui

2104 5276 2381 5335 colobium
2436 5275 2780 5346 appellant)‘
2811 5281 2913 5330 aut
2957 5286 3040 5331 est
3087 5277 3242 5331 idem
3263 5269 3450 5347 atque
3500 5269 3746 5340 “suav,

2107 5350 2177 5406 de
2209 5366 2321 5418 quo
2351 5364 2458 5402 suo
2500 5347 2624 5403 loco
2658 5347 2798 5401 dixi.
2830 5347 2991 5402 Conf.
3025 5352 3109 5402 Du
3138 5349 3330 5418 Gange
3359 5363 3409 5401 ν.
3444 5347 3746 5401 Pectoralc.

2179 5421 2289 5493 (28)
2326 5420 2385 5474 Id
2420 5423 2508 5473 est
2550 5418 2973 5474 comitatensis.
3028 5418 3172 5474 Nam
3223 5417 3322 5493 qui
3370 5419 3428 5472 in
3474 5419 3748 5493 comitatu

2108 5489 2387 5561 principis
2417 5494 2573 5554 sunt,
2607 5505 2741 5544 eum
2775 5497 3112 5561 prmsentem
3137 5489 3510 5556 comitantur,
3543 5491 3750 5561 dicun-

2108 5558 2203 5617 tur
2235 5573 2566 5630 praesentes.
2611 5559 2998 5622 praesentales,
3030 5561 3090 5615 in
3133 5562 3404 5631 pra-senti
3437 5577 3580 5615 esse.
3618 5558 3748 5611 Vid.

2109 5633 2348 5690 Gnther.
2385 5649 2440 5702 p.
2467 5633 2593 5687 339.
2627 5631 2813 5687 Vales.
2848 5635 2917 5687 ad
2954 5636 3140 5688 Amm.
3176 5631 3354 5688 Marc.
3390 5649 3443 5703 p.
3477 5632 3534 5698 8,
3565 5636 3620 5686 et
3657 5631 3745 5682 52.

2108 5704 2194 5761 Du
2226 5711 2412 5774 Gange
2441 5720 2490 5758 ν.
2531 5708 2800 5760 Praesens.
