4138 6212
394 417 512 480 723

1469 416 1999 479 CONSTAN'I‘INI
2043 415 2738 479 POBPHYROGENITI

3681 413 3791 472 ’724

400 552 600 609 omnia
629 554 695 606 ut
725 550 783 605 in
816 547 1069 617 silentio,
1122 549 1480 622 veniuntque
1508 550 1707 623 legati,
1740 566 1854 607 non
1904 552 2045 621 jam,
2080 594 2093 624 λ

2215 548 2502 624 ἄριοπ,καῖ
2562 548 2824 625 ἐγείρεται
2878 548 2906 602 ὁ
2958 545 3233 623 βασιλεὺς,
3266 546 3357 601 καὶ
3415 545 3503 600 ἐὰν
3558 547 3634 616 μὴ
3668 546 3790 599 ὦσιν

398 651 461 697 ut
490 647 681 711 antea,
712 639 983 708 seorsim,
1014 639 1191 695 simul
1213 658 1418 698 omnes
1440 643 1499 698 in
1521 659 1636 699 uno
1659 659 1919 714 corpore,
1939 643 2039 698 sed

398 730 669 802 separati,
701 746 809 785 suo
840 729 1093 800 quisque
1124 730 1183 784 in
1215 730 1362 799 loco,
1398 734 1548 788 inter
1578 732 1707 787 illos
1740 732 2044 801 magistra-

398 824 517 887 tus,
549 820 619 874 ad
644 835 813 889 quos,
840 818 997 874 velut
1024 820 1267 891 collega,
1302 824 1572 891 pertinet,
1604 822 1865 893 adeoque
1895 820 2045 876 Gon-

400 909 941 982 stantinopotitanis
990 911 1327 980 proceribus
1372 912 1644 968 immixti.
1696 912 1876 968 Jussu
1918 917 2044 967 tum

400 999 777 1070 imperatoris
813 999 1130 1056 introducit
1160 1002 1396 1057 decurio
1429 1003 1750 1074 legatorum
1786 1003 2047 1057 homines

406 1107 507 1147 seu
559 1091 928 1158 comitatum,
988 1108 1171 1146 unum
1206 1092 1467 1149 ordinem
1504 1097 1633 1163 post
1672 1093 1934 1159 alterum,
1968 1094 2050 1148 sic

406 1196 503 1236 eos
560 1181 714 1235 clara
763 1195 897 1236 voce
940 1181 1227 1236 excitans:
1272 1204 1300 1230 ‹‹
1356 1182 1650 1253 [Adestote
1707 1199 1807 1238 vos
1866 1181 2050 1237 comi-

407 1270 816 1337 testrihuum;
850 1292 877 1319 ››
912 1285 1012 1325 vos
1054 1292 1081 1319 ‹‹
1116 1271 1445 1326 didascalici
1472 1272 1598 1343 [seu
1626 1270 2049 1343 magistriani];

2152 640 2456 715 πατρίκιοι,
2519 642 2911 715 προσκυνοῦσιν
2995 636 3179 706 αὐτὸν,
3228 636 3319 690 καὶ
3395 635 3792 703 συντάττονται,

2154 730 2197 786 εἷ
2253 731 2345 803 μὲν
2405 728 2456 783 ἐν
2498 734 2577 801 τῷ
2640 732 2817 801 μικρῷ
2857 728 3089 796 κάθηται
3141 723 3535 798 κονσιστωρῖῳ,
3594 722 3796 797 ἐμπρὸς

2154 825 2264 875 τῶν
2322 823 2615 896 πορφυρῶν
2672 818 2887 892 βάθρων
2938 815 2987 870 ἐν
3029 820 3111 886 τῷ
3160 818 3356 889 θερινῴ
3386 812 3793 885 κονσιστωρὶῳ·

2158 909 2205 965 εἲ
2262 908 2319 964 δὲ
2384 908 2435 962 ἐν
2494 912 2574 979 τῷ
2646 907 2867 981 μεγάλῳ
2941 906 3315 977 κονσιστωρίῳ

2157 1000 2262 1073 πρὸ
2310 1006 2413 1067 τῆς
2461 998 2623 1070 θύρας
2674 1000 2781 1050 τῶν
2821 991 3083 1067 δευτέρων
3117 996 3250 1065 (57),
3281 993 3371 1046 καὶ
3426 990 3803 1066 κατέρχονται,

2158 1089 2248 1142 καὶ
2310 1088 2468 1159 μέσας
2528 1088 2767 1140 ποιοῦσι.
2819 1084 2894 1138 Τὰ
2954 1080 3010 1137 δὲ
3051 1082 3350 1156 γράμματα
3407 1084 3504 1135 τοῦ
3539 1078 3807 1154 βασιλέως

2162 1172 2429 1249 λαμϐάνει
2462 1176 2489 1228 ὁ
2527 1176 2845 1248 μάγιστρος,
2876 1171 2967 1226 καὶ
3006 1167 3262 1245 ἔρχονται
3305 1171 3393 1224 καὶ
3428 1169 3808 1224 συντάττονται

2164 1267 2334 1339 αὐτῷ,
2370 1266 2455 1320 καὶ
2489 1262 2711 1318 δίδωσιν
2744 1262 2899 1320 αὐτά.

3391 903 3645 971 κάθηται,
3696 898 3800 955 ἅνω

406 1373 506 1414 vos
537 1378 565 1407 α
597 1357 934 1428 leucophori
983 1377 1007 1408 ι
1055 1359 1180 1429 [seu
1227 1360 1541 1430 candidati]
1593 1376 1690 1415 vos
1735 1382 1763 1409 ‹‹
1806 1375 2109 1425 cursores;
2154 1373 2253 1412 vos
2286 1379 2312 1405 ‹‹
2343 1356 2579 1421 decani;
2612 1374 2637 1405 ι
2690 1358 2747 1409 et
2788 1354 2843 1408 in
2887 1353 3221 1408 universum
3254 1368 3481 1415 omnes,
3529 1350 3627 1421 qui
3677 1365 3811 1404 cum

410 1447 611 1518 legatis
668 1447 1046 1517 advenerunt,
1112 1448 1356 1516 excitat;
1409 1451 1622 1520 quibus
1678 1449 1995 1521 imperator
2052 1446 2298 1519 singulis
2359 1462 2558 1516 rogam
2610 1449 2710 1499 aut
2762 1442 2975 1513 stipem
3027 1442 3290 1513 largitur.
3342 1441 3463 1496 Illis
3512 1439 3812 1510 digressis,

412 1538 649 1594 tandem
704 1535 847 1606 ipsis
906 1553 1138 1609 quoque
1196 1538 1399 1608 legatis
1453 1540 1631 1593 donat
1686 1556 1774 1605 ea,
1828 1556 1954 1610 quae
2014 1538 2159 1609 ipsis
2208 1536 2518 1607 praeparari
2572 1535 2773 1604 jussit,
2832 1537 2956 1598 Quo
3015 1533 3164 1588 facto
3214 1531 3522 1588 silentiarii
3578 1547 3641 1586 se
3697 1531 3816 1600 iam

413 1630 774 1700 componunt
813 1627 887 1681 ad
933 1630 1390 1699 exspectandum
1435 1629 1803 1700 imperatoris
1853 1631 2101 1696 abitum,
2134 1633 2191 1684 et
2236 1629 2551 1699 imperator
2595 1628 2665 1681 de
2714 1627 2921 1681 throno
2968 1625 3249 1697 exsurgit,
3286 1633 3336 1680 et
3390 1622 3587 1695 legati,
3620 1621 3669 1678 si
3715 1638 3817 1693 pa-

414 1717 569 1774 tricii
632 1733 749 1771 non
806 1717 944 1784 sint,
1006 1721 1249 1772 adorant
1314 1720 1530 1789 ipsum,
1593 1719 1831 1790 valeque
1883 1719 1995 1789 ipsi
2051 1718 2292 1786 dicunt;
2352 1718 2503 1789 quod
2564 1718 2650 1786 ﬁt,
2710 1717 2756 1773 si
2819 1716 3153 1787 praesederit
3212 1720 3269 1771 et
3324 1714 3660 1769 audentiam
3719 1713 3819 1767 de-

413 1807 559 1865 derit
598 1807 911 1876 imperator
953 1806 1011 1862 in
1046 1824 1218 1878 parvo
1267 1809 1464 1864 aestivo
1511 1810 1859 1865 consistorio
1906 1810 2057 1879 apud
2108 1810 2327 1881 gradus
2377 1807 2851 1880 porphyreticos;
2904 1807 3055 1863 232
3097 1806 3252 1877 quod
3312 1804 3362 1859 si
3418 1812 3611 1859 autem
3674 1804 3821 1858 ceri-

420 1895 615 1953 monia
643 1896 953 1967 contigerit
983 1898 1041 1952 in
1074 1915 1285 1969 magno
1328 1900 1696 1969 consistorio,
1721 1900 1786 1955 ﬁt
1815 1900 2119 1956 valedictio
2148 1900 2298 1969 apud
2334 1900 2485 1955 fores
2514 1900 2885 1955 deuterorum
2910 1916 2923 1965 ;
2949 1903 3007 1953 et
3037 1898 3278 1965 abeunt,
3312 1896 3620 1966 missasque
3652 1894 3821 1948 ﬁunt.

421 1986 669 2042 Litteras
745 1996 935 2042 autem
1012 1988 1383 2059 imperatoris
1457 1992 1529 2045 ad
1598 1991 1841 2047 alterum
1915 1990 2337 2047 occidentalem
2412 1991 2483 2047 ad
2560 2008 2622 2046 se
2692 1991 2877 2046 sumit
2962 1994 3257 2062 magister,
3334 1986 3825 2056 venientibusque

418 2072 491 2128 ad
525 2089 587 2129 se
618 2073 829 2144 legatis
861 2082 914 2129 et
945 2075 1242 2131 sibidomi
1277 2095 1393 2132 suae
1426 2078 1886 2135 valedicentibus
1916 2095 2014 2134 eas
2044 2079 2241 2134 tradit.

971 2163 1200 2221 CAPUT
1245 2166 1521 2223 LXXXIX.

2784 2169 3047 2223 ΚΕΦΛΛ.
3092 2166 3212 2221 ΙΙΘ’.

427 2249 775 2307 Obseruantia
812 2253 912 2307 sub
960 2253 1257 2329 adventum
1300 2259 1490 2327 magni
1538 2263 1835 2313 Persarum
1885 2259 2070 2329 legati,

882 2340 1048 2395 eoque
1079 2327 1138 2381 in
1170 2328 1301 2383 urbe
1328 2335 1616 2399 praesente.

498 2414 815 2482 Postquam
848 2411 919 2467 de
941 2414 1187 2469 adventu
1213 2418 1411 2487 magni
1448 2418 1619 2488 legati
1652 2419 1722 2472 ad
1756 2418 1952 2473 aulam
1986 2434 2073 2473 re-

430 2499 768 2556 nuntiatum
789 2506 891 2569 est,
918 2507 1146 2573 Oportet
1178 2522 1211 2559 a
1242 2505 1519 2575 magistro
1540 2507 1948 2576 magistratum
1972 2506 2074 2562 ali-

430 2604 628 2660 quem,
656 2590 944 2645 illustrem
970 2591 1090 2661 [seu
1116 2595 1675 2666 protospatharium]
1698 2600 1799 2651 aut
1821 2596 2074 2651 silentia-

433 2678 585 2734 rium
639 2686 738 2733 aut
782 2680 1081 2735 tribunum
1125 2687 1227 2737 aut
1265 2683 1438 2738 etiam
1488 2701 1669 2739 unum
1709 2684 1965 2755 aliquem
2008 2686 2078 2739 de

434 2768 639 2824 ordine
669 2768 1060 2840 episemorum
1086 2777 1189 2826 aut
1219 2771 1539 2844 insignium
1561 2777 1660 2828 aut
1680 2774 2081 2845 magistriano-

435 2872 587 2922 rum,
620 2862 722 2912 aut
752 2874 1161 2930 quemcunque
1204 2860 1299 2917 ille
1328 2863 1573 2917 voluerit
1603 2872 1656 2918 et
1687 2862 1987 2935 delegerit,
2020 2864 2079 2919 in

436 2946 720 3003 honorem
745 2945 850 3001 viri
880 2947 1247 3005 advenientis
1270 2951 1325 3006 in
1351 2952 1604 3008 conﬁnia
1627 2952 1797 3019 mitti,
1824 2952 1923 3025 qui
1946 2969 2079 3009 eum

436 3035 519 3092 ibi
564 3036 834 3107 excipiat,
867 3036 925 3092 in
973 3041 1387 3107 protectionem
1430 3057 1594 3097 suam
1640 3042 1884 3113 recipiat
1924 3047 1981 3097 et
2009 3043 2080 3098 ad

440 3123 654 3181 Urbem
688 3129 996 3196 augustam
1032 3128 1312 3199 sospitem
1341 3131 1637 3202 perducat.
1664 3132 1765 3186 Hic
1798 3131 1991 3200 itaque
2024 3133 2081 3186 in

443 3216 764 3272 eumﬁnem
792 3217 1009 3273 missus
1037 3220 1426 3291 proﬁciscitur
1449 3222 1789 3288 Nisibinam,
1808 3223 1902 3277 ubi
1942 3224 2088 3292 lega-

445 3312 570 3363 tum
615 3306 820 3361 invisit
860 3312 916 3362 et
956 3307 1191 3377 salutat,
1228 3311 1564 3383 litterasque
1605 3312 1973 3382 imperatoris
2016 3313 2086 3367 ad

446 3409 604 3458 eum,
637 3392 687 3447 si
726 3409 869 3462 quas
909 3393 1019 3448 sibi
1062 3398 1289 3451 additas
1322 3398 1515 3465 habet,
1562 3398 1671 3469 ipsi
1712 3398 1925 3465 tradit;
1967 3404 2087 3467 aut,

2252 2259 2391 2314 Ὅσα
2462 2253 2544 2309 δεῖ
2607 2248 3455 2332 παραφυλάττειν,“πρεσϐευτοῦ
3516 2247 3758 2327 μεγάλου

2712 2327 3021 2401 ἐρ’χομὲνου
3064 2327 3301 2399 Περσῶν.

2258 2424 2366 2489 Δεῖ,
2430 2416 2772 2489 μηνυομένου
2837 2417 3075 2491 μεγάλου
3129 2409 3484 2490 πρεσϐευτοῦ,
3521 2413 3611 2467 τὸν
3663 2412 3833 2487 μέγι-

2185 2528 2341 2580 στρον
2380 2506 2591 2579 πέμψαι
2624 2506 2698 2568 εἰς
2724 2505 2790 2559 τὰ
2822 2505 3047 2579 μεθόρια
3074 2501 3169 2559 ἕνα
3210 2504 3452 2582 ἄρχοντα
3482 2501 3830 2575 ἰλλοῦστριον

2187 2598 2221 2666 ἢ
2270 2596 2631 2670 σιλεντιάριον
2679 2594 2715 2664 ἢ
2774 2591 3059 2670 τριϐοὖνον
3114 2596 3148 2664 ἢ
3195 2595 3281 2649 καὶ
3339 2590 3427 2649 ⁴ἕνα
3473 2596 3580 2646 τῶν
3640 2590 3836 2661 Eme-ﬂ-

2192 2708 2306 2760 μων
2358 2687 2492 2758 (58),
2549 2685 2583 2753 ἢ
2648 2688 3073 2759 μαγιστριανῶν,
3124 2686 3158 2753 ἢ
3219 2683 3279 2737 ’ὸν
3339 2683 3396 2736 ἃν
3452 2680 3637 2754 συνίδῃ
3696 2679 3837 2754 πρὸς

2187 2777 2357 2847 τιμὴν
2404 2778 2499 2828 τοῦ
2549 2773 2853 2852 ἐρχομένου
2902 2774 3202 2847 προσώπου
3251 2772 3459 2844 πέμψῃ,
3491 2771 3576 2824 ’ἱνα
3619 2768 3836 2839 δέξηται

2190 2864 2276 2919 καὶ
2328 2860 2580 2917 διασώσει
2636 2864 2746 2934 (ὗεν)
2781 2860 2961 2918 αὐτόν.
2992 2860 3054 2918 Ὁ
3088 2857 3143 2915 δὲ
3191 2859 3541 2932 πεμπόμενος
3588 2857 3843 2932 εἰσέρχε-

2192 2973 2281 3009 ται
2328 2952 2401 3013 εἷς
2445 2952 2507 3005 τὸ
2558 2946 2844 3020 Νησίϐιος,
2885 2951 2975 3004 καὶ
3024 2950 3317 3019 ἀσπάζεται
3368 2947 3553 3017 αὐτὸν,
3604 2947 3693 3001 καὶ
3751 2945 3840 3000 ἐὰν

2194 3036 2309 3117 ἔχει
2353 3041 2651 3115 γράμματα
2714 3044 2810 3094 τοῦ
2880 3038 3174 3113 βασιλέως,
3235 3034 3603 3092 ἀποδίδωσιν·
3666 3035 3732 3108 (εἰ
3786 3032 3846 3089 δὲ

2200 3132 2425 3204 μὴ,τοῦ
2487 3130 2807 3203 μαγίστρου)
2861 3130 3233 3203 προτρέποντα
3462 3124 3641 3179 αὐτόν.
3676 3126 3843 3185 Ἴσως

2198 3217 2253 3275 δὲ
2301 3216 2427 3274 οὐδὲ
2456 3219 2483 3272 ὁ
2528 3218 2823 3293 μάγιστρος
2868 3220 3085 3293 γράφει,
3119 3214 3243 3271 ἀλλ’
3272 3216 3330 3269 ὲκ
3366 3210 3643 3287 μανδάτων
3677 3212 3844 3285 μόνον

2197 3311 2232 3378 ἡ
2272 3310 2559 3382 προτροπή
2611 3308 2833 3382 γίνεται,
2874 3306 2953 3386 ἐφ’
2985 3306 3030 3379 ᾦ
3083 3306 3240 3361 αὐτὸν
3302 3302 3478 3359 ἐλθεῖν
3516 3303 3651 3375 μετὰ
3684 3303 3847 3356 εὐθυ-

2205 3398 2330 3471 μίας
2375 3397 2463 3451 καὶ
2511 3396 2795 3470 Θεραπείας
2845 3400 2995 3468 (61)’
3052 3394 3140 3450 καὶ
3205 3393 3479 3468 ἐξέρχεται
3540 3390 3632 3446 σὺν
3678 3389 3849 3461 αότῷ.

444 3482 496 3537 si
527 3499 642 3538 non
672 3483 1055 3552 imperatoris,
1091 3488 1350 3557 magistri
1375 3488 1577 3542 saltem
1604 3504 1618 3553 ;
1652 3489 1866 3559 quibus
1896 3505 2087 3545 arces-

2214 3491 2295 3541 Δεῖ
2343 3482 2399 3539 δὲ
2460 3484 2588 3547 τοὺς
2646 3483 2916 3559 ἄρχοντας
2973 3489 3073 3539 τοῦ
3132 3485 3303 3559 Δάρας
3375 3484 3485 3554 (62)
3542 3481 3852 3549 ἀπαντῆσαι

1525 3604 1728 3660 JOAN.
1768 3605 1917 3661 JAG.
1963 3607 2223 3663 REISKII
2262 3604 2845 3661 COMMENTARIUS.

524 3703 637 3776 (57)
666 3703 827 3777 Sitne
858 3703 966 3777 hoc
998 3719 1031 3756 a
1062 3700 1418 3777 nominativo
1442 3698 1705 3777 δεύτεροι,
1728 3720 1798 3757 an
1822 3721 1853 3758 a
1876 3698 2096 3777 δεύτερα

454 3773 570 3832 non
620 3773 881 3847 dixerim.
934 3775 1091 3828 Latet
1132 3773 1754 3847 rati0_appellati0nis;
1790 3773 2097 3847 vestigium

390 3844 391 3855 “
453 3848 585 3918 ejus
615 3846 845 3902 nullum
878 3847 933 3900 in
968 3849 1169 3918 nostro
1200 3844 1418 3918 codice.
1453 3845 1573 3908 Quo
1606 3852 1853 3909 constat,
1880 3844 2101 3903 mutata

456 3916 590 3991 post
610 3918 1016 3974 Justinianum
1050 3916 1245 3987 palatii
1268 3922 1576 3986 structura,
1598 3933 1808 3973 nomen
1833 3918 1940 3974 hoc
1964 3936 2101 3990 quo-

458 4006 571 4063 que
598 3991 877 4063 desiisse.

531 4062 643 4132 (58)
682 4062 927 4117 Reddidi
958 4061 1294 4132 insignium;
1338 4060 1485 4114 forte
1520 4060 1733 4115 rectius
1762 4061 2107 4116 clarissimo—

462 4149 587 4188 rum
607 4150 629 4195 ;
654 4134 725 4188 de
755 4135 967 4205 quibus
996 4149 1049 4187 v.
1076 4131 1312 4185 Gnther.

533 4205 648 4277 (59)
688 4202 955 4261 Traducat
986 4220 1110 4277 eum
1143 4219 1244 4273 per
1288 4202 1792 4277 provinciasjuris
1824 4204 2109 4277 Romani;

2208 3703 2377 3758 liceat
2408 3718 2558 3756 curae
2582 3703 2834 3770 corporis
2861 3720 3081 3769 vacare,
3116 3704 3390 3762 itinerum
3417 3704 3599 3775 spatia
3621 3710 3673 3775 et
3702 3702 3858 3756 vices

2211 3775 2427 3846 quietis
2475 3790 2547 3847 ex?
2593 3775 2829 3847 arbitrio
2879 3776 3235 3844 dispensare.
3295 3774 3463 3833 Conf.’
3509 3774 3678 3847 paulo
3733 3777 3862 3842 post

2212 3845 2261 3902 ο.
2299 3846 2609 3920 12.γΜιιΙὶιη
2644 3845 2840 3920 itaque
2872 3846 2931 3900 in
2964 3847 3182 3903 Latinis
3215 3851 3411 3919 reponi
3441 3845 3538 3920 per
3558 3849 3733 3901 otium
3764 3851 3867 3898 aut

2212 3934 2322 3973 non
2346 3919 2549 3987 absque
2581 3916 2911 3972 valetudinis
2940 3935 3093 3975 cura.

2283 3991 2396 4060 (62)
2441 3988 2673 4044 Celebre
2727 3992 2889 4044 urbis
2936 3989 3239 4047 limitaneaa
3288 3998 3343 4048 et
3373 3990 3611 4047 munitae
3652 4002 3866 4042 nomen

2217 4062 2369 4127 apud
2399 4060 2759 4133 Procopium
2785 4066 2842 4114 et
2880 4060 3024 4115 alios
3057 4064 3365 4133 scriptores
3399 4060 3744 4131 Byzantinos
3770 4073 3871 4133 re:

2220 4148 2367 4206 rum_
2395 4131 2506 4199 ipsi
2557 4131 2891 4201 aequalium.
2927 4130 3312 4206 Theophanes
3356 4152 3411 4206 p.
3446 4130 3571 4206 129,
3603 4130 3875 4206 appellat

2219 4202 2430 4289 mei'ov
2482 4208 2581 4267 τῆς
2616 4199 3056 4289 ’Μεσοποταμίας
3091 4199 3251 4280 ’μέγα
3309 4199 3398 4259 κάῖ
3451 4199 3667 4276 ὀχυρὸν
3698 4199 3870 4289 μὲι-σον

464 4271 747 4343 διασώζειν
788 4282 877 4331 est
924 4271 1506 4348 conducere,_salt_)um_
1528 4278 1577 4327 et
1618 4276 1952 4348 incolumem
2003 4276 2093 4328 ali-

2218 4271 2326 4327 τῶν
2361 4272 2503 4346 ὅρων
2545 4272 2795 4348 κείμενον
2828 4271 3126 4345 Ῥωμαίων
3161 4271 3219 4331 νε
3247 4276 3337 4330 καὶ
3374 4271 3615 4348 Περσὶἷδν,
3638 4278 3693 4329 et
3711 4271 3880 4348 addit

464 4363 624 4418 quem
652 4349 842 4418 aliqua
870 4344 1333 4418 perducereivid.
1367 4344 1447 4399 Du
1477 4345 1668 4413 Gange
1700 4345 1788 4399 Gl.
1825 4346 1920 4401 Gr.
1955 4350 2010 4400 et
2041 4346 2111 4399 ad

846 4416 880 4470 .“
927 4418 1053 4477 352,
1111 4416 1445 4482 Luitprand.
1514 4420 1707 4484 Legat.
1790 4432 1918 4486 pag.
1988 4418 2111 4470 487.

474 4435 729 4472 Alexiaa.
846 4458 858 4470 .
927 4435 1053 4477 σοι,
1112 4435 1445 4482 ιιυιιρτδηα.
1514 4435 1707 4484 negat.
1790 4435 1918 4486 pag.
1988 4435 2111 4470 ιιδι.

474 4482 753 4560 angam
787 4435 885 4543 libo
912 4496 991 4542 est
1010 4487 1220 4541 ductori
1250 4502 1403 4551 meo;
1436 4486 1533 4540 ubi
1565 4502 1797 4560 quoque
1828 4488 2111 4560 queritur,

470 4418 729 4472 Alexiad.

2223 4348 2295 4401 ab
2320 4345 2612 4399 Anastasio
2638 4346 2841 4417 Dicoro
2865 4350 3157 4402 conditam
3184 4345 3668 4417 Anastasiopolim
3696 4345 3874 4399 fuisse

2224 4416 2858 4491 dictam.__Gonf._G0ar.
2893 4419 2963 4491 ad
3000 4420 3056 4473 h.
3101 4421 3140 4478 1.
3174 4421 3419 4475 Videtur
3450 4416 3688 4491 Δάρασος
3722 4429 3873 4491 esse,

2227 4505 2401 4558 quam
2440 4487 2716 4560 Hieroclis
2745 4490 3138 4560 Synecdemus
3169 4492 3227 4546 in
3264 4493 3482 4547 Isauria
3516 4487 3715 4560 ponit:
3752 4487 3868 4560 vid.

469 4557 579 4613 sibi
606 4562 658 4647 et
711 4557 826 4647 suis
866 4561 1023 4647 datos
1052 4574 1235 4647 equos;
1278 4560 1513 4647 sarcinis
1556 4572 1664 4611 non
1707 4557 1876 4639 item;
1931 4558 2121 4647 σώζειν
2157 4564 2200 4626 1)
2334 4560 2480 4647 719;.
2514 4559 2604 4613 ed.
2660 4557 3095 4647 Wes§91.§itne
3140 4564 3261 4645 hac
3311 4557 3529 4647 tiaras,
3559 4558 3879 4647 summm

472 4646 577 4715 pro
604 4630 911 4714 traducere,
943 4635 1000 4685 et
1030 4629 1297 4715 σώζεσθαι
1338 4645 1441 4698 pro
1483 4631 1909 4715 transmigrare,
1937 4635 2126 4715 trans-

472 4700 579 4773 ire,
622 4704 926 4773 pervenire,
959 4700 1047 4757 vel
1080 4708 1136 4756 et
1171 4701 1408 4773 tendere,
1442 4703 1681 4773 veteres
1704 4716 1933 4771 quoque
1963 4702 2123 4773 dice-

1362 4768 1571 4843 p._403,
1610 4768 1774 4843 πέντε
1806 4768 2039 4843 σπειρῶν
2071 4770 2122 4825 ἐν

474 4846 556 4918 τῷ
597 4836 1253 4918 ξργῴ-’σεσωσμένωνβό
1294 4836 1385 4918 est
1424 4836 1720 4918 ἐσσυμένα),
1749 4836 2125 4918 transgressis]

476 4912 537 4988 ἐξ
560 4912 653 4988 τὸν
673 4912 989 4972 Μέτελλον.
1025 4912 1311 4971 Maximus
1342 4912 1748 4988 Tyrius‘serm.
1773 4918 1827 4982 5,
1854 4912 1919 4988 ρ.
1934 4917 2004 4970 50
2032 4912 2126 4988 ed;

480 4986 679 5059 Heins.
704 5006 739 5059 :7
769 4990 941 5059 #106
999 4988 1255 5059 σώματος
1301 4986 1463 5058 ’χρεία
1513 4986 1833 5059 πνλυμερής
1857 4985 1944 5040 ’τε
1997 4985 2130 5040 οὖσα

480 5057 571 5112 καὶ
654 5055 949 5131 πολυδεής,
1020 5055 1248 5125 σώζεται
1307 5055 1583 5130 [pervenit
1649 5055 1742 5112 vel
1801 5059 2001 5182 tenditl
2062 5061 2130 5131 τῇ

484 5129 766 5182 συντελεία
813 5135 920 5182 τῶν
960 5134 1137 5182 μερῶν
1169 5129 1305 5182 πρὸς
1355 5130 1455 5182 τὴς
1496 5128 1789 5182 ὑπτρεσίαν
1830 5133 1929 5182 τοῦ
1996 5128 2130 5182 ’λου.

2047 5150 2131 5185 ου.

489 5206 623 5276 Ipse
648 5204 770 5271 jam
803 5200 1121 5276 Sophocles
1146 5200 1329 5276 σῳτὴρ
1349 5202 1495 5256 dixit
1527 5200 1627 5276 pro
1650 5202 1860 5256 comite
1882 5202 2132 5276 itineris,

493 5274 592 5347 qui
626 5273 1089 5347 peregrinantem
1117 5273 1344 5347 salvum
1369 5278 1426 5326 et
1455 5273 1733 5347 sospitem
1776 5288 1864 5347 eo,
1896 5289 2010 5347 quo
2033 5274 2135 5327 de-

486 5343 729 5402 stinatio
764 5343 918 5409 "fert,
967 5346 1241 5401 traducit.
1294 5346 1472 5398 Versu
1552 5344 1756 5397 ultimo
1810 5343 2136 5398 Philoctetae

474 4772 649 4845 bant.
683 4775 977 4845 Appianus
1006 4773 1043 4845 l_.
1079 4791 1116 4828 ι.
1165 4772 1325 4845 Civil.

484 5129 766 5200 συντελείᾳ
813 5128 1137 5204 τῶνμερῶν
1169 5128 1331 5204 πρὸ-ξ
1355 5130 1463 5204 τῂςέ
1496 5128 1798 5204 ὑπηρεσίαν.
1830 5133 1929 5204 τοῦ

495 5432 709 5491 nempe
753 5418 1051 5491 Nymphas
1083 5417 1277 5491 νόστου
1315 5412 1580 5491 σωτείρας
1615 5413 1886 5491 appellat.

569 5487 682 5559 (60)
711 5485 1092 5547 Ariess'entia.
1121 5489 1332 5542 Eodem
1359 5502 1533 5541 sensu
1570 5486 1736 5541 habet
1769 5485 1875 5559 hoc
1896 5486 2137 5541 verbum

493 5558 876 5633 Theophanes
918 5577 1048 5633 pag.
1105 5560 1206 5615 145
1235 5563 1293 5633 et
1328 5559 1449 5613 146.
1483 5558 1852 5633 Estproprie
1888 5572 2141 5633 prorsum

494 5629 707 5703 vertere
736 5649 767 5688 e
798 5629 943 5699 loco,
986 5629 1157 5703 quem
1200 5630 1329 5703 quis
1369 5632 1632 5700 occupat,
1675 5643 1806 5684 eum
1846 5629 2141 5685 extrahere

500 5706 559 5759 et
579 5702 833 5788 [ulterius
861 5702 1217 5788 promovere.

2233 4628 2398 4701 ‘l‘aﬁro,
2424 4628 2543 4696 illa,
2578 4646 2753 4701 quam
2787 4631 3206 4689 Constantinus
3232 4638 3288 4689 in
3311 4636 3436 4690 Vita
3475 4628 3751 4699 Basilii'p.
3779 4629 3881 4684 166

2237 4700 2485 4778 Τᾴροριτα
2525 4700 2971 4778 ερρειιδὶηωὶὴὶ
3026 4723 3138 4761 non
3174 4707 3396 4778 liquet;
3430 4706 3543 4759 vid.
3578 4703 3880 4778 Alemann.

2235 4772 2330 4827 adi
2369 4774 2607 4843 Procop.
2672 4790 2726 4843 p.
2788 4775 2878 4840 61,
2940 4776 3073 4831 ﬁne.
3134 4772 3273 4833 Sim.
3333 4781 3681 4832 Assemann.
3735 4772 3883 4827 Bibl.

2240 4845 2457 4901 Orient.
2493 4849 2533 4898 t.
2571 4847 2613 4910 Ι,
2644 4845 2798 4917 p.26
2828 4856 2879 4899 et
2901 4848 3026 4915 281,
3061 4849 3199 4903 item
3237 4854 3275 4902 t.
3306 4853 3377 4911 ll,
3403 4866 3457 4917 p.
3485 4848 3605 4901 119.
3632 4845 3884 4917 Evodius

2237 4918 2580 4992 assentatio.
2633 4916 2925 4992 Martyrpl,
2971 4925 3014 4992 ι.
3062 4922 3102 4973 Ι.
3152 4937 3281 4992 pag.
3332 4915 3451 4974 141.
3500 4917 3786 4992 Ahu_lfeda
3826 4915 3883 4967 in

2240 4988 2603 5061 Geographie.
2634 5005 2697 5041 ex
2724 4989 2774 5040 al
2798 4988 3203 5061 Moscbtarec’o
3229 4988 3508 5061 appellat,
3541 4990 3885 5061 urbenipar-

2243 5077 2362 5114 vam
2394 5062 2450 5113 in
2481 5060 2613 5129 pede
2633 5060 2831 5113 montis
2863 5061 3248 5118 Mardinensis.
3275 5059 3437 5128 Quod
3459 5062 3507 5116 si
3530 5076 3663 5115 cum
3695 5059 3882 5113 Theo-

2243 5132 2561 5204 phanenon
2580 5133 2887 5204 consentit,
2908 5136 3293 5202 reputandum
3311 5136 3539 5204 lapsum
3556 5138 3883 5204 temporum

2242 5210 2299 5256 et
2345 5202 2997 5275 vicissitudinesirerum
3030 5206 3207 5261 veteri
3264 5202 3427 5260 urbis
3460 5202 3767 5275 splendori
3786 5203 3887 5253 de—

2243 5273 2509 5348 traxisse.
2546 5278 2759 5348 Auctor
2782 5274 3085 5348 fragmenti
3118 5273 3515 5348 geographici,
3548 5274 3697 5348 quod
3740 5273 3885 5328 Ban-

2243 5345 2446 5397 durius
2469 5345 2527 5397 in
2557 5345 2712 5399 notis
2744 5346 2814 5398 ad
2856 5345 3526 5404 Constantini—Themata
3554 5364 3607 5415 p.
3644 5346 3730 5412 10,
3766 5359 3889 5415 pro:

2245 5416 2427 5489 duxit,
2462 5415 2653 5489 siper
2698 5415 2859 5489 Δάρες
2912 5419 3059 5473 hanc
3108 5422 3288 5475 Daras
3337 5414 3683 5483 designavit,
3740 5414 3887 5489 quod

2247 5488 2453 5561 fecisse
2485 5488 2733 5561 videtur,
2756 5484 2937 5544 falsus
2964 5492 3159 5561 procul
3191 5492 3369 5547 dubio
3397 5492 3593 5561 fuitin
3622 5505 3709 5551 eo,
3743 5484 3889 5561 quod

2247 5560 2511 5614 eamdem
2556 5575 2686 5613 cum
2720 5558 3081 5617 Taurizo'vel
3113 5563 3355 5618 Tebriso
3388 5563 3541 5617 fecit.
3576 5560 3704 5615 Haec
3735 5558 3888 5612 enim

2249 5629 2450 5693 multo,
2477 5645 2649 5700 quam
2675 5629 2793 5696 illa,
2818 5641 2869 5687 et
2902 5634 3186 5690 recentior
3216 5640 3273 5690 et
3303 5638 3362 5690 in
3381 5634 3662 5689 orientem
3689 5630 3888 5700 borea:

2248 5703 2361 5778 lem
2380 5695 2667 5778 remotior
2705 5695 2814 5758 est.
2852 5704 3034 5760 Verba
3082 5706 3391 5778 iragmenti
3426 5711 3561 5761 sunt
3612 5700 3798 5776 Δάρες,
3830 5695 3887 5753 τό

574 5775 686 5849 (61)
714 5771 1015 5849 Signiﬁcat
1046 5776 1155 5832 hoc
1183 5773 1292 5830 loci
1327 5774 1518 5839 otium,
1560 5771 1934 5836 commoditas,
1967 5772 2051 5829 sic
2081 5788 2093 5826 ι

2244 5776 2337 5825 νῦν
2379 5774 2607 5843 Ταῦρες.
