4138 6212
322 423 458 484 ’725

1188 424 1288 487 DE
1330 425 1780 486 CERIMONIIS
1825 423 2068 487 AULrE
2107 426 2586 490 BYZANTIN/E
2631 430 2776 493 LIB.
2825 435 2872 493 Ι.

3634 437 3751 498 626

323 557 488 630 αὐτῷ
531 557 666 632 μετᾶ
724 563 834 613 τῶν
887 562 1233 634 στρατιωτῶν
1275 558 1326 612 ἐν
1384 563 1501 620 τοῖς
1561 557 1839 632 μεθορίοις
1903 561 1990 613 καὶ

2106 560 2273 616 situr.
2309 564 2608 619 Interdum
2660 581 2730 621 ne
2779 566 2891 636 ipsi
2931 567 3167 640 quidem
3217 572 3490 644 magister
3529 572 3751 632 litteras

321 643 584 717 δέξασθαι
629 649 722 703 τὸν
765 643 1100 723 πρεσϐευτὴν
1149 647 1238 702 καὶ
1291 647 1419 710 τοὺς
1450 646 1768 722 ἀνθρώπους
1799 647 1983 706 αὐτοῦ.

322 736 444 793 Καὶ
476 736 526 792 εἷ’
559 737 652 812 μὲν
687 736 829 792 ἐστιν
872 759 924 793 τι
975 736 1196 815 ὀφεῖλον
1246 735 1557 807 λαληθῆναι
1589 735 1641 791 έν
1678 742 1792 798 τοῖς
1826 750 1987 810 μεθο-

323 825 501 899 ρίοις,
535 827 806 894 λαλεῖται,
828 831 925 881 τοῦ
957 825 1223 901 ἄρχοντος
1252 831 1350 882 τοῦ
1383 821 1650 897 Νησίϐιος
1683 827 1844 902 μέχρι
1877 832 1984 881 τῶν

321 915 609 990 μεθορίων
636 917 772 989 μετᾶ
801 915 1055 986 πλήθους
1096 920 1320 990 Περσῶν
1369 915 1767 991 συνερχομένου
1799 914 1984 972 αύτοῦ.

316 1003 395 1061 E.
453 1002 495 1021 κ.
615 1005 629 1024 ε
844 1010 866 1020 -
942 1005 954 1025 ι
1383 1006 1398 1024 κ
1491 1005 1516 1024 ρο
1610 1028 1630 1042 μ
1697 1011 1745 1036 _-
1831 1007 1840 1020 .

380 1026 398 1058 ι
450 1019 507 1059 οε
563 1026 636 1078 μη
701 1002 953 1061 λαλειται
1009 1003 1061 1060 τί
1109 1025 1260 1072 ποτε,
1309 1026 1399 1060 και
1457 1026 1629 1066 ουτως
1662 1003 1743 1060 δει
1773 1026 1987 1069 παντως

317 1093 609 1149 συνελθεῖν
662 1093 826 1150 αὐτὸν
882 1094 1018 1167 μετὰ
1067 1093 1340 1166 πλήθους,
1388 1095 1479 1150 καὶ
1533 1099 1641 1150 τῶν
1700 1095 1984 1167 Ῥωμαίων

315 1181 493 1237 αὐτὸν
549 1178 1086 1257 παραλαμϐανόντων
1143 1184 1229 1237 καὶ
1305 1184 1436 1246 τοὺς
1499 1184 1755 1246 συνόντας
1815 1185 1984 1256 αὐτῷ,

316 1267 416 1326 δεῖ
473 1271 602 1334 τοὺς
668 1270 900 1334 λοιποὺς
957 1272 1248 1344 ἀπομεῖναι
1307 1277 1414 1328 τῶν
1471 1277 1687 1348 Ηερσῶν
1754 1272 1806 1327 έν
1871 1278 1987 1334 τοῖς

315 1365 617 1435 Περσικοῖς
684 1361 896 1431 τόποις,
945 1362 1032 1416 καὶ
1085 1361 1244 1417 αὐτὸν
1298 1361 1461 1436 μόνον
1517 1362 1650 1434 μετᾶ
1709 1367 1817 1417 τῶν
1863 1384 1984 1417 συν-

315 1448 506 1506 όντων
568 1449 830 1506 έῖσελθεῖν
900 1451 974 1512 εἰς
1037 1452 1102 1504 τὸ
1183 1453 1353 1526 Δάρας
1411 1452 1500 1506 καὶ
1570 1459 1980 1526 θεραπευθῆναι.

318 1538 608 1610 ΙΙροσήκει
642 1536 699 1592 δέ
730 1539 856 1599 τοὺς
907 1536 1170 1614 ἄρχοντας
1216 1543 1314 1594 τοῦ
1364 1539 1533 1614 Δάρας
1571 1539 1788 1608 πολλὴν
1820 1542 1986 1615 ἀγρυ-

315 1626 490 1682 πνίαν
557 1629 646 1683 καὶ
697 1630 959 1702 πρόνοιαν
1015 1631 1311 1696 ποιεῖσθαι,
1363 1627 1502 1684 ὥστε
1571 1635 1647 1702 μὴ
1715 1630 1979 1706 προφάσει

314 1721 426 1773 τοῦ
495 1713 828 1792 πρεσϐευτοῦ
893 1721 1002 1792 (63)
1061 1718 1275 1788 πλῆθος
1335 1724 1551 1793 Περσῶν
1599 1719 1979 1791 συνεισελθεῖν,

315 1807 470 1861 κατὰ
519 1809 683 1882 μέρος
738 1806 1197 1878 ἐπακολουθῆσαι,
1255 1806 1346 1863 καὶ
1403 1805 1555 1880 δόλῳ
1583 1815 1847 1884 κρατῆσαι
1877 1811 1977 1879 τὴν

316 1897 520 1956 πόλιν.
562 1895 734 1954 Ἀλλᾶ
761 1895 960 1952 τούτου
989 1900 1086 1952 τοῦ
1141 1899 1338 1972 μέρους
1370 1896 1588 1967 πολλὴν
1618 1899 1872 1971 πρόνοιαν
1927 1901 1980 1954 οἱ
2015 1936 2061 2001 Β

317 1986 596 2064 ἄρχοντες
656 1985 871 2067 ὤφελον
929 1993 1223 2057 ποιεῖσθαι,
1301 1989 1388 2042 καὶ
1463 1987 1521 2043 έκ
1577 1993 1674 2043 τοῦ
1740 1990 1985 2067 ἆσυμφα-

314 2082 460 2140 νοῦς
489 2079 604 2147 (64)
635 2077 1006 2152 ἐγρηγορέναι,
1037 2079 1126 2132 καὶ
1171 2077 1458 2156 φυλάττειν
1487 2079 1550 2133 τὸ
1583 2085 1777 2153 σχῆμα
1804 2085 1986 2137 τοῦτο.

316 2167 398 2226 Οἱ
432 2163 676 2221 δουκικοί
710 2163 766 2222 δὲ
796 2168 930 2222 κατὰ
978 2168 1040 2221 τὸ
1083 2166 1276 2230 εἰωθὸς
1303 2169 1365 2222 τὸ
1397 2164 1692 2240 δαπάνημα
1730 2170 1826 2236 τῆς
1859 2165 1988 2224 ὁδοῦ

321 2257 501 2330 μέχρι
577 2259 683 2310 τῶν
757 2253 978 2310 ἐνταῦθα
1050 2258 1274 2330 ἡμερῶν
1331 2257 1408 2332 ργ⁹
1464 2259 1575 2329 (65)
1632 2253 1983 2312 ἐπιδιδόασιν.

317 2347 604 2403 Τοσαῦται
669 2346 774 2420 γὰρ
812 2343 864 2415 ἐξ
903 2344 1084 2420 ἀρχῆς
1125 2346 1434 2419 ὡρίσθησαν
1486 2347 1663 2420 ἀρκεῖν
1706 2351 1783 2418 τῷ
1820 2368 1988 2422 πρεσ-

319 2428 497 2507 ϐευτῇ
548 2435 773 2503 ἀνιόντι,
813 2433 903 2488 καὶ
952 2438 1210 2488 τοσαῦται
1259 2433 1496 2493 ἀπιόντι.
1549 2437 1728 2490 Ἔστιν
1793 2433 1847 2490 δέ
1897 2435 1986 2492 ὅτε

326 2520 576 2599 βραδύνῃ
613 2523 664 2578 ἐν
695 2528 764 2596 τῇ
792 2521 926 2594 ὀδῷ,
958 2522 1048 2576 καὶ
1079 2520 1290 2578 κελεύει
1321 2524 1349 2578 ὁ
1383 2525 1662 2597 βασιλεὺς,
1695 2524 1784 2578 καὶ
1816 2545 1986 2600 προσ-

322 2615 473 2684 θήκη
525 2612 671 2685 αὐτῷ
718 2612 944 2688 γίνεται.
991 2613 1056 2669 Ἡ
1107 2609 1164 2667 δὲ
1209 2616 1407 2686 γνῶσις
1444 2617 1552 2667 τῶν
1585 2610 1982 2686 ἔπιδεδομένων

313 2701 474 2773 αύτῴ
533 2701 760 2771 σώζεται
821 2699 872 2755 ἂν
935 2704 1014 2772 τῷ
1071 2699 1293 2775 σκρινίῴ
1351 2705 1458 2756 τῶν
1523 2696 1810 2777 βαρϐάρων
1843 2704 1981 2774 (66).

317 2790 430 2865 Καὶ
465 2787 657 2865 βέρεδα
687 2791 803 2863 (67)
845 2786 902 2844 δὲ
932 2789 1068 2844 κατὰ
1093 2789 1160 2844 τὰ
1203 2788 1380 2844 πάκτα
1410 2793 1548 2864 (68),
1580 2789 1666 2846 ἐπὶ
1699 2793 1986 2848 Κωνσταν-

321 2858 483 2935 τίδου
531 2858 541 2865 ’
586 2858 832 2955 ἐπάρχου
889 2879 1240 2953 πραιτωρίων
1295 2858 1589 2956 γενομένου
1665 2880 1980 2952 ἁπενεμήθη

321 2967 478 3039 αύτῷ
529 2966 700 3038 πέντε,
756 2968 845 3022 καὶ
905 2971 1017 3038 ζῶα
1076 2966 1141 3022 λ’.
1195 2968 1256 3024 Ὀ
1311 2964 1367 3021 δὲ
1419 2967 1695 3043 βασιλεὺς,
1730 2966 1816 3022 ἐὰν
1846 2965 1978 3042 θέλῃ

315 3057 644 3132 θεραπεῦσαι
676 3055 858 3125 αὐτὸν,
891 3055 1036 3112 πολὺ
1083 3055 1250 3111 πλέον
1301 3055 1452 3128 αύτῷ
1484 3057 1631 3128 αὐτῷ
1661 3054 1978 3126 ἐπιδοθῆναι

322 3145 561 3202 κελεύει.
597 3145 661 3201 Εἴ
691 3143 748 3200 δὲ
795 3145 940 3201 θέλει
985 3146 1074 3200 καὶ
1121 3153 1350 3219 σιμῆσαι
1398 3145 1584 3212 αὐτὸν,
1625 3149 1736 3221 χρὴ
1769 3146 1980 3220 πέμψαι

2098 649 2286 722 legato
2319 653 2521 719 mittit,
2553 655 2651 709 sed
2685 656 2861 712 nudis
2894 660 3186 716 mandatis
3217 666 3275 716 et
3304 662 3749 733 signiﬁcationi-

2096 742 2205 798 bus
2235 742 2494 800 oralibus
2525 745 2823 812 invitatur,
2857 753 2922 802 ut
2947 765 3078 804 cum
3115 751 3346 819 ﬁducia,
3383 752 3667 806 hilaritate
3698 758 3755 808 et

2098 847 2200 902 per
2249 831 2433 886 otium
2482 832 2539 887 in
2585 833 2792 890 Urbem
2826 836 3031 892 veniat.
3069 838 3285 894 Missus
3329 839 3525 911 itaque
3558 849 3753 896 noster

2097 935 2231 976 cum
2265 919 2452 992 legato
2494 922 2720 979 Persico
2752 925 3011 981 Nisibina
3039 944 3312 998 egressus
3347 931 3450 984 iter
3480 934 3536 985 et
3567 931 3754 986 dedu-

2097 1009 2347 1064 ctionem
2381 1010 2510 1080 ejus
2543 1014 2814 1068 instituit.
2847 1014 3058 1086 Legato
3088 1015 3172 1071 illi
3204 1034 3505 1074 occurrere
3538 1021 3596 1075 in
3621 1036 3750 1076 con-

2097 1098 2253 1153 ﬁniis
2283 1098 2492 1155 debent
2525 1102 2769 1171 praefecti
2808 1103 2972 1160 Dare:
3003 1121 3135 1160 cum
3161 1106 3448 1163 militibus
3469 1107 3591 1164 suis
3608 1126 3751 1180 prae-

2096 1189 2369 1258 sidiariis,
2403 1190 2716 1263 ipsumque
2765 1192 3239 1267 famulitiumque
3281 1198 3410 1267 ejus
3463 1198 3746 1270 excipere.

2095 1279 2182 1345 Et,
2217 1279 2266 1334 si
2299 1280 2432 1351 quid
2464 1297 2608 1350 opus
2638 1283 2809 1337 estin
2843 1285 3112 1340 conﬁniis
3145 1288 3368 1342 moneri
3400 1293 3577 1360 atque
3607 1304 3776 1343 con-‘

2095 1367 2209 1423 dici
2258 1370 2329 1422 ab
2364 1383 2473 1423 una
2504 1369 2754 1426 alterave
2785 1377 2966 1443 parte,
2994 1374 3047 1428 id
3083 1375 3446 1447 transigitur,
3482 1378 3748 1447 prazfecto

2094 1455 2368 1512 Nisibinas
2400 1474 2534 1514 cum
2558 1476 2802 1515 numero
2834 1461 3138 1518 Persarum
3173 1465 3245 1520 ad
3276 1465 3528 1520 conﬁnia
3559 1482 3748 1538 usque

2091 1544 2351 1617 legatum
2411 1549 2746 1604 comitante.
2782 1550 2842 1605 Si
2889 1567 3022 1608 vero
3066 1553 3208 1608 nihil
3243 1554 3357 1609 tale
3391 1555 3747 1611 monendum

2091 1641 2380 1708 suppetat,
2404 1643 2632 1710 oportet
2663 1639 3040 1697 nihilominus
3073 1649 3266 1699 tamen
3292 1647 3628 1716 praafectum
3649 1645 3746 1700 Ni-

2091 1725 2294 1782 sibinas
2331 1742 2462 1781 cum
2495 1727 2729 1783 cohorte
2761 1745 3000 1785 suorum
3025 1748 3159 1786 eum
3191 1733 3479 1801 comitari,
3530 1735 3747 1790 Roma-

2092 1816 2299 1887 nisque
2331 1815 2583 1887 legatum
2614 1822 2672 1872 et
2701 1818 2827 1888 ejus
2858 1820 3100 1876 comites
3132 1822 3568 1892 excipientibus,
3596 1828 3747 1881 retro

2091 1905 2150 1960 in
2183 1907 2323 1961 locis
2355 1905 2630 1961 dictionis
2683 1908 2929 1964 Persicas
2981 1926 3112 1964 cum
3145 1909 3319 1982 globo
3351 1928 3454 1967 suo
3487 1929 3744 1982 manere,

2095 1997 2407 2064 solumque
2423 1994 2675 2067 legatum
2697 2013 2827 2051 cum
2843 1999 3125 2054 comitatu
3146 2017 3252 2054 suo
3273 2000 3328 2055 in
3348 2001 3547 2057 urbem
3565 2002 3744 2059 Daras

2096 2082 2322 2152 ingredi
2372 2087 2428 2138 et
2471 2100 2504 2138 a
2545 2085 2758 2139 nostris
2797 2086 2875 2140 ibi
2908 2087 3153 2158 dignum
3209 2090 3431 2144 cultum
3464 2091 3742 2162 accipere.

2097 2170 2254 2225 Darsa
2287 2171 2537 2242 praefecti
2571 2173 2722 2227 inter
2753 2173 2874 2228 hac
2907 2175 3062 2245 vigili
3095 2192 3235 2232 cura
3265 2177 3746 2248 circumspiciant

2096 2249 2470 2332 caveantque,
2505 2277 2575 2316 ne
2605 2262 2715 2316 sub
2748 2269 3026 2334 praetextu
3058 2264 3228 2336 legati
3261 2265 3575 2322 multitudo
3607 2273 3744 2321 Per-

2097 2366 2292 2405 sarum
2326 2350 2501 2405 simul
2531 2350 2595 2406 in
2625 2351 2827 2406 urbem
2862 2352 3059 2420 intret,
3083 2357 3184 2407 aut
3206 2370 3304 2425 per
3328 2363 3516 2424 partes
3547 2355 3746 2410 subse-

2096 2444 2328 2510 quatur,
2362 2443 2418 2494 et
2465 2456 2544 2495 snc
2583 2440 2722 2495 urbe
2758 2440 3075 2510 potiantur.
3119 2442 3285 2496 Hunc
3330 2443 3520 2513 itaque
3551 2444 3745 2500 locum

2094 2527 2404 2599 diligenter
2433 2527 2794 2600 solliciteque
2828 2531 3200 2586 meminerint
3231 2532 3504 2601 praefecti,
3553 2533 3746 2588 obser-

2094 2622 2344 2688 ventque
2388 2618 2587 2673 Persas
2648 2623 2864 2675 attento
2915 2619 3102 2687 oculo,
3145 2620 3612 2690 dissimulanter,
3683 2626 3747 2676 ut

2094 2705 2150 2761 id
2185 2707 2341 2778 egeri
2368 2707 2440 2762 ab
2474 2707 2613 2778 ipsis
2644 2724 2760 2763 non
2809 2709 3342 2779 deprehendantur.
3385 2709 3580 2766 Ducici
3614 2711 3747 2782 [hoc

2094 2800 2178 2851 est
2208 2795 2473 2851 homines
2507 2796 2575 2850 ad
2609 2796 2868 2854 ofﬁcium
2895 2798 3108 2852 ducum
3145 2797 3374 2853 illorum
3397 2799 3743 2865 thematum,

2093 2901 2196 2957 per
2216 2901 2343 2956 quae
2375 2887 2650 2955 trajectus
2683 2886 2765 2955 ﬁt,
2791 2886 3168 2958 pertinentes]
3197 2887 3494 2958 impensas
3516 2887 3746 2944 itineris

2091 2974 2162 3028 ad
2196 2973 2347 3029 hanc
2379 2990 2566 3044 usque
2596 2974 2808 3030 Urbem
2844 2981 3156 3048 augustam
3189 2977 3247 3031 in
3281 2982 3514 3032 centum
3545 2986 3598 3033 et
3627 2981 3746 3032 tres

2090 3062 2214 3117 dies
2246 3067 2539 3133 praestant.
2574 3064 2684 3118 Tot
2725 3064 2880 3118 enim
2914 3066 2983 3119 ab
3017 3065 3182 3121 initio
3214 3066 3411 3120 statim
3445 3072 3503 3121 et
3533 3067 3660 3136 jam
3714 3083 3748 3120 a

2091 3147 2262 3222 longo
2310 3155 2563 3221 tempore
2599 3153 2798 3207 statuti
2839 3153 3076 3208 fuerunt
3108 3158 3163 3209 et
3204 3153 3474 3224 imputati
3507 3155 3633 3209 dies
3661 3155 3742 3210 le-

321 3235 419 3290 καὶ
451 3231 694 3303 δέξασθαι
725 3233 883 3290 αὐτὸν
935 3232 1022 3289 διὰ
1067 3250 1217 3297 τινος
1265 3239 1373 3289 τῶν
1415 3234 1858 3307 εύϋπολήμπτων
1892 3233 1979 3290 ἐπὶ

2089 3243 2245 3311 gato,
2269 3244 2389 3295 tam
2413 3240 2573 3295 illinc
2597 3240 2730 3306 huc,
2755 3258 2932 3312 quam
2958 3243 3092 3298 hinc
3111 3242 3246 3297 illuc
3273 3241 3548 3298 tendenti.
3575 3245 3750 3298 Inter-

321 3300 594 3379 Γαλατίαν
654 3325 744 3379 καὶ
803 3320 1186 3379 Καππαδοκίαν
1237 3323 1324 3378 καὶ
1380 3325 1591 3399 θρέψαι·
1646 3300 1871 3397 -όμοίως
1920 3323 1978 3379 δὲ

2089 3300 2242 3384 dum
2260 3334 2455 3385 tamen
2479 3345 2668 3386 moras
2700 3300 2756 3385 in
2773 3300 2870 3387 via
2892 3331 3076 3386 trahit
3104 3339 3158 3387 et
3191 3331 3324 3403 plus
3342 3331 3623 3399 temporis
3643 3333 3722 3386 im
3743 3363 3751 3374 -

315 3411 532 3487 πέμψαι
580 3412 673 3468 καὶ
721 3411 797 3476 εἰς
849 3413 1076 3469 Νικαιαν
1129 3414 1219 3468 καὶ
1279 3413 1470 3488 θρέψαι
1509 3414 1599 3468 καὶ
1633 3417 1974 3487 θεραπεῦσαι.

319 3506 410 3557 Δεῖ
470 3497 527 3556 δὲ
581 3499 675 3556 καί
728 3501 822 3557 τὸν
881 3501 1203 3576 μάγιστρον,
1262 3501 1567 3577 ἐρχομένου
1628 3503 1797 3558 αὐτοῦ
1853 3504 1976 3578 περὶ

318 3591 680 3666 ’Δντιόχειαν,
728 3590 940 3665 πέμψαι
1011 3591 1394 3666 μαγιστριανὸν
1448 3589 1739 3668 ὀφείλοντα
1803 3593 1977 3647 ἀπαν-

313 3682 478 3751 τῆσαι
526 3681 616 3735 καὶ
671 3679 1008 3745 ἀσπάσασθαι
1063 3679 1248 3747 αὑτὸν,
1296 3678 1386 3736 καὶ
1431 3686 1640 3748 μαθεῖν,
1691 3685 1807 3743 πῶς
1859 3679 1976 3736 δια-

2089 3417 2289 3490 pendit
2313 3435 2326 3448 ο
2351 3419 2612 3491 adeoque
2643 3418 2872 3474 indultu
2906 3420 3276 3491 imperatoris
3307 3421 3560 3486 additur,
3592 3423 3745 3492 quod

2086 3507 2338 3563 excurrit
2380 3507 2797 3578 impensarum.
2846 3509 3003 3566 238
3056 3509 3275 3565 Notitia
3314 3526 3446 3566 vero
3477 3510 3564 3566 vel
3595 3511 3747 3565 ind.-

2088 3595 2255 3652 culus
2285 3596 2342 3651 in
2366 3612 2500 3652 eum
2525 3597 2924 3669 impensarum
2945 3598 3257 3668 deponitur
3278 3600 3663 3655 asservandus
3686 3599 3745 3655 in

2088 3685 2304 3742 scrinio
2336 3686 2742 3743 barbarorum.
2767 3689 3183 3744 Attribuuntur
3211 3688 3402 3763 legato
3424 3691 3745 3746 secundum

1350 3809 1551 3865 JOAN.
1593 3810 1740 3867 JAC.
1783 3810 2046 3867 REISKII
2083 3811 2670 3871 COMMENTARIUS.

385 3935 500 4006 (63)
554 3934 795 4006 Egregie
869 3935 1027 3991 hunc
1087 3934 1281 3991 locum
1343 3933 1601 3990 illustrat
1655 3935 1970 4007 ProcOpius

315 4007 546 4064 Hcescb.
581 4025 638 4064 ο.
669 4008 760 4062 85.

369 4024 546 4063 C2800.
581 4025 638 4064 ι).
669 4024 760 4062 δῖ).

387 4025 788 4148 (gfinsgxmi
817 4077 998 4134 ὕπ’ωοὶ
1032 4093 1136 4150 pro
1166 4074 1492 4131 ἀσυνόπτου.
1526 4077 1716 4150 Nicet.
1753 4094 1808 4148 p.
1845 4079 1967 4133 179.

309 4149 429 4207 vid.
455 4151 795 4222 Theophan.
824 4167 877 4222 p.
911 4149 1292 4222 329,'Cedre_n.
1310 4150 1507 4222 p.673,
1529 4149 1758 4222 Scylitz.
1778 4150 1966 4222 p.826.

310 4221 600 4308 Συμῗανὶς“
621 4217 746 4308 ’ρςο
790 4217 1056 4308 σύνοπτον
1092 4227 1192 4276 aut
1221 4217 1454 4308 ἐμιραξνές
1488 4221 1662 4275 habet
1687 4217 1966 4308 Polybius

310 4292 506 4364 p.158
535 4293 627 4348 ed.
654 4294 831 4364 (ἂι-ου,
854 4297 1168 4364 Nunquam
1203 4292 1323 4364 non
1350 4294 1407 4346 in
1432 4292 1967 4364 compositionibus

312 4360 605 4440 alternam
650 4362 712 4440 Δἐν
764 4369 830 4440 et
875 4360 1208 4440 got—Verba
1239 4361 1327 4416 καί
1357 4360 1645 4440 φυλάττειν
1678 4361 1739 4440 to
1773 4369 1970 4440 σχῆμα

304 4438 472 4490 τοῦτο
507 4437 702 4492 nescio
734 4435 836 4507 qui
882 4437 1096 4491 factum
1131 4441 1192 4490 ut
1225 4435 1462 4506 proréus
1493 4435 1874 4506 praeterierim
1909 4437 1966 4490 in

305 4507 564 4576 Latinis;
611 4507 806 4563 debent
855 4508 1000 4563 hunc
1042 4507 1288 4563 habitum
1318 4507 1481 4577 (cette
1523 4507 1801 4574 habitudo,
1836 4513 1970 4564 cette

307 4582 657 4651 manaeavre)
691 4595 900 4649 semper
929 4586 981 4634 et
1006 4581 1208 4650 ubique
1236 4595 1470 4634 servare.

381 4651 495 4720 (65)
526 4649 701 4706 Mirer
729 4655 816 4706 tot
845 4652 990 4715 dies,
1027 4661 1138 4705 tres
1180 4665 1322 4719 pene
1357 4666 1489 4705 cum
1521 4649 1762 4704 dimidio
1796 4665 1967 4705 men-

310 4737 407 4794 ses
430 4721 600 4793 legati
632 4722 843 4778 Persici
868 4739 966 4794 per
986 4721 1182 4777 Asiam
1208 4721 1489 4794 minorem
1523 4721 1714 4794 itineri
1735 4738 1768 4776 a
1790 4722 1966 4778 Daras

307 4792 445 4848 inde
478 4792 663 4866 usque
701 4795 772 4866 ad
823 4792 1262 4866 Hellespontum
1307 4792 1605 4866 imputari,
1636 4808 1774 4866 cum,
1801 4799 1968 4866 Anna

306 4864 602 4921 Comnena
649 4865 867 4920 scribat
893 4865 1154 4920 Alexiad.
1189 4880 1244 4934 p.
1281 4865 1408 4929 169,
1453 4865 1525 4917 ab
1555 4864 1862 4918 Antiochia
1893 4865 1965 4920 ad

303 4933 555 4992 Nicaeam
586 4935 740 4990 intra
769 4941 895 4990 octo
927 4936 1051 4990 dies
1084 4933 1388 5004 perveniri.
1433 4935 1608 5005 Finge
1648 4935 1704 4987 id
1739 4935 1964 4990 veredis

307 5005 610 5074 dispositis
634 5005 796 5060 nulla
816 5007 1039 5060 dierum
1066 5005 1439 5076 noctiumque
1453 5006 1574 5060 ﬁeri
1592 5006 1802 5076 quiete,
1825 5022 1962 5061 con-

303 5077 532 5132 tinuato
546 5091 741 5130 cursu.
767 5082 1037 5131 Attamen
1058 5076 1383 5131 Busbekius
1403 5077 1528 5130 ΟΡΙί
1553 5080 1622 5130 ad
1647 5077 1960 5145 Amasiam,

301 5164 428 5218 qua:
460 5162 603 5202 sane
643 5147 799 5202 haud
834 5150 1082 5202 multum
1116 5147 1293 5218 abest
1331 5148 1776 5218 Anastasiopoli,
1808 5149 1963 5205 intra

303 5217 568 5276 mensem
599 5235 662 5274 se
719 5218 949 5292 venisse
977 5217 1174 5292 tradit,
1216 5218 1462 5289 epistola
1490 5219 1530 5274 ι.
1581 5219 1754 5276 Debet
1784 5218 1962 5292 igitur

305 5292 447 5346 vitiu
461 5308 514 5346 m
549 5290 766 5346 nostris
789 5289 1046 5346 numeris
1068 5291 1277 5344 inesse.

375 5363 485 5433 (66)
555 5361 663 5418 Ubi
716 5362 930 5420 chartae
981 5361 1385 5434 ad_ba_rbaros
1429 5365 1756 5428 spectantes
1802 5364 1954 5434 jace-

305 5431 445 5489 bant
468 5431 527 5490 et
559 5435 1030 5490 asservabantur.
1075 5431 1354 5488 Latissimi
1386 5435 1641 5487 ambitus
1688 5431 1959 5490 vox'bar-

303 5503 446 5562 bari.
490 5506 702 5561 Graecis
761 5506 1006 5561 vetustis
1058 5503 1426 5575 signiﬁcabat
1465 5519 1669 5558 omnes
1709 5511 1766 5559 et
1804 5505 1957 5570 illos,

303 5578 396 5646 qui
425 5580 620 5634 Graece
658 5595 773 5650 non
823 5579 1216 5650 loquerentur,
1271 5581 1328 5630 et
1366 5575 1460 5642 qui
1507 5575 1686 5629 Graeci
1721 5593 1831 5630 non
1867 5593 1955 5632 es-

306 5653 440 5720 sent
470 5649 798 5720 sanguinis,
847 5648 1080 5705 etiamsi
1111 5648 1304 5720 Greco
1337 5661 1606 5720 sermone
1638 5653 1956 5720 uterentur,
1997 5687 2003 5694 .

305 5722 372 5774 ut
391 5717 758 5777 Macedones.
783 5721 997 5778 Latinis
1021 5719 1271 5775 vetustis
1298 5719 1617 5774 audiebant
1632 5717 1715 5772 sic
1733 5735 1954 5785 omnes,

313 5790 409 5860 qui
444 5790 644 5848 Latine
675 5807 792 5849 non
818 5791 1111 5849 cellarent.
1143 5791 1446 5860 Byzantini
1475 5789 1748 5863 deinceps
1777 5789 1958 5849 Grmci

2079 3936 2164 3991 sic
2221 3935 2282 4012 in
2332 3938 2522 4007 specie
2581 3939 2952 4012 appellabant
3004 3939 3170 3995 initio
3200 3945 3424 4007 Persas,
3477 3943 3742 4012 tempore

2119 4018 2202 4081 ost
2237 4008 2556 4081 Saracenos
2592 4008 2834 4077 {Latini
2881 4012 3167 4081 praecipue
3199 4013 3572 4067 Germanoso.
3606 4008 3738 4068 για.

2121 4078 2291 4154 cript.
2328 4085 2456 4154 post
2489 4080 2838 4154 ATheopban.
2883 4078 2971 4154 —p.r
3002 4083 3126 4136 835.
3186 4083 3506 4154 '[Germani
3565 4085 3739 4140 iidem

2078 4151 2443 4225 acbarbari;
2477 4151 2740 4207 Goldast.
2775 4155 2844 4207 ad
2880 4151 3277 4225 Eginbardfp.
3311 4155 3492 4225 462.]⁸

2152 4221 2264 4293 (67)
2314 4226 2462 4278 Sunt
2511 4225 2638 4293 equi
2683 4221 2948 4279 curribus
2990 4226 3177 4294 juncti
3211 4221 3264 4280 et
3296 4221 3615 4295 praesertim
3651 4225 3736 4280 illi

2078 4293 2343 4367 inusum
2378 4311 2583 4349 cursus
2618 4295 2858 4365 publici,
2892 4293 3209 4365 per’certas
3233 4293 3515 4352 stationes
3547 4297 3741 4367 dispo-

2078 4362 2475 4438 siti,gsempcr
2528 4362 2740 4437 promti
2784 4373 2841 4423 et
2893 4362 3102 4438 parati.
3140 4367 3264 4422 Non
3315 4374 3400 4423 est
3431 4386 3536 4423 vox
3585 4386 3618 4422 a
3647 4362 3738 4424 ile-

2078 4435 2276 4508 ltendo,
2329 4437 2482 4508 quod
2529 4435 2745 4506 putant
2792 4435 3181 4507 grammatici,
3223 4441 3330 4494 sed
3372 4441 3735 4496 Germanica.

2088 4505 2314 4584 Veteres
2338 4505 2635 4584 :Germani
2664 4505 2827 4581 pared
2873 4527 2973 4580 pro
3025 4526 3171 4584 equo
3213 4511 3738 4584 dicebant.,Belgaa

2079 4577 2271 4653 adhuc
2326 4581 2503 4653 Paerd
2560 4577 2785 4644 dicunt,
2831 4577 2936 4637 nos
2980 4577 3149 4650 Pfe'rd
3189 4581 3359 4653 paulo
3408 4577 3734 4638 durius.'A

2080 4648 2384 4708 Germanis
2415 4653 2472 4707 id
2515 4653 2864 4708 vocabulum
2895 4653 2966 4706 ad
2997 4648 3290 4708 Romanos
3321 4654 3650 4721 Thracicos,
3683 4662 3736 4710 et

2077 4721 2351 4796 deinceps
2383 4725 2710 4796 adiArabes
2742 4724 2972 4791 transit,
3005 4725 3105 4795 qui
3136 4724 3308 4778 Barid
3339 4741 3574 4781 cursum
3625 4743 3734 4796 pu-

2077 4791 2301 4868 blicum
2321 4795 2631 4868 appellant.
2653 4796 2728 4868 iln
2761 4797 2933 4865 cujus
2959 4791 3116 4850 vo'cis
3147 4796 3494 4868 etymologia
3531 4791 3735 4868 gram-

2078 4865 2276 4938 _matici
2319 4866 2548 4938 A_rabici
2582 4867 2745 4938 valde
2787 4883 2849 4922 se
2898 4865 3223 4936 macerant,
3266 4865 3453 4938 neque
3496 4865 3730 4924 mirum.

2075 4933 2198 4990 Erit
2245 4937 2316 4991 de
2347 4936 2455 4991 hoc
2501 4938 2569 4990 ad
2606 4937 2949 4993 Abult'edam
2996 4933 3226 4994 dicendi
3271 4933 3454 5004 locus,
3487 4941 3558 4994 ad
3591 4957 3730 4997 ann.

2071 5009 2142 5062 6O
2199 5007 2348 5079 [Chr.
2400 5009 2527 5079 680]
2576 5024 2690 5079 quo
2735 5010 2815 5062 ait
2870 5010 3443 5080 Moaviamfobiisse,
3477 5011 3573 5080 qui
3609 5012 3731 5077 pri-

2076 5078 2208 5153 mus
2238 5079 2389 5153 apud
2439 5078 2655 5153 Arabes
2705 5082 2757 5133 al
2791 5081 2983 5153 Barid.
3034 5079 3094 5134 τὸ
3131 5078 3346 5153 βέρεδον
3386 5079 3422 5148 ἤ
3474 5078 3564 5134 τὸν
3604 5081 3724 5152 ὀξέα

2073 5146 2322 5225 δρόμον,
2348 5151 2689 5225 instituerit,
2730 5163 2896 5225 quem
2933 5146 3161 5207 Muham
3175 5146 3418 5208 medani'
3439 5146 3728 5224 principes

2072 5221 2392 5295 permulta
2422 5222 2652 5289 saecula,
2685 5221 2956 5277 et’adbuc
2997 5225 3209 5279 saeculo
3254 5241 3357 5279 xm
3397 5221 3724 5293 servabant,

2071 5296 2171 5353 sed
2214 5299 2277 5349 ut
2307 5295 2492 5362 regale
2525 5295 2745 5366 privato
2769 5296 2987 5349 nemini
3022 5296 3266 5352 licitum.

2142 5368 2256 5437 (68)
2287 5367 2457 5421 Pacta
2505 5371 2644 5423 sunt
2682 5366 2824 5422 alias
2852 5367 3092 5433 tributa,
3128 5384 3257 5437 quas
3298 5383 3415 5422 una
3462 5383 3606 5438 gens
3639 5367 3724 5423 al-

2069 5439 2176 5493 teri
2207 5454 2273 5493 ex
2320 5443 2484 5507 pacto
2522 5443 2578 5493 et
2607 5439 2872 5493 condicto
2923 5439 3110 5493 debet.
3144 5441 3248 5493 Hic
3279 5444 3416 5493 sunt
3447 5439 3575 5509 ipsa
3627 5442 3725 5495 toc-

2070 5511 2229 5577 dera,
2263 5517 2616 5579 contractus,
2669 5509 3097 5579 stipulationes.
3137 5511 3213 5564 lta
3258 5509 3499 5564 annales
3548 5511 3724 5565 Βετῐὶ-

2071 5581 2232 5635 niani
2283 5583 2346 5634 A.
2397 5582 2504 5635 812
2555 5598 2568 5636 :
2626 5580 2818 5650 Legati
2865 5580 3146 5635 Michaelis
3196 5584 3268 5636 ad
3324 5583 3581 5638 Carolum
3652 5582 3718 5637 Μ.

2067 5653 2227 5706 missi
2271 5652 2610 5722 Aquisgrani
2653 5654 2916 5722 scriptum
2960 5655 3107 5722 pacti
3152 5653 3217 5705 ab
3264 5668 3324 5707 eo
3363 5651 3721 5717 suscipientes

2071 5738 2218 5780 more
2247 5738 2366 5791 suo,
2411 5724 2465 5778 id
2515 5728 2592 5778 est
2626 5723 2825 5794 lingua.
2855 5727 3067 5793 Graeca,
3115 5723 3304 5779 laudes
3356 5724 3409 5778 ei
3437 5723 3712 5777 dixerunt.
