4138 6212
400 398 512 459 731

1461 392 1993 454 CONSTANTINI
2037 391 2735 454 PORPHYROGENITI

3692 390 3807 452 732

399 534 592 589 siones
633 536 689 587 et
718 532 903 603 ipsius
931 534 987 586 et
1017 529 1368 586 famulorum
1397 530 1523 599 ejus
1566 530 1718 600 usui,
1752 535 1807 586 et
1845 532 2034 602 cptio-

2157 526 2287 581 κατὰ
2333 528 2615 581 πιττάκιον
2666 528 2779 600 (78)
2826 530 2924 581 τοῦ
2976 522 3279 601 μαγίστρου
3328 522 3583 595 ἀπολύει,
3621 526 3738 595 ἤτοι
3770 528 3804 582 6

399 638 530 676 nem
565 621 943 676 barbarorum
980 619 1227 687 mittere,
1258 618 1485 691 ipsique
1506 636 1790 691 expensas
1809 633 2044 675 enume-

2149 615 2543 691 σακκελλάριος
2573 620 2670 671 τοῦ
2705 614 2996 691 βασιλέως
3050 608 3161 687 (νῦν
3212 614 3317 689 γὰρ
3366 613 3442 675 εἷς
3487 612 3645 668 αὑτὸν
3674 636 3801 687 μετ-

398 725 523 763 rare
554 709 741 779 legato
774 726 875 780 per
904 708 1066 763 illum
1092 708 1245 763 diem
1279 709 1492 777 diesve,
1516 726 1662 783 quos
1684 708 2043 764 Chalcedone

2157 702 2355 779 ηνέχθη
2408 707 2443 775 ἡ
2504 705 2664 779 χρεία
2694 708 2734 775 .)
2788 706 2855 759 τὰ
2912 702 2970 758 δὲ
3017 698 3319 778 κραϐϐάτια
3360 704 3447 757 xui
3479 702 3679 781 σκύιρια
3705 707 3793 759 καὶ

398 798 800 868 transigendos
815 796 1103 865 habuerit,
1130 798 1509 860 faciendas,et
1528 799 1701 853 simul
1728 814 1828 869 per
1850 798 2041 868 ipsum

2157 795 2405 869 τραπέζια
2458 795 2548 849 xui
2605 789 2862 849 κλιόἇνια
2914 794 3007 847 xui
3065 794 3271 870 χύτρας
3322 793 3350 847 6
3401 788 3648 870 ἔπαρχος
3707 802 3806 862 τῆς

399 889 565 943 xenia
595 905 694 943 seu
741 889 1091 944 munuscula
1124 905 1223 959 pro
1266 888 1429 944 felice
1468 890 1716 944 adventu
1761 888 2043 961 peregrini

397 977 570 1033 amici
602 979 831 1034 mittere
874 997 887 1046 ;
930 980 1029 1033 sed
1066 982 1119 1033 et
1160 979 1408 1044 mittere,
1452 978 1551 1049 qui
1588 995 1710 1047 suo,
1753 978 2037 1049 magistri.

395 1068 629 1123 nomine
655 1067 933 1140 legatum,
966 1067 1399 1137 quamprimum
1444 1067 1757 1139 appulerit,
1798 1068 2047 1123 salutent

318 1176 327 1179 ί
396 1160 454 1210 et
483 1156 855 1228 interrogent,
880 1156 1170 1228 quomodo
1193 1156 1509 1225 advenerit,
1533 1162 1589 1212 et
1621 1173 1757 1211 num
1780 1157 2051 1227 aegrimo-

399 1245 557 1301 niam
605 1246 959 1314 injuriamve
1008 1251 1064 1302 et
1110 1247 1546 1301 incommodum
1599 1263 1803 1317 passus
1853 1247 2046 1302 fuerit.

400 1335 608 1401 Verbo,
641 1336 806 1390 decet
839 1336 1177 1407 magistrum
1212 1352 1313 1406 pro
1341 1336 1489 1390 virili
1526 1352 1633 1391 sua
1663 1336 1851 1407 legato
1883 1342 2051 1409 grata

398 1424 593 1480 omnia
618 1430 673 1479 et
705 1424 890 1481 amica
912 1425 1103 1480 ofﬁcia
1134 1429 1426 1495 praestare.
1465 1429 1594 1496 Ipsa
1624 1427 1683 1481 in
1712 1427 1854 1482 urbe
1885 1443 2051 1497 opor-

400 1518 480 1571 tet
518 1518 797 1569 metatum
840 1530 940 1569 seu
998 1515 1362 1569 mansionem
1412 1516 1538 1584 ejus
1583 1516 1821 1587 dignam
1864 1516 2050 1587 ipsius

400 1620 649 1673 persona
676 1608 733 1659 et
764 1603 1149 1673 multitudini,
1169 1620 1345 1675 quam
1370 1621 1561 1659 secum
1588 1605 1784 1675 trahit,
1815 1620 2050 1661 accom-

404 1694 702 1749 modatam
763 1695 1089 1763 praeparari,
1142 1694 1199 1748 in
1240 1710 1357 1765 qua
1387 1698 1595 1765 praesto
1628 1695 1744 1749 sint
1782 1693 2049 1767 grabbati

401 1798 500 1837 seu
536 1781 688 1847 lecti,
721 1786 777 1837 et
807 1787 1083 1838 stromata
1116 1799 1217 1839 seu
1259 1782 1548 1854 stragulae,
1592 1787 1649 1838 et
1688 1783 1903 1838 clibani
1948 1798 2048 1838 seu

402 1870 577 1938 furni,
614 1880 666 1926 et
696 1872 869 1926 arulas
923 1887 1023 1927 seu
1068 1872 1257 1940 foculi,
1300 1877 1356 1928 et
1404 1888 1616 1927 mensa:
1646 1877 1703 1928 et
1750 1889 1935 1943 operis
1977 1873 2051 1927 ad

2150 883 2365 945 πόλεως
2422 882 2674 953 ἀπολύει,
2733 881 2899 937 πάλιν
2955 884 3092 937 κατᾶ
3155 883 3440 937 πιττάκιον
3487 887 3586 936 τοῦ
3640 883 3804 958 μαγῖ-

2153 994 2334 1048 στρου.
2368 974 2477 1034 Τὰς
2508 971 2564 1027 δὲ
2596 971 2870 1047 ἆρούλλας
2905 974 2956 1027 οἱ
2985 978 3093 1027 τῶν
3133 966 3412 1051 φαόρὶκων
3452 974 3495 1008 ¹⁴
3528 972 3808 1046 παρέχου-

2153 1084 2232 1117 σιν
2274 1064 2407 1135 (79).
2459 1063 2855 1134 Ἀπονὲμονται
2918 1058 2975 1116 δὲ
3024 1061 3173 1133 αὐτῷ
3206 1062 3353 1135 παρᾶ
3397 1064 3494 1115 τοῦ
3554 1060 3802 1136 ἐπάρχου

2151 1152 2241 1206 καὶ
2274 1149 2463 1224 ὄπερες
2487 1149 2546 1205 ἐκ
2573 1151 2681 1207 τῶν
2718 1148 3034 1219 καπηλείων
3232 1149 3333 1206 Καὶ
3382 1146 3466 1204 δεῖ
3512 1150 3575 1203 τὸ
3635 1148 3809 1223 βαλα-

2154 1244 2293 1295 νεῖον
2353 1244 2449 1294 τοῦ
2506 1237 2663 1294 οἴκου
2721 1237 2927 1293 ἐκείνου
2978 1240 3113 1310 (81),
3174 1236 3228 1292 ἐν
3285 1238 3330 1308 ᾧ
3384 1235 3576 1310 μέλλει
3610 1239 3799 1310 οἰκεῖν,

2156 1330 2566 1403 ἑτοιμασθῆναι,
2597 1326 2633 1397 ἤ
2664 1329 2727 1384 τὸ
2758 1327 2993 1397 πλησίον
3026 1328 3211 1395 αὐτοῦ,
3244 1328 3356 1394 ἳνα,
3391 1326 3480 1382 ὅτε
3528 1328 3809 1402 βούλεται,

2155 1420 2243 1474 xui
2289 1419 2450 1481 αὐτὸς
2495 1419 2584 1473 xui
2654 1418 2704 1472 οἱ
2776 1418 2890 1489 μετ’
2937 1416 3100 1472 αὐτοῦ
3152 1414 3433 1484 λούονται,
3483 1416 3573 1471 καὶ
3629 1416 3816 1481 αὐτοῖς

2161 1508 2350 1580 μόνοις
2380 1506 2641 1584 σχολάζει
2669 1506 2731 1560 τὸ
2784 1505 3089 1581 βαλανεῖον.
3139 1505 3239 1561 Καὶ
3283 1504 3410 1560 ἐπὰν
3439 1504 3807 1579 καταπλεύσῃ,

2158 1593 2241 1651 δεῖ
2266 1599 2356 1651 τὸν
2391 1597 2688 1671 μάγιστρον
2719 1597 2929 1669 πέμψαι
2979 1592 3301 1669 βασιλικοὺς
3338 1594 3562 1657 ἳππους⁴
3596 1593 3811 1667 (δίδωσι

2157 1687 2213 1743 δὲ
2260 1688 2455 1750 αὐτοὺς
2504 1690 2532 1743 6
2582 1689 2876 1760 σπαθάριος
2925 1692 3020 1741 τοῦ
3073 1686 3389 1762 βασιλέως)
3435 1685 3527 1742 xui
3560 1683 3809 1762 δέχονται

2156 1778 2316 1834 αὐτὸν
2376 1777 2434 1833 ἐκ
2491 1778 2596 1833 τῶν
2655 1774 2965 1852 δρομόνων,
3021 1778 3111 1830 xui
3169 1776 3534 1855 ἀποφέρουσιν
3592 1776 3670 1839 εἰς
3717 1777 3809 1832 τὸν

2157 1867 2301 1923 οἷκον
2364 1868 2551 1924 αὐτοῦ.
2612 1866 2713 1923 Καὶ
2774 1865 2929 1928 εὐθὺς
3005 1864 3210 1937 πέμπει
3272 1866 3300 1920 6
3365 1867 3660 1940 μάγιστρος
3714 1867 3806 1921 xui

400 1976 610 2028 aquam
646 1962 1035 2030 aggerendam
1069 1966 1125 2016 et
1142 1962 1254 2017 alia
1288 1962 1853 2031 praestandasordida
1882 1963 2048 2017 mini-

2157 1959 2446 2029 ἀσπάζεται
2491 1957 2677 2023 αὐτὸν,
2724 1957 2813 2011 καὶ
2860 1954 3028 2011 πάλιν
3068 1955 3242 2031 ἐρωτᾷ
3290 1956 3476 2027 αὐτὸν,
3525 1962 3645 2019 πῶς
3693 1953 3805 2011 διε-

398 2048 589 2103 steria.
624 2049 925 2113 Stragulas
956 2050 1185 2120 quidem
1220 2050 1359 2105 olim
1392 2052 1727 2105 extradebat
1743 2055 1799 2106 et
1823 2056 2050 2121 praesta-

400 2137 497 2191 bat
526 2152 722 2192 comes
754 2140 1107 2207 privatorum
1140 2140 1210 2193 ad
1246 2139 1507 2203 magistri
1553 2141 1895 2195 mandatum
1931 2141 2050 2212 pit-

402 2224 526 2280 acio
577 2225 666 2279 vel
717 2225 999 2281 schedula
1055 2227 1167 2282 sibi
1219 2228 1541 2283 exhibenda
1605 2229 2043 2301 perscriptum:

401 2329 559 2369 nunc
590 2314 867 2369 translata
898 2320 987 2371 est
1020 2316 1135 2370 bsic
1166 2333 1305 2371 cura
1338 2316 1396 2372 in
1428 2317 1829 2373 saccellarium
1862 2319 2046 2390 impe-

396 2403 623 2458 ratoris.
660 2404 861 2460 Lectos
892 2410 1083 2460 autem
1116 2412 1171 2461 et
1201 2407 1449 2479 scyphos
1482 2412 1538 2462 et
1569 2425 1801 2463 mensas
1831 2414 1887 2464 et
1916 2410 2047 2464 fur-

396 2508 501 2548 nos
530 2501 581 2548 et
621 2492 766 2549 ollas
799 2495 1102 2563 praefectus
1136 2496 1296 2551 urbis
1330 2501 1578 2567 praestat,
1604 2503 1659 2551 et
1684 2498 1802 2567 ipse
1825 2514 2050 2570 quoque

392 2582 463 2636 ad
509 2582 813 2650 pittacium
860 2585 1140 2653 magistri.
1178 2589 1354 2640 Focos
1385 2593 1571 2639 autem
1607 2591 1884 2655 praestant
1916 2604 2051 2655 prae-

394 2668 527 2723 fecti
570 2668 920 2723 fabricarum
964 2672 1283 2742 [armorum
1346 2673 1705 2742 publicarum
1747 2690 1950 2745 nempe
1996 2680 2053 2731 et

394 2772 700 2827 operarum
767 2757 1108 2831 fabrilium].
1170 2761 1323 2816 234
1378 2761 1687 2816 Praefectus
1740 2763 1899 2820 urbis
1938 2765 2048 2836 ipsi

397 2860 648 2916 quoque,
672 2844 862 2916 legato
896 2850 1053 2915 puta,
1091 2865 1298 2920 operas
1324 2866 1354 2904 e
1375 2849 1628 2906 tabernis
1656 2851 1741 2906 vel
1774 2854 2052 2925 cauponis

398 2932 630 2989 sufficit.
664 2933 848 2988 Etiam
871 2933 1142 2991 balneum
1167 2935 1325 2991 illius
1359 2938 1589 3006 domus,
1615 2955 1789 3011 quam
1818 2939 2054 2996 inhabi-

397 3023 543 3079 tabit
566 3023 806 3094 legatus,
832 3031 931 3078 aut
954 3024 1159 3081 saltem
1183 3026 1404 3092 vicinae,
1429 3034 1694 3098 paratum
1715 3045 1842 3085 esse
1860 3030 2048 3096 debet,

399 3130 513 3185 quo
541 3119 598 3168 et
629 3114 771 3183 ipse,
805 3117 1269 3188 quandocunque
1307 3117 1562 3188 libuerit,
1597 3125 1654 3176 et
1682 3121 1805 3191 ejus
1846 3121 2048 3178 famuli

2158 2050 2327 2119 σώθη.
2386 2047 2597 2119 Ηὲμπει
2658 2043 2714 2101 δὶ
2768 2047 2918 2118 αὐτῷ
2985 2045 3076 2101 καὶ
3127 2046 3265 2116 ξένια
3322 2043 3409 2100 διὰ
3462 2050 3558 2101 τοῦ
3617 2046 3814 2101 ὀπτὶο-

2155 2160 2266 2208 νος,
2342 2137 2373 2191 ἃ
2450 2135 2726 2212 βούλεται·
2793 2136 2870 2198 ὡς
2915 2134 3005 2191 ἐπὶ
3078 2134 3223 2190 πολὺ
3298 2132 3356 2191 δὲ
3420 2136 3512 2191 καὶ
3589 2137 3617 2191 6
3683 2134 3815 2210 πρὲ-

2158 2224 2302 2290 σϐεις
2374 2227 2600 2299 πέμπει,
2674 2227 2764 2281 καὶ
2840 2226 3231 2295 ἀντασπάζεται
3313 2226 3405 2280 τὸν
3486 2224 3811 2303 μάγιστρον.

2160 2319 2256 2373 Kui
2366 2318 2479 2393 χρὴ
2554 2317 2645 2371 τὸν
2724 2317 3020 2390 μάγιστρον
3123 2312 3372 2384 δέξασθαι
3460 2316 3644 2385 ἠπίως
3715 2316 3810 2371 τὸν

2160 2405 2459 2483 ἐρχόμενον
2524 2406 2616 2460 xui
2684 2403 2871 2460 δοῦναι
2946 2402 3329 2478 ἀνταπόκρισιν
3396 2400 3663 2478 ἁρμοδῖαν
3732 2408 3813 2475 τῷ

2160 2496 2451 2568 ἀσπασμῷ.
2500 2493 2677 2565 Δηλοῖ
2726 2491 2783 2549 δὲ
2830 2493 2976 2564 αὐτῴ
3025 2490 3114 2548 διὰ
3157 2497 3254 2548 τοῦ
3295 2493 3499 2548 οἰκείου
3529 2494 3816 2567 ἀνθρώπου

2160 2585 2189 2639 6
2240 2582 2559 2658 μάγιστρος,
2606 2584 2688 2637 δτι
2742 2607 2768 2634 α
2801 2583 3129 2652 Ἀνάκτησαι
3177 2582 3394 2651 σαυτὸν,
3442 2582 3535 2636 καὶ
3579 2580 3667 2637 ὅτε
3696 2603 3821 2636 συν⁴

2162 2678 2289 2749 ορᾷς
2356 2674 2490 2745 (82),
2547 2670 2861 2745 ἀσπάζομαί
2930 2691 3007 2729 σε.
3060 2695 3089 2723 ››
3162 2671 3419 2731 Κάκεῖνος
3477 2675 3546 2745 τῇ
3600 2671 3721 2741 ἑξῆς
3782 2672 3818 2739 ἥ

2164 2763 2297 2836 μετὰ
2331 2761 2456 2835 μίαν
2488 2760 2817 2836 προμηνύει,
2869 2760 2960 2815 xui
3010 2760 3230 2836 ἔρχεται
3267 2758 3357 2816 xui
3406 2758 3700 2829 ἀσπάζεται
3731 2760 3820 2814 τὸν

2165 2854 2485 2926 μάγιστρον,
2516 2850 2605 2905 καὶ
2638 2848 2853 2925 δέχεται
2896 2850 3060 2905 αύτὸν
3106 2850 3213 2905 ἀπὸ
3259 2849 3529 2923 στόματος
3561 2851 3693 2923 (83),
3723 2850 3817 2904 καὶ

2162 2941 2337 3015 ἐρωτᾷ
2389 2938 2550 2995 αὐτὸν
2596 2940 2623 2992 6
2682 2940 2980 3015 μάγιστρος
3028 2939 3135 3015 πρὸ
3182 2939 3397 2994 πάντων
3442 2938 3568 3013 περὶ
3615 2945 3717 3007 τῆς
3751 2938 3815 2992 ὗ·-

2160 3030 2308 3105 γείας
2371 3034 2468 3083 τοῦ
2540 3028 2808 3104 βασιλέως
2877 3031 2988 3101 (84)
3046 3027 3235 3097 αὐτοῦ,
3295 3026 3481 3083 ἔπειτα
3534 3027 3625 3082 xui
3691 3028 3816 3101 περὶ

2161 3124 2266 3174 τῶν
2298 3118 2499 3173 τέκνων
2545 3122 2643 3173 τοῦ
2708 3117 2975 3192 βασιλέως
3033 3119 3199 3173 αὐτοῦ
3250 3117 3340 3173 xui
3391 3118 3516 3192 περὶ
3572 3121 3680 3172 τῶν
3712 3116 3815 3191 ἄρα

396 3202 578 3259 lavari
612 3210 851 3275 queant,
882 3210 941 3260 et
966 3206 1235 3263 balneum
1262 3208 1512 3265 habeant
1532 3210 1643 3266 sibi
1669 3210 1804 3267 solis
1827 3212 2048 3283 privum

2165 3209 2377 3285 χόντων
2432 3220 2520 3264 xui
2577 3210 2701 3279 περὶ
2760 3216 2857 3279 τῆς
2921 3208 3087 3264 αὐτοῦ
3145 3208 3234 3261 xui
3294 3211 3391 3263 τοῦ
3441 3206 3599 3262 οἳκου
3649 3204 3815 3262 αἱ)τοῦ

400 3298 459 3349 et
490 3310 719 3350 vacans.
754 3297 1013 3367 Appulso
1053 3298 1124 3352 ad
1168 3297 1307 3354 litus
1350 3300 1511 3355 urbis
1555 3301 1783 3356 obviam
1828 3302 2048 3356 mittere

2168 3284 2365 3374 ὑγείας,
2399 3299 2487 3353 καὶ
2516 3303 2635 3361 πῶς
2665 3297 2823 3367 ἦλθε,
2881 3300 2956 3372 μή
3004 3297 3057 3353 τί
3104 3318 3235 3353 ποτε
3273 3296 3324 3353 ἐν
3374 3300 3444 3371 τῇ
3496 3294 3609 3369 ὁδῷ
3639 3296 3819 3352 ὲσιάν-

1742 3397 1985 3454 VARl/E
2025 3398 2334 3455 LECTION
2342 3398 2444 3454 ES.

472 3488 517 3522 “
550 3489 761 3546 ΣΧΟΛ.
791 3494 1020 3564 τεχνῶν.

1422 3593 1624 3651 JOAN.
1664 3594 1811 3651 JAC.
1864 3594 2127 3652 REISKII
2162 3594 2751 3653 COMMENTARIUS.

473 3684 586 3776 (78.)
656 3685 993 3770 '[Pittacium
1071 3691 1157 3743 est
1221 3688 1519 3746 schedula.
1583 3696 1852 3756 Anastas,
1914 3708 2045 3816 pag.

476 3756 550 3816 4.]
627 3755 757 3812 Vid.
797 3759 1044 3814 Salmas.
1088 3760 1160 3815 ad
1198 3761 1317 3816 Scr.
1370 3766 1439 3815 H.
1486 3767 1631 3816 Aug.
1672 3761 1783 3816 t.l.
1835 3779 1889 3816 ο.
1921 3764 1985 3816 91
2033 3806 2045 3816 .

406 3756 576 3834 t_04.]‘
627 3755 757 3812 Vid.
785 3759 1044 3834 ‘Salmas.
1088 3760 1160 3815 ad
1198 3761 1317 3816 Scr.
1370 3766 1439 3815 H.
1486 3767 1631 3834 Aug.
1672 3767 1715 3816 t.
1743 3761 1783 3829 l,
1835 3779 1889 3833 p.
1916 3755 2046 3830 91?,

401 3830 677 3902 Grestser.
731 3829 801 3885 ad
854 3832 1052 3902 Codin.
1106 3834 1333 3902 p.162.
1389 3829 1686 3902 Ιηῐονρῖθι,
1740 3829 2047 3889 ιιᾱῬθιινοζ

402 3901 588 3962 nium.
636 3903 736 3976 Est
774 3920 804 3955 a
843 3900 1013 3967 πὲτιυ,
1052 3900 1257 3973 πετάω,
1315 3900 1586 3976 expando,
1628 3901 1812 3973 πὲταξ,
1856 3904 2049 3976 πεττά-

401 3990 539 4048 κιρν,
573 3973 877 4030 πιττάκιον.
925 3976 1085 4031 Unde
1116 3992 1349 4048 quoque
1382 3973 1546 4032 novis
1595 3976 1807 4032 Graecis
1837 3975 1967 4029 πίτα
1993 3984 2052 4032 et

400 4042 567 4121 πίττα
596 4054 686 4104 est
716 4048 868 4102 idem
893 4057 1075 4121 atque
1108 4042 1375 4118 πλακοῦς,
1411 4050 1686 4120 placenta,
1737 4053 2051 4121 utrumque

404 4132 437 4171 a
468 4117 658 4187 plano,
696 4119 946 4190 repando
977 4117 1033 4173 et
1064 4119 1195 4174 lato.

478 4190 591 4262 (79)
624 4184 990 4265 Fabricenses,
1033 4190 1085 4243 οἱ
1125 4184 1503 4265 φαϐρικήσιοι,
1545 4191 1641 4259 qui
1676 4190 1749 4245 ad
1792 4190 2051 4265 publicas

408 4258 657 4331 fabricas
709 4264 1018 4331 pertinent,
1065 4258 1246 4317 et'in'
1278 4258 1357 4316 iis
1391 4258 1680 4327 laborant,
1719 4258 1819 4317 aut
1876 4264 2050 4319 etiam

407 4330 655 4389 fabricas
697 4330 959 4398 publicas
1009 4333 1247 4386 faciunt.
1287 4333 1436 4388 Sunt
1475 4333 1629 4387 enim
1671 4334 1902 4389 fabricis
1951 4340 2054 4390 aut

402 4400 671 4471 officinis,
696 4404 754 4457 in
786 4403 1001 4474 quibus
1021 4419 1185 4458 arma
1214 4409 1270 4458 et
1301 4403 1415 4459 alia
1443 4403 1579 4459 talia
1610 4405 1840 4475 publica
1880 4423 2056 4469 opera

406 4476 755 4547 confiebant,
808 4475 1163 4544 parabantur
1204 4493 1217 4540 ;
1279 4483 1376 4529 aut
1415 4475 1543 4545 ipsa
1581 4494 1754 4547 opera
1802 4477 2052 4547 publica,

404 4546 669 4619 nidificia.
701 4562 885 4619 arma,
916 4551 1026 4600 etc.
1060 4550 1179 4619 Hoc
1205 4561 1378 4603 sensu
1407 4546 1691 4619 accipitur
1711 4546 1869 4619 apud
1903 4550 2057 4604 Lam-

404 4617 552 4692 prid_.
608 4618 766 4673 Alex.
815 4618 1003 4692 Sever.
1052 4622 1091 4673 t.
1142 4618 1183 4692 ξ,
1229 4618 1551 4692 Scrrllist.
1606 4617 1859 4692 Augipp.
1900 4621 2000 4675 921
2039 4638 2052 4676 :

403 4688 697 4762 uectigalia
720 4689 1046 4745 civitatibus
1083 4688 1153 4744 ad
1179 4690 1438 4761 proprias
1467 4688 1726 4761 fabricas'
1754 4690 2053 4762 deputavit,

406 4760 463 4814 id
496 4768 584 4816 est
617 4763 853 4834 remisit,
890 4765 951 4815 ut
979 4776 1047 4814 ex
1076 4761 1148 4816 iis
1180 4760 1414 4834 possent
1434 4760 1618 4834 cpera
1641 4760 1880 4834 publica
1912 4764 2060 4829 fieri,

406 4833 718 4905 restaurari
788 4838 845 4887 et
900 4832 1237 4905 sustentari.
1298 4832 1460 4889 Conf.
1517 4832 1756 4889 Gnther.
1818 4851 1872 4903 p.
1932 4836 2059 4905 614,

408 4903 670 5030 ﬂagro”.
712 4904 894 4960 Gloss.
937 4904 1199 4969 Cedreni,
1240 4909 1325 4959 Du
1365 4905 1557 4978 Gange
1601 4905 1787 4962 Gloss.
1844 4910 1962 4961 Lat.
2004 4903 2057 4962 νζ

452 4993 486 5030 a
528 4991 682 5030 rzcae.

452 4991 682 5035 αονισέε.

478 5049 589 5118 (80)
649 5048 793 5103 Puto
842 5042 1121 5120 καπηλεῖα
1171 5061 1299 5120 esse
1343 5046 1597 5120 hospitia
1657 5047 1912 5117 publica,
1967 5052 2058 5103 ta-

406 5117 619 5174 bernas
650 5121 783 5175 vino
815 5123 871 5172 et
901 5117 1033 5189 aliis
1065 5117 1390 5189 liquoribus
1411 5117 1751 5175 vendendis.
1778 5120 2059 5184 Qualibus

406 5190 465 5245 in
499 5192 722 5246 tedibus
755 5206 889 5245 cum
923 5188 1101 5245 multa
1130 5188 1248 5244 aint
1272 5193 1515 5260 agenda,
1550 5190 1751 5247 multis
1783 5208 1932 5259 opus
1961 5193 2054 5259 sit,

410 5266 475 5317 ut
500 5262 559 5317 in
594 5261 940 5318 hominuum
974 5262 1319 5333 frequentia.
1354 5262 1641 5319 ministris
1676 5268 1733 5318 ct
1759 5263 2056 5333 vigilibus,

410 5333 581 5390 credo
636 5334 1008 5390 consuevisse
1066 5350 1098 5388 a
1151 5335 1499 5390 terbanuriis
1564 5350 1594 5390 e
1654 5336 1929 5402 ‘praztorio
1985 5335 2056 5388 ad

413 5405 655 5461 diurnos
690 5423 832 5460 usus
863 5408 1076 5476 petitos
1108 5406 1291 5461 fuisse
1326 5422 1425 5475 pro
1457 5407 1720 5461 mercede
1749 5404 1805 5457 in
1850 5404 2057 5459 fiscum

410 5477 717 5532 inferenda
735 5480 990 5548 captivos
1013 5476 1333 5533 Saracenos
1354 5483 1410 5532 et
1427 5477 1591 5538 alios,
1616 5476 2059 5548 ad_purgaudas

416 5548 567 5603 aedes
591 5545 822 5619 aliaque
835 5549 1065 5604 sordida
1084 5549 1405 5619 ministeria
1425 5545 1771 5619 peragenda,
1789 5551 2062 5619 quemad-

416 5620 657 5675 modum
699 5618 891 5675 a’dhuc
930 5619 1103 5673 hodie
1142 5618 1269 5674 CPli
1307 5618 1516 5688 captivi
1554 5618 1864 5674 Christiani
1900 5635 1931 5674 e
1971 5636 2059 5675 se-

413 5696 572 5763 ptem
603 5692 687 5747 sic
717 5691 890 5763 dictis
922 5690 1176 5744 turribus
1218 5688 1436 5761 petenti
1468 5690 1674 5763 cuique
1713 5691 1782 5745 ad
1818 5690 2061 5747 diurnas

412 5762 618 5835 cperas
658 5762 1098 5834 permittuntur,
1152 5777 1259 5831 pro
1302 5762 1567 5817 mercede
1604 5764 1842 5831 statuta,
1884 5778 2060 5834 quam

2158 3690 2369 3761 captivi
2410 3690 2523 3762 ipsi
2556 3691 2803 3761 pendere
2833 3706 2941 3747 suo
2969 3690 3197 3746 custodi
3240 3694 3297 3745 et
3334 3690 3538 3745 erat-io
3578 3687 3810 3762 publico

2158 3760 2389 3829 debent,
2422 3760 2530 3816 sub
2555 3760 2853 3833 vesperam
2886 3762 3131 3816 vinculis
3162 3762 3526 3817 restituendi.
3564 3762 3726 3833 Idem
3753 3760 3816 3815 in

2159 3834 2522 3905 nostratibus
2553 3831 2786 3905 quoque
2820 3833 3144 3904 majoribus
3187 3834 3432 3905 urbibus
3460 3833 3594 3905 fieri
3644 3831 3816 3897 solet,

2159 3904 2259 3960 ubi
2293 3904 2537 3960 malefici
2566 3904 2960 3972 asservantur,
3005 3905 3237 3959 aeternis
3280 3904 3527 3960 vinculis
3565 3910 3620 3958 et
3660 3909 3819 3959 stru-

2160 3980 2341 4102 gtuit'is
2372 3976 2743 4059 castellorum
2775 3976 3141 4047 aliorumque
3173 3975 3540 4048 publicorum
3574 3990 3817 4047 operum

2201 4064 2263 4102 es
2295 4058 2456 4102 inati.

2201 4048 2456 4102 estinati.

2234 4116 2343 4190 (81)
2383 4118 2589 4174 Adhuc
2631 4120 2799 4173 hodie
2839 4118 2969 4174 CPli
3010 4124 3149 4174 sunt
3189 4122 3391 4189 praeter
3430 4118 3668 4173 balneas
3710 4134 3819 4189 pu-

2162 4189 2346 4246 blicas
2368 4192 2539 4246 etiam
2561 4191 2617 4245 in
2641 4191 2866 4245 aedibus
2892 4192 3201 4246 lautiorum
3227 4190 3531 4246 hominum
3558 4191 3815 4259 privatas,

2162 4263 2294 4325 quia
2342 4268 2398 4317 et
2446 4262 2506 4317 in
2561 4262 2808 4333 publicis
2859 4264 3079 4333 σαπρῶς
3131 4259 3372 4327 λούεται,
3426 4266 3491 4317 ut
3540 4264 3685 4316 scite
3739 4259 3820 4314 ait

2160 4333 2457 4404 Epictetus
2487 4334 2640 4404 apud
2675 4334 3011 4400 Arrianum,
3036 4338 3093 4389 et
3121 4334 3294 4389 aliam
3328 4348 3554 4402 quoque
3584 4333 3657 4388 ob
3689 4347 3820 4404 eau-

2162 4403 2309 4469 sam,
2343 4404 2415 4460 ob
2445 4403 2620 4476 quam
2645 4405 2849 4460 nolunt
2870 4405 3061 4460 mariti
3088 4421 3292 4460 uxores
3316 4420 3455 4459 suas
3481 4405 3553 4458 ad
3584 4403 3817 4476 publica

2162 4475 2389 4530 lavacra
2419 4473 2765 4530 commeare.
2837 4477 3053 4532 Tutum
3119 4476 3277 4532 enim
3346 4493 3462 4531 non
3529 4473 3639 4545 est,
3708 4473 3819 4541 Qui

2089 4553 2132 4618 ι)
2165 4548 2313 4618 scire
2343 4548 2523 4615 cupit,
2555 4546 2727 4602 adeat
2758 4548 3029 4604 Busbekii
3061 4548 3361 4618 epistolam
3396 4546 3645 4603 tertiam.

2235 4617 2363 4689 (82)
2440 4618 2680 4681 Quando
2737 4618 2913 4688 voles,
2969 4616 3204 4689 quando
3267 4619 3651 4689 commodum
3710 4616 3819 4671 tibi

2167 4687 2359 4762 fuerit,
2392 4690 2627 4762 quando
2656 4690 2939 4747 censebis.
2971 4687 3207 4761 Proprie
3237 4690 3483 4762 quidem,
3509 4693 3599 4762 est
3638 4687 3819 4762 idem,

2167 4760 2323 4832 quod
2361 4758 2523 4830 alter,
2567 4761 2781 4826 videre,
2821 4758 3101 4818 censeref
3122 4763 3230 4819 Sed
3255 4758 3271 4762 ⁷
3296 4761 3389 4817 hic
3430 4760 3611 4817 nihilo
3660 4758 3817 4832 plus,

2166 4848 2341 4903 quam
2372 4832 2620 4905 simplex
2650 4832 2777 4906 ὁρᾷν
2815 4838 2996 4906 notat.
3029 4835 3198 4906 Amat
3228 4834 3289 4906 in
3341 4847 3621 4906 novorum
3661 4832 3818 4906 Grae-

2166 4902 2365 4959 corum
2399 4902 2799 4961 sermone'oov
2838 4905 2898 4960 in
2941 4904 3275 4974 compositis
3314 4904 3655 4960 redundare.
3697 4902 3819 4959 Imo

2166 4978 2389 5048 συνορᾷν
2419 4976 2541 5047 jam
2576 4976 2725 5048 Lyco
2750 4976 3133 5048 phiIOSOphus
3165 4975 3310 5031 dixit
3327 4977 3480 5048 apud
3506 4976 3818 5048 Diogenem

2168 5046 2357 5104 Laert.
2394 5046 2448 5118 p.
2479 5046 2692 5114 306,8.
2727 5046 3203 5104 Veteres'tamen
3243 5046 3476 5100 συνιδεῖν
3529 5046 3821 5118 malebant

2165 5135 2351 5245 quiilirril
2384 5116 2629 5245 σιὶνορᾷν.
2669 5119 2835 5245 gout
2877 5119 3211 5192 Theophan.
3258 5135 3315 5191 p.
3354 5119 3483 5189 269,
3531 5117 3659 5187 301,
3703 5116 3821 5173 No-

2165 5206 2229 5245 ve
2279 5230 2293 5244 .
2360 5207 2428 5245 us
2460 5206 2537 5245 in.
2574 5208 2629 5245 n.
2740 5234 2752 5245 .

2164 5206 2537 5263 VBIILJIJBLID.
2574 5208 2629 5263 p.
2669 5206 2752 5245 lz.

2237 5261 2345 5335 (83)
2371 5263 2534 5335 idem
2562 5258 2740 5335 _'quod
2779 5265 2999 5335 veteres
3035 5259 3147 5335 pini:
3181 5258 3463 5335 γλώσσης,
3510 5259 3691 5335 να·ρῂ
3729 5273 3821 5335 ore

2160 5329 2407 5410 prctatis
2450 5350 2463 5398 ;
2512 5329 2765 5410 ᾅέχεσθαι
2807 5332 2914 5387 ἀπὸ
2954 5329 3245 5410 στόματοξ,
3288 5329 3535 5410 aliquem
3580 5330 3822 5410 alt_oq_ui9

2164 5400 2251 5458 vel
2282 5400 2912 5487 cqlloquio'prarseiitem
2945 5400 3212 5487 excipere,
3232 5400 3240 5403 ⁷
3262 5400 3581 5487 opponi-tur
3607 5400 3820 5487 «sane

2166 5479 2381 5559 γραφῆς
2435 5476 2522 5560 vel
2570 5476 2878 5548 μηνύσεως,
2924 5493 3048 5532 cum
3086 5478 3268 5548 aliqua
3306 5476 3416 5560 per
3466 5476 3682 5559 litteras
3719 5477 3821 5528 aut

2166 5552 2578 5620 internuntium
2621 5564 2803 5620 agerc.
2848 5548 2983 5604 Ἀπὸ
3040 5544 3237 5615 λέξεως
3274 5548 3421 5604 dixit
3467 5546 3821 5619 Nicephorus

2166 5564 2578 5604 internuntium
2621 5564 2803 5620 agerc.
2850 5564 2903 5604 Ἀ

2165 5618 2594 5702 Βεεγὲξιξ-..ῌίεε-
2630 5637 2685 5702 ρς
2726 5620 2903 5702 19:3-

2240 5692 2349 5762 (84)
2384 5691 2511 5747 Vid.
2545 5690 2710 5747 Cant.
2743 5690 3002 5763 Theopb.
3036 5707 3091 5763 p.
3124 5691 3214 5745 60.
