4138 6212
345 440 462 506 733

1184 440 1287 498 DE
1331 437 1786 500 CERIMONIIS
1829 439 2065 501 AUL/E
2110 442 2584 506 BYZANTINE
2626 447 2781 506 LIB.
2827 447 2877 505 Ι.

3635 447 3754 506 Ἶ34

339 577 428 647 θη,
477 573 551 648 μή
603 574 657 628 τί
689 593 821 628 ποτε
877 569 1237 647 παρελείφθη,
1279 571 1369 624 καὶ
1433 569 1583 644 λέγει
1633 568 1713 624 ὅτι
1773 593 1801 622 ι(
1853 572 1996 626 Ἐκε-

2111 576 2281 633 debet
2313 580 2588 651 magister
2627 579 2955 650 imperiales
2986 593 3192 649 equos,
3226 593 3372 649 quos
3417 579 3751 648 spatbarius

345 665 652 738 λεύσθημεν
692 664 839 737 παρά
872 665 970 716 οοῦ
1027 655 1278 721 εὐσεϐοῦς
1310 660 1470 732 ἡμῶν
1509 657 1773 714 δεσπότου
1831 661 1999 715 πάντα

340 755 421 816 εἰς
472 753 755 828 θεραπείαν
806 772 902 805 σου
945 756 1194 818 ποιῆσαν
1246 747 1331 803 ἐὰν
1375 749 1471 802 οὖν
1544 749 1597 802 τί
1637 769 1768 803 ποτε
1830 769 1996 822 παρε-

337 843 561 916 λειφθη,
611 846 771 896 τοῦτο
830 839 1101 912 ἡμέτερόν
1163 836 1304 892 ἐστιν
1371 842 1636 910 πταῖσμα.
1709 839 1810 893 Καὶ
1891 859 2000 891 παι-

341 931 687 1009 ρακαλοῦμεν
741 931 880 1001 ὑμᾶς
930 928 1045 1001 (85)
1090 928 1230 998 μήτε
1297 925 1608 996 λυπηθῆναι
1677 927 1789 1000 (86)
1856 923 1994 998 μηδέ

343 1027 642 1089 σιωπῆσαι,
666 1017 812 1074 ἀλλᾶ
843 1016 1012 1072 εἰπεῖν
1044 1018 1205 1088 ἡμῖν,
1232 1013 1326 1070 ’ἕνα
1357 1013 1649 1089 διόρθωσις
1687 1016 1930 1090 γένηται.
1968 1040 1995 1066 ››

346 1111 743 1185 ΙΙροσκυνοῦσιν
797 1104 855 1162 δὲ
900 1106 990 1160 τὸν
1052 1106 1349 1181 μάγιστρον
1393 1106 1483 1160 καὶ
1543 1107 1594 1160 οἳ
1648 1107 1763 1176 μετ’
1825 1104 1994 1159 αὐτοῦ

337 1201 487 1261 ὅντες
538 1198 756 1267 πάντες,
798 1195 1077 1270 ῥίπτοντες
1107 1193 1328 1254 ἑαυτοὺς
1371 1192 1576 1249 ὲπὶτοῦ
1597 1190 1827 1271 ἐδάφους
1855 1196 1991 1267 (87).

345 1287 443 1346 Καὶ
490 1286 579 1342 ὅτε
617 1283 746 1360 δόξῃ
795 1290 877 1357 τῷ
928 1282 1146 1358 βασιλεῖ
1188 1280 1434 1352 δέξασθαι
1475 1283 1658 1348 αὐτὸν,
1703 1281 1906 1356 πέμπει
1965 1286 1992 1337 ὁ

343 1379 638 1452 μὰγιστρος
701 1375 792 1428 καὶ
850 1370 1019 1442 δηλοῖ
1077 1371 1225 1445 αὖτῷ
1270 1373 1353 1426 ὅτι
1409 1397 1435 1424 ‹‹
1486 1371 1811 1442 ς’Βκέλευσέν
1863 1393 1920 1427 σε
1964 1373 1992 1426 6

343 1464 609 1533 δεσπότης
661 1460 943 1518 εἰσελθεῖν.
1001 1485 1028 1511 n
1081 1463 1201 1536 Χρή
1238 1459 1294 1515 δὲ
1333 1462 1422 1515 καὶ
1472 1461 1564 1516 τὸν
1625 1459 1890 1530 δεσπότην
1942 1459 1994 1516 ἐν

343 1552 683 1624 Χαλκηδόνι,
729 1553 818 1607 καὶ
871 1551 1104 1627 ἐνταῦφα
1154 1550 1459 1626 ἐρχομένου
1523 1550 1716 1622 αὐτοῦ,
1781 1551 1991 1624 πέμψαι

343 1642 687 1717 δηκουρίωνα
754 1642 839 1696 καὶ
901 1639 1238 1704 ἀσπάσασθαι
1312 1639 1470 1695 αὐτὸν
1541 1641 1631 1694 καὶ
1717 1639 1990 1715 ἐρωτῆσαι

337 1735 460 1808 περί
502 1740 603 1802 τῆς
639 1730 819 1806 ὑγείας
857 1733 954 1785 τοῦ
1009 1729 1279 1803 βασιλέως
1327 1730 1517 1800 αὐτοῦ,
1550 1731 1639 1784 καὶ
1671 1735 1790 1794 πῶς
1832 1729 1990 1792 αὐτὸς

339 1821 599 1891 διεσώθη.
639 1821 804 1877 Ἐπὰν
848 1817 906 1874 δὲ
957 1816 1188 1894 δέχηται
1241 1818 1420 1886 αὐτὸν,
1460 1818 1662 1892 πέμπει
1717 1821 1821 1874 ἀπὸ
1893 1820 1991 1893 ὀψὲ

2108 665 2474 734 imperatoris
2507 671 2758 739 prastat.
2793 665 2860 720 Hi
2891 682 3025 720 eum
3059 665 3413 732 comitesque
3457 682 3486 720 e
3532 667 3753 723 dromo-

2108 755 2283 811 nibus
2314 759 2695 813 escendentes
2727 757 3044 828 excipiunt,
3065 761 3120 811 et
3143 758 3379 810 domum
3406 773 3570 811 suam
3595 757 3752 812 dele-

2108 850 2265 900 runt.
2291 845 2412 908 Quo
2445 847 2595 902 facto
2625 846 2900 915 magister
2923 846 3181 916 protinus
3199 861 3329 900 eum
3365 861 3466 916 per
3497 845 3751 917 legatum

2107 933 2342 998 salutat,
2375 940 2433 990 et
2461 938 2652 990 denuo
2685 939 3086 1006 percontatur,
3118 951 3234 1005 qua
3267 933 3490 990 ratione
3513 940 3569 990 et
3599 935 3751 990 satin

2107 1038 2172 1077 ex
2203 1029 2331 1078 voto
2365 1025 2688 1078 conductus
2735 1041 2836 1094 per
2873 1024 3024 1078 viam
3059 1027 3114 1079 et
3146 1025 3260 1078 huc
3293 1023 3521 1078 delatus
3554 1024 3750 1079 fuerit.

2106 1110 2450 1165 Munuscula
2474 1111 2647 1166 simul
2673 1111 3171 1166 beneventationis
3195 1109 3303 1181 ipsi
3336 1127 3434 1180 per
3456 1111 3750 1182 optionem

2106 1198 2302 1268 mittit,
2355 1199 2548 1271 qualia
2596 1200 2894 1272 placuerit.
2949 1203 3025 1254 Ut
3077 1198 3392 1268 plurimum
3454 1216 3586 1254 vero
3624 1199 3749 1271 ipse

2103 1306 2338 1361 quoque
2370 1290 2595 1361 legatus
2621 1308 2722 1362 per
2745 1307 2984 1346 suorum
3017 1291 3328 1361 quemdam
3362 1289 3751 1361 redditmagi-

2101 1383 2220 1433 stro
2240 1378 2608 1434 salutationis
2626 1379 2812 1446 vices;
2835 1395 3004 1450 quem
3031 1378 3319 1450 hospitem
3341 1377 3746 1433 advenientem

2103 1467 2367 1538 magistri
2392 1472 2480 1522 est
2501 1469 2806 1523 commode
2826 1467 3192 1538 benigneque
3210 1467 3748 1538 excipere,respon—

2103 1571 2354 1627 sumque
2387 1555 2727 1611 salutationi
2757 1571 3080 1626 congruum
3115 1556 3374 1610 reddere.
3400 1557 3534 1620 Quae
3557 1563 3746 1611 autem

2105 1645 2380 1717 magister
2426 1644 2614 1716 legato
2665 1661 2767 1715 per
2812 1644 3148 1699 ministrum
3183 1661 3356 1698 suum
3405 1644 3744 1700 familiarem

2104 1733 2352 1804 nuntiat,
2377 1733 2497 1788 haec
2527 1736 2701 1788 ferme
2732 1738 2892 1790 sunt.
2927 1733 3102 1789 Jubet
3143 1733 3332 1804 ipsum
3365 1733 3746 1802 animumque

2099 1827 2156 1878 et
2177 1838 2390 1894 corpus
2422 1824 2538 1878 otio
2572 1829 2628 1878 et
2660 1822 2850 1893 quiete
2882 1823 2954 1878 ab
2987 1823 3211 1877 itineris
3243 1822 3431 1877 taediis
3453 1828 3509 1877 et
3532 1823 3746 1894 fatigiis

337 1913 368 1968 6
423 1912 716 1985 μάγιστρος
775 1902 1168 1963 σουόαδίουϐαν
1201 1909 1248 1944 ¹⁵
1300 1911 1435 1981 (88),
1489 1909 1578 1962 καὶ
1628 1905 1796 1978 δηλοῖ
1841 1910 1990 1981 αὖτῷ

337 1998 365 2012 ..
581 1999 637 2012 η.
694 1995 727 2012 ,ς
847 1995 856 2012 .
1105 1997 1117 2012 .
1205 1998 1232 2012 η
1335 1994 1354 2012 ς
1403 1996 1414 2011 ς
1678 1995 1740 2012 η
1774 2002 1797 2012 ..
1969 1999 1982 2012 .

2107 1927 2358 1966 recreare
2384 1929 2397 1979 ;
2420 1928 2483 1968 se
2506 1914 2697 1984 ipsum
2717 1928 2911 1966 coram
2935 1912 3330 1968 salutaturum
3347 1926 3495 1976 esse,
3513 1911 3742 1981 quando

331 1998 420 2055 ὅτι
481 2023 509 2052 ‹‹
580 1995 891 2054 Έκέλευσέν
967 2017 1022 2051 σε
1098 1997 1126 2051 6
1205 1994 1461 2070 βασιλεὺς
1535 1995 1843 2070 προελθεῖν,
1895 1999 1985 2052 καὶ

328 2087 589 2164 πρόελθε.
637 2109 666 2139 ››
719 2087 824 2141 Καὶ
866 2086 894 2140 6
953 2084 1207 2159 βασιλεὺς
1264 2085 1474 2157 ὁμοίως
1535 2083 1737 2157 πέμπει
1801 2083 1984 2140 δικου-

333 2177 528 2254 ρίωνα,
577 2174 666 2230 καὶ
715 2173 1005 2242 ἀσπάζεται
1065 2175 1253 2243 αὐτὸν,
1308 2173 1397 2227 καὶ
1457 2171 1624 2244 δηλοῖ
1687 2173 1836 2246 αὐτῷ
1901 2176 1985 2228 ὅτι

335 2291 362 2318 ››
398 2267 482 2328 Ti
515 2263 635 2334 ἑξῆς
670 2261 945 2337 δεχόμεθά
996 2283 1073 2332 σε,
1119 2263 1205 2316 καὶ
1255 2261 1511 2336 πρόελθε.
1553 2285 1582 2314 »
1625 2260 1840 2317 Δίδοται
1893 2262 1985 2317 οὖν

342 2351 582 2428 μνδάτα
630 2353 736 2407 ἀπὸ
806 2351 905 2424 ὀψὲ
970 2350 1264 2420 σιλέντιον,
1333 2351 1422 2406 καὶ
1483 2351 1574 2404 τὸν
1651 2347 1983 2425 πρεσϐευτὴν

336 2447 444 2498 τῶν
499 2445 712 2511 Περσῶν
763 2437 1002 2515 δέχεται.
1052 2439 1153 2496 Καὶ
1205 2441 1317 2518 χρὴ
1371 2441 1462 2494 τὸν
1531 2437 1983 2512 ἀδμισσιονάλιον

336 2531 510 2588 ἐλθεῖν
564 2531 652 2585 καὶ
698 2528 968 2606 ἐρωτῆσαι
1001 2528 1094 2584 τὸν
1139 2531 1437 2603 μάγιστρον
1485 2529 1608 2601 περὶ
1658 2534 1766 2584 τῶν
1813 2526 1990 2584 λαϐα-

340 2619 561 2696 ρησίων,
610 2621 699 2674 καὶ
751 2616 960 2673 δίδοται
1023 2615 1287 2691 μανδάτα,
1329 2616 1417 2672 ’ἱνα
1455 2617 1554 2689 ,καὶ
1612 2617 1763 2672 αὐτοὶ
1815 2618 1985 2672 ἀπανο

335 2712 594 2780 τήσωσιν,
659 2708 747 2763 καὶ
818 2705 901 2762 δεῖ
969 2713 1158 2777 στῆναι
1218 2705 1417 2768 αὖτοῦς
1477 2707 1552 2769 εἷς
1591 2706 1719 2769 τοὺς
1784 2707 1987 2769 τόπους

342 2800 527 2872 μύτῶν
563 2800 697 2872 μετά
748 2802 846 2853 τοῦ
915 2799 1185 2871 ἅρματος.
1255 2798 1636 2873 Προέρχονται
1677 2795 1733 2852 δὲ
1789 2798 1987 2860 πάντες

341 2890 393 2945 οἳ
434 2885 695 2963 ἄρχοντες
733 2887 839 2942 ἀπὸ
872 2885 1238 2960 ὁλοσηρίκων,
1279 2886 1368 2940 καὶ
1411 2885 1717 2960 εἰσέρχεται
1759 2888 1788 2941 6
1827 2887 1988 2961 πρέσ-

340 2989 452 3042 θεις
511 2973 599 3030 διὰ
627 2979 730 3041 τῆς
789 2975 988 3050 ῥιγίας,
1028 2975 1119 3028 καὶ
1162 2972 1378 3048 δέχεται
1413 2974 1571 3029 αὐτὸν
1617 2975 1645 3028 6
1697 2973 1990 3050 μάγιστρος

339 3087 394 3122 εν
433 3069 504 3139 τῇ
538 3064 721 3144 σχολῇ
776 3063 961 3132 αὐτοῦ,
996 3063 1085 3118 καὶ
1125 3062 1301 3137 ἐρωτᾷ
1366 3062 1549 3130 αὐτὸν,
1614 3063 1658 3118 εἰ
1693 3065 1830 3138 ξένια
1875 3064 1993 3142 ἔχει

341 3160 440 3210 τοῦ
499 3154 794 3229 βασιλέως,
851 3153 941 3207 καὶ
1011 3155 1122 3227 χρὴ
1195 3151 1353 3207 αὐτὸν
1417 3149 1548 3207 ἰδεῖν
1615 3153 1809 3224 πάντα,
1867 3154 1994 3224 πρὶν

347 3239 686 3308 εἷσέλθωσιν,
753 3240 844 3294 καὶ
911 3235 1096 3295 λαϐεῖν
1163 3240 1262 3307 τήν
1349 3245 1548 3314 γνῶσιν
1624 3239 1819 3296 αὐτῶν.
1897 3239 1992 3296 Καὶ

2098 2001 2427 2072 permiserit
2454 2006 2510 2057 et
2539 2003 2916 2056 commodum
2951 2001 3064 2072 ipsi
3098 2002 3288 2056 fuerit.
3322 2001 3486 2056 Tunc
3516 1999 3744 2072 legatus

2095 2095 2196 2145 aut
2227 2089 2491 2161 proximo
2523 2095 2623 2145 aut.
2653 2091 2821 2145 tertio
2843 2091 2995 2145 diem
3020 2090 3317 2161 signiﬁcat
3348 2090 3627 2160 magistro
3644 2103 3746 2159 per

2097 2180 2466 2250 praemissum
2492 2179 2792 2246 nuntium,
2816 2196 2876 2234 se
2900 2181 2967 2234 ad
3003 2181 3198 2249 ipsum
3222 2183 3555 2247 venturum,
3579 2183 3637 2231 et
3659 2178 3743 2232 sic

2097 2268 2318 2324 accedit
2349 2268 2419 2322 ad
2455 2266 2804 2338 magistrum
2829 2283 3078 2337 eumque
3104 2267 3538 2331 salutat.Quem
3565 2265 3744 2335 magi-

2097 2361 2216 2412 ster
2241 2356 2499 2412 vicissim
2525 2356 3008 2427 presentemjam
3052 2371 3308 2425 praesens
3347 2355 3596 2423 benigno
3627 2351 3743 2408 col-

2097 2445 2295 2517 loquio
2327 2444 2560 2516 excipit.
2594 2444 2770 2515 Cujus
2793 2443 2848 2498 id
2884 2443 3140 2514 primum
3173 2448 3228 2497 et
3260 2443 3616 2513 pracipuum
3648 2458 3742 2496 ar-

2096 2543 2442 2606 gumentum
2467 2538 2647 2600 est,ut
2675 2533 2954 2603 magister
2969 2534 3120 2602 apud
3147 2532 3406 2602 legatum
3438 2535 3742 2602 perconte-

2098 2633 2212 2694 tur,
2247 2627 2538 2699 quomodo
2569 2628 2694 2697 ejus
2723 2627 2995 2698 princeps
3025 2625 3231 2690 valeat,
3258 2625 3388 2680 dein
3412 2625 3550 2696 quid
3575 2628 3755 2695 agant

2097 2716 2265 2772 liberi
2289 2715 2658 2786 principales,
2684 2720 2808 2769 tum
2834 2714 2971 2786 quid
2999 2718 3054 2769 et
3077 2713 3282 2784 quales
3306 2714 3434 2783 ejus
3453 2728 3752 2783 proceres;

2104 2821 2277 2878 porro
2308 2806 2368 2859 in
2422 2803 2636 2876 quibus
2682 2820 2874 2858 rerum
2928 2805 3050 2872 ipse
3096 2802 3326 2873 legatus
3374 2812 3650 2869 versetur,
3701 2806 3760 2856 et

2106 2891 2398 2962 quomodo
2432 2889 2620 2946 valeat
2651 2889 2873 2944 familia
2902 2891 3066 2959 ejus;
3101 2888 3391 2958 quomodo
3425 2888 3535 2942 iter
3560 2887 3757 2946 confe-

2101 2981 2280 3046 cerit;
2326 2995 2467 3033 num
2523 2978 2960 3034 incommodum
3013 2979 3370 3032 damnumve
3427 2976 3754 3048 acceperit;

2105 3085 2241 3123 num
2275 3067 2414 3138 quid
2437 3067 2761 3122 officiorum
2796 3066 2910 3137 ipsi
2941 3066 3268 3122 debitorum
3313 3083 3346 3120 a
3375 3066 3753 3132 nostratibus,

2104 3159 2330 3214 itineris
2379 3157 2713 3223 comitibus,
2750 3159 3228 3228 praetermissum.
3265 3176 3293 3205 «
3345 3155 3462 3210 Nos
3515 3155 3756 3227 quidem
3841 3226 3850 3235 θ

2113 3249 2214 3318 (ita
2245 3247 2416 3301 debet
2438 3247 2709 3314 magister
2733 3261 2830 3300 eos
2854 3261 3080 3300 errores
3111 3245 3410 3315 excusare)
3435 3244 3494 3298 in
3520 3245 3758 3299 manda-

344 3330 654 3404 εἰσέρχεται
700 3329 834 3402 πρὸς
889 3329 979 3383 τὸν
1019 3323 1245 3383 ϐασιλέα
1288 3329 1316 3383 ὁ
1360 3330 1682 3403 μάγιστρος,
1727 3328 1818 3384 καὶ
1863 3329 1994 3384 ἀνα-

2107 3337 2177 3392 tis
2207 3353 2238 3390 a
2259 3335 2351 3406 pio
2387 3340 2583 3390 nostro
2606 3334 2852 3390 Domino
2877 3333 3424 3398 babuimus,omnia
3449 3333 3504 3386 in
3531 3333 3754 3387 cultum

341 3419 492 3497 φέρει
537 3418 684 3490 αὐτῷ
715 3419 781 3472 τὰ
847 3418 969 3492 περῖ
1008 3422 1118 3472 τῶν
1157 3415 1656 3487 ξενίων,ἐπιδὶδωσι
1724 3415 1782 3473 δὲ
1849 3419 1996 3491 αὐτῷ

341 3509 434 3565 καὶ
509 3510 608 3578 τὴν
664 3512 888 3583 γνῶσιν.
948 3508 1007 3566 Ὀ
1072 3504 1129 3562 δὲ
1194 3502 1436 3582 πρέσεης
1505 3504 1750 3580 ἀναμένει
1816 3506 1867 3562 ἔν
1926 3512 1995 3582 τῇ

347 3599 536 3676 σχολῇ
599 3603 698 3654 τοῦ
759 3599 1084 3674 μαγίστρου.
1137 3601 1240 3654 Καὶ
1289 3598 1421 3672 μεθὸ
1480 3595 1750 3676 δεχθῶσιν
1805 3600 1858 3652 οἱ
1898 3597 1996 3669 ἄρα

345 3709 538 3769 χοντες
577 3688 668 3744 καὶ
719 3686 1031 3743 εἰσέλθωσιν
1074 3687 1150 3750 εἰς
1199 3689 1261 3742 τὸ
1315 3688 1726 3760 κονσιστώριον,
1770 3684 1852 3741 δεῖ
1906 3688 1997 3742 τὸν

346 3776 794 3850 ἂδμισσιονάλιον
867 3776 957 3830 καὶ
1013 3774 1141 3837 τοὺς
1199 3774 1642 3854 χαρτουλαρίοος
1703 3779 1808 3829 τῶν
1859 3777 1992 3850 βαρ-

347 3862 530 3943 ϐάρων
587 3867 678 3922 καὶ
733 3867 861 3929 τοὺς
919 3865 1256 3941 ἑρμηνευτᾶς
1323 3865 1610 3940 ἀναγαγεῖν
1675 3865 1768 3918 τὸν
1835 3863 1996 3938 πρέσ·

344 3952 472 4027 6ην,
526 3954 616 4011 καὶ
682 3955 894 4020 καθίσαι
973 3954 1132 4009 αὐτὸν
1209 3952 1259 4007 ἐν
1333 3958 1410 4024 τῷ
1485 3953 1998 4026 ἀντικονσιστωρίῳ,

345 4044 531 4101 δοῦναι
562 4043 620 4101 δὲ
661 4045 789 4106 τοὺς
829 4043 1270 4120 ’χαρτουλαρίους
1319 4044 1407 4098 καὶ
1457 4043 1785 4117 ἒρμηνευτάς
1841 4063 2000 4096 κιταο

343 4137 513 4207 τώριν
556 4139 651 4189 τοῦ
721 4135 1026 4209 μαπίστρου
1093 4140 1209 4196 τοῖς
1273 4130 1767 4206 ἀδμισσιοναλίοις,
1801 4131 1889 4186 καὶ
1932 4134 2001 4186 τὰ

347 4221 490 4280 ἄλλα
521 4224 764 4301 γίνονται
797 4225 872 4286 ὡς
895 4223 946 4278 ἐν
985 4222 1261 4296 σιλεντίῳ.
1303 4224 1420 4296 Χρή
1453 4221 1510 4277 δὲ
1548 4222 1638 4276 τὸν
1702 4225 1995 4297 μαγιστρον

343 4315 628 4388 ἒτοιμάσαι
695 4301 1046 4377 κανδιδάτους
1098 4314 1142 4350 1⁸
1188 4313 1468 4387 ἀρμάτους
1520 4314 1633 4386 (89)
1691 4311 1781 4365 καὶ
1831 4313 1998 4367 πούε-

2107 3425 2599 3495 commodumque
2652 3428 2814 3478 tuum
2858 3424 3063 3478 facere.
3096 3421 3316 3492 Siquid
3349 3420 3529 3493 igitur
3557 3437 3758 3477 eorum

2109 3515 2566 3588 praetermissum
2620 3513 2751 3579 fuit,
2800 3513 3068 3568 socordia
3105 3512 3390 3582 culpaque
3441 3527 3508 3566 ea
3566 3519 3760 3565 nostra

2107 3609 2234 3663 est:
2271 3617 2654 3675 rogamusque
2685 3607 2740 3658 te
2782 3602 3144 3673 comitesque
3175 3608 3330 3669 tuos,
3363 3599 3559 3656 nolitis
3603 3599 3752 3655 illud

2108 3709 2258 3764 agre
2292 3692 2439 3747 ferre
2479 3698 2580 3747 aut
2603 3691 2834 3746 silentio
2866 3689 3092 3757 celare;
3127 3692 3224 3745 sed
3257 3690 3526 3759 eloquere
3552 3688 3754 3755 libere,

2109 3785 2172 3834 ut
2202 3781 2590 3851 imposterum
2639 3781 2935 3849 providere
2984 3784 3041 3833 et
3089 3779 3402 3833 emendare
3443 3777 3760 3832 commissa

2109 3885 2417 3940 queamus.
2443 3890 2470 3919 »
2505 3873 2753 3939 Legatus
2771 3871 2841 3924 ad
2870 3869 2987 3922 haec
3013 3867 3290 3936 magistro
3313 3868 3537 3937 gratias
3563 3866 3685 3936 agit
3706 3872 3762 3920 et

2109 3959 2536 4014 venerationem
2583 3961 3027 4014 commonstrat.
3063 3957 3200 4026 Ejus
3249 3955 3490 4011 comites
3539 3955 3761 4026 pariter

2109 4047 2456 4119 magistrum
2493 4046 2822 4101 humillimo
2844 4046 3004 4100 cultu
3025 4046 3269 4099 adorant
3291 4045 3347 4098 in
3383 4049 3599 4098 terram
3633 4059 3760 4114 pro-

2109 4136 2522 4200 voluti.Quum
2549 4136 2682 4190 dein
2713 4133 3049 4206 imperatori
3071 4134 3262 4188 visum
3296 4134 3468 4187 fuerit
3500 4133 3755 4202 legatum

2109 4241 2304 4281 coram
2357 4242 2418 4281 se
2457 4225 2786 4292 admittere,
2837 4223 3128 4295 significat
3157 4237 3224 4277 ea
3255 4223 3324 4276 de
3373 4236 3433 4276 re
3483 4219 3758 4290 magister

2111 4314 2302 4388 legato
2337 4332 2436 4386 per
2465 4313 2808 4371 familiarem
2841 4313 3157 4386 quemdam
3197 4312 3285 4368 bis
3318 4310 3542 4367 verbis:
3569 4310 3757 4366 «Vult

1710 4410 1953 4466 VARl/E
1993 4411 2384 4470 LECTIUNES

411 4509 456 4544 "
489 4511 695 4566 ΣΧΟΛ.
723 4503 1058 4579 ὑποϐόηθον.
1137 4508 1181 4544 ίθ
1212 4507 1418 4565 ΣΧΟΛ.
1451 4505 1708 4567 ἁπλίτας.

1405 4618 1601 4674 JOAN.
1643 4616 1784 4673 JAC.
1831 4617 2089 4674 REISKII
2131 4619 2708 4676 COMMENTARIUS.

417 4707 529 4778 (85)
585 4708 972 4781 Perfrequens
1025 4712 1115 4764 est
1153 4710 1323 4781 apud
1383 4707 1611 4781 Graacos
1659 4711 1716 4762 et
1757 4707 1997 4781 Latinos
2029 4711 2074 4775 D
2177 4710 2292 4780 (87)
2342 4710 2404 4764 In
2463 4713 2669 4764 terram
2719 4708 3017 4781 provoluti,
3065 4711 3185 4781 toto
3235 4719 3512 4781 corpore;
3557 4703 3754 4759 minus

347 4778 532 4852 ᾕμεῖς,
565 4786 624 4835 et
648 4797 746 4836 nos
778 4778 880 4850 pro
906 4796 1000 4851 ego
1031 4779 1187 4852 poni.
1216 4779 1429 4834 Verum
1455 4778 1631 4850 ὑμεῖς,
1665 4780 1869 4852 vos,in
1901 4779 1996 4852 ale-

348 4851 640 4906 locutione
670 4853 741 4906 ad
773 4851 1296 4922 alterumeumque
1330 4851 1866 4922 unum,praesert_im
1899 4851 1992 4905 cui

342 4925 775 4978 venerationem
809 4924 1007 4978 testari
1039 4920 1304 4978 studium
1336 4927 1480 4987 erat,
1515 4920 1860 4975 insolentius
1884 4929 1990 4976 est.

347 4995 473 5047 Non
507 4994 724 5064 desunt
754 5001 946 5048 tamen
978 4993 1264 5063 exempla,
1295 4992 1354 5046 in
1386 4994 1601 5064 quibus
1639 4992 1810 5064 etiam
1847 5008 1993 5062 pras-

348 5079 486 5135 sens
517 5063 810 5135 locusest,
859 5081 985 5135 quae
1039 5061 1202 5135 mori,
1236 5061 1443 5118 borum
1485 5061 1827 5116 saeculorum
1852 5061 1992 5133 jam

347 5132 611 5202 antiquis
644 5133 761 5188 illis
794 5132 1104 5204 praelusum
1129 5134 1309 5189 fuisse
1340 5135 1680 5204 ostendunt.

419 5204 532 5276 (86)
561 5206 753 5271 Irasci,
796 5201 1135 5273 succensere,
1189 5205 1409 5276 oﬂendi.
1451 5205 1596 5260 Nam
1640 5201 1787 5274 λύπη
1822 5206 1990 5260 novis

345 5276 561 5333 Graecis
590 5277 970 5348 oﬂensionem,
1019 5279 1384 5344 simultatem,
1424 5278 1861 5332 malevolentiam
1890 5293 1991 5348 nos

345 5353 474 5421 tat,
503 5347 622 5421 vid.
642 5347 710 5419 7p.
731 5349 856 5421 245,
887 5347 1281 5421 Theophanes
1303 5365 1370 5421 p._
1390 5348 1480 5413 8’1,
1502 5351 1594 5414 85,
1625 5350 1695 5404 86
1719 5365 1731 5403 :
1755 5347 1836 5402 Τὰ
1866 5347 1992 5421 περὶ

348 5412 692 5494 llo-{11595;
755 5412 977 5494 λυπηρᾶ
1025 5412 1161 5473 δίατᾶ
1213 5412 1544 5494 Φλαϐιανοῦ,
1582 5412 1658 5475 ea
1689 5433 1815 5494 quae
1844 5412 1993 5474 circa

345 5491 703 5548 Pulcheft'am
750 5491 1090 5555 acciderant,
1125 5494 1375 5546 animum
1421 5491 1707 5548 Eudociae’
1734 5492 1992 5546 adversus

340 5563 672 5618 Flavianum
727 5563 1156 5629 exacerbantia;
1208 5563 1346 5616 item
1407 5580 1462 5632 p.
1528 5564 1650 5628 126,
1700 5562 1826 5632 195,
1863 5561 1992 5626 208,

343 5633 489 5706 402;
517 5636 756 5706 Cedren.
793 5653 849 5706 p.
882 5636 1026 5704 337;
1059 5631 1520 5706 vid.Cbilmead.
1556 5637 1626 5706 ad
1663 5631 1854 5706 Malal.
1878 5637 1918 5686 t.
1947 5633 1991 5700 Ι,

345 5705 523 5776 p.50.
584 5703 895 5779 Usurpavit
935 5703 1522 5779 jamuDemostbenes
1579 5703 1866 5760 λυπεῖσθαι
1925 5718 1991 5760 eo

345 5791 514 5832 sensu
547 5793 602 5848 p.
637 5776 764 5844 373',
793 5780 847 5835 9.
881 5779 1020 5835 edit.
1053 5776 1275 5836 Morell.

2109 4779 2351 4836 reete'in
2387 4781 2601 4834 Latinis
2631 4780 2894 4847 reddidi;
2930 4779 3044 4834 vid.
3079 4780 3148 4833 ad
3184 4795 3237 4848 p.
3269 4779 3396 4832 236.

2177 4853 2287 4922 (88)
2320 4851 2655 4920 Subadjuvat
2685 4857 2770 4906 est
2800 4851 3051 4922 vicarius
3081 4847 3484 4922 adjutorisvel
3510 4847 3752 4918 adjuvaa,

2107 4921 2295 4978 ut'hic
2323 4928 2414 4978 est
2443 4923 2708 4994 magistri
2742 4943 2756 4986 ς
2790 4923 2904 4977 vid.
2939 4921 3177 4994 Gutber.
3204 4939 3254 4994 p.
3291 4921 3416 4994 3917.

2175 4995 2288 5065 (89)
2321 4987 2589 5061 Reddidi,
2624 5000 2688 5047 ut
2719 4995 2775 5048 in
2811 4993 3170 5065 membranis
3202 4987 3754 5065 inveni,mis_cellam

2103 5061 2310 5120 Graecis
2369 5066 2704 5136 scriptionis
2753 5073 2804 5120 et
2859 5064 3287 5136 terminationis
3338 5077 3472 5118 cum
3526 5061 3752 5115 Latina.

2104 5137 2144 5208 Ρ
2177 5153 2278 5208 pro
2313 5136 2358 5190 R
2408 5144 2460 5190 et
2494 5135 2840 5192 terminatio
2872 5135 2958 5191 US
2991 5153 3094 5206 pro
3125 5135 3210 5208 OS
3253 5136 3446 5208 Graecia
3485 5140 3644 5208 sunt,
3670 5144 3753 5184 re-

2102 5205 2261 5277 liq'ua
2293 5208 2536 5275 Latina;
2573 5209 2655 5262 vel
2692 5210 2881 5276 potius
2915 5205 3249 5263 terminatio
3276 5222 3340 5260 us
3378 5205 3588 5277 Graecis
3615 5217 3749 5277 cum

2102 5275 2274 5350 vulgo
2301 5279 2501 5335 Latino
2523 5275 2859 5336 communis
2881 5279 3179 5334 estEtiam
3202 5277 3519 5350 grandibus
3545 5275 3752 5350 litteris

2105 5345 2390 5420 bis-ipsis,
2424 5367 2569 5419 quas
2611 5352 2789 5417 vides,
2843 5351 3044 5417 lector,
3079 5345 3414 5420 exaraverat
3441 5345 3753 5420 librarius,

2104 5419 2263 5494 quod
2294 5424 2515 5494 passim
2547 5423 2678 5477 fecit
2709 5425 2764 5476 in
2799 5423 3035 5477 vocibus
3052 5419 3536 5494 Latinis.Solebat_
3558 5428 3753 5494 autem

2104 5488 2311 5564 vulgus
2361 5494 2640 5559 Latinum,
2675 5511 2777 5549 seu
2812 5497 2962 5565 quod
3001 5495 3080 5546 sic
3112 5501 3280 5546 vetus
3311 5492 3570 5561 vulgaris
3605 5488 3752 5565 Lati-3

2106 5557 2440 5620 nus'sermo
2471 5582 2504 5619 a
2548 5557 2863 5634 majoribus
2914 5567 3183 5633 acceptus
3225 5557 3559 5624 ierretfseu
3595 5557 3751 5632 quod

2103 5635 2434 5691 Grecorum
2485 5638 2847 5692 consuetudo
2897 5637 2953 5690 id
3003 5635 3337 5698 invexisset,
3385 5635 3748 5687 accusativos

2101 5708 2359 5832 glurales
2409 5723 2557 5778 quos
2600 5708 2965 5779 grammatici
2997 5707 3056 5761 in
3106 5721 3163 5761 os
3221 5705 3559 5765 terminant,
3594 5701 3648 5754 in
3682 5715 3747 5782 as

2145 5777 2286 5832 nire.
2331 5778 2404 5832 Ut
2454 5777 2547 5832 hic
2594 5785 2844 5832 armatus
2893 5794 2993 5832 nro
3045 5781 3285 5832 armalas
3323 5775 3630 5832 habemus,
3662 5785 3747 5826 sic

2145 5777 2286 5835 nire.
2331 5775 2547 5834 Ut'bic
2594 5775 2844 5835 armatus
2893 5794 2993 5849 pro
3045 5781 3285 5832 armalas
3323 5775 3630 5838 habemus,
3662 5775 3748 5826 sic
