  <div class='ocr_page' id='page_1' title='image "/cluster/home/n/w/nwhite01/storage/ocr_20150623/112/hvd.32044073502304/373.png"; bbox 0 0 4090 6216; ppageno 0'>
   <div class='ocr_carea' id='block_1_1' title="bbox 332 363 450 423">
    <p class='ocr_par' dir='ltr' id='par_1_1' title="bbox 332 363 450 423">
     <span class='ocr_line' id='line_1_1' title="bbox 332 363 450 423; baseline 0.017 -2"><span class='ocrx_word' id='word_1_1' title='bbox 332 363 450 423; x_wconf 80' lang='grc'>’135</span> 
     </span>
    </p>
   </div>
   <div class='ocr_carea' id='block_1_2' title="bbox 1416 364 2683 432">
    <p class='ocr_par' dir='ltr' id='par_1_2' title="bbox 1416 364 2683 432">
     <span class='ocr_line' id='line_1_2' title="bbox 1416 364 2683 432; baseline 0.002 -5"><span class='ocrx_word' id='word_1_2' title='bbox 1416 367 1946 429; x_wconf 84' lang='lat' dir='ltr'>CONSTANTINI</span> <span class='ocrx_word' id='word_1_3' title='bbox 1989 364 2683 432; x_wconf 82' lang='lat' dir='ltr'>PORPHYROGENITI</span> 
     </span>
    </p>
   </div>
   <div class='ocr_carea' id='block_1_3' title="bbox 3626 372 3763 433">
    <p class='ocr_par' dir='ltr' id='par_1_3' title="bbox 3626 372 3763 433">
     <span class='ocr_line' id='line_1_3' title="bbox 3626 372 3763 433; baseline 0 -1"><span class='ocrx_word' id='word_1_4' title='bbox 3626 372 3763 433; x_wconf 85' lang='lat'>736</span> 
     </span>
    </p>
   </div>
   <div class='ocr_carea' id='block_1_4' title="bbox 333 496 1975 575">
    <p class='ocr_par' dir='ltr' id='par_1_4' title="bbox 333 496 1975 573">
     <span class='ocr_line' id='line_1_4' title="bbox 333 496 1975 573; baseline 0.004 -22"><span class='ocrx_word' id='word_1_5' title='bbox 333 496 650 569; x_wconf 79' lang='lat' dir='ltr'>imperator</span> <span class='ocrx_word' id='word_1_6' title='bbox 679 502 735 553; x_wconf 90' lang='lat' dir='ltr'>te</span> <span class='ocrx_word' id='word_1_7' title='bbox 763 497 823 553; x_wconf 92' lang='lat' dir='ltr'>in</span> <span class='ocrx_word' id='word_1_8' title='bbox 854 502 1227 569; x_wconf 89' lang='lat' dir='ltr'>conspectum</span> <span class='ocrx_word' id='word_1_9' title='bbox 1250 515 1423 555; x_wconf 90' lang='lat' dir='ltr'>suum</span> <span class='ocrx_word' id='word_1_10' title='bbox 1445 500 1658 557; x_wconf 90' lang='lat' dir='ltr'>venire.</span> <span class='ocrx_word' id='word_1_11' title='bbox 1687 502 1862 573; x_wconf 85' lang='lat' dir='ltr'>»Ipse</span> <span class='ocrx_word' id='word_1_12' title='bbox 1884 519 1975 557; x_wconf 83' lang='lat' dir='ltr'>au-</span> 
     </span>
    </p>
   </div>
   <div class='ocr_carea' id='block_1_5' title="bbox 2087 496 3769 575">
    <p class='ocr_par' dir='ltr' id='par_1_5' title="bbox 2098 498 3769 575">
     <span class='ocr_line' id='line_1_5' title="bbox 2098 498 3769 575; baseline 0.002 -22"><span class='ocrx_word' id='word_1_13' title='bbox 2098 520 2190 575; x_wconf 85' lang='grc' dir='ltr'>ρας</span> <span class='ocrx_word' id='word_1_14' title='bbox 2224 502 2268 538; x_wconf 81' lang='grc'>¹⁷</span> <span class='ocrx_word' id='word_1_15' title='bbox 2305 500 2627 575; x_wconf 78' lang='grc' dir='ltr'>εὐσχήμους</span> <span class='ocrx_word' id='word_1_16' title='bbox 2667 501 2795 561; x_wconf 83' lang='grc' dir='ltr'>τοὺς</span> <span class='ocrx_word' id='word_1_17' title='bbox 2839 498 3309 565; x_wconf 79' lang='grc' dir='ltr'>ἀκουλουθοῦντας</span> <span class='ocrx_word' id='word_1_18' title='bbox 3358 501 3567 565; x_wconf 73' lang='grc' dir='ltr'>αὐτοῖς.</span> <span class='ocrx_word' id='word_1_19' title='bbox 3621 502 3769 561; x_wconf 68' lang='grc' dir='ltr'>Καὶ-</span> 
     </span>
    </p>
   </div>
   <div class='ocr_carea' id='block_1_6' title="bbox 336 587 1976 659">
    <p class='ocr_par' dir='ltr' id='par_1_6' title="bbox 336 587 1976 659">
     <span class='ocr_line' id='line_1_6' title="bbox 336 587 1976 659; baseline 0.004 -18"><span class='ocrx_word' id='word_1_20' title='bbox 336 591 453 642; x_wconf 89' lang='lat' dir='ltr'>tem</span> <span class='ocrx_word' id='word_1_21' title='bbox 485 587 802 656; x_wconf 82' lang='lat' dir='ltr'>imperator</span> <span class='ocrx_word' id='word_1_22' title='bbox 832 587 998 641; x_wconf 82' lang='lat' dir='ltr'>debet</span> <span class='ocrx_word' id='word_1_23' title='bbox 1022 587 1231 659; x_wconf 89' lang='lat' dir='ltr'>legato,</span> <span class='ocrx_word' id='word_1_24' title='bbox 1250 592 1369 645; x_wconf 88' lang='lat' dir='ltr'>tam</span> <span class='ocrx_word' id='word_1_25' title='bbox 1403 591 1593 646; x_wconf 89' lang='lat' dir='ltr'>adhuc</span> <span class='ocrx_word' id='word_1_26' title='bbox 1616 590 1976 647; x_wconf 88' lang='lat' dir='ltr'>Chalcedone</span> 
     </span>
    </p>
   </div>
   <div class='ocr_carea' id='block_1_7' title="bbox 337 678 1974 750">
    <p class='ocr_par' dir='ltr' id='par_1_7' title="bbox 337 678 1974 750">
     <span class='ocr_line' id='line_1_7' title="bbox 337 678 1974 750; baseline 0.002 -17"><span class='ocrx_word' id='word_1_27' title='bbox 337 678 550 749; x_wconf 82' lang='lat' dir='ltr'>agenti,</span> <span class='ocrx_word' id='word_1_28' title='bbox 577 695 751 749; x_wconf 87' lang='lat' dir='ltr'>quam</span> <span class='ocrx_word' id='word_1_29' title='bbox 785 678 845 734; x_wconf 90' lang='lat' dir='ltr'>in</span> <span class='ocrx_word' id='word_1_30' title='bbox 878 679 1086 736; x_wconf 89' lang='lat' dir='ltr'>Urbem</span> <span class='ocrx_word' id='word_1_31' title='bbox 1120 682 1330 750; x_wconf 91' lang='lat' dir='ltr'>delato,</span> <span class='ocrx_word' id='word_1_32' title='bbox 1360 684 1731 739; x_wconf 87' lang='lat' dir='ltr'>decurionem</span> <span class='ocrx_word' id='word_1_33' title='bbox 1756 684 1974 739; x_wconf 86' lang='lat' dir='ltr'>immit-</span> 
     </span>
    </p>
   </div>
   <div class='ocr_carea' id='block_1_8' title="bbox 336 767 1977 846">
    <p class='ocr_par' dir='ltr' id='par_1_8' title="bbox 336 767 1977 846">
     <span class='ocr_line' id='line_1_8' title="bbox 336 767 1977 846; baseline 0.004 -25"><span class='ocrx_word' id='word_1_34' title='bbox 336 774 451 821; x_wconf 88' lang='lat' dir='ltr'>tere</span> <span class='ocrx_word' id='word_1_35' title='bbox 483 767 923 836; x_wconf 73' lang='lat' dir='ltr'>interrogatum,</span> <span class='ocrx_word' id='word_1_36' title='bbox 956 772 1249 841; x_wconf 91' lang='lat' dir='ltr'>quomodo</span> <span class='ocrx_word' id='word_1_37' title='bbox 1280 772 1464 827; x_wconf 82' lang='lat' dir='ltr'>valeat</span> <span class='ocrx_word' id='word_1_38' title='bbox 1497 772 1895 846; x_wconf 88' lang='lat' dir='ltr'>herusipsius,</span> <span class='ocrx_word' id='word_1_39' title='bbox 1920 778 1977 828; x_wconf 91' lang='lat' dir='ltr'>et</span> 
     </span>
    </p>
   </div>
   <div class='ocr_carea' id='block_1_9' title="bbox 334 858 1974 929">
    <p class='ocr_par' dir='ltr' id='par_1_9' title="bbox 334 858 1974 929">
     <span class='ocr_line' id='line_1_9' title="bbox 334 858 1974 929; baseline 0.004 -18"><span class='ocrx_word' id='word_1_40' title='bbox 334 858 621 924; x_wconf 89' lang='lat' dir='ltr'>quomodo</span> <span class='ocrx_word' id='word_1_41' title='bbox 652 858 777 929; x_wconf 90' lang='lat' dir='ltr'>ipse</span> <span class='ocrx_word' id='word_1_42' title='bbox 809 862 1131 917; x_wconf 90' lang='lat' dir='ltr'>conductus</span> <span class='ocrx_word' id='word_1_43' title='bbox 1173 861 1450 918; x_wconf 84' lang='lat' dir='ltr'>hactenus</span> <span class='ocrx_word' id='word_1_44' title='bbox 1502 864 1690 918; x_wconf 85' lang='lat' dir='ltr'>fuerit.</span> <span class='ocrx_word' id='word_1_45' title='bbox 1736 864 1974 929; x_wconf 88' lang='lat' dir='ltr'>Quando</span> 
     </span>
    </p>
   </div>
   <div class='ocr_carea' id='block_1_10' title="bbox 336 945 1975 1022">
    <p class='ocr_par' dir='ltr' id='par_1_10' title="bbox 336 945 1975 1022">
     <span class='ocr_line' id='line_1_10' title="bbox 336 945 1975 1022; baseline 0.004 -23"><span class='ocrx_word' id='word_1_46' title='bbox 336 949 525 1000; x_wconf 84' lang='lat' dir='ltr'>autem</span> <span class='ocrx_word' id='word_1_47' title='bbox 565 945 624 1001; x_wconf 93' lang='lat' dir='ltr'>in</span> <span class='ocrx_word' id='word_1_48' title='bbox 675 963 741 1003; x_wconf 91' lang='lat' dir='ltr'>eo</span> <span class='ocrx_word' id='word_1_49' title='bbox 773 949 896 1019; x_wconf 90' lang='lat' dir='ltr'>jam</span> <span class='ocrx_word' id='word_1_50' title='bbox 929 958 1034 1018; x_wconf 89' lang='lat' dir='ltr'>est,</span> <span class='ocrx_word' id='word_1_51' title='bbox 1080 957 1137 1005; x_wconf 91' lang='lat' dir='ltr'>ut</span> <span class='ocrx_word' id='word_1_52' title='bbox 1172 952 1428 1022; x_wconf 83' lang='lat' dir='ltr'>legatum</span> <span class='ocrx_word' id='word_1_53' title='bbox 1461 968 1652 1008; x_wconf 90' lang='lat' dir='ltr'>coram</span> <span class='ocrx_word' id='word_1_54' title='bbox 1686 952 1975 1018; x_wconf 87' lang='lat' dir='ltr'>admittat,</span> 
     </span>
    </p>
   </div>
   <div class='ocr_carea' id='block_1_11' title="bbox 334 1038 1978 1112">
    <p class='ocr_par' dir='ltr' id='par_1_11' title="bbox 334 1038 1978 1112">
     <span class='ocr_line' id='line_1_11' title="bbox 334 1038 1978 1112; baseline 0.004 -22"><span class='ocrx_word' id='word_1_55' title='bbox 334 1038 475 1091; x_wconf 89' lang='lat' dir='ltr'>tunc</span> <span class='ocrx_word' id='word_1_56' title='bbox 506 1042 703 1092; x_wconf 90' lang='lat' dir='ltr'>monet</span> <span class='ocrx_word' id='word_1_57' title='bbox 746 1040 1026 1110; x_wconf 82' lang='lat' dir='ltr'>magister</span> <span class='ocrx_word' id='word_1_58' title='bbox 1068 1057 1134 1095; x_wconf 90' lang='lat' dir='ltr'>ea</span> <span class='ocrx_word' id='word_1_59' title='bbox 1182 1042 1251 1095; x_wconf 91' lang='lat' dir='ltr'>de</span> <span class='ocrx_word' id='word_1_60' title='bbox 1302 1057 1361 1096; x_wconf 94' lang='lat' dir='ltr'>re</span> <span class='ocrx_word' id='word_1_61' title='bbox 1408 1042 1662 1112; x_wconf 82' lang='lat' dir='ltr'>legatum</span> <span class='ocrx_word' id='word_1_62' title='bbox 1718 1041 1978 1112; x_wconf 82' lang='lat' dir='ltr'>proxime</span> 
     </span>
    </p>
   </div>
   <div class='ocr_carea' id='block_1_12' title="bbox 334 1125 1976 1201">
    <p class='ocr_par' dir='ltr' id='par_1_12' title="bbox 334 1125 1976 1201">
     <span class='ocr_line' id='line_1_12' title="bbox 334 1125 1976 1201; baseline 0.004 -22"><span class='ocrx_word' id='word_1_63' title='bbox 334 1125 690 1197; x_wconf 65' lang='lat' dir='ltr'>praecedente</span> <span class='ocrx_word' id='word_1_64' title='bbox 710 1143 948 1198; x_wconf 89' lang='lat' dir='ltr'>vespera</span> <span class='ocrx_word' id='word_1_65' title='bbox 981 1130 1129 1187; x_wconf 73' lang='lat'>235</span> <span class='ocrx_word' id='word_1_66' title='bbox 1168 1147 1269 1201; x_wconf 89' lang='lat' dir='ltr'>per</span> <span class='ocrx_word' id='word_1_67' title='bbox 1299 1131 1688 1201; x_wconf 85' lang='lat' dir='ltr'>subadjuvam</span> <span class='ocrx_word' id='word_1_68' title='bbox 1740 1148 1841 1186; x_wconf 90' lang='lat' dir='ltr'>seu</span> <span class='ocrx_word' id='word_1_69' title='bbox 1876 1132 1976 1185; x_wconf 89' lang='lat' dir='ltr'>ad-</span> 
     </span>
    </p>
   </div>
   <div class='ocr_carea' id='block_1_13' title="bbox 326 1216 1967 1291">
    <p class='ocr_par' dir='ltr' id='par_1_13' title="bbox 326 1216 1967 1291">
     <span class='ocr_line' id='line_1_13' title="bbox 326 1216 1967 1291; baseline 0.003 -21"><span class='ocrx_word' id='word_1_70' title='bbox 326 1216 583 1286; x_wconf 86' lang='lat' dir='ltr'>jutorem</span> <span class='ocrx_word' id='word_1_71' title='bbox 636 1218 1048 1273; x_wconf 84' lang='lat' dir='ltr'>secundarium</span> <span class='ocrx_word' id='word_1_72' title='bbox 1100 1219 1191 1274; x_wconf 92' lang='lat' dir='ltr'>his</span> <span class='ocrx_word' id='word_1_73' title='bbox 1232 1220 1420 1275; x_wconf 87' lang='lat' dir='ltr'>verbis</span> <span class='ocrx_word' id='word_1_74' title='bbox 1455 1237 1467 1275; x_wconf 89' lang='lat'>:</span> <span class='ocrx_word' id='word_1_75' title='bbox 1503 1242 1531 1269; x_wconf 84' lang='grc'>‹‹</span> <span class='ocrx_word' id='word_1_76' title='bbox 1568 1220 1756 1275; x_wconf 87' lang='lat' dir='ltr'>Edixit</span> <span class='ocrx_word' id='word_1_77' title='bbox 1786 1220 1967 1291; x_wconf 85' lang='lat' dir='ltr'>impe-</span> 
     </span>
    </p>
   </div>
   <div class='ocr_carea' id='block_1_14' title="bbox 336 1308 1974 1381">
    <p class='ocr_par' dir='ltr' id='par_1_14' title="bbox 336 1308 1974 1381">
     <span class='ocr_line' id='line_1_14' title="bbox 336 1308 1974 1381; baseline 0.004 -22"><span class='ocrx_word' id='word_1_78' title='bbox 336 1308 508 1371; x_wconf 88' lang='lat' dir='ltr'>rator,</span> <span class='ocrx_word' id='word_1_79' title='bbox 545 1312 599 1360; x_wconf 89' lang='lat' dir='ltr'>ut</span> <span class='ocrx_word' id='word_1_80' title='bbox 632 1323 825 1362; x_wconf 91' lang='lat' dir='ltr'>coram</span> <span class='ocrx_word' id='word_1_81' title='bbox 870 1308 1090 1363; x_wconf 85' lang='lat' dir='ltr'>venias.</span> <span class='ocrx_word' id='word_1_82' title='bbox 1122 1312 1301 1363; x_wconf 91' lang='lat' dir='ltr'>Tuum</span> <span class='ocrx_word' id='word_1_83' title='bbox 1344 1325 1481 1381; x_wconf 87' lang='lat' dir='ltr'>ergo</span> <span class='ocrx_word' id='word_1_84' title='bbox 1514 1326 1667 1365; x_wconf 89' lang='lat' dir='ltr'>nunc</span> <span class='ocrx_word' id='word_1_85' title='bbox 1700 1314 1787 1366; x_wconf 90' lang='lat' dir='ltr'>est</span> <span class='ocrx_word' id='word_1_86' title='bbox 1816 1327 1974 1366; x_wconf 89' lang='lat' dir='ltr'>com-</span> 
     </span>
    </p>
   </div>
   <div class='ocr_carea' id='block_1_15' title="bbox 335 1394 1978 1472">
    <p class='ocr_par' dir='ltr' id='par_1_15' title="bbox 335 1394 1978 1472">
     <span class='ocr_line' id='line_1_15' title="bbox 335 1394 1978 1472; baseline 0.004 -25"><span class='ocrx_word' id='word_1_87' title='bbox 335 1409 554 1461; x_wconf 85' lang='lat' dir='ltr'>parere.</span> <span class='ocrx_word' id='word_1_88' title='bbox 589 1416 616 1445; x_wconf 85' lang='lat'><strong>»</strong></span> <span class='ocrx_word' id='word_1_89' title='bbox 654 1394 867 1453; x_wconf 85' lang='lat' dir='ltr'>Pariter</span> <span class='ocrx_word' id='word_1_90' title='bbox 898 1397 1351 1470; x_wconf 86' lang='lat' dir='ltr'>imperatoripse</span> <span class='ocrx_word' id='word_1_91' title='bbox 1378 1399 1564 1470; x_wconf 87' lang='lat' dir='ltr'>legato</span> <span class='ocrx_word' id='word_1_92' title='bbox 1599 1399 1843 1455; x_wconf 83' lang='lat' dir='ltr'>salutem</span> <span class='ocrx_word' id='word_1_93' title='bbox 1878 1416 1978 1472; x_wconf 89' lang='lat' dir='ltr'>per</span> 
     </span>
    </p>
   </div>
   <div class='ocr_carea' id='block_1_16' title="bbox 337 1482 1975 1545">
    <p class='ocr_par' dir='ltr' id='par_1_16' title="bbox 337 1482 1975 1545">
     <span class='ocr_line' id='line_1_16' title="bbox 337 1482 1975 1545; baseline 0.004 -8"><span class='ocrx_word' id='word_1_94' title='bbox 337 1482 709 1539; x_wconf 86' lang='lat' dir='ltr'>decurionem</span> <span class='ocrx_word' id='word_1_95' title='bbox 754 1486 985 1543; x_wconf 84' lang='lat' dir='ltr'>nuntiat</span> <span class='ocrx_word' id='word_1_96' title='bbox 1025 1491 1081 1542; x_wconf 90' lang='lat' dir='ltr'>et</span> <span class='ocrx_word' id='word_1_97' title='bbox 1132 1488 1278 1543; x_wconf 87' lang='lat' dir='ltr'>hanc</span> <span class='ocrx_word' id='word_1_98' title='bbox 1340 1505 1507 1543; x_wconf 89' lang='lat' dir='ltr'>suam</span> <span class='ocrx_word' id='word_1_99' title='bbox 1571 1491 1975 1545; x_wconf 82' lang='lat' dir='ltr'>voluntatem:</span> 
     </span>
    </p>
   </div>
   <div class='ocr_carea' id='block_1_17' title="bbox 244 1571 1980 1648">
    <p class='ocr_par' dir='ltr' id='par_1_17' title="bbox 244 1571 1980 1648">
     <span class='ocr_line' id='line_1_17' title="bbox 244 1571 1980 1648; baseline 0.003 -22"><span class='ocrx_word' id='word_1_100' title='bbox 244 1598 251 1601; x_wconf 52' lang='grc'>&gt;</span> <span class='ocrx_word' id='word_1_101' title='bbox 345 1593 364 1619; x_wconf 78' lang='grc' dir='ltr'>ι</span> <span class='ocrx_word' id='word_1_102' title='bbox 401 1571 535 1628; x_wconf 86' lang='lat' dir='ltr'>Cras</span> <span class='ocrx_word' id='word_1_103' title='bbox 563 1578 617 1628; x_wconf 91' lang='lat' dir='ltr'>te</span> <span class='ocrx_word' id='word_1_104' title='bbox 646 1575 1040 1646; x_wconf 78' lang='lat' dir='ltr'>excipiamus;</span> <span class='ocrx_word' id='word_1_105' title='bbox 1083 1578 1213 1632; x_wconf 87' lang='lat' dir='ltr'>veni</span> <span class='ocrx_word' id='word_1_106' title='bbox 1254 1594 1407 1647; x_wconf 83' lang='lat' dir='ltr'>ergo.</span> <span class='ocrx_word' id='word_1_107' title='bbox 1442 1600 1469 1626; x_wconf 86' lang='grc'><strong>››</strong></span> <span class='ocrx_word' id='word_1_108' title='bbox 1508 1578 1783 1633; x_wconf 86' lang='lat' dir='ltr'>Mandata</span> <span class='ocrx_word' id='word_1_109' title='bbox 1805 1578 1980 1648; x_wconf 86' lang='lat' dir='ltr'>igitur</span> 
     </span>
    </p>
   </div>
   <div class='ocr_carea' id='block_1_18' title="bbox 338 1666 1979 1735">
    <p class='ocr_par' dir='ltr' id='par_1_18' title="bbox 338 1666 1979 1735">
     <span class='ocr_line' id='line_1_18' title="bbox 338 1666 1979 1735; baseline 0.004 -20"><span class='ocrx_word' id='word_1_110' title='bbox 338 1676 511 1732; x_wconf 88' lang='lat' dir='ltr'>eapse</span> <span class='ocrx_word' id='word_1_111' title='bbox 542 1679 778 1735; x_wconf 89' lang='lat' dir='ltr'>vespera</span> <span class='ocrx_word' id='word_1_112' title='bbox 822 1666 1035 1719; x_wconf 89' lang='lat' dir='ltr'>dantur</span> <span class='ocrx_word' id='word_1_113' title='bbox 1081 1670 1135 1721; x_wconf 89' lang='lat' dir='ltr'>et</span> <span class='ocrx_word' id='word_1_114' title='bbox 1184 1667 1553 1723; x_wconf 85' lang='lat' dir='ltr'>senatoribus</span> <span class='ocrx_word' id='word_1_115' title='bbox 1604 1668 1979 1723; x_wconf 78' lang='lat' dir='ltr'>eircuninun-</span> 
     </span>
    </p>
   </div>
   <div class='ocr_carea' id='block_1_19' title="bbox 339 1748 1981 1828">
    <p class='ocr_par' dir='ltr' id='par_1_19' title="bbox 339 1748 1981 1828">
     <span class='ocr_line' id='line_1_19' title="bbox 339 1748 1981 1828; baseline 0.004 -24"><span class='ocrx_word' id='word_1_116' title='bbox 339 1748 584 1815; x_wconf 78' lang='lat' dir='ltr'>tiantur,</span> <span class='ocrx_word' id='word_1_117' title='bbox 618 1769 744 1809; x_wconf 82' lang='lat' dir='ltr'>cras</span> <span class='ocrx_word' id='word_1_118' title='bbox 774 1754 892 1810; x_wconf 85' lang='lat' dir='ltr'>fore</span> <span class='ocrx_word' id='word_1_119' title='bbox 923 1754 1241 1826; x_wconf 88' lang='lat' dir='ltr'>silentium,</span> <span class='ocrx_word' id='word_1_120' title='bbox 1276 1756 1643 1828; x_wconf 86' lang='lat' dir='ltr'>legatumque</span> <span class='ocrx_word' id='word_1_121' title='bbox 1676 1757 1981 1813; x_wconf 86' lang='lat' dir='ltr'>Persarum</span> 
     </span>
    </p>
   </div>
   <div class='ocr_carea' id='block_1_20' title="bbox 2086 585 3775 665">
    <p class='ocr_par' dir='ltr' id='par_1_20' title="bbox 2086 585 3775 665">
     <span class='ocr_line' id='line_1_20' title="bbox 2086 585 3775 665; baseline 0.002 -21"><span class='ocrx_word' id='word_1_122' title='bbox 2086 588 2361 665; x_wconf 71' lang='grc' dir='ltr'>ἐξερχεται</span> <span class='ocrx_word' id='word_1_123' title='bbox 2428 590 2456 643; x_wconf 84' lang='grc' dir='ltr'>ὁ</span> <span class='ocrx_word' id='word_1_124' title='bbox 2530 589 2787 663; x_wconf 71' lang='grc' dir='ltr'>βασιλεὺς</span> <span class='ocrx_word' id='word_1_125' title='bbox 2871 588 2931 643; x_wconf 80' lang='grc' dir='ltr'>ἐκ</span> <span class='ocrx_word' id='word_1_126' title='bbox 2991 593 3089 644; x_wconf 79' lang='grc' dir='ltr'>τοῦ</span> <span class='ocrx_word' id='word_1_127' title='bbox 3148 585 3627 662; x_wconf 75' lang='grc' dir='ltr'>κουμϐουκλεέου,</span> <span class='ocrx_word' id='word_1_128' title='bbox 3665 590 3775 664; x_wconf 75' lang='grc' dir='ltr'>δη·-</span> 
     </span>
    </p>
   </div>
   <div class='ocr_carea' id='block_1_21' title="bbox 2088 678 3761 754">
    <p class='ocr_par' dir='ltr' id='par_1_21' title="bbox 2088 678 3761 754">
     <span class='ocr_line' id='line_1_21' title="bbox 2088 678 3761 754; baseline 0.002 -22"><span class='ocrx_word' id='word_1_129' title='bbox 2088 678 2439 754; x_wconf 82' lang='grc' dir='ltr'>ριγεοόμενος</span> <span class='ocrx_word' id='word_1_130' title='bbox 2502 678 2605 733; x_wconf 87' lang='grc' dir='ltr'>ὑπὸ</span> <span class='ocrx_word' id='word_1_131' title='bbox 2642 682 2740 732; x_wconf 79' lang='grc' dir='ltr'>τοῦ</span> <span class='ocrx_word' id='word_1_132' title='bbox 2797 678 3089 753; x_wconf 79' lang='grc' dir='ltr'>πατρικίου</span> <span class='ocrx_word' id='word_1_133' title='bbox 3128 682 3171 717; x_wconf 82' lang='grc'>¹⁶</span> <span class='ocrx_word' id='word_1_134' title='bbox 3200 682 3334 752; x_wconf 91' lang='grc'>(90),</span> <span class='ocrx_word' id='word_1_135' title='bbox 3383 680 3472 734; x_wconf 74' lang='grc' dir='ltr'>καὶ</span> <span class='ocrx_word' id='word_1_136' title='bbox 3511 680 3761 747; x_wconf 75' lang='grc' dir='ltr'>κάθηται</span> 
     </span>
    </p>
   </div>
   <div class='ocr_carea' id='block_1_22' title="bbox 2084 768 3761 848">
    <p class='ocr_par' dir='ltr' id='par_1_22' title="bbox 2084 768 3761 848">
     <span class='ocr_line' id='line_1_22' title="bbox 2084 768 3761 848; baseline 0.003 -26"><span class='ocrx_word' id='word_1_137' title='bbox 2084 768 2159 829; x_wconf 81' lang='grc' dir='ltr'>εἷς</span> <span class='ocrx_word' id='word_1_138' title='bbox 2190 768 2253 822; x_wconf 84' lang='grc' dir='ltr'>τὸ</span> <span class='ocrx_word' id='word_1_139' title='bbox 2288 769 2428 843; x_wconf 72' lang='grc' dir='ltr'>μέγα</span> <span class='ocrx_word' id='word_1_140' title='bbox 2486 770 2905 841; x_wconf 85' lang='grc' dir='ltr'>κονσιστώριον,</span> <span class='ocrx_word' id='word_1_141' title='bbox 2965 769 3055 823; x_wconf 78' lang='grc' dir='ltr'>καὶ</span> <span class='ocrx_word' id='word_1_142' title='bbox 3118 770 3170 823; x_wconf 79' lang='lat' dir='ltr'>oi.</span> <span class='ocrx_word' id='word_1_143' title='bbox 3236 768 3502 848; x_wconf 81' lang='grc' dir='ltr'>ἄρχοντες</span> <span class='ocrx_word' id='word_1_144' title='bbox 3569 768 3761 846; x_wconf 72' lang='grc' dir='ltr'>εἷο-ἐρ-</span> 
     </span>
    </p>
   </div>
   <div class='ocr_carea' id='block_1_23' title="bbox 2087 851 3762 932">
    <p class='ocr_par' dir='ltr' id='par_1_23' title="bbox 2087 851 3762 932">
     <span class='ocr_line' id='line_1_23' title="bbox 2087 851 3762 932; baseline 0.003 -21"><span class='ocrx_word' id='word_1_145' title='bbox 2087 876 2296 932; x_wconf 85' lang='grc' dir='ltr'>χονται,</span> <span class='ocrx_word' id='word_1_146' title='bbox 2359 854 2622 927; x_wconf 86' lang='grc' dir='ltr'>δηλονότι</span> <span class='ocrx_word' id='word_1_147' title='bbox 2694 857 2831 930; x_wconf 82' lang='grc' dir='ltr'>μετὰ</span> <span class='ocrx_word' id='word_1_148' title='bbox 2869 851 3277 931; x_wconf 77' lang='grc' dir='ltr'>ἀτραϐαττικῶν</span> <span class='ocrx_word' id='word_1_149' title='bbox 3308 860 3445 913; x_wconf 81' lang='grc' dir='ltr'>κατά</span> <span class='ocrx_word' id='word_1_150' title='bbox 3502 860 3567 915; x_wconf 83' lang='grc' dir='ltr'>τὸ</span> <span class='ocrx_word' id='word_1_151' title='bbox 3604 855 3762 924; x_wconf 79' lang='grc' dir='ltr'>ἔθος.</span> 
     </span>
    </p>
   </div>
   <div class='ocr_carea' id='block_1_24' title="bbox 2085 942 3758 1026">
    <p class='ocr_par' dir='ltr' id='par_1_24' title="bbox 2085 942 3758 1026">
     <span class='ocr_line' id='line_1_24' title="bbox 2085 942 3758 1026; baseline 0 -23"><span class='ocrx_word' id='word_1_152' title='bbox 2085 949 2174 1003; x_wconf 84' lang='grc' dir='ltr'>Ἐν</span> <span class='ocrx_word' id='word_1_153' title='bbox 2213 946 2458 1018; x_wconf 80' lang='grc' dir='ltr'>τοσούτῳ</span> <span class='ocrx_word' id='word_1_154' title='bbox 2512 943 2569 1000; x_wconf 76' lang='grc' dir='ltr'>δὲ</span> <span class='ocrx_word' id='word_1_155' title='bbox 2610 944 2693 1000; x_wconf 86' lang='grc' dir='ltr'>δεῖ</span> <span class='ocrx_word' id='word_1_156' title='bbox 2726 947 2819 1000; x_wconf 88' lang='grc' dir='ltr'>τὸν</span> <span class='ocrx_word' id='word_1_157' title='bbox 2862 942 3321 1017; x_wconf 80' lang='grc' dir='ltr'>ἀδμισσιονάλιον</span> <span class='ocrx_word' id='word_1_158' title='bbox 3380 949 3617 1026; x_wconf 77' lang='grc' dir='ltr'>ἀγαγεῖν</span> <span class='ocrx_word' id='word_1_159' title='bbox 3660 951 3758 1005; x_wconf 83' lang='grc' dir='ltr'>τὸν</span> 
     </span>
    </p>
   </div>
   <div class='ocr_carea' id='block_1_25' title="bbox 2085 1030 3767 1114">
    <p class='ocr_par' dir='ltr' id='par_1_25' title="bbox 2085 1030 3767 1114">
     <span class='ocr_line' id='line_1_25' title="bbox 2085 1030 3767 1114; baseline 0 -23"><span class='ocrx_word' id='word_1_160' title='bbox 2085 1030 2326 1107; x_wconf 67' lang='grc' dir='ltr'>πρέσϐην</span> <span class='ocrx_word' id='word_1_161' title='bbox 2367 1036 2458 1089; x_wconf 81' lang='grc' dir='ltr'>καὶ</span> <span class='ocrx_word' id='word_1_162' title='bbox 2508 1042 2848 1109; x_wconf 71' lang='grc' dir='ltr'>παραστῆσαι</span> <span class='ocrx_word' id='word_1_163' title='bbox 2888 1034 3048 1090; x_wconf 81' lang='grc' dir='ltr'>αὐτὸν</span> <span class='ocrx_word' id='word_1_164' title='bbox 3110 1035 3186 1098; x_wconf 84' lang='grc' dir='ltr'>εἰς</span> <span class='ocrx_word' id='word_1_165' title='bbox 3218 1035 3312 1091; x_wconf 85' lang='grc' dir='ltr'>τὸν</span> <span class='ocrx_word' id='word_1_166' title='bbox 3359 1042 3555 1114; x_wconf 80' lang='grc' dir='ltr'>τοῖχον</span> <span class='ocrx_word' id='word_1_167' title='bbox 3603 1038 3767 1098; x_wconf 80' lang='grc' dir='ltr'>ἀντὶς</span> 
     </span>
    </p>
   </div>
   <div class='ocr_carea' id='block_1_26' title="bbox 2085 1125 3770 1205">
    <p class='ocr_par' dir='ltr' id='par_1_26' title="bbox 2085 1125 3770 1205">
     <span class='ocr_line' id='line_1_26' title="bbox 2085 1125 3770 1205; baseline 0.001 -22"><span class='ocrx_word' id='word_1_168' title='bbox 2085 1133 2181 1183; x_wconf 71' lang='grc' dir='ltr'>τοῦ</span> <span class='ocrx_word' id='word_1_169' title='bbox 2217 1127 2393 1204; x_wconf 74' lang='grc' dir='ltr'>βήλου</span> <span class='ocrx_word' id='word_1_170' title='bbox 2422 1131 2520 1182; x_wconf 79' lang='grc' dir='ltr'>τοῦ</span> <span class='ocrx_word' id='word_1_171' title='bbox 2554 1125 2801 1205; x_wconf 75' lang='grc' dir='ltr'>μεγάλου</span> <span class='ocrx_word' id='word_1_172' title='bbox 2834 1130 3044 1201; x_wconf 81' lang='grc' dir='ltr'>θερινοῦ</span> <span class='ocrx_word' id='word_1_173' title='bbox 3093 1130 3507 1204; x_wconf 77' lang='grc' dir='ltr'>κονσιστωρίου.</span> <span class='ocrx_word' id='word_1_174' title='bbox 3563 1129 3770 1187; x_wconf 82' lang='grc' dir='ltr'>Ἀνοί-</span> 
     </span>
    </p>
   </div>
   <div class='ocr_carea' id='block_1_27' title="bbox 2086 1215 3765 1293">
    <p class='ocr_par' dir='ltr' id='par_1_27' title="bbox 2086 1215 3765 1293">
     <span class='ocr_line' id='line_1_27' title="bbox 2086 1215 3765 1293; baseline 0.002 -21"><span class='ocrx_word' id='word_1_175' title='bbox 2086 1239 2267 1293; x_wconf 80' lang='grc' dir='ltr'>γονται</span> <span class='ocrx_word' id='word_1_176' title='bbox 2310 1215 2365 1272; x_wconf 75' lang='grc' dir='ltr'>δὲ</span> <span class='ocrx_word' id='word_1_177' title='bbox 2415 1218 2467 1271; x_wconf 78' lang='grc' dir='ltr'>αἱ</span> <span class='ocrx_word' id='word_1_178' title='bbox 2499 1222 2643 1290; x_wconf 85' lang='grc' dir='ltr'>τρεῖς</span> <span class='ocrx_word' id='word_1_179' title='bbox 2703 1216 2858 1291; x_wconf 80' lang='grc' dir='ltr'>θύραι</span> <span class='ocrx_word' id='word_1_180' title='bbox 2915 1221 3013 1271; x_wconf 81' lang='grc' dir='ltr'>τοῦ</span> <span class='ocrx_word' id='word_1_181' title='bbox 3053 1218 3465 1293; x_wconf 77' lang='grc' dir='ltr'>κονσιστωρίου,</span> <span class='ocrx_word' id='word_1_182' title='bbox 3516 1218 3618 1274; x_wconf 72' lang='grc' dir='ltr'>ἐὰν</span> <span class='ocrx_word' id='word_1_183' title='bbox 3650 1216 3765 1293; x_wconf 71' lang='grc' dir='ltr'>ἔχῃ</span> 
     </span>
    </p>
   </div>
   <div class='ocr_carea' id='block_1_28' title="bbox 2085 1304 3760 1383">
    <p class='ocr_par' dir='ltr' id='par_1_28' title="bbox 2085 1304 3760 1383">
     <span class='ocr_line' id='line_1_28' title="bbox 2085 1304 3760 1383; baseline 0.001 -22"><span class='ocrx_word' id='word_1_184' title='bbox 2085 1307 2288 1368; x_wconf 76' lang='grc' dir='ltr'>ἳππους</span> <span class='ocrx_word' id='word_1_185' title='bbox 2321 1308 2432 1380; x_wconf 88' lang='grc'>(91)</span> <span class='ocrx_word' id='word_1_186' title='bbox 2493 1304 2568 1367; x_wconf 65' lang='grc' dir='ltr'>εἷς</span> <span class='ocrx_word' id='word_1_187' title='bbox 2629 1306 2697 1360; x_wconf 79' lang='grc' dir='ltr'>τὰ</span> <span class='ocrx_word' id='word_1_188' title='bbox 2742 1306 2905 1375; x_wconf 72' lang='grc' dir='ltr'>ξένια.</span> <span class='ocrx_word' id='word_1_189' title='bbox 2950 1305 3053 1363; x_wconf 81' lang='grc' dir='ltr'>Καὶ</span> <span class='ocrx_word' id='word_1_190' title='bbox 3128 1306 3256 1379; x_wconf 82' lang='grc' dir='ltr'>τρία</span> <span class='ocrx_word' id='word_1_191' title='bbox 3298 1305 3447 1383; x_wconf 84' lang='grc' dir='ltr'>βῆλα</span> <span class='ocrx_word' id='word_1_192' title='bbox 3522 1310 3760 1371; x_wconf 80' lang='grc' dir='ltr'>πάντως</span> 
     </span>
    </p>
   </div>
   <div class='ocr_carea' id='block_1_29' title="bbox 2087 1393 3762 1471">
    <p class='ocr_par' dir='ltr' id='par_1_29' title="bbox 2087 1393 3762 1471">
     <span class='ocr_line' id='line_1_29' title="bbox 2087 1393 3762 1471; baseline 0.001 -20"><span class='ocrx_word' id='word_1_193' title='bbox 2087 1398 2384 1469; x_wconf 72' lang='grc' dir='ltr'>κρέμανται</span> <span class='ocrx_word' id='word_1_194' title='bbox 2443 1393 2769 1470; x_wconf 78' lang='grc' dir='ltr'>ὁλοσήρικα.</span> <span class='ocrx_word' id='word_1_195' title='bbox 2824 1396 2929 1452; x_wconf 78' lang='grc' dir='ltr'>Καὶ</span> <span class='ocrx_word' id='word_1_196' title='bbox 3008 1397 3137 1469; x_wconf 83' lang='grc' dir='ltr'>μεθὸ</span> <span class='ocrx_word' id='word_1_197' title='bbox 3207 1393 3476 1471; x_wconf 81' lang='grc' dir='ltr'>δεχθῶσιν</span> <span class='ocrx_word' id='word_1_198' title='bbox 3541 1398 3762 1459; x_wconf 77' lang='grc' dir='ltr'>πάντες</span> 
     </span>
    </p>
   </div>
   <div class='ocr_carea' id='block_1_30' title="bbox 2089 1482 3769 1560">
    <p class='ocr_par' dir='ltr' id='par_1_30' title="bbox 2089 1482 3769 1560">
     <span class='ocr_line' id='line_1_30' title="bbox 2089 1482 3769 1560; baseline 0.001 -19"><span class='ocrx_word' id='word_1_199' title='bbox 2089 1487 2141 1541; x_wconf 73' lang='grc' dir='ltr'>οἱ</span> <span class='ocrx_word' id='word_1_200' title='bbox 2208 1484 2491 1560; x_wconf 79' lang='grc' dir='ltr'>ἄρχοντες,</span> <span class='ocrx_word' id='word_1_201' title='bbox 2534 1483 2733 1539; x_wconf 79' lang='grc' dir='ltr'>κιτεῦει</span> <span class='ocrx_word' id='word_1_202' title='bbox 2788 1484 2887 1558; x_wconf 82' lang='grc' dir='ltr'>(ὡς</span> <span class='ocrx_word' id='word_1_203' title='bbox 2934 1482 2987 1538; x_wconf 82' lang='grc' dir='ltr'>ἐν</span> <span class='ocrx_word' id='word_1_204' title='bbox 3048 1484 3295 1547; x_wconf 82' lang='grc' dir='ltr'>ὑποθέσει</span> <span class='ocrx_word' id='word_1_205' title='bbox 3363 1488 3520 1560; x_wconf 83' lang='grc'>[92])</span> <span class='ocrx_word' id='word_1_206' title='bbox 3566 1488 3595 1542; x_wconf 82' lang='grc' dir='ltr'>ὁ</span> <span class='ocrx_word' id='word_1_207' title='bbox 3664 1490 3769 1559; x_wconf 77' lang='grc' dir='ltr'>μά-</span> 
     </span>
    </p>
   </div>
   <div class='ocr_carea' id='block_1_31' title="bbox 2087 1570 3765 1649">
    <p class='ocr_par' dir='ltr' id='par_1_31' title="bbox 2087 1570 3765 1649">
     <span class='ocr_line' id='line_1_31' title="bbox 2087 1570 3765 1649; baseline 0 -20"><span class='ocrx_word' id='word_1_208' title='bbox 2087 1594 2306 1649; x_wconf 82' lang='grc' dir='ltr'>γιστρος</span> <span class='ocrx_word' id='word_1_209' title='bbox 2367 1572 2557 1635; x_wconf 76' lang='grc' dir='ltr'>οὕτως·</span> <span class='ocrx_word' id='word_1_210' title='bbox 2628 1594 2659 1624; x_wconf 91' lang='grc'>‹‹</span> <span class='ocrx_word' id='word_1_211' title='bbox 2726 1572 3007 1643; x_wconf 79' lang='grc' dir='ltr'>Κληθήτω</span> <span class='ocrx_word' id='word_1_212' title='bbox 3050 1570 3311 1636; x_wconf 81' lang='grc' dir='ltr'>Ἰἑσδεκος</span> <span class='ocrx_word' id='word_1_213' title='bbox 3351 1576 3467 1649; x_wconf 83' lang='grc'>(93)</span> <span class='ocrx_word' id='word_1_214' title='bbox 3509 1576 3536 1630; x_wconf 82' lang='grc' dir='ltr'>ὁ</span> <span class='ocrx_word' id='word_1_215' title='bbox 3579 1575 3765 1647; x_wconf 81' lang='grc' dir='ltr'>πρὲσ-</span> 
     </span>
    </p>
   </div>
   <div class='ocr_carea' id='block_1_32' title="bbox 2093 1659 3765 1737">
    <p class='ocr_par' dir='ltr' id='par_1_32' title="bbox 2093 1659 3765 1737">
     <span class='ocr_line' id='line_1_32' title="bbox 2093 1659 3765 1737; baseline 0.001 -19"><span class='ocrx_word' id='word_1_216' title='bbox 2093 1659 2195 1734; x_wconf 78' lang='grc' dir='ltr'>6ης</span> <span class='ocrx_word' id='word_1_217' title='bbox 2226 1660 2474 1737; x_wconf 72' lang='grc' dir='ltr'>Χοσρόου</span> <span class='ocrx_word' id='word_1_218' title='bbox 2513 1665 2611 1717; x_wconf 75' lang='grc' dir='ltr'>τοῦ</span> <span class='ocrx_word' id='word_1_219' title='bbox 2656 1660 2924 1737; x_wconf 82' lang='grc' dir='ltr'>βασιλέως</span> <span class='ocrx_word' id='word_1_220' title='bbox 2956 1667 3176 1737; x_wconf 83' lang='grc' dir='ltr'>Περσῶν</span> <span class='ocrx_word' id='word_1_221' title='bbox 3217 1662 3308 1717; x_wconf 85' lang='grc' dir='ltr'>καὶ</span> <span class='ocrx_word' id='word_1_222' title='bbox 3354 1664 3407 1718; x_wconf 74' lang='grc' dir='ltr'>οἱ</span> <span class='ocrx_word' id='word_1_223' title='bbox 3464 1665 3555 1718; x_wconf 83' lang='grc' dir='ltr'>σὺν</span> <span class='ocrx_word' id='word_1_224' title='bbox 3600 1664 3765 1735; x_wconf 78' lang='grc' dir='ltr'>αὖτῷ</span> 
     </span>
    </p>
   </div>
   <div class='ocr_carea' id='block_1_33' title="bbox 2092 1749 3753 1827">
    <p class='ocr_par' dir='ltr' id='par_1_33' title="bbox 2092 1749 3753 1827">
     <span class='ocr_line' id='line_1_33' title="bbox 2092 1749 3753 1827; baseline 0 -20"><span class='ocrx_word' id='word_1_225' title='bbox 2092 1751 2361 1822; x_wconf 82' lang='grc' dir='ltr'>ἐλθόντες,</span> <span class='ocrx_word' id='word_1_226' title='bbox 2421 1750 2511 1806; x_wconf 78' lang='grc' dir='ltr'>καὶ</span> <span class='ocrx_word' id='word_1_227' title='bbox 2578 1749 2763 1826; x_wconf 75' lang='grc' dir='ltr'>ἐπάγει</span> <span class='ocrx_word' id='word_1_228' title='bbox 2831 1754 2945 1826; x_wconf 82' lang='grc'>(94)</span> <span class='ocrx_word' id='word_1_229' title='bbox 2984 1751 3285 1827; x_wconf 81' lang='grc' dir='ltr'>ἀρμάτους.</span> <span class='ocrx_word' id='word_1_230' title='bbox 3346 1775 3374 1804; x_wconf 84' lang='grc'><strong>›)</strong></span> <span class='ocrx_word' id='word_1_231' title='bbox 3423 1752 3647 1825; x_wconf 75' lang='grc' dir='ltr'>Ταύτην</span> <span class='ocrx_word' id='word_1_232' title='bbox 3692 1750 3753 1808; x_wconf 70' lang='grc' dir='ltr'>δὶ</span> 
     </span>
    </p>
   </div>
   <div class='ocr_carea' id='block_1_34' title="bbox 1696 1870 2384 1930">
    <p class='ocr_par' dir='ltr' id='par_1_34' title="bbox 1696 1870 2384 1930">
     <span class='ocr_line' id='line_1_34' title="bbox 1696 1870 2384 1930; baseline -0.003 -3"><span class='ocrx_word' id='word_1_233' title='bbox 1696 1873 1934 1929; x_wconf 79' lang='lat' dir='ltr'>VARI/E</span> <span class='ocrx_word' id='word_1_234' title='bbox 1974 1870 2384 1930; x_wconf 88' lang='lat' dir='ltr'>LECTIONES.</span> 
     </span>
    </p>
   </div>
   <div class='ocr_carea' id='block_1_35' title="bbox 417 1974 1745 2056">
    <p class='ocr_par' dir='ltr' id='par_1_35' title="bbox 417 1974 1745 2056">
     <span class='ocr_line' id='line_1_35' title="bbox 417 1974 1745 2056; baseline 0.008 -28"><span class='ocrx_word' id='word_1_235' title='bbox 417 1975 461 2010; x_wconf 72' lang='grc' dir='ltr'>ίτ</span> <span class='ocrx_word' id='word_1_236' title='bbox 493 1977 707 2034; x_wconf 74' lang='grc' dir='ltr'><strong>ΣΧΟΛ.</strong></span> <span class='ocrx_word' id='word_1_237' title='bbox 732 1974 950 2040; x_wconf 72' lang='grc' dir='ltr'>παῖδας.</span> <span class='ocrx_word' id='word_1_238' title='bbox 1031 1981 1073 2016; x_wconf 80' lang='grc'>¹⁸</span> <span class='ocrx_word' id='word_1_239' title='bbox 1104 1979 1468 2056; x_wconf 79' lang='grc' dir='ltr'>πραιποσίτοο</span> <span class='ocrx_word' id='word_1_240' title='bbox 1495 1988 1645 2053; x_wconf 80' lang='lat' dir='ltr'>conj.</span> <span class='ocrx_word' id='word_1_241' title='bbox 1679 1987 1745 2039; x_wconf 84' lang='grc' dir='ltr'>Β.</span> 
     </span>
    </p>
   </div>
   <div class='ocr_carea' id='block_1_36' title="bbox 1387 2067 2694 2128">
    <p class='ocr_par' dir='ltr' id='par_1_36' title="bbox 1387 2067 2694 2128">
     <span class='ocr_line' id='line_1_36' title="bbox 1387 2067 2694 2128; baseline -0.004 0"><span class='ocrx_word' id='word_1_242' title='bbox 1387 2073 1581 2128; x_wconf 84' lang='lat' dir='ltr'>JOAN.</span> <span class='ocrx_word' id='word_1_243' title='bbox 1623 2072 1768 2128; x_wconf 86' lang='lat' dir='ltr'>JAC.</span> <span class='ocrx_word' id='word_1_244' title='bbox 1814 2072 2072 2127; x_wconf 82' lang='lat' dir='ltr'>REISKII</span> <span class='ocrx_word' id='word_1_245' title='bbox 2111 2067 2694 2126; x_wconf 81' lang='lat' dir='ltr'>COMMENTARIUS.</span> 
     </span>
    </p>
   </div>
   <div class='ocr_carea' id='block_1_37' title="bbox 282 2155 3747 2229">
    <p class='ocr_par' dir='ltr' id='par_1_37' title="bbox 282 2155 3747 2229">
     <span class='ocr_line' id='line_1_37' title="bbox 282 2155 3747 2229; baseline 0.002 -22"><span class='ocrx_word' id='word_1_246' title='bbox 282 2198 291 2207; x_wconf 77' lang='lat'><strong><em>,</em></strong></span> <span class='ocrx_word' id='word_1_247' title='bbox 342 2155 483 2212; x_wconf 85' lang='lat' dir='ltr'>alibi</span> <span class='ocrx_word' id='word_1_248' title='bbox 515 2158 697 2212; x_wconf 79' lang='lat' dir='ltr'>nostri</span> <span class='ocrx_word' id='word_1_249' title='bbox 728 2159 943 2215; x_wconf 78' lang='lat' dir='ltr'>codicis</span> <span class='ocrx_word' id='word_1_250' title='bbox 991 2162 1051 2215; x_wconf 81' lang='lat' dir='ltr'>in</span> <span class='ocrx_word' id='word_1_251' title='bbox 1100 2162 1308 2216; x_wconf 84' lang='lat' dir='ltr'>multus</span> <span class='ocrx_word' id='word_1_252' title='bbox 1349 2178 1527 2215; x_wconf 82' lang='lat' dir='ltr'>annus</span> <span class='ocrx_word' id='word_1_253' title='bbox 1556 2178 1652 2229; x_wconf 90' lang='lat' dir='ltr'>pro</span> <span class='ocrx_word' id='word_1_254' title='bbox 1693 2162 1751 2215; x_wconf 87' lang='lat' dir='ltr'>in</span> <span class='ocrx_word' id='word_1_255' title='bbox 1784 2162 1982 2215; x_wconf 81' lang='lat' dir='ltr'>multos</span> <span class='ocrx_word' id='word_1_256' title='bbox 2016 2166 2059 2228; x_wconf 84' lang='grc' dir='ltr'>Β</span> <span class='ocrx_word' id='word_1_257' title='bbox 2092 2160 2300 2215; x_wconf 91' lang='lat' dir='ltr'>liorum</span> <span class='ocrx_word' id='word_1_258' title='bbox 2332 2160 2460 2229; x_wconf 85' lang='lat' dir='ltr'>ejus</span> <span class='ocrx_word' id='word_1_259' title='bbox 2492 2157 2762 2213; x_wconf 91' lang='lat' dir='ltr'>conscius</span> <span class='ocrx_word' id='word_1_260' title='bbox 2784 2161 2840 2212; x_wconf 89' lang='lat' dir='ltr'>et</span> <span class='ocrx_word' id='word_1_261' title='bbox 2862 2156 3747 2229; x_wconf 10' lang='lat' dir='ltr'>familiarisintimaradmissio-</span> 
     </span>
    </p>
   </div>
   <div class='ocr_carea' id='block_1_38' title="bbox 340 2231 1981 2304">
    <p class='ocr_par' dir='ltr' id='par_1_38' title="bbox 340 2231 1981 2304">
     <span class='ocr_line' id='line_1_38' title="bbox 340 2231 1981 2304; baseline 0.001 -19"><span class='ocrx_word' id='word_1_262' title='bbox 340 2231 726 2304; x_wconf 73' lang='lat' dir='ltr'>annos;item</span> <span class='ocrx_word' id='word_1_263' title='bbox 781 2248 909 2302; x_wconf 87' lang='lat' dir='ltr'>pag.</span> <span class='ocrx_word' id='word_1_264' title='bbox 959 2233 1083 2299; x_wconf 89' lang='lat'>404,</span> <span class='ocrx_word' id='word_1_265' title='bbox 1130 2234 1187 2288; x_wconf 93' lang='lat' dir='ltr'>C.</span> <span class='ocrx_word' id='word_1_266' title='bbox 1242 2233 1561 2289; x_wconf 81' lang='lat' dir='ltr'>PARATUS</span> <span class='ocrx_word' id='word_1_267' title='bbox 1613 2250 1713 2304; x_wconf 88' lang='lat' dir='ltr'>pro</span> <span class='ocrx_word' id='word_1_268' title='bbox 1742 2238 1981 2303; x_wconf 86' lang='lat' dir='ltr'>paratos,</span> 
     </span>
    </p>
   </div>
   <div class='ocr_carea' id='block_1_39' title="bbox 342 2300 1983 2373">
    <p class='ocr_par' dir='ltr' id='par_1_39' title="bbox 342 2300 1983 2373">
     <span class='ocr_line' id='line_1_39' title="bbox 342 2300 1983 2373; baseline 0.002 -17"><span class='ocrx_word' id='word_1_269' title='bbox 342 2316 550 2372; x_wconf 82' lang='lat' dir='ltr'>nempe</span> <span class='ocrx_word' id='word_1_270' title='bbox 578 2300 937 2373; x_wconf 77' lang='lat' dir='ltr'>ﬂagitamus,</span> <span class='ocrx_word' id='word_1_271' title='bbox 964 2304 1049 2359; x_wconf 90' lang='lat' dir='ltr'>vel</span> <span class='ocrx_word' id='word_1_272' title='bbox 1094 2306 1459 2372; x_wconf 83' lang='lat' dir='ltr'>arcessimus,</span> <span class='ocrx_word' id='word_1_273' title='bbox 1494 2304 1580 2358; x_wconf 90' lang='lat' dir='ltr'>vel</span> <span class='ocrx_word' id='word_1_274' title='bbox 1615 2300 1753 2359; x_wconf 47' lang='lat' dir='ltr'>huc&#39;</span> <span class='ocrx_word' id='word_1_275' title='bbox 1777 2306 1983 2359; x_wconf 86' lang='lat' dir='ltr'>adesse</span> 
     </span>
    </p>
   </div>
   <div class='ocr_carea' id='block_1_40' title="bbox 340 2373 1980 2447">
    <p class='ocr_par' dir='ltr' id='par_1_40' title="bbox 340 2373 1980 2447">
     <span class='ocr_line' id='line_1_40' title="bbox 340 2373 1980 2447; baseline 0.001 -19"><span class='ocrx_word' id='word_1_276' title='bbox 340 2373 633 2447; x_wconf 76' lang='lat' dir='ltr'>volumus.</span> <span class='ocrx_word' id='word_1_277' title='bbox 661 2377 816 2443; x_wconf 83' lang='lat' dir='ltr'>Apud</span> <span class='ocrx_word' id='word_1_278' title='bbox 868 2375 1250 2432; x_wconf 87' lang='lat' dir='ltr'>Muratorium</span> <span class='ocrx_word' id='word_1_279' title='bbox 1291 2379 1348 2431; x_wconf 90' lang='lat' dir='ltr'>in</span> <span class='ocrx_word' id='word_1_280' title='bbox 1377 2378 1674 2431; x_wconf 85' lang='lat' dir='ltr'>Thesauro</span> <span class='ocrx_word' id='word_1_281' title='bbox 1708 2377 1980 2447; x_wconf 89' lang='lat' dir='ltr'>lnscript.</span> 
     </span>
    </p>
   </div>
   <div class='ocr_carea' id='block_1_41' title="bbox 342 2445 1982 2516">
    <p class='ocr_par' dir='ltr' id='par_1_41' title="bbox 342 2445 1982 2516">
     <span class='ocr_line' id='line_1_41' title="bbox 342 2445 1982 2516; baseline 0.002 -18"><span class='ocrx_word' id='word_1_282' title='bbox 342 2461 399 2516; x_wconf 90' lang='lat' dir='ltr'>p.</span> <span class='ocrx_word' id='word_1_283' title='bbox 437 2445 594 2506; x_wconf 88' lang='lat'>1669,</span> <span class='ocrx_word' id='word_1_284' title='bbox 638 2463 693 2499; x_wconf 86' lang='grc' dir='ltr'>ιι.</span> <span class='ocrx_word' id='word_1_285' title='bbox 737 2447 792 2512; x_wconf 90' lang='lat'>7,</span> <span class='ocrx_word' id='word_1_286' title='bbox 838 2447 895 2500; x_wconf 94' lang='lat' dir='ltr'>in</span> <span class='ocrx_word' id='word_1_287' title='bbox 950 2448 1329 2515; x_wconf 81' lang='lat' dir='ltr'>inscriptione</span> <span class='ocrx_word' id='word_1_288' title='bbox 1374 2450 1707 2514; x_wconf 82' lang='lat' dir='ltr'>retrograde</span> <span class='ocrx_word' id='word_1_289' title='bbox 1756 2445 1982 2502; x_wconf 72' lang='lat' dir='ltr'>exarata</span> 
     </span>
    </p>
   </div>
   <div class='ocr_carea' id='block_1_42' title="bbox 342 2516 1983 2583">
    <p class='ocr_par' dir='ltr' id='par_1_42' title="bbox 342 2516 1983 2583">
     <span class='ocr_line' id='line_1_42' title="bbox 342 2516 1983 2583; baseline 0 -11"><span class='ocrx_word' id='word_1_290' title='bbox 342 2521 430 2572; x_wconf 90' lang='lat' dir='ltr'>est</span> <span class='ocrx_word' id='word_1_291' title='bbox 462 2516 618 2570; x_wconf 85' lang='lat' dir='ltr'><strong>ELIA</strong></span> <span class='ocrx_word' id='word_1_292' title='bbox 648 2517 1033 2573; x_wconf 84' lang='lat' dir='ltr'>VINCENTIA</span> <span class='ocrx_word' id='word_1_293' title='bbox 1074 2519 1211 2583; x_wconf 86' lang='lat' dir='ltr'>QUE</span> <span class='ocrx_word' id='word_1_294' title='bbox 1253 2520 1456 2574; x_wconf 86' lang='lat' dir='ltr'>VlXI&#39;I‘</span> <span class='ocrx_word' id='word_1_295' title='bbox 1492 2519 1729 2574; x_wconf 88' lang='lat' dir='ltr'><strong>ANNUS</strong></span> <span class='ocrx_word' id='word_1_296' title='bbox 1762 2518 1904 2579; x_wconf 87' lang='lat' dir='ltr'>XVI,</span> <span class='ocrx_word' id='word_1_297' title='bbox 1930 2526 1983 2572; x_wconf 86' lang='lat' dir='ltr'>et</span> 
     </span>
    </p>
   </div>
   <div class='ocr_carea' id='block_1_43' title="bbox 342 2588 1981 2653">
    <p class='ocr_par' dir='ltr' id='par_1_43' title="bbox 342 2588 1981 2653">
     <span class='ocr_line' id='line_1_43' title="bbox 342 2588 1981 2653; baseline 0.002 -12"><span class='ocrx_word' id='word_1_298' title='bbox 342 2604 399 2653; x_wconf 89' lang='lat' dir='ltr'>p.</span> <span class='ocrx_word' id='word_1_299' title='bbox 435 2588 593 2653; x_wconf 76' lang='lat'>1920,</span> <span class='ocrx_word' id='word_1_300' title='bbox 628 2591 796 2642; x_wconf 79' lang='lat' dir='ltr'>n.16.</span> <span class='ocrx_word' id='word_1_301' title='bbox 830 2590 1027 2644; x_wconf 86' lang='lat' dir='ltr'>VlXIT</span> <span class='ocrx_word' id='word_1_302' title='bbox 1060 2591 1230 2646; x_wconf 82' lang='lat' dir='ltr'>PLUS</span> <span class='ocrx_word' id='word_1_303' title='bbox 1265 2591 1489 2645; x_wconf 84' lang='lat' dir='ltr'><strong>MINUS</strong></span> <span class='ocrx_word' id='word_1_304' title='bbox 1519 2591 1765 2646; x_wconf 84' lang='lat' dir='ltr'><strong>ANNUS</strong></span> <span class='ocrx_word' id='word_1_305' title='bbox 1798 2590 1981 2645; x_wconf 81' lang='lat' dir='ltr'>XXII.</span> 
     </span>
    </p>
   </div>
   <div class='ocr_carea' id='block_1_44' title="bbox 342 2658 1984 2730">
    <p class='ocr_par' dir='ltr' id='par_1_44' title="bbox 342 2658 1984 2730">
     <span class='ocr_line' id='line_1_44' title="bbox 342 2658 1984 2730; baseline 0.002 -18"><span class='ocrx_word' id='word_1_306' title='bbox 342 2660 407 2712; x_wconf 91' lang='lat' dir='ltr'>In</span> <span class='ocrx_word' id='word_1_307' title='bbox 445 2658 1039 2730; x_wconf 15' lang='lat' dir='ltr'>ejusdemiAntiquit.</span> <span class='ocrx_word' id='word_1_308' title='bbox 1088 2662 1250 2715; x_wconf 88' lang='lat' dir='ltr'>Italic</span> <span class='ocrx_word' id='word_1_309' title='bbox 1314 2673 1350 2716; x_wconf 90' lang='lat' dir='ltr'>t.</span> <span class='ocrx_word' id='word_1_310' title='bbox 1388 2664 1458 2726; x_wconf 88' lang='lat' dir='ltr'>ll,</span> <span class='ocrx_word' id='word_1_311' title='bbox 1494 2679 1547 2725; x_wconf 89' lang='lat' dir='ltr'>p.</span> <span class='ocrx_word' id='word_1_312' title='bbox 1586 2662 1741 2723; x_wconf 81' lang='lat'>1011,</span> <span class='ocrx_word' id='word_1_313' title='bbox 1774 2672 1857 2715; x_wconf 87' lang='lat' dir='ltr'>est</span> <span class='ocrx_word' id='word_1_314' title='bbox 1890 2663 1984 2715; x_wconf 85' lang='lat' dir='ltr'>in—</span> 
     </span>
    </p>
   </div>
   <div class='ocr_carea' id='block_1_45' title="bbox 343 2728 1981 2800">
    <p class='ocr_par' dir='ltr' id='par_1_45' title="bbox 343 2728 1981 2800">
     <span class='ocr_line' id='line_1_45' title="bbox 343 2728 1981 2800; baseline 0.004 -21"><span class='ocrx_word' id='word_1_315' title='bbox 343 2728 581 2800; x_wconf 70' lang='lat' dir='ltr'>scriptio</span> <span class='ocrx_word' id='word_1_316' title='bbox 614 2730 683 2800; x_wconf 83' lang='lat' dir='ltr'>de</span> <span class='ocrx_word' id='word_1_317' title='bbox 716 2729 829 2785; x_wconf 81' lang='lat' dir='ltr'>ﬁne</span> <span class='ocrx_word' id='word_1_318' title='bbox 874 2728 1067 2785; x_wconf 60' lang='lat' dir='ltr'>smculi</span> <span class='ocrx_word' id='word_1_319' title='bbox 1105 2733 1291 2800; x_wconf 85' lang='lat' dir='ltr'>quarti</span> <span class='ocrx_word' id='word_1_320' title='bbox 1325 2733 1389 2787; x_wconf 93' lang='lat' dir='ltr'>lC</span> <span class='ocrx_word' id='word_1_321' title='bbox 1414 2733 1757 2797; x_wconf 79' lang='lat' dir='ltr'>QUIESCET</span> <span class='ocrx_word' id='word_1_322' title='bbox 1790 2733 1981 2787; x_wconf 92' lang='lat' dir='ltr'>CUTl-</span> 
     </span>
    </p>
   </div>
   <div class='ocr_carea' id='block_1_46' title="bbox 341 2798 1980 2874">
    <p class='ocr_par' dir='ltr' id='par_1_46' title="bbox 341 2798 1980 2874">
     <span class='ocr_line' id='line_1_46' title="bbox 341 2798 1980 2874; baseline 0.002 -20"><span class='ocrx_word' id='word_1_323' title='bbox 506 2799 582 2874; x_wconf 50' lang='lat' dir='ltr'>Il!</span> <span class='ocrx_word' id='word_1_324' title='bbox 619 2799 795 2874; x_wconf 79' lang='lat' dir='ltr'>PACE</span> <span class='ocrx_word' id='word_1_325' title='bbox 834 2802 953 2864; x_wconf 88' lang='lat' dir='ltr'>QUI</span> <span class='ocrx_word' id='word_1_326' title='bbox 984 2798 1183 2858; x_wconf 84' lang='lat' dir='ltr'>Vle&#39;I‘</span> <span class='ocrx_word' id='word_1_327' title='bbox 1217 2803 1407 2858; x_wconf 77' lang='lat' dir='ltr'>ANUS</span> <span class='ocrx_word' id='word_1_328' title='bbox 1443 2804 1538 2858; x_wconf 82' lang='lat' dir='ltr'>PM</span> <span class='ocrx_word' id='word_1_329' title='bbox 1573 2804 1724 2874; x_wconf 85' lang='lat' dir='ltr'>(plus</span> <span class='ocrx_word' id='word_1_330' title='bbox 1758 2806 1980 2872; x_wconf 85' lang='lat' dir='ltr'>minus)</span> 
     </span>
    </p>
   </div>
   <div class='ocr_carea' id='block_1_47' title="bbox 340 2870 1975 2946">
    <p class='ocr_par' dir='ltr' id='par_1_47' title="bbox 340 2870 1975 2946">
     <span class='ocr_line' id='line_1_47' title="bbox 340 2870 1975 2946; baseline 0.002 -21"><span class='ocrx_word' id='word_1_331' title='bbox 340 2870 510 2946; x_wconf 66' lang='lat' dir='ltr'>XXC.</span> <span class='ocrx_word' id='word_1_332' title='bbox 544 2871 824 2946; x_wconf 75' lang='lat' dir='ltr'>Formulzn</span> <span class='ocrx_word' id='word_1_333' title='bbox 854 2878 1077 2929; x_wconf 85' lang='lat' dir='ltr'>veteres</span> <span class='ocrx_word' id='word_1_334' title='bbox 1110 2877 1259 2946; x_wconf 88' lang='lat' dir='ltr'>apud</span> <span class='ocrx_word' id='word_1_335' title='bbox 1310 2870 1658 2937; x_wconf 66' lang='lat' dir='ltr'>Bignonium</span> <span class='ocrx_word' id='word_1_336' title='bbox 1700 2892 1826 2945; x_wconf 88' lang='lat' dir='ltr'>cap.</span> <span class='ocrx_word' id='word_1_337' title='bbox 1860 2875 1929 2928; x_wconf 84' lang='lat'>29</span> <span class='ocrx_word' id='word_1_338' title='bbox 1963 2870 1975 2929; x_wconf 72' lang='grc' dir='ltr'>ξ</span> 
     </span>
    </p>
   </div>
   <div class='ocr_carea' id='block_1_48' title="bbox 341 2942 1979 3017">
    <p class='ocr_par' dir='ltr' id='par_1_48' title="bbox 341 2942 1979 3017">
     <span class='ocr_line' id='line_1_48' title="bbox 341 2942 1979 3017; baseline 0.002 -20"><span class='ocrx_word' id='word_1_339' title='bbox 341 2942 498 3009; x_wconf 70' lang='lat' dir='ltr'>homo</span> <span class='ocrx_word' id='word_1_340' title='bbox 526 2943 732 3013; x_wconf 82' lang='lat' dir='ltr'>aliquis</span> <span class='ocrx_word' id='word_1_341' title='bbox 760 2950 982 3000; x_wconf 78' lang='lat' dir='ltr'>nomine</span> <span class='ocrx_word' id='word_1_342' title='bbox 1014 2948 1129 3013; x_wconf 83' lang='lat' dir='ltr'>ille,</span> <span class='ocrx_word' id='word_1_343' title='bbox 1148 2942 1241 3001; x_wconf 44' lang='lat' dir='ltr'>&#39;sic</span> <span class='ocrx_word' id='word_1_344' title='bbox 1267 2951 1468 3016; x_wconf 78' lang='lat' dir='ltr'>factus,</span> <span class='ocrx_word' id='word_1_345' title='bbox 1501 2964 1672 3017; x_wconf 86' lang='lat' dir='ltr'>supra</span> <span class='ocrx_word' id='word_1_346' title='bbox 1709 2942 1792 3001; x_wconf 77' lang='lat' dir='ltr'>me</span> <span class='ocrx_word' id='word_1_347' title='bbox 1828 2946 1979 3001; x_wconf 80' lang='lat' dir='ltr'>venit</span> 
     </span>
    </p>
   </div>
   <div class='ocr_carea' id='block_1_49' title="bbox 340 3018 1977 3145">
    <p class='ocr_par' dir='ltr' id='par_1_49' title="bbox 340 3018 1977 3145">
     <span class='ocr_line' id='line_1_49' title="bbox 340 3018 1977 3145; baseline 0.002 -76"><span class='ocrx_word' id='word_1_348' title='bbox 340 3030 464 3069; x_wconf 87' lang='lat' dir='ltr'>cum</span> <span class='ocrx_word' id='word_1_349' title='bbox 492 3018 671 3069; x_wconf 84' lang='lat' dir='ltr'>armis</span> <span class='ocrx_word' id='word_1_350' title='bbox 700 3018 835 3085; x_wconf 89' lang='lat' dir='ltr'>suis,</span> <span class='ocrx_word' id='word_1_351' title='bbox 862 3028 913 3071; x_wconf 83' lang='lat' dir='ltr'>et</span> <span class='ocrx_word' id='word_1_352' title='bbox 942 3019 1124 3089; x_wconf 88' lang='lat' dir='ltr'>colpus</span> <span class='ocrx_word' id='word_1_353' title='bbox 1171 3019 1251 3145; x_wconf 55' lang='lat' dir='ltr'>(id</span> <span class='ocrx_word' id='word_1_354' title='bbox 1298 3024 1389 3073; x_wconf 85' lang='lat' dir='ltr'>est</span> <span class='ocrx_word' id='word_1_355' title='bbox 1435 3020 1631 3087; x_wconf 84' lang='lat' dir='ltr'>colpos,</span> <span class='ocrx_word' id='word_1_356' title='bbox 1683 3018 1748 3074; x_wconf 87' lang='lat' dir='ltr'>de</span> <span class='ocrx_word' id='word_1_357' title='bbox 1794 3034 1977 3087; x_wconf 88' lang='lat' dir='ltr'>coups,</span> 
     </span>
     <span class='ocr_line' id='line_1_50' title="bbox 340 3084 1977 3145; baseline 0.003 -5"><span class='ocrx_word' id='word_1_358' title='bbox 340 3084 515 3145; x_wconf 88' lang='lat' dir='ltr'>ictus.</span> <span class='ocrx_word' id='word_1_359' title='bbox 546 3088 803 3145; x_wconf 79' lang='lat' dir='ltr'>verbera.</span> <span class='ocrx_word' id='word_1_360' title='bbox 834 3091 995 3143; x_wconf 89' lang='lat' dir='ltr'>venit</span> <span class='ocrx_word' id='word_1_361' title='bbox 1026 3108 1059 3145; x_wconf 90' lang='lat' dir='ltr'>a</span> <span class='ocrx_word' id='word_1_362' title='bbox 1104 3108 1164 3144; x_wconf 81' lang='lat' dir='ltr'>co</span> <span class='ocrx_word' id='word_1_363' title='bbox 1193 3090 1388 3145; x_wconf 80' lang='lat' dir='ltr'>aphusl</span> <span class='ocrx_word' id='word_1_364' title='bbox 1419 3107 1584 3145; x_wconf 77' lang='lat' dir='ltr'>super</span> <span class='ocrx_word' id='word_1_365' title='bbox 1614 3107 1699 3145; x_wconf 87' lang='lat' dir='ltr'>me</span> <span class='ocrx_word' id='word_1_366' title='bbox 1729 3089 1897 3145; x_wconf 82' lang='lat' dir='ltr'>misit.</span> <span class='ocrx_word' id='word_1_367' title='bbox 1929 3095 1977 3145; x_wconf 86' lang='lat' dir='ltr'>et</span> 
     </span>
    </p>
   </div>
   <div class='ocr_carea' id='block_1_50' title="bbox 338 3088 1979 3162">
    <p class='ocr_par' dir='ltr' id='par_1_50' title="bbox 338 3088 1979 3162">
     <span class='ocr_line' id='line_1_51' title="bbox 338 3088 1979 3162; baseline 0.003 -22"><span class='ocrx_word' id='word_1_368' title='bbox 338 3088 515 3162; x_wconf 80' lang='lat' dir='ltr'>ictus,</span> <span class='ocrx_word' id='word_1_369' title='bbox 546 3088 803 3162; x_wconf 63' lang='lat' dir='ltr'>verbera,</span> <span class='ocrx_word' id='word_1_370' title='bbox 834 3091 995 3143; x_wconf 90' lang='lat' dir='ltr'>venit</span> <span class='ocrx_word' id='word_1_371' title='bbox 1026 3088 1059 3145; x_wconf 85' lang='lat' dir='ltr'>a</span> <span class='ocrx_word' id='word_1_372' title='bbox 1104 3088 1388 3162; x_wconf 80' lang='lat' dir='ltr'>coluphus]</span> <span class='ocrx_word' id='word_1_373' title='bbox 1419 3107 1584 3160; x_wconf 82' lang='lat' dir='ltr'>super</span> <span class='ocrx_word' id='word_1_374' title='bbox 1614 3107 1699 3145; x_wconf 87' lang='lat' dir='ltr'>me</span> <span class='ocrx_word' id='word_1_375' title='bbox 1729 3089 1897 3157; x_wconf 82' lang='lat' dir='ltr'>misit,</span> <span class='ocrx_word' id='word_1_376' title='bbox 1929 3095 1979 3145; x_wconf 85' lang='lat' dir='ltr'>et</span> 
     </span>
    </p>
   </div>
   <div class='ocr_carea' id='block_1_51' title="bbox 339 3157 1979 3234">
    <p class='ocr_par' dir='ltr' id='par_1_51' title="bbox 339 3157 1979 3234">
     <span class='ocr_line' id='line_1_52' title="bbox 339 3157 1979 3234; baseline 0.002 -22"><span class='ocrx_word' id='word_1_377' title='bbox 339 3157 422 3234; x_wconf 68' lang='lat' dir='ltr'>sic</span> <span class='ocrx_word' id='word_1_378' title='bbox 449 3157 703 3234; x_wconf 81' lang='lat' dir='ltr'>dominus</span> <span class='ocrx_word' id='word_1_379' title='bbox 734 3159 921 3232; x_wconf 83' lang='lat' dir='ltr'>[deus]</span> <span class='ocrx_word' id='word_1_380' title='bbox 953 3157 1238 3234; x_wconf 73' lang='lat' dir='ltr'>directum</span> <span class='ocrx_word' id='word_1_381' title='bbox 1259 3157 1447 3234; x_wconf 49' lang='lat' dir='ltr'>[dro&#39;it,</span> <span class='ocrx_word' id='word_1_382' title='bbox 1474 3157 1594 3232; x_wconf 81' lang='lat' dir='ltr'>jus]</span> <span class='ocrx_word' id='word_1_383' title='bbox 1640 3162 1788 3216; x_wconf 82' lang='lat' dir='ltr'>mihi</span> <span class='ocrx_word' id='word_1_384' title='bbox 1831 3162 1979 3234; x_wconf 76' lang='lat' dir='ltr'>dedit</span> 
     </span>
    </p>
   </div>
   <div class='ocr_carea' id='block_1_52' title="bbox 341 3228 1979 3305">
    <p class='ocr_par' dir='ltr' id='par_1_52' title="bbox 341 3228 1979 3305">
     <span class='ocr_line' id='line_1_53' title="bbox 341 3228 1979 3305; baseline 0.001 -21"><span class='ocrx_word' id='word_1_385' title='bbox 341 3228 420 3305; x_wconf 75' lang='lat' dir='ltr'>[id</span> <span class='ocrx_word' id='word_1_386' title='bbox 453 3236 542 3285; x_wconf 89' lang='lat' dir='ltr'>est</span> <span class='ocrx_word' id='word_1_387' title='bbox 573 3228 782 3305; x_wconf 75' lang='lat' dir='ltr'>bonam</span> <span class='ocrx_word' id='word_1_388' title='bbox 834 3250 1064 3288; x_wconf 68' lang='lat' dir='ltr'>causam</span> <span class='ocrx_word' id='word_1_389' title='bbox 1099 3228 1290 3305; x_wconf 83' lang='lat' dir='ltr'>ipsum</span> <span class='ocrx_word' id='word_1_390' title='bbox 1327 3228 1725 3304; x_wconf 71' lang='lat' dir='ltr'>aggrediendi]</span> <span class='ocrx_word' id='word_1_391' title='bbox 1757 3242 1808 3287; x_wconf 78' lang='lat' dir='ltr'>et</span> <span class='ocrx_word' id='word_1_392' title='bbox 1839 3232 1979 3287; x_wconf 82' lang='lat' dir='ltr'>tales</span> 
     </span>
    </p>
   </div>
   <div class='ocr_carea' id='block_1_53' title="bbox 337 3302 1973 3376">
    <p class='ocr_par' dir='ltr' id='par_1_53' title="bbox 337 3302 1973 3376">
     <span class='ocr_line' id='line_1_54' title="bbox 337 3302 1973 3376; baseline 0.001 -21"><span class='ocrx_word' id='word_1_393' title='bbox 337 3302 521 3376; x_wconf 79' lang='lat' dir='ltr'>c_olpus</span> <span class='ocrx_word' id='word_1_394' title='bbox 551 3305 604 3357; x_wconf 87' lang='lat' dir='ltr'>ei</span> <span class='ocrx_word' id='word_1_395' title='bbox 631 3302 775 3369; x_wconf 83' lang='lat' dir='ltr'>dedi,</span> <span class='ocrx_word' id='word_1_396' title='bbox 807 3322 906 3371; x_wconf 83' lang='lat' dir='ltr'>pro</span> <span class='ocrx_word' id='word_1_397' title='bbox 937 3305 1009 3375; x_wconf 79' lang='lat' dir='ltr'>[id</span> <span class='ocrx_word' id='word_1_398' title='bbox 1040 3302 1207 3376; x_wconf 40' lang='lat' dir='ltr'>est‘a]</span> <span class='ocrx_word' id='word_1_399' title='bbox 1241 3302 1438 3375; x_wconf 73' lang='lat' dir='ltr'>quibus</span> <span class='ocrx_word' id='word_1_400' title='bbox 1468 3307 1580 3373; x_wconf 80' lang='lat' dir='ltr'>ipse</span> <span class='ocrx_word' id='word_1_401' title='bbox 1609 3302 1855 3359; x_wconf 78' lang='lat' dir='ltr'>mortuus</span> <span class='ocrx_word' id='word_1_402' title='bbox 1873 3314 1973 3357; x_wconf 83' lang='lat' dir='ltr'>est.</span> 
     </span>
    </p>
   </div>
   <div class='ocr_carea' id='block_1_54' title="bbox 339 3372 1977 3445">
    <p class='ocr_par' dir='ltr' id='par_1_54' title="bbox 339 3372 1977 3445">
     <span class='ocr_line' id='line_1_55' title="bbox 339 3372 1977 3445; baseline 0.001 -18"><span class='ocrx_word' id='word_1_403' title='bbox 339 3372 418 3445; x_wconf 80' lang='lat' dir='ltr'><strong>Ex</strong></span> <span class='ocrx_word' id='word_1_404' title='bbox 444 3372 552 3428; x_wconf 91' lang='lat' dir='ltr'>hoc</span> <span class='ocrx_word' id='word_1_405' title='bbox 586 3391 744 3445; x_wconf 83' lang='lat' dir='ltr'>more</span> <span class='ocrx_word' id='word_1_406' title='bbox 772 3391 801 3428; x_wconf 88' lang='lat'><em>0</em></span> <span class='ocrx_word' id='word_1_407' title='bbox 831 3382 887 3429; x_wconf 90' lang='lat' dir='ltr'>et</span> <span class='ocrx_word' id='word_1_408' title='bbox 908 3372 951 3429; x_wconf 43' lang='lat' dir='ltr'>u_</span> <span class='ocrx_word' id='word_1_409' title='bbox 974 3372 1340 3445; x_wconf 25' lang='lat' dir='ltr'>permut‘andi</span> <span class='ocrx_word' id='word_1_410' title='bbox 1372 3382 1687 3430; x_wconf 88' lang='lat' dir='ltr'>manarunt</span> <span class='ocrx_word' id='word_1_411' title='bbox 1707 3377 1977 3429; x_wconf 88' lang='lat' dir='ltr'>termina-</span> 
     </span>
    </p>
   </div>
   <div class='ocr_carea' id='block_1_55' title="bbox 238 3442 1976 3515">
    <p class='ocr_par' dir='ltr' id='par_1_55' title="bbox 238 3442 1976 3515">
     <span class='ocr_line' id='line_1_56' title="bbox 238 3442 1976 3515; baseline 0.002 -19"><span class='ocrx_word' id='word_1_412' title='bbox 238 3444 245 3449; x_wconf 83' lang='grc'><strong>’</strong></span> <span class='ocrx_word' id='word_1_413' title='bbox 337 3442 526 3499; x_wconf 86' lang='lat' dir='ltr'>tiones</span> <span class='ocrx_word' id='word_1_414' title='bbox 559 3446 616 3497; x_wconf 87' lang='lat' dir='ltr'>in</span> <span class='ocrx_word' id='word_1_415' title='bbox 649 3443 832 3514; x_wconf 72' lang='grc' dir='ltr'>ούριον</span> <span class='ocrx_word' id='word_1_416' title='bbox 871 3442 1207 3515; x_wconf 33' lang='grc' dir='ltr'>ριόνονίωη,</span> <span class='ocrx_word' id='word_1_417' title='bbox 1242 3454 1303 3501; x_wconf 91' lang='lat' dir='ltr'>ut</span> <span class='ocrx_word' id='word_1_418' title='bbox 1331 3446 1729 3509; x_wconf 81' lang='lat' dir='ltr'>armaturium,</span> <span class='ocrx_word' id='word_1_419' title='bbox 1755 3451 1810 3501; x_wconf 84' lang='lat' dir='ltr'>et</span> <span class='ocrx_word' id='word_1_420' title='bbox 1840 3446 1976 3511; x_wconf 86' lang='lat' dir='ltr'>alia,</span> 
     </span>
    </p>
   </div>
   <div class='ocr_carea' id='block_1_56' title="bbox 336 3515 2047 3595">
    <p class='ocr_par' dir='ltr' id='par_1_56' title="bbox 336 3515 2047 3595">
     <span class='ocr_line' id='line_1_57' title="bbox 336 3515 2047 3595; baseline 0.002 -26"><span class='ocrx_word' id='word_1_421' title='bbox 336 3516 407 3569; x_wconf 88' lang='lat' dir='ltr'>de</span> <span class='ocrx_word' id='word_1_422' title='bbox 438 3515 972 3595; x_wconf 41' lang='lat' dir='ltr'>quibus&#39;suolocq;</span> <span class='ocrx_word' id='word_1_423' title='bbox 1006 3524 1062 3595; x_wconf 78' lang='lat' dir='ltr'>et</span> <span class='ocrx_word' id='word_1_424' title='bbox 1091 3519 1283 3595; x_wconf 64' lang='lat' dir='ltr'>ipsum</span> <span class='ocrx_word' id='word_1_425' title='bbox 1316 3518 1643 3595; x_wconf 62' lang='lat' dir='ltr'>iltud,qttod</span> <span class='ocrx_word' id='word_1_426' title='bbox 1680 3517 1774 3595; x_wconf 80' lang='lat' dir='ltr'>h_ic</span> <span class='ocrx_word' id='word_1_427' title='bbox 1809 3518 1975 3595; x_wconf 76' lang='lat' dir='ltr'>habe-</span> <span class='ocrx_word' id='word_1_428' title='bbox 2005 3528 2047 3595; x_wconf 71' lang='grc' dir='ltr'><strong>ρ</strong></span> 
     </span>
    </p>
   </div>
   <div class='ocr_carea' id='block_1_57' title="bbox 334 3586 1973 3659">
    <p class='ocr_par' dir='ltr' id='par_1_57' title="bbox 334 3586 1973 3659">
     <span class='ocr_line' id='line_1_58' title="bbox 334 3586 1973 3659; baseline 0.001 -17"><span class='ocrx_word' id='word_1_429' title='bbox 334 3601 468 3642; x_wconf 88' lang='lat' dir='ltr'>mus</span> <span class='ocrx_word' id='word_1_430' title='bbox 500 3586 758 3656; x_wconf 83' lang='lat' dir='ltr'>proxime</span> <span class='ocrx_word' id='word_1_431' title='bbox 789 3586 1253 3649; x_wconf 80' lang='grc' dir='ltr'>ἀκουλουθοῦντας</span> <span class='ocrx_word' id='word_1_432' title='bbox 1290 3607 1390 3659; x_wconf 83' lang='lat' dir='ltr'>pro</span> <span class='ocrx_word' id='word_1_433' title='bbox 1421 3586 1868 3650; x_wconf 78' lang='grc' dir='ltr'>ἀκολουθοῦντας.</span> <span class='ocrx_word' id='word_1_434' title='bbox 1898 3594 1973 3643; x_wconf 88' lang='lat' dir='ltr'>De</span> 
     </span>
    </p>
   </div>
   <div class='ocr_carea' id='block_1_58' title="bbox 337 3659 1971 3716">
    <p class='ocr_par' dir='ltr' id='par_1_58' title="bbox 337 3659 1971 3716">
     <span class='ocr_line' id='line_1_59' title="bbox 337 3659 1971 3716; baseline 0.002 -5"><span class='ocrx_word' id='word_1_435' title='bbox 337 3673 500 3712; x_wconf 88' lang='lat' dir='ltr'>more</span> <span class='ocrx_word' id='word_1_436' title='bbox 518 3661 713 3711; x_wconf 89' lang='lat' dir='ltr'>autem</span> <span class='ocrx_word' id='word_1_437' title='bbox 738 3659 957 3715; x_wconf 87' lang='lat' dir='ltr'>litteras</span> <span class='ocrx_word' id='word_1_438' title='bbox 978 3662 1206 3716; x_wconf 70' lang='lat' dir='ltr'>Graecas</span> <span class='ocrx_word' id='word_1_439' title='bbox 1229 3666 1282 3715; x_wconf 88' lang='lat' dir='ltr'>et</span> <span class='ocrx_word' id='word_1_440' title='bbox 1307 3662 1537 3715; x_wconf 87' lang='lat' dir='ltr'>Latinas</span> <span class='ocrx_word' id='word_1_441' title='bbox 1560 3661 1971 3716; x_wconf 89' lang='lat' dir='ltr'>commiscendi</span> 
     </span>
    </p>
   </div>
   <div class='ocr_carea' id='block_1_59' title="bbox 335 3728 1969 3803">
    <p class='ocr_par' dir='ltr' id='par_1_59' title="bbox 335 3728 1969 3803">
     <span class='ocr_line' id='line_1_60' title="bbox 335 3728 1969 3803; baseline 0.002 -21"><span class='ocrx_word' id='word_1_442' title='bbox 335 3728 451 3803; x_wconf 65' lang='lat' dir='ltr'>vid.</span> <span class='ocrx_word' id='word_1_443' title='bbox 481 3729 726 3803; x_wconf 87' lang='lat' dir='ltr'>_Salmas.</span> <span class='ocrx_word' id='word_1_444' title='bbox 762 3732 831 3803; x_wconf 86' lang='lat' dir='ltr'>ad</span> <span class='ocrx_word' id='word_1_445' title='bbox 868 3732 1129 3803; x_wconf 87' lang='lat' dir='ltr'>lnscript.</span> <span class='ocrx_word' id='word_1_446' title='bbox 1165 3733 1405 3788; x_wconf 83' lang='lat' dir='ltr'>Herodis</span> <span class='ocrx_word' id='word_1_447' title='bbox 1428 3733 1599 3788; x_wconf 86' lang='lat' dir='ltr'>Attici</span> <span class='ocrx_word' id='word_1_448' title='bbox 1630 3750 1684 3803; x_wconf 91' lang='lat' dir='ltr'>p.</span> <span class='ocrx_word' id='word_1_449' title='bbox 1707 3733 1797 3797; x_wconf 88' lang='lat'>94,</span> <span class='ocrx_word' id='word_1_450' title='bbox 1830 3733 1969 3787; x_wconf 85' lang='lat' dir='ltr'>edit.</span> 
     </span>
    </p>
   </div>
   <div class='ocr_carea' id='block_1_60' title="bbox 338 3800 1971 3877">
    <p class='ocr_par' dir='ltr' id='par_1_60' title="bbox 338 3800 1971 3877">
     <span class='ocr_line' id='line_1_61' title="bbox 338 3800 1971 3877; baseline 0.002 -21"><span class='ocrx_word' id='word_1_451' title='bbox 338 3800 651 3877; x_wconf 71' lang='lat' dir='ltr'>Grenianae.</span> <span class='ocrx_word' id='word_1_452' title='bbox 703 3802 948 3877; x_wconf 75' lang='lat' dir='ltr'>’[Medio</span> <span class='ocrx_word' id='word_1_453' title='bbox 996 3800 1114 3860; x_wconf 63' lang='lat' dir='ltr'>avo</span> <span class='ocrx_word' id='word_1_454' title='bbox 1163 3806 1471 3861; x_wconf 72' lang='lat' dir='ltr'>commistte</span> <span class='ocrx_word' id='word_1_455' title='bbox 1523 3800 1723 3877; x_wconf 68' lang='lat' dir='ltr'>litteras</span> <span class='ocrx_word' id='word_1_456' title='bbox 1765 3804 1971 3877; x_wconf 62' lang='lat' dir='ltr'>Graeca</span> 
     </span>
    </p>
   </div>
   <div class='ocr_carea' id='block_1_61' title="bbox 336 3873 1970 3946">
    <p class='ocr_par' dir='ltr' id='par_1_61' title="bbox 336 3873 1970 3946">
     <span class='ocr_line' id='line_1_62' title="bbox 336 3873 1970 3946; baseline 0.002 -19"><span class='ocrx_word' id='word_1_457' title='bbox 336 3873 553 3944; x_wconf 85' lang='lat' dir='ltr'>passim</span> <span class='ocrx_word' id='word_1_458' title='bbox 577 3878 709 3928; x_wconf 85' lang='lat' dir='ltr'>eum</span> <span class='ocrx_word' id='word_1_459' title='bbox 733 3873 952 3931; x_wconf 89' lang='lat' dir='ltr'>Latinis</span> <span class='ocrx_word' id='word_1_460' title='bbox 978 3880 1129 3945; x_wconf 90' lang='lat' dir='ltr'>sunt,</span> <span class='ocrx_word' id='word_1_461' title='bbox 1167 3882 1231 3931; x_wconf 85' lang='lat' dir='ltr'>ut</span> <span class='ocrx_word' id='word_1_462' title='bbox 1261 3880 1501 3946; x_wconf 90' lang='lat' dir='ltr'>apparet</span> <span class='ocrx_word' id='word_1_463' title='bbox 1520 3892 1588 3931; x_wconf 82' lang='lat' dir='ltr'>ex</span> <span class='ocrx_word' id='word_1_464' title='bbox 1609 3876 1825 3930; x_wconf 90' lang='lat' dir='ltr'>chartis</span> <span class='ocrx_word' id='word_1_465' title='bbox 1858 3875 1970 3930; x_wconf 83' lang='lat' dir='ltr'>Ra-</span> 
     </span>
    </p>
   </div>
   <div class='ocr_carea' id='block_1_62' title="bbox 330 3946 1970 4019">
    <p class='ocr_par' dir='ltr' id='par_1_62' title="bbox 330 3946 1970 4019">
     <span class='ocr_line' id='line_1_63' title="bbox 330 3946 1970 4019; baseline 0.001 -18"><span class='ocrx_word' id='word_1_466' title='bbox 330 3946 807 4019; x_wconf 77' lang='lat' dir='ltr'>vennatensibus,</span> <span class='ocrx_word' id='word_1_467' title='bbox 832 3949 1119 4019; x_wconf 79' lang='lat' dir='ltr'>praecipue</span> <span class='ocrx_word' id='word_1_468' title='bbox 1150 3947 1334 4004; x_wconf 77' lang='grc' dir='ltr'>Μειποί</span> <span class='ocrx_word' id='word_1_469' title='bbox 1370 3948 1573 4003; x_wconf 86' lang='lat' dir='ltr'>Istoria</span> <span class='ocrx_word' id='word_1_470' title='bbox 1595 3947 1970 4019; x_wconf 82' lang='lat' dir='ltr'>diplomatica</span> 
     </span>
    </p>
   </div>
   <div class='ocr_carea' id='block_1_63' title="bbox 333 3965 1968 4089">
    <p class='ocr_par' dir='ltr' id='par_1_63' title="bbox 333 3965 1968 4089">
     <span class='ocr_line' id='line_1_64' title="bbox 333 3965 1968 4019; baseline 0.001 -19"><span class='ocrx_word' id='word_1_471' title='bbox 333 3965 807 4015; x_wconf 77' lang='lat' dir='ltr'>vennatensmus,</span> <span class='ocrx_word' id='word_1_472' title='bbox 832 3965 999 4017; x_wconf 72' lang='grc' dir='ltr'>ριέεοι</span> <span class='ocrx_word' id='word_1_473' title='bbox 1049 3966 1119 4005; x_wconf 91' lang='lat' dir='ltr'>ue</span> <span class='ocrx_word' id='word_1_474' title='bbox 1151 3965 1334 4004; x_wconf 76' lang='lat' dir='ltr'>manet</span> <span class='ocrx_word' id='word_1_475' title='bbox 1370 3965 1573 4003; x_wconf 78' lang='lat' dir='ltr'>istoria</span> <span class='ocrx_word' id='word_1_476' title='bbox 1595 3965 1968 4019; x_wconf 80' lang='lat' dir='ltr'>atpmmattca</span> 
     </span>
     <span class='ocr_line' id='line_1_65' title="bbox 333 3965 1968 4089; baseline 0.001 -17"><span class='ocrx_word' id='word_1_477' title='bbox 333 4032 389 4088; x_wconf 89' lang='lat' dir='ltr'>p.</span> <span class='ocrx_word' id='word_1_478' title='bbox 418 4016 599 4089; x_wconf 71' lang='lat'>238.1‘</span> <span class='ocrx_word' id='word_1_479' title='bbox 630 4017 752 4073; x_wconf 86' lang='lat' dir='ltr'>lmo</span> <span class='ocrx_word' id='word_1_480' title='bbox 776 4021 898 4087; x_wconf 82' lang='lat' dir='ltr'>jam</span> <span class='ocrx_word' id='word_1_481' title='bbox 932 3965 1040 4075; x_wconf 55' lang='lat' dir='ltr'>aug</span> <span class='ocrx_word' id='word_1_482' title='bbox 1062 4022 1302 4077; x_wconf 84' lang='lat' dir='ltr'>vetustis</span> <span class='ocrx_word' id='word_1_483' title='bbox 1325 4020 1598 4075; x_wconf 82' lang='lat' dir='ltr'>Romanis</span> <span class='ocrx_word' id='word_1_484' title='bbox 1624 4020 1681 4072; x_wconf 92' lang='lat' dir='ltr'>in</span> <span class='ocrx_word' id='word_1_485' title='bbox 1709 4019 1968 4074; x_wconf 89' lang='lat' dir='ltr'>nummis</span> 
     </span>
    </p>
   </div>
   <div class='ocr_carea' id='block_1_64' title="bbox 332 4089 1969 4162">
    <p class='ocr_par' dir='ltr' id='par_1_64' title="bbox 332 4089 1969 4162">
     <span class='ocr_line' id='line_1_66' title="bbox 332 4089 1969 4162; baseline 0.002 -20"><span class='ocrx_word' id='word_1_486' title='bbox 332 4089 653 4162; x_wconf 70' lang='lat' dir='ltr'>conjunctae</span> <span class='ocrx_word' id='word_1_487' title='bbox 678 4091 908 4146; x_wconf 86' lang='lat' dir='ltr'>fuerunt</span> <span class='ocrx_word' id='word_1_488' title='bbox 923 4092 1144 4148; x_wconf 89' lang='lat' dir='ltr'>Latinis</span> <span class='ocrx_word' id='word_1_489' title='bbox 1166 4092 1373 4147; x_wconf 86' lang='lat' dir='ltr'>litteris</span> <span class='ocrx_word' id='word_1_490' title='bbox 1386 4092 1614 4162; x_wconf 73' lang='lat' dir='ltr'>Graecae.</span> <span class='ocrx_word' id='word_1_491' title='bbox 1634 4091 1969 4162; x_wconf 85' lang='lat' dir='ltr'>&#39;[Nummus</span> 
     </span>
    </p>
   </div>
   <div class='ocr_carea' id='block_1_65' title="bbox 329 4160 1969 4236">
    <p class='ocr_par' dir='ltr' id='par_1_65' title="bbox 329 4160 1969 4236">
     <span class='ocr_line' id='line_1_67' title="bbox 329 4160 1969 4236; baseline 0.001 -20"><span class='ocrx_word' id='word_1_492' title='bbox 329 4160 640 4236; x_wconf 50' lang='lat' dir='ltr'>Menandri</span> <span class='ocrx_word' id='word_1_493' title='bbox 663 4162 739 4218; x_wconf 93' lang='lat' dir='ltr'>M.</span> <span class='ocrx_word' id='word_1_494' title='bbox 763 4179 893 4236; x_wconf 89' lang='lat' dir='ltr'>cum</span> <span class='ocrx_word' id='word_1_495' title='bbox 916 4164 1292 4236; x_wconf 86' lang='lat' dir='ltr'>inscriptione</span> <span class='ocrx_word' id='word_1_496' title='bbox 1326 4160 1668 4236; x_wconf 48' lang='grc' dir='ltr'>Μακεδόγῳφ</span> <span class='ocrx_word' id='word_1_497' title='bbox 1694 4163 1769 4236; x_wconf 78' lang='lat' dir='ltr'>in</span> <span class='ocrx_word' id='word_1_498' title='bbox 1787 4162 1969 4236; x_wconf 79' lang='lat' dir='ltr'>altera</span> 
     </span>
    </p>
   </div>
   <div class='ocr_carea' id='block_1_66' title="bbox 331 4232 1968 4304">
    <p class='ocr_par' dir='ltr' id='par_1_66' title="bbox 331 4232 1968 4304">
     <span class='ocr_line' id='line_1_68' title="bbox 331 4232 1968 4304; baseline -0.001 -15"><span class='ocrx_word' id='word_1_499' title='bbox 331 4232 476 4289; x_wconf 80' lang='lat' dir='ltr'>facie</span> <span class='ocrx_word' id='word_1_500' title='bbox 502 4233 660 4288; x_wconf 89' lang='lat' dir='ltr'>varia</span> <span class='ocrx_word' id='word_1_501' title='bbox 707 4235 969 4304; x_wconf 80' lang='lat' dir='ltr'>symbols</span> <span class='ocrx_word' id='word_1_502' title='bbox 1032 4232 1114 4292; x_wconf 58' lang='lat' dir='ltr'>et&#39;</span> <span class='ocrx_word' id='word_1_503' title='bbox 1144 4253 1351 4291; x_wconf 88' lang='lat' dir='ltr'>nomen</span> <span class='ocrx_word' id='word_1_504' title='bbox 1412 4234 1727 4290; x_wconf 66' lang='lat' dir='ltr'>ZESILLAS</span> <span class='ocrx_word' id='word_1_505' title='bbox 1758 4233 1968 4288; x_wconf 85' lang='lat' dir='ltr'>litteris</span> 
     </span>
    </p>
   </div>
   <div class='ocr_carea' id='block_1_67' title="bbox 331 4304 1968 4377">
    <p class='ocr_par' dir='ltr' id='par_1_67' title="bbox 331 4304 1968 4377">
     <span class='ocr_line' id='line_1_69' title="bbox 331 4304 1968 4377; baseline 0 -18"><span class='ocrx_word' id='word_1_506' title='bbox 331 4304 552 4377; x_wconf 82' lang='lat' dir='ltr'>Latinis</span> <span class='ocrx_word' id='word_1_507' title='bbox 609 4306 928 4375; x_wconf 80' lang='lat' dir='ltr'>explicatur</span> <span class='ocrx_word' id='word_1_508' title='bbox 986 4324 1040 4377; x_wconf 93' lang='lat' dir='ltr'>p.</span> <span class='ocrx_word' id='word_1_509' title='bbox 1100 4308 1222 4361; x_wconf 88' lang='lat'>484.</span> <span class='ocrx_word' id='word_1_510' title='bbox 1276 4308 1536 4363; x_wconf 79' lang='lat' dir='ltr'>Memoir.</span> <span class='ocrx_word' id='word_1_511' title='bbox 1582 4307 1654 4361; x_wconf 91' lang='lat' dir='ltr'>de</span> <span class='ocrx_word' id='word_1_512' title='bbox 1705 4306 1968 4361; x_wconf 83' lang='lat' dir='ltr'>Trevoux</span> 
     </span>
    </p>
   </div>
   <div class='ocr_carea' id='block_1_68' title="bbox 330 4376 1964 4442">
    <p class='ocr_par' dir='ltr' id='par_1_68' title="bbox 330 4376 1964 4442">
     <span class='ocr_line' id='line_1_70' title="bbox 330 4376 1964 4442; baseline 0.001 -12"><span class='ocrx_word' id='word_1_513' title='bbox 330 4376 397 4430; x_wconf 85' lang='lat' dir='ltr'>A.</span> <span class='ocrx_word' id='word_1_514' title='bbox 432 4376 588 4442; x_wconf 89' lang='lat'>1711,</span> <span class='ocrx_word' id='word_1_515' title='bbox 623 4377 718 4430; x_wconf 92' lang='lat' dir='ltr'>ubi</span> <span class='ocrx_word' id='word_1_516' title='bbox 750 4377 923 4432; x_wconf 88' lang='lat' dir='ltr'>etiam</span> <span class='ocrx_word' id='word_1_517' title='bbox 957 4376 1027 4433; x_wconf 17' lang='lat' dir='ltr'>die</span> <span class='ocrx_word' id='word_1_518' title='bbox 1079 4394 1234 4433; x_wconf 91' lang='lat' dir='ltr'>more</span> <span class='ocrx_word' id='word_1_519' title='bbox 1280 4378 1491 4434; x_wconf 83' lang='lat' dir='ltr'>Latinis</span> <span class='ocrx_word' id='word_1_520' title='bbox 1524 4377 1729 4432; x_wconf 89' lang='lat' dir='ltr'>litteris</span> <span class='ocrx_word' id='word_1_521' title='bbox 1763 4393 1964 4432; x_wconf 85' lang='lat' dir='ltr'>monu-</span> 
     </span>
    </p>
   </div>
   <div class='ocr_carea' id='block_1_69' title="bbox 333 4447 1968 4521">
    <p class='ocr_par' dir='ltr' id='par_1_69' title="bbox 333 4447 1968 4521">
     <span class='ocr_line' id='line_1_71' title="bbox 333 4447 1968 4521; baseline 0.002 -22"><span class='ocrx_word' id='word_1_522' title='bbox 333 4450 532 4521; x_wconf 74' lang='lat' dir='ltr'>menta</span> <span class='ocrx_word' id='word_1_523' title='bbox 563 4448 716 4517; x_wconf 89' lang='lat' dir='ltr'>apud</span> <span class='ocrx_word' id='word_1_524' title='bbox 756 4447 982 4521; x_wconf 65' lang='lat' dir='ltr'>Graecos</span> <span class='ocrx_word' id='word_1_525' title='bbox 1024 4450 1459 4521; x_wconf 86' lang='lat' dir='ltr'>inscribendi.]&#39;</span> <span class='ocrx_word' id='word_1_526' title='bbox 1505 4450 1667 4516; x_wconf 88' lang='lat' dir='ltr'>Apud</span> <span class='ocrx_word' id='word_1_527' title='bbox 1715 4449 1968 4521; x_wconf 73' lang='lat' dir='ltr'>Marato-</span> 
     </span>
    </p>
   </div>
   <div class='ocr_carea' id='block_1_70' title="bbox 329 4516 1968 4587">
    <p class='ocr_par' dir='ltr' id='par_1_70' title="bbox 329 4516 1968 4587">
     <span class='ocr_line' id='line_1_72' title="bbox 329 4516 1968 4587; baseline 0.003 -17"><span class='ocrx_word' id='word_1_528' title='bbox 329 4516 478 4571; x_wconf 87' lang='lat' dir='ltr'>rium</span> <span class='ocrx_word' id='word_1_529' title='bbox 514 4516 692 4572; x_wconf 81' lang='lat' dir='ltr'>Inscr.</span> <span class='ocrx_word' id='word_1_530' title='bbox 746 4535 801 4587; x_wconf 89' lang='lat' dir='ltr'>p.</span> <span class='ocrx_word' id='word_1_531' title='bbox 844 4520 967 4587; x_wconf 88' lang='lat'>478,</span> <span class='ocrx_word' id='word_1_532' title='bbox 1018 4520 1079 4576; x_wconf 90' lang='lat' dir='ltr'>in</span> <span class='ocrx_word' id='word_1_533' title='bbox 1125 4522 1319 4577; x_wconf 88' lang='lat' dir='ltr'>eodem</span> <span class='ocrx_word' id='word_1_534' title='bbox 1353 4516 1516 4578; x_wconf 75' lang='lat' dir='ltr'>versu</span> <span class='ocrx_word' id='word_1_535' title='bbox 1558 4520 1853 4575; x_wconf 83' lang='lat' dir='ltr'>I‘EAACIC</span> <span class='ocrx_word' id='word_1_536' title='bbox 1911 4523 1968 4575; x_wconf 90' lang='lat' dir='ltr'>et</span> 
     </span>
    </p>
   </div>
   <div class='ocr_carea' id='block_1_71' title="bbox 328 4587 1965 4663">
    <p class='ocr_par' dir='ltr' id='par_1_71' title="bbox 328 4587 1965 4663">
     <span class='ocr_line' id='line_1_73' title="bbox 328 4587 1965 4663; baseline 0.002 -21"><span class='ocrx_word' id='word_1_537' title='bbox 328 4587 652 4663; x_wconf 59' lang='grc' dir='ltr'>ΛΟΥΪΙῬΟῌ</span> <span class='ocrx_word' id='word_1_538' title='bbox 706 4596 1004 4647; x_wconf 83' lang='lat' dir='ltr'>exaratum</span> <span class='ocrx_word' id='word_1_539' title='bbox 1063 4594 1433 4663; x_wconf 88' lang='lat' dir='ltr'>conspicitur.</span> <span class='ocrx_word' id='word_1_540' title='bbox 1483 4592 1796 4647; x_wconf 84' lang='lat' dir='ltr'>Testantur</span> <span class='ocrx_word' id='word_1_541' title='bbox 1827 4607 1965 4663; x_wconf 74' lang='lat' dir='ltr'>quo-</span> 
     </span>
    </p>
   </div>
   <div class='ocr_carea' id='block_1_72' title="bbox 330 4660 1964 4734">
    <p class='ocr_par' dir='ltr' id='par_1_72' title="bbox 330 4660 1964 4734">
     <span class='ocr_line' id='line_1_74' title="bbox 330 4660 1964 4734; baseline 0.002 -20"><span class='ocrx_word' id='word_1_542' title='bbox 330 4674 441 4727; x_wconf 91' lang='lat' dir='ltr'>que</span> <span class='ocrx_word' id='word_1_543' title='bbox 467 4660 573 4734; x_wconf 85' lang='lat' dir='ltr'>hoc</span> <span class='ocrx_word' id='word_1_544' title='bbox 603 4661 674 4717; x_wconf 90' lang='lat' dir='ltr'>de</span> <span class='ocrx_word' id='word_1_545' title='bbox 706 4678 863 4718; x_wconf 88' lang='lat' dir='ltr'>more</span> <span class='ocrx_word' id='word_1_546' title='bbox 893 4665 1116 4720; x_wconf 88' lang='lat' dir='ltr'>nummi</span> <span class='ocrx_word' id='word_1_547' title='bbox 1147 4660 1331 4721; x_wconf 62' lang='lat' dir='ltr'>Graeci</span> <span class='ocrx_word' id='word_1_548' title='bbox 1355 4664 1530 4719; x_wconf 91' lang='lat' dir='ltr'>medii</span> <span class='ocrx_word' id='word_1_549' title='bbox 1561 4663 1661 4718; x_wconf 64' lang='lat' dir='ltr'>sevi</span> <span class='ocrx_word' id='word_1_550' title='bbox 1692 4660 1964 4734; x_wconf 44' lang='lat' dir='ltr'>apud—Du</span> 
     </span>
    </p>
   </div>
   <div class='ocr_carea' id='block_1_73' title="bbox 331 4732 1965 4807">
    <p class='ocr_par' dir='ltr' id='par_1_73' title="bbox 331 4732 1965 4807">
     <span class='ocr_line' id='line_1_75' title="bbox 331 4732 1965 4807; baseline 0.002 -22"><span class='ocrx_word' id='word_1_551' title='bbox 331 4734 523 4803; x_wconf 88' lang='lat' dir='ltr'>Cange</span> <span class='ocrx_word' id='word_1_552' title='bbox 552 4732 609 4807; x_wconf 86' lang='lat' dir='ltr'>in</span> <span class='ocrx_word' id='word_1_553' title='bbox 646 4734 850 4807; x_wconf 85' lang='lat' dir='ltr'>Famil.</span> <span class='ocrx_word' id='word_1_554' title='bbox 889 4735 1149 4807; x_wconf 82' lang='lat' dir='ltr'>Byzant..</span> <span class='ocrx_word' id='word_1_555' title='bbox 1181 4736 1318 4792; x_wconf 91' lang='lat' dir='ltr'>item</span> <span class='ocrx_word' id='word_1_556' title='bbox 1352 4736 1603 4792; x_wconf 83' lang='lat' dir='ltr'>Achates</span> <span class='ocrx_word' id='word_1_557' title='bbox 1634 4732 1965 4807; x_wconf 80' lang='lat' dir='ltr'>contornia-</span> 
     </span>
    </p>
   </div>
   <div class='ocr_carea' id='block_1_74' title="bbox 329 4805 1963 4877">
    <p class='ocr_par' dir='ltr' id='par_1_74' title="bbox 329 4805 1963 4877">
     <span class='ocr_line' id='line_1_76' title="bbox 329 4805 1963 4877; baseline 0.001 -19"><span class='ocrx_word' id='word_1_558' title='bbox 329 4808 425 4859; x_wconf 86' lang='lat' dir='ltr'>tus</span> <span class='ocrx_word' id='word_1_559' title='bbox 455 4805 610 4877; x_wconf 78' lang='lat' dir='ltr'>apud</span> <span class='ocrx_word' id='word_1_560' title='bbox 642 4805 951 4876; x_wconf 79' lang='lat' dir='ltr'>Caylusuui</span> <span class='ocrx_word' id='word_1_561' title='bbox 990 4808 1049 4863; x_wconf 91' lang='lat' dir='ltr'>in</span> <span class='ocrx_word' id='word_1_562' title='bbox 1093 4808 1443 4864; x_wconf 88' lang='lat' dir='ltr'>Collectione</span> <span class='ocrx_word' id='word_1_563' title='bbox 1474 4810 1735 4862; x_wconf 86' lang='lat' dir='ltr'>veterum</span> <span class='ocrx_word' id='word_1_564' title='bbox 1766 4805 1963 4877; x_wconf 82' lang='lat' dir='ltr'>signo-</span> 
     </span>
    </p>
   </div>
   <div class='ocr_carea' id='block_1_75' title="bbox 330 4876 2045 4955">
    <p class='ocr_par' dir='ltr' id='par_1_75' title="bbox 330 4876 2045 4955">
     <span class='ocr_line' id='line_1_77' title="bbox 330 4876 2045 4955; baseline 0.002 -25"><span class='ocrx_word' id='word_1_565' title='bbox 330 4890 461 4955; x_wconf 80' lang='lat' dir='ltr'>rum</span> <span class='ocrx_word' id='word_1_566' title='bbox 499 4876 1137 4955; x_wconf 6' lang='lat' dir='ltr'>Tab_.__L_Zi_.‘_thVl,pui_</span> <span class='ocrx_word' id='word_1_567' title='bbox 1180 4879 1467 4955; x_wconf 86' lang='lat' dir='ltr'>inscripta</span> <span class='ocrx_word' id='word_1_568' title='bbox 1496 4884 1635 4955; x_wconf 79' lang='lat' dir='ltr'>sunt</span> <span class='ocrx_word' id='word_1_569' title='bbox 1682 4878 1804 4955; x_wconf 72' lang='lat' dir='ltr'>haec</span> <span class='ocrx_word' id='word_1_570' title='bbox 1830 4876 1967 4955; x_wconf 74' lang='lat' dir='ltr'>duo</span> <span class='ocrx_word' id='word_1_571' title='bbox 2004 4892 2045 4955; x_wconf 79' lang='grc' dir='ltr'>ι)</span> 
     </span>
    </p>
   </div>
   <div class='ocr_carea' id='block_1_76' title="bbox 330 4947 1968 5019">
    <p class='ocr_par' dir='ltr' id='par_1_76' title="bbox 330 4947 1968 5019">
     <span class='ocr_line' id='line_1_78' title="bbox 330 4947 1968 5019; baseline 0.002 -17"><span class='ocrx_word' id='word_1_572' title='bbox 330 4947 554 5019; x_wconf 68' lang='grc' dir='ltr'>νεώειε</span> <span class='ocrx_word' id='word_1_573' title='bbox 588 4948 827 5005; x_wconf 85' lang='lat' dir='ltr'><strong>NEPUN</strong></span> <span class='ocrx_word' id='word_1_574' title='bbox 878 4951 1162 5007; x_wconf 81' lang='lat' dir='ltr'>AI‘I‘CTE.</span> <span class='ocrx_word' id='word_1_575' title='bbox 1200 4955 1262 5007; x_wconf 91' lang='lat' dir='ltr'>In</span> <span class='ocrx_word' id='word_1_576' title='bbox 1289 4947 1404 5019; x_wconf 88' lang='lat' dir='ltr'>qua</span> <span class='ocrx_word' id='word_1_577' title='bbox 1444 4949 1825 5019; x_wconf 88' lang='lat' dir='ltr'>inscriptione</span> <span class='ocrx_word' id='word_1_578' title='bbox 1854 4950 1968 5005; x_wconf 92' lang='lat' dir='ltr'>duo</span> 
     </span>
    </p>
   </div>
   <div class='ocr_carea' id='block_1_77' title="bbox 332 5018 1973 5095">
    <p class='ocr_par' dir='ltr' id='par_1_77' title="bbox 332 5018 1973 5095">
     <span class='ocr_line' id='line_1_79' title="bbox 332 5018 1973 5095; baseline 0.001 -20"><span class='ocrx_word' id='word_1_579' title='bbox 332 5019 403 5075; x_wconf 86' lang='lat' dir='ltr'>ad</span> <span class='ocrx_word' id='word_1_580' title='bbox 452 5018 562 5095; x_wconf 84' lang='lat' dir='ltr'>tria</span> <span class='ocrx_word' id='word_1_581' title='bbox 608 5023 896 5080; x_wconf 83' lang='lat' dir='ltr'>exstantia</span> <span class='ocrx_word' id='word_1_582' title='bbox 942 5023 1238 5079; x_wconf 90' lang='lat' dir='ltr'>deterioris</span> <span class='ocrx_word' id='word_1_583' title='bbox 1286 5018 1385 5078; x_wconf 67' lang='lat' dir='ltr'>aevi</span> <span class='ocrx_word' id='word_1_584' title='bbox 1455 5018 1973 5095; x_wconf 83' lang='lat' dir='ltr'>deprehenduntur</span> 
     </span>
    </p>
   </div>
   <div class='ocr_carea' id='block_1_78' title="bbox 329 5092 1970 5166">
    <p class='ocr_par' dir='ltr' id='par_1_78' title="bbox 329 5092 1970 5166">
     <span class='ocr_line' id='line_1_80' title="bbox 329 5092 1970 5166; baseline 0.002 -19"><span class='ocrx_word' id='word_1_585' title='bbox 329 5092 593 5166; x_wconf 71' lang='lat' dir='ltr'>vestigia,</span> <span class='ocrx_word' id='word_1_586' title='bbox 628 5110 839 5166; x_wconf 7' lang='lat' dir='ltr'>(unum</span> <span class='ocrx_word' id='word_1_587' title='bbox 898 5113 960 5147; x_wconf 87' lang='lat' dir='ltr'>ou</span> <span class='ocrx_word' id='word_1_588' title='bbox 1020 5110 1121 5165; x_wconf 91' lang='lat' dir='ltr'>pro</span> <span class='ocrx_word' id='word_1_589' title='bbox 1178 5115 1223 5148; x_wconf 87' lang='grc' dir='ltr'>ω</span> <span class='ocrx_word' id='word_1_590' title='bbox 1276 5092 1561 5166; x_wconf 81' lang='lat' dir='ltr'>positum,</span> <span class='ocrx_word' id='word_1_591' title='bbox 1611 5092 1811 5166; x_wconf 79' lang='grc' dir='ltr'>Νὲρουν</span> <span class='ocrx_word' id='word_1_592' title='bbox 1868 5110 1970 5164; x_wconf 90' lang='lat' dir='ltr'>pro</span> 
     </span>
    </p>
   </div>
   <div class='ocr_carea' id='block_1_79' title="bbox 328 5161 1969 5241">
    <p class='ocr_par' dir='ltr' id='par_1_79' title="bbox 328 5161 1969 5241">
     <span class='ocr_line' id='line_1_81' title="bbox 328 5161 1969 5241; baseline 0 -22"><span class='ocrx_word' id='word_1_593' title='bbox 328 5161 557 5236; x_wconf 66' lang='grc' dir='ltr'>Νερωὶιε</span> <span class='ocrx_word' id='word_1_594' title='bbox 589 5164 834 5222; x_wconf 86' lang='lat' dir='ltr'>alterum</span> <span class='ocrx_word' id='word_1_595' title='bbox 875 5161 1143 5240; x_wconf 55' lang='lat' dir='ltr'>&quot;Avocat:</span> <span class='ocrx_word' id='word_1_596' title='bbox 1181 5161 1292 5240; x_wconf 46' lang='lat' dir='ltr'>pro&quot;</span> <span class='ocrx_word' id='word_1_597' title='bbox 1315 5161 1613 5241; x_wconf 71' lang='grc' dir='ltr'>Αὔγουστε,</span> <span class='ocrx_word' id='word_1_598' title='bbox 1640 5161 1893 5237; x_wconf 79' lang='lat' dir='ltr'>denique</span> <span class='ocrx_word' id='word_1_599' title='bbox 1939 5184 1969 5219; x_wconf 87' lang='grc' dir='ltr'>υ</span> 
     </span>
    </p>
   </div>
   <div class='ocr_carea' id='block_1_80' title="bbox 329 5252 548 5309">
    <p class='ocr_par' dir='ltr' id='par_1_80' title="bbox 329 5252 548 5309">
     <span class='ocr_line' id='line_1_82' title="bbox 329 5252 548 5309; baseline 0 0"><span class='ocrx_word' id='word_1_600' title='bbox 329 5252 439 5309; x_wconf 68' lang='lat' dir='ltr'>pro</span> <span class='ocrx_word' id='word_1_601' title='bbox 464 5255 548 5309; x_wconf 76' lang='grc' dir='ltr'>ου⁸</span> 
     </span>
    </p>
   </div>
   <div class='ocr_carea' id='block_1_81' title="bbox 402 5307 1971 5389">
    <p class='ocr_par' dir='ltr' id='par_1_81' title="bbox 402 5307 1971 5389">
     <span class='ocr_line' id='line_1_83' title="bbox 402 5307 1971 5389; baseline -0.008 -12"><span class='ocrx_word' id='word_1_602' title='bbox 402 5308 510 5380; x_wconf 84' lang='grc'>(90)</span> <span class='ocrx_word' id='word_1_603' title='bbox 542 5308 718 5389; x_wconf 85' lang='lat' dir='ltr'>Forte</span> <span class='ocrx_word' id='word_1_604' title='bbox 755 5327 1117 5389; x_wconf 68' lang='lat' dir='ltr'>praepropere</span> <span class='ocrx_word' id='word_1_605' title='bbox 1158 5311 1355 5389; x_wconf 77' lang='lat' dir='ltr'>censui</span> <span class='ocrx_word' id='word_1_606' title='bbox 1398 5326 1601 5389; x_wconf 67' lang='lat' dir='ltr'>vocem</span> <span class='ocrx_word' id='word_1_607' title='bbox 1626 5307 1971 5389; x_wconf 53' lang='lat' dir='ltr'>hancyitio-</span> 
     </span>
    </p>
   </div>
   <div class='ocr_carea' id='block_1_82' title="bbox 330 5382 1964 5448">
    <p class='ocr_par' dir='ltr' id='par_1_82' title="bbox 330 5382 1964 5448">
     <span class='ocr_line' id='line_1_84' title="bbox 330 5382 1964 5448; baseline -0.001 -13"><span class='ocrx_word' id='word_1_608' title='bbox 330 5394 458 5435; x_wconf 83' lang='lat' dir='ltr'>sam</span> <span class='ocrx_word' id='word_1_609' title='bbox 489 5397 637 5445; x_wconf 88' lang='lat' dir='ltr'>esse,</span> <span class='ocrx_word' id='word_1_610' title='bbox 671 5386 728 5436; x_wconf 88' lang='lat' dir='ltr'>et</span> <span class='ocrx_word' id='word_1_611' title='bbox 758 5382 843 5437; x_wconf 91' lang='lat' dir='ltr'>illi</span> <span class='ocrx_word' id='word_1_612' title='bbox 894 5384 1177 5439; x_wconf 89' lang='lat' dir='ltr'>subsislui</span> <span class='ocrx_word' id='word_1_613' title='bbox 1219 5384 1278 5439; x_wconf 92' lang='lat' dir='ltr'>in</span> <span class='ocrx_word' id='word_1_614' title='bbox 1312 5382 1533 5439; x_wconf 86' lang='lat' dir='ltr'>Latinis</span> <span class='ocrx_word' id='word_1_615' title='bbox 1562 5382 1919 5448; x_wconf 70' lang='lat' dir='ltr'>Praepositum</span> <span class='ocrx_word' id='word_1_616' title='bbox 1949 5399 1964 5448; x_wconf 87' lang='lat'><strong>;</strong></span> 
     </span>
    </p>
   </div>
   <div class='ocr_carea' id='block_1_83' title="bbox 329 5451 1966 5524">
    <p class='ocr_par' dir='ltr' id='par_1_83' title="bbox 329 5451 1966 5524">
     <span class='ocr_line' id='line_1_85' title="bbox 329 5451 1966 5524; baseline 0.001 -18"><span class='ocrx_word' id='word_1_617' title='bbox 329 5466 446 5524; x_wconf 82' lang='lat' dir='ltr'>non</span> <span class='ocrx_word' id='word_1_618' title='bbox 487 5458 943 5524; x_wconf 68' lang='lat' dir='ltr'>reputansaatate</span> <span class='ocrx_word' id='word_1_619' title='bbox 970 5455 1419 5521; x_wconf 89' lang='lat' dir='ltr'>Justiniani,oui</span> <span class='ocrx_word' id='word_1_620' title='bbox 1445 5454 1833 5523; x_wconf 82' lang='lat' dir='ltr'>fragmentum</span> <span class='ocrx_word' id='word_1_621' title='bbox 1859 5451 1966 5524; x_wconf 84' lang='lat' dir='ltr'>hoc</span> 
     </span>
    </p>
   </div>
   <div class='ocr_carea' id='block_1_84' title="bbox 329 5521 1966 5597">
    <p class='ocr_par' dir='ltr' id='par_1_84' title="bbox 329 5521 1966 5597">
     <span class='ocr_line' id='line_1_86' title="bbox 329 5521 1966 5597; baseline 0.001 -18"><span class='ocrx_word' id='word_1_622' title='bbox 329 5521 594 5597; x_wconf 74' lang='lat' dir='ltr'>debetur,</span> <span class='ocrx_word' id='word_1_623' title='bbox 628 5542 743 5581; x_wconf 90' lang='lat' dir='ltr'>non</span> <span class='ocrx_word' id='word_1_624' title='bbox 794 5532 907 5583; x_wconf 88' lang='lat' dir='ltr'>tam</span> <span class='ocrx_word' id='word_1_625' title='bbox 942 5543 1287 5583; x_wconf 89' lang='lat' dir='ltr'>numerosos</span> <span class='ocrx_word' id='word_1_626' title='bbox 1313 5541 1497 5597; x_wconf 89' lang='lat' dir='ltr'>eoque</span> <span class='ocrx_word' id='word_1_627' title='bbox 1528 5521 1644 5597; x_wconf 75' lang='lat' dir='ltr'>non</span> <span class='ocrx_word' id='word_1_628' title='bbox 1674 5528 1792 5577; x_wconf 88' lang='lat' dir='ltr'>tam</span> <span class='ocrx_word' id='word_1_629' title='bbox 1824 5521 1966 5597; x_wconf 84' lang='lat' dir='ltr'>viles</span> 
     </span>
    </p>
   </div>
   <div class='ocr_carea' id='block_1_85' title="bbox 330 5594 1968 5670">
    <p class='ocr_par' dir='ltr' id='par_1_85' title="bbox 330 5594 1968 5670">
     <span class='ocr_line' id='line_1_87' title="bbox 330 5594 1968 5670; baseline -0.001 -20"><span class='ocrx_word' id='word_1_630' title='bbox 330 5594 515 5670; x_wconf 79' lang='lat' dir='ltr'>fuisse</span> <span class='ocrx_word' id='word_1_631' title='bbox 542 5597 840 5670; x_wconf 79' lang='lat' dir='ltr'>Patricios.</span> <span class='ocrx_word' id='word_1_632' title='bbox 866 5599 1003 5670; x_wconf 92' lang='lat' dir='ltr'>quin</span> <span class='ocrx_word' id='word_1_633' title='bbox 1041 5599 1270 5670; x_wconf 84' lang='lat' dir='ltr'>licuerit</span> <span class='ocrx_word' id='word_1_634' title='bbox 1293 5594 1461 5670; x_wconf 72' lang='lat' dir='ltr'>Petro</span> <span class='ocrx_word' id='word_1_635' title='bbox 1484 5594 1762 5661; x_wconf 72' lang='lat' dir='ltr'>magistro</span> <span class='ocrx_word' id='word_1_636' title='bbox 1785 5594 1968 5664; x_wconf 88' lang='lat' dir='ltr'>patri-</span> 
     </span>
    </p>
   </div>
   <div class='ocr_carea' id='block_1_86' title="bbox 329 5664 1967 5742">
    <p class='ocr_par' dir='ltr' id='par_1_86' title="bbox 329 5664 1967 5742">
     <span class='ocr_line' id='line_1_88' title="bbox 329 5664 1967 5742; baseline -0.001 -19"><span class='ocrx_word' id='word_1_637' title='bbox 329 5664 635 5742; x_wconf 70' lang='lat' dir='ltr'>cium_xat&#39;</span> <span class='ocrx_word' id='word_1_638' title='bbox 663 5668 862 5742; x_wconf 72' lang='grc' dir='ltr'>ἐξοχήν</span> <span class='ocrx_word' id='word_1_639' title='bbox 887 5664 1220 5727; x_wconf 76' lang='grc' dir='ltr'>ἠοωίιιιιι-ε.</span> <span class='ocrx_word' id='word_1_640' title='bbox 1255 5667 1539 5742; x_wconf 77' lang='lat' dir='ltr'>Patricius</span> <span class='ocrx_word' id='word_1_641' title='bbox 1574 5672 1711 5723; x_wconf 88' lang='lat' dir='ltr'>tunc</span> <span class='ocrx_word' id='word_1_642' title='bbox 1738 5671 1967 5742; x_wconf 83' lang='lat' dir='ltr'>tempo-</span> 
     </span>
    </p>
   </div>
   <div class='ocr_carea' id='block_1_87' title="bbox 330 5738 1966 5814">
    <p class='ocr_par' dir='ltr' id='par_1_87' title="bbox 330 5738 1966 5814">
     <span class='ocr_line' id='line_1_89' title="bbox 330 5738 1966 5814; baseline 0.001 -21"><span class='ocrx_word' id='word_1_643' title='bbox 330 5738 410 5794; x_wconf 82' lang='lat' dir='ltr'>ris</span> <span class='ocrx_word' id='word_1_644' title='bbox 458 5740 612 5798; x_wconf 88' lang='lat' dir='ltr'>idem</span> <span class='ocrx_word' id='word_1_645' title='bbox 638 5738 766 5799; x_wconf 81' lang='lat' dir='ltr'>erat</span> <span class='ocrx_word' id='word_1_646' title='bbox 780 5738 961 5812; x_wconf 73' lang='lat' dir='ltr'>atque</span> <span class='ocrx_word' id='word_1_647' title='bbox 999 5745 1164 5814; x_wconf 86' lang='lat' dir='ltr'>pater</span> <span class='ocrx_word' id='word_1_648' title='bbox 1200 5739 1503 5812; x_wconf 83' lang='lat' dir='ltr'>principis,</span> <span class='ocrx_word' id='word_1_649' title='bbox 1533 5743 1590 5797; x_wconf 85' lang='lat' dir='ltr'>et</span> <span class='ocrx_word' id='word_1_650' title='bbox 1617 5742 1741 5797; x_wconf 86' lang='lat' dir='ltr'>erat</span> <span class='ocrx_word' id='word_1_651' title='bbox 1769 5738 1966 5797; x_wconf 87' lang='lat' dir='ltr'>consi-</span> 
     </span>
    </p>
   </div>
   <div class='ocr_carea' id='block_1_88' title="bbox 2090 2228 3752 2318">
    <p class='ocr_par' dir='ltr' id='par_1_88' title="bbox 2090 2228 3752 2318">
     <span class='ocr_line' id='line_1_90' title="bbox 2090 2228 3752 2318; baseline -0.001 -33"><span class='ocrx_word' id='word_1_652' title='bbox 2090 2228 2369 2318; x_wconf 32' lang='lat' dir='ltr'>nis‘,quod</span> <span class='ocrx_word' id='word_1_653' title='bbox 2393 2239 2594 2318; x_wconf 78' lang='lat' dir='ltr'>postea</span> <span class='ocrx_word' id='word_1_654' title='bbox 2629 2230 3110 2318; x_wconf 41' lang='lat' dir='ltr'>multatopomi‘ne</span> <span class='ocrx_word' id='word_1_655' title='bbox 3135 2229 3163 2283; x_wconf 82' lang='grc' dir='ltr'><strong>ὁ</strong></span> <span class='ocrx_word' id='word_1_656' title='bbox 3190 2228 3450 2313; x_wconf 75' lang='grc' dir='ltr'>μυστικός</span> <span class='ocrx_word' id='word_1_657' title='bbox 3481 2237 3539 2287; x_wconf 90' lang='lat' dir='ltr'>et</span> <span class='ocrx_word' id='word_1_658' title='bbox 3568 2230 3599 2284; x_wconf 79' lang='grc' dir='ltr'>ὁ</span> <span class='ocrx_word' id='word_1_659' title='bbox 3634 2250 3752 2285; x_wconf 82' lang='grc' dir='ltr'>πα-</span> 
     </span>
    </p>
   </div>
   <div class='ocr_carea' id='block_1_89' title="bbox 2086 2299 3750 2457">
    <p class='ocr_par' dir='ltr' id='par_1_89' title="bbox 2086 2299 3750 2457">
     <span class='ocr_line' id='line_1_91' title="bbox 2090 2299 3748 2375; baseline 0.002 -19"><span class='ocrx_word' id='word_1_660' title='bbox 2090 2299 2489 2375; x_wconf 74' lang='grc' dir='ltr'>ραδυναστεύων</span> <span class='ocrx_word' id='word_1_661' title='bbox 2537 2306 2681 2357; x_wconf 90' lang='lat' dir='ltr'>erat.</span> <span class='ocrx_word' id='word_1_662' title='bbox 2713 2301 2874 2366; x_wconf 86' lang='lat' dir='ltr'>Quod</span> <span class='ocrx_word' id='word_1_663' title='bbox 2926 2301 2977 2355; x_wconf 90' lang='lat' dir='ltr'>si</span> <span class='ocrx_word' id='word_1_664' title='bbox 3026 2299 3222 2357; x_wconf 84' lang='lat' dir='ltr'>tamen</span> <span class='ocrx_word' id='word_1_665' title='bbox 3256 2319 3370 2358; x_wconf 91' lang='lat' dir='ltr'>non</span> <span class='ocrx_word' id='word_1_666' title='bbox 3403 2302 3530 2357; x_wconf 76' lang='lat' dir='ltr'>sine</span> <span class='ocrx_word' id='word_1_667' title='bbox 3554 2320 3748 2360; x_wconf 85' lang='lat' dir='ltr'>causa</span> 
     </span>
     <span class='ocr_line' id='line_1_92' title="bbox 2086 2371 3750 2457; baseline 0.002 -28"><span class='ocrx_word' id='word_1_668' title='bbox 2086 2376 2285 2457; x_wconf 74' lang='lat' dir='ltr'>videar</span> <span class='ocrx_word' id='word_1_669' title='bbox 2310 2374 2694 2457; x_wconf 78' lang='lat' dir='ltr'>praepositum</span> <span class='ocrx_word' id='word_1_670' title='bbox 2745 2372 2839 2427; x_wconf 90' lang='lat' dir='ltr'>hic</span> <span class='ocrx_word' id='word_1_671' title='bbox 2888 2371 3012 2457; x_wconf 35' lang='lat' dir='ltr'>loci.</span> <span class='ocrx_word' id='word_1_672' title='bbox 3039 2373 3282 2444; x_wconf 89' lang='lat' dir='ltr'>patricio</span> <span class='ocrx_word' id='word_1_673' title='bbox 3317 2375 3750 2445; x_wconf 76' lang='lat' dir='ltr'>praehabuisse,</span> 
     </span>
    </p>
   </div>
   <div class='ocr_carea' id='block_1_90' title="bbox 2090 2444 3041 2514">
    <p class='ocr_par' dir='ltr' id='par_1_90' title="bbox 2090 2444 3041 2514">
     <span class='ocr_line' id='line_1_93' title="bbox 2090 2444 3041 2514; baseline -0.001 -14"><span class='ocrx_word' id='word_1_674' title='bbox 2090 2446 2144 2500; x_wconf 91' lang='lat' dir='ltr'>id</span> <span class='ocrx_word' id='word_1_675' title='bbox 2182 2444 2325 2500; x_wconf 91' lang='lat' dir='ltr'>mihi</span> <span class='ocrx_word' id='word_1_676' title='bbox 2351 2450 2511 2500; x_wconf 88' lang='lat' dir='ltr'>tanto</span> <span class='ocrx_word' id='word_1_677' title='bbox 2542 2445 2766 2514; x_wconf 86' lang='lat' dir='ltr'>gratius</span> <span class='ocrx_word' id='word_1_678' title='bbox 2798 2444 3041 2501; x_wconf 86' lang='lat' dir='ltr'>accidet.</span> 
     </span>
    </p>
   </div>
   <div class='ocr_carea' id='block_1_91' title="bbox 2159 2515 3747 2589">
    <p class='ocr_par' dir='ltr' id='par_1_91' title="bbox 2159 2515 3747 2589">
     <span class='ocr_line' id='line_1_94' title="bbox 2159 2515 3747 2589; baseline 0.003 -19"><span class='ocrx_word' id='word_1_679' title='bbox 2159 2518 2268 2589; x_wconf 77' lang='lat' dir='ltr'>(9t)</span> <span class='ocrx_word' id='word_1_680' title='bbox 2299 2516 2367 2571; x_wconf 87' lang='lat' dir='ltr'>Ut</span> <span class='ocrx_word' id='word_1_681' title='bbox 2389 2532 2596 2589; x_wconf 84' lang='lat' dir='ltr'>nempe</span> <span class='ocrx_word' id='word_1_682' title='bbox 2618 2516 2843 2570; x_wconf 89' lang='lat' dir='ltr'>traduci</span> <span class='ocrx_word' id='word_1_683' title='bbox 2881 2532 3075 2571; x_wconf 83' lang='lat' dir='ltr'>coram</span> <span class='ocrx_word' id='word_1_684' title='bbox 3112 2515 3463 2589; x_wconf 87' lang='lat' dir='ltr'>imperatore</span> <span class='ocrx_word' id='word_1_685' title='bbox 3489 2518 3747 2588; x_wconf 82' lang='lat' dir='ltr'>possint.</span> 
     </span>
    </p>
   </div>
   <div class='ocr_carea' id='block_1_92' title="bbox 2086 2586 3754 2655">
    <p class='ocr_par' dir='ltr' id='par_1_92' title="bbox 2086 2586 3754 2655">
     <span class='ocr_line' id='line_1_95' title="bbox 2086 2586 3754 2655; baseline 0.002 -13"><span class='ocrx_word' id='word_1_686' title='bbox 2086 2592 2229 2642; x_wconf 86' lang='lat' dir='ltr'>Nam</span> <span class='ocrx_word' id='word_1_687' title='bbox 2254 2586 2460 2642; x_wconf 90' lang='lat' dir='ltr'>humili</span> <span class='ocrx_word' id='word_1_688' title='bbox 2494 2588 2549 2641; x_wconf 92' lang='lat' dir='ltr'>in</span> <span class='ocrx_word' id='word_1_689' title='bbox 2584 2586 2708 2643; x_wconf 90' lang='lat' dir='ltr'>loco</span> <span class='ocrx_word' id='word_1_690' title='bbox 2740 2595 2857 2643; x_wconf 87' lang='lat' dir='ltr'>erat</span> <span class='ocrx_word' id='word_1_691' title='bbox 2888 2586 3304 2644; x_wconf 77' lang='lat' dir='ltr'>consistorium</span> <span class='ocrx_word' id='word_1_692' title='bbox 3333 2606 3346 2655; x_wconf 89' lang='lat'><strong>;</strong></span> <span class='ocrx_word' id='word_1_693' title='bbox 3384 2593 3449 2643; x_wconf 90' lang='lat' dir='ltr'>ut</span> <span class='ocrx_word' id='word_1_694' title='bbox 3479 2586 3754 2645; x_wconf 78' lang='lat' dir='ltr'>solebant</span> 
     </span>
    </p>
   </div>
   <div class='ocr_carea' id='block_1_93' title="bbox 2087 2660 3747 2732">
    <p class='ocr_par' dir='ltr' id='par_1_93' title="bbox 2087 2660 3747 2732">
     <span class='ocr_line' id='line_1_96' title="bbox 2087 2660 3747 2732; baseline 0.001 -16"><span class='ocrx_word' id='word_1_695' title='bbox 2087 2676 2152 2716; x_wconf 91' lang='lat' dir='ltr'>eo</span> <span class='ocrx_word' id='word_1_696' title='bbox 2177 2669 2430 2729; x_wconf 90' lang='lat' dir='ltr'>tempore</span> <span class='ocrx_word' id='word_1_697' title='bbox 2454 2663 2797 2732; x_wconf 59' lang='lat' dir='ltr'>statuarum</span> <span class='ocrx_word' id='word_1_698' title='bbox 2830 2675 3058 2729; x_wconf 88' lang='lat' dir='ltr'>quoque</span> <span class='ocrx_word' id='word_1_699' title='bbox 3084 2660 3415 2730; x_wconf 90' lang='lat' dir='ltr'>principum</span> <span class='ocrx_word' id='word_1_700' title='bbox 3442 2661 3747 2732; x_wconf 62' lang='lat' dir='ltr'>Europaeo-</span> 
     </span>
    </p>
   </div>
   <div class='ocr_carea' id='block_1_94' title="bbox 2093 2730 3752 2803">
    <p class='ocr_par' dir='ltr' id='par_1_94' title="bbox 2093 2730 3752 2803">
     <span class='ocr_line' id='line_1_97' title="bbox 2093 2730 3752 2803; baseline 0.001 -17"><span class='ocrx_word' id='word_1_701' title='bbox 2093 2748 2227 2803; x_wconf 88' lang='lat' dir='ltr'>rum</span> <span class='ocrx_word' id='word_1_702' title='bbox 2265 2732 2448 2785; x_wconf 60' lang='lat' dir='ltr'>diaetas</span> <span class='ocrx_word' id='word_1_703' title='bbox 2480 2730 2692 2784; x_wconf 90' lang='lat' dir='ltr'>humili</span> <span class='ocrx_word' id='word_1_704' title='bbox 2719 2731 2777 2803; x_wconf 85' lang='lat' dir='ltr'>in</span> <span class='ocrx_word' id='word_1_705' title='bbox 2804 2732 2928 2786; x_wconf 92' lang='lat' dir='ltr'>loco</span> <span class='ocrx_word' id='word_1_706' title='bbox 2969 2747 3132 2800; x_wconf 82' lang='lat' dir='ltr'>esse;</span> <span class='ocrx_word' id='word_1_707' title='bbox 3169 2748 3221 2787; x_wconf 90' lang='lat' dir='ltr'>v.</span> <span class='ocrx_word' id='word_1_708' title='bbox 3258 2748 3386 2803; x_wconf 85' lang='lat' dir='ltr'>pag.</span> <span class='ocrx_word' id='word_1_709' title='bbox 3419 2732 3543 2786; x_wconf 87' lang='lat'>290.</span> <span class='ocrx_word' id='word_1_710' title='bbox 3578 2730 3752 2787; x_wconf 82' lang='lat' dir='ltr'>Caro-</span> 
     </span>
    </p>
   </div>
   <div class='ocr_carea' id='block_1_95' title="bbox 2087 2802 3750 2871">
    <p class='ocr_par' dir='ltr' id='par_1_95' title="bbox 2087 2802 3750 2871">
     <span class='ocr_line' id='line_1_98' title="bbox 2087 2802 3750 2871; baseline 0.002 -15"><span class='ocrx_word' id='word_1_711' title='bbox 2087 2802 2591 2871; x_wconf 81' lang='lat' dir='ltr'>luslVAugustus</span> <span class='ocrx_word' id='word_1_712' title='bbox 2614 2802 2777 2856; x_wconf 78' lang='lat' dir='ltr'>Metis</span> <span class='ocrx_word' id='word_1_713' title='bbox 2808 2803 3130 2857; x_wconf 89' lang='lat' dir='ltr'>solemnem</span> <span class='ocrx_word' id='word_1_714' title='bbox 3165 2802 3387 2859; x_wconf 89' lang='lat' dir='ltr'>curiam</span> <span class='ocrx_word' id='word_1_715' title='bbox 3421 2820 3573 2858; x_wconf 90' lang='lat' dir='ltr'>anno</span> <span class='ocrx_word' id='word_1_716' title='bbox 3601 2805 3750 2859; x_wconf 88' lang='grc'>1356</span> 
     </span>
    </p>
   </div>
   <div class='ocr_carea' id='block_1_96' title="bbox 2089 2874 3745 2945">
    <p class='ocr_par' dir='ltr' id='par_1_96' title="bbox 2089 2874 3745 2945">
     <span class='ocr_line' id='line_1_99' title="bbox 2089 2874 3745 2945; baseline 0.002 -16"><span class='ocrx_word' id='word_1_717' title='bbox 2089 2874 2359 2938; x_wconf 89' lang='lat' dir='ltr'>habebat,</span> <span class='ocrx_word' id='word_1_718' title='bbox 2394 2874 2455 2928; x_wconf 89' lang='lat' dir='ltr'>in</span> <span class='ocrx_word' id='word_1_719' title='bbox 2485 2890 2617 2939; x_wconf 84' lang='lat' dir='ltr'>qua,</span> <span class='ocrx_word' id='word_1_720' title='bbox 2652 2878 2795 2928; x_wconf 89' lang='lat' dir='ltr'>teste</span> <span class='ocrx_word' id='word_1_721' title='bbox 2823 2874 3052 2929; x_wconf 75' lang='lat' dir='ltr'>Albarto</span> <span class='ocrx_word' id='word_1_722' title='bbox 3084 2875 3518 2945; x_wconf 84' lang='lat' dir='ltr'>Argentinensi,</span> <span class='ocrx_word' id='word_1_723' title='bbox 3541 2876 3745 2932; x_wconf 81' lang='lat' dir='ltr'>electo-</span> 
     </span>
    </p>
   </div>
   <div class='ocr_carea' id='block_1_97' title="bbox 2085 2945 3743 3015">
    <p class='ocr_par' dir='ltr' id='par_1_97' title="bbox 2085 2945 3743 3015">
     <span class='ocr_line' id='line_1_100' title="bbox 2085 2945 3743 3015; baseline 0.002 -16"><span class='ocrx_word' id='word_1_724' title='bbox 2085 2961 2171 3001; x_wconf 85' lang='lat' dir='ltr'>res</span> <span class='ocrx_word' id='word_1_725' title='bbox 2201 2950 2253 3000; x_wconf 74' lang='lat' dir='ltr'>et</span> <span class='ocrx_word' id='word_1_726' title='bbox 2286 2945 2550 3015; x_wconf 79' lang='lat' dir='ltr'>ofﬁciales</span> <span class='ocrx_word' id='word_1_727' title='bbox 2596 2960 2693 2999; x_wconf 85' lang='lat' dir='ltr'>seu</span> <span class='ocrx_word' id='word_1_728' title='bbox 2737 2945 3134 3001; x_wconf 86' lang='lat' dir='ltr'>ministeriates</span> <span class='ocrx_word' id='word_1_729' title='bbox 3177 2949 3399 3015; x_wconf 82' lang='lat' dir='ltr'>imperii</span> <span class='ocrx_word' id='word_1_730' title='bbox 3446 2948 3743 3002; x_wconf 70' lang='lat' dir='ltr'>veniebant</span> 
     </span>
    </p>
   </div>
   <div class='ocr_carea' id='block_1_98' title="bbox 2084 3017 3743 3089">
    <p class='ocr_par' dir='ltr' id='par_1_98' title="bbox 2084 3017 3743 3089">
     <span class='ocr_line' id='line_1_101' title="bbox 2084 3017 3743 3089; baseline 0.002 -18"><span class='ocrx_word' id='word_1_731' title='bbox 2084 3033 2247 3086; x_wconf 84' lang='lat' dir='ltr'>super</span> <span class='ocrx_word' id='word_1_732' title='bbox 2272 3033 2407 3088; x_wconf 86' lang='lat' dir='ltr'>equo</span> <span class='ocrx_word' id='word_1_733' title='bbox 2438 3032 2601 3089; x_wconf 83' lang='lat' dir='ltr'>usque</span> <span class='ocrx_word' id='word_1_734' title='bbox 2646 3017 2726 3071; x_wconf 85' lang='lat' dir='ltr'>ad</span> <span class='ocrx_word' id='word_1_735' title='bbox 2764 3032 3041 3089; x_wconf 80' lang='lat' dir='ltr'>mensam.</span> <span class='ocrx_word' id='word_1_736' title='bbox 3099 3018 3485 3074; x_wconf 84' lang='lat' dir='ltr'>Descendentes</span> <span class='ocrx_word' id='word_1_737' title='bbox 3514 3034 3643 3074; x_wconf 87' lang='lat' dir='ltr'>vero</span> <span class='ocrx_word' id='word_1_738' title='bbox 3675 3019 3743 3075; x_wconf 82' lang='lat' dir='ltr'>de</span> 
     </span>
    </p>
   </div>
   <div class='ocr_carea' id='block_1_99' title="bbox 2084 3088 3737 3158">
    <p class='ocr_par' dir='ltr' id='par_1_99' title="bbox 2084 3088 3737 3158">
     <span class='ocr_line' id='line_1_102' title="bbox 2084 3088 3737 3158; baseline -0.001 -13"><span class='ocrx_word' id='word_1_739' title='bbox 2084 3104 2218 3158; x_wconf 86' lang='lat' dir='ltr'>equo</span> <span class='ocrx_word' id='word_1_740' title='bbox 2273 3105 2458 3144; x_wconf 88' lang='lat' dir='ltr'>coram</span> <span class='ocrx_word' id='word_1_741' title='bbox 2514 3088 2703 3143; x_wconf 86' lang='lat' dir='ltr'>mensa</span> <span class='ocrx_word' id='word_1_742' title='bbox 2751 3088 3113 3144; x_wconf 81' lang='lat' dir='ltr'>histrionibus</span> <span class='ocrx_word' id='word_1_743' title='bbox 3160 3098 3211 3144; x_wconf 83' lang='lat' dir='ltr'>et</span> <span class='ocrx_word' id='word_1_744' title='bbox 3267 3092 3451 3144; x_wconf 82' lang='lat' dir='ltr'>mimis</span> <span class='ocrx_word' id='word_1_745' title='bbox 3495 3090 3737 3145; x_wconf 82' lang='lat' dir='ltr'>dabatur</span> 
     </span>
    </p>
   </div>
   <div class='ocr_carea' id='block_1_100' title="bbox 2083 3159 3730 3232">
    <p class='ocr_par' dir='ltr' id='par_1_100' title="bbox 2083 3159 3730 3232">
     <span class='ocr_line' id='line_1_103' title="bbox 2083 3159 3730 3232; baseline 0.001 -17"><span class='ocrx_word' id='word_1_746' title='bbox 2083 3175 2290 3232; x_wconf 55' lang='lat' dir='ltr'>equus.</span> <span class='ocrx_word' id='word_1_747' title='bbox 2328 3160 2410 3232; x_wconf 68' lang='lat' dir='ltr'>Ea</span> <span class='ocrx_word' id='word_1_748' title='bbox 2452 3176 2518 3215; x_wconf 91' lang='lat' dir='ltr'>eo</span> <span class='ocrx_word' id='word_1_749' title='bbox 2566 3175 2805 3232; x_wconf 86' lang='lat' dir='ltr'>quoque</span> <span class='ocrx_word' id='word_1_750' title='bbox 2847 3159 3195 3232; x_wconf 86' lang='lat' dir='ltr'>intelligitur</span> <span class='ocrx_word' id='word_1_751' title='bbox 3240 3160 3531 3232; x_wconf 87' lang='lat' dir='ltr'>principes</span> <span class='ocrx_word' id='word_1_752' title='bbox 3570 3162 3730 3217; x_wconf 86' lang='lat' dir='ltr'>viros</span> 
     </span>
    </p>
   </div>
   <div class='ocr_carea' id='block_1_101' title="bbox 2084 3230 3732 3302">
    <p class='ocr_par' dir='ltr' id='par_1_101' title="bbox 2084 3230 3732 3302">
     <span class='ocr_line' id='line_1_104' title="bbox 2084 3230 3732 3302; baseline 0.002 -17"><span class='ocrx_word' id='word_1_753' title='bbox 2084 3235 2221 3285; x_wconf 90' lang='lat' dir='ltr'>tunc</span> <span class='ocrx_word' id='word_1_754' title='bbox 2277 3230 2336 3284; x_wconf 90' lang='lat' dir='ltr'>in</span> <span class='ocrx_word' id='word_1_755' title='bbox 2395 3231 2592 3286; x_wconf 86' lang='lat' dir='ltr'>humili</span> <span class='ocrx_word' id='word_1_756' title='bbox 2645 3230 2997 3302; x_wconf 81' lang='lat' dir='ltr'>convivasse,</span> <span class='ocrx_word' id='word_1_757' title='bbox 3034 3230 3165 3301; x_wconf 65' lang='lat' dir='ltr'>auia</span> <span class='ocrx_word' id='word_1_758' title='bbox 3206 3230 3361 3287; x_wconf 83' lang='lat' dir='ltr'>boves</span> <span class='ocrx_word' id='word_1_759' title='bbox 3397 3230 3462 3287; x_wconf 81' lang='lat' dir='ltr'>de</span> <span class='ocrx_word' id='word_1_760' title='bbox 3489 3234 3732 3289; x_wconf 84' lang='lat' dir='ltr'>scarlata</span> 
     </span>
    </p>
   </div>
   <div class='ocr_carea' id='block_1_102' title="bbox 2083 3303 3723 3377">
    <p class='ocr_par' dir='ltr' id='par_1_102' title="bbox 2083 3303 3723 3377">
     <span class='ocr_line' id='line_1_105' title="bbox 2083 3303 3723 3377; baseline 0.002 -20"><span class='ocrx_word' id='word_1_761' title='bbox 2083 3303 2265 3357; x_wconf 81' lang='lat' dir='ltr'>vestiti</span> <span class='ocrx_word' id='word_1_762' title='bbox 2302 3303 2817 3377; x_wconf 71' lang='lat' dir='ltr'>introducebantur,</span> <span class='ocrx_word' id='word_1_763' title='bbox 2851 3304 2947 3377; x_wconf 85' lang='lat' dir='ltr'>qui</span> <span class='ocrx_word' id='word_1_764' title='bbox 2981 3303 3355 3377; x_wconf 3' lang='lat' dir='ltr'>(cornicabant</span> <span class='ocrx_word' id='word_1_765' title='bbox 3402 3305 3723 3377; x_wconf 88' lang='lat' dir='ltr'>[cornubus</span> 
     </span>
    </p>
   </div>
   <div class='ocr_carea' id='block_1_103' title="bbox 2083 3373 3730 3447">
    <p class='ocr_par' dir='ltr' id='par_1_103' title="bbox 2083 3373 3730 3447">
     <span class='ocr_line' id='line_1_106' title="bbox 2083 3373 3730 3447; baseline 0.002 -19"><span class='ocrx_word' id='word_1_766' title='bbox 2083 3389 2145 3428; x_wconf 91' lang='lat' dir='ltr'>se</span> <span class='ocrx_word' id='word_1_767' title='bbox 2178 3373 2449 3447; x_wconf 85' lang='lat' dir='ltr'>petebant</span> <span class='ocrx_word' id='word_1_768' title='bbox 2468 3373 2816 3447; x_wconf 10' lang='lat' dir='ltr'>arietabantr]</span> <span class='ocrx_word' id='word_1_769' title='bbox 2847 3373 2917 3429; x_wconf 84' lang='lat' dir='ltr'>ad</span> <span class='ocrx_word' id='word_1_770' title='bbox 2939 3376 3163 3443; x_wconf 83' lang='lat' dir='ltr'>singula</span> <span class='ocrx_word' id='word_1_771' title='bbox 3210 3373 3447 3445; x_wconf 81' lang='lat' dir='ltr'>fercula,</span> <span class='ocrx_word' id='word_1_772' title='bbox 3478 3392 3597 3447; x_wconf 73' lang='lat' dir='ltr'>quz</span> <span class='ocrx_word' id='word_1_773' title='bbox 3629 3393 3730 3447; x_wconf 88' lang='lat' dir='ltr'>ap-</span> 
     </span>
    </p>
   </div>
   <div class='ocr_carea' id='block_1_104' title="bbox 2080 3444 3730 3574">
    <p class='ocr_par' dir='ltr' id='par_1_104' title="bbox 2080 3444 3730 3574">
     <span class='ocr_line' id='line_1_107' title="bbox 2080 3444 3730 3515; baseline 0.002 -16"><span class='ocrx_word' id='word_1_774' title='bbox 2080 3444 2427 3515; x_wconf 72' lang='lat' dir='ltr'>ponebantur</span> <span class='ocrx_word' id='word_1_775' title='bbox 2457 3444 2574 3514; x_wconf 86' lang='lat' dir='ltr'>regi</span> <span class='ocrx_word' id='word_1_776' title='bbox 2604 3445 2664 3499; x_wconf 86' lang='lat' dir='ltr'>in</span> <span class='ocrx_word' id='word_1_777' title='bbox 2706 3444 2915 3511; x_wconf 84' lang='lat' dir='ltr'>mensa,</span> <span class='ocrx_word' id='word_1_778' title='bbox 2951 3447 3065 3502; x_wconf 84' lang='lat' dir='ltr'>nisi</span> <span class='ocrx_word' id='word_1_779' title='bbox 3096 3444 3244 3502; x_wconf 82' lang='lat' dir='ltr'>forte</span> <span class='ocrx_word' id='word_1_780' title='bbox 3279 3448 3452 3504; x_wconf 79' lang='lat' dir='ltr'>boves</span> <span class='ocrx_word' id='word_1_781' title='bbox 3484 3444 3541 3501; x_wconf 86' lang='lat' dir='ltr'>hi</span> <span class='ocrx_word' id='word_1_782' title='bbox 3574 3444 3730 3504; x_wconf 81' lang='lat' dir='ltr'>docti</span> 
     </span>
     <span class='ocr_line' id='line_1_108' title="bbox 2086 3515 3727 3574; baseline 0.003 -6"><span class='ocrx_word' id='word_1_783' title='bbox 2086 3515 2271 3571; x_wconf 87' lang='lat' dir='ltr'>scalas</span> <span class='ocrx_word' id='word_1_784' title='bbox 2317 3517 2615 3574; x_wconf 85' lang='lat' dir='ltr'>scandere.</span> <span class='ocrx_word' id='word_1_785' title='bbox 2663 3522 2762 3571; x_wconf 89' lang='lat' dir='ltr'>aut</span> <span class='ocrx_word' id='word_1_786' title='bbox 2804 3517 3091 3573; x_wconf 88' lang='lat' dir='ltr'>machinis</span> <span class='ocrx_word' id='word_1_787' title='bbox 3133 3518 3417 3574; x_wconf 89' lang='lat' dir='ltr'>sublevati</span> <span class='ocrx_word' id='word_1_788' title='bbox 3466 3519 3727 3574; x_wconf 85' lang='lat' dir='ltr'>fuerunt.</span> 
     </span>
    </p>
   </div>
   <div class='ocr_carea' id='block_1_105' title="bbox 2086 3587 3733 3645">
    <p class='ocr_par' dir='ltr' id='par_1_105' title="bbox 2086 3587 3733 3645">
     <span class='ocr_line' id='line_1_109' title="bbox 2086 3587 3733 3645; baseline 0.002 -4"><span class='ocrx_word' id='word_1_789' title='bbox 2086 3587 2270 3642; x_wconf 90' lang='lat' dir='ltr'>Locus</span> <span class='ocrx_word' id='word_1_790' title='bbox 2318 3587 2625 3642; x_wconf 76' lang='lat' dir='ltr'>desumtus</span> <span class='ocrx_word' id='word_1_791' title='bbox 2669 3592 2755 3643; x_wconf 89' lang='lat' dir='ltr'>est</span> <span class='ocrx_word' id='word_1_792' title='bbox 2801 3605 2869 3643; x_wconf 77' lang='lat' dir='ltr'>ex</span> <span class='ocrx_word' id='word_1_793' title='bbox 2911 3588 3174 3645; x_wconf 89' lang='lat' dir='ltr'>Alberico</span> <span class='ocrx_word' id='word_1_794' title='bbox 3228 3588 3512 3645; x_wconf 87' lang='lat' dir='ltr'>monacho</span> <span class='ocrx_word' id='word_1_795' title='bbox 3555 3591 3733 3645; x_wconf 86' lang='lat' dir='ltr'>trium</span> 
     </span>
    </p>
   </div>
   <div class='ocr_carea' id='block_1_106' title="bbox 2083 3659 3733 3733">
    <p class='ocr_par' dir='ltr' id='par_1_106' title="bbox 2083 3659 3733 3733">
     <span class='ocr_line' id='line_1_110' title="bbox 2083 3659 3733 3733; baseline 0.002 -20"><span class='ocrx_word' id='word_1_796' title='bbox 2083 3659 2337 3733; x_wconf 84' lang='lat' dir='ltr'>fontium</span> <span class='ocrx_word' id='word_1_797' title='bbox 2366 3659 2822 3733; x_wconf 85' lang='lat' dir='ltr'>apudMurator.</span> <span class='ocrx_word' id='word_1_798' title='bbox 2865 3661 2976 3726; x_wconf 84' lang='lat' dir='ltr'>t.1,</span> <span class='ocrx_word' id='word_1_799' title='bbox 3009 3662 3247 3733; x_wconf 88' lang='lat' dir='ltr'>Antiqu.</span> <span class='ocrx_word' id='word_1_800' title='bbox 3290 3661 3416 3718; x_wconf 90' lang='lat' dir='ltr'>Ital.</span> <span class='ocrx_word' id='word_1_801' title='bbox 3455 3679 3507 3731; x_wconf 92' lang='lat' dir='ltr'>p.</span> <span class='ocrx_word' id='word_1_802' title='bbox 3542 3663 3669 3728; x_wconf 81' lang='lat'>846,</span> <span class='ocrx_word' id='word_1_803' title='bbox 3700 3677 3733 3717; x_wconf 78' lang='grc' dir='ltr'>θ</span> 
     </span>
    </p>
   </div>
   <div class='ocr_carea' id='block_1_107' title="bbox 2081 3731 3730 3803">
    <p class='ocr_par' dir='ltr' id='par_1_107' title="bbox 2081 3731 3730 3803">
     <span class='ocr_line' id='line_1_111' title="bbox 2081 3731 3730 3803; baseline 0.004 -20"><span class='ocrx_word' id='word_1_804' title='bbox 2081 3747 2197 3801; x_wconf 88' lang='lat' dir='ltr'>quo</span> <span class='ocrx_word' id='word_1_805' title='bbox 2247 3731 2422 3786; x_wconf 89' lang='lat' dir='ltr'>etiam</span> <span class='ocrx_word' id='word_1_806' title='bbox 2453 3732 2629 3803; x_wconf 15' lang='lat' dir='ltr'>origo,</span> <span class='ocrx_word' id='word_1_807' title='bbox 2648 3732 2808 3788; x_wconf 90' lang='lat' dir='ltr'>vocis</span> <span class='ocrx_word' id='word_1_808' title='bbox 2849 3731 3178 3799; x_wconf 70' lang='lat' dir='ltr'>charlalan,</span> <span class='ocrx_word' id='word_1_809' title='bbox 3204 3749 3321 3803; x_wconf 90' lang='lat' dir='ltr'>qua</span> <span class='ocrx_word' id='word_1_810' title='bbox 3350 3732 3730 3789; x_wconf 78' lang='lat' dir='ltr'>circumfora-</span> 
     </span>
    </p>
   </div>
   <div class='ocr_carea' id='block_1_108' title="bbox 2082 3802 3731 3874">
    <p class='ocr_par' dir='ltr' id='par_1_108' title="bbox 2082 3802 3731 3874">
     <span class='ocr_line' id='line_1_112' title="bbox 2082 3802 3731 3874; baseline 0.002 -17"><span class='ocrx_word' id='word_1_811' title='bbox 2082 3818 2281 3871; x_wconf 89' lang='lat' dir='ltr'>neum,</span> <span class='ocrx_word' id='word_1_812' title='bbox 2306 3807 2569 3872; x_wconf 82' lang='lat' dir='ltr'>agyrtam</span> <span class='ocrx_word' id='word_1_813' title='bbox 2602 3802 3008 3873; x_wconf 81' lang='lat' dir='ltr'>designatnus,</span> <span class='ocrx_word' id='word_1_814' title='bbox 3044 3802 3408 3873; x_wconf 83' lang='lat' dir='ltr'>intelligitur.</span> <span class='ocrx_word' id='word_1_815' title='bbox 3443 3807 3663 3874; x_wconf 86' lang='lat' dir='ltr'>Nempe</span> <span class='ocrx_word' id='word_1_816' title='bbox 3695 3822 3731 3861; x_wconf 69' lang='grc' dir='ltr'><strong>δ</strong></span> 
     </span>
    </p>
   </div>
   <div class='ocr_carea' id='block_1_109' title="bbox 2078 3874 3729 3947">
    <p class='ocr_par' dir='ltr' id='par_1_109' title="bbox 2078 3874 3729 3947">
     <span class='ocr_line' id='line_1_113' title="bbox 2078 3874 3729 3947; baseline 0.001 -18"><span class='ocrx_word' id='word_1_817' title='bbox 2078 3882 2236 3947; x_wconf 84' lang='lat' dir='ltr'>veste</span> <span class='ocrx_word' id='word_1_818' title='bbox 2268 3874 3031 3947; x_wconf 18' lang='lat' dir='ltr'>coccinea,scarlato,4quam</span> <span class='ocrx_word' id='word_1_819' title='bbox 3058 3881 3115 3931; x_wconf 88' lang='lat' dir='ltr'>et</span> <span class='ocrx_word' id='word_1_820' title='bbox 3138 3876 3250 3945; x_wconf 86' lang='lat' dir='ltr'>ipsi</span> <span class='ocrx_word' id='word_1_821' title='bbox 3276 3881 3334 3931; x_wconf 90' lang='lat' dir='ltr'>et</span> <span class='ocrx_word' id='word_1_822' title='bbox 3355 3877 3528 3931; x_wconf 87' lang='lat' dir='ltr'>boves</span> <span class='ocrx_word' id='word_1_823' title='bbox 3553 3884 3729 3947; x_wconf 74' lang='lat' dir='ltr'>atque</span> 
     </span>
    </p>
   </div>
   <div class='ocr_carea' id='block_1_110' title="bbox 2080 3945 3729 4018">
    <p class='ocr_par' dir='ltr' id='par_1_110' title="bbox 2080 3945 3729 4018">
     <span class='ocr_line' id='line_1_114' title="bbox 2080 3945 3729 4018; baseline 0.001 -18"><span class='ocrx_word' id='word_1_824' title='bbox 2080 3945 2268 4018; x_wconf 65' lang='lat' dir='ltr'>simiae</span> <span class='ocrx_word' id='word_1_825' title='bbox 2288 3948 2778 4018; x_wconf 87' lang='lat' dir='ltr'>gestabant,quos</span> <span class='ocrx_word' id='word_1_826' title='bbox 2801 3945 3387 4018; x_wconf 80' lang='lat' dir='ltr'>circumductitabant</span> <span class='ocrx_word' id='word_1_827' title='bbox 3411 3952 3467 4001; x_wconf 85' lang='lat' dir='ltr'>et</span> <span class='ocrx_word' id='word_1_828' title='bbox 3488 3945 3729 4002; x_wconf 74' lang='lat' dir='ltr'>edentes</span> 
     </span>
    </p>
   </div>
   <div class='ocr_carea' id='block_1_111' title="bbox 2078 4014 3729 4087">
    <p class='ocr_par' dir='ltr' id='par_1_111' title="bbox 2078 4014 3729 4087">
     <span class='ocr_line' id='line_1_115' title="bbox 2078 4014 3729 4087; baseline 0.002 -17"><span class='ocrx_word' id='word_1_829' title='bbox 2078 4014 2329 4087; x_wconf 76' lang='grc' dir='ltr'>θαύματα</span> <span class='ocrx_word' id='word_1_830' title='bbox 2360 4014 2785 4085; x_wconf 72' lang='lat' dir='ltr'>monstrabant,</span> <span class='ocrx_word' id='word_1_831' title='bbox 2810 4017 3082 4087; x_wconf 87' lang='lat' dir='ltr'>appellati</span> <span class='ocrx_word' id='word_1_832' title='bbox 3108 4018 3645 4074; x_wconf 79' lang='lat' dir='ltr'>fueruntscartatuti</span> <span class='ocrx_word' id='word_1_833' title='bbox 3675 4027 3729 4074; x_wconf 81' lang='lat' dir='ltr'>et</span> 
     </span>
    </p>
   </div>
   <div class='ocr_carea' id='block_1_112' title="bbox 2075 4088 3725 4162">
    <p class='ocr_par' dir='ltr' id='par_1_112' title="bbox 2075 4088 3725 4162">
     <span class='ocr_line' id='line_1_116' title="bbox 2075 4088 3725 4162; baseline 0.001 -18"><span class='ocrx_word' id='word_1_834' title='bbox 2075 4090 2399 4162; x_wconf 69' lang='lat' dir='ltr'>scortatani.</span> <span class='ocrx_word' id='word_1_835' title='bbox 2426 4088 2589 4145; x_wconf 89' lang='lat' dir='ltr'>Unde</span> <span class='ocrx_word' id='word_1_836' title='bbox 2619 4096 2812 4162; x_wconf 81' lang='lat' dir='ltr'>autem</span> <span class='ocrx_word' id='word_1_837' title='bbox 2841 4091 3156 4162; x_wconf 82' lang='lat' dir='ltr'>scarlatum</span> <span class='ocrx_word' id='word_1_838' title='bbox 3173 4106 3270 4147; x_wconf 88' lang='lat' dir='ltr'>seu</span> <span class='ocrx_word' id='word_1_839' title='bbox 3293 4106 3523 4162; x_wconf 88' lang='lat' dir='ltr'>pannus</span> <span class='ocrx_word' id='word_1_840' title='bbox 3544 4091 3725 4162; x_wconf 85' lang='lat' dir='ltr'>cocci-</span> 
     </span>
    </p>
   </div>
   <div class='ocr_carea' id='block_1_113' title="bbox 2076 4160 3717 4232">
    <p class='ocr_par' dir='ltr' id='par_1_113' title="bbox 2076 4160 3717 4232">
     <span class='ocr_line' id='line_1_117' title="bbox 2076 4160 3717 4232; baseline 0.001 -17"><span class='ocrx_word' id='word_1_841' title='bbox 2076 4176 2221 4216; x_wconf 87' lang='lat' dir='ltr'>neus</span> <span class='ocrx_word' id='word_1_842' title='bbox 2243 4161 2270 4215; x_wconf 75' lang='lat' dir='ltr'>‘I</span> <span class='ocrx_word' id='word_1_843' title='bbox 2304 4161 2379 4215; x_wconf 80' lang='lat' dir='ltr'>Ab</span> <span class='ocrx_word' id='word_1_844' title='bbox 2413 4161 2674 4225; x_wconf 85' lang='lat' dir='ltr'>Arabico,</span> <span class='ocrx_word' id='word_1_845' title='bbox 2707 4160 2950 4232; x_wconf 79' lang='lat' dir='ltr'>srharal,</span> <span class='ocrx_word' id='word_1_846' title='bbox 2991 4161 3148 4232; x_wconf 90' lang='lat' dir='ltr'>quod</span> <span class='ocrx_word' id='word_1_847' title='bbox 3187 4160 3520 4218; x_wconf 85' lang='lat' dir='ltr'>coccineum</span> <span class='ocrx_word' id='word_1_848' title='bbox 3552 4161 3717 4217; x_wconf 86' lang='lat' dir='ltr'>colo-</span> 
     </span>
    </p>
   </div>
   <div class='ocr_carea' id='block_1_114' title="bbox 2077 4231 3711 4305">
    <p class='ocr_par' dir='ltr' id='par_1_114' title="bbox 2077 4231 3711 4305">
     <span class='ocr_line' id='line_1_118' title="bbox 2077 4231 3711 4305; baseline 0.002 -19"><span class='ocrx_word' id='word_1_849' title='bbox 2077 4247 2197 4305; x_wconf 72' lang='lat' dir='ltr'>rem</span> <span class='ocrx_word' id='word_1_850' title='bbox 2225 4236 2404 4288; x_wconf 89' lang='lat' dir='ltr'>notat.</span> <span class='ocrx_word' id='word_1_851' title='bbox 2437 4231 2888 4305; x_wconf 81' lang='lat' dir='ltr'>Vocabulumin</span> <span class='ocrx_word' id='word_1_852' title='bbox 2921 4231 3064 4288; x_wconf 81' lang='lat' dir='ltr'>Goiii</span> <span class='ocrx_word' id='word_1_853' title='bbox 3100 4233 3304 4288; x_wconf 85' lang='lat' dir='ltr'>Lexico</span> <span class='ocrx_word' id='word_1_854' title='bbox 3335 4250 3446 4290; x_wconf 93' lang='lat' dir='ltr'>non</span> <span class='ocrx_word' id='word_1_855' title='bbox 3470 4237 3711 4305; x_wconf 86' lang='lat' dir='ltr'>prostat.</span> 
     </span>
    </p>
   </div>
   <div class='ocr_carea' id='block_1_115' title="bbox 2075 4302 3249 4375">
    <p class='ocr_par' dir='ltr' id='par_1_115' title="bbox 2075 4302 3249 4375">
     <span class='ocr_line' id='line_1_119' title="bbox 2075 4302 3249 4375; baseline -0.001 -16"><span class='ocrx_word' id='word_1_856' title='bbox 2075 4303 2330 4359; x_wconf 80' lang='lat' dir='ltr'>Habetur</span> <span class='ocrx_word' id='word_1_857' title='bbox 2360 4312 2549 4358; x_wconf 82' lang='lat' dir='ltr'>tamen</span> <span class='ocrx_word' id='word_1_858' title='bbox 2584 4305 2642 4358; x_wconf 92' lang='lat' dir='ltr'>in</span> <span class='ocrx_word' id='word_1_859' title='bbox 2676 4302 2991 4359; x_wconf 88' lang='lat' dir='ltr'>Moallaoah</span> <span class='ocrx_word' id='word_1_860' title='bbox 3025 4305 3249 4375; x_wconf 84' lang='lat' dir='ltr'>quinta.</span> 
     </span>
    </p>
   </div>
   <div class='ocr_carea' id='block_1_116' title="bbox 2144 4375 3714 4446">
    <p class='ocr_par' dir='ltr' id='par_1_116' title="bbox 2144 4375 3714 4446">
     <span class='ocr_line' id='line_1_120' title="bbox 2144 4375 3714 4446; baseline 0.001 -17"><span class='ocrx_word' id='word_1_861' title='bbox 2144 4375 2252 4443; x_wconf 87' lang='grc'>(92)</span> <span class='ocrx_word' id='word_1_862' title='bbox 2287 4377 2348 4433; x_wconf 88' lang='lat' dir='ltr'>Ut</span> <span class='ocrx_word' id='word_1_863' title='bbox 2377 4375 2696 4443; x_wconf 71' lang='lat' dir='ltr'>exemptum</span> <span class='ocrx_word' id='word_1_864' title='bbox 2724 4377 2950 4446; x_wconf 83' lang='lat' dir='ltr'>ﬁngam,</span> <span class='ocrx_word' id='word_1_865' title='bbox 2984 4391 3012 4430; x_wconf 75' lang='grc' dir='ltr'>ε</span> <span class='ocrx_word' id='word_1_866' title='bbox 3041 4392 3147 4445; x_wconf 88' lang='lat' dir='ltr'>quo</span> <span class='ocrx_word' id='word_1_867' title='bbox 3182 4375 3461 4446; x_wconf 83' lang='lat' dir='ltr'>negotium</span> <span class='ocrx_word' id='word_1_868' title='bbox 3489 4377 3587 4431; x_wconf 84' lang='lat' dir='ltr'>hoc</span> <span class='ocrx_word' id='word_1_869' title='bbox 3621 4376 3714 4431; x_wconf 86' lang='lat' dir='ltr'>in-</span> 
     </span>
    </p>
   </div>
   <div class='ocr_carea' id='block_1_117' title="bbox 2076 4446 3713 4516">
    <p class='ocr_par' dir='ltr' id='par_1_117' title="bbox 2076 4446 3713 4516">
     <span class='ocr_line' id='line_1_121' title="bbox 2076 4446 3713 4516; baseline 0.001 -16"><span class='ocrx_word' id='word_1_870' title='bbox 2076 4446 2379 4514; x_wconf 81' lang='lat' dir='ltr'>telligatur,</span> <span class='ocrx_word' id='word_1_871' title='bbox 2439 4447 2683 4515; x_wconf 75' lang='lat' dir='ltr'>exempli</span> <span class='ocrx_word' id='word_1_872' title='bbox 2736 4463 2929 4516; x_wconf 83' lang='lat' dir='ltr'>causa.</span> <span class='ocrx_word' id='word_1_873' title='bbox 2988 4447 3352 4516; x_wconf 80' lang='lat' dir='ltr'>Theorianus</span> <span class='ocrx_word' id='word_1_874' title='bbox 3407 4446 3467 4501; x_wconf 91' lang='lat' dir='ltr'>in</span> <span class='ocrx_word' id='word_1_875' title='bbox 3519 4448 3713 4516; x_wconf 77' lang='lat' dir='ltr'>Legat.</span> 
     </span>
    </p>
   </div>
   <div class='ocr_carea' id='block_1_118' title="bbox 2079 4515 3719 4602">
    <p class='ocr_par' dir='ltr' id='par_1_118' title="bbox 2079 4515 3719 4602">
     <span class='ocr_line' id='line_1_122' title="bbox 2079 4515 3719 4602; baseline -0.001 -29"><span class='ocrx_word' id='word_1_876' title='bbox 2079 4520 2302 4573; x_wconf 78' lang='lat' dir='ltr'>Armen.</span> <span class='ocrx_word' id='word_1_877' title='bbox 2338 4518 2685 4602; x_wconf 53' lang='lat' dir='ltr'>3&quot;Ec}wc1v,</span> <span class='ocrx_word' id='word_1_878' title='bbox 2729 4516 2802 4578; x_wconf 82' lang='grc' dir='ltr'>ὡς</span> <span class='ocrx_word' id='word_1_879' title='bbox 2850 4515 2902 4570; x_wconf 86' lang='grc' dir='ltr'>ἐν</span> <span class='ocrx_word' id='word_1_880' title='bbox 2930 4516 3222 4602; x_wconf 42' lang='grc' dir='ltr'>,ὑποθέσειθ</span> <span class='ocrx_word' id='word_1_881' title='bbox 3272 4515 3498 4602; x_wconf 53' lang='grc' dir='ltr'>ἐνταιῖβα</span> <span class='ocrx_word' id='word_1_882' title='bbox 3545 4517 3719 4590; x_wconf 76' lang='grc' dir='ltr'>ὑπὲρ-</span> 
     </span>
    </p>
   </div>
   <div class='ocr_carea' id='block_1_119' title="bbox 2074 4589 3719 4734">
    <p class='ocr_par' dir='ltr' id='par_1_119' title="bbox 2074 4589 3719 4734">
     <span class='ocr_line' id='line_1_123' title="bbox 2074 4589 3717 4715; baseline 0.002 -73"><span class='ocrx_word' id='word_1_883' title='bbox 2074 4607 2218 4715; x_wconf 57' lang='lat' dir='ltr'>Ruga</span> <span class='ocrx_word' id='word_1_884' title='bbox 2262 4590 2410 4661; x_wconf 79' lang='grc' dir='ltr'>τρια,</span> <span class='ocrx_word' id='word_1_885' title='bbox 2471 4590 2741 4656; x_wconf 71' lang='lat' dir='ltr'>tingamus</span> <span class='ocrx_word' id='word_1_886' title='bbox 2785 4590 3082 4675; x_wconf 57' lang='lat' dir='ltr'>tantisper,</span> <span class='ocrx_word' id='word_1_887' title='bbox 3140 4589 3327 4646; x_wconf 78' lang='lat' dir='ltr'>adesse</span> <span class='ocrx_word' id='word_1_888' title='bbox 3384 4591 3477 4645; x_wconf 86' lang='lat' dir='ltr'>hic</span> <span class='ocrx_word' id='word_1_889' title='bbox 3529 4589 3717 4674; x_wconf 73' lang='lat' dir='ltr'>coram</span> 
     </span>
     <span class='ocr_line' id='line_1_124' title="bbox 2074 4660 3719 4734; baseline 0.001 -19"><span class='ocrx_word' id='word_1_890' title='bbox 2074 4677 2143 4734; x_wconf 75' lang='lat' dir='ltr'>no</span> <span class='ocrx_word' id='word_1_891' title='bbox 2186 4677 2231 4716; x_wconf 76' lang='lat' dir='ltr'>is</span> <span class='ocrx_word' id='word_1_892' title='bbox 2254 4662 2364 4734; x_wconf 80' lang='lat' dir='ltr'>tria</span> <span class='ocrx_word' id='word_1_893' title='bbox 2394 4661 2745 4734; x_wconf 70' lang='lat' dir='ltr'>hyperpyra;</span> <span class='ocrx_word' id='word_1_894' title='bbox 2781 4680 2833 4714; x_wconf 84' lang='grc' dir='ltr'>εν</span> <span class='ocrx_word' id='word_1_895' title='bbox 2869 4660 3153 4734; x_wconf 79' lang='grc' dir='ltr'>ὑποθήκης</span> <span class='ocrx_word' id='word_1_896' title='bbox 3190 4660 3340 4734; x_wconf 76' lang='grc' dir='ltr'>μὲρει</span> <span class='ocrx_word' id='word_1_897' title='bbox 3366 4678 3467 4734; x_wconf 85' lang='lat' dir='ltr'>pro</span> <span class='ocrx_word' id='word_1_898' title='bbox 3488 4677 3553 4717; x_wconf 84' lang='lat' dir='ltr'>eo</span> <span class='ocrx_word' id='word_1_899' title='bbox 3572 4662 3719 4734; x_wconf 75' lang='lat' dir='ltr'>dixit</span> 
     </span>
    </p>
   </div>
   <div class='ocr_carea' id='block_1_120' title="bbox 2075 4732 3720 4805">
    <p class='ocr_par' dir='ltr' id='par_1_120' title="bbox 2075 4732 3720 4805">
     <span class='ocr_line' id='line_1_125' title="bbox 2075 4732 3720 4805; baseline 0.001 -18"><span class='ocrx_word' id='word_1_900' title='bbox 2075 4732 2590 4804; x_wconf 28' lang='lat' dir='ltr'>Plutarchus’Opp’.</span> <span class='ocrx_word' id='word_1_901' title='bbox 2609 4732 2840 4805; x_wconf 56' lang='lat' dir='ltr'>&#39;philos.</span> <span class='ocrx_word' id='word_1_902' title='bbox 2867 4750 2922 4804; x_wconf 92' lang='lat' dir='ltr'>p.</span> <span class='ocrx_word' id='word_1_903' title='bbox 2949 4734 3071 4788; x_wconf 91' lang='lat'>178.</span> <span class='ocrx_word' id='word_1_904' title='bbox 3095 4732 3415 4788; x_wconf 35' lang='lat' dir='ltr'>Notm‘sunt</span> <span class='ocrx_word' id='word_1_905' title='bbox 3437 4732 3720 4805; x_wconf 85' lang='lat' dir='ltr'>hypothe-</span> 
     </span>
    </p>
   </div>
   <div class='ocr_carea' id='block_1_121' title="bbox 2077 4804 3720 4876">
    <p class='ocr_par' dir='ltr' id='par_1_121' title="bbox 2077 4804 3720 4876">
     <span class='ocr_line' id='line_1_126' title="bbox 2077 4804 3720 4876; baseline 0 -17"><span class='ocrx_word' id='word_1_906' title='bbox 2077 4805 2199 4860; x_wconf 74' lang='lat' dir='ltr'>lices</span> <span class='ocrx_word' id='word_1_907' title='bbox 2231 4804 2767 4876; x_wconf 75' lang='lat' dir='ltr'>argumentatiOnes</span> <span class='ocrx_word' id='word_1_908' title='bbox 2786 4805 3329 4876; x_wconf 72' lang='lat' dir='ltr'>Stoicorum.Belga</span> <span class='ocrx_word' id='word_1_909' title='bbox 3353 4804 3720 4875; x_wconf 83' lang='lat' dir='ltr'>perapposite</span> 
     </span>
    </p>
   </div>
   <div class='ocr_carea' id='block_1_122' title="bbox 2076 4875 3721 4947">
    <p class='ocr_par' dir='ltr' id='par_1_122' title="bbox 2076 4875 3721 4947">
     <span class='ocr_line' id='line_1_127' title="bbox 2076 4875 3721 4947; baseline -0.001 -15"><span class='ocrx_word' id='word_1_910' title='bbox 2076 4875 2548 4933; x_wconf 82' lang='lat' dir='ltr'>veronderstellen</span> <span class='ocrx_word' id='word_1_911' title='bbox 2596 4877 2800 4932; x_wconf 90' lang='lat' dir='ltr'>dicunt</span> <span class='ocrx_word' id='word_1_912' title='bbox 2848 4893 2949 4946; x_wconf 90' lang='lat' dir='ltr'>pro</span> <span class='ocrx_word' id='word_1_913' title='bbox 3001 4875 3337 4943; x_wconf 65' lang='grc' dir='ltr'>ὑποτιθέναι,</span> <span class='ocrx_word' id='word_1_914' title='bbox 3391 4890 3721 4947; x_wconf 86' lang='lat' dir='ltr'>supponere</span> 
     </span>
    </p>
   </div>
   <div class='ocr_carea' id='block_1_123' title="bbox 2078 4946 3717 5018">
    <p class='ocr_par' dir='ltr' id='par_1_123' title="bbox 2078 4946 3717 5018">
     <span class='ocr_line' id='line_1_128' title="bbox 2078 4946 3717 5018; baseline -0.002 -14"><span class='ocrx_word' id='word_1_915' title='bbox 2078 4952 2359 5018; x_wconf 88' lang='lat' dir='ltr'>tanquam</span> <span class='ocrx_word' id='word_1_916' title='bbox 2394 4964 2610 5017; x_wconf 85' lang='lat' dir='ltr'>verum,</span> <span class='ocrx_word' id='word_1_917' title='bbox 2662 4956 2761 5004; x_wconf 92' lang='lat' dir='ltr'>aut</span> <span class='ocrx_word' id='word_1_918' title='bbox 2799 4948 3106 5013; x_wconf 82' lang='lat' dir='ltr'>exsistens,</span> <span class='ocrx_word' id='word_1_919' title='bbox 3164 4957 3265 5003; x_wconf 84' lang='lat' dir='ltr'>aut</span> <span class='ocrx_word' id='word_1_920' title='bbox 3303 4946 3523 5004; x_wconf 78' lang='lat' dir='ltr'>factum</span> <span class='ocrx_word' id='word_1_921' title='bbox 3552 4946 3717 5018; x_wconf 83' lang='lat' dir='ltr'>quid.</span> 
     </span>
    </p>
   </div>
   <div class='ocr_carea' id='block_1_124' title="bbox 2151 5018 3721 5092">
    <p class='ocr_par' dir='ltr' id='par_1_124' title="bbox 2151 5018 3721 5092">
     <span class='ocr_line' id='line_1_129' title="bbox 2151 5018 3721 5092; baseline -0.001 -17"><span class='ocrx_word' id='word_1_922' title='bbox 2151 5021 2261 5092; x_wconf 86' lang='lat'>(95)</span> <span class='ocrx_word' id='word_1_923' title='bbox 2296 5021 2612 5077; x_wconf 86' lang='lat' dir='ltr'>Menander</span> <span class='ocrx_word' id='word_1_924' title='bbox 2668 5021 2865 5075; x_wconf 88' lang='lat' dir='ltr'>rhetor</span> <span class='ocrx_word' id='word_1_925' title='bbox 2901 5019 2972 5092; x_wconf 32' lang='lat' dir='ltr'>Ain</span> <span class='ocrx_word' id='word_1_926' title='bbox 3030 5026 3285 5092; x_wconf 80' lang='lat' dir='ltr'>excerpt.</span> <span class='ocrx_word' id='word_1_927' title='bbox 3346 5018 3721 5092; x_wconf 76' lang='lat' dir='ltr'>Legat.__th-</span> 
     </span>
    </p>
   </div>
   <div class='ocr_carea' id='block_1_125' title="bbox 2081 5088 3720 5167">
    <p class='ocr_par' dir='ltr' id='par_1_125' title="bbox 2081 5088 3720 5167">
     <span class='ocr_line' id='line_1_130' title="bbox 2081 5088 3720 5167; baseline -0.001 -21"><span class='ocrx_word' id='word_1_928' title='bbox 2081 5088 2260 5148; x_wconf 72' lang='lat' dir='ltr'>schel.</span> <span class='ocrx_word' id='word_1_929' title='bbox 2323 5111 2374 5162; x_wconf 94' lang='lat' dir='ltr'>p.</span> <span class='ocrx_word' id='word_1_930' title='bbox 2427 5092 2548 5159; x_wconf 84' lang='lat'>121,</span> <span class='ocrx_word' id='word_1_931' title='bbox 2601 5108 2735 5147; x_wconf 88' lang='lat' dir='ltr'>eum</span> <span class='ocrx_word' id='word_1_932' title='bbox 2793 5088 3720 5167; x_wconf 37' lang='grc' dir='ltr'>Ἰεςξδεκρυσνάφξιιρροηιιι(Ῑοοιιο</span> 
     </span>
    </p>
   </div>
   <div class='ocr_carea' id='block_1_126' title="bbox 2078 5161 3719 5236">
    <p class='ocr_par' dir='ltr' id='par_1_126' title="bbox 2078 5161 3719 5236">
     <span class='ocr_line' id='line_1_131' title="bbox 2078 5161 3719 5236; baseline 0 -17"><span class='ocrx_word' id='word_1_933' title='bbox 2078 5161 2332 5236; x_wconf 85' lang='lat' dir='ltr'>meretur</span> <span class='ocrx_word' id='word_1_934' title='bbox 2356 5180 2489 5219; x_wconf 90' lang='lat' dir='ltr'>cum</span> <span class='ocrx_word' id='word_1_935' title='bbox 2525 5163 3054 5236; x_wconf 84' lang='lat' dir='ltr'>nostro_conferri,)</span> <span class='ocrx_word' id='word_1_936' title='bbox 3101 5161 3180 5221; x_wconf 66' lang='grc' dir='ltr'>δι’</span> <span class='ocrx_word' id='word_1_937' title='bbox 3206 5161 3522 5236; x_wconf 84' lang='lat' dir='ltr'>Procopius</span> <span class='ocrx_word' id='word_1_938' title='bbox 3553 5161 3719 5219; x_wconf 75' lang='lat' dir='ltr'>Hma-</span> 
     </span>
    </p>
   </div>
   <div class='ocr_carea' id='block_1_127' title="bbox 2079 5230 2997 5306">
    <p class='ocr_par' dir='ltr' id='par_1_127' title="bbox 2079 5230 2997 5306">
     <span class='ocr_line' id='line_1_132' title="bbox 2079 5230 2997 5306; baseline 0.001 -17"><span class='ocrx_word' id='word_1_939' title='bbox 2079 5235 2251 5289; x_wconf 85' lang='lat' dir='ltr'>chelii</span> <span class='ocrx_word' id='word_1_940' title='bbox 2284 5252 2338 5305; x_wconf 91' lang='lat' dir='ltr'>p.</span> <span class='ocrx_word' id='word_1_941' title='bbox 2370 5236 2617 5306; x_wconf 75' lang='lat'>333,13.</span> <span class='ocrx_word' id='word_1_942' title='bbox 2652 5230 2997 5306; x_wconf 78' lang='grc' dir='ltr'>Ἰσδίγουσαν.</span> 
     </span>
    </p>
   </div>
   <div class='ocr_carea' id='block_1_128' title="bbox 2148 5304 3717 5380">
    <p class='ocr_par' dir='ltr' id='par_1_128' title="bbox 2148 5304 3717 5380">
     <span class='ocr_line' id='line_1_133' title="bbox 2148 5304 3717 5380; baseline -0.001 -20"><span class='ocrx_word' id='word_1_943' title='bbox 2148 5307 2260 5373; x_wconf 85' lang='grc'>(94)</span> <span class='ocrx_word' id='word_1_944' title='bbox 2287 5304 2356 5362; x_wconf 53' lang='grc' dir='ltr'>⁷Ιά</span> <span class='ocrx_word' id='word_1_945' title='bbox 2388 5312 2478 5380; x_wconf 84' lang='lat' dir='ltr'>est</span> <span class='ocrx_word' id='word_1_946' title='bbox 2515 5304 2712 5380; x_wconf 79' lang='grc' dir='ltr'>ἐπάγῃ.</span> <span class='ocrx_word' id='word_1_947' title='bbox 2762 5304 2918 5363; x_wconf 86' lang='lat' dir='ltr'>Nihil</span> <span class='ocrx_word' id='word_1_948' title='bbox 2958 5306 3194 5380; x_wconf 88' lang='lat' dir='ltr'>librario</span> <span class='ocrx_word' id='word_1_949' title='bbox 3226 5309 3420 5380; x_wconf 86' lang='lat' dir='ltr'>nostro</span> <span class='ocrx_word' id='word_1_950' title='bbox 3452 5305 3717 5380; x_wconf 85' lang='lat' dir='ltr'>frequen-</span> 
     </span>
    </p>
   </div>
   <div class='ocr_carea' id='block_1_129' title="bbox 2078 5377 3717 5448">
    <p class='ocr_par' dir='ltr' id='par_1_129' title="bbox 2078 5377 3717 5448">
     <span class='ocr_line' id='line_1_134' title="bbox 2078 5377 3717 5448; baseline 0 -16"><span class='ocrx_word' id='word_1_951' title='bbox 2078 5377 2214 5443; x_wconf 88' lang='lat' dir='ltr'>tius,</span> <span class='ocrx_word' id='word_1_952' title='bbox 2243 5394 2419 5448; x_wconf 90' lang='lat' dir='ltr'>quam</span> <span class='ocrx_word' id='word_1_953' title='bbox 2467 5377 2811 5435; x_wconf 79' lang='lat' dir='ltr'>indicativus</span> <span class='ocrx_word' id='word_1_954' title='bbox 2842 5383 2901 5435; x_wconf 87' lang='lat' dir='ltr'>et</span> <span class='ocrx_word' id='word_1_955' title='bbox 2946 5379 3348 5448; x_wconf 88' lang='lat' dir='ltr'>subjunctivos</span> <span class='ocrx_word' id='word_1_956' title='bbox 3390 5377 3717 5448; x_wconf 85' lang='lat' dir='ltr'>promiscue</span> 
     </span>
    </p>
   </div>
   <div class='ocr_carea' id='block_1_130' title="bbox 2078 5447 3717 5521">
    <p class='ocr_par' dir='ltr' id='par_1_130' title="bbox 2078 5447 3717 5521">
     <span class='ocr_line' id='line_1_135' title="bbox 2078 5447 3717 5521; baseline -0.001 -17"><span class='ocrx_word' id='word_1_957' title='bbox 2078 5447 2309 5521; x_wconf 81' lang='lat' dir='ltr'>habere.</span> <span class='ocrx_word' id='word_1_958' title='bbox 2342 5451 2605 5506; x_wconf 79' lang='lat' dir='ltr'>Adducet</span> <span class='ocrx_word' id='word_1_959' title='bbox 2632 5456 2897 5519; x_wconf 87' lang='lat' dir='ltr'>armatos,</span> <span class='ocrx_word' id='word_1_960' title='bbox 2924 5447 3134 5521; x_wconf 86' lang='lat' dir='ltr'>nempe</span> <span class='ocrx_word' id='word_1_961' title='bbox 3165 5447 3521 5506; x_wconf 88' lang='lat' dir='ltr'>domesticus</span> <span class='ocrx_word' id='word_1_962' title='bbox 3551 5447 3717 5521; x_wconf 42' lang='lat' dir='ltr'>sebo:</span> 
     </span>
    </p>
   </div>
   <div class='ocr_carea' id='block_1_131' title="bbox 2078 5520 3714 5594">
    <p class='ocr_par' dir='ltr' id='par_1_131' title="bbox 2078 5520 3714 5594">
     <span class='ocr_line' id='line_1_136' title="bbox 2078 5520 3714 5594; baseline -0.001 -17"><span class='ocrx_word' id='word_1_963' title='bbox 2078 5520 2291 5588; x_wconf 88' lang='lat' dir='ltr'>larum,</span> <span class='ocrx_word' id='word_1_964' title='bbox 2343 5527 2443 5577; x_wconf 88' lang='lat' dir='ltr'>aut</span> <span class='ocrx_word' id='word_1_965' title='bbox 2498 5521 2878 5590; x_wconf 88' lang='lat' dir='ltr'>silentiarius,</span> <span class='ocrx_word' id='word_1_966' title='bbox 2911 5526 3013 5578; x_wconf 84' lang='lat' dir='ltr'>aut.</span> <span class='ocrx_word' id='word_1_967' title='bbox 3055 5521 3223 5594; x_wconf 21' lang='lat' dir='ltr'>alius,</span> <span class='ocrx_word' id='word_1_968' title='bbox 3255 5520 3714 5594; x_wconf 78' lang='lat' dir='ltr'>quicunque,_ad</span> 
     </span>
    </p>
   </div>
   <div class='ocr_carea' id='block_1_132' title="bbox 2076 5590 3718 5664">
    <p class='ocr_par' dir='ltr' id='par_1_132' title="bbox 2076 5590 3718 5664">
     <span class='ocr_line' id='line_1_137' title="bbox 2076 5590 3718 5664; baseline 0 -17"><span class='ocrx_word' id='word_1_969' title='bbox 2076 5595 2242 5663; x_wconf 88' lang='lat' dir='ltr'>cujus</span> <span class='ocrx_word' id='word_1_970' title='bbox 2272 5610 2469 5650; x_wconf 91' lang='lat' dir='ltr'>curam</span> <span class='ocrx_word' id='word_1_971' title='bbox 2514 5594 2635 5649; x_wconf 68' lang='lat' dir='ltr'>haec</span> <span class='ocrx_word' id='word_1_972' title='bbox 2675 5609 2768 5650; x_wconf 82' lang='lat' dir='ltr'>res</span> <span class='ocrx_word' id='word_1_973' title='bbox 2816 5598 3057 5663; x_wconf 83' lang='lat' dir='ltr'>spectat.</span> <span class='ocrx_word' id='word_1_974' title='bbox 3093 5595 3156 5649; x_wconf 89' lang='lat' dir='ltr'>In</span> <span class='ocrx_word' id='word_1_975' title='bbox 3202 5590 3422 5649; x_wconf 74' lang='lat' dir='ltr'>Latinis</span> <span class='ocrx_word' id='word_1_976' title='bbox 3451 5590 3718 5664; x_wconf 87' lang='lat' dir='ltr'>supplevi</span> 
     </span>
    </p>
   </div>
   <div class='ocr_carea' id='block_1_133' title="bbox 2076 5664 3222 5738">
    <p class='ocr_par' dir='ltr' id='par_1_133' title="bbox 2076 5664 3222 5738">
     <span class='ocr_line' id='line_1_138' title="bbox 2076 5664 3222 5738; baseline 0.001 -18"><span class='ocrx_word' id='word_1_977' title='bbox 2076 5666 2302 5723; x_wconf 77' lang='lat' dir='ltr'>decurio</span> <span class='ocrx_word' id='word_1_978' title='bbox 2331 5667 2403 5723; x_wconf 91' lang='lat' dir='ltr'>ob</span> <span class='ocrx_word' id='word_1_979' title='bbox 2435 5682 2523 5735; x_wconf 79' lang='lat' dir='ltr'>ea,</span> <span class='ocrx_word' id='word_1_980' title='bbox 2557 5682 2686 5737; x_wconf 75' lang='lat' dir='ltr'>quas</span> <span class='ocrx_word' id='word_1_981' title='bbox 2708 5683 2763 5738; x_wconf 90' lang='lat' dir='ltr'>p.</span> <span class='ocrx_word' id='word_1_982' title='bbox 2795 5666 2899 5722; x_wconf 85' lang='lat'>236</span> <span class='ocrx_word' id='word_1_983' title='bbox 2928 5664 3222 5737; x_wconf 86' lang='lat' dir='ltr'>leguntur.</span> 
     </span>
    </p>
   </div>
  </div>
