4090 6216
381 293 497 354 741

1234 298 1334 358 DE
1379 297 1827 362 CERIMONIIS
1871 299 2106 362 AULxE
2147 299 2620 400 BYZANTIl‘l/E
2663 300 2808 361 LIB.
2857 301 2905 362 Ι.

3649 306 3782 370 742

379 427 472 482 καὶ
520 425 727 504 γίνεται
787 427 965 482 αὐτῶν
1014 423 1354 501 διατίμησις,
1403 428 1496 483 καὶ
1535 426 1617 485 δεῖ
1661 429 1792 493 τοὺς
1841 431 2063 504 βεστοη

2141 433 2494 490 chartulario
2526 432 2585 489 in
2617 432 2882 490 cubiculo
2928 449 3122 490 coram
3170 435 3540 508 imperatore.
3585 439 3786 512 prius-

379 518 678 594 σακράνους
762 519 864 587 τὴν
962 515 1278 593 διατίμησιν
1365 523 1472 574 τῶν
1563 517 1754 596 δώρων
1830 517 2028 584 εὐθέως

375 606 598 684 ἀγαγεῖν
655 613 736 682 τῷ
789 608 1093 684 μαγίστρῳ,
1125 606 1263 663 ὥστε
1315 605 1507 664 εἰδέναι
1561 611 1747 680 αὐτὸν,
1777 609 1832 666 τί
1890 609 2029 667 ἐστιν

376 697 439 750 τὸ
469 698 852 772 προσενεχθὲν,
884 697 974 753 καὶ
1033 695 1085 752 ἐν
1127 702 1302 772 καιρῷ
1352 695 1665 773 ἆντιδώρων
1716 699 2026 772 ὑπομνῆσαι

372 784 465 840 τὸν
532 784 778 860 βασιλέα,
827 785 878 841 τί
939 787 1050 861 χρὴ
1100 785 1260 840 αὐτὸν
1317 785 1649 860 ἀντιπέμψαι
1717 785 1804 843 διὰ
1875 786 2023 843 ἰδίων

372 870 738 948 πρεσϐευτῶν.
771 880 887 928 Τῶν
933 872 1127 948 δώρων
1187 872 1279 929 οὗν
1333 876 1826 951 προσενεχθέντων,
1878 875 2026 952 λέγει

373 965 401 1018 6
436 962 691 1037 βασιλεὺς
742 967 820 1035 τῷ
870 959 1080 1038 πρέσϐῃ
1108 983 1120 997 ’
1151 989 1178 1015 ‹‹
1217 963 1540 1034 Ἀνάκτησαι
1599 966 1792 1020 σαυτὸν
1839 965 2028 1041 ὀλίγας

369 1049 600 1126 ἡμέρας,
650 1051 740 1106 καὶ
807 1050 862 1108 εἷ’
897 1074 948 1108 τι
1007 1047 1216 1128 ἔχομεν
1278 1051 1544 1124 λαλῆσαι,
1597 1051 1896 1129 λαλοῦμεν,
1935 1060 2026 1111 καί

372 1141 506 1214 μετὰ
544 1139 718 1196 καλοῦ
767 1139 1082 1216 ἀπολύομέν
1127 1163 1184 1198 σε
1214 1143 1349 1217 πρὸς
1380 1144 1470 1198 τὸν
1503 1141 1740 1221 ἀδελφὸν
1777 1146 1959 1218 ἡμῶν.
1998 1169 2026 1196 ››

369 1229 472 1286 Καὶ
529 1229 842 1305 εὐχαριστεῖ
873 1231 902 1285 6
931 1226 1174 1304 πρὲσϐης
1229 1231 1320 1286 καὶ
1379 1239 1693 1307 προσκυνεῖ,
1724 1233 1812 1288 καὶ
1858 1231 2023 1288 πάλιν

371 1320 670 1392 προσκυνεῖ
718 1319 792 1381 εἰς
849 1320 975 1381 τοὺς
1031 1318 1228 1381 αὐτοὺς
1277 1321 1502 1391 τόπους,
1561 1322 1653 1376 καὶ
1723 1323 2024 1397 ἀναχωρεῖ,

373 1409 469 1464 Καὶ
523 1407 653 1462 ἐπὰν
701 1406 956 1482 χαλασθῇ
1015 1409 1078 1463 τὸ
1141 1408 1584 1484 βῆλον,“ίσταται
1617 1412 1644 1465 6
1709 1408 2023 1486 δικουρίων,

365 1495 458 1550 καὶ
517 1496 746 1553 χιττεύει
796 1498 824 1553 6
860 1497 1163 1575 μάγιστρος
1195 1523 1223 1550 ‹‹
1269 1505 1543 1576 Στρανφερ
1597 1502 1665 1571 ⁸³,
1696 1503 1797 1573 (5),
1841 1525 1868 1552 ››
1934 1500 2024 1555 καὶ

369 1581 635 1660 λαμϐάνει
690 1589 816 1650 τοὺς
864 1587 1140 1663 ἀρμάτους
1199 1587 1554 1652 κανδιδάτους
1625 1592 1654 1645 6
1712 1588 2024 1666 δικουρέων,

361 1676 454 1730 καὶ
514 1671 771 1732 ἐκϐάλλει
857 1677 934 1740 εἷς
1021 1677 1086 1733 τὸ
1176 1679 1369 1754 μικρὸν
1452 1681 1873 1756 κονσιστώριον.
1922 1680 2024 1737 Καὶ

365 1762 486 1818 τότε
564 1763 834 1820 ἀνίσταται
894 1766 921 1820 ὁ
983 1764 1265 1841 βασιλεὺς,
1328 1769 1416 1821 καὶ
1494 1768 1558 1822 τὰ
1611 1768 1780 1823 λοιπᾶ
1850 1769 2024 1825 πάντα

371 1851 574 1929 γίνεται
633 1855 770 1909 κατᾶ
822 1855 886 1910 τὸ
952 1852 1092 1918 ἔθος.
1125 1857 1243 1932 Χρή
1280 1853 1337 1911 δὲ
1365 1857 1457 1911 τὸν
1503 1852 1838 1931 πρεσϐευτὴν
1873 1860 2021 1913 κάτω

2142 538 2314 594 quam
2343 523 2393 578 is
2413 521 2474 578 in
2496 522 2910 580 consistorium
2933 523 3302 596 egrediatur;
3328 525 3574 583 alterum
3595 533 3784 585 autem

2134 611 2426 684 exemplar
2457 612 2610 668 236
2645 618 2883 668 exarant
2941 618 3172 668 tantum
3227 619 3290 668 ut
3336 615 3641 686 pittacium
3685 627 3786 676 aut

2137 701 2500 772 schedulam,
2520 719 2695 773 quam
2714 703 2990 774 magistro
3010 705 3245 760 tradunt
3260 706 3552 760 memoriae
3571 710 3780 778 gratia.

2135 791 2242 846 Sed
2276 798 2334 847 et
2373 792 2736 846 tertiocerius
2783 791 3116 862 exemplum
3166 792 3460 848 citationis
3500 796 3700 862 sumit,
3725 803 3782 852 et

2136 885 2300 935 stans
2321 883 2472 935 retro
2497 881 2849 951 magistrum
2884 883 3329 936 commonefacit
3349 881 3539 953 ipsum
3561 885 3632 938 de
3655 901 3782 955 pro-

2136 969 2460 1025 nuntianda
2489 969 2782 1035 citatione,
2817 973 3049 1040 quando
3072 975 3302 1042 tempus
3324 972 3521 1027 instat.
3548 972 3679 1029 Post
3701 977 3787 1030 ci-

2135 1058 2410 1114 tationem
2445 1059 2638 1129 itaque
2669 1059 2934 1130 magistri
2962 1059 3140 1114 intrat
3171 1063 3406 1116 decurio
3448 1061 3506 1116 in
3539 1079 3782 1133 parvum

2133 1147 2954 1219 consistorium,sumptosque
2969 1165 3164 1203 secum
3181 1154 3430 1205 armatos
3443 1151 3784 1209 candidatos

2134 1236 2294 1292 illinc
2325 1237 2584 1292 educens
2616 1237 2932 1292 introducit
2964 1237 3048 1308 [in
3090 1238 3392 1309 magnum]
3438 1244 3494 1295 et
3542 1240 3784 1297 collocat

2133 1325 2449 1396 dextraque
2488 1325 2842 1396 sinistraque
2868 1341 3060 1380 coram
3090 1327 3424 1397 proceribus
3458 1329 3718 1398 proxime
3749 1346 3783 1384 a

2133 1414 2568 1470 consularibus.
2605 1415 2729 1478 Quo
2764 1416 2910 1470 facto
2935 1415 3051 1470 exit
3083 1431 3308 1483 rursus,
3336 1415 3660 1488 vidensque
3690 1436 3781 1489 ρει

2133 1510 2323 1559 ratum
2382 1520 2510 1559 esse
2569 1503 2848 1574 legatum,
2909 1503 3165 1559 clamat:
3225 1526 3253 1553 ‹‹
3289 1505 3448 1573 Leva,
3489 1527 3517 1555 »
3578 1506 3633 1560 id
3693 1511 3784 1563 est

2137 1613 2165 1642 «
2196 1591 2333 1648 tolle
2365 1614 2392 1640 »
2426 1590 2673 1663 [scilicet
2702 1590 2800 1662 te}.
2835 1592 2974 1647 Veto
3013 1593 3083 1647 ad
3121 1593 3241 1647 haec
3289 1609 3528 1649 sursum
3574 1595 3780 1662 levato,

2134 1686 2449 1753 prosternit
2479 1697 2540 1735 se
2569 1681 2793 1752 legatus
2823 1685 2984 1736 extra
3015 1682 3448 1749 consistorium,
3485 1683 3543 1738 in
3567 1688 3779 1741 terram

2134 1770 2237 1836 ibi,
2275 1770 2369 1824 ubi
2395 1770 2684 1824 rotundus
2717 1769 3163 1840 porphyreticus
3188 1772 3332 1843 lapis
3365 1774 3420 1826 in
3447 1773 3780 1843 pavimento

2133 1859 2486 1930 conspicuus
2503 1864 2692 1927 jacet;
2717 1860 3139 1930 Dominumque
3163 1860 3388 1926 adorat,
3409 1876 3594 1932 eoque
3610 1863 3779 1930 facto,

2129 1949 2399 2020 resurgit.
2451 1947 2759 2018 Ingressus
2804 1947 3014 2002 deinde
3055 1963 3158 2018 per
3201 1948 3369 2016 fores,
3420 1949 3684 2018 protinus
3721 1965 3782 2006 se

2129 2053 2328 2093 rursus
2345 2037 2678 2107 prosternit,
2695 2035 3015 2106 adoratque
3035 2035 3346 2092 Dominum
3373 2037 3533 2092 humi
3551 2039 3780 2108 jacens,

366 2120 664 2180 ἀπολῦσαι.
2126 2137 2179 2181 et
2214 2125 2490 2196 resurgit.
2527 2125 2702 2179 Iterat
2735 2123 2883 2178 hanc
2908 2125 3332 2180 venerationem
3366 2125 3534 2180 tertia
3569 2129 3687 2182 vice
3721 2128 3779 2182 in

359 2215 552 2270 medio
583 2215 968 2272 consistorio:
1003 2233 1121 2288 qua
1151 2221 1407 2289 peracta,
1443 2217 1680 2288 propius
1738 2219 2016 2273 accedens
2046 2216 2353 2274 osculatur
2387 2217 2556 2286 pedes
2590 2215 2863 2284 Augusti,
2896 2219 2952 2269 et
2983 2216 3174 2270 adstat
3223 2231 3439 2282 coram,
3492 2217 3783 2288 traditque

365 2302 590 2360 litteras
621 2305 708 2360 sui
742 2306 1099 2376 principalis,
1132 2311 1188 2363 et
1215 2306 1465 2363 salutem
1501 2308 1838 2379 imperatori
1868 2309 1996 2378 ejus
2039 2307 2273 2362 nomine
2314 2305 2568 2360 nuntiat.
2617 2303 2782 2360 Tunc
2829 2304 3146 2374 interrogat
3210 2303 3555 2374 imperator:
3593 2328 3619 2354 ‹‹
3647 2309 3780 2359 Fra-

363 2396 452 2446 ter
471 2398 666 2449 noster
687 2395 980 2464 quomodo
1012 2394 1164 2451 valet
1195 2412 1297 2466 per
1325 2397 1570 2468 gratiam
1608 2397 1701 2451 Dei
1729 2396 1756 2451 ?
1788 2397 2079 2452 Letamur
2100 2410 2299 2466 sospes
2325 2396 2371 2449 si
2406 2394 2576 2448 fuerit
2609 2410 2622 2460 ;
2663 2416 2684 2443 ι
2724 2397 2778 2446 et
2809 2392 2922 2446 alia
2950 2393 3143 2460 verba,
3175 2409 3302 2463 quae
3329 2393 3528 2447 animo
3557 2410 3660 2448 suo
3693 2409 3782 2449 se-

354 2497 489 2536 cum
516 2481 691 2538 volvit
719 2488 775 2538 et
803 2484 1003 2556 agitat.
1037 2485 1188 2540 Tum
1222 2486 1362 2540 dicit
1400 2487 1628 2558 legatus
1658 2502 1670 2540 :
1708 2507 1736 2535 «
1764 2487 1962 2542 Frater
1993 2493 2131 2542 tuus
2163 2486 2316 2540 misit
2351 2484 2450 2538 tibi
2483 2485 2658 2549 dona,
2696 2498 2824 2554 quae
2875 2497 3013 2553 rogo
3047 2481 3182 2537 velis
3231 2491 3551 2554 acceptare.
3590 2505 3618 2532 ››
3658 2492 3783 2539 Διι-

353 2579 569 2630 nuente
618 2575 980 2646 imperatore,
1019 2577 1130 2631 exit
1181 2577 1408 2648 legatus
1468 2577 1550 2648 [in
1592 2578 2180 2648 anticonsistoriumj,
2223 2582 2276 2632 et
2334 2575 2499 2631 affert
2551 2576 2674 2645 ipse
2725 2591 2841 2629 una
2885 2590 3017 2628 cum
3065 2574 3452 2629 familiaribus
3504 2576 3625 2630 suis
3685 2575 3786 2630 illa

355 2661 505 2717 dona
536 2662 696 2719 intus
727 2663 800 2719 ad
831 2671 1206 2735 conspectum
1239 2665 1487 2720 Domini.
1524 2666 1592 2721 Et
1622 2666 1745 2737 ipse
1793 2667 2026 2738 quidem
2071 2674 2167 2721 aut
2219 2665 2429 2737 pallam
2485 2668 2584 2719 aut
2637 2664 2943 2734 pretiosam
2992 2662 3163 2717 aliam
3225 2664 3426 2718 mundi
3479 2664 3780 2719 muliebris

359 2751 782 2822 supellectilem
842 2762 940 2809 aut
1006 2754 1160 2810 aliud
1208 2756 1618 2828 quodcunque,
1672 2757 1987 2812 dummodo
2039 2757 2240 2828 magni
2290 2759 2346 2810 et
2395 2753 2737 2810 excellentis
2780 2752 2996 2808 valoris
3045 2753 3160 2819 sit;
3195 2763 3516 2808 ceterorum
3573 2754 3784 2810 barba-

355 2856 556 2896 rorum
590 2840 806 2913 singuli
833 2842 1094 2915 singulas
1132 2845 1357 2916 species
1405 2844 1688 2915 bajulant.
1743 2846 1960 2901 Debent
2001 2852 2192 2902 autem
2249 2845 2414 2917 prius
2464 2845 2522 2898 in
2573 2842 3042 2898 anticonsistorio
3092 2858 3191 2912 per
3233 2842 3574 2912 interpretes
3621 2843 3780 2898 ordi-

352 2931 473 2986 nati
502 2931 682 2987 luisse
712 2936 883 3004 atque
916 2934 1244 3004 praeparati,
1278 2950 1504 3007 suaque
1534 2936 1783 3007 quisque
1815 2936 2041 2990 sarcina
2071 2935 2368 3001 instructi,
2401 2939 2457 2988 et
2489 2933 2705 3002 absque
2747 2947 2909 2988 mora
2939 2948 3072 2986 cum
3106 2932 3230 2986 suis
3257 2932 3530 2987 oneribus
3562 2933 3618 2986 in
3653 2949 3779 2987 ma-

351 3037 526 3092 gnum
583 3022 994 3080 consistorium
1042 3024 1277 3080 intrare.
1337 3029 1563 3081 Stantes
1614 3027 1686 3081 ad
1738 3027 2038 3096 parietem,
2089 3025 2186 3096 qui
2238 3035 2320 3079 est
2368 3039 2397 3078 e
2449 3025 2680 3094 regione
2734 3022 2863 3078 solii
2929 3026 3086 3075 extra
3133 3021 3351 3084 velum,
3405 3026 3780 3093 prosternunt

354 3125 506 3179 sese,
539 3112 715 3167 simul
758 3129 823 3169 ac
855 3113 999 3172 illud
1033 3115 1390 3180 sublevatur,
1428 3116 1610 3182 humi,
1642 3119 1768 3170 tum
1802 3119 2088 3187 surgunt;
2121 3119 2176 3169 et
2199 3113 2443 3186 ingressi
2480 3129 2581 3184 per
2611 3115 2862 3182 portam,
2897 3115 3277 3180 prosternunt
3318 3126 3446 3164 sese
3476 3112 3688 3165 iterum
3721 3116 3778 3165 et

357 3200 590 3254 tandem
623 3201 856 3257 tertium
882 3220 1134 3274 quoque.
1156 3203 1472 3260 Silentiarii
1492 3209 1630 3260 tunc
1653 3204 1953 3277 excipiunt
1977 3205 2048 3260 ab
2071 3203 2190 3259 illis
2206 3208 2378 3270 dona,
2408 3217 2730 3271 curamque
2748 3205 2805 3255 et
2839 3199 3101 3256 ofﬁcium
3129 3198 3272 3252 illud
3322 3199 3558 3266 habent,
3589 3204 3653 3253 ut
3677 3199 3777 3254 illa

351 3289 679 3344 secundum
711 3292 1098 3363 cognitionem
1131 3310 1230 3350 seu
1261 3294 1589 3350 indiculum
1624 3312 1658 3350 a
1688 3295 1965 3367 magistro
1999 3295 2111 3351 sibi
2143 3293 2422 3348 traditum
2474 3292 2532 3346 in
2573 3295 2960 3346 vestosacram
3010 3303 3110 3344 seu
3160 3304 3389 3344 sacrum
3440 3290 3773 3344 vestiarium

348 3378 750 3448 deportentur,
794 3386 852 3436 et
899 3382 957 3436 in
1009 3399 1216 3440 manus
1275 3390 1819 3441 vestosacranorum
1870 3385 2197 3441 tradantur.
2259 3382 2366 3438 Ubi
2425 3382 2812 3448 estimantur,
2847 3380 3178 3449 debeatque
3235 3378 3626 3434 vestosacrani
3684 3377 3770 3434 vel

343 3467 606 3525 ofﬁcium
637 3471 782 3527 sacri
815 3472 1067 3529 vestiarii
1127 3475 1394 3547 protinus
1424 3492 1553 3532 eam
1601 3477 1887 3532 donorum
1939 3477 2380 3532 aestimationem
2429 3473 2488 3527 in
2540 3471 2758 3544 scripto
2809 3470 3082 3542 magistro
3131 3469 3422 3537 exhibere,
3464 3485 3579 3536 quo
3624 3468 3772 3524 sciat

341 3557 464 3626 ille,
505 3559 643 3632 quid
679 3579 990 3618 munerum
1022 3569 1080 3620 et
1123 3566 1329 3636 quanti
1360 3566 1529 3638 pretii
1575 3565 1803 3639 legatus
1851 3567 2130 3636 attulerit,
2162 3565 2460 3637 possitque
2503 3563 2838 3635 imperatori
2891 3564 3020 3632 ejus
3070 3560 3152 3616 rei
3207 3561 3554 3616 memoriam
3605 3575 3771 3616 reno-

344 3663 477 3704 vare
517 3667 630 3721 quo
661 3657 915 3725 tempore
944 3653 1060 3709 alia
1089 3655 1243 3711 dona
1266 3657 1323 3712 in
1373 3657 1620 3712 istorum
1663 3657 2199 3728 compensationem
2245 3655 2631 3726 comparanda
2689 3659 2746 3708 et
2783 3669 2917 3708 cum
2963 3650 3326 3708 nostratibus
3377 3649 3586 3722 legatis
3635 3649 3775 3705 illuc

348 3739 699 3796 remittenda
729 3746 887 3800 sunt.
920 3742 1099 3799 Donis
1130 3745 1189 3800 in
1223 3743 1378 3800 hunc
1413 3746 1650 3800 modum
1709 3745 2004 3813 exhibitis,
2053 3746 2315 3801 hortatur
2372 3745 2686 3813 imperator
2736 3741 2992 3811 legatum
3052 3739 3199 3795 237
3239 3739 3332 3794 his
3380 3739 3609 3794 verbis:
3646 3759 3670 3790 ι
3703 3739 3767 3793 In

351 3829 660 3898 praesentia
690 3831 927 3902 quidem
964 3831 1080 3900 abi,
1115 3837 1246 3905 post
1297 3834 1631 3905 interiectos
1667 3851 1881 3904 paucos
1925 3834 2049 3889 dies
2081 3849 2283 3888 rursus
2317 3831 2390 3886 ad
2423 3829 2780 3900 colloquium
2842 3829 2911 3882 de
2961 3828 3133 3882 rebus
3177 3827 3520 3882 necessariis
3561 3842 3768 3882 vocan-

345 3918 478 3985 dus,
512 3919 890 3991 honestisque
922 3923 1200 3979 omnibus
1229 3924 1417 3980 modis
1449 3925 1519 3979 ad
1555 3925 1795 3978 fratrem
1830 3929 2092 3979 nostrum
2123 3922 2530 3978 remittendus.
2567 3921 2792 3973 Interea
2823 3917 3017 3988 quiete
3057 3924 3112 3971 te
3162 3934 3378 3984 recrea,
3412 3921 3765 3987 tempusque

345 4005 610 4064 hilariter
639 4014 916 4082 transige.
961 4033 988 4060 »
1019 4013 1103 4067 Ad
1148 4011 1269 4067 haec
1301 4012 1519 4084 gratias
1554 4014 1676 4085 agit
1715 4013 1960 4084 legatus,
1993 4017 2051 4067 et
2082 4012 2284 4082 adorat
2315 4009 2494 4064 semel
2541 4013 2714 4078 atque
2748 4007 2955 4061 iterum
2989 4005 3198 4060 iisdem
3234 4007 3289 4059 in
3328 4005 3488 4072 locis,
3522 4006 3580 4058 in
3630 4006 3762 4077 qui-

345 4097 457 4152 bus
488 4099 544 4153 id
587 4103 758 4155 antea
787 4101 1002 4156 fecerat
1047 4102 1353 4169 accedens,
1385 4107 1442 4158 et
1470 4103 1556 4158 sic
1612 4102 1752 4157 abit.
1790 4103 1999 4158 Laxato
2030 4107 2153 4157 tum
2215 4099 2585 4169 demissaque
2617 4096 2760 4165 velo,
2803 4095 3063 4167 procedit
3111 4093 3343 4150 decurio
3392 4095 3449 4150 in
3511 4095 3763 4150 medium

348 4184 784 4256 consistorium,
814 4185 1066 4259 citatque
1095 4205 1198 4245 seu
1231 4190 1445 4245 clamat
1484 4193 1856 4262 magisterztc
1905 4190 2183 4246 Transfer.
2239 4210 2268 4238 ››
2312 4189 2433 4252 Quo
2476 4185 2676 4240 audito
2723 4183 2956 4239 decurio
3001 4187 3254 4238 armatos
3289 4182 3636 4236 candidatos
3681 4196 3768 4237 se-

346 4287 478 4327 cum
510 4272 569 4328 in
604 4292 847 4347 parvum
878 4279 1294 4334 consistorium
1329 4282 1624 4337 transfert.
1663 4281 1865 4353 Surgit
1896 4285 2022 4336 tum
2054 4279 2391 4349 imperator,
2415 4280 2740 4344 ceteraque
2780 4273 2932 4328 ﬁunt
2981 4287 3083 4344 pro
3115 4277 3394 4327 consueto
3441 4286 3619 4326 more.
3656 4270 3767 4326 Le-

344 4368 518 4434 gatus
545 4365 767 4422 interea
797 4366 966 4424 debet
997 4369 1145 4425 infra
1177 4369 1258 4442 [id
1289 4375 1378 4426 est
1407 4370 1563 4441 apud
1598 4371 1900 4426 introitum
1954 4369 2175 4442 palatii]
2207 4370 2265 4423 in
2317 4366 2517 4423 schola
2558 4365 2822 4438 magistri
2869 4363 3216 4435 magistrum
3267 4365 3622 4433 exspectare,
3655 4361 3766 4417 do-

345 4469 450 4510 nec
477 4453 571 4510 hic
600 4457 654 4524 [e
686 4457 922 4530 palatio]
954 4459 1263 4516 descendat
1290 4461 1522 4534 ipsique
1551 4461 1677 4520 vale
1708 4460 1885 4531 dicat,
1917 4465 1975 4517 et
1999 4461 2080 4516 sic
2102 4461 2344 4516 domum
2379 4473 2512 4513 eum
2544 4456 2822 4512 dimittat.

983 4576 1242 4632 ΚΕΦΑΑ.
1286 4576 1355 4653 μί.
2031 4581 2063 4647 c

2746 4571 2979 4628 CAPUT
3021 4573 3128 4628 XC.

343 4658 482 4714 Ὅσα
520 4656 603 4715 δεῖ
633 4659 686 4716 ἰν
713 4667 834 4726 ταῖς
864 4661 1064 4726 ἄλλαις
1103 4665 1352 4744 ἡμέραις
1385 4665 1474 4721 ἐπὶ
1520 4671 1617 4722 τοῦ
1665 4660 1998 4742 πρεσϐευτοῦ

2135 4668 2184 4721 )e
2215 4667 2312 4733 iis,
2334 4681 2468 4744 qum
2483 4670 2693 4734 Oportet
2709 4678 2817 4744 per
2852 4670 3054 4744 cetera:
3100 4660 3238 4744 dies,
3283 4675 3420 4731 quos
3455 4658 3664 4741 legatus
3701 4658 3760 4714 in

907 4733 1438 4812 παραφυλάττεσθαι.
1711 4733 1720 4742 ’

2341 4733 2356 4737 ’
2376 4733 2523 4793 Urbe
2541 4733 2827 4802 transigit,
2856 4735 3006 4788 circa
3035 4747 3158 4787 eum
3184 4733 3491 4788 observari.

365 1941 648 2017 ἀναμεῖναι
703 1942 779 2006 εἰς
827 1946 924 2014 τὴν
985 1942 1200 2020 σχολὴν
1250 1951 1348 2000 τοῦ
1401 1945 1724 2020 μαγίστρου,
1783 1948 1872 2001 καὶ
1929 1948 2019 2001 τὸν

367 2032 662 2110 μάγιστρον
725 2034 1006 2101 κατελθεῖν
1075 2035 1165 2090 καὶ
1245 2038 1596 2106 συντάξασθαι
1693 2037 1838 2109 αὐτῷ
1924 2038 2014 2091 καὶ

2181 4827 2495 4898 Postquam
2527 4825 2612 4879 sic
2645 4829 2848 4878 nactus
2889 4825 2977 4878 est
3025 4821 3338 4890 imperator
3388 4820 3753 4892 perlegitque

2111 4916 2290 4972 Persae
2320 4915 2566 4979 litteras,
2607 4913 2858 4982 imperat
2898 4910 3133 4982 quando
3181 4909 3295 4982 ipsi
3347 4909 3602 4978 libuerit,
3637 4925 3766 4965 ma-

417 4819 690 4898 Ἐντυχὼν
722 4828 840 4887 τοῖς
875 4825 1191 4898 γράμμασιν
1243 4826 1272 4878 6
1331 4825 1604 4900 βασιλεὺς,
1657 4828 1746 4884 ὅτε
1797 4827 1998 4902 βούλε-

342 4929 454 4973 ται,
505 4906 778 4986 επιτρὲπει
842 4917 923 4984 τῷ
977 4913 1256 4989 μαγίστρῳ
1315 4911 1561 4986 δηλῶσαι
1606 4917 1686 4988 τῷ
1735 4909 1996 4990 πρεσϐευ-

1700 5070 1940 5129 νΑΡιιΑε
1982 5071 2401 5130 LECTIONES.

415 5195 464 5232 π
495 5195 696 5254 ΣΧΟΛ.
733 5201 1018 5275 μετάφιρι.

1407 5371 1608 5429 JOAN.
1639 5373 1782 5430 JAC.
1817 5372 2078 5430 REISKII
2106 5370 2705 5431 COMMENTARIUS.

2107 5521 2292 5598 grinis
2320 5519 2653 5598 vocabulis.
2673 5519 3078 5598 Transponere
3104 5515 3326 5598 litteras
3357 5512 3756 5598 detestabilem

2107 5583 2165 5717 illi
2202 5595 2436 5737 rnofclum
2473 5592 2681 5648 solent.
2715 5583 2882 5646 Recte
2911 5594 3100 5644 tamen
3134 5588 3280 5642 infra
3303 5603 3358 5658 p.
3394 5586 3516 5652 404,
3551 5583 3759 5654 legitur

2144 5680 2274 5718 rans
2313 5682 2395 5720 er.

412 5512 495 5591 (β)
529 5513 614 5567 Ita
648 5511 1020 5591 inetnbranae,
1055 5516 1203 5591 quod
1233 5531 1299 5570 eo
1351 5533 1580 5591 moneo,
1615 5535 1687 5591 ne
1724 5525 1996 5591 typogra-

343 5584 534 5657 phicis
585 5583 790 5657 operis,
812 5585 1015 5641 vitium
1068 5583 1401 5657 imputetur.
1451 5583 1590 5644 Mira
1640 5583 1997 5646 inest‘n‘ovis

342 5653 565 5711 Graecis
591 5659 650 5711 et
682 5654 930 5714 ridicula
962 5653 1225 5715 scwvitas
1254 5659 1371 5715 oris
1405 5661 1463 5716 in
1496 5661 1809 5718 etferendns
1839 5677 1997 5734 pere-
