  <div class='ocr_page' id='page_1' title='image "/cluster/home/n/w/nwhite01/storage/ocr_20150623/112/hvd.32044073502304/399.png"; bbox 0 0 4090 6216; ppageno 0'>
   <div class='ocr_carea' id='block_1_1' title="bbox 403 371 2062 448">
    <p class='ocr_par' dir='ltr' id='par_1_1' title="bbox 403 372 2062 448">
     <span class='ocr_line' id='line_1_1' title="bbox 403 372 2062 448; baseline -0.008 -2"><span class='ocrx_word' id='word_1_1' title='bbox 403 388 518 448; x_wconf 81' lang='lat'>787</span> <span class='ocrx_word' id='word_1_2' title='bbox 1474 373 2004 437; x_wconf 83' lang='lat' dir='ltr'>CONSTANTINI</span> <span class='ocrx_word' id='word_1_3' title='bbox 2049 372 2062 432; x_wconf 89' lang='lat'>1</span> 
     </span>
    </p>
   </div>
   <div class='ocr_carea' id='block_1_2' title="bbox 2174 371 3797 448">
    <p class='ocr_par' dir='ltr' id='par_1_2' title="bbox 2174 371 3797 435">
     <span class='ocr_line' id='line_1_2' title="bbox 2174 371 3797 435; baseline 0.002 -3"><span class='ocrx_word' id='word_1_4' title='bbox 2174 371 2743 434; x_wconf 74' lang='lat' dir='ltr'>tPHYBOGENITl</span> <span class='ocrx_word' id='word_1_5' title='bbox 3683 375 3797 435; x_wconf 75' lang='grc'>’788</span> 
     </span>
    </p>
   </div>
   <div class='ocr_carea' id='block_1_3' title="bbox 408 504 2062 586">
    <p class='ocr_par' dir='ltr' id='par_1_3' title="bbox 408 512 2050 586">
     <span class='ocr_line' id='line_1_3' title="bbox 408 512 2050 586; baseline -0.009 -6"><span class='ocrx_word' id='word_1_6' title='bbox 408 523 673 580; x_wconf 84' lang='lat' dir='ltr'>unanimi</span> <span class='ocrx_word' id='word_1_7' title='bbox 706 533 1018 586; x_wconf 88' lang='lat' dir='ltr'>consensu,</span> <span class='ocrx_word' id='word_1_8' title='bbox 1043 513 1218 571; x_wconf 91' lang='lat' dir='ltr'>talem</span> <span class='ocrx_word' id='word_1_9' title='bbox 1252 527 1379 569; x_wconf 89' lang='lat' dir='ltr'>esse</span> <span class='ocrx_word' id='word_1_10' title='bbox 1410 512 1537 583; x_wconf 87' lang='lat' dir='ltr'>ipso</span> <span class='ocrx_word' id='word_1_11' title='bbox 1567 529 1637 568; x_wconf 85' lang='lat' dir='ltr'>ex</span> <span class='ocrx_word' id='word_1_12' title='bbox 1665 526 1903 583; x_wconf 85' lang='lat' dir='ltr'>cperum</span> <span class='ocrx_word' id='word_1_13' title='bbox 1935 527 2050 567; x_wconf 90' lang='lat' dir='ltr'>me-</span> 
     </span>
    </p>
   </div>
   <div class='ocr_carea' id='block_1_4' title="bbox 2174 504 3810 586">
    <p class='ocr_par' dir='ltr' id='par_1_4' title="bbox 2174 504 3810 585">
     <span class='ocr_line' id='line_1_4' title="bbox 2174 504 3810 585; baseline 0.001 -23"><span class='ocrx_word' id='word_1_14' title='bbox 2174 506 2549 582; x_wconf 71' lang='grc' dir='ltr'>μουτατωρίῳ,</span> <span class='ocrx_word' id='word_1_15' title='bbox 2580 508 2671 565; x_wconf 82' lang='grc' dir='ltr'>καὶ</span> <span class='ocrx_word' id='word_1_16' title='bbox 2702 504 2891 563; x_wconf 77' lang='grc' dir='ltr'>λαϐὼν</span> <span class='ocrx_word' id='word_1_17' title='bbox 2923 509 3081 564; x_wconf 83' lang='grc' dir='ltr'>αὐτὸν</span> <span class='ocrx_word' id='word_1_18' title='bbox 3133 509 3161 564; x_wconf 91' lang='lat'>6</span> <span class='ocrx_word' id='word_1_19' title='bbox 3214 507 3574 585; x_wconf 80' lang='grc' dir='ltr'>πραιπόσιτος</span> <span class='ocrx_word' id='word_1_20' title='bbox 3607 506 3810 563; x_wconf 68' lang='grc' dir='ltr'>ἐπίδω-</span> 
     </span>
    </p>
   </div>
   <div class='ocr_carea' id='block_1_5' title="bbox 407 594 2062 675">
    <p class='ocr_par' dir='ltr' id='par_1_5' title="bbox 407 600 2050 675">
     <span class='ocr_line' id='line_1_5' title="bbox 407 600 2050 675; baseline -0.007 -8"><span class='ocrx_word' id='word_1_21' title='bbox 407 628 575 668; x_wconf 89' lang='lat' dir='ltr'>orum</span> <span class='ocrx_word' id='word_1_22' title='bbox 626 611 976 665; x_wconf 90' lang='lat' dir='ltr'>documento</span> <span class='ocrx_word' id='word_1_23' title='bbox 1040 601 1509 675; x_wconf 85' lang='lat' dir='ltr'>deprehendatis.</span> <span class='ocrx_word' id='word_1_24' title='bbox 1548 622 1576 650; x_wconf 82' lang='grc'><strong>››</strong></span> <span class='ocrx_word' id='word_1_25' title='bbox 1637 600 2050 657; x_wconf 80' lang='lat' dir='ltr'>Acclamabant</span> 
     </span>
    </p>
   </div>
   <div class='ocr_carea' id='block_1_6' title="bbox 2174 594 3804 675">
    <p class='ocr_par' dir='ltr' id='par_1_6' title="bbox 2174 594 3804 670">
     <span class='ocr_line' id='line_1_6' title="bbox 2174 594 3804 670; baseline -0.001 -18"><span class='ocrx_word' id='word_1_26' title='bbox 2174 618 2244 653; x_wconf 80' lang='grc' dir='ltr'>ιεν</span> <span class='ocrx_word' id='word_1_27' title='bbox 2298 597 2467 669; x_wconf 81' lang='grc' dir='ltr'>αὐτῷ,</span> <span class='ocrx_word' id='word_1_28' title='bbox 2516 598 2607 651; x_wconf 81' lang='grc' dir='ltr'>καὶ</span> <span class='ocrx_word' id='word_1_29' title='bbox 2654 594 2881 653; x_wconf 67' lang='grc' dir='ltr'>ἄπέθετο</span> <span class='ocrx_word' id='word_1_30' title='bbox 2944 597 3103 653; x_wconf 73' lang='grc' dir='ltr'>αὐτὸν</span> <span class='ocrx_word' id='word_1_31' title='bbox 3164 595 3214 652; x_wconf 83' lang='grc' dir='ltr'>ἐν</span> <span class='ocrx_word' id='word_1_32' title='bbox 3289 602 3368 670; x_wconf 82' lang='grc' dir='ltr'>τῷ</span> <span class='ocrx_word' id='word_1_33' title='bbox 3423 597 3804 669; x_wconf 69' lang='grc' dir='ltr'>θυσιαστηρίῳ,</span> 
     </span>
    </p>
   </div>
   <div class='ocr_carea' id='block_1_7' title="bbox 405 683 2062 765">
    <p class='ocr_par' dir='ltr' id='par_1_7' title="bbox 405 688 2042 765">
     <span class='ocr_line' id='line_1_7' title="bbox 405 688 2042 765; baseline -0.007 -10"><span class='ocrx_word' id='word_1_34' title='bbox 405 713 642 755; x_wconf 87' lang='lat' dir='ltr'>omnes:</span> <span class='ocrx_word' id='word_1_35' title='bbox 679 718 707 747; x_wconf 71' lang='grc' dir='ltr'>α</span> <span class='ocrx_word' id='word_1_36' title='bbox 740 695 865 765; x_wconf 84' lang='lat' dir='ltr'>Ille,</span> <span class='ocrx_word' id='word_1_37' title='bbox 898 693 990 749; x_wconf 91' lang='lat' dir='ltr'>cui</span> <span class='ocrx_word' id='word_1_38' title='bbox 1023 691 1292 759; x_wconf 82' lang='lat' dir='ltr'>conﬁdis,</span> <span class='ocrx_word' id='word_1_39' title='bbox 1324 695 1380 746; x_wconf 88' lang='lat' dir='ltr'>te</span> <span class='ocrx_word' id='word_1_40' title='bbox 1417 688 1696 757; x_wconf 79' lang='lat' dir='ltr'>salvabit;</span> <span class='ocrx_word' id='word_1_41' title='bbox 1738 692 1803 743; x_wconf 89' lang='lat' dir='ltr'>ut</span> <span class='ocrx_word' id='word_1_42' title='bbox 1833 689 2042 753; x_wconf 82' lang='lat' dir='ltr'>vixisti,</span> 
     </span>
    </p>
   </div>
   <div class='ocr_carea' id='block_1_8' title="bbox 2174 683 3809 765">
    <p class='ocr_par' dir='ltr' id='par_1_8' title="bbox 2174 683 3809 761">
     <span class='ocr_line' id='line_1_8' title="bbox 2174 683 3809 761; baseline 0 -22"><span class='ocrx_word' id='word_1_43' title='bbox 2174 685 2245 740; x_wconf 88' lang='grc' dir='ltr'>ιαὶ</span> <span class='ocrx_word' id='word_1_44' title='bbox 2296 687 2667 761; x_wconf 78' lang='grc' dir='ltr'>προσήνεγκεν</span> <span class='ocrx_word' id='word_1_45' title='bbox 2719 687 2746 739; x_wconf 98' lang='lat'>6</span> <span class='ocrx_word' id='word_1_46' title='bbox 2803 686 3057 761; x_wconf 80' lang='grc' dir='ltr'>βασιλεὺς</span> <span class='ocrx_word' id='word_1_47' title='bbox 3104 685 3173 740; x_wconf 77' lang='grc' dir='ltr'>τὰ</span> <span class='ocrx_word' id='word_1_48' title='bbox 3221 683 3391 759; x_wconf 68' lang='grc' dir='ltr'>δῶρα,</span> <span class='ocrx_word' id='word_1_49' title='bbox 3436 686 3527 740; x_wconf 82' lang='grc' dir='ltr'>καὶ</span> <span class='ocrx_word' id='word_1_50' title='bbox 3560 684 3809 740; x_wconf 78' lang='grc' dir='ltr'>εἰσελθὼν</span> 
     </span>
    </p>
   </div>
   <div class='ocr_carea' id='block_1_9' title="bbox 404 775 2062 857">
    <p class='ocr_par' dir='ltr' id='par_1_9' title="bbox 404 776 2048 857">
     <span class='ocr_line' id='line_1_9' title="bbox 404 776 2048 857; baseline -0.006 -14"><span class='ocrx_word' id='word_1_51' title='bbox 404 787 489 843; x_wconf 87' lang='lat' dir='ltr'>ita</span> <span class='ocrx_word' id='word_1_52' title='bbox 520 786 774 857; x_wconf 87' lang='lat' dir='ltr'>impera;</span> <span class='ocrx_word' id='word_1_53' title='bbox 823 782 913 856; x_wconf 89' lang='lat' dir='ltr'>pie</span> <span class='ocrx_word' id='word_1_54' title='bbox 960 781 1175 851; x_wconf 84' lang='lat' dir='ltr'>vixisti,</span> <span class='ocrx_word' id='word_1_55' title='bbox 1226 779 1320 852; x_wconf 89' lang='lat' dir='ltr'>pie</span> <span class='ocrx_word' id='word_1_56' title='bbox 1363 778 1606 849; x_wconf 91' lang='lat' dir='ltr'>impera.</span> <span class='ocrx_word' id='word_1_57' title='bbox 1660 776 1937 845; x_wconf 84' lang='lat' dir='ltr'>Ariadne,</span> <span class='ocrx_word' id='word_1_58' title='bbox 1988 784 2048 833; x_wconf 93' lang='lat' dir='ltr'>tu</span> 
     </span>
    </p>
   </div>
   <div class='ocr_carea' id='block_1_10' title="bbox 2174 775 3806 857">
    <p class='ocr_par' dir='ltr' id='par_1_10' title="bbox 2174 775 3806 854">
     <span class='ocr_line' id='line_1_10' title="bbox 2174 775 3806 854; baseline 0.001 -25"><span class='ocrx_word' id='word_1_59' title='bbox 2174 776 2233 837; x_wconf 69' lang='grc' dir='ltr'>ιῖς</span> <span class='ocrx_word' id='word_1_60' title='bbox 2279 777 2341 830; x_wconf 87' lang='grc' dir='ltr'>τὸ</span> <span class='ocrx_word' id='word_1_61' title='bbox 2394 778 2770 851; x_wconf 83' lang='grc' dir='ltr'>μουτατώριον</span> <span class='ocrx_word' id='word_1_62' title='bbox 2821 776 3068 851; x_wconf 81' lang='grc' dir='ltr'>ἐφόρεσεν</span> <span class='ocrx_word' id='word_1_63' title='bbox 3115 777 3209 831; x_wconf 88' lang='grc' dir='ltr'>τὸν</span> <span class='ocrx_word' id='word_1_64' title='bbox 3260 776 3538 854; x_wconf 72' lang='grc' dir='ltr'>στέφανον,</span> <span class='ocrx_word' id='word_1_65' title='bbox 3590 775 3677 832; x_wconf 79' lang='grc' dir='ltr'>καὶ</span> <span class='ocrx_word' id='word_1_66' title='bbox 3710 777 3806 830; x_wconf 75' lang='grc' dir='ltr'>ὑπ-</span> 
     </span>
    </p>
   </div>
   <div class='ocr_carea' id='block_1_11' title="bbox 403 863 2062 941">
    <p class='ocr_par' dir='ltr' id='par_1_11' title="bbox 403 866 2047 941">
     <span class='ocr_line' id='line_1_11' title="bbox 403 866 2047 941; baseline -0.005 -10"><span class='ocrx_word' id='word_1_67' title='bbox 403 875 640 941; x_wconf 82' lang='lat' dir='ltr'>vincas;</span> <span class='ocrx_word' id='word_1_68' title='bbox 674 872 843 928; x_wconf 90' lang='lat' dir='ltr'>multi</span> <span class='ocrx_word' id='word_1_69' title='bbox 876 870 993 927; x_wconf 89' lang='lat' dir='ltr'>sint</span> <span class='ocrx_word' id='word_1_70' title='bbox 1023 869 1162 926; x_wconf 91' lang='lat' dir='ltr'>anni</span> <span class='ocrx_word' id='word_1_71' title='bbox 1192 870 1491 941; x_wconf 85' lang='lat' dir='ltr'>Augustae.</span> <span class='ocrx_word' id='word_1_72' title='bbox 1550 866 1714 936; x_wconf 88' lang='lat' dir='ltr'>Erige</span> <span class='ocrx_word' id='word_1_73' title='bbox 1766 872 1827 923; x_wconf 92' lang='lat' dir='ltr'>tu</span> <span class='ocrx_word' id='word_1_74' title='bbox 1878 868 2047 939; x_wconf 85' lang='lat' dir='ltr'>[Ana-</span> 
     </span>
    </p>
   </div>
   <div class='ocr_carea' id='block_1_12' title="bbox 2174 863 3807 941">
    <p class='ocr_par' dir='ltr' id='par_1_12' title="bbox 2174 863 3807 939">
     <span class='ocr_line' id='line_1_12' title="bbox 2174 863 3807 939; baseline 0.001 -22"><span class='ocrx_word' id='word_1_75' title='bbox 2174 867 2430 939; x_wconf 71' lang='grc' dir='ltr'>ιστρεψεν,</span> <span class='ocrx_word' id='word_1_76' title='bbox 2462 865 2549 919; x_wconf 76' lang='grc' dir='ltr'>καὶ</span> <span class='ocrx_word' id='word_1_77' title='bbox 2601 863 2857 920; x_wconf 84' lang='grc' dir='ltr'>εἰσελθὼν</span> <span class='ocrx_word' id='word_1_78' title='bbox 2903 865 3160 936; x_wconf 77' lang='grc' dir='ltr'>ἐποίησεν</span> <span class='ocrx_word' id='word_1_79' title='bbox 3210 866 3308 934; x_wconf 79' lang='grc' dir='ltr'>τὴν</span> <span class='ocrx_word' id='word_1_80' title='bbox 3357 866 3689 939; x_wconf 75' lang='grc' dir='ltr'>προαγωγὴν</span> <span class='ocrx_word' id='word_1_81' title='bbox 3714 869 3807 919; x_wconf 73' lang='grc' dir='ltr'>τοῦ</span> 
     </span>
    </p>
   </div>
   <div class='ocr_carea' id='block_1_13' title="bbox 403 950 2062 1034">
    <p class='ocr_par' dir='ltr' id='par_1_13' title="bbox 403 958 2051 1034">
     <span class='ocr_line' id='line_1_13' title="bbox 403 958 2051 1034; baseline -0.006 -14"><span class='ocrx_word' id='word_1_82' title='bbox 403 962 603 1034; x_wconf 89' lang='lat' dir='ltr'>stasie]</span> <span class='ocrx_word' id='word_1_83' title='bbox 636 960 971 1018; x_wconf 84' lang='lat' dir='ltr'>exercitum.</span> <span class='ocrx_word' id='word_1_84' title='bbox 1005 958 1280 1014; x_wconf 81' lang='lat' dir='ltr'>Miserere</span> <span class='ocrx_word' id='word_1_85' title='bbox 1323 971 1622 1013; x_wconf 85' lang='lat' dir='ltr'>servorum</span> <span class='ocrx_word' id='word_1_86' title='bbox 1674 958 1912 1011; x_wconf 90' lang='lat' dir='ltr'>tuorum</span> <span class='ocrx_word' id='word_1_87' title='bbox 1941 975 1954 1024; x_wconf 93' lang='lat'><strong>;</strong></span> <span class='ocrx_word' id='word_1_88' title='bbox 1986 960 2051 1011; x_wconf 88' lang='lat' dir='ltr'>ut</span> 
     </span>
    </p>
   </div>
   <div class='ocr_carea' id='block_1_14' title="bbox 2174 950 3812 1034">
    <p class='ocr_par' dir='ltr' id='par_1_14' title="bbox 2174 950 3812 1030">
     <span class='ocr_line' id='line_1_14' title="bbox 2174 950 3812 1030; baseline 0.001 -23"><span class='ocrx_word' id='word_1_89' title='bbox 2174 953 2434 1030; x_wconf 64' lang='grc' dir='ltr'>ὂπάρχοο,</span> <span class='ocrx_word' id='word_1_90' title='bbox 2487 954 2575 1009; x_wconf 82' lang='grc' dir='ltr'>καὶ</span> <span class='ocrx_word' id='word_1_91' title='bbox 2622 950 2819 1009; x_wconf 75' lang='grc' dir='ltr'>ἔδωκεν</span> <span class='ocrx_word' id='word_1_92' title='bbox 2868 954 3087 1027; x_wconf 81' lang='grc' dir='ltr'>μίσσας,</span> <span class='ocrx_word' id='word_1_93' title='bbox 3134 955 3226 1010; x_wconf 79' lang='grc' dir='ltr'>καὶ</span> <span class='ocrx_word' id='word_1_94' title='bbox 3280 953 3498 1028; x_wconf 74' lang='grc' dir='ltr'>ἔθρεψεν</span> <span class='ocrx_word' id='word_1_95' title='bbox 3546 955 3670 1015; x_wconf 79' lang='grc' dir='ltr'>τοὺς</span> <span class='ocrx_word' id='word_1_96' title='bbox 3720 951 3812 1028; x_wconf 70' lang='grc' dir='ltr'>ἆρ-</span> 
     </span>
    </p>
   </div>
   <div class='ocr_carea' id='block_1_15' title="bbox 378 1040 2374 1118">
    <p class='ocr_par' dir='ltr' id='par_1_15' title="bbox 378 1040 2374 1118">
     <span class='ocr_line' id='line_1_15' title="bbox 378 1040 2374 1118; baseline -0.004 -11"><span class='ocrx_word' id='word_1_97' title='bbox 378 1040 759 1118; x_wconf 63' lang='lat' dir='ltr'>~Marcianus,</span> <span class='ocrx_word' id='word_1_98' title='bbox 804 1048 886 1104; x_wconf 91' lang='lat' dir='ltr'>ita</span> <span class='ocrx_word' id='word_1_99' title='bbox 925 1050 986 1103; x_wconf 88' lang='lat' dir='ltr'>tu</span> <span class='ocrx_word' id='word_1_100' title='bbox 1032 1061 1266 1117; x_wconf 91' lang='lat' dir='ltr'>quoque</span> <span class='ocrx_word' id='word_1_101' title='bbox 1307 1045 1546 1115; x_wconf 87' lang='lat' dir='ltr'>impera,</span> <span class='ocrx_word' id='word_1_102' title='bbox 1587 1064 1615 1093; x_wconf 89' lang='lat'>»</span> <span class='ocrx_word' id='word_1_103' title='bbox 1664 1046 1721 1099; x_wconf 90' lang='lat' dir='ltr'>et</span> <span class='ocrx_word' id='word_1_104' title='bbox 1761 1042 1874 1100; x_wconf 90' lang='lat' dir='ltr'>alia</span> <span class='ocrx_word' id='word_1_105' title='bbox 1909 1044 2050 1100; x_wconf 91' lang='lat' dir='ltr'>talia</span> <span class='ocrx_word' id='word_1_106' title='bbox 2158 1063 2374 1118; x_wconf 67' lang='lat' dir='ltr'>xovrzc.</span> 
     </span>
    </p>
   </div>
   <div class='ocr_carea' id='block_1_16' title="bbox 406 1133 3819 1210">
    <p class='ocr_par' dir='ltr' id='par_1_16' title="bbox 406 1133 3819 1210">
     <span class='ocr_line' id='line_1_16' title="bbox 406 1133 3819 1210; baseline -0.002 -14"><span class='ocrx_word' id='word_1_107' title='bbox 406 1138 615 1197; x_wconf 90' lang='lat' dir='ltr'>multa.</span> <span class='ocrx_word' id='word_1_108' title='bbox 649 1140 967 1210; x_wconf 81' lang='lat' dir='ltr'>Imperator</span> <span class='ocrx_word' id='word_1_109' title='bbox 996 1135 1184 1192; x_wconf 69' lang='lat' dir='ltr'>Caesar</span> <span class='ocrx_word' id='word_1_110' title='bbox 1212 1136 1551 1205; x_wconf 87' lang='lat' dir='ltr'>Augustus:</span> <span class='ocrx_word' id='word_1_111' title='bbox 1586 1156 1613 1183; x_wconf 86' lang='grc'>‹‹</span> <span class='ocrx_word' id='word_1_112' title='bbox 1645 1134 1754 1189; x_wconf 86' lang='lat' dir='ltr'>Pro</span> <span class='ocrx_word' id='word_1_113' title='bbox 1795 1133 1939 1189; x_wconf 82' lang='lat' dir='ltr'>testo</span> <span class='ocrx_word' id='word_1_114' title='bbox 1972 1133 2084 1201; x_wconf 87' lang='lat' dir='ltr'>die,</span> <span class='ocrx_word' id='word_1_115' title='bbox 2122 1134 2305 1190; x_wconf 78' lang='lat' dir='ltr'>felicis</span> <span class='ocrx_word' id='word_1_116' title='bbox 2340 1136 2518 1190; x_wconf 79' lang='lat' dir='ltr'>nostri</span> <span class='ocrx_word' id='word_1_117' title='bbox 2550 1134 2780 1205; x_wconf 89' lang='lat' dir='ltr'>imperii</span> <span class='ocrx_word' id='word_1_118' title='bbox 2812 1135 3023 1205; x_wconf 89' lang='lat' dir='ltr'>natale,</span> <span class='ocrx_word' id='word_1_119' title='bbox 3059 1135 3203 1191; x_wconf 84' lang='lat' dir='ltr'>dabo</span> <span class='ocrx_word' id='word_1_120' title='bbox 3247 1136 3411 1191; x_wconf 88' lang='lat' dir='ltr'>vobis</span> <span class='ocrx_word' id='word_1_121' title='bbox 3464 1135 3521 1189; x_wconf 90' lang='lat' dir='ltr'>in</span> <span class='ocrx_word' id='word_1_122' title='bbox 3574 1134 3819 1189; x_wconf 85' lang='lat' dir='ltr'>buccam</span> 
     </span>
    </p>
   </div>
   <div class='ocr_carea' id='block_1_17' title="bbox 408 1221 3824 1301">
    <p class='ocr_par' dir='ltr' id='par_1_17' title="bbox 408 1221 3824 1301">
     <span class='ocr_line' id='line_1_17' title="bbox 408 1221 3824 1301; baseline -0.002 -16"><span class='ocrx_word' id='word_1_123' title='bbox 408 1228 534 1301; x_wconf 90' lang='lat' dir='ltr'>[seu</span> <span class='ocrx_word' id='word_1_124' title='bbox 572 1227 813 1297; x_wconf 86' lang='lat' dir='ltr'>viritim]</span> <span class='ocrx_word' id='word_1_125' title='bbox 845 1226 1059 1296; x_wconf 91' lang='lat' dir='ltr'>quinos</span> <span class='ocrx_word' id='word_1_126' title='bbox 1093 1239 1365 1279; x_wconf 82' lang='lat' dir='ltr'>nummos</span> <span class='ocrx_word' id='word_1_127' title='bbox 1398 1226 1456 1277; x_wconf 85' lang='lat' dir='ltr'>et</span> <span class='ocrx_word' id='word_1_128' title='bbox 1487 1221 1752 1293; x_wconf 88' lang='lat' dir='ltr'>singulas</span> <span class='ocrx_word' id='word_1_129' title='bbox 1800 1221 1967 1278; x_wconf 89' lang='lat' dir='ltr'>litras</span> <span class='ocrx_word' id='word_1_130' title='bbox 2015 1225 2259 1294; x_wconf 87' lang='lat' dir='ltr'>argenti.</span> <span class='ocrx_word' id='word_1_131' title='bbox 2296 1244 2323 1273; x_wconf 91' lang='grc'><strong>››</strong></span> <span class='ocrx_word' id='word_1_132' title='bbox 2373 1223 2789 1280; x_wconf 83' lang='lat' dir='ltr'>Acclamabant</span> <span class='ocrx_word' id='word_1_133' title='bbox 2838 1240 3134 1281; x_wconf 64' lang='lat' dir='ltr'>omnesuc</span> <span class='ocrx_word' id='word_1_134' title='bbox 3186 1223 3583 1281; x_wconf 87' lang='lat' dir='ltr'>Christianum</span> <span class='ocrx_word' id='word_1_135' title='bbox 3634 1224 3824 1294; x_wconf 79' lang='lat' dir='ltr'>impe-</span> 
     </span>
    </p>
   </div>
   <div class='ocr_carea' id='block_1_18' title="bbox 406 1313 3822 1376">
    <p class='ocr_par' dir='ltr' id='par_1_18' title="bbox 406 1313 3822 1376">
     <span class='ocr_line' id='line_1_18' title="bbox 406 1313 3822 1376; baseline -0.002 0"><span class='ocrx_word' id='word_1_136' title='bbox 406 1324 655 1376; x_wconf 85' lang='lat' dir='ltr'>ratorem</span> <span class='ocrx_word' id='word_1_137' title='bbox 686 1319 991 1374; x_wconf 81' lang='lat' dir='ltr'>conservet</span> <span class='ocrx_word' id='word_1_138' title='bbox 1018 1315 1191 1371; x_wconf 90' lang='lat' dir='ltr'>Deus.</span> <span class='ocrx_word' id='word_1_139' title='bbox 1224 1314 1355 1370; x_wconf 67' lang='lat' dir='ltr'>Haec</span> <span class='ocrx_word' id='word_1_140' title='bbox 1392 1317 1533 1369; x_wconf 89' lang='lat' dir='ltr'>sunt</span> <span class='ocrx_word' id='word_1_141' title='bbox 1576 1313 1911 1369; x_wconf 91' lang='lat' dir='ltr'>communia</span> <span class='ocrx_word' id='word_1_142' title='bbox 1970 1314 2232 1368; x_wconf 90' lang='lat' dir='ltr'>omnium</span> <span class='ocrx_word' id='word_1_143' title='bbox 2294 1318 2436 1369; x_wconf 89' lang='lat' dir='ltr'>vota.</span> <span class='ocrx_word' id='word_1_144' title='bbox 2499 1315 2629 1370; x_wconf 64' lang='lat' dir='ltr'>Haec</span> <span class='ocrx_word' id='word_1_145' title='bbox 2688 1318 2828 1370; x_wconf 87' lang='lat' dir='ltr'>sunt</span> <span class='ocrx_word' id='word_1_146' title='bbox 2883 1320 3014 1371; x_wconf 92' lang='lat' dir='ltr'>vota</span> <span class='ocrx_word' id='word_1_147' title='bbox 3069 1314 3229 1370; x_wconf 85' lang='lat' dir='ltr'>orbis</span> <span class='ocrx_word' id='word_1_148' title='bbox 3286 1319 3596 1370; x_wconf 89' lang='lat' dir='ltr'>terrarum.</span> <span class='ocrx_word' id='word_1_149' title='bbox 3647 1316 3822 1369; x_wconf 86' lang='lat' dir='ltr'>Pium</span> 
     </span>
    </p>
   </div>
   <div class='ocr_carea' id='block_1_19' title="bbox 407 1403 3822 1475">
    <p class='ocr_par' dir='ltr' id='par_1_19' title="bbox 407 1403 3822 1475">
     <span class='ocr_line' id='line_1_19' title="bbox 407 1403 3822 1475; baseline -0.002 -11"><span class='ocrx_word' id='word_1_150' title='bbox 407 1408 735 1475; x_wconf 88' lang='lat' dir='ltr'>dominum,</span> <span class='ocrx_word' id='word_1_151' title='bbox 769 1405 1036 1473; x_wconf 82' lang='lat' dir='ltr'>Domine,</span> <span class='ocrx_word' id='word_1_152' title='bbox 1069 1420 1367 1459; x_wconf 89' lang='lat' dir='ltr'>conserva.</span> <span class='ocrx_word' id='word_1_153' title='bbox 1405 1403 1553 1459; x_wconf 75' lang='lat'>247</span> <span class='ocrx_word' id='word_1_154' title='bbox 1588 1403 1798 1459; x_wconf 90' lang='lat' dir='ltr'>Sancte</span> <span class='ocrx_word' id='word_1_155' title='bbox 1831 1403 2096 1471; x_wconf 86' lang='lat' dir='ltr'>Domine,</span> <span class='ocrx_word' id='word_1_156' title='bbox 2134 1403 2318 1459; x_wconf 85' lang='lat' dir='ltr'>releva</span> <span class='ocrx_word' id='word_1_157' title='bbox 2341 1405 2619 1459; x_wconf 87' lang='lat' dir='ltr'>mundum</span> <span class='ocrx_word' id='word_1_158' title='bbox 2654 1407 2840 1459; x_wconf 91' lang='lat' dir='ltr'>tuum.</span> <span class='ocrx_word' id='word_1_159' title='bbox 2867 1405 3072 1460; x_wconf 79' lang='lat' dir='ltr'>Vincat</span> <span class='ocrx_word' id='word_1_160' title='bbox 3106 1405 3339 1460; x_wconf 80' lang='lat' dir='ltr'>fortuna</span> <span class='ocrx_word' id='word_1_161' title='bbox 3380 1404 3773 1459; x_wconf 82' lang='lat' dir='ltr'>Romanorum</span> <span class='ocrx_word' id='word_1_162' title='bbox 3806 1421 3822 1470; x_wconf 92' lang='lat'><strong>;</strong></span> 
     </span>
    </p>
   </div>
   <div class='ocr_carea' id='block_1_20' title="bbox 409 1492 3823 1567">
    <p class='ocr_par' dir='ltr' id='par_1_20' title="bbox 409 1492 3823 1567">
     <span class='ocr_line' id='line_1_20' title="bbox 409 1492 3823 1567; baseline -0.001 -15"><span class='ocrx_word' id='word_1_163' title='bbox 409 1496 682 1553; x_wconf 85' lang='lat' dir='ltr'>Anastasi</span> <span class='ocrx_word' id='word_1_164' title='bbox 707 1498 977 1567; x_wconf 81' lang='lat' dir='ltr'>Auguste,</span> <span class='ocrx_word' id='word_1_165' title='bbox 1014 1502 1074 1549; x_wconf 93' lang='lat' dir='ltr'>tu</span> <span class='ocrx_word' id='word_1_166' title='bbox 1098 1493 1314 1549; x_wconf 86' lang='lat' dir='ltr'>vincas.</span> <span class='ocrx_word' id='word_1_167' title='bbox 1344 1493 1597 1548; x_wconf 91' lang='lat' dir='ltr'>Ariadne</span> <span class='ocrx_word' id='word_1_168' title='bbox 1639 1496 1922 1563; x_wconf 86' lang='lat' dir='ltr'>Augusta,</span> <span class='ocrx_word' id='word_1_169' title='bbox 1955 1495 2015 1546; x_wconf 88' lang='lat' dir='ltr'>tu</span> <span class='ocrx_word' id='word_1_170' title='bbox 2066 1492 2285 1547; x_wconf 88' lang='lat' dir='ltr'>vincas.</span> <span class='ocrx_word' id='word_1_171' title='bbox 2337 1492 2490 1547; x_wconf 87' lang='lat' dir='ltr'>Deus</span> <span class='ocrx_word' id='word_1_172' title='bbox 2542 1509 2641 1548; x_wconf 86' lang='lat' dir='ltr'>vos</span> <span class='ocrx_word' id='word_1_173' title='bbox 2692 1494 2873 1561; x_wconf 85' lang='lat' dir='ltr'>dedit,</span> <span class='ocrx_word' id='word_1_174' title='bbox 2928 1495 3075 1550; x_wconf 82' lang='lat' dir='ltr'>Deus</span> <span class='ocrx_word' id='word_1_175' title='bbox 3127 1511 3225 1549; x_wconf 83' lang='lat' dir='ltr'>vos</span> <span class='ocrx_word' id='word_1_176' title='bbox 3272 1496 3590 1549; x_wconf 81' lang='lat' dir='ltr'>conservet.</span> <span class='ocrx_word' id='word_1_177' title='bbox 3627 1516 3654 1542; x_wconf 80' lang='grc'><strong>››</strong></span> <span class='ocrx_word' id='word_1_178' title='bbox 3708 1493 3823 1548; x_wconf 84' lang='lat' dir='ltr'>Im-</span> 
     </span>
    </p>
   </div>
   <div class='ocr_carea' id='block_1_21' title="bbox 412 1581 3825 1660">
    <p class='ocr_par' dir='ltr' id='par_1_21' title="bbox 412 1581 3825 1660">
     <span class='ocr_line' id='line_1_21' title="bbox 412 1581 3825 1660; baseline -0.003 -16"><span class='ocrx_word' id='word_1_179' title='bbox 412 1592 644 1660; x_wconf 88' lang='lat' dir='ltr'>perator</span> <span class='ocrx_word' id='word_1_180' title='bbox 687 1588 878 1642; x_wconf 68' lang='lat' dir='ltr'>Caesar</span> <span class='ocrx_word' id='word_1_181' title='bbox 925 1588 1259 1656; x_wconf 86' lang='lat' dir='ltr'>Augustus:</span> <span class='ocrx_word' id='word_1_182' title='bbox 1322 1583 1535 1639; x_wconf 86' lang='lat' dir='ltr'>«Deus</span> <span class='ocrx_word' id='word_1_183' title='bbox 1594 1582 1914 1638; x_wconf 87' lang='lat' dir='ltr'>vobiscum.</span> <span class='ocrx_word' id='word_1_184' title='bbox 1950 1604 1978 1631; x_wconf 84' lang='lat'><strong>»</strong></span> <span class='ocrx_word' id='word_1_185' title='bbox 2041 1582 2226 1637; x_wconf 89' lang='lat' dir='ltr'>Finito</span> <span class='ocrx_word' id='word_1_186' title='bbox 2286 1583 2394 1638; x_wconf 89' lang='lat' dir='ltr'>hoc</span> <span class='ocrx_word' id='word_1_187' title='bbox 2455 1583 2730 1655; x_wconf 85' lang='lat' dir='ltr'>alloquio,</span> <span class='ocrx_word' id='word_1_188' title='bbox 2791 1584 3179 1640; x_wconf 87' lang='lat' dir='ltr'>descendebat</span> <span class='ocrx_word' id='word_1_189' title='bbox 3237 1591 3290 1638; x_wconf 90' lang='lat' dir='ltr'>et</span> <span class='ocrx_word' id='word_1_190' title='bbox 3342 1583 3694 1654; x_wconf 82' lang='lat' dir='ltr'>procedebat</span> <span class='ocrx_word' id='word_1_191' title='bbox 3759 1581 3825 1636; x_wconf 89' lang='lat' dir='ltr'>in</span> 
     </span>
    </p>
   </div>
   <div class='ocr_carea' id='block_1_22' title="bbox 408 1671 3823 1744">
    <p class='ocr_par' dir='ltr' id='par_1_22' title="bbox 408 1671 3823 1744">
     <span class='ocr_line' id='line_1_22' title="bbox 408 1671 3823 1744; baseline -0.003 -9"><span class='ocrx_word' id='word_1_192' title='bbox 408 1676 701 1735; x_wconf 89' lang='lat' dir='ltr'>conductu</span> <span class='ocrx_word' id='word_1_193' title='bbox 733 1676 804 1732; x_wconf 91' lang='lat' dir='ltr'>ad</span> <span class='ocrx_word' id='word_1_194' title='bbox 838 1674 1167 1740; x_wconf 85' lang='lat' dir='ltr'>ecclesiam,</span> <span class='ocrx_word' id='word_1_195' title='bbox 1200 1673 1617 1744; x_wconf 86' lang='lat' dir='ltr'>ingressusque</span> <span class='ocrx_word' id='word_1_196' title='bbox 1656 1686 1759 1742; x_wconf 88' lang='lat' dir='ltr'>per</span> <span class='ocrx_word' id='word_1_197' title='bbox 1788 1671 2120 1726; x_wconf 88' lang='lat' dir='ltr'>narthecem</span> <span class='ocrx_word' id='word_1_198' title='bbox 2168 1672 2490 1743; x_wconf 85' lang='lat' dir='ltr'>dcponebat</span> <span class='ocrx_word' id='word_1_199' title='bbox 2520 1688 2792 1728; x_wconf 88' lang='lat' dir='ltr'>coronam</span> <span class='ocrx_word' id='word_1_200' title='bbox 2845 1672 2901 1727; x_wconf 93' lang='lat' dir='ltr'>in</span> <span class='ocrx_word' id='word_1_201' title='bbox 2942 1673 3280 1739; x_wconf 88' lang='lat' dir='ltr'>mutatorio,</span> <span class='ocrx_word' id='word_1_202' title='bbox 3331 1672 3639 1743; x_wconf 82' lang='lat' dir='ltr'>praeposito</span> <span class='ocrx_word' id='word_1_203' title='bbox 3694 1686 3823 1725; x_wconf 87' lang='lat' dir='ltr'>eam</span> 
     </span>
    </p>
   </div>
   <div class='ocr_carea' id='block_1_23' title="bbox 410 1760 3825 1836">
    <p class='ocr_par' dir='ltr' id='par_1_23' title="bbox 410 1760 3825 1836">
     <span class='ocr_line' id='line_1_23' title="bbox 410 1760 3825 1836; baseline -0.002 -14"><span class='ocrx_word' id='word_1_204' title='bbox 410 1765 767 1836; x_wconf 86' lang='lat' dir='ltr'>arripiente;</span> <span class='ocrx_word' id='word_1_205' title='bbox 802 1764 1011 1819; x_wconf 89' lang='lat' dir='ltr'>deinde</span> <span class='ocrx_word' id='word_1_206' title='bbox 1043 1779 1245 1819; x_wconf 86' lang='lat' dir='ltr'>rursus</span> <span class='ocrx_word' id='word_1_207' title='bbox 1279 1761 1349 1817; x_wconf 92' lang='lat' dir='ltr'>ab</span> <span class='ocrx_word' id='word_1_208' title='bbox 1377 1761 1485 1817; x_wconf 89' lang='lat' dir='ltr'>hoc</span> <span class='ocrx_word' id='word_1_209' title='bbox 1536 1760 1647 1815; x_wconf 88' lang='lat' dir='ltr'>sibi</span> <span class='ocrx_word' id='word_1_210' title='bbox 1696 1760 1981 1816; x_wconf 85' lang='lat' dir='ltr'>redditam</span> <span class='ocrx_word' id='word_1_211' title='bbox 2035 1761 2360 1832; x_wconf 89' lang='lat' dir='ltr'>deponebat</span> <span class='ocrx_word' id='word_1_212' title='bbox 2406 1762 2465 1816; x_wconf 88' lang='lat' dir='ltr'>in</span> <span class='ocrx_word' id='word_1_213' title='bbox 2501 1762 2864 1832; x_wconf 88' lang='lat' dir='ltr'>lhysiasterio</span> <span class='ocrx_word' id='word_1_214' title='bbox 2913 1779 3011 1818; x_wconf 87' lang='lat' dir='ltr'>seu</span> <span class='ocrx_word' id='word_1_215' title='bbox 3061 1761 3495 1829; x_wconf 78' lang='lat' dir='ltr'>sacrificatorio,</span> <span class='ocrx_word' id='word_1_216' title='bbox 3546 1760 3825 1817; x_wconf 66' lang='lat' dir='ltr'>offerebat</span> 
     </span>
    </p>
   </div>
   <div class='ocr_carea' id='block_1_24' title="bbox 414 1848 3825 1923">
    <p class='ocr_par' dir='ltr' id='par_1_24' title="bbox 414 1848 3825 1923">
     <span class='ocr_line' id='line_1_24' title="bbox 414 1848 3825 1923; baseline -0.002 -13"><span class='ocrx_word' id='word_1_217' title='bbox 414 1856 591 1923; x_wconf 89' lang='lat' dir='ltr'>dona,</span> <span class='ocrx_word' id='word_1_218' title='bbox 624 1853 847 1909; x_wconf 91' lang='lat' dir='ltr'>redibat</span> <span class='ocrx_word' id='word_1_219' title='bbox 879 1852 949 1907; x_wconf 90' lang='lat' dir='ltr'>ad</span> <span class='ocrx_word' id='word_1_220' title='bbox 984 1852 1388 1916; x_wconf 89' lang='lat' dir='ltr'>mutatorium,</span> <span class='ocrx_word' id='word_1_221' title='bbox 1434 1849 1713 1905; x_wconf 82' lang='lat' dir='ltr'>induebat</span> <span class='ocrx_word' id='word_1_222' title='bbox 1770 1848 1851 1905; x_wconf 90' lang='lat' dir='ltr'>ibi</span> <span class='ocrx_word' id='word_1_223' title='bbox 1881 1865 2181 1917; x_wconf 89' lang='lat' dir='ltr'>coronam,</span> <span class='ocrx_word' id='word_1_224' title='bbox 2231 1851 2627 1907; x_wconf 81' lang='lat' dir='ltr'>revertebatur</span> <span class='ocrx_word' id='word_1_225' title='bbox 2683 1852 2741 1906; x_wconf 91' lang='lat' dir='ltr'>in</span> <span class='ocrx_word' id='word_1_226' title='bbox 2802 1851 3103 1922; x_wconf 86' lang='lat' dir='ltr'>palatium,</span> <span class='ocrx_word' id='word_1_227' title='bbox 3154 1852 3400 1908; x_wconf 78' lang='lat' dir='ltr'>faciebat</span> <span class='ocrx_word' id='word_1_228' title='bbox 3451 1851 3529 1906; x_wconf 90' lang='lat' dir='ltr'>ibi</span> <span class='ocrx_word' id='word_1_229' title='bbox 3589 1866 3825 1922; x_wconf 89' lang='lat' dir='ltr'>promo-</span> 
     </span>
    </p>
   </div>
   <div class='ocr_carea' id='block_1_25' title="bbox 413 1938 3801 2013">
    <p class='ocr_par' dir='ltr' id='par_1_25' title="bbox 413 1938 3801 2013">
     <span class='ocr_line' id='line_1_25' title="bbox 413 1938 3801 2013; baseline -0.002 -14"><span class='ocrx_word' id='word_1_230' title='bbox 413 1943 626 2000; x_wconf 85' lang='lat' dir='ltr'>tionem</span> <span class='ocrx_word' id='word_1_231' title='bbox 660 1941 912 2013; x_wconf 68' lang='lat' dir='ltr'>praefecti</span> <span class='ocrx_word' id='word_1_232' title='bbox 943 1940 1082 1997; x_wconf 91' lang='lat' dir='ltr'>Urbi</span> <span class='ocrx_word' id='word_1_233' title='bbox 1115 1939 1309 2011; x_wconf 90' lang='lat' dir='ltr'>[paulo</span> <span class='ocrx_word' id='word_1_234' title='bbox 1350 1942 1481 1995; x_wconf 89' lang='lat' dir='ltr'>ante</span> <span class='ocrx_word' id='word_1_235' title='bbox 1539 1938 1609 1994; x_wconf 91' lang='lat' dir='ltr'>ab</span> <span class='ocrx_word' id='word_1_236' title='bbox 1662 1939 1909 1995; x_wconf 86' lang='lat' dir='ltr'>Ariadne</span> <span class='ocrx_word' id='word_1_237' title='bbox 1957 1938 2361 2009; x_wconf 88' lang='lat' dir='ltr'>denominati],</span> <span class='ocrx_word' id='word_1_238' title='bbox 2422 1940 2599 1996; x_wconf 89' lang='lat' dir='ltr'>dabat</span> <span class='ocrx_word' id='word_1_239' title='bbox 2658 1940 2889 2008; x_wconf 88' lang='lat' dir='ltr'>missas,</span> <span class='ocrx_word' id='word_1_240' title='bbox 2946 1945 3002 1996; x_wconf 87' lang='lat' dir='ltr'>et</span> <span class='ocrx_word' id='word_1_241' title='bbox 3057 1942 3289 1997; x_wconf 82' lang='lat' dir='ltr'>tandem</span> <span class='ocrx_word' id='word_1_242' title='bbox 3340 1939 3623 2006; x_wconf 89' lang='lat' dir='ltr'>convivio,</span> <span class='ocrx_word' id='word_1_243' title='bbox 3654 1954 3801 2010; x_wconf 88' lang='lat' dir='ltr'>quos</span> 
     </span>
    </p>
   </div>
   <div class='ocr_carea' id='block_1_26' title="bbox 410 2029 1322 2101">
    <p class='ocr_par' dir='ltr' id='par_1_26' title="bbox 410 2029 1322 2101">
     <span class='ocr_line' id='line_1_26' title="bbox 410 2029 1322 2101; baseline -0.003 -14"><span class='ocrx_word' id='word_1_244' title='bbox 410 2031 664 2099; x_wconf 89' lang='lat' dir='ltr'>volebat,</span> <span class='ocrx_word' id='word_1_245' title='bbox 700 2045 963 2101; x_wconf 88' lang='lat' dir='ltr'>proceres</span> <span class='ocrx_word' id='word_1_246' title='bbox 993 2029 1322 2085; x_wconf 79' lang='lat' dir='ltr'>adhibebat.</span> 
     </span>
    </p>
   </div>
   <div class='ocr_carea' id='block_1_27' title="bbox 1002 2117 2139 2186">
    <p class='ocr_par' dir='ltr' id='par_1_27' title="bbox 1002 2117 2139 2186">
     <span class='ocr_line' id='line_1_27' title="bbox 1002 2117 2139 2186; baseline -0.009 -12"><span class='ocrx_word' id='word_1_247' title='bbox 1002 2117 1232 2174; x_wconf 81' lang='lat' dir='ltr'><strong>CAPUT</strong></span> <span class='ocrx_word' id='word_1_248' title='bbox 1270 2117 1458 2172; x_wconf 76' lang='lat' dir='ltr'>x0111.</span> <span class='ocrx_word' id='word_1_249' title='bbox 2087 2122 2139 2186; x_wconf 78' lang='grc' dir='ltr'>Β</span> 
     </span>
    </p>
   </div>
   <div class='ocr_carea' id='block_1_28' title="bbox 541 2204 1965 2279">
    <p class='ocr_par' dir='ltr' id='par_1_28' title="bbox 541 2204 1965 2279">
     <span class='ocr_line' id='line_1_28' title="bbox 541 2204 1965 2279; baseline -0.001 -16"><span class='ocrx_word' id='word_1_250' title='bbox 541 2206 904 2279; x_wconf 78' lang='lat' dir='ltr'>lnauguratz&#39;o</span> <span class='ocrx_word' id='word_1_251' title='bbox 934 2206 1069 2278; x_wconf 85' lang='lat' dir='ltr'>imp.</span> <span class='ocrx_word' id='word_1_252' title='bbox 1090 2206 1298 2263; x_wconf 74' lang='lat' dir='ltr'>Justim&#39;</span> <span class='ocrx_word' id='word_1_253' title='bbox 1327 2206 1537 2277; x_wconf 83' lang='lat' dir='ltr'>[primi]</span> <span class='ocrx_word' id='word_1_254' title='bbox 1563 2204 1767 2262; x_wconf 59' lang='lat' dir='ltr'>divina</span> <span class='ocrx_word' id='word_1_255' title='bbox 1788 2207 1965 2262; x_wconf 75' lang='lat' dir='ltr'>sortis.</span> 
     </span>
    </p>
   </div>
   <div class='ocr_carea' id='block_1_29' title="bbox 2786 2117 3195 2193">
    <p class='ocr_par' dir='ltr' id='par_1_29' title="bbox 2786 2117 3195 2193">
     <span class='ocr_line' id='line_1_29' title="bbox 2786 2117 3195 2193; baseline 0.005 -20"><span class='ocrx_word' id='word_1_256' title='bbox 2786 2119 3041 2174; x_wconf 80' lang='grc' dir='ltr'>ΚΕΦΑΛ.</span> <span class='ocrx_word' id='word_1_257' title='bbox 3084 2117 3195 2193; x_wconf 60' lang='grc' dir='ltr'>ψ.</span> 
     </span>
    </p>
   </div>
   <div class='ocr_carea' id='block_1_30' title="bbox 2165 2201 3821 2347">
    <p class='ocr_par' dir='ltr' id='par_1_30' title="bbox 2165 2201 3821 2347">
     <span class='ocr_line' id='line_1_30' title="bbox 2165 2201 3821 2347; baseline 0.02 -123"><span class='ocrx_word' id='word_1_258' title='bbox 2165 2205 2544 2347; x_wconf 48' lang='grc' dir='ltr'>,Αζῇὲόρευσις</span> <span class='ocrx_word' id='word_1_259' title='bbox 2616 2203 2883 2280; x_wconf 69' lang='grc' dir='ltr'>βασιλέως</span> <span class='ocrx_word' id='word_1_260' title='bbox 2957 2204 3248 2262; x_wconf 81' lang='grc' dir='ltr'>Ἱουστίνου</span> <span class='ocrx_word' id='word_1_261' title='bbox 3323 2208 3419 2261; x_wconf 81' lang='grc' dir='ltr'>τοῦ</span> <span class='ocrx_word' id='word_1_262' title='bbox 3495 2210 3596 2274; x_wconf 82' lang='grc' dir='ltr'>τῆς</span> <span class='ocrx_word' id='word_1_263' title='bbox 3673 2201 3821 2264; x_wconf 82' lang='grc' dir='ltr'>θείας</span> 
     </span>
     <span class='ocr_line' id='line_1_31' title="bbox 2297 2297 2465 2346; baseline 0.006 -15"><span class='ocrx_word' id='word_1_264' title='bbox 2297 2297 2465 2346; x_wconf 48' lang='grc' dir='ltr'>ιεως.</span> 
     </span>
    </p>
   </div>
   <div class='ocr_carea' id='block_1_31' title="bbox 2297 2297 2465 2346">
    <p class='ocr_par' dir='ltr' id='par_1_31' title="bbox 2297 2297 2465 2346">
     <span class='ocr_line' id='line_1_32' title="bbox 2297 2297 2465 2346; baseline 0.006 -15"><span class='ocrx_word' id='word_1_265' title='bbox 2297 2297 2465 2346; x_wconf 49' lang='lat' dir='ltr'>meum.</span> 
     </span>
    </p>
   </div>
   <div class='ocr_carea' id='block_1_32' title="bbox 406 2368 2059 2443">
    <p class='ocr_par' dir='ltr' id='par_1_32' title="bbox 406 2368 2059 2443">
     <span class='ocr_line' id='line_1_33' title="bbox 406 2368 2059 2443; baseline -0.002 -16"><span class='ocrx_word' id='word_1_266' title='bbox 406 2440 409 2443; x_wconf 19' lang='grc' dir='ltr'><em>Α</em></span> <span class='ocrx_word' id='word_1_267' title='bbox 484 2370 547 2427; x_wconf 92' lang='lat' dir='ltr'>In</span> <span class='ocrx_word' id='word_1_268' title='bbox 578 2369 862 2428; x_wconf 90' lang='lat' dir='ltr'>electione</span> <span class='ocrx_word' id='word_1_269' title='bbox 888 2369 1105 2426; x_wconf 88' lang='lat' dir='ltr'>Justini</span> <span class='ocrx_word' id='word_1_270' title='bbox 1136 2368 1243 2441; x_wconf 63' lang='lat' dir='ltr'>pia:</span> <span class='ocrx_word' id='word_1_271' title='bbox 1276 2372 1331 2425; x_wconf 90' lang='lat' dir='ltr'>et</span> <span class='ocrx_word' id='word_1_272' title='bbox 1360 2368 1569 2425; x_wconf 79' lang='lat' dir='ltr'>divinas</span> <span class='ocrx_word' id='word_1_273' title='bbox 1610 2368 1783 2425; x_wconf 89' lang='lat' dir='ltr'>sortis</span> <span class='ocrx_word' id='word_1_274' title='bbox 1836 2370 2059 2426; x_wconf 90' lang='lat' dir='ltr'>contin-</span> 
     </span>
    </p>
   </div>
   <div class='ocr_carea' id='block_1_33' title="bbox 413 2459 2061 2534">
    <p class='ocr_par' dir='ltr' id='par_1_33' title="bbox 413 2459 2061 2534">
     <span class='ocr_line' id='line_1_34' title="bbox 413 2459 2061 2534; baseline -0.002 -16"><span class='ocrx_word' id='word_1_275' title='bbox 413 2460 583 2534; x_wconf 85' lang='lat' dir='ltr'>gebat</span> <span class='ocrx_word' id='word_1_276' title='bbox 616 2460 835 2532; x_wconf 89' lang='lat' dir='ltr'>aliquid</span> <span class='ocrx_word' id='word_1_277' title='bbox 888 2459 1206 2527; x_wconf 87' lang='lat' dir='ltr'>turbarum,</span> <span class='ocrx_word' id='word_1_278' title='bbox 1242 2462 1439 2530; x_wconf 90' lang='lat' dir='ltr'>utpote</span> <span class='ocrx_word' id='word_1_279' title='bbox 1487 2474 1661 2531; x_wconf 92' lang='lat' dir='ltr'>quum</span> <span class='ocrx_word' id='word_1_280' title='bbox 1712 2475 1899 2531; x_wconf 91' lang='lat' dir='ltr'>neque</span> <span class='ocrx_word' id='word_1_281' title='bbox 1934 2461 2061 2514; x_wconf 87' lang='lat' dir='ltr'>Au-</span> 
     </span>
    </p>
   </div>
   <div class='ocr_carea' id='block_1_34' title="bbox 413 2547 2058 2624">
    <p class='ocr_par' dir='ltr' id='par_1_34' title="bbox 413 2547 2058 2624">
     <span class='ocr_line' id='line_1_35' title="bbox 413 2547 2058 2624; baseline -0.001 -18"><span class='ocrx_word' id='word_1_282' title='bbox 413 2555 587 2624; x_wconf 89' lang='lat' dir='ltr'>gusta</span> <span class='ocrx_word' id='word_1_283' title='bbox 617 2550 861 2615; x_wconf 86' lang='lat' dir='ltr'>adesset,</span> <span class='ocrx_word' id='word_1_284' title='bbox 911 2563 1100 2619; x_wconf 90' lang='lat' dir='ltr'>neque</span> <span class='ocrx_word' id='word_1_285' title='bbox 1147 2548 1466 2620; x_wconf 90' lang='lat' dir='ltr'>imperator</span> <span class='ocrx_word' id='word_1_286' title='bbox 1499 2547 1757 2619; x_wconf 86' lang='lat' dir='ltr'>aliquem</span> <span class='ocrx_word' id='word_1_287' title='bbox 1801 2548 1913 2604; x_wconf 90' lang='lat' dir='ltr'>sibi</span> <span class='ocrx_word' id='word_1_288' title='bbox 1958 2564 2058 2604; x_wconf 90' lang='lat' dir='ltr'>seu</span> 
     </span>
    </p>
   </div>
   <div class='ocr_carea' id='block_1_35' title="bbox 417 2635 2056 2710">
    <p class='ocr_par' dir='ltr' id='par_1_35' title="bbox 417 2635 2056 2710">
     <span class='ocr_line' id='line_1_36' title="bbox 417 2635 2056 2710; baseline -0.001 -16"><span class='ocrx_word' id='word_1_289' title='bbox 417 2638 695 2710; x_wconf 87' lang='lat' dir='ltr'>collegam</span> <span class='ocrx_word' id='word_1_290' title='bbox 727 2653 830 2694; x_wconf 89' lang='lat' dir='ltr'>seu</span> <span class='ocrx_word' id='word_1_291' title='bbox 873 2651 1275 2693; x_wconf 89' lang='lat' dir='ltr'>successorem</span> <span class='ocrx_word' id='word_1_292' title='bbox 1326 2635 1795 2704; x_wconf 87' lang='lat' dir='ltr'>denominasset;</span> <span class='ocrx_word' id='word_1_293' title='bbox 1848 2636 1950 2691; x_wconf 90' lang='lat' dir='ltr'>sed</span> <span class='ocrx_word' id='word_1_294' title='bbox 1998 2636 2056 2692; x_wconf 90' lang='lat' dir='ltr'>in</span> 
     </span>
    </p>
   </div>
   <div class='ocr_carea' id='block_1_36' title="bbox 424 2724 2060 2797">
    <p class='ocr_par' dir='ltr' id='par_1_36' title="bbox 424 2724 2060 2797">
     <span class='ocr_line' id='line_1_37' title="bbox 424 2724 2060 2797; baseline -0.001 -14"><span class='ocrx_word' id='word_1_295' title='bbox 424 2728 762 2784; x_wconf 87' lang='lat' dir='ltr'>universum</span> <span class='ocrx_word' id='word_1_296' title='bbox 795 2726 969 2782; x_wconf 90' lang='lat' dir='ltr'>rebus</span> <span class='ocrx_word' id='word_1_297' title='bbox 991 2724 1290 2797; x_wconf 90' lang='lat' dir='ltr'>provisum</span> <span class='ocrx_word' id='word_1_298' title='bbox 1314 2725 1459 2780; x_wconf 85' lang='lat' dir='ltr'>nihil</span> <span class='ocrx_word' id='word_1_299' title='bbox 1480 2729 1654 2781; x_wconf 86' lang='lat' dir='ltr'>esset.</span> <span class='ocrx_word' id='word_1_300' title='bbox 1677 2725 1789 2780; x_wconf 86' lang='lat' dir='ltr'>Res</span> <span class='ocrx_word' id='word_1_301' title='bbox 1818 2724 1899 2780; x_wconf 89' lang='lat' dir='ltr'>ita</span> <span class='ocrx_word' id='word_1_302' title='bbox 1930 2741 2060 2781; x_wconf 88' lang='lat' dir='ltr'>con-</span> 
     </span>
    </p>
   </div>
   <div class='ocr_carea' id='block_1_37' title="bbox 418 2814 2060 2888">
    <p class='ocr_par' dir='ltr' id='par_1_37' title="bbox 418 2814 2060 2888">
     <span class='ocr_line' id='line_1_38' title="bbox 418 2814 2060 2888; baseline -0.004 -14"><span class='ocrx_word' id='word_1_303' title='bbox 418 2815 569 2888; x_wconf 84' lang='lat' dir='ltr'>tigit.</span> <span class='ocrx_word' id='word_1_304' title='bbox 600 2814 905 2871; x_wconf 83' lang='lat' dir='ltr'>Anastasio</span> <span class='ocrx_word' id='word_1_305' title='bbox 940 2829 1042 2886; x_wconf 90' lang='lat' dir='ltr'>per</span> <span class='ocrx_word' id='word_1_306' title='bbox 1071 2816 1297 2870; x_wconf 87' lang='lat' dir='ltr'>noctem</span> <span class='ocrx_word' id='word_1_307' title='bbox 1328 2814 1470 2869; x_wconf 88' lang='lat' dir='ltr'>vivis</span> <span class='ocrx_word' id='word_1_308' title='bbox 1502 2818 1787 2885; x_wconf 81' lang='lat' dir='ltr'>exempto,</span> <span class='ocrx_word' id='word_1_309' title='bbox 1831 2814 2060 2885; x_wconf 80' lang='lat' dir='ltr'>signiti-</span> 
     </span>
    </p>
   </div>
   <div class='ocr_carea' id='block_1_38' title="bbox 422 2902 2062 2974">
    <p class='ocr_par' dir='ltr' id='par_1_38' title="bbox 422 2902 2062 2974">
     <span class='ocr_line' id='line_1_39' title="bbox 422 2902 2062 2974; baseline -0.002 -12"><span class='ocrx_word' id='word_1_310' title='bbox 422 2906 666 2963; x_wconf 81' lang='lat' dir='ltr'>cabatur</span> <span class='ocrx_word' id='word_1_311' title='bbox 711 2920 779 2960; x_wconf 90' lang='lat' dir='ltr'>ea</span> <span class='ocrx_word' id='word_1_312' title='bbox 826 2904 896 2960; x_wconf 90' lang='lat' dir='ltr'>de</span> <span class='ocrx_word' id='word_1_313' title='bbox 944 2919 1005 2959; x_wconf 89' lang='lat' dir='ltr'>re</span> <span class='ocrx_word' id='word_1_314' title='bbox 1052 2921 1084 2959; x_wconf 90' lang='lat' dir='ltr'>a</span> <span class='ocrx_word' id='word_1_315' title='bbox 1123 2902 1440 2959; x_wconf 91' lang='lat' dir='ltr'>silentiario</span> <span class='ocrx_word' id='word_1_316' title='bbox 1490 2903 1560 2957; x_wconf 93' lang='lat' dir='ltr'>ad</span> <span class='ocrx_word' id='word_1_317' title='bbox 1614 2903 1953 2974; x_wconf 85' lang='lat' dir='ltr'>magistrum</span> <span class='ocrx_word' id='word_1_318' title='bbox 2004 2906 2062 2959; x_wconf 92' lang='lat' dir='ltr'>et</span> 
     </span>
    </p>
   </div>
   <div class='ocr_carea' id='block_1_39' title="bbox 420 2991 2057 3063">
    <p class='ocr_par' dir='ltr' id='par_1_39' title="bbox 420 2991 2057 3063">
     <span class='ocr_line' id='line_1_40' title="bbox 420 2991 2057 3063; baseline -0.002 -12"><span class='ocrx_word' id='word_1_319' title='bbox 420 2993 695 3051; x_wconf 91' lang='lat' dir='ltr'>comitem</span> <span class='ocrx_word' id='word_1_320' title='bbox 713 2991 1138 3059; x_wconf 82' lang='lat' dir='ltr'>excubitorum,</span> <span class='ocrx_word' id='word_1_321' title='bbox 1163 3008 1275 3063; x_wconf 92' lang='lat' dir='ltr'>quo</span> <span class='ocrx_word' id='word_1_322' title='bbox 1289 2991 1347 3046; x_wconf 89' lang='lat' dir='ltr'>in</span> <span class='ocrx_word' id='word_1_323' title='bbox 1366 2991 1650 3063; x_wconf 87' lang='lat' dir='ltr'>palatium</span> <span class='ocrx_word' id='word_1_324' title='bbox 1665 2993 2057 3049; x_wconf 89' lang='lat' dir='ltr'>convenirent.</span> 
     </span>
    </p>
   </div>
   <div class='ocr_carea' id='block_1_40' title="bbox 419 3080 2058 3153">
    <p class='ocr_par' dir='ltr' id='par_1_40' title="bbox 419 3080 2058 3153">
     <span class='ocr_line' id='line_1_41' title="bbox 419 3080 2058 3153; baseline -0.002 -14"><span class='ocrx_word' id='word_1_325' title='bbox 419 3082 823 3139; x_wconf 82' lang='lat' dir='ltr'>Adveniebant</span> <span class='ocrx_word' id='word_1_326' title='bbox 852 3080 1118 3153; x_wconf 90' lang='lat' dir='ltr'>protinus</span> <span class='ocrx_word' id='word_1_327' title='bbox 1138 3080 1299 3136; x_wconf 89' lang='lat' dir='ltr'>Celer</span> <span class='ocrx_word' id='word_1_328' title='bbox 1330 3081 1582 3153; x_wconf 88' lang='lat' dir='ltr'>quidem,</span> <span class='ocrx_word' id='word_1_329' title='bbox 1606 3084 1730 3136; x_wconf 90' lang='lat' dir='ltr'>tum</span> <span class='ocrx_word' id='word_1_330' title='bbox 1761 3082 2058 3151; x_wconf 86' lang='lat' dir='ltr'>magister,</span> 
     </span>
    </p>
   </div>
   <div class='ocr_carea' id='block_1_41' title="bbox 417 3170 2060 3242">
    <p class='ocr_par' dir='ltr' id='par_1_41' title="bbox 417 3170 2060 3242">
     <span class='ocr_line' id='line_1_42' title="bbox 417 3170 2060 3242; baseline -0.002 -13"><span class='ocrx_word' id='word_1_331' title='bbox 417 3170 684 3229; x_wconf 87' lang='lat' dir='ltr'>Justinus</span> <span class='ocrx_word' id='word_1_332' title='bbox 715 3174 933 3240; x_wconf 91' lang='lat' dir='ltr'>autem,</span> <span class='ocrx_word' id='word_1_333' title='bbox 957 3170 1167 3226; x_wconf 65' lang='lat' dir='ltr'>divinae</span> <span class='ocrx_word' id='word_1_334' title='bbox 1199 3170 1371 3226; x_wconf 85' lang='lat' dir='ltr'>sortis</span> <span class='ocrx_word' id='word_1_335' title='bbox 1394 3170 1818 3242; x_wconf 88' lang='lat' dir='ltr'>princeps,tum</span> <span class='ocrx_word' id='word_1_336' title='bbox 1864 3186 2060 3226; x_wconf 89' lang='lat' dir='ltr'>comes</span> 
     </span>
    </p>
   </div>
   <div class='ocr_carea' id='block_1_42' title="bbox 418 3258 2061 3333">
    <p class='ocr_par' dir='ltr' id='par_1_42' title="bbox 418 3258 2061 3333">
     <span class='ocr_line' id='line_1_43' title="bbox 418 3258 2061 3333; baseline -0.003 -15"><span class='ocrx_word' id='word_1_337' title='bbox 418 3260 817 3318; x_wconf 81' lang='lat' dir='ltr'>excubitorum</span> <span class='ocrx_word' id='word_1_338' title='bbox 843 3262 936 3328; x_wconf 87' lang='lat' dir='ltr'>;et</span> <span class='ocrx_word' id='word_1_339' title='bbox 952 3260 1231 3333; x_wconf 86' lang='lat' dir='ltr'>magister</span> <span class='ocrx_word' id='word_1_340' title='bbox 1257 3258 1563 3330; x_wconf 82' lang='lat' dir='ltr'>quidetnin</span> <span class='ocrx_word' id='word_1_341' title='bbox 1596 3258 1825 3315; x_wconf 86' lang='lat' dir='ltr'>scholas</span> <span class='ocrx_word' id='word_1_342' title='bbox 1856 3260 2061 3314; x_wconf 85' lang='lat' dir='ltr'>edebat</span> 
     </span>
    </p>
   </div>
   <div class='ocr_carea' id='block_1_43' title="bbox 419 3346 2060 3418">
    <p class='ocr_par' dir='ltr' id='par_1_43' title="bbox 419 3346 2060 3418">
     <span class='ocr_line' id='line_1_44' title="bbox 419 3346 2060 3418; baseline -0.002 -13"><span class='ocrx_word' id='word_1_343' title='bbox 419 3349 720 3414; x_wconf 86' lang='lat' dir='ltr'>mandata,</span> <span class='ocrx_word' id='word_1_344' title='bbox 751 3348 968 3418; x_wconf 87' lang='lat' dir='ltr'>quibus</span> <span class='ocrx_word' id='word_1_345' title='bbox 999 3348 1340 3403; x_wconf 90' lang='lat' dir='ltr'>candidatos</span> <span class='ocrx_word' id='word_1_346' title='bbox 1364 3350 1719 3417; x_wconf 84' lang='lat' dir='ltr'>caeterosque</span> <span class='ocrx_word' id='word_1_347' title='bbox 1742 3346 2060 3401; x_wconf 87' lang='lat' dir='ltr'>scholarios</span> 
     </span>
    </p>
   </div>
   <div class='ocr_carea' id='block_1_44' title="bbox 416 3433 2063 3506">
    <p class='ocr_par' dir='ltr' id='par_1_44' title="bbox 416 3433 2063 3506">
     <span class='ocr_line' id='line_1_45' title="bbox 416 3433 2063 3506; baseline 0 -15"><span class='ocrx_word' id='word_1_348' title='bbox 416 3436 764 3499; x_wconf 85' lang='lat' dir='ltr'>arcessebat,</span> <span class='ocrx_word' id='word_1_349' title='bbox 797 3433 1067 3489; x_wconf 90' lang='lat' dir='ltr'>Justinus</span> <span class='ocrx_word' id='word_1_350' title='bbox 1101 3439 1295 3490; x_wconf 90' lang='lat' dir='ltr'>autem</span> <span class='ocrx_word' id='word_1_351' title='bbox 1320 3434 1602 3489; x_wconf 89' lang='lat' dir='ltr'>militibus</span> <span class='ocrx_word' id='word_1_352' title='bbox 1642 3434 1973 3506; x_wconf 89' lang='lat' dir='ltr'>[gregariis]</span> <span class='ocrx_word' id='word_1_353' title='bbox 2005 3439 2063 3491; x_wconf 85' lang='lat' dir='ltr'>et</span> 
     </span>
    </p>
   </div>
   <div class='ocr_carea' id='block_1_45' title="bbox 419 3521 2065 3594">
    <p class='ocr_par' dir='ltr' id='par_1_45' title="bbox 419 3521 2065 3594">
     <span class='ocr_line' id='line_1_46' title="bbox 419 3521 2065 3594; baseline 0 -14"><span class='ocrx_word' id='word_1_354' title='bbox 419 3523 672 3580; x_wconf 88' lang='lat' dir='ltr'>tribunis</span> <span class='ocrx_word' id='word_1_355' title='bbox 700 3522 1043 3594; x_wconf 89' lang='lat' dir='ltr'>vicariisque</span> <span class='ocrx_word' id='word_1_356' title='bbox 1064 3526 1121 3578; x_wconf 91' lang='lat' dir='ltr'>et</span> <span class='ocrx_word' id='word_1_357' title='bbox 1140 3521 1537 3578; x_wconf 83' lang='lat' dir='ltr'>excubitorum</span> <span class='ocrx_word' id='word_1_358' title='bbox 1561 3523 1910 3594; x_wconf 89' lang='lat' dir='ltr'>primiceriis</span> <span class='ocrx_word' id='word_1_359' title='bbox 1933 3540 2065 3580; x_wconf 91' lang='lat' dir='ltr'>con-</span> 
     </span>
    </p>
   </div>
   <div class='ocr_carea' id='block_1_46' title="bbox 425 3610 2069 3685">
    <p class='ocr_par' dir='ltr' id='par_1_46' title="bbox 425 3610 2069 3685">
     <span class='ocr_line' id='line_1_47' title="bbox 425 3610 2069 3685; baseline 0.001 -17"><span class='ocrx_word' id='word_1_360' title='bbox 425 3614 665 3668; x_wconf 89' lang='lat' dir='ltr'>ventum</span> <span class='ocrx_word' id='word_1_361' title='bbox 696 3610 1041 3681; x_wconf 88' lang='lat' dir='ltr'>imperabat,</span> <span class='ocrx_word' id='word_1_362' title='bbox 1074 3615 1132 3667; x_wconf 89' lang='lat' dir='ltr'>et</span> <span class='ocrx_word' id='word_1_363' title='bbox 1163 3611 1234 3667; x_wconf 88' lang='lat' dir='ltr'>ad</span> <span class='ocrx_word' id='word_1_364' title='bbox 1286 3615 1663 3683; x_wconf 84' lang='lat' dir='ltr'>congregatos</span> <span class='ocrx_word' id='word_1_365' title='bbox 1713 3612 1793 3667; x_wconf 89' lang='lat' dir='ltr'>ita</span> <span class='ocrx_word' id='word_1_366' title='bbox 1832 3629 2069 3685; x_wconf 85' lang='lat' dir='ltr'>perora-</span> 
     </span>
    </p>
   </div>
   <div class='ocr_carea' id='block_1_47' title="bbox 423 3702 2069 3776">
    <p class='ocr_par' dir='ltr' id='par_1_47' title="bbox 423 3702 2069 3776">
     <span class='ocr_line' id='line_1_48' title="bbox 423 3702 2069 3776; baseline 0.001 -15"><span class='ocrx_word' id='word_1_367' title='bbox 423 3704 558 3761; x_wconf 85' lang='lat' dir='ltr'>bat:</span> <span class='ocrx_word' id='word_1_368' title='bbox 594 3726 623 3754; x_wconf 89' lang='lat'>«</span> <span class='ocrx_word' id='word_1_369' title='bbox 645 3702 928 3759; x_wconf 90' lang='lat' dir='ltr'>Dominus</span> <span class='ocrx_word' id='word_1_370' title='bbox 948 3707 1163 3772; x_wconf 89' lang='lat' dir='ltr'>noster,</span> <span class='ocrx_word' id='word_1_371' title='bbox 1197 3707 1260 3759; x_wconf 90' lang='lat' dir='ltr'>ut</span> <span class='ocrx_word' id='word_1_372' title='bbox 1286 3702 1477 3771; x_wconf 91' lang='lat' dir='ltr'>homo,</span> <span class='ocrx_word' id='word_1_373' title='bbox 1496 3711 1547 3759; x_wconf 90' lang='lat' dir='ltr'>et</span> <span class='ocrx_word' id='word_1_374' title='bbox 1567 3708 1860 3776; x_wconf 89' lang='lat' dir='ltr'>quatenus</span> <span class='ocrx_word' id='word_1_375' title='bbox 1893 3707 2069 3762; x_wconf 89' lang='lat' dir='ltr'>homo</span> 
     </span>
    </p>
   </div>
   <div class='ocr_carea' id='block_1_48' title="bbox 417 3793 2069 3867">
    <p class='ocr_par' dir='ltr' id='par_1_48' title="bbox 417 3793 2069 3867">
     <span class='ocr_line' id='line_1_49' title="bbox 417 3793 2069 3867; baseline 0.001 -18"><span class='ocrx_word' id='word_1_376' title='bbox 417 3793 545 3861; x_wconf 84' lang='lat' dir='ltr'>fuit,</span> <span class='ocrx_word' id='word_1_377' title='bbox 579 3809 685 3849; x_wconf 89' lang='lat' dir='ltr'>seu</span> <span class='ocrx_word' id='word_1_378' title='bbox 718 3808 960 3865; x_wconf 90' lang='lat' dir='ltr'>corpore</span> <span class='ocrx_word' id='word_1_379' title='bbox 1023 3801 1210 3863; x_wconf 90' lang='lat' dir='ltr'>tenus,</span> <span class='ocrx_word' id='word_1_380' title='bbox 1245 3798 1510 3849; x_wconf 91' lang='lat' dir='ltr'>mortuus</span> <span class='ocrx_word' id='word_1_381' title='bbox 1555 3797 1661 3850; x_wconf 89' lang='lat' dir='ltr'>est.</span> <span class='ocrx_word' id='word_1_382' title='bbox 1693 3797 1929 3867; x_wconf 89' lang='lat' dir='ltr'>Oportet</span> <span class='ocrx_word' id='word_1_383' title='bbox 1961 3795 2069 3867; x_wconf 90' lang='lat' dir='ltr'>igi-</span> 
     </span>
    </p>
   </div>
   <div class='ocr_carea' id='block_1_49' title="bbox 272 3881 2070 3951">
    <p class='ocr_par' dir='ltr' id='par_1_49' title="bbox 272 3881 2070 3951">
     <span class='ocr_line' id='line_1_50' title="bbox 272 3881 2070 3951; baseline 0.002 -12"><span class='ocrx_word' id='word_1_384' title='bbox 272 3890 275 3891; x_wconf 67' lang='grc'><strong><em>⁷</em></strong></span> <span class='ocrx_word' id='word_1_385' title='bbox 336 3902 337 3905; x_wconf 43' lang='grc' dir='ltr'>η</span> <span class='ocrx_word' id='word_1_386' title='bbox 420 3886 519 3939; x_wconf 90' lang='lat' dir='ltr'>tur</span> <span class='ocrx_word' id='word_1_387' title='bbox 546 3898 654 3939; x_wconf 90' lang='lat' dir='ltr'>nos</span> <span class='ocrx_word' id='word_1_388' title='bbox 684 3898 882 3938; x_wconf 86' lang='lat' dir='ltr'>omnes</span> <span class='ocrx_word' id='word_1_389' title='bbox 913 3881 1247 3938; x_wconf 87' lang='lat' dir='ltr'>communia</span> <span class='ocrx_word' id='word_1_390' title='bbox 1275 3881 1521 3938; x_wconf 88' lang='lat' dir='ltr'>consilia</span> <span class='ocrx_word' id='word_1_391' title='bbox 1569 3898 1635 3939; x_wconf 93' lang='lat' dir='ltr'>eo</span> <span class='ocrx_word' id='word_1_392' title='bbox 1690 3885 1974 3951; x_wconf 83' lang='lat' dir='ltr'>conferre,</span> <span class='ocrx_word' id='word_1_393' title='bbox 2008 3894 2070 3942; x_wconf 87' lang='lat' dir='ltr'>ut</span> 
     </span>
    </p>
   </div>
   <div class='ocr_carea' id='block_1_50' title="bbox 426 3970 2073 4046">
    <p class='ocr_par' dir='ltr' id='par_1_50' title="bbox 426 3970 2073 4046">
     <span class='ocr_line' id='line_1_51' title="bbox 426 3970 2073 4046; baseline 0.002 -18"><span class='ocrx_word' id='word_1_394' title='bbox 426 3972 768 4046; x_wconf 89' lang='lat' dir='ltr'>principem,</span> <span class='ocrx_word' id='word_1_395' title='bbox 794 3971 894 4044; x_wconf 87' lang='lat' dir='ltr'>qui</span> <span class='ocrx_word' id='word_1_396' title='bbox 926 3971 1042 4027; x_wconf 92' lang='lat' dir='ltr'>Deo</span> <span class='ocrx_word' id='word_1_397' title='bbox 1080 3970 1247 4027; x_wconf 84' lang='lat' dir='ltr'>simul</span> <span class='ocrx_word' id='word_1_398' title='bbox 1298 3975 1568 4044; x_wconf 87' lang='lat' dir='ltr'>acceptus</span> <span class='ocrx_word' id='word_1_399' title='bbox 1616 3972 1980 4046; x_wconf 90' lang='lat' dir='ltr'>amicusque,</span> <span class='ocrx_word' id='word_1_400' title='bbox 2014 3979 2073 4032; x_wconf 89' lang='lat' dir='ltr'>et</span> 
     </span>
    </p>
   </div>
   <div class='ocr_carea' id='block_1_51' title="bbox 428 4060 2067 4135">
    <p class='ocr_par' dir='ltr' id='par_1_51' title="bbox 428 4060 2067 4135">
     <span class='ocr_line' id='line_1_52' title="bbox 428 4060 2067 4135; baseline 0.002 -18"><span class='ocrx_word' id='word_1_401' title='bbox 428 4061 673 4135; x_wconf 88' lang='lat' dir='ltr'>imperio</span> <span class='ocrx_word' id='word_1_402' title='bbox 704 4061 1047 4118; x_wconf 89' lang='lat' dir='ltr'>commodus</span> <span class='ocrx_word' id='word_1_403' title='bbox 1079 4060 1356 4133; x_wconf 88' lang='lat' dir='ltr'>utilisque</span> <span class='ocrx_word' id='word_1_404' title='bbox 1378 4062 1473 4130; x_wconf 88' lang='lat' dir='ltr'>sit,</span> <span class='ocrx_word' id='word_1_405' title='bbox 1507 4061 1816 4134; x_wconf 88' lang='lat' dir='ltr'>eligamus.</span> <span class='ocrx_word' id='word_1_406' title='bbox 1857 4065 2067 4120; x_wconf 88' lang='lat' dir='ltr'>Eodem</span> 
     </span>
    </p>
   </div>
   <div class='ocr_carea' id='block_1_52' title="bbox 356 4149 2071 4222">
    <p class='ocr_par' dir='ltr' id='par_1_52' title="bbox 356 4149 2071 4222">
     <span class='ocr_line' id='line_1_53' title="bbox 356 4149 2071 4222; baseline 0 -13"><span class='ocrx_word' id='word_1_407' title='bbox 356 4206 361 4209; x_wconf 35' lang='grc' dir='ltr'>ς</span> <span class='ocrx_word' id='word_1_408' title='bbox 430 4151 602 4209; x_wconf 91' lang='lat' dir='ltr'>modo</span> <span class='ocrx_word' id='word_1_409' title='bbox 634 4149 912 4222; x_wconf 83' lang='lat' dir='ltr'>magister</span> <span class='ocrx_word' id='word_1_410' title='bbox 943 4166 1173 4222; x_wconf 90' lang='lat' dir='ltr'>quoque</span> <span class='ocrx_word' id='word_1_411' title='bbox 1206 4151 1276 4206; x_wconf 89' lang='lat' dir='ltr'>ad</span> <span class='ocrx_word' id='word_1_412' title='bbox 1303 4149 1637 4206; x_wconf 89' lang='lat' dir='ltr'>candidatos</span> <span class='ocrx_word' id='word_1_413' title='bbox 1669 4156 1723 4206; x_wconf 90' lang='lat' dir='ltr'>et</span> <span class='ocrx_word' id='word_1_414' title='bbox 1755 4152 2071 4209; x_wconf 88' lang='lat' dir='ltr'>scholario-</span> 
     </span>
    </p>
   </div>
   <div class='ocr_carea' id='block_1_53' title="bbox 427 4238 2071 4312">
    <p class='ocr_par' dir='ltr' id='par_1_53' title="bbox 427 4238 2071 4312">
     <span class='ocr_line' id='line_1_54' title="bbox 427 4238 2071 4312; baseline 0.001 -16"><span class='ocrx_word' id='word_1_415' title='bbox 427 4256 559 4296; x_wconf 87' lang='lat' dir='ltr'>rum</span> <span class='ocrx_word' id='word_1_416' title='bbox 604 4238 963 4312; x_wconf 89' lang='lat' dir='ltr'>primicerios</span> <span class='ocrx_word' id='word_1_417' title='bbox 1021 4240 1364 4295; x_wconf 88' lang='lat' dir='ltr'>disserebat.</span> <span class='ocrx_word' id='word_1_418' title='bbox 1416 4240 1581 4296; x_wconf 89' lang='lat' dir='ltr'>Mane</span> <span class='ocrx_word' id='word_1_419' title='bbox 1625 4240 1794 4308; x_wconf 82' lang='lat' dir='ltr'>facto,</span> <span class='ocrx_word' id='word_1_420' title='bbox 1837 4242 2071 4297; x_wconf 91' lang='lat' dir='ltr'>coibant</span> 
     </span>
    </p>
   </div>
   <div class='ocr_carea' id='block_1_54' title="bbox 2239 2359 3823 2441">
    <p class='ocr_par' dir='ltr' id='par_1_54' title="bbox 2239 2359 3823 2441">
     <span class='ocr_line' id='line_1_55' title="bbox 2239 2359 3823 2441; baseline -0.002 -21"><span class='ocrx_word' id='word_1_421' title='bbox 2239 2366 2323 2421; x_wconf 87' lang='grc' dir='ltr'>Ἐν</span> <span class='ocrx_word' id='word_1_422' title='bbox 2375 2369 2443 2438; x_wconf 77' lang='grc' dir='ltr'>τῇ</span> <span class='ocrx_word' id='word_1_423' title='bbox 2507 2363 2852 2441; x_wconf 76' lang='grc' dir='ltr'>ἆναγορεύσει</span> <span class='ocrx_word' id='word_1_424' title='bbox 2904 2365 3193 2422; x_wconf 83' lang='grc' dir='ltr'>Ἰουστίνου</span> <span class='ocrx_word' id='word_1_425' title='bbox 3259 2369 3356 2421; x_wconf 80' lang='grc' dir='ltr'>τοῦ</span> <span class='ocrx_word' id='word_1_426' title='bbox 3400 2372 3501 2434; x_wconf 77' lang='grc' dir='ltr'>τῆς</span> <span class='ocrx_word' id='word_1_427' title='bbox 3566 2359 3823 2425; x_wconf 70' lang='grc' dir='ltr'>εὐσεϐοῦς</span> 
     </span>
    </p>
   </div>
   <div class='ocr_carea' id='block_1_55' title="bbox 2166 2452 3824 2531">
    <p class='ocr_par' dir='ltr' id='par_1_55' title="bbox 2166 2452 3824 2531">
     <span class='ocr_line' id='line_1_56' title="bbox 2166 2452 3824 2531; baseline -0.001 -23"><span class='ocrx_word' id='word_1_428' title='bbox 2166 2455 2310 2515; x_wconf 76' lang='grc' dir='ltr'>Θείας</span> <span class='ocrx_word' id='word_1_429' title='bbox 2361 2452 2568 2528; x_wconf 75' lang='grc' dir='ltr'>λήξεως</span> <span class='ocrx_word' id='word_1_430' title='bbox 2621 2456 2807 2525; x_wconf 79' lang='grc' dir='ltr'>ἀταξία</span> <span class='ocrx_word' id='word_1_431' title='bbox 2852 2476 2934 2517; x_wconf 88' lang='grc' dir='ltr'>τις</span> <span class='ocrx_word' id='word_1_432' title='bbox 2985 2452 3210 2531; x_wconf 77' lang='grc' dir='ltr'>ἐγένετο,</span> <span class='ocrx_word' id='word_1_433' title='bbox 3260 2457 3353 2509; x_wconf 81' lang='grc' dir='ltr'>οἷα</span> <span class='ocrx_word' id='word_1_434' title='bbox 3411 2453 3552 2526; x_wconf 66' lang='grc' dir='ltr'>μηδὲ</span> <span class='ocrx_word' id='word_1_435' title='bbox 3599 2452 3824 2530; x_wconf 73' lang='grc' dir='ltr'>Αὐγού-</span> 
     </span>
    </p>
   </div>
   <div class='ocr_carea' id='block_1_56' title="bbox 2166 2540 3820 2618">
    <p class='ocr_par' dir='ltr' id='par_1_56' title="bbox 2166 2540 3820 2618">
     <span class='ocr_line' id='line_1_57' title="bbox 2166 2540 3820 2618; baseline -0.001 -22"><span class='ocrx_word' id='word_1_436' title='bbox 2166 2563 2297 2612; x_wconf 86' lang='grc' dir='ltr'>στης</span> <span class='ocrx_word' id='word_1_437' title='bbox 2327 2541 2494 2614; x_wconf 69' lang='grc' dir='ltr'>οὔσης</span> <span class='ocrx_word' id='word_1_438' title='bbox 2527 2541 2665 2616; x_wconf 79' lang='grc' dir='ltr'>μηδὲ</span> <span class='ocrx_word' id='word_1_439' title='bbox 2702 2543 2968 2618; x_wconf 73' lang='grc' dir='ltr'>βασιλέως</span> <span class='ocrx_word' id='word_1_440' title='bbox 3019 2547 3116 2598; x_wconf 78' lang='grc' dir='ltr'>τοῦ</span> <span class='ocrx_word' id='word_1_441' title='bbox 3165 2547 3634 2618; x_wconf 77' lang='grc' dir='ltr'>χειροτονοῦντος,</span> <span class='ocrx_word' id='word_1_442' title='bbox 3673 2540 3820 2596; x_wconf 75' lang='grc' dir='ltr'>ἀλλὰ</span> 
     </span>
    </p>
   </div>
   <div class='ocr_carea' id='block_1_57' title="bbox 2166 2630 3825 2708">
    <p class='ocr_par' dir='ltr' id='par_1_57' title="bbox 2166 2630 3825 2708">
     <span class='ocr_line' id='line_1_58' title="bbox 2166 2630 3825 2708; baseline -0.001 -23"><span class='ocrx_word' id='word_1_443' title='bbox 2166 2631 2518 2705; x_wconf 74' lang='grc' dir='ltr'>ἀπρονοήτων</span> <span class='ocrx_word' id='word_1_444' title='bbox 2577 2632 2771 2708; x_wconf 86' lang='grc' dir='ltr'>σχεδόν</span> <span class='ocrx_word' id='word_1_445' title='bbox 2832 2630 3002 2689; x_wconf 80' lang='grc' dir='ltr'>ὄντων</span> <span class='ocrx_word' id='word_1_446' title='bbox 3058 2637 3165 2688; x_wconf 84' lang='grc' dir='ltr'>τῶν</span> <span class='ocrx_word' id='word_1_447' title='bbox 3240 2631 3598 2708; x_wconf 81' lang='grc' dir='ltr'>πραγμάτων.</span> <span class='ocrx_word' id='word_1_448' title='bbox 3660 2632 3825 2687; x_wconf 78' lang='grc' dir='ltr'>Ἀπο-</span> 
     </span>
    </p>
   </div>
   <div class='ocr_carea' id='block_1_58' title="bbox 2167 2718 3825 2796">
    <p class='ocr_par' dir='ltr' id='par_1_58' title="bbox 2167 2718 3825 2796">
     <span class='ocr_line' id='line_1_59' title="bbox 2167 2718 3825 2796; baseline -0.001 -22"><span class='ocrx_word' id='word_1_449' title='bbox 2167 2721 2421 2782; x_wconf 87' lang='grc' dir='ltr'>θανόντος</span> <span class='ocrx_word' id='word_1_450' title='bbox 2463 2722 2564 2796; x_wconf 70' lang='grc' dir='ltr'>γὰρ</span> <span class='ocrx_word' id='word_1_451' title='bbox 2598 2721 2948 2778; x_wconf 78' lang='grc' dir='ltr'>Ἀναστασίου</span> <span class='ocrx_word' id='word_1_452' title='bbox 3009 2725 3106 2777; x_wconf 76' lang='grc' dir='ltr'>τοῦ</span> <span class='ocrx_word' id='word_1_453' title='bbox 3161 2729 3261 2791; x_wconf 71' lang='grc' dir='ltr'>τῆς</span> <span class='ocrx_word' id='word_1_454' title='bbox 3329 2720 3471 2784; x_wconf 83' lang='grc' dir='ltr'>θείας</span> <span class='ocrx_word' id='word_1_455' title='bbox 3531 2719 3739 2793; x_wconf 74' lang='grc' dir='ltr'>λήξεως</span> <span class='ocrx_word' id='word_1_456' title='bbox 3772 2718 3825 2774; x_wconf 78' lang='grc' dir='ltr'>ἒν</span> 
     </span>
    </p>
   </div>
   <div class='ocr_carea' id='block_1_59' title="bbox 2166 2809 3827 2887">
    <p class='ocr_par' dir='ltr' id='par_1_59' title="bbox 2166 2809 3827 2887">
     <span class='ocr_line' id='line_1_60' title="bbox 2166 2809 3827 2887; baseline -0.001 -23"><span class='ocrx_word' id='word_1_457' title='bbox 2166 2816 2234 2885; x_wconf 80' lang='grc' dir='ltr'>τῇ</span> <span class='ocrx_word' id='word_1_458' title='bbox 2283 2812 2454 2883; x_wconf 73' lang='grc' dir='ltr'>νυκτὶ,</span> <span class='ocrx_word' id='word_1_459' title='bbox 2514 2810 2770 2884; x_wconf 82' lang='grc' dir='ltr'>ἐδηλώθη</span> <span class='ocrx_word' id='word_1_460' title='bbox 2833 2814 2977 2887; x_wconf 71' lang='grc' dir='ltr'>παρὰ</span> <span class='ocrx_word' id='word_1_461' title='bbox 3026 2817 3135 2866; x_wconf 82' lang='grc' dir='ltr'>τῶν</span> <span class='ocrx_word' id='word_1_462' title='bbox 3197 2809 3571 2883; x_wconf 86' lang='grc' dir='ltr'>σιλεντιαρίων</span> <span class='ocrx_word' id='word_1_463' title='bbox 3602 2810 3647 2844; x_wconf 78' lang='grc'>³¹⁵</span> <span class='ocrx_word' id='word_1_464' title='bbox 3686 2811 3827 2881; x_wconf 64' lang='grc'>(94),</span> 
     </span>
    </p>
   </div>
   <div class='ocr_carea' id='block_1_60' title="bbox 2165 2893 3825 2977">
    <p class='ocr_par' dir='ltr' id='par_1_60' title="bbox 2165 2893 3825 2977">
     <span class='ocr_line' id='line_1_61' title="bbox 2165 2893 3825 2977; baseline -0.002 -22"><span class='ocrx_word' id='word_1_465' title='bbox 2165 2905 2244 2971; x_wconf 82' lang='grc' dir='ltr'>τῷ</span> <span class='ocrx_word' id='word_1_466' title='bbox 2315 2900 2596 2977; x_wconf 82' lang='grc' dir='ltr'>μαγίστρῳ</span> <span class='ocrx_word' id='word_1_467' title='bbox 2663 2900 2751 2956; x_wconf 78' lang='grc' dir='ltr'>καί</span> <span class='ocrx_word' id='word_1_468' title='bbox 2818 2906 2899 2973; x_wconf 83' lang='grc' dir='ltr'>τῷ</span> <span class='ocrx_word' id='word_1_469' title='bbox 2965 2902 3170 2974; x_wconf 86' lang='grc' dir='ltr'>κόμητι</span> <span class='ocrx_word' id='word_1_470' title='bbox 3255 2904 3362 2954; x_wconf 80' lang='grc' dir='ltr'>τῶν</span> <span class='ocrx_word' id='word_1_471' title='bbox 3430 2893 3825 2973; x_wconf 76' lang='grc' dir='ltr'>ἐξκουϐιτόρων</span> 
     </span>
    </p>
   </div>
   <div class='ocr_carea' id='block_1_61' title="bbox 2168 2986 3825 3064">
    <p class='ocr_par' dir='ltr' id='par_1_61' title="bbox 2168 2986 3825 3064">
     <span class='ocr_line' id='line_1_62' title="bbox 2168 2986 3825 3064; baseline -0.001 -21"><span class='ocrx_word' id='word_1_472' title='bbox 2168 2988 2471 3057; x_wconf 73' lang='grc' dir='ltr'>ἀπαντῆσαι</span> <span class='ocrx_word' id='word_1_473' title='bbox 2532 2989 2607 3051; x_wconf 75' lang='grc' dir='ltr'>εἰς</span> <span class='ocrx_word' id='word_1_474' title='bbox 2664 2990 2725 3044; x_wconf 86' lang='grc' dir='ltr'>τὸ</span> <span class='ocrx_word' id='word_1_475' title='bbox 2782 2988 3067 3047; x_wconf 79' lang='grc' dir='ltr'>παλάτιον.</span> <span class='ocrx_word' id='word_1_476' title='bbox 3129 2989 3462 3064; x_wconf 77' lang='grc' dir='ltr'>Παρεγένετο</span> <span class='ocrx_word' id='word_1_477' title='bbox 3512 2988 3604 3042; x_wconf 75' lang='grc' dir='ltr'>οὗν</span> <span class='ocrx_word' id='word_1_478' title='bbox 3650 2986 3825 3062; x_wconf 71' lang='grc' dir='ltr'>Κέλερ</span> 
     </span>
    </p>
   </div>
   <div class='ocr_carea' id='block_1_62' title="bbox 2171 3076 3829 3152">
    <p class='ocr_par' dir='ltr' id='par_1_62' title="bbox 2171 3076 3829 3152">
     <span class='ocr_line' id='line_1_63' title="bbox 2171 3076 3829 3152; baseline 0 -22"><span class='ocrx_word' id='word_1_479' title='bbox 2171 3078 2492 3152; x_wconf 79' lang='grc' dir='ltr'>μάγιστρος,</span> <span class='ocrx_word' id='word_1_480' title='bbox 2544 3078 2629 3132; x_wconf 73' lang='grc' dir='ltr'>καὶ</span> <span class='ocrx_word' id='word_1_481' title='bbox 2684 3080 2968 3140; x_wconf 82' lang='grc' dir='ltr'>Ἰουστῖνος</span> <span class='ocrx_word' id='word_1_482' title='bbox 3021 3080 3049 3134; x_wconf 90' lang='lat'>6</span> <span class='ocrx_word' id='word_1_483' title='bbox 3095 3085 3195 3147; x_wconf 78' lang='grc' dir='ltr'>τῆς</span> <span class='ocrx_word' id='word_1_484' title='bbox 3254 3076 3398 3138; x_wconf 84' lang='grc' dir='ltr'>θείας</span> <span class='ocrx_word' id='word_1_485' title='bbox 3449 3076 3681 3147; x_wconf 73' lang='grc' dir='ltr'>λήξεως,</span> <span class='ocrx_word' id='word_1_486' title='bbox 3730 3076 3829 3131; x_wconf 78' lang='lat' dir='ltr'>x6-</span> 
     </span>
    </p>
   </div>
   <div class='ocr_carea' id='block_1_63' title="bbox 2173 3163 3824 3243">
    <p class='ocr_par' dir='ltr' id='par_1_63' title="bbox 2173 3163 3824 3243">
     <span class='ocr_line' id='line_1_64' title="bbox 2173 3163 3824 3243; baseline 0.001 -24"><span class='ocrx_word' id='word_1_487' title='bbox 2173 3186 2279 3239; x_wconf 83' lang='grc' dir='ltr'>μης</span> <span class='ocrx_word' id='word_1_488' title='bbox 2334 3165 2409 3219; x_wconf 81' lang='grc' dir='ltr'>ὢν</span> <span class='ocrx_word' id='word_1_489' title='bbox 2469 3163 2861 3243; x_wconf 75' lang='grc' dir='ltr'>ἐξκουϐιτόρων</span> <span class='ocrx_word' id='word_1_490' title='bbox 2923 3169 3031 3240; x_wconf 86' lang='grc'>(95)</span> <span class='ocrx_word' id='word_1_491' title='bbox 3100 3170 3417 3237; x_wconf 76' lang='grc' dir='ltr'>τηνικαῦτα.</span> <span class='ocrx_word' id='word_1_492' title='bbox 3482 3164 3578 3222; x_wconf 78' lang='grc' dir='ltr'>Καὶ</span> <span class='ocrx_word' id='word_1_493' title='bbox 3647 3187 3824 3239; x_wconf 76' lang='grc' dir='ltr'>παρα-</span> 
     </span>
    </p>
   </div>
   <div class='ocr_carea' id='block_1_64' title="bbox 2170 3252 3825 3333">
    <p class='ocr_par' dir='ltr' id='par_1_64' title="bbox 2170 3252 3825 3333">
     <span class='ocr_line' id='line_1_65' title="bbox 2170 3252 3825 3333; baseline 0.003 -27"><span class='ocrx_word' id='word_1_494' title='bbox 2170 3260 2366 3333; x_wconf 79' lang='grc' dir='ltr'>χρῆμα</span> <span class='ocrx_word' id='word_1_495' title='bbox 2408 3255 2435 3307; x_wconf 93' lang='lat'>6</span> <span class='ocrx_word' id='word_1_496' title='bbox 2471 3256 2763 3329; x_wconf 74' lang='grc' dir='ltr'>μάγιστρος</span> <span class='ocrx_word' id='word_1_497' title='bbox 2819 3252 3091 3325; x_wconf 79' lang='grc' dir='ltr'>ἐδήλωσεν</span> <span class='ocrx_word' id='word_1_498' title='bbox 3140 3254 3215 3316; x_wconf 79' lang='grc' dir='ltr'>εἷς</span> <span class='ocrx_word' id='word_1_499' title='bbox 3266 3254 3364 3317; x_wconf 77' lang='grc' dir='ltr'>τὰς</span> <span class='ocrx_word' id='word_1_500' title='bbox 3420 3254 3630 3330; x_wconf 77' lang='grc' dir='ltr'>σχολὰς</span> <span class='ocrx_word' id='word_1_501' title='bbox 3689 3256 3825 3327; x_wconf 85' lang='grc'>(96),</span> 
     </span>
    </p>
   </div>
   <div class='ocr_carea' id='block_1_65' title="bbox 2167 3344 3824 3420">
    <p class='ocr_par' dir='ltr' id='par_1_65' title="bbox 2167 3344 3824 3420">
     <span class='ocr_line' id='line_1_66' title="bbox 2167 3344 3824 3420; baseline 0 -21"><span class='ocrx_word' id='word_1_502' title='bbox 2167 3344 2263 3399; x_wconf 70' lang='grc' dir='ltr'>’ίνα</span> <span class='ocrx_word' id='word_1_503' title='bbox 2292 3346 2470 3399; x_wconf 82' lang='grc' dir='ltr'>κοιὶοὶ</span> <span class='ocrx_word' id='word_1_504' title='bbox 2520 3345 2831 3401; x_wconf 77' lang='grc' dir='ltr'>κανδιδάτοι</span> <span class='ocrx_word' id='word_1_505' title='bbox 2880 3346 2968 3400; x_wconf 82' lang='grc' dir='ltr'>καὶ</span> <span class='ocrx_word' id='word_1_506' title='bbox 3019 3346 3070 3401; x_wconf 75' lang='lat' dir='ltr'>oi</span> <span class='ocrx_word' id='word_1_507' title='bbox 3119 3345 3284 3402; x_wconf 76' lang='grc' dir='ltr'>ἄλλοι</span> <span class='ocrx_word' id='word_1_508' title='bbox 3336 3345 3631 3420; x_wconf 74' lang='grc' dir='ltr'>σχολάριοι</span> <span class='ocrx_word' id='word_1_509' title='bbox 3664 3345 3824 3399; x_wconf 55' lang='grc' dir='ltr'>ἀπαν-</span> 
     </span>
    </p>
   </div>
   <div class='ocr_carea' id='block_1_66' title="bbox 2168 3432 3820 3506">
    <p class='ocr_par' dir='ltr' id='par_1_66' title="bbox 2168 3432 3820 3506">
     <span class='ocr_line' id='line_1_67' title="bbox 2168 3432 3820 3506; baseline -0.001 -18"><span class='ocrx_word' id='word_1_510' title='bbox 2168 3436 2426 3504; x_wconf 70' lang='grc' dir='ltr'>τήσουσιν.</span> <span class='ocrx_word' id='word_1_511' title='bbox 2490 3432 2798 3506; x_wconf 76' lang='grc' dir='ltr'>Ἑδήλωσεν</span> <span class='ocrx_word' id='word_1_512' title='bbox 2876 3433 2932 3491; x_wconf 79' lang='grc' dir='ltr'>δὲ</span> <span class='ocrx_word' id='word_1_513' title='bbox 3005 3436 3095 3490; x_wconf 81' lang='grc' dir='ltr'>καὶ</span> <span class='ocrx_word' id='word_1_514' title='bbox 3152 3436 3179 3490; x_wconf 87' lang='lat'>6</span> <span class='ocrx_word' id='word_1_515' title='bbox 3236 3437 3337 3503; x_wconf 73' lang='grc' dir='ltr'>τῆς</span> <span class='ocrx_word' id='word_1_516' title='bbox 3397 3434 3541 3498; x_wconf 78' lang='grc' dir='ltr'>θείας</span> <span class='ocrx_word' id='word_1_517' title='bbox 3609 3434 3820 3503; x_wconf 71' lang='grc' dir='ltr'>λήξεως</span> 
     </span>
    </p>
   </div>
   <div class='ocr_carea' id='block_1_67' title="bbox 2175 3519 3818 3599">
    <p class='ocr_par' dir='ltr' id='par_1_67' title="bbox 2175 3519 3818 3599">
     <span class='ocr_line' id='line_1_68' title="bbox 2175 3519 3818 3599; baseline -0.004 -18"><span class='ocrx_word' id='word_1_518' title='bbox 2175 3524 2463 3585; x_wconf 84' lang='grc' dir='ltr'>Ἰουστῖνος</span> <span class='ocrx_word' id='word_1_519' title='bbox 2497 3528 2614 3587; x_wconf 84' lang='grc' dir='ltr'>τοῖς</span> <span class='ocrx_word' id='word_1_520' title='bbox 2660 3525 3014 3599; x_wconf 77' lang='grc' dir='ltr'>στρατιώταις</span> <span class='ocrx_word' id='word_1_521' title='bbox 3064 3524 3153 3579; x_wconf 70' lang='grc' dir='ltr'>καὶ</span> <span class='ocrx_word' id='word_1_522' title='bbox 3201 3519 3508 3597; x_wconf 76' lang='grc' dir='ltr'>τριϐούνοις</span> <span class='ocrx_word' id='word_1_523' title='bbox 3538 3522 3627 3577; x_wconf 76' lang='grc' dir='ltr'>καὶ</span> <span class='ocrx_word' id='word_1_524' title='bbox 3664 3524 3818 3596; x_wconf 77' lang='grc' dir='ltr'>βιχα-</span> 
     </span>
    </p>
   </div>
   <div class='ocr_carea' id='block_1_68' title="bbox 2182 3610 3827 3690">
    <p class='ocr_par' dir='ltr' id='par_1_68' title="bbox 2182 3610 3827 3690">
     <span class='ocr_line' id='line_1_69' title="bbox 2182 3610 3827 3690; baseline -0.001 -20"><span class='ocrx_word' id='word_1_525' title='bbox 2182 3615 2315 3689; x_wconf 82' lang='grc' dir='ltr'>ρίοις</span> <span class='ocrx_word' id='word_1_526' title='bbox 2369 3615 2672 3686; x_wconf 82' lang='grc' dir='ltr'>ἀπαντῆσαι</span> <span class='ocrx_word' id='word_1_527' title='bbox 2720 3618 2809 3671; x_wconf 67' lang='grc' dir='ltr'>καὶ</span> <span class='ocrx_word' id='word_1_528' title='bbox 2856 3618 2983 3679; x_wconf 79' lang='grc' dir='ltr'>τοὺς</span> <span class='ocrx_word' id='word_1_529' title='bbox 3028 3617 3279 3690; x_wconf 84' lang='grc' dir='ltr'>πρώτους</span> <span class='ocrx_word' id='word_1_530' title='bbox 3326 3619 3433 3670; x_wconf 79' lang='grc' dir='ltr'>τῶν</span> <span class='ocrx_word' id='word_1_531' title='bbox 3510 3610 3827 3688; x_wconf 76' lang='grc' dir='ltr'>ὲξκουῦιτό-</span> 
     </span>
    </p>
   </div>
   <div class='ocr_carea' id='block_1_69' title="bbox 2179 3703 3824 3779">
    <p class='ocr_par' dir='ltr' id='par_1_69' title="bbox 2179 3703 3824 3779">
     <span class='ocr_line' id='line_1_70' title="bbox 2179 3703 3824 3779; baseline -0.001 -21"><span class='ocrx_word' id='word_1_532' title='bbox 2179 3726 2308 3779; x_wconf 85' lang='grc' dir='ltr'>ρων,</span> <span class='ocrx_word' id='word_1_533' title='bbox 2353 3706 2443 3759; x_wconf 79' lang='grc' dir='ltr'>καὶ</span> <span class='ocrx_word' id='word_1_534' title='bbox 2497 3706 2637 3761; x_wconf 72' lang='grc' dir='ltr'>εἶπεν</span> <span class='ocrx_word' id='word_1_535' title='bbox 2686 3704 2889 3774; x_wconf 74' lang='grc' dir='ltr'>αὐτοῖς,</span> <span class='ocrx_word' id='word_1_536' title='bbox 2941 3704 3023 3760; x_wconf 80' lang='grc' dir='ltr'>ὅτι</span> <span class='ocrx_word' id='word_1_537' title='bbox 3074 3731 3101 3757; x_wconf 90' lang='grc'>‹‹</span> <span class='ocrx_word' id='word_1_538' title='bbox 3135 3707 3195 3762; x_wconf 91' lang='lat'>&#39;0</span> <span class='ocrx_word' id='word_1_539' title='bbox 3236 3703 3502 3774; x_wconf 78' lang='grc' dir='ltr'>δεσπότης</span> <span class='ocrx_word' id='word_1_540' title='bbox 3533 3706 3714 3777; x_wconf 79' lang='grc' dir='ltr'>ἡμῶν,</span> <span class='ocrx_word' id='word_1_541' title='bbox 3746 3704 3824 3766; x_wconf 83' lang='grc' dir='ltr'>ὡς</span> 
     </span>
    </p>
   </div>
   <div class='ocr_carea' id='block_1_70' title="bbox 2177 3792 3828 3871">
    <p class='ocr_par' dir='ltr' id='par_1_70' title="bbox 2177 3792 3828 3871">
     <span class='ocr_line' id='line_1_71' title="bbox 2177 3792 3828 3871; baseline -0.002 -22"><span class='ocrx_word' id='word_1_542' title='bbox 2177 3793 2456 3871; x_wconf 77' lang='grc' dir='ltr'>ἅνθρωπος</span> <span class='ocrx_word' id='word_1_543' title='bbox 2504 3796 2640 3869; x_wconf 83' lang='grc'>(97),</span> <span class='ocrx_word' id='word_1_544' title='bbox 2690 3793 3056 3866; x_wconf 67' lang='grc' dir='ltr'>ἐτελεύτησεν·</span> <span class='ocrx_word' id='word_1_545' title='bbox 3128 3792 3209 3849; x_wconf 82' lang='grc' dir='ltr'>δεῖ</span> <span class='ocrx_word' id='word_1_546' title='bbox 3266 3792 3354 3848; x_wconf 78' lang='grc' dir='ltr'>οὖν</span> <span class='ocrx_word' id='word_1_547' title='bbox 3414 3796 3561 3867; x_wconf 79' lang='grc' dir='ltr'>ἡμᾶς</span> <span class='ocrx_word' id='word_1_548' title='bbox 3622 3795 3828 3855; x_wconf 74' lang='grc' dir='ltr'>πάντας</span> 
     </span>
    </p>
   </div>
   <div class='ocr_carea' id='block_1_71' title="bbox 2180 3881 3829 3958">
    <p class='ocr_par' dir='ltr' id='par_1_71' title="bbox 2180 3881 3829 3958">
     <span class='ocr_line' id='line_1_72' title="bbox 2180 3881 3829 3958; baseline -0.002 -19"><span class='ocrx_word' id='word_1_549' title='bbox 2180 3888 2336 3957; x_wconf 77' lang='grc' dir='ltr'>κοινῇ</span> <span class='ocrx_word' id='word_1_550' title='bbox 2391 3882 2808 3958; x_wconf 82' lang='grc' dir='ltr'>βουλεύσασθαι,</span> <span class='ocrx_word' id='word_1_551' title='bbox 2857 3884 2947 3939; x_wconf 85' lang='grc' dir='ltr'>καὶ</span> <span class='ocrx_word' id='word_1_552' title='bbox 2994 3885 3085 3939; x_wconf 87' lang='grc' dir='ltr'>τὸν</span> <span class='ocrx_word' id='word_1_553' title='bbox 3132 3887 3209 3955; x_wconf 78' lang='grc' dir='ltr'>τῷ</span> <span class='ocrx_word' id='word_1_554' title='bbox 3257 3886 3371 3954; x_wconf 90' lang='grc' dir='ltr'>Θεῷ</span> <span class='ocrx_word' id='word_1_555' title='bbox 3418 3881 3707 3958; x_wconf 73' lang='grc' dir='ltr'>ἀρέσκοντα</span> <span class='ocrx_word' id='word_1_556' title='bbox 3737 3882 3829 3935; x_wconf 78' lang='grc' dir='ltr'>καὶ</span> 
     </span>
    </p>
   </div>
   <div class='ocr_carea' id='block_1_72' title="bbox 2177 3970 3831 4049">
    <p class='ocr_par' dir='ltr' id='par_1_72' title="bbox 2177 3970 3831 4049">
     <span class='ocr_line' id='line_1_73' title="bbox 2177 3970 3831 4049; baseline -0.002 -22"><span class='ocrx_word' id='word_1_557' title='bbox 2177 3978 2245 4047; x_wconf 83' lang='grc' dir='ltr'>τῇ</span> <span class='ocrx_word' id='word_1_558' title='bbox 2304 3972 2554 4044; x_wconf 80' lang='grc' dir='ltr'>πολιτείᾳ</span> <span class='ocrx_word' id='word_1_559' title='bbox 2612 3974 2953 4049; x_wconf 67' lang='grc' dir='ltr'>συμφέροντα</span> <span class='ocrx_word' id='word_1_560' title='bbox 3007 3970 3371 4042; x_wconf 72' lang='grc' dir='ltr'>ἐπιλέξασθαι.</span> <span class='ocrx_word' id='word_1_561' title='bbox 3420 3996 3447 4023; x_wconf 89' lang='grc'><strong>››</strong></span> <span class='ocrx_word' id='word_1_562' title='bbox 3506 3972 3613 4029; x_wconf 86' lang='grc' dir='ltr'>Τὸν</span> <span class='ocrx_word' id='word_1_563' title='bbox 3666 3970 3831 4027; x_wconf 76' lang='grc' dir='ltr'>αὐτὸν</span> 
     </span>
    </p>
   </div>
   <div class='ocr_carea' id='block_1_73' title="bbox 2176 4059 3831 4139">
    <p class='ocr_par' dir='ltr' id='par_1_73' title="bbox 2176 4059 3831 4139">
     <span class='ocr_line' id='line_1_74' title="bbox 2176 4059 3831 4139; baseline -0.001 -20"><span class='ocrx_word' id='word_1_564' title='bbox 2176 4062 2377 4139; x_wconf 85' lang='grc' dir='ltr'>τρόπον</span> <span class='ocrx_word' id='word_1_565' title='bbox 2429 4060 2686 4138; x_wconf 79' lang='grc' dir='ltr'>διελέχθη</span> <span class='ocrx_word' id='word_1_566' title='bbox 2737 4064 2827 4119; x_wconf 80' lang='grc' dir='ltr'>καὶ</span> <span class='ocrx_word' id='word_1_567' title='bbox 2876 4066 2904 4119; x_wconf 89' lang='lat'>6</span> <span class='ocrx_word' id='word_1_568' title='bbox 2957 4065 3251 4138; x_wconf 81' lang='grc' dir='ltr'>μάγιστρος</span> <span class='ocrx_word' id='word_1_569' title='bbox 3300 4070 3417 4127; x_wconf 81' lang='grc' dir='ltr'>τοῖς</span> <span class='ocrx_word' id='word_1_570' title='bbox 3482 4059 3831 4125; x_wconf 75' lang='grc' dir='ltr'>κανδιδάτοις</span> 
     </span>
    </p>
   </div>
   <div class='ocr_carea' id='block_1_74' title="bbox 2176 4149 3832 4227">
    <p class='ocr_par' dir='ltr' id='par_1_74' title="bbox 2176 4149 3832 4227">
     <span class='ocr_line' id='line_1_75' title="bbox 2176 4149 3832 4227; baseline -0.001 -21"><span class='ocrx_word' id='word_1_571' title='bbox 2176 4152 2265 4206; x_wconf 77' lang='grc' dir='ltr'>καὶ</span> <span class='ocrx_word' id='word_1_572' title='bbox 2312 4157 2431 4214; x_wconf 83' lang='grc' dir='ltr'>τοῖς</span> <span class='ocrx_word' id='word_1_573' title='bbox 2483 4154 2721 4227; x_wconf 82' lang='grc' dir='ltr'>πρώτοις</span> <span class='ocrx_word' id='word_1_574' title='bbox 2770 4155 2877 4207; x_wconf 80' lang='grc' dir='ltr'>τῶν</span> <span class='ocrx_word' id='word_1_575' title='bbox 2922 4149 3255 4226; x_wconf 86' lang='grc' dir='ltr'>σχολαρίων.</span> <span class='ocrx_word' id='word_1_576' title='bbox 3298 4153 3535 4227; x_wconf 80' lang='grc' dir='ltr'>Ὅρθρου</span> <span class='ocrx_word' id='word_1_577' title='bbox 3566 4150 3657 4207; x_wconf 79' lang='grc' dir='ltr'>οὖν</span> <span class='ocrx_word' id='word_1_578' title='bbox 3686 4172 3832 4226; x_wconf 86' lang='grc' dir='ltr'>προ-</span> 
     </span>
    </p>
   </div>
   <div class='ocr_carea' id='block_1_75' title="bbox 2178 4238 3831 4320">
    <p class='ocr_par' dir='ltr' id='par_1_75' title="bbox 2178 4238 3831 4320">
     <span class='ocr_line' id='line_1_76' title="bbox 2178 4238 3831 4320; baseline 0.002 -26"><span class='ocrx_word' id='word_1_579' title='bbox 2178 4240 2347 4308; x_wconf 78' lang='grc' dir='ltr'>ῆλθον</span> <span class='ocrx_word' id='word_1_580' title='bbox 2395 4242 2446 4296; x_wconf 75' lang='grc' dir='ltr'>οἱ</span> <span class='ocrx_word' id='word_1_581' title='bbox 2493 4238 2773 4316; x_wconf 79' lang='grc' dir='ltr'>ἄρχοντες,</span> <span class='ocrx_word' id='word_1_582' title='bbox 2822 4242 2962 4303; x_wconf 72' lang='grc' dir='ltr'>τινες</span> <span class='ocrx_word' id='word_1_583' title='bbox 3016 4241 3109 4314; x_wconf 70' lang='grc' dir='ltr'>μὲν</span> <span class='ocrx_word' id='word_1_584' title='bbox 3151 4244 3313 4316; x_wconf 74' lang='grc' dir='ltr'>μύϊνα</span> <span class='ocrx_word' id='word_1_585' title='bbox 3352 4245 3643 4320; x_wconf 74' lang='grc' dir='ltr'>φοροῦντες</span> <span class='ocrx_word' id='word_1_586' title='bbox 3689 4242 3831 4315; x_wconf 83' lang='grc'>(98),</span> 
     </span>
    </p>
   </div>
   <div class='ocr_carea' id='block_1_76' title="bbox 1776 4338 2465 4396">
    <p class='ocr_par' dir='ltr' id='par_1_76' title="bbox 1776 4338 2465 4396">
     <span class='ocr_line' id='line_1_77' title="bbox 1776 4338 2465 4396; baseline 0.004 -5"><span class='ocrx_word' id='word_1_587' title='bbox 1776 4338 2017 4395; x_wconf 68' lang='lat' dir='ltr'>VARI/f3</span> <span class='ocrx_word' id='word_1_588' title='bbox 2054 4339 2465 4396; x_wconf 85' lang='lat' dir='ltr'>LECTIONES.</span> 
     </span>
    </p>
   </div>
   <div class='ocr_carea' id='block_1_77' title="bbox 499 4421 1808 4497">
    <p class='ocr_par' dir='ltr' id='par_1_77' title="bbox 499 4421 1808 4497">
     <span class='ocr_line' id='line_1_78' title="bbox 499 4421 1808 4497; baseline 0.001 -17"><span class='ocrx_word' id='word_1_589' title='bbox 499 4424 546 4461; x_wconf 73' lang='lat'><strong>“</strong></span> <span class='ocrx_word' id='word_1_590' title='bbox 576 4424 668 4480; x_wconf 88' lang='lat' dir='ltr'>Sic</span> <span class='ocrx_word' id='word_1_591' title='bbox 698 4426 853 4497; x_wconf 83' lang='lat' dir='ltr'>conj.</span> <span class='ocrx_word' id='word_1_592' title='bbox 888 4425 954 4481; x_wconf 82' lang='lat' dir='ltr'>R.</span> <span class='ocrx_word' id='word_1_593' title='bbox 985 4426 1063 4478; x_wconf 81' lang='grc' dir='ltr'>τῶ</span> <span class='ocrx_word' id='word_1_594' title='bbox 1096 4421 1439 4497; x_wconf 83' lang='grc' dir='ltr'>σιλεντιαρίω</span> <span class='ocrx_word' id='word_1_595' title='bbox 1471 4427 1596 4483; x_wconf 91' lang='lat' dir='ltr'>cod.</span> <span class='ocrx_word' id='word_1_596' title='bbox 1631 4430 1686 4482; x_wconf 90' lang='lat' dir='ltr'>et</span> <span class='ocrx_word' id='word_1_597' title='bbox 1715 4428 1808 4483; x_wconf 90' lang='lat' dir='ltr'>ed.</span> 
     </span>
    </p>
   </div>
   <div class='ocr_carea' id='block_1_78' title="bbox 1457 4522 2791 4585">
    <p class='ocr_par' dir='ltr' id='par_1_78' title="bbox 1457 4522 2791 4585">
     <span class='ocr_line' id='line_1_79' title="bbox 1457 4522 2791 4585; baseline 0.004 -7"><span class='ocrx_word' id='word_1_598' title='bbox 1457 4522 1656 4579; x_wconf 82' lang='lat' dir='ltr'>JOAN.</span> <span class='ocrx_word' id='word_1_599' title='bbox 1696 4523 1835 4578; x_wconf 85' lang='lat' dir='ltr'>JAC.</span> <span class='ocrx_word' id='word_1_600' title='bbox 1890 4524 2153 4581; x_wconf 83' lang='lat' dir='ltr'>REISKII</span> <span class='ocrx_word' id='word_1_601' title='bbox 2202 4525 2791 4585; x_wconf 82' lang='lat' dir='ltr'>COMMENTARIUS.</span> 
     </span>
    </p>
   </div>
   <div class='ocr_carea' id='block_1_79' title="bbox 506 4611 2082 4684">
    <p class='ocr_par' dir='ltr' id='par_1_79' title="bbox 506 4611 2082 4684">
     <span class='ocr_line' id='line_1_80' title="bbox 506 4611 2082 4684; baseline 0.003 -18"><span class='ocrx_word' id='word_1_602' title='bbox 506 4611 621 4684; x_wconf 76' lang='grc'>(94)</span> <span class='ocrx_word' id='word_1_603' title='bbox 662 4612 753 4668; x_wconf 83' lang='lat' dir='ltr'>Sic</span> <span class='ocrx_word' id='word_1_604' title='bbox 813 4612 894 4667; x_wconf 92' lang='lat' dir='ltr'>ibi</span> <span class='ocrx_word' id='word_1_605' title='bbox 941 4612 1162 4682; x_wconf 83' lang='lat' dir='ltr'>legend.</span> <span class='ocrx_word' id='word_1_606' title='bbox 1223 4616 1300 4667; x_wconf 90' lang='lat' dir='ltr'>De</span> <span class='ocrx_word' id='word_1_607' title='bbox 1347 4612 1558 4684; x_wconf 81' lang='lat' dir='ltr'>Justini</span> <span class='ocrx_word' id='word_1_608' title='bbox 1604 4611 1888 4668; x_wconf 87' lang='lat' dir='ltr'>electione</span> <span class='ocrx_word' id='word_1_609' title='bbox 1934 4613 2082 4672; x_wconf 91' lang='lat' dir='ltr'>nihil</span> 
     </span>
    </p>
   </div>
   <div class='ocr_carea' id='block_1_80' title="bbox 440 4683 2083 4811">
    <p class='ocr_par' dir='ltr' id='par_1_80' title="bbox 440 4683 2083 4811">
     <span class='ocr_line' id='line_1_81' title="bbox 440 4683 2083 4768; baseline 0.002 -28"><span class='ocrx_word' id='word_1_610' title='bbox 440 4683 670 4766; x_wconf 82' lang='lat' dir='ltr'>invenio</span> <span class='ocrx_word' id='word_1_611' title='bbox 701 4685 855 4766; x_wconf 86' lang='lat' dir='ltr'>apud</span> <span class='ocrx_word' id='word_1_612' title='bbox 886 4683 1298 4768; x_wconf 81' lang='lat' dir='ltr'>Theophanem</span> <span class='ocrx_word' id='word_1_613' title='bbox 1322 4689 1379 4739; x_wconf 89' lang='lat' dir='ltr'>et</span> <span class='ocrx_word' id='word_1_614' title='bbox 1402 4683 1728 4739; x_wconf 87' lang='lat' dir='ltr'>Cedrenum</span> <span class='ocrx_word' id='word_1_615' title='bbox 1760 4685 1916 4756; x_wconf 92' lang='lat' dir='ltr'>quod</span> <span class='ocrx_word' id='word_1_616' title='bbox 1946 4685 2083 4746; x_wconf 92' lang='lat' dir='ltr'>huic</span> 
     </span>
     <span class='ocr_line' id='line_1_82' title="bbox 442 4759 1453 4811; baseline -0.003 0"><span class='ocrx_word' id='word_1_617' title='bbox 442 4759 761 4811; x_wconf 75' lang='lat' dir='ltr'>narrationi</span> <span class='ocrx_word' id='word_1_618' title='bbox 790 4772 1107 4811; x_wconf 78' lang='lat' dir='ltr'>comparari</span> <span class='ocrx_word' id='word_1_619' title='bbox 1139 4759 1453 4810; x_wconf 89' lang='lat' dir='ltr'>mereatur.</span> 
     </span>
    </p>
   </div>
   <div class='ocr_carea' id='block_1_81' title="bbox 442 4770 1453 4812">
    <p class='ocr_par' dir='ltr' id='par_1_81' title="bbox 442 4770 1453 4812">
     <span class='ocr_line' id='line_1_83' title="bbox 442 4770 1453 4812; baseline -0.004 0"><span class='ocrx_word' id='word_1_620' title='bbox 442 4771 609 4812; x_wconf 86' lang='lat' dir='ltr'>narra</span> <span class='ocrx_word' id='word_1_621' title='bbox 619 4770 761 4811; x_wconf 80' lang='grc' dir='ltr'>ιιοοι</span> <span class='ocrx_word' id='word_1_622' title='bbox 790 4772 912 4810; x_wconf 92' lang='lat' dir='ltr'>com</span> <span class='ocrx_word' id='word_1_623' title='bbox 922 4772 1107 4812; x_wconf 83' lang='lat' dir='ltr'>Daran</span> <span class='ocrx_word' id='word_1_624' title='bbox 1139 4770 1453 4810; x_wconf 83' lang='lat' dir='ltr'>mereatur.</span> 
     </span>
    </p>
   </div>
   <div class='ocr_carea' id='block_1_82' title="bbox 512 4772 2082 4899">
    <p class='ocr_par' dir='ltr' id='par_1_82' title="bbox 512 4772 2082 4899">
     <span class='ocr_line' id='line_1_84' title="bbox 512 4772 1453 4826; baseline -0.003 -15"><span class='ocrx_word' id='word_1_625' title='bbox 512 4772 761 4811; x_wconf 67' lang='lat' dir='ltr'>trrauonl</span> <span class='ocrx_word' id='word_1_626' title='bbox 790 4772 1107 4826; x_wconf 71' lang='lat' dir='ltr'>comparari</span> <span class='ocrx_word' id='word_1_627' title='bbox 1139 4772 1453 4810; x_wconf 79' lang='lat' dir='ltr'>mereatur.</span> 
     </span>
     <span class='ocr_line' id='line_1_85' title="bbox 512 4823 2082 4899; baseline -0.001 -19"><span class='ocrx_word' id='word_1_628' title='bbox 512 4826 625 4898; x_wconf 83' lang='lat'>(95)</span> <span class='ocrx_word' id='word_1_629' title='bbox 642 4826 984 4899; x_wconf 22' lang='lat' dir='ltr'>‘Procop‘ius,</span> <span class='ocrx_word' id='word_1_630' title='bbox 1034 4844 1089 4897; x_wconf 92' lang='lat' dir='ltr'>p.</span> <span class='ocrx_word' id='word_1_631' title='bbox 1250 4828 1551 4897; x_wconf 88' lang='lat' dir='ltr'>Anecdot.,</span> <span class='ocrx_word' id='word_1_632' title='bbox 1592 4823 1834 4899; x_wconf 74' lang='grc' dir='ltr'>ἄρχοντα</span> <span class='ocrx_word' id='word_1_633' title='bbox 1877 4829 1986 4881; x_wconf 83' lang='grc' dir='ltr'>τῶν</span> <span class='ocrx_word' id='word_1_634' title='bbox 2030 4824 2082 4880; x_wconf 88' lang='grc' dir='ltr'>ἐν</span> 
     </span>
    </p>
   </div>
   <div class='ocr_carea' id='block_1_83' title="bbox 446 4894 1290 4972">
    <p class='ocr_par' dir='ltr' id='par_1_83' title="bbox 446 4894 1290 4972">
     <span class='ocr_line' id='line_1_86' title="bbox 446 4894 1290 4972; baseline -0.001 -20"><span class='ocrx_word' id='word_1_635' title='bbox 446 4894 702 4972; x_wconf 67' lang='grc' dir='ltr'>παλατίςρ</span> <span class='ocrx_word' id='word_1_636' title='bbox 733 4894 987 4972; x_wconf 62' lang='grc' dir='ltr'>φυλῴιων</span> <span class='ocrx_word' id='word_1_637' title='bbox 1013 4894 1290 4972; x_wconf 72' lang='lat' dir='ltr'>appellat.</span> 
     </span>
    </p>
   </div>
   <div class='ocr_carea' id='block_1_84' title="bbox 513 4968 2091 5041">
    <p class='ocr_par' dir='ltr' id='par_1_84' title="bbox 513 4968 2091 5041">
     <span class='ocr_line' id='line_1_87' title="bbox 513 4968 2091 5041; baseline 0 -16"><span class='ocrx_word' id='word_1_638' title='bbox 513 4970 621 5040; x_wconf 87' lang='lat'>(96)</span> <span class='ocrx_word' id='word_1_639' title='bbox 656 4968 937 5041; x_wconf 84' lang='lat' dir='ltr'>Notabilis</span> <span class='ocrx_word' id='word_1_640' title='bbox 968 4968 1072 5024; x_wconf 62' lang='lat' dir='ltr'>hic</span> <span class='ocrx_word' id='word_1_641' title='bbox 1112 4968 1291 5041; x_wconf 83' lang='lat' dir='ltr'>locus,</span> <span class='ocrx_word' id='word_1_642' title='bbox 1324 4984 1355 5023; x_wconf 93' lang='lat' dir='ltr'>e</span> <span class='ocrx_word' id='word_1_643' title='bbox 1404 4984 1516 5041; x_wconf 89' lang='lat' dir='ltr'>quo</span> <span class='ocrx_word' id='word_1_644' title='bbox 1564 4974 1806 5041; x_wconf 87' lang='lat' dir='ltr'>apparet</span> <span class='ocrx_word' id='word_1_645' title='bbox 1859 4968 2091 5026; x_wconf 88' lang='lat' dir='ltr'>scholas</span> 
     </span>
    </p>
   </div>
   <div class='ocr_carea' id='block_1_85' title="bbox 444 5039 2089 5113">
    <p class='ocr_par' dir='ltr' id='par_1_85' title="bbox 444 5039 2089 5113">
     <span class='ocr_line' id='line_1_88' title="bbox 444 5039 2089 5113; baseline 0 -16"><span class='ocrx_word' id='word_1_646' title='bbox 444 5039 701 5113; x_wconf 84' lang='lat' dir='ltr'>qucque,</span> <span class='ocrx_word' id='word_1_647' title='bbox 732 5040 790 5095; x_wconf 92' lang='lat' dir='ltr'>id</span> <span class='ocrx_word' id='word_1_648' title='bbox 823 5048 909 5113; x_wconf 81' lang='lat' dir='ltr'>est</span> <span class='ocrx_word' id='word_1_649' title='bbox 936 5039 1298 5113; x_wconf 18' lang='lat' dir='ltr'>Ascbolarios,</span> <span class='ocrx_word' id='word_1_650' title='bbox 1341 5039 1711 5109; x_wconf 81' lang='lat' dir='ltr'>candidatos,</span> <span class='ocrx_word' id='word_1_651' title='bbox 1744 5042 1853 5097; x_wconf 90' lang='lat' dir='ltr'>sub</span> <span class='ocrx_word' id='word_1_652' title='bbox 1885 5042 2089 5113; x_wconf 49' lang='lat' dir='ltr'>dispof</span> 
     </span>
    </p>
   </div>
   <div class='ocr_carea' id='block_1_86' title="bbox 450 5110 2090 5182">
    <p class='ocr_par' dir='ltr' id='par_1_86' title="bbox 450 5110 2090 5182">
     <span class='ocr_line' id='line_1_89' title="bbox 450 5110 2090 5182; baseline -0.001 -14"><span class='ocrx_word' id='word_1_653' title='bbox 450 5110 662 5168; x_wconf 58' lang='lat' dir='ltr'>sitio&#39;ne</span> <span class='ocrx_word' id='word_1_654' title='bbox 693 5111 950 5180; x_wconf 82' lang='lat' dir='ltr'>magistri</span> <span class='ocrx_word' id='word_1_655' title='bbox 1001 5110 1349 5182; x_wconf 81' lang='lat' dir='ltr'>officiorum,</span> <span class='ocrx_word' id='word_1_656' title='bbox 1400 5116 1458 5165; x_wconf 85' lang='lat' dir='ltr'>et</span> <span class='ocrx_word' id='word_1_657' title='bbox 1514 5113 1865 5182; x_wconf 88' lang='lat' dir='ltr'>magistrum</span> <span class='ocrx_word' id='word_1_658' title='bbox 1915 5110 2090 5168; x_wconf 82' lang='lat' dir='ltr'>simul</span> 
     </span>
    </p>
   </div>
   <div class='ocr_carea' id='block_1_87' title="bbox 452 5181 2090 5255">
    <p class='ocr_par' dir='ltr' id='par_1_87' title="bbox 452 5181 2090 5255">
     <span class='ocr_line' id='line_1_90' title="bbox 452 5181 2090 5255; baseline 0 -16"><span class='ocrx_word' id='word_1_659' title='bbox 452 5189 712 5255; x_wconf 88' lang='lat' dir='ltr'>togatum</span> <span class='ocrx_word' id='word_1_660' title='bbox 744 5186 1133 5255; x_wconf 82' lang='lat' dir='ltr'>sagatumque</span> <span class='ocrx_word' id='word_1_661' title='bbox 1165 5181 1369 5255; x_wconf 80' lang='lat' dir='ltr'>fuisse,</span> <span class='ocrx_word' id='word_1_662' title='bbox 1394 5184 1597 5255; x_wconf 77' lang='lat' dir='ltr'>utqui</span> <span class='ocrx_word' id='word_1_663' title='bbox 1621 5181 1746 5238; x_wconf 77' lang='lat' dir='ltr'>non</span> <span class='ocrx_word' id='word_1_664' title='bbox 1788 5184 1979 5239; x_wconf 87' lang='lat' dir='ltr'>solum</span> <span class='ocrx_word' id='word_1_665' title='bbox 2030 5184 2090 5239; x_wconf 91' lang='lat' dir='ltr'>in</span> 
     </span>
    </p>
   </div>
   <div class='ocr_carea' id='block_1_88' title="bbox 448 5251 2089 5319">
    <p class='ocr_par' dir='ltr' id='par_1_88' title="bbox 448 5251 2089 5319">
     <span class='ocr_line' id='line_1_91' title="bbox 448 5251 2089 5319; baseline 0 -9"><span class='ocrx_word' id='word_1_666' title='bbox 448 5251 702 5319; x_wconf 71' lang='lat' dir='ltr'>scriniis,</span> <span class='ocrx_word' id='word_1_667' title='bbox 736 5251 839 5310; x_wconf 83' lang='lat' dir='ltr'>sed</span> <span class='ocrx_word' id='word_1_668' title='bbox 858 5251 1125 5310; x_wconf 57' lang='lat' dir='ltr'>etiam&#39;in</span> <span class='ocrx_word' id='word_1_669' title='bbox 1159 5251 1376 5309; x_wconf 87' lang='lat' dir='ltr'>scholis</span> <span class='ocrx_word' id='word_1_670' title='bbox 1409 5252 1729 5309; x_wconf 84' lang='lat' dir='ltr'>militantes</span> <span class='ocrx_word' id='word_1_671' title='bbox 1752 5256 1861 5309; x_wconf 88' lang='lat' dir='ltr'>sub</span> <span class='ocrx_word' id='word_1_672' title='bbox 1894 5270 1957 5309; x_wconf 88' lang='lat' dir='ltr'>se</span> <span class='ocrx_word' id='word_1_673' title='bbox 1990 5255 2089 5310; x_wconf 87' lang='lat' dir='ltr'>ha-</span> 
     </span>
    </p>
   </div>
   <div class='ocr_carea' id='block_1_89' title="bbox 452 5324 2093 5395">
    <p class='ocr_par' dir='ltr' id='par_1_89' title="bbox 452 5324 2093 5395">
     <span class='ocr_line' id='line_1_92' title="bbox 452 5324 2093 5395; baseline 0.001 -15"><span class='ocrx_word' id='word_1_674' title='bbox 452 5324 632 5381; x_wconf 89' lang='lat' dir='ltr'>beret.</span> <span class='ocrx_word' id='word_1_675' title='bbox 681 5324 978 5381; x_wconf 88' lang='lat' dir='ltr'>Discimus</span> <span class='ocrx_word' id='word_1_676' title='bbox 1032 5324 1170 5380; x_wconf 89' lang='lat' dir='ltr'>hinc</span> <span class='ocrx_word' id='word_1_677' title='bbox 1219 5340 1387 5393; x_wconf 88' lang='lat' dir='ltr'>porro</span> <span class='ocrx_word' id='word_1_678' title='bbox 1425 5339 1675 5394; x_wconf 89' lang='lat' dir='ltr'>quoque,</span> <span class='ocrx_word' id='word_1_679' title='bbox 1728 5326 1968 5395; x_wconf 84' lang='lat' dir='ltr'>quinam</span> <span class='ocrx_word' id='word_1_680' title='bbox 2019 5324 2093 5381; x_wconf 90' lang='lat' dir='ltr'>ad</span> 
     </span>
    </p>
   </div>
   <div class='ocr_carea' id='block_1_90' title="bbox 449 5394 2092 5522">
    <p class='ocr_par' dir='ltr' id='par_1_90' title="bbox 449 5394 2092 5522">
     <span class='ocr_line' id='line_1_93' title="bbox 449 5394 2092 5522; baseline 0.002 -72"><span class='ocrx_word' id='word_1_681' title='bbox 449 5395 703 5522; x_wconf 61' lang='lat' dir='ltr'>ofﬁciuttn</span> <span class='ocrx_word' id='word_1_682' title='bbox 732 5398 961 5453; x_wconf 87' lang='lat' dir='ltr'>comitis</span> <span class='ocrx_word' id='word_1_683' title='bbox 989 5395 1392 5452; x_wconf 87' lang='lat' dir='ltr'>excubitorum</span> <span class='ocrx_word' id='word_1_684' title='bbox 1421 5399 1562 5449; x_wconf 89' lang='lat' dir='ltr'>tunc</span> <span class='ocrx_word' id='word_1_685' title='bbox 1602 5394 1884 5467; x_wconf 87' lang='lat' dir='ltr'>temporis</span> <span class='ocrx_word' id='word_1_686' title='bbox 1912 5397 2092 5467; x_wconf 89' lang='lat' dir='ltr'>perti-</span> 
     </span>
     <span class='ocr_line' id='line_1_94' title="bbox 449 5483 701 5522; baseline 0 0"><span class='ocrx_word' id='word_1_687' title='bbox 449 5483 647 5522; x_wconf 82' lang='lat' dir='ltr'>nuertn</span> <span class='ocrx_word' id='word_1_688' title='bbox 685 5508 701 5522; x_wconf 92' lang='lat'>.</span> 
     </span>
    </p>
   </div>
   <div class='ocr_carea' id='block_1_91' title="bbox 441 5483 701 5524">
    <p class='ocr_par' dir='ltr' id='par_1_91' title="bbox 441 5483 701 5524">
     <span class='ocr_line' id='line_1_95' title="bbox 441 5483 701 5524; baseline 0.004 -1"><span class='ocrx_word' id='word_1_689' title='bbox 441 5483 701 5524; x_wconf 79' lang='lat' dir='ltr'>nuertnt.</span> 
     </span>
    </p>
   </div>
   <div class='ocr_carea' id='block_1_92' title="bbox 514 5536 2090 5611">
    <p class='ocr_par' dir='ltr' id='par_1_92' title="bbox 514 5536 2090 5611">
     <span class='ocr_line' id='line_1_96' title="bbox 514 5536 2090 5611; baseline 0 -17"><span class='ocrx_word' id='word_1_690' title='bbox 514 5539 625 5610; x_wconf 86' lang='lat'>(97)</span> <span class='ocrx_word' id='word_1_691' title='bbox 639 5537 921 5611; x_wconf 89' lang='lat' dir='ltr'>Ambigue</span> <span class='ocrx_word' id='word_1_692' title='bbox 936 5540 1188 5608; x_wconf 89' lang='lat' dir='ltr'>positum</span> <span class='ocrx_word' id='word_1_693' title='bbox 1219 5536 1375 5611; x_wconf 10' lang='lat' dir='ltr'>:rquia</span> <span class='ocrx_word' id='word_1_694' title='bbox 1394 5536 1581 5611; x_wconf 74' lang='lat' dir='ltr'>homo,</span> <span class='ocrx_word' id='word_1_695' title='bbox 1596 5551 1710 5608; x_wconf 90' lang='lat' dir='ltr'>qua</span> <span class='ocrx_word' id='word_1_696' title='bbox 1739 5543 1899 5610; x_wconf 85' lang='lat' dir='ltr'>parte</span> <span class='ocrx_word' id='word_1_697' title='bbox 1916 5537 2090 5595; x_wconf 91' lang='lat' dir='ltr'>homo</span> 
     </span>
    </p>
   </div>
   <div class='ocr_carea' id='block_1_93' title="bbox 444 5607 1747 5682">
    <p class='ocr_par' dir='ltr' id='par_1_93' title="bbox 444 5607 1747 5682">
     <span class='ocr_line' id='line_1_97' title="bbox 444 5607 1747 5682; baseline -0.002 -15"><span class='ocrx_word' id='word_1_698' title='bbox 444 5607 567 5667; x_wconf 80' lang='lat' dir='ltr'>erat</span> <span class='ocrx_word' id='word_1_699' title='bbox 588 5607 615 5670; x_wconf 10' lang='grc' dir='ltr'><em>εὴ</em></span> <span class='ocrx_word' id='word_1_700' title='bbox 638 5614 742 5682; x_wconf 81' lang='lat' dir='ltr'>aut</span> <span class='ocrx_word' id='word_1_701' title='bbox 771 5607 901 5682; x_wconf 60' lang='lat' dir='ltr'>quia</span> <span class='ocrx_word' id='word_1_702' title='bbox 936 5607 1113 5678; x_wconf 81' lang='lat' dir='ltr'>homo,</span> <span class='ocrx_word' id='word_1_703' title='bbox 1141 5607 1282 5682; x_wconf 82' lang='lat' dir='ltr'>quia</span> <span class='ocrx_word' id='word_1_704' title='bbox 1314 5607 1577 5682; x_wconf 80' lang='lat' dir='ltr'>mortalis</span> <span class='ocrx_word' id='word_1_705' title='bbox 1607 5607 1747 5682; x_wconf 73' lang='lat' dir='ltr'>erat.</span> 
     </span>
    </p>
   </div>
   <div class='ocr_carea' id='block_1_94' title="bbox 516 5679 2087 5753">
    <p class='ocr_par' dir='ltr' id='par_1_94' title="bbox 516 5679 2087 5753">
     <span class='ocr_line' id='line_1_98' title="bbox 516 5679 2087 5753; baseline 0 -16"><span class='ocrx_word' id='word_1_706' title='bbox 516 5681 633 5753; x_wconf 90' lang='lat'>(98)</span> <span class='ocrx_word' id='word_1_707' title='bbox 664 5679 828 5738; x_wconf 75' lang='lat' dir='ltr'>Alias</span> <span class='ocrx_word' id='word_1_708' title='bbox 857 5679 1577 5753; x_wconf 57' lang='lat' dir='ltr'>candidati&#39;procedebant</span> <span class='ocrx_word' id='word_1_709' title='bbox 1609 5680 1665 5736; x_wconf 88' lang='lat' dir='ltr'>in</span> <span class='ocrx_word' id='word_1_710' title='bbox 1698 5681 1917 5738; x_wconf 88' lang='lat' dir='ltr'>curiam</span> <span class='ocrx_word' id='word_1_711' title='bbox 1953 5697 2087 5752; x_wconf 89' lang='lat' dir='ltr'>pro-</span> 
     </span>
    </p>
   </div>
   <div class='ocr_carea' id='block_1_95' title="bbox 443 5751 2086 5823">
    <p class='ocr_par' dir='ltr' id='par_1_95' title="bbox 443 5751 2086 5823">
     <span class='ocr_line' id='line_1_99' title="bbox 443 5751 2086 5823; baseline -0.002 -11"><span class='ocrx_word' id='word_1_712' title='bbox 443 5751 643 5823; x_wconf 75' lang='lat' dir='ltr'>ceres;</span> <span class='ocrx_word' id='word_1_713' title='bbox 682 5753 778 5812; x_wconf 89' lang='lat' dir='ltr'>hic</span> <span class='ocrx_word' id='word_1_714' title='bbox 824 5758 1018 5812; x_wconf 84' lang='lat' dir='ltr'>autem</span> <span class='ocrx_word' id='word_1_715' title='bbox 1072 5751 1343 5813; x_wconf 79' lang='lat' dir='ltr'>celeratis</span> <span class='ocrx_word' id='word_1_716' title='bbox 1390 5752 1665 5811; x_wconf 79' lang='lat' dir='ltr'>vestibus.</span> <span class='ocrx_word' id='word_1_717' title='bbox 1727 5753 1809 5813; x_wconf 86' lang='lat' dir='ltr'>De</span> <span class='ocrx_word' id='word_1_718' title='bbox 1856 5751 1969 5810; x_wconf 88' lang='lat' dir='ltr'>ritu</span> <span class='ocrx_word' id='word_1_719' title='bbox 2028 5753 2086 5809; x_wconf 92' lang='lat' dir='ltr'>in</span> 
     </span>
    </p>
   </div>
   <div class='ocr_carea' id='block_1_96' title="bbox 2194 4614 3835 4687">
    <p class='ocr_par' dir='ltr' id='par_1_96' title="bbox 2194 4614 3835 4687">
     <span class='ocr_line' id='line_1_100' title="bbox 2194 4614 3835 4687; baseline 0.002 -19"><span class='ocrx_word' id='word_1_720' title='bbox 2194 4614 2431 4671; x_wconf 89' lang='lat' dir='ltr'>coloreis</span> <span class='ocrx_word' id='word_1_721' title='bbox 2463 4615 2701 4687; x_wconf 80' lang='lat' dir='ltr'>lugendi</span> <span class='ocrx_word' id='word_1_722' title='bbox 2735 4616 2922 4673; x_wconf 88' lang='lat' dir='ltr'>dicam</span> <span class='ocrx_word' id='word_1_723' title='bbox 2953 4620 3023 4674; x_wconf 87' lang='lat' dir='ltr'>ad</span> <span class='ocrx_word' id='word_1_724' title='bbox 3057 4619 3192 4674; x_wconf 89' lang='lat' dir='ltr'>libri</span> <span class='ocrx_word' id='word_1_725' title='bbox 3240 4618 3482 4674; x_wconf 88' lang='lat' dir='ltr'>secundi</span> <span class='ocrx_word' id='word_1_726' title='bbox 3529 4618 3703 4687; x_wconf 89' lang='lat' dir='ltr'>caput</span> <span class='ocrx_word' id='word_1_727' title='bbox 3741 4617 3835 4687; x_wconf 79' lang='lat'>30,</span> 
     </span>
    </p>
   </div>
   <div class='ocr_carea' id='block_1_97' title="bbox 2197 4686 3837 4767">
    <p class='ocr_par' dir='ltr' id='par_1_97' title="bbox 2197 4686 3837 4767">
     <span class='ocr_line' id='line_1_101' title="bbox 2197 4686 3837 4767; baseline 0 -26"><span class='ocrx_word' id='word_1_728' title='bbox 2197 4686 2406 4767; x_wconf 52' lang='lat' dir='ltr'>p:_36li,</span> <span class='ocrx_word' id='word_1_729' title='bbox 2448 4686 2549 4743; x_wconf 88' lang='lat' dir='ltr'>ubi</span> <span class='ocrx_word' id='word_1_730' title='bbox 2579 4688 2649 4743; x_wconf 90' lang='lat' dir='ltr'>de</span> <span class='ocrx_word' id='word_1_731' title='bbox 2697 4689 2997 4767; x_wconf 85' lang='lat' dir='ltr'>sepultura</span> <span class='ocrx_word' id='word_1_732' title='bbox 3049 4690 3428 4767; x_wconf 68' lang='lat' dir='ltr'>patriarchae;</span> <span class='ocrx_word' id='word_1_733' title='bbox 3486 4686 3647 4767; x_wconf 45' lang='grc' dir='ltr'>μῆνα</span> <span class='ocrx_word' id='word_1_734' title='bbox 3689 4686 3837 4767; x_wconf 76' lang='lat' dir='ltr'>mihi</span> 
     </span>
    </p>
   </div>
   <div class='ocr_carea' id='block_1_98' title="bbox 2196 4758 3833 4832">
    <p class='ocr_par' dir='ltr' id='par_1_98' title="bbox 2196 4758 3833 4832">
     <span class='ocr_line' id='line_1_102' title="bbox 2196 4758 3833 4832; baseline 0.002 -20"><span class='ocrx_word' id='word_1_735' title='bbox 2196 4758 2469 4832; x_wconf 78' lang='lat' dir='ltr'>videntur</span> <span class='ocrx_word' id='word_1_736' title='bbox 2496 4758 2844 4832; x_wconf 9' lang='lat' dir='ltr'>essepvestes</span> <span class='ocrx_word' id='word_1_737' title='bbox 2874 4764 3003 4832; x_wconf 88' lang='lat' dir='ltr'>ejus</span> <span class='ocrx_word' id='word_1_738' title='bbox 3034 4758 3264 4827; x_wconf 79' lang='lat' dir='ltr'>coloris,</span> <span class='ocrx_word' id='word_1_739' title='bbox 3297 4762 3399 4832; x_wconf 90' lang='lat' dir='ltr'>qui</span> <span class='ocrx_word' id='word_1_740' title='bbox 3425 4762 3685 4832; x_wconf 84' lang='lat' dir='ltr'>murium</span> <span class='ocrx_word' id='word_1_741' title='bbox 3718 4764 3833 4832; x_wconf 78' lang='lat' dir='ltr'>est.</span> 
     </span>
    </p>
   </div>
   <div class='ocr_carea' id='block_1_99' title="bbox 2196 4828 3837 4902">
    <p class='ocr_par' dir='ltr' id='par_1_99' title="bbox 2196 4828 3837 4902">
     <span class='ocr_line' id='line_1_103' title="bbox 2196 4828 3837 4902; baseline 0.001 -19"><span class='ocrx_word' id='word_1_742' title='bbox 2196 4828 2409 4902; x_wconf 81' lang='lat' dir='ltr'>cinerei</span> <span class='ocrx_word' id='word_1_743' title='bbox 2442 4845 2539 4885; x_wconf 90' lang='lat' dir='ltr'>seu</span> <span class='ocrx_word' id='word_1_744' title='bbox 2572 4830 2755 4886; x_wconf 90' lang='lat' dir='ltr'>dilute</span> <span class='ocrx_word' id='word_1_745' title='bbox 2786 4828 2986 4902; x_wconf 77' lang='lat' dir='ltr'>cyanei</span> <span class='ocrx_word' id='word_1_746' title='bbox 3017 4852 3029 4897; x_wconf 91' lang='lat'><strong>;</strong></span> <span class='ocrx_word' id='word_1_747' title='bbox 3069 4828 3331 4888; x_wconf 53' lang='lat' dir='ltr'>caeruleo&#39;</span> <span class='ocrx_word' id='word_1_748' title='bbox 3353 4831 3543 4887; x_wconf 89' lang='lat' dir='ltr'>colore</span> <span class='ocrx_word' id='word_1_749' title='bbox 3593 4830 3837 4902; x_wconf 85' lang='lat' dir='ltr'>potissi-</span> 
     </span>
    </p>
   </div>
   <div class='ocr_carea' id='block_1_100' title="bbox 2196 4900 3836 4973">
    <p class='ocr_par' dir='ltr' id='par_1_100' title="bbox 2196 4900 3836 4973">
     <span class='ocr_line' id='line_1_104' title="bbox 2196 4900 3836 4973; baseline 0 -17"><span class='ocrx_word' id='word_1_750' title='bbox 2196 4917 2358 4956; x_wconf 93' lang='lat' dir='ltr'>mum</span> <span class='ocrx_word' id='word_1_751' title='bbox 2383 4900 2582 4972; x_wconf 89' lang='lat' dir='ltr'>lugere</span> <span class='ocrx_word' id='word_1_752' title='bbox 2603 4902 2785 4958; x_wconf 88' lang='lat' dir='ltr'>solenl</span> <span class='ocrx_word' id='word_1_753' title='bbox 2812 4900 3172 4973; x_wconf 85' lang='lat' dir='ltr'>Orientales;</span> <span class='ocrx_word' id='word_1_754' title='bbox 3196 4904 3283 4958; x_wconf 85' lang='lat' dir='ltr'>vel</span> <span class='ocrx_word' id='word_1_755' title='bbox 3305 4904 3476 4959; x_wconf 78' lang='lat' dir='ltr'>etiam</span> <span class='ocrx_word' id='word_1_756' title='bbox 3491 4900 3679 4959; x_wconf 74' lang='lat' dir='ltr'>vestes</span> <span class='ocrx_word' id='word_1_757' title='bbox 3701 4917 3836 4973; x_wconf 82' lang='lat' dir='ltr'>cum</span> 
     </span>
    </p>
   </div>
   <div class='ocr_carea' id='block_1_101' title="bbox 2203 4971 3840 5046">
    <p class='ocr_par' dir='ltr' id='par_1_101' title="bbox 2203 4971 3840 5046">
     <span class='ocr_line' id='line_1_105' title="bbox 2203 4971 3840 5046; baseline -0.001 -19"><span class='ocrx_word' id='word_1_758' title='bbox 2203 4971 2725 5046; x_wconf 10' lang='lat' dir='ltr'>initextis’murium</span> <span class='ocrx_word' id='word_1_759' title='bbox 2759 4975 3135 5045; x_wconf 84' lang='lat' dir='ltr'>imaginibus,</span> <span class='ocrx_word' id='word_1_760' title='bbox 3157 4971 3360 5046; x_wconf 87' lang='lat' dir='ltr'>quales</span> <span class='ocrx_word' id='word_1_761' title='bbox 3390 4981 3610 5030; x_wconf 88' lang='lat' dir='ltr'>veteres</span> <span class='ocrx_word' id='word_1_762' title='bbox 3642 4971 3840 5046; x_wconf 85' lang='lat' dir='ltr'>appel-</span> 
     </span>
    </p>
   </div>
   <div class='ocr_carea' id='block_1_102' title="bbox 2199 5043 3838 5115">
    <p class='ocr_par' dir='ltr' id='par_1_102' title="bbox 2199 5043 3838 5115">
     <span class='ocr_line' id='line_1_106' title="bbox 2199 5043 3838 5115; baseline 0.001 -18"><span class='ocrx_word' id='word_1_763' title='bbox 2199 5043 2397 5115; x_wconf 86' lang='lat' dir='ltr'>labant</span> <span class='ocrx_word' id='word_1_764' title='bbox 2433 5043 2722 5115; x_wconf 77' lang='grc' dir='ltr'>μυωτούςς</span> <span class='ocrx_word' id='word_1_765' title='bbox 2771 5043 2902 5101; x_wconf 50' lang='lat' dir='ltr'>vid.</span> <span class='ocrx_word' id='word_1_766' title='bbox 2941 5047 3141 5101; x_wconf 86' lang='lat' dir='ltr'>Pollux</span> <span class='ocrx_word' id='word_1_767' title='bbox 3176 5043 3305 5114; x_wconf 72' lang='grc' dir='ltr'>νυ,</span> <span class='ocrx_word' id='word_1_768' title='bbox 3353 5048 3441 5101; x_wconf 86' lang='grc'>60.</span> <span class='ocrx_word' id='word_1_769' title='bbox 3487 5046 3613 5100; x_wconf 90' lang='lat' dir='ltr'>Pari</span> <span class='ocrx_word' id='word_1_770' title='bbox 3665 5044 3838 5115; x_wconf 25' lang='lat' dir='ltr'>moido</span> 
     </span>
    </p>
   </div>
   <div class='ocr_carea' id='block_1_103' title="bbox 2202 5114 3837 5187">
    <p class='ocr_par' dir='ltr' id='par_1_103' title="bbox 2202 5114 3837 5187">
     <span class='ocr_line' id='line_1_107' title="bbox 2202 5114 3837 5187; baseline 0 -19"><span class='ocrx_word' id='word_1_771' title='bbox 2202 5114 2495 5171; x_wconf 87' lang='lat' dir='ltr'>habebant</span> <span class='ocrx_word' id='word_1_772' title='bbox 2530 5117 2740 5186; x_wconf 88' lang='lat' dir='ltr'>talpas,</span> <span class='ocrx_word' id='word_1_773' title='bbox 2773 5132 2960 5187; x_wconf 89' lang='lat' dir='ltr'>genus</span> <span class='ocrx_word' id='word_1_774' title='bbox 2983 5119 3564 5184; x_wconf 82' lang='lat' dir='ltr'>murium,intextas;</span> <span class='ocrx_word' id='word_1_775' title='bbox 3602 5116 3714 5169; x_wconf 83' lang='lat' dir='ltr'>vid.</span> <span class='ocrx_word' id='word_1_776' title='bbox 3748 5114 3837 5187; x_wconf 82' lang='lat' dir='ltr'>Du</span> 
     </span>
    </p>
   </div>
   <div class='ocr_carea' id='block_1_104' title="bbox 2200 5185 3840 5261">
    <p class='ocr_par' dir='ltr' id='par_1_104' title="bbox 2200 5185 3840 5261">
     <span class='ocr_line' id='line_1_108' title="bbox 2200 5185 3840 5261; baseline -0.001 -20"><span class='ocrx_word' id='word_1_777' title='bbox 2200 5188 2388 5261; x_wconf 71' lang='lat' dir='ltr'>Qange</span> <span class='ocrx_word' id='word_1_778' title='bbox 2417 5203 2471 5241; x_wconf 92' lang='lat' dir='ltr'>v.</span> <span class='ocrx_word' id='word_1_779' title='bbox 2506 5185 2686 5258; x_wconf 68' lang='lat' dir='ltr'>Talpa.</span> <span class='ocrx_word' id='word_1_780' title='bbox 2721 5185 2960 5261; x_wconf 68' lang='grc' dir='ltr'>Διᾶφορα</span> <span class='ocrx_word' id='word_1_781' title='bbox 3004 5191 3294 5261; x_wconf 85' lang='lat' dir='ltr'>geminam</span> <span class='ocrx_word' id='word_1_782' title='bbox 3348 5190 3564 5257; x_wconf 85' lang='lat' dir='ltr'>patitur</span> <span class='ocrx_word' id='word_1_783' title='bbox 3606 5185 3840 5261; x_wconf 55' lang='lat' dir='ltr'>exposi-</span> 
     </span>
    </p>
   </div>
   <div class='ocr_carea' id='block_1_105' title="bbox 2199 5256 3838 5330">
    <p class='ocr_par' dir='ltr' id='par_1_105' title="bbox 2199 5256 3838 5330">
     <span class='ocr_line' id='line_1_109' title="bbox 2199 5256 3838 5330; baseline -0.001 -19"><span class='ocrx_word' id='word_1_784' title='bbox 2199 5256 2459 5330; x_wconf 86' lang='lat' dir='ltr'>tionem_;</span> <span class='ocrx_word' id='word_1_785' title='bbox 2494 5256 2742 5330; x_wconf 85' lang='lat' dir='ltr'>possunt</span> <span class='ocrx_word' id='word_1_786' title='bbox 2764 5256 2914 5315; x_wconf 81' lang='lat' dir='ltr'>enim</span> <span class='ocrx_word' id='word_1_787' title='bbox 2950 5256 3200 5330; x_wconf 69' lang='lat' dir='ltr'>intelligi</span> <span class='ocrx_word' id='word_1_788' title='bbox 3226 5264 3326 5313; x_wconf 82' lang='lat' dir='ltr'>aut</span> <span class='ocrx_word' id='word_1_789' title='bbox 3352 5256 3547 5314; x_wconf 84' lang='lat' dir='ltr'>vestes</span> <span class='ocrx_word' id='word_1_790' title='bbox 3597 5257 3838 5325; x_wconf 69' lang='lat' dir='ltr'>ﬂoridae,</span> 
     </span>
    </p>
   </div>
   <div class='ocr_carea' id='block_1_106' title="bbox 2199 5327 3837 5407">
    <p class='ocr_par' dir='ltr' id='par_1_106' title="bbox 2199 5327 3837 5407">
     <span class='ocr_line' id='line_1_110' title="bbox 2199 5327 3837 5407; baseline 0.001 -25"><span class='ocrx_word' id='word_1_791' title='bbox 2199 5329 2388 5407; x_wconf 62' lang='lat' dir='ltr'>varias,</span> <span class='ocrx_word' id='word_1_792' title='bbox 2419 5327 2615 5407; x_wconf 56' lang='grc' dir='ltr'>βαφαῖς</span> <span class='ocrx_word' id='word_1_793' title='bbox 2648 5329 2929 5407; x_wconf 80' lang='grc' dir='ltr'>διαφόροις</span> <span class='ocrx_word' id='word_1_794' title='bbox 2959 5327 3407 5407; x_wconf 57' lang='grc' dir='ltr'>πεποιδῖιλμέναι,</span> <span class='ocrx_word' id='word_1_795' title='bbox 3440 5337 3512 5407; x_wconf 79' lang='lat' dir='ltr'>ut</span> <span class='ocrx_word' id='word_1_796' title='bbox 3548 5331 3626 5383; x_wconf 78' lang='lat' dir='ltr'>ait</span> <span class='ocrx_word' id='word_1_797' title='bbox 3656 5332 3837 5407; x_wconf 78' lang='lat' dir='ltr'>Hero-</span> 
     </span>
    </p>
   </div>
   <div class='ocr_carea' id='block_1_107' title="bbox 2199 5398 3838 5474">
    <p class='ocr_par' dir='ltr' id='par_1_107' title="bbox 2199 5398 3838 5474">
     <span class='ocr_line' id='line_1_111' title="bbox 2199 5398 3838 5474; baseline -0.001 -21"><span class='ocrx_word' id='word_1_798' title='bbox 2199 5398 2608 5474; x_wconf 50' lang='lat' dir='ltr'>dianus&#39;l._&#39;lV,</span> <span class='ocrx_word' id='word_1_799' title='bbox 2644 5398 2875 5474; x_wconf 73' lang='lat' dir='ltr'>quando</span> <span class='ocrx_word' id='word_1_800' title='bbox 2904 5419 3055 5458; x_wconf 89' lang='lat' dir='ltr'>unus</span> <span class='ocrx_word' id='word_1_801' title='bbox 3089 5398 3259 5456; x_wconf 77' lang='lat' dir='ltr'>unius</span> <span class='ocrx_word' id='word_1_802' title='bbox 3292 5401 3551 5455; x_wconf 89' lang='lat' dir='ltr'>hominis</span> <span class='ocrx_word' id='word_1_803' title='bbox 3590 5399 3838 5453; x_wconf 86' lang='lat' dir='ltr'>vestitus</span> 
     </span>
    </p>
   </div>
   <div class='ocr_carea' id='block_1_108' title="bbox 2200 5471 3841 5541">
    <p class='ocr_par' dir='ltr' id='par_1_108' title="bbox 2200 5471 3841 5541">
     <span class='ocr_line' id='line_1_112' title="bbox 2200 5471 3841 5541; baseline -0.001 -17"><span class='ocrx_word' id='word_1_804' title='bbox 2200 5471 2387 5526; x_wconf 87' lang='lat' dir='ltr'>varios</span> <span class='ocrx_word' id='word_1_805' title='bbox 2417 5471 2640 5528; x_wconf 83' lang='lat' dir='ltr'>colores</span> <span class='ocrx_word' id='word_1_806' title='bbox 2663 5471 2843 5529; x_wconf 77' lang='lat' dir='ltr'>simul</span> <span class='ocrx_word' id='word_1_807' title='bbox 2868 5475 3118 5539; x_wconf 84' lang='lat' dir='ltr'>exhibet,</span> <span class='ocrx_word' id='word_1_808' title='bbox 3144 5479 3245 5526; x_wconf 89' lang='lat' dir='ltr'>aut</span> <span class='ocrx_word' id='word_1_809' title='bbox 3266 5476 3429 5535; x_wconf 88' lang='lat' dir='ltr'>tales,</span> <span class='ocrx_word' id='word_1_810' title='bbox 3464 5488 3706 5541; x_wconf 83' lang='lat' dir='ltr'>quarum</span> <span class='ocrx_word' id='word_1_811' title='bbox 3726 5485 3841 5541; x_wconf 83' lang='lat' dir='ltr'>una</span> 
     </span>
    </p>
   </div>
   <div class='ocr_carea' id='block_1_109' title="bbox 2201 5540 3844 5615">
    <p class='ocr_par' dir='ltr' id='par_1_109' title="bbox 2201 5540 3844 5615">
     <span class='ocr_line' id='line_1_113' title="bbox 2201 5540 3844 5615; baseline -0.001 -19"><span class='ocrx_word' id='word_1_812' title='bbox 2201 5543 2378 5597; x_wconf 87' lang='lat' dir='ltr'>unius</span> <span class='ocrx_word' id='word_1_813' title='bbox 2416 5542 2673 5599; x_wconf 85' lang='lat' dir='ltr'>hominis</span> <span class='ocrx_word' id='word_1_814' title='bbox 2697 5560 2877 5600; x_wconf 90' lang='lat' dir='ltr'>unum</span> <span class='ocrx_word' id='word_1_815' title='bbox 2901 5545 3133 5615; x_wconf 89' lang='lat' dir='ltr'>quidem</span> <span class='ocrx_word' id='word_1_816' title='bbox 3168 5543 3416 5599; x_wconf 89' lang='lat' dir='ltr'>colorem</span> <span class='ocrx_word' id='word_1_817' title='bbox 3451 5540 3720 5603; x_wconf 67' lang='lat' dir='ltr'>exhibet;</span> <span class='ocrx_word' id='word_1_818' title='bbox 3755 5540 3844 5615; x_wconf 84' lang='lat' dir='ltr'>di-</span> 
     </span>
    </p>
   </div>
   <div class='ocr_carea' id='block_1_110' title="bbox 2198 5611 3838 5685">
    <p class='ocr_par' dir='ltr' id='par_1_110' title="bbox 2198 5611 3838 5685">
     <span class='ocr_line' id='line_1_114' title="bbox 2198 5611 3838 5685; baseline -0.001 -18"><span class='ocrx_word' id='word_1_819' title='bbox 2198 5629 2430 5670; x_wconf 83' lang='lat' dir='ltr'>versum</span> <span class='ocrx_word' id='word_1_820' title='bbox 2452 5620 2645 5671; x_wconf 85' lang='lat' dir='ltr'>tamen</span> <span class='ocrx_word' id='word_1_821' title='bbox 2679 5630 2712 5670; x_wconf 83' lang='lat' dir='ltr'>a</span> <span class='ocrx_word' id='word_1_822' title='bbox 2739 5611 2934 5672; x_wconf 78' lang='lat' dir='ltr'>colore</span> <span class='ocrx_word' id='word_1_823' title='bbox 2972 5619 3168 5679; x_wconf 79' lang='lat' dir='ltr'>vestis,</span> <span class='ocrx_word' id='word_1_824' title='bbox 3206 5631 3377 5685; x_wconf 80' lang='lat' dir='ltr'>quam</span> <span class='ocrx_word' id='word_1_825' title='bbox 3434 5618 3629 5667; x_wconf 70' lang='lat' dir='ltr'>socius</span> <span class='ocrx_word' id='word_1_826' title='bbox 3668 5611 3838 5685; x_wconf 81' lang='lat' dir='ltr'>gerit,</span> 
     </span>
    </p>
   </div>
   <div class='ocr_carea' id='block_1_111' title="bbox 2199 5682 3841 5758">
    <p class='ocr_par' dir='ltr' id='par_1_111' title="bbox 2199 5682 3841 5758">
     <span class='ocr_line' id='line_1_115' title="bbox 2199 5682 3841 5758; baseline -0.001 -19"><span class='ocrx_word' id='word_1_827' title='bbox 2199 5701 2248 5740; x_wconf 91' lang='lat' dir='ltr'>e.</span> <span class='ocrx_word' id='word_1_828' title='bbox 2282 5702 2333 5740; x_wconf 87' lang='grc' dir='ltr'>ο.</span> <span class='ocrx_word' id='word_1_829' title='bbox 2370 5686 2683 5758; x_wconf 83' lang='lat' dir='ltr'>quandoin</span> <span class='ocrx_word' id='word_1_830' title='bbox 2718 5701 2831 5743; x_wconf 89' lang='lat' dir='ltr'>uno</span> <span class='ocrx_word' id='word_1_831' title='bbox 2862 5687 3105 5758; x_wconf 75' lang='lat' dir='ltr'>collegio</span> <span class='ocrx_word' id='word_1_832' title='bbox 3140 5682 3288 5758; x_wconf 79' lang='lat' dir='ltr'>unus</span> <span class='ocrx_word' id='word_1_833' title='bbox 3314 5687 3655 5750; x_wconf 80' lang='lat' dir='ltr'>violaceam,</span> <span class='ocrx_word' id='word_1_834' title='bbox 3697 5682 3841 5739; x_wconf 87' lang='lat' dir='ltr'>alter</span> 
     </span>
    </p>
   </div>
   <div class='ocr_carea' id='block_1_112' title="bbox 2200 5756 3640 5830">
    <p class='ocr_par' dir='ltr' id='par_1_112' title="bbox 2200 5756 3640 5830">
     <span class='ocr_line' id='line_1_116' title="bbox 2200 5756 3640 5830; baseline -0.003 -17"><span class='ocrx_word' id='word_1_835' title='bbox 2200 5756 2499 5828; x_wconf 80' lang='lat' dir='ltr'>cyaneam,</span> <span class='ocrx_word' id='word_1_836' title='bbox 2532 5756 2741 5814; x_wconf 83' lang='lat' dir='ltr'>tertius</span> <span class='ocrx_word' id='word_1_837' title='bbox 2774 5759 2995 5830; x_wconf 88' lang='lat' dir='ltr'>pullam</span> <span class='ocrx_word' id='word_1_838' title='bbox 3018 5756 3080 5815; x_wconf 50' lang='lat' dir='ltr'>&#39;et</span> <span class='ocrx_word' id='word_1_839' title='bbox 3107 5757 3190 5815; x_wconf 88' lang='lat' dir='ltr'>sic</span> <span class='ocrx_word' id='word_1_840' title='bbox 3220 5773 3390 5829; x_wconf 91' lang='lat' dir='ltr'>porro</span> <span class='ocrx_word' id='word_1_841' title='bbox 3421 5763 3640 5827; x_wconf 83' lang='lat' dir='ltr'>gerant.</span> 
     </span>
    </p>
   </div>
  </div>
