4090 6216
333 405 450 467 789

1168 408 1272 468 DE
1315 407 1770 470 CEBIMONIIS
1812 406 2050 470 AULE
2093 405 2567 468 BYZANTIN/E
2608 408 2763 468 LIB.
2808 407 2859 468 Ι.

3617 405 3736 465 790

332 541 469 603 τινὲς
500 537 558 596 δὶ
603 541 695 596 καὶ
744 535 998 614 διάφορα.
1050 541 1312 619 Συνήχθη
1365 537 1422 595 δὲ
1476 541 1567 595 καὶ
1621 541 1650 595 6
1699 538 1880 614 δῆμος
1929 538 1981 595 ἐν

2091 555 2379 612 proceres,
2414 540 2624 611 partim
2657 557 2856 614 myma
2885 541 3010 610 [seu
3067 542 3258 597 vestes
3305 554 3437 595 cum
3488 539 3729 597 intextis

329 634 400 705 τῇ
457 626 826 704 ἱπποδρομίᾳ,
872 630 962 684 καὶ
1009 627 1283 703 εύσήμουν
1329 630 1429 699 τήν
1481 627 1791 705 σύγκλητον
1863 631 1989 706 κρά-

332 725 533 790 ζοντεςο
595 743 622 773 ‹‹
668 717 861 775 Πολλὰ
912 718 977 774 τὰ
1025 714 1120 789 ἔτη
1164 720 1263 787 τῆς
1316 717 1648 794 συγκλήτου.
1698 718 1988 794 Σύγκλητε

326 810 644 882 Ῥωμαίων,
678 808 740 862 σὺ
772 813 942 878 νικᾷς.
991 806 1093 864 Τδν
1146 806 1206 862 ἐκ
1252 811 1386 863 θεοῦ
1443 806 1669 883 βασιλέα
1713 812 1791 880 τῷ
1843 806 1989 884 ἐξερ-

325 897 489 970 κίτῳ.
549 897 658 954 Τὸν
709 896 769 952 ἐκ
824 900 959 952 Θεοῦ
1019 894 1250 971 βασιλέα
1301 900 1370 970 τῇ
1431 896 1752 972 οἰκουμένῃ,
1814 920 1842 948 ››
1894 897 1986 952 καὶ

325 982 516 1040 πολλά
545 988 791 1042 τοιαῦτα.
825 983 930 1040 Καὶ
988 985 1246 1039 τεθέντων
1288 985 1566 1057 σκαμνίων
1617 983 1669 1039 έν
1722 987 1800 1056 τῷ
1847 1005 1987 1059 πορ-

333 1074 472 1146 τίκῳ
538 1077 617 1145 τῷ
684 1073 791 1148 πρὸ
854 1077 953 1128 τοῦ
1023 1072 1272 1148 μεγάλου
1333 1073 1637 1146 τρικλίνου,
1734 1072 1982 1128 ἐκάθισαν

336 1163 531 1223 πάντες
563 1163 614 1216 οἱ
667 1163 932 1238 ἄρχοντες
991 1161 1082 1216 καὶ
1141 1161 1170 1216 6
1227 1160 1675 1237 ἀρχιεπίσκοπος,
1737 1162 1825 1216 καὶ
1883 1163 1988 1236 ἤρ-

335 1253 493 1322 ξαντο
522 1252 658 1326 πρὸς
691 1250 976 1322 ἀλλήλους
1005 1249 1332 1330 φιλονεικεῖν
1369 1250 1493 1327 περῖ
1544 1257 1647 1318 τῆς
1695 1246 1984 1325 προϐολῆς

333 1344 433 1396 τοῦ
493 1339 785 1416 βασιλέωςο
838 1337 1010 1402 ἄλλος
1059 1341 1163 1415 γὰρ
1208 1338 1366 1412 ἄλλῳ
1415 1336 1756 1408 ἐσπούδαζεν·
1809 1340 1882 1400 ὡς
1927 1337 1985 1394 δὶ

339 1429 539 1505 χρόνος
592 1423 912 1503 διετρίϐετο,
968 1429 1115 1505 λέγει
1163 1427 1349 1492 αὐτοῖς
1396 1427 1563 1503 Κέλερ
1596 1429 1624 1482 6
1658 1429 1981 1503 μάγιστρος,

330 1520 418 1576 ’ὀτι
454 1543 476 1574 ι
512 1521 599 1578 Ἐν
630 1521 742 1592 ὅσῳ
781 1517 980 1589 ἔξεστιν
1026 1521 1184 1592 ἡμῖν,
1241 1515 1652 1594 βουλευσόμεθα
1699 1518 1788 1574 καὶ
1837 1519 1984 1594 πρά-

328 1611 515 1684 ξομεν.
552 1609 678 1667 Ἐὰν
721 1609 825 1686 γὰρ
879 1612 1095 1688 ταχέως
1144 1609 1501 1682 ὁνομάσωμεν
1549 1609 1644 1663 τὸν
1687 1608 1983 1683 ὀφείλοντα

329 1698 597 1775 γενέσθαι,
655 1699 853 1761 πάντες
927 1701 1064 1772 ἡμῖν
1133 1696 1584 1770 ἀκολουθήσωσιν
1631 1698 1720 1753 καὶ
1774 1699 1983 1773 ἡσυχά-

327 1795 537 1859 ςουσιν.
593 1787 746 1846 Ἐπεὶ
808 1788 923 1861 μετ’
981 1786 1173 1863 ὀλίγον
1220 1787 1284 1842 ού
1329 1787 1590 1864 γινόμεθα
1647 1789 1830 1863 κύριοι
1881 1793 1980 1857 τῆς

331 1877 565 1954 βουλῆς,
598 1875 726 1933 ἀλλ’
764 1880 929 1950 ἡμεῖς
961 1875 1169 1950 ἑτέροις
1199 1874 1399 1953 ἔχομεν
1449 1876 1786 1932 ἀκολουθεῖν.
1820 1900 1848 1929 ››
1889 1877 1980 1939 Ὠς
2009 1917 2056 1984 Β

326 1964 382 2022 δὲ
411 1967 501 2021 καὶ
537 1965 674 2039 μετᾶ
717 1970 889 2021 ταῦτα
930 1968 966 2036 ἡ
1017 1965 1323 2044 φιλονεικία
1371 1965 1646 2040 ἐπέμενεν,
1697 1967 1749 2021 οἱ
1795 1964 1980 2038 έξκου-

328 2051 543 2129 ὄίτορες
600 2055 711 2108 ἄνω
764 2053 817 2109 ἰν
877 2059 956 2127 τῷ
1006 2056 1219 2127 ἱππικῷ
1275 2055 1696 2130 ἀναγορεύουσιν
1751 2053 1978 2130 βασιλέα

327 2143 584 2212 Ἰωάννην
623 2143 744 2200 τινὰ
773 2138 1082 2218 τριϐοὖνον,
1133 2143 1504 2217 οἰκειούμενον
1551 2148 1631 2217 τῷ
1678 2149 1779 2213 τῆς
1834 2142 1979 2207 θείας

329 2232 540 2303 λήξεως
599 2230 899 2306 Ἰουστίνῳ,
959 2233 1017 2296 ’ὀς
1080 2234 1214 2307 μετά
1266 2237 1434 2288 ταῦτα
1477 2231 1775 2294 ἐπίσκοπος
1821 2233 1977 2308 Ἦρα-

327 2321 514 2384 κλείας
569 2320 803 2397 ἐγένετο,
849 2322 940 2377 καὶ
990 2323 1259 2399 ἀνήγαγον
1313 2322 1472 2378 αὐτὸν
1523 2322 1599 2385 εἷς
1639 2324 1702 2378 τὸ
1749 2320 1975 2377 σκουτά-

331 2432 470 2487 ριον’
504 2411 917 2486 ’Δπηρέσθησαν
968 2411 1018 2447 ³⁵
1067 2409 1126 2466 δὲ
1173 2413 1225 2466 οἳ
1273 2411 1512 2484 Βένετοι,
1558 2412 1650 2467 καὶ
1699 2410 1973 2482 ἐλίθασαν,

329 2502 421 2556 καί
484 2522 626 2564 τινες
684 2500 775 2556 καὶ
835 2499 1186 2572 ἑτοξεύθησαν
1247 2500 1350 2556 ὑπὸ
1402 2505 1511 2556 τῶν
1559 2495 1972 2576 έξκουϐιτόρων.

335 2587 513 2646 Πάλιν
556 2586 614 2644 δὲ
642 2586 937 2664 σχολάριοι
970 2590 1306 2664 ὁρμήσαντες
1356 2588 1619 2666 κατέσχον
1662 2587 1971 2664 πατρίκιον,

329 2678 460 2734 ὄντα
490 2675 892 2752 στρατηλάτην,
932 2679 1023 2734 καὶ
1071 2677 1344 2755 ἀνήγαγον
1394 2677 1469 2740 εἷς
1518 2679 1609 2734 τὸν
1659 2677 1819 2751 μέσον
1866 2677 1972 2732 ἀκ-

327 2767 609 2839 κούϐιτον,
633 2770 720 2825 καὶ
755 2767 1004 2841 ἔστησαν,
1053 2769 1365 2847 ὀφείλοντες
1409 2769 1568 2824 αὐτὸν
1613 2769 1800 2843 στέψαι

329 2858 736 2933 Ἀπηρέσθησαν
803 2855 862 2914 δὲ
928 2859 979 2912 οἱ
1044 2854 1442 2934 ἐξκουϐίτορες,
1508 2859 1599 2913 καὶ
1655 2857 1972 2920 ἐπελθόντες

327 2951 664 3006 κατέσπασαν
733 2947 915 3018 αὺτὸν,
970 2950 1058 3004 καὶ
1119 2947 1359 3021 ἔμελλον
1423 2949 1516 3021 μὶν
1570 2949 1660 3003 καὶ
1712 2948 1970 3021 ἀναιρεῖν,

327 3039 564 3114 εὑρεθεὶς
620 3042 695 3113 (1)
763 3035 821 3093 δὲ
885 3037 914 3092 6
981 3033 1359 3101 εὐσεϐέστατος
1426 3036 1692 3107 δεσπότης
1742 3037 1972 3094 Ἰούστι-

327 3129 529 3190 νιανὸς,
594 3132 888 3199 τηνικαῦτα
943 3124 1262 3191 κανδιδάτος
1311 3127 1409 3197 ὤν,
1459 3125 1718 3204 έῤῥύσατο
1786 3125 1969 3197 αύτὸν,

324 3219 415 3272 καὶ
447 3215 838 3293 παρεσκεύασεν
868 3215 1030 3272 αύτὸν
1057 3219 1372 3295 πεμφθῆναι
1422 3216 1501 3278 εἷς
1548 3219 1610 3272 τὸ
1659 3211 1968 3288 ἐξκούϐιτον

2095 629 2349 686 murium
2383 630 2572 701 parvis
2603 630 2826 701 ﬁguris,
2859 635 2957 686 aut
2988 629 3239 686 colorem
3287 629 3540 684 murium
3573 631 3733 687 cine-

2094 719 2293 776 ritium
2355 720 2696 791 imitantes],
2757 719 2964 789 partim
3024 719 3306 790 diapbora
3353 720 3475 791 [seu
3510 719 3736 774 lumina

2094 807 2352 864 colorum
2408 809 2568 864 vario
2626 807 2931 880 fulgentes]
2982 808 3196 863 induti.
3271 807 3740 879 Congregabatur

2093 912 2326 970 quoque
2357 896 2610 969 populus
2643 896 2702 952 in
2735 897 2909 966 circo,
2942 903 2995 952 et
3045 895 3418 952 celebrabant
3469 904 3737 952 senatum

2092 985 2386 1053 laudibus,
2420 985 2742 1040 clamantes
2791 1001 2802 1038 :
2842 1006 2868 1037 ι
2920 983 3089 1040 Multi
3131 984 3248 1040 sint
3289 984 3427 1040 anni
3477 989 3735 1058 senatus.

2090 1079 2338 1133 Senatus
2369 1079 2787 1144 Romanorum,
2822 1079 2884 1130 tu
2919 1076 3138 1130 vincas.
3172 1077 3211 1130 Δ
3246 1080 3357 1132 Deo
3391 1077 3588 1131 datum
3624 1076 3739 1132 im—

2091 1169 2413 1236 peratorem
2474 1165 2752 1221 exercitui
2813 1165 3218 1237 [ﬂagitamus].
3275 1168 3320 1219 Α
3370 1165 3484 1220 Deo
3535 1166 3736 1222 datum

2088 1254 2498 1326 imperatorem
2531 1255 2657 1311 orbi
2688 1259 2998 1323 terrarum,
3035 1277 3063 1304 »
3095 1259 3152 1311 et
3192 1255 3357 1326 plura
3391 1256 3549 1312 talia.
3583 1256 3735 1312 248

2090 1344 2298 1401 Positis
2329 1344 2563 1401 interim
2598 1346 2856 1401 scamnis
2885 1344 2947 1400 in
2979 1345 3202 1416 porticu
3236 1361 3445 1415 magno
3478 1344 3732 1400 triclinio

2090 1438 2397 1506 praetensa,
2448 1434 2828 1491 considebant
2887 1449 3156 1505 proceres
3203 1450 3406 1490 omnes
3452 1438 3509 1490 et
3548 1434 3738 1489 archi-

2087 1523 2419 1594 episcopus,
2442 1527 2500 1578 et
2530 1523 2886 1594 incipiebant
2917 1523 3068 1579 inter
3097 1538 3222 1579 sese
3253 1524 3324 1580 de
3354 1523 3603 1580 creando
3644 1524 3737 1578 tu-

2087 1615 2341 1683 turoque
2397 1613 2748 1683 imperatore
2797 1612 3008 1667 acriter
3057 1612 3426 1682 contendere,
3478 1610 3590 1668 alio
3635 1611 3734 1666 alii

2087 1701 2382 1756 studente.
2417 1701 2700 1772 Tempore
2727 1704 2920 1757 autem
2943 1700 3503 1770 inutiliterlabente,
3524 1701 3734 1756 adhor-

2085 1789 2320 1859 tabatur
2349 1788 2513 1846 Celer
2544 1787 2820 1859 magister
2847 1805 2988 1846 suos
3030 1789 3113 1844 ita
3149 1805 3162 1843 :
3209 1811 3238 1840 ‹‹
3286 1790 3472 1862 Agite,
3523 1789 3736 1856 aiebat,

2086 1879 2278 1948 amici,
2297 1879 2680 1936 decernamus
2702 1879 2938 1935 tandem
2957 1879 3272 1951 aliquando
3295 1884 3351 1935 et
3367 1879 3737 1952 perﬁciamus

2087 1968 2338 2037 decreta,
2362 1969 2546 2024 donec
2568 1968 2718 2024 licet.
2747 1968 2805 2023 Si
2839 1968 3064 2040 absque
3099 1984 3264 2024 mora
3297 1985 3402 2024 nos
3440 1983 3470 2025 e
3500 1971 3735 2024 senten-

2086 2057 2168 2113 tia
2197 2061 2399 2113 nostra
2427 2057 2963 2128 nuncupaverimus
2996 2058 3262 2113 futurum
3301 2057 3733 2128 imperatorem,

2086 2149 2409 2218 sequentur
2439 2160 2646 2202 omnes
2678 2155 2871 2217 partes
2903 2153 3153 2215 nostras,
3197 2151 3253 2200 et
3291 2145 3641 2217 tranquillos
3673 2161 3735 2199 se

2086 2233 2487 2291 continebant.
2522 2235 2683 2300 Quod
2716 2234 2765 2289 si
2798 2248 2930 2289 vero
2962 2233 3258 2290 tantillum
3311 2233 3502 2289 adhuc
3551 2248 3736 2290 cesse.

2083 2339 2239 2392 mus,
2273 2339 2390 2380 non
2419 2321 2528 2379 erit
2558 2322 2812 2394 amplius
2843 2338 3022 2394 penes
3045 2339 3150 2378 nos
3171 2322 3531 2378 deliberandi
3553 2325 3608 2377 et
3631 2321 3730 2377 de-

2085 2413 2358 2471 cernendi
2404 2412 2742 2479 arbitrium,
2782 2412 2883 2468 sed
2932 2412 3115 2469 coacti
3150 2411 3373 2468 erimus
3404 2411 3536 2467 aliis
3564 2411 3734 2466 obse-

2084 2503 2360 2561 cundare.
2393 2524 2423 2553 »
2481 2503 2674 2568 Quum
2732 2515 2867 2557 vero
2923 2500 3309 2559 nihilominus
3358 2499 3626 2572 jurgium
3676 2504 3737 2556 et

2083 2591 2373 2650 contentio
2405 2592 2779 2663 pertinerent,
2805 2590 3226 2662 nuncupabant
3254 2589 3622 2645 excubitores
3639 2605 3733 2644 su-

2081 2697 2186 2754 pra
2215 2682 2275 2737 in
2305 2681 2459 2737 circo
2490 2680 2902 2752 imperatorem
2937 2678 3192 2750 aliquem
3224 2677 3510 2733 Joannem
3542 2677 3732 2732 tribu-

2081 2787 2245 2838 num,
2278 2769 2473 2839 illum,
2504 2769 2607 2842 qui
2641 2773 2768 2825 tum
2801 2768 3076 2840 temporis
3108 2766 3417 2823 familiaris
3447 2766 3587 2823 Divo
3626 2767 3731 2822 lu-

2081 2861 2238 2918 stino
2286 2864 2431 2927 erat,
2478 2864 2536 2916 et
2579 2858 2854 2930 deinceps
2905 2859 2976 2914 ad
3009 2857 3405 2930 episcopatum
3437 2856 3728 2913 Heracleas

2081 2949 2362 3026 pervenit.
2389 2951 2555 3005 Hunc
2581 2947 2926 3006 attollebant
2949 2949 3008 3004 in
3032 2947 3506 3004 scutum.Verum
3526 2945 3727 3004 Veneti

2080 3056 2206 3097 eam
2239 3039 2576 3096 electionem
2602 3054 2716 3094 non
2737 3037 3152 3110 approbantes,
3177 3037 3540 3108 dissipabant
3567 3053 3729 3108 spar—

2079 3129 2160 3185 sis
2189 3128 2342 3184 saxis
2373 3126 2534 3182 illam
2566 3127 2912 3194 factionem;
2941 3126 3203 3196 ipsorum
3237 3130 3430 3181 autem
3462 3125 3722 3182 vicissim

2080 3216 2302 3288 aliquot
2347 3213 2618 3288 peribant
2665 3213 2890 3286 sagittis
2936 3214 3339 3270 excubitorum
3379 3213 3613 3270 conﬁxi.
3643 3217 3723 3267 Ex

325 3309 419 3364 καὶ
472 3305 844 3385 φυλαχθῆναι.
899 3307 1230 3384 Ἠνάγκαζον
1280 3305 1338 3363 δὲ
1373 3309 1568 3369 πάντες
1615 3308 1671 3362 οἱ
1722 3302 1968 3380 έξκουόί-

2085 3305 2252 3362 altera
2284 3307 2444 3377 parte
2476 3306 2712 3359 ruentes
2742 3301 3035 3369 scholarii,
3087 3302 3395 3374 raptabant
3441 3300 3722 3372 aliquem,

323 3415 480 3469 τορες
540 3393 700 3450 αὐτὸν
747 3395 1130 3450 Ἰουστινιανὸν
1190 3399 1272 3468 (2)
1319 3397 1409 3450 τὸν
1477 3391 1673 3466 εύσεϐἧ
1728 3397 1966 3473 γενέσθαι

327 3482 576 3560 βασιλέα.
619 3485 678 3538 Ὀ
739 3482 797 3540 δὲ
846 3487 1227 3560 παρῃτήσατσ
1291 3487 1408 3541 καθ’
1471 3481 1696 3542 ἷκαστον
1764 3483 1821 3542 δὲ
1860 3490 1968 3542 τῶν

326 3574 748 3648 ὀνομαζομένων
791 3571 1013 3646 ἔκρουον
1067 3575 1142 3637 εἰς
1198 3575 1293 3637 τὰς
1341 3575 1504 3650 θύρας
1551 3577 1646 3638 τὰς
1691 3574 1976 3654 ἐλεφαντί-

325 3684 474 3732 νους,
524 3668 813 3734 ζητοῦντες
860 3663 1008 3738 παρᾶ
1047 3667 1155 3719 τῶν
1196 3659 1666 3740 κουϐικουλαρίων
1714 3665 1777 3720 τὸ
1828 3670 1974 3740 σχῆ-

331 3773 406 3826 μα
436 3753 514 3824 (3)
543 3757 640 3806 τοῦ
695 3750 984 3826 βασιλέωςο
1039 3753 1090 3806 o't
1149 3749 1226 3823 δὲ,
1284 3752 1572 3815 ἀκούοντες
1617 3754 1683 3808 τὰ
1738 3749 1977 3825 ὀνόματα

323 3845 434 3896 τῶν
486 3835 980 3914 προϐαλλομένων,
1032 3841 1134 3896 ούκ
1178 3838 1456 3898 ἐπέδοσαν.
1512 3839 1835 3898 Τελευταῖον
1886 3841 1977 3895 οὖν

324 3931 377 3986 οἱ
423 3927 785 4005 συγκλητικοὶ
860 3927 1056 3992 πάντες
1133 3929 1408 4002 αἱροῦνται
1484 3930 1578 3984 τὸν
1653 3933 1753 3995 τῆς
1829 3929 1975 3994 θείας

323 4017 534 4090 λήξεως
567 4019 884 4090 Ἰουστῖνον,
923 4018 1014 4074 καὶ
1043 4019 1245 4092 τρόπον
1293 4017 1414 4073 τινὰ
1463 4018 1770 4093 ἠνάγκασαν
1819 4017 1978 4073 αὐτὸν

326 4105 500 4163 ἔλθεῖν
535 4105 621 4162 ἐπὶ
654 4108 716 4163 τὸ
768 4114 982 4182 σχῆμα.
1020 4105 1324 4184 Σχολάρισι
1371 4104 1429 4163 δέ
1472 4127 1610 4169 τινες
1661 4107 1981 4182 ἀπαρεσθένο

325 4217 415 4258 τες
439 4195 681 4262 ἐπῆλθον
714 4196 884 4269 αὐτῷ,
927 4194 1067 4253 ὥστε
1117 4197 1208 4252 καὶ
1252 4194 1342 4252 ’ένα
1392 4195 1578 4252 δοῦναι
1624 4197 1774 4268 αύτῷ
1821 4197 1982 4272 γρόν-

327 4288 418 4341 θον
452 4288 530 4360 (4)
559 4286 648 4341 καὶ
679 4285 868 4361 σχίσαι
907 4287 969 4342 τὸ
1001 4285 1196 4365 χεῖλος
1249 4287 1440 4345 αὐτοῦ.
1488 4285 1642 4356 Πλὴν
1687 4286 1977 4360 ἐκράτησεν

328 4376 363 4444 ἡ
413 4375 607 4449 γνώμη
663 4377 899 4444 πάντων,
967 4379 1058 4430 καί
1135 4373 1516 4450 συγκλητικῶν
1572 4376 1663 4430 καὶ
1721 4395 1982 4450 στρατιω-

328 4468 437 4519 τῶν
470 4465 559 4518 καὶ
593 4462 878 4538 δημοτῶν,
909 4464 1000 4520 καὶ
1046 4463 1316 4540 ἀνηνέχθη
1370 4464 1445 4526 εἰς
1487 4465 1550 4520 τὸ
1599 4465 1846 4534 ἱππικὸν,
1889 4465 1978 4519 καὶ

331 4552 618 4625 συνῄνεσαν
673 4552 754 4608 ἐπ’
818 4552 963 4624 αύτῷ
1020 4553 1112 4608 καὶ
1164 4552 1376 4610 Βένετοι
1428 4553 1517 4609 καὶ
1566 4553 1846 4630 Πράσινοι,
1890 4553 1982 4608 καὶ

2081 3410 2252 3467 quem
2286 3395 2397 3466 ipsi
2426 3393 2722 3460 tenebant,
2757 3391 3092 3464 patricium,
3126 3391 3434 3448 stratelatm
3484 3406 3724 3447 munere

2079 3486 2434 3556 fungentem,
2458 3482 2835 3556 mediumque
2857 3497 3033 3554 super
3053 3481 3388 3538 accubitum
3417 3481 3542 3552 [seu
3567 3496 3726 3536 men-

2081 3591 2207 3632 sam
2240 3572 2441 3646 magni
2472 3572 2734 3644 triclinii]
2768 3571 3116 3628 collocatum
3149 3571 3210 3627 in
3242 3586 3308 3626 eo
3339 3573 3503 3626 erant
3533 3573 3598 3626 ut
3627 3585 3730 3626 co-

2083 3667 2378 3721 ronarent.
2413 3664 2491 3719 At
2516 3661 2880 3718 excubitores
2921 3661 3052 3718 irati
3085 3660 3350 3718 celeriter
3381 3659 3730 3716 advolabant

2080 3753 2495 3823 hominemque
2512 3752 2610 3823 [de
2633 3750 2930 3824 accubitu]
2951 3752 3276 3806 detractum
3294 3751 3418 3821 jam
3440 3749 3731 3804 trucidare

2085 3843 2505 3917 parabant.Sed
2529 3843 2673 3898 forte
2689 3846 2813 3897 tum
2839 3855 3095 3914 praesens
3120 3839 3425 3912 piissimus
3448 3838 3732 3894 Dominus

2085 3939 2282 3990 noster
2296 3930 2874 4003 Justinianus,[Petri
2897 3929 3156 4001 Magistri
3187 3927 3364 3984 verba
3397 3926 3562 4000 sunt]
3593 3929 3733 3982 tunc

2083 4018 2743 4090 candidatus,liberabat
2767 4033 2900 4074 eum
2925 4034 2959 4073 ιι
2976 4029 3116 4074 nece
3137 4015 3560 4088 efﬁciebatque,
3576 4018 3638 4070 ut
3658 4015 3733 4070 ad

2085 4108 2421 4167 excubitum
2452 4108 2578 4182 [seu
2614 4107 2928 4164 stationem
2959 4110 3016 4163 et
3044 4105 3278 4161 diatam
3302 4104 3733 4176 excubitorum]

2086 4199 2146 4255 in
2177 4198 2504 4255 custodiam
2539 4197 2886 4256 mitteretur.
2919 4195 3006 4252 Ad
3035 4195 3159 4252 baac
3197 4194 3513 4250 atterebant
3559 4208 3732 4249 excu-

2087 4288 2306 4345 bitores
2337 4288 2410 4344 ad
2451 4302 2632 4342 unum
2664 4302 2868 4343 omnes
2899 4284 3234 4342 Justiniano
3263 4283 3378 4356 ipsi
3407 4282 3734 4354 vim,quam

2089 4379 2378 4450 poterant,
2407 4391 2663 4442 omnem,
2697 4378 2762 4430 ut
2807 4377 3101 4447 pateretur
3147 4372 3462 4444 imperator
3506 4386 3737 4427 nuncu-

2089 4467 2236 4539 pari.
2272 4470 2344 4520 Δι
2372 4464 2471 4521 ille
2499 4481 2636 4521 vero
2666 4463 3107 4536 deprecabatur.
3146 4461 3346 4534 Itaque
3377 4460 3510 4516 aliis
3561 4465 3738 4532 atque

2092 4555 2225 4612 aliis
2255 4555 2314 4610 in
2346 4570 2588 4612 censum
2615 4553 2981 4610 venientibus
3004 4550 3233 4624 imperii
3259 4549 3740 4623 candidatis,pul-

330 4642 381 4694 οἱ
413 4635 862 4716 κουϐικουλάριοι
913 4641 1112 4704 εύθέως
1165 4641 1226 4696 τὸ
1286 4649 1482 4720 σχῆμα
1539 4639 1810 4718 ἔπεμψαν.
1861 4641 1982 4700 Εἰσ-

2089 4644 2300 4702 sabant
2328 4648 2544 4716 partes,
2573 4643 2801 4716 quoties
2844 4641 3102 4713 aliquem
3144 4641 3554 4712 imperatorem
3587 4656 3738 4695 nun-

328 4727 496 4801 ῆλθεν
528 4731 618 4786 οὗν
651 4731 727 4793 εἷς
756 4732 818 4786 τὸ
849 4731 1108 4805 κάθισμα,
1154 4731 1406 4796 συνόντος
1451 4730 1600 4804 αύτῷ
1645 4735 1744 4787 τοῦ
1791 4731 1980 4807 ἀρχιε-

2091 4737 2398 4805 cuparent,
2431 4741 2656 4804 portam
2689 4731 3028 4800 eburneam,
3063 4729 3391 4801 ﬂagitantes
3434 4727 3659 4786 scilicet
3706 4745 3741 4784 a

1697 4855 1942 4914 VARLE
1972 4856 2384 4915 LECTIONES.

400 4965 446 5000 ³⁸
475 4962 854 5038 ἀπηρέστησαν
888 4971 986 5022 aut
1014 4963 1470 5039 ἀπηρεστήθησαν
1501 4964 1656 5036 conj.
1689 4965 1753 5021 Β.

1373 5089 1577 5147 JOAN.
1625 5089 1772 5148 JAC.
1816 5089 2082 5149 REISKII
2122 5089 2718 5148 COMMENTARIUS.

410 5187 527 5262 (99)
557 5186 665 5262 Ριζο
719 5187 1003 5262 στέψοντες
1043 5188 1132 5245 vel
1182 5185 1481 5262 μέλλοντες
1513 5185 1851 5262 στέψέιν.Εο
1881 5205 1990 5246 usu

335 5255 576 5333 verbum
613 5255 852 5333 ὀφείλειν
883 5260 1151 5333 frequens
1183 5255 1288 5318 'est
1334 5262 1499 5333 apud
1519 5255 1703 5333 novos
1733 5261 1986 5318 Graecos.

338 5330 464 5406 yid.
492 5330 826 5406 Theophan.
882 5347 940 5402 p.
965 5332 1062 5406 ﬁt
1111 5337 1168 5388 et
1214 5333 1449 5406 p.335.
1482 5331 1714 5402 Malala,
1747 5337 1790 5390 t.
1826 5335 1896 5402 Il,
1929 5349 1989 5406 p.

338 5402 453 5476 2087
476 5403 692 5476 media.
727 5402 936 5458 Noster
962 5402 1114 5459 intra
1152 5402 1370 5476 p.296.

411 5475 490 5549 (t)
529 5474 1323 5549 Ρνκςσηεςφίεεεηεηπᾱρών.
1357 5475 1570 5532 Eodem
1602 5491 1772 5549 sensu
1817 5491 1996 5548 supra

343 5545 596 5620 habetur
662 5563 718 5618 p.
781 5547 906 5620 194,
989 5545 1334 5620 εὑρίσκονται
1389 5551 1609 5620 praesto
1654 5545 1997 5604 adsuntht

348 5618 521 5690 paulo
552 5614 680 5690 post
703 5634 755 5673 v.
788 5619 914 5672 249.
949 5614 1323 5686 οὐχ’ἠδυνήθη
1354 5614 1657 5690 εὑρεθῆναι.

420 5689 500 5758 (2)
554 5689 956 5745 Ἰουστινιανόν.
1015 5691 1213 5746 Videri
1246 5689 1423 5761 queat
1458 5689 1745 5744 Ἰουστῖνον
1799 5689 1996 5761 legen-

347 5757 490 5814 dum
519 5774 664 5818 esse.
707 5761 824 5834 Ego
870 5767 1063 5820 tamen
1104 5779 1138 5818 a
1165 5757 1412 5834 vulgata
1441 5777 1555 5818 non
1587 5761 1837 5818 discedo.
1860 5757 1994 5817 Non

2099 5195 2256 5246 enim
2289 5205 2438 5262 opus
2466 5195 2574 5247 est.

2169 5261 2250 5334 (ξ)
2282 5261 2678 5334 ltainspecie
2708 5259 3118 5334 appellabatur
3137 5258 3369 5334 habitus
3389 5258 3477 5314 vel
3499 5257 3744 5334 vest_i_tus

2101 5328 2316 5418 regius,
2366 5328 2620 5405 insignia
2666 5328 2852 5404 regni.
2903 5332 2983 5389 Eo
3031 5347 3202 5387 sensu
3231 5331 3367 5412 .jam
3411 5331 3561 5402 apud
3593 5328 3744 5385 The-

2100 5410 2366 5477 mistium
2417 5421 2473 5477 p.
2520 5405 2606 5473 13,
2658 5403 2750 5459 ed.
2796 5403 2974 5458 Hard.
3021 5407 3312 5469 occurrit;
3352 5417 3403 5456 v.
3442 5403 3522 5456 Du
3555 5401 3747 5471 Gange

2461 5445 2473 5458 ο
2523 5443 2606 5473 βυ,
2659 5443 2750 5459 νυ.
2797 5443 2974 5458 nul“.
3022 5443 3273 5458 νυνυιιι-
3299 5446 3312 5469 ’
3362 5443 3403 5456 10

2102 5475 2258 5619 b.86.)
2288 5547 2409 5605 Vox
2439 5563 2596 5606 novae
2645 5546 2898 5619 Graeciae,
2952 5548 3162 5619 notans
3207 5543 3384 5619 pugni
3428 5543 3486 5619 in
3533 5544 3744 5619 vultum

2105 5615 2764 5696 inﬂictioncm._Dicitur
2811 5615 2984 5696 etiam
3020 5615 3254 5696 79690:;
3294 5617 3410 5670 vid.
3446 5616 3748 5696 (λιιι-(ἰωῆς

2105 5686 2297 5761 Gloss.
2355 5695 2453 5746 Gr.
2514 5691 2571 5746 b.
2626 5706 2680 5743 v.
2733 5699 2790 5744 et
2862 5686 3226 5761 Theophan.,
3278 5703 3406 5757 pag.
3460 5686 3587 5749 208,
3645 5686 3747 5737 ubi

2103 5760 2464 5834 γροθίζεσθαι.
