4090 6216
377 341 491 405 791

1441 339 1970 402 GONSTANTINI
2015 342 2714 405 PORPHYROGENITI

3660 346 3769 405 792

378 480 752 538 cubiculariis
782 479 1019 537 schema
1066 494 1165 536 seu
1216 481 1490 535 ornatum
1540 478 1919 551 imperialem.
1950 477 2018 534 Hi

2136 478 2409 532 πισκόπου
2458 479 2705 536 Ἰωάννου
2759 478 2851 534 καὶ
2899 478 3007 534 τῶν
3065 474 3275 534 λοιπῶν
3329 478 3620 556 ἀρχόντων
3668 486 3769 537 τῶν

375 587 508 626 vero
540 570 847 641 negabant,
882 570 1037 625 edita
1066 583 1266 624 eorum
1297 568 1597 624 audientes
1635 568 1883 637 nomina,
1916 583 2017 638 pro

377 658 589 727 quibus
605 663 799 730 partes
823 658 1145 714 identidem
1170 673 1385 714 sacram
1405 663 1621 714 vestem
1642 657 2015 730 ﬂagitabant;

375 747 556 802 donec
613 750 844 804 tandem
905 747 1222 824 aliquando
1284 752 1520 804 senatus
1578 748 1771 806 omnis
1828 748 2018 805 divum

372 837 665 893 Justinum
698 837 961 909 eligeret,
988 854 1238 910 eumque
1268 838 1700 909 quodammodo
1721 839 1793 895 ad
1824 854 2020 910 accep-

375 926 618 982 tandum
651 927 889 984 schema
934 928 1211 999 adigeret.
1246 928 1522 993 Quamvis
1562 932 1756 985 autem
1799 932 1857 985 et
1884 928 2021 985 huic

375 1016 677 1088 negotium
709 1017 1058 1075 facesserent
1105 1024 1278 1090 atque
1317 1017 1715 1090 obstreperent
1745 1017 2021 1075 scholarii

379 1107 616 1175 quidam
642 1110 805 1163 tanta
821 1124 955 1163 cum
986 1106 1424 1179 importunitate
1453 1112 1511 1163 et
1540 1107 1921 1177 impudentia,
1954 1111 2024 1164 ut

379 1195 555 1253 etiam
589 1213 743 1253 unus
793 1213 991 1253 eorum
1024 1197 1236 1269 aliquis
1273 1197 1460 1254 acutis
1492 1197 1808 1270 compliciti
1840 1197 2021 1270 pugni

381 1285 639 1358 condylis
668 1285 729 1342 in
761 1303 825 1343 os
857 1288 983 1358 ejus
1030 1286 1276 1359 ingestis
1322 1286 1542 1343 labium
1585 1286 1699 1359 ipsi
1730 1287 1974 1344 ﬁnderet
2004 1302 2018 1341 :

381 1374 678 1431 obtinebat
722 1380 919 1432 tamen
968 1376 1232 1433 omnium
1281 1379 1403 1432 tam
1455 1381 1810 1447 senatorum,
1842 1392 2023 1448 quam

382 1464 636 1521 militum
657 1472 709 1521 et
732 1465 1099 1537 popularium
1133 1466 1454 1522 factionum
1476 1468 1795 1536 sententia;
1829 1483 2025 1522 ascen-

382 1554 556 1610 debat
584 1554 854 1612 Justinus
902 1556 1224 1613 conductus
1270 1556 1330 1611 in
1380 1555 1705 1628 hippicum,
1740 1556 1836 1611 ubi
1877 1556 1928 1612 ei
1961 1570 2024 1612 se

382 1643 749 1715 acquiescere
778 1645 1015 1717 publica
1042 1660 1181 1701 voce
1227 1645 1595 1701 testabantur
1629 1645 1834 1701 Veneti
1862 1661 2025 1716 seque

380 1736 553 1804 atque
594 1732 818 1788 Prasini
854 1750 866 1787 :
897 1737 956 1789 et
1003 1732 1347 1790 cubicularii
1396 1733 1707 1789 mittebant
1756 1734 2024 1805 protinus

381 1822 616 1879 schema
646 1839 747 1878 seu
799 1829 1070 1877 ornatum
1117 1822 1499 1893 imperialem.
1539 1822 1803 1878 Intrabat
1833 1823 2026 1894 itaque

378 1909 720 1966 Justinusin
744 1910 1248 1982 cathisma,secum
1272 1910 1495 1967 habens
1517 1910 2022 1985 archiepiscopum

378 2000 658 2057 Joannem
716 2000 866 2057 249
917 2000 1286 2072 reliquosque
1338 2016 1627 2073 proceres,
1679 2001 1893 2074 quibus
1940 2002 2027 2057 in-

380 2092 545 2163 gredi
576 2092 862 2147 cathisma
892 2092 981 2148 fas
1028 2099 1083 2147 et
1127 2108 1252 2148 mos
1280 2098 1394 2160 est;
1430 2091 1636 2163 reliqui
1663 2096 1859 2148 autem
1891 2108 2024 2164 pro-

380 2196 542 2239 ceres
589 2181 742 2236 int‘ra
790 2181 1167 2247 restitabant;
1218 2181 1350 2237 dein
1395 2180 1709 2253 recipiebat
1755 2188 1918 2237 stans
1964 2181 2025 2238 in

380 2273 546 2327 scuto
576 2277 841 2340 torquem
889 2286 923 2325 a
959 2268 1183 2339 Godila,
1224 2269 1663 2341 campiductore
1708 2268 2024 2328 lanceario-

286 2370 289 2371 '
380 2360 538 2437 rium
564 2359 676 2417 sibi
698 2359 1056 2431 impositum.
1079 2360 1198 2424 Quo
1230 2360 1380 2416 facto
1412 2358 1682 2432 protinus
1719 2360 2027 2432 erigeban-

380 2454 475 2508 tur
499 2450 689 2523 signa,
713 2466 840 2522 quae
871 2448 1152 2505 hactenus
1192 2448 1358 2504 humi
1391 2449 1721 2519 jacuerant,
1744 2451 2026 2522 quemad-

382 2541 623 2597 modum
649 2540 707 2595 in
730 2538 946 2595 talibus
971 2538 1528 2610 inaugurationibus
1558 2538 1681 2594 ﬁeri
1701 2539 1867 2595 solet.
1902 2540 2027 2596 Non

374 2634 575 2687 autem
609 2628 860 2684 intrabat
891 2627 1069 2700 (quod
1116 2626 1215 2681 alii
1265 2627 1450 2683 facere
1491 2631 1937 2699 consueverunt)
1968 2628 2028 2684 in

389 2716 711 2774 triclinium
746 2714 1019 2772 mutandi
1052 2714 1295 2771 vestitus
1324 2716 1547 2787 gratia;
1582 2716 1678 2771 sed
1697 2714 1911 2772 milites
1942 2720 2030 2773 te-

384 2806 680 2864 studinem
703 2805 1066 2877 circaipsum
1089 2804 1266 2860 scutis
1283 2804 1406 2860 suis
1429 2804 1703 2860 facientes
1726 2804 2032 2877 cingebant

383 2912 537 2967 eum,
552 2900 609 2952 et
630 2896 743 2952 sub
757 2896 864 2951 hoc
885 2894 1143 2966 tegmine
1164 2894 1730 2951 induebatJustinus
1760 2894 2027 2964 schema;

389 2986 524 3043 dein
555 2984 893 3056 imponebat
921 2983 1037 3055 ipsi
1067 2982 1374 3055 episcopus
1406 2982 1515 3052 [vel
1549 2984 1902 3057 patriarcha]
1935 3002 2030 3041 co-

385 3093 621 3136 ronam:
655 3076 767 3149 ipsi
802 3092 980 3133 manu
1030 3075 1353 3148 accipiebat
1397 3075 1659 3132 lanceam
1690 3079 1746 3132 et
1775 3080 2029 3145 scutum,

385 3175 440 3225 et
484 3167 841 3224 ascendebat
889 3165 971 3238 [in
1018 3164 1306 3221 ealhisma
1356 3164 1464 3222 hoc
1510 3165 1760 3237 habitu],
1803 3170 1860 3222 et
1907 3170 2030 3222 tum

2054 1874 2101 1939 B

2128 565 2402 630 εἰωθότων
2435 567 2772 643 εἷσὲρχεσθαι
2814 567 2891 631 είς
2942 568 3006 622 τὸ
3055 568 3315 643 κάθισμα,
3368 570 3459 624 καὶ
3510 571 3563 626 οἱ
3614 568 3769 626 ἄλλοι

2125 651 2389 730 ἃρχοντες
2440 656 2587 712 κάτω
2628 656 2872 725 ’ίσταντο,
2909 657 3001 712 καὶ
3057 659 3112 713 ἓν
3161 663 3241 730 τῷ
3290 658 3597 733 σκουταρίῳ
3654 658 3769 737 ἕφόο

2126 758 2275 820 ρεσεν
2304 746 2398 801 τὺν
2430 749 2683 819 μανιάκιν
2713 745 3020 811 ἐπιτεθέντα
3051 746 3199 820 αὐτῷ
3245 750 3391 824 παρὰ
3438 747 3660 804 Γωόίλα
3698 754 3767 824 (5)

2125 837 2224 887 τοῦ
2254 831 2732 909 καμπιδούκτορος
2759 839 2865 889 τῶν
2900 833 3237 910 λαγκιαρίων
3280 836 3350 906 ³⁸,
3397 837 3487 890 καὶ
3542 836 3765 912 ὠρθώθη

2127 930 2475 998 παραχρῆμα
2535 924 2601 979 τὰ
2653 925 2805 1001 σίγνα
2867 925 3090 998 κείμενα
3155 924 3237 980 ἐπ’
3302 922 3536 999 ἐδάφους
3609 926 3768 996 κάτω,

2129 1010 2216 1068 ἐπὶ
2282 1017 2390 1068 τῶν
2455 1013 2721 1069 τοιούτων
2792 1014 3193 1090 ἆναγορεύσεων
3275 1014 3597 1087 εἰθισμένον.
3668 1015 3775 1073 Οὐκ

2130 1098 2383 1170 εἰσῆλθεν
2424 1098 2483 1156 δὲ
2539 1101 2615 1164 εἷς
2671 1103 2763 1158 τὸν
2814 1102 3115 1178 τρίκλινον,
3182 1102 3273 1159 καὶ
3321 1101 3580 1176 ἤλλαξεν,
3636 1102 3777 1157 ἆλλᾶ

2131 1187 2395 1261 ἐποίησαν
2429 1189 2686 1266 χελώνην
2723 1194 2776 1247 οἱ
2808 1196 3157 1267 στρατιῶται,
3187 1193 3278 1247 καὶ
3310 1193 3420 1248 ἐκεῖ
3469 1190 3775 1260 ἐνεδύσατο,

2128 1281 2220 1335 καὶ
2270 1280 2361 1334 τὸν
2428 1282 2688 1358 στέφανον
2738 1283 2817 1356 (6)
2870 1279 3126 1353 ἐπέθηκεν
3180 1282 3331 1354 αὐτῷ
3384 1283 3412 1337 ὁ
3462 1281 3779 1349 ἐπίσκοπος,

2128 1371 2217 1425 καὶ
2262 1369 2525 1444 ἐκράτησε
2582 1369 2827 1447 λαγκίδιν
2888 1372 2978 1427 καὶ
3028 1372 3338 1449 σκουτᾶριν,
3387 1374 3478 1428 καὶ
3526 1373 3779 1445 ἀνῆλθεν,

2128 1461 2218 1516 καὶ
2250 1455 2473 1536 ἔκραξαν
2502 1462 2717 1524 πάντες·
2755 1486 2783 1515 ι(
2818 1465 3076 1519 Ἰουστῖνε
3107 1464 3407 1538 Αὕγουστε,
3440 1464 3503 1519 σὺ
3542 1469 3718 1535 νικᾷς.
3759 1489 3777 1516 Ι

2130 1550 2233 1606 Καὶ
2274 1550 2696 1626 προσεφώνησεν
2743 1555 2823 1623 τῷ
2871 1549 3059 1627 δήμῳ,
3109 1549 3449 1616 ἐπιδοθὲντος
3497 1552 3645 1624 αὕτῷ
3684 1558 3781 1608 τοῦ

2132 1634 2518 1714 λιϐελλαρίου,
2546 1633 2674 1704 ἔνθα
2712 1640 2802 1695 καὶ
2855 1642 3128 1721 ὑπέσχετο
3178 1643 3365 1705 αὐτοῖς
3414 1644 3782 1698 κατασκουτά-

2130 1749 2213 1803 ριν
2278 1729 2437 1785 πέντε
2498 1729 2815 1804 νομίσματα
2879 1733 2968 1787 καὶ
3036 1732 3225 1806 λίτραν
3283 1733 3545 1809 ἀργύρου.
3603 1736 3677 1790 "re
3729 1732 3787 1790 δὲ

2130 1812 2486 1888 λιϐελλάριον
2544 1820 2851 1895 ἀνεγνώσθη
2906 1823 3052 1896 παρὰ
3134 1817 3536 1893 λιϐεΛλησίων,
3591 1822 3782 1893 ἐπειδὴ

2134 1903 2261 1963 οὔτε
2314 1909 2587 1983 κυαίστωρ
2645 1912 2724 1983 (7)
2779 1909 2994 1985 εὑρέθη,
3046 1911 3136 1967 καὶ
3185 1913 3212 1966 ὁ
3266 1912 3567 1988 μάγιστρος
3618 1912 3786 1985 Κέλερ

2136 1992 2226 2050 διὰ
2272 1998 2371 2066 τὴν
2420 1999 2719 2074 γενομένην
2786 2001 3034 2075 ταραχὴν
3086 1998 3177 2055 διὰ
3223 2000 3351 2064 τοὺς
3400 2000 3573 2065 πόδας
3624 2003 3790 2057 αὐτοῦ

2137 2085 2238 2141 οὐκ
2303 2085 2545 2158 ἠδυνήθη
2606 2088 2912 2165 εὑρεθῆναι,
2968 2089 3280 2165 ἀλλὰπρὸς
3328 2091 3427 2160 τὴν
3478 2090 3622 2167 ὣραν
3679 2093 3791 2147 ἀπ-

2136 2174 2381 2255 ελείφθη.
2411 2180 2574 2252 Ἔχει
2606 2175 2661 2233 δέ
2690 2181 2725 2248 ἠ
2757 2180 3141 2254 προσφώνησις
3173 2180 3366 2243 οὕτως.
3417 2180 3790 2258 Αὐτοκράτωρ

2137 2273 2341 2342 Καῖσαρ
2389 2269 2683 2333 Ἰουστῖνος
2734 2272 2964 2341 νικητὴς
3011 2270 3091 2326 ἀεὶ
3152 2266 3431 2334 σεϐαστός·
3484 2295 3512 2324 ‹‹
3556 2274 3640 2346 Τῇ
3690 2275 3793 2326 τοῦ

2136 2353 2553 2429 παντοδυνᾶμου
2621 2361 2754 2412 Θεοῦ
2819 2358 3014 2431 κρίσει,
3074 2362 3142 2432 τῇ
3198 2380 3257 2414 τε
3342 2358 3573 2433 ὑμετέρᾳ
3629 2365 3790 2434 κοινῇ

2141 2441 2350 2518 ἐκλογῇ
2382 2446 2521 2520 πρὸς
2545 2447 2646 2515 τήν
2681 2445 2966 2521 βασιλείαν
2999 2449 3375 2523 χωρήσαντες,
3402 2450 3502 2517 τὴν
3536 2448 3792 2521 οὐράνιον

2139 2533 2403 2610 πρόνοιαν
2473 2534 2901 2610 ἐπικαλούμεθα·
2966 2561 2995 2591 ››
3057 2538 3210 2614 Παρὰ
3286 2537 3497 2594 πάντων
3555 2533 3785 2610 ἐϐοήθηο

2140 2646 2170 2678 ‹‹
2201 2625 2451 2702 Ἀφθονα
2480 2629 2547 2699 τῇ
2580 2625 2875 2701 οἰκουμένῃ
2905 2627 2979 2689 ὡς
3012 2624 3229 2699 ἕζησας,
3262 2626 3405 2683 οὕτω
3439 2625 3785 2703 βασίλευσον·

2138 2712 2341 2792 ἄφθονα
2394 2717 2463 2788 τῇ
2529 2712 2800 2788 πολιτείᾳ⁶
2856 2715 3091 2773 Βασιλεῦ
3158 2717 3396 2791 οὖράνιε,
3466 2723 3638 2773 σῶσον
3692 2717 3791 2771 τὸν

2139 2802 2396 2879 ἐπίγειον.
2461 2805 2716 2862 Ἰουστῖνε
2761 2804 3065 2883 Αὕγουστε,
3134 2807 3196 2863 σὺ
3262 2812 3436 2879 νικᾷς’
3501 2812 3599 2863 τοῦ
3662 2807 3789 2863 νέου

2142 2895 2549 2951 Κωνσταντίνου
2580 2898 2653 2966 (8)
2684 2895 2871 2952 πολλᾶ
2899 2897 2965 2952 τὰ
2992 2890 3109 2968 ἔτη.
3141 2898 3333 2970 Ἡμεῖς
3366 2895 3556 2953 δοῦλοι
3573 2902 3670 2953 τοῦ
3695 2899 3795 2972 βα-

2142 2982 2359 3047 σιλέως.
2391 3007 2420 3036 ››
2453 2984 2819 3058 Αὐτοκράτωρ
2852 2990 3063 3062 Καῖσαρ
3094 2986 3427 3063 Αὔγουστος·
3463 3012 3491 3038 ‹‹
3523 2988 3614 3049 Ὠς
3635 2984 3798 3042 ἂνόιὰ

2140 3074 2237 3143 τὴν
2271 3073 2469 3130 οἰκείαν
2503 3074 2913 3153 φιλανθρωπίαν
2961 3074 3235 3151 ἐνισχύσει
3264 3078 3435 3149 ἡμᾶς,
3480 3078 3688 3132 ἅπαντα
3722 3076 3797 3132 τὰ

2144 3163 2271 3235 ὑμῖν
2301 3184 2360 3218 τε
2389 3164 2479 3218 καὶ
2510 3168 2589 3235 τῷ
2612 3163 2867 3238 δημοσίῳ
2886 3163 3146 3245 ἒπωφελῆ
3171 3164 3296 3221 ὄντα
3314 3165 3552 3223 τελέσαι.
3581 3190 3608 3220 n
3632 3167 3797 3239 Παρᾶ

386 3257 720 3316 clamabant
748 3270 953 3313 omnes
987 3272 1000 3310 :
1037 3277 1065 3306 ‹‹
1091 3254 1325 3311 Justine
1354 3256 1632 3326 Auguste,
1664 3259 1725 3310 tu
1758 3255 1970 3311 vincas.
1996 3276 2024 3306 »

2141 3254 2353 3306 πάντων
2387 3250 2608 3328 ἐκράγηο
2643 3279 2669 3304 ιι
2705 3253 2795 3308 Υἱὲ
2823 3257 2979 3323 Θεοῦ,
3010 3253 3072 3308 σὺ
3103 3254 3265 3310 αὐτὸν
3298 3253 3544 3324 ἐλέησον·
3581 3254 3645 3309 σὺ
3692 3253 3797 3309 αὖ·

384 3346 746 3403 Tradebatur
776 3344 888 3414 ipsi
920 3360 1087 3413 porro
1140 3342 1402 3412 libellus,
1448 3343 1509 3398 in
1564 3358 1681 3413 quo
1710 3344 2033 3415 perscripta

388 3440 514 3491 erat
540 3434 665 3503 ejus
695 3432 767 3488 ad
812 3430 1028 3486 milites
1078 3438 1132 3486 et
1171 3429 1450 3500 populum
1501 3430 1796 3500 allocutio,
1828 3437 1885 3487 et
1917 3450 2033 3503 qua

386 3523 620 3580 illorum
654 3520 904 3593 singulis
935 3519 1116 3576 scutis
1135 3520 1213 3591 [id
1236 3523 1324 3575 est
1358 3520 1496 3576 viris
1529 3522 1798 3593 scutatis]
1823 3523 2031 3594 quinos

387 3626 596 3668 aureos
624 3624 898 3665 nummos
921 3612 978 3663 et
1006 3607 1269 3680 singulas
1298 3607 1461 3664 litras
1490 3610 1715 3681 argenti
1738 3611 2031 3681 promitte-

385 3701 501 3759 bat.
536 3700 694 3756 Hano
748 3696 1155 3754 allocutionem
1189 3712 1220 3754 e
1248 3696 1466 3769 scripto
1506 3698 1831 3756 recitabant
1860 3700 2029 3758 libel-

383 3791 602 3855 lenses,
635 3787 1113 3861 quandoquidem
1136 3802 1322 3858 neque
1353 3794 1599 3860 quasstor
1619 3790 2030 3863 aderat,neque

384 3879 548 3939 Celer
574 3879 849 3951 magister
877 3877 949 3934 ob
997 3876 1363 3933 articularem
1394 3878 1687 3948 morbum,
1723 3879 1823 3951 qui
1868 3881 2029 3952 pedi-

384 3970 494 4026 bus
524 3968 651 4041 ejus
680 3968 902 4024 interea
945 3970 1377 4038 supervenerat,
1410 3967 1613 4023 adesse
1642 3971 1893 4039 poterat,
1926 3971 2030 4026 sed

385 4075 490 4129 pro
518 4058 617 4115 illo
658 4057 893 4129 quidem
942 4056 1226 4128 temporis
1270 4055 1516 4113 articulo
1570 4057 2026 4116 desiderabatur.

383 4148 568 4207 Habet
587 4151 783 4206 autem
802 4143 1074 4203 allocutio
1096 4146 1526 4218 sic.lmperator
1548 4148 1736 4203 Caesar
1754 4148 2029 4206 Justinus

2140 3340 2229 3395 τὸν
2263 3339 2519 3410 ἐπελέξω·
2574 3342 2635 3395 σὺ
2686 3342 2843 3397 αὐτὸν
2887 3341 3137 3414 ἐλέησον.
3187 3347 3441 3401 Ἰουστῖνε
3488 3340 3793 3418 Αὕγουστε,

2143 3427 2204 3483 σὺ
2234 3433 2409 3499 νικᾷς,
2444 3453 2471 3480 ››
2511 3429 2601 3484 καὶ
2632 3429 2820 3487 πολλὰ
2852 3432 3095 3489 τοιαῦτα.
3142 3435 3201 3491 Ὀ
3253 3432 3604 3507 αὐτοκράτωρ
3655 3435 3797 3489 Καῖ-

2142 3538 2239 3593 σαρ
2301 3515 2628 3593 Αὔγουστος·
2680 3544 2708 3571 ‹‹
2754 3521 3021 3596 Ἠμετέρα
3068 3521 3159 3576 καὶ
3205 3520 3307 3597 γὰρ
3372 3522 3593 3598 φροντίς
3642 3519 3789 3575 ἐστιν

2138 3609 2193 3663 ’sv
2223 3607 2367 3683 πάσῃ
2428 3605 2683 3665 εὐοδώσει
2738 3611 2880 3684 ὑμᾶς
2925 3611 3039 3681 θείᾳ
3087 3611 3324 3685 προνοίᾳ
3368 3616 3645 3683 γαθιστᾷν,
3692 3611 3794 3666 καὶ

2144 3699 2279 3772 μετᾶ
2307 3697 2484 3768 πάσης
2513 3696 2848 3776 εὐφροσύνης
2880 3700 2969 3754 καὶ
3018 3699 3399 3776 περιθάλψεως
3446 3702 3536 3755 καὶ
3586 3700 3789 3774 ἀμερι-

2144 3788 2297 3860 μνίας
2329 3782 2420 3841 ἕνα
2463 3786 2688 3842 ’ἑκαστον
2740 3789 2893 3861 ὑμῶν
2938 3785 3343 3864 διαφυλάττειν.
3373 3812 3402 3841 ››
3448 3790 3599 3864 Παρὰ
3646 3788 3792 3843 πάν-

2138 3897 2244 3932 των
2278 3870 2505 3947 ὲϐοήθη.
2540 3900 2569 3929 ‹‹
2599 3876 2754 3947 "Aﬁr:
2782 3883 2882 3946 τῆς
2916 3876 3220 3953 βασιλείας,
3253 3878 3366 3949 ἄξιε
3395 3884 3495 3947 τῆς
3533 3874 3794 3951 Τριάδος,

2140 3962 2251 4038 ἄξιε
2280 3972 2379 4035 τῆς
2408 3964 2646 4025 πόλεως·
2680 3964 2866 4021 πολλά
2892 3965 2959 4020 τὰ
2990 3963 3082 4035 ἔτη
3122 3970 3219 4022 τοῦ
3246 3963 3532 4042 βασιλέως.
3554 3964 3794 4041 Ἀγνοὺς

2139 4060 2413 4133 ἄρχοντας
2468 4062 2538 4133 τῇ
2597 4056 2919 4133 οἰκουμένῃ,
2968 4081 2998 4111 »
3057 4057 3146 4112 καὶ
3201 4056 3385 4113 πολλὰ
3434 4060 3678 4116 τοιαῦτα.
3725 4057 3796 4113 Ὁ

2140 4146 2511 4223 αὐτοκράτωρ’
2549 4172 2575 4199 ‹‹
2626 4145 2784 4222 Ὑπὲρ
2829 4153 2929 4217 τῆς
2986 4146 3184 4221 ἑορτῆς
3234 4152 3334 4216 τῆς
3381 4145 3649 4221 ἡμετέρας
3692 4144 3795 4201 εὐ-

1730 4263 1976 4319 νΑΗΙλΕ
2016 4263 2430 4321 LECTIONES.

452 4364 500 4400 ³⁸
539 4365 743 4421 ΣΧΟΛ.
782 4362 890 4416 τῶν
932 4357 1279 4437 λογχαρίων.

1449 4456 1648 4513 JOAN.
1689 4458 1836 4512 JAC.
1888 4458 2154 4515 REISKII
2184 4458 2803 4535 COMMENTARIUS,

456 4570 532 4643 (5)
553 4568 751 4643 Hujus
782 4567 891 4643 viri
923 4563 1642 4643 videt_ur'l_‘heoph13pes,p_.
1678 4565 1866 4643 l_5_0_et
1898 4566 2023 4643 145,
2055 4568 2109 4636 D

382 4635 745 4699 mentionem
796 4639 1003 4696 facere.
1060 4639 1138 4693 De
1185 4636 1493 4693 lanceariis
1546 4635 1655 4690 vid.
1708 4635 1901 4693 Vales.
1952 4639 2023 4693 ad

382 4716 575 4771 Amm.
609 4712 784 4768 Marc.
822 4728 877 4784 p.
911 4712 1039 4767 311.

454 4786 535 4857 (6)
564 4779 947 4857 Nihilhioide
988 4781 1285 4857 unctione,
1319 4795 1492 4857 quam
1526 4779 1758 4857 Justino
1799 4779 2033 4857 dedisse

383 4851 667 4930 gloriatur
697 4855 793 4930 ille
832 4856 1098 4930 Joannes
1155 4853 1221 4930 in_
1263 4851 1520 4930 epistola
1557 4851 1631 4908 ad
1661 4851 2028 4930 H‘o‘rmisdam

423 4944 599 5001 epam
626 4928 779 5001 apud
831 4925 1148 5001 Baronium
1195 4927 1261 4981 A.
1303 4923 1371 5001 'C_.
1419 4924 1550 5001 518,
1590 4931 1652 4980 n°
1689 4924 1779 4979 60.
1813 4923 2029 4980 Verum

423 4946 590 5001 apam
626 4946 779 4999 apuu
831 4946 1148 4982 hamulum
1195 4946 1261 4981 Α.
1313 4946 1371 4979 υ.
1419 4946 1545 4991 om,
1590 4946 1606 4980 ι

381 4946 486 5058 flia
514 4998 760 5071 epistola
790 4996 1020 5071 Baronii
1051 5000 1161 5065 est,
1194 5012 1313 5071 non
1341 4996 1606 5051 Joannis.

453 5065 900 5144 (7)'Quaestoris_
931 5069 1087 5125 enim
1121 5067 1351 5144 proprie
1381 5076 1523 5135 erat,
1556 5066 1845 5123 orationes
1872 5065 2026 5144 litte-

381 5138 596 5217 rasque
624 5149 681 5200 et
729 5141 1009 5217 mandata
1062 5138 1305 5217 Augusti
1347 5143 1796 5217 coram-“senatu
1840 5142 1900 5217 et
1927 5155 2027 5217 po:

383 5208 526 5291 pulo
561 5217 826 5280 recitare,
878 5211 1085 5269 saltem
1114 5208 1497 5291 _temp_ori_bus
1543 5208 2023 5291 illis_g.uarti;and

515 5287 695 5315 ἕηκε-..κ
724 5301 914 5315 ...ιι-ιιι.
958 5287 1229 5315 οωηηιηηη
1289 5287 1521 5315 υΛΩΙνιὶηα
1580 5288 1643 5315 n0

383 5279 699 5361 septimum
724 5279 915 5368 usque
950 5280 1258 5366 sarculum.
1285 5280 1545 5349 Pothius,
1580 5288 1643 5335 n°
1670 5279 1831 5350 LXV,
1852 5296 1910 5351 p.
1932 5281 2025 5351 39,

380 5374 432 5415 c.
467 5360 509 5414 ἲ.
537 5374 551 5413 :
582 5357 718 5415 Ὅσα
748 5352 1065 5428 (Tiberius)
1116 5348 1193 5413 είς
1232 5348 1509 5428 νουθεσίαν
1540 5350 1653 5428 εἶπε
1693 5350 2022 5428 Μαυρικίου,

326 5456 329 5457 ,
380 5421 767 5509 ξΙωάννῃ-”τῷ’
804 5421 1144 5509 amtth
1211 5421 1508 5509 χρώμενος
1592 5421 2025 5509 ὑπουρκγῷῃτῶν

380 5488 682 5578 λόγωνξὸς
713 5488 849 5578 ¹πὲρρς
897 5516 956 5551 τε
995 5488 1179 5578 αιξτῦν.
1211 5488 1511 5578 Μἀυρίκιον
1572 5493 1664 5578 καὶ
1719 5488 2023 5578 τὸνδῇμον

375 5561 479 5704 ἶῖὁ
508 5561 683 5645 ἐν’τῷ
731 5561 881 5647 λόγῳ
928 5568 1117 5643 πρᾶξιν
1160 5561 1367 5641 ἐτάχθη
1417 5563 1667 5641 πληροῦν
1712 5561 1808 5620 τοῦ
1868 5561 2023 5640 βασι-

442 5665 538 5704 ως.

442 5665 518 5708 ως

443 5688 820 5791 Titulum
843 5714 1002 5775 hunc
1031 5709 1362 5787 complures
1404 5711 1788 5785 imperatores
1808 5707 2019 5769 CPtani

2142 4566 2511 4635 aﬂ'ectarunt,
2562 4568 2713 4635 quod
2769 4570 3001 4635 norant,
3033 4564 3514 4637 ConstantiniAM.
3547 4578 3793 4637 nomen,

2142 4642 2259 4711 tam
2294 4639 2441 4695 bene
2471 4639 2541 4711 de
2572 4638 2702 4693 CPli
2732 4640 3029 4707 meritum,
3052 4639 3218 4711 apud
3249 4635 3531 4711 papulum
3572 4635 3792 4711 magno

2142 4655 2259 4693 tam
2296 4655 2441 4695 nene
2471 4655 2541 4693 ne
2572 4655 2702 4693 Uk’ll
2732 4655 3029 4707 meritum,
3064 4655 3218 4711 apud
3248 4655 3531 4764 Populum
3572 4655 3791 4708 magno

2140 4710 2201 4765 in
2233 4709 2453 4766 honore
2482 4709 2679 4765 haberi
2712 4715 2767 4766 et
2798 4710 3059 4766 adamari
3083 4729 3098 4780 ;
3118 4717 3177 4765 ut
3209 4727 3240 4765 ο
3270 4710 3346 4764 im
3379 4710 3791 4780 Antoninorum

2140 4781 2455 4854 expetitum
2487 4782 2769 4863 Romanis
2810 4797 3020 4837 nomen
3072 4778 3438 4863 affectabam.
3482 4778 3605 4835 Vid.
3654 4778 3789 4863 Sel-

2139 4854 2272 4909 den.
2335 4854 2405 4909 de
2479 4853 2658 4909 Titul.
2734 4855 2906 4909 Hon..
2967 4869 3021 4909 ι).
3054 4854 3145 4909 63.
3194 4852 3510 4909 {Adrianus
3542 4866 3788 4909 uanam

2180 4870 2272 4911 en.
2335 4866 2405 4909 de
2479 4866 2658 4909 'l'ttul.
2735 4866 2906 4922 nom,
2965 4869 3021 4922 p.
3054 4866 3145 4918 οδ,
3194 4866 3510 4922 {Adrianus
3542 4866 3788 4922 papam

2139 4866 2272 4911 den.
2335 4866 2405 4909 de
2479 4866 2658 4909 'l'ttul.
2735 4866 2906 4922 nom,
2965 4869 3021 4923 p.
3054 4866 3145 4918 οδ,
3194 4866 3510 4924 {Adrianus
3542 4866 3788 4931 papam

2138 4925 2385 4996 epistola
2415 4925 2484 4980 ad
2508 4926 2779 4981 Carolum
2823 4924 2896 4979 Μ.
2950 4924 3222 4996 meminit
3268 4922 3604 4996 donationis
3632 4920 3788 4996 βοει-

2140 4992 2404 5068 stantini,
2442 5011 2691 5068 eamque
2719 4996 2778 5050 in
2800 4993 3410 5068 Lateranensiscrinio
3442 4992 3645 5068 haberi
3668 4993 3784 5068 ait,

2137 5062 2413 5124 Carolum
2448 5062 2869 5123 Consiantz’num
2898 5082 3098 5122 novum
3139 5070 3325 5122 vocat.
3358 5064 3517 5119 Nota
3547 5064 3621 5119 ad
3668 5062 3785 5120 Do-

2138 5144 2258 5195 nat.
2299 5138 2598 5195 Constant.
2635 5154 2767 5210 pag.
2808 5138 2947 5210 50.]°
2991 5138 3138 5204 Ergo
3169 5141 3425 5210 apparet,
3473 5135 3783 5210 Patavium

2138 5217 2291 5268 recte
2353 5206 2661 5278 Themisti’i
2710 5206 2923 5266 locum'
2954 5227 3009 5278 p.
3068 5209 3159 5273 70,
3209 5206 3298 5264 sic
3354 5206 3779 5275 constituisse;

2136 5279 2296 5359 ποίας
2329 5277 2427 5335 οὒκ
2450 5279 2677 5359 deﬂeat;
2699 5281 2898 5359 (ρωνάς,
2934 5277 3480 5359 alloquituru‘rbem
3493 5278 3784 5359 Qonstan-

2135 5353 2320 5427 tini..._
2358 5343 2629 5427 pati'ﬁfzv
2682 5343 2825 5427 Διὶἱέα,
2886 5343 3025 5427 μετὰ
3067 5343 3186 5427 ’τὸν
3221 5343 3578 5427 Μᾶδελφιδοξν
3624 5350 3785 5427 Κων-

2136 5417 2442 5490 σταντίνου,
2470 5421 2628 5478 αὐτὸν
2678 5417 3001 5479 ἐκεῖνον’τὸν
3049 5422 3186 5476 πάνυ
3218 5417 3625 5477 Κωνσταντῖνον
3657 5417 3769 5473 ἀπ-

2136 5495 2388 5574 είΛηφας,
2402 5498 2893 5574 postAConstantinz’
2911 5496 3099 5574 ﬁliani
3111 5492 3642 5574 .(Constantinum),
3656 5495 3781 5563 post

2132 5564 2382 5641 ejusdem
2402 5564 2480 5625 ἐκ
2505 5570 2690 5639 fratre
2714 5564 2959 5641 nepotem
2985 5564 3364 5641 (Julianum)_._
3386 5564 3555 5620 illum
3591 5564 3776 5630 ipsum

2133 5635 2399 5712 rhagnum
2459 5635 2877 5712 constantinum
2923 5635 3004 5712 [in
3052 5635 3366 5709 Joviniani]
3427 5649 3718 5708 recupera:
3759 5649 3775 5691 :

2131 5729 2185 5770 v.
2220 5707 2308 5774 Du
2340 5715 2528 5785 Cauge
2558 5711 2645 5770 Gl.
2679 5713 2774 5769 Gr.
2806 5729 2861 5769 v.
2904 5707 3056 5771 Νέος.
