4090 6216
335 335 463 455 ’793

1189 363 1290 425 DE
1331 361 1782 425 CERIMONIIS
1824 359 2069 424 AULIE
2107 361 2586 423 BYZANTINJE
2629 362 2777 424 LIB.
2824 365 2875 425 Ι.

3634 364 3753 426 794

348 497 553 575 τυχοὺς
617 495 897 574 βασιλείας
962 497 1062 553 ἆνὰ
1126 500 1163 552 ε¹
1226 495 1581 569 νομισμάτων
1645 493 1736 550 καὶ
1804 491 1991 571 λίτραν

2106 496 2288 554 victor
2353 511 2582 568 semper
2620 500 2958 570 Augustus:
3017 497 3446 570 Omnipotentis
3504 498 3604 555 Dei
3658 499 3756 557 de-

349 587 592 666 ἆργύρου
649 590 776 662 ὑμῖν
824 587 1153 662 καταχάσμα
1205 583 1548 659 δωρήσομαι.
1583 607 1613 636 ››
1662 585 1814 659 Παρὰ
1863 585 1999 639 πάν-

348 700 456 734 των
507 676 735 754 ἒκράγη’
789 700 817 730 α
850 676 1171 751 Χριστιανὸν
1223 673 1449 751 βασιλέα
1497 675 1525 728 6
1575 675 1703 736 Θεὸς
1750 674 1993 750 φυλάξει·

347 768 506 823 αὗται
537 765 711 822 κοιναὶ
743 764 898 841 εὐχαὶ
933 772 1032 834 τῆς
1065 764 1414 837 οἰκουμένης,
1450 787 1476 814 ››
1507 763 1596 818 καὶ
1646 760 1832 818 ποΛλὰ
1877 783 1999 818 τοι·

349 861 504 912 αὔτα.
539 857 600 914 Ὀ
654 854 1024 930 αὐτοκράτωρ
1083 874 1106 904 ε
1152 854 1213 910 Ὀ
1261 853 1393 913 Θεὸς
1444 853 1560 926 μεθ’
1609 853 1779 926 ὑμῶν.
1816 872 1842 904 υ
1894 851 1997 908 Καὶ

347 943 415 1000 τὰ
466 943 635 1000 λοιπᾶ
676 941 997 1008 ἀκολούθως
1045 941 1264 1018 γέγονεν
1302 943 1438 998 κατὰ
1486 942 1546 997 τὸ
1597 947 1792 1018 σχῆμα
1838 941 1998 998 Ἀνα-

2106 590 2263 642 creto
2285 585 2630 658 delectuque
2661 590 2718 642 et
2737 587 3238 644 vestracommuni
3269 586 3549 644 electione
3580 595 3752 660 atque

2105 675 2382 747 suffragio
2413 679 2787 748 capessentes
2817 676 3156 748 imperium,
3197 675 3534 732 invocamus
3581 679 3749 733 ccele-

2103 769 2249 822 stem
2273 766 2720 838 providentiam.
2739 788 2766 816 »
2781 765 3196 822 Acclamabant
3219 783 3446 824 omnes:
3465 789 3492 818 «
3509 768 3753 824 Abunde

2103 854 2390 911 bonorum
2443 855 2568 911 orbi
2609 859 2919 912 terrarum.
2971 859 3047 910 Ut
3104 856 3316 922 vixisti,
3376 855 3456 912 ita
3506 855 3750 928 impera.

2100 943 2347 1001 Abunde
2377 944 2664 1000 bonorum
2697 945 2848 1001 civili
2881 945 3289 1000 moderamini.
3326 946 3446 1002 Rex
3475 945 3748 1014 coelestia,

349 1034 578 1089 στασίου
609 1036 706 1088 τοῦ
734 1039 836 1103 τῆς
868 1033 1014 1097 θείας
1043 1029 1276 1104 λήξεως.

2101 1049 2269 1089 serva
2325 1038 2681 1090 terrestrem.
2723 1033 2952 1090 Justine
2991 1035 3268 1106 Auguste,
3303 1041 3361 1090 tu
3394 1035 3613 1090 vincas.
3646 1035 3749 1092 Ju-

347 1125 528 1183 nioris
556 1124 925 1182 Constantini
960 1123 1130 1181 multi
1163 1125 1282 1181 sint
1311 1124 1473 1182 anni.
1509 1123 1627 1181 Nos
1682 1139 1892 1181 sumus
1920 1125 2070 1181 servi
2101 1123 2486 1196 imperatoris.
2546 1146 2575 1176 »
2638 1125 2960 1198 Imperator
3013 1129 3199 1181 Caesar
3237 1127 3534 1198 Augustus
3567 1143 3581 1182 :
3617 1148 3646 1176 «
3682 1126 3749 1182 Ut

345 1217 536 1290 gratia
563 1233 672 1274 sua
699 1215 867 1272 nobis
896 1215 1050 1273 vires
1082 1215 1384 1288 indulgeat
1413 1216 1485 1272 ad
1516 1232 1582 1273 ea
1610 1215 1834 1286 omnia,
1883 1233 2011 1288 quae
2041 1215 2214 1274 nobis
2263 1220 2320 1274 et
2349 1217 2647 1274 communi
2695 1216 2778 1273 rei
2829 1217 3179 1281 conducant,
3235 1217 3677 1289 perficiendum.
3722 1240 3752 1269 »

345 1308 764 1366 Exclamabant
793 1323 998 1365 omnes
1033 1325 1102 1363 :«
1134 1307 1243 1364 Fili
1274 1307 1394 1369 Dei.
1428 1306 1700 1364 miserere
1730 1309 1878 1380 ejus.
1911 1309 2000 1364 Tu
2023 1323 2154 1365 eum
2187 1307 2436 1381 elegisti,
2461 1324 2596 1381 ergo
2647 1307 2923 1364 miserere
2979 1309 3126 1379 ejus.
3189 1308 3422 1365 Justine
3475 1309 3750 1378 Auguste,

345 1403 406 1456 tu
436 1399 656 1468 vincas,
682 1421 710 1450 ››
734 1403 792 1457 et
813 1397 984 1472 plura
1012 1398 1174 1456 talia.
1207 1400 1529 1468 Imperator
1557 1402 1747 1456 Caesar
1773 1401 2113 1472 Augustus:
2149 1421 2175 1453 ι
2235 1399 2461 1457 Etenim
2505 1417 2656 1457 cura
2683 1399 2854 1457 nobis
2914 1401 3192 1472 cordique
3249 1401 3377 1468 erit,
3433 1399 3754 1457 auxiliante

345 1489 540 1545 divina
569 1487 951 1560 providentia,
985 1492 1050 1545 ut
1069 1505 1170 1545 vos
1200 1488 1260 1544 in
1291 1489 1449 1546 omni
1483 1489 1865 1562 prosperitate
1895 1487 2270 1558 collocemus,
2304 1493 2362 1545 et
2415 1494 2480 1546 ut
2519 1505 2994 1562 unumquemque
3045 1493 3301 1546 vestrum
3355 1489 3517 1546 omni
3574 1489 3750 1546 bene-

343 1578 599 1637 volentia
627 1582 684 1634 et
712 1577 964 1635 sollicito
994 1581 1311 1651 teneroque
1357 1578 1575 1635 amoris
1605 1579 1814 1634 aﬂ'ectu
1847 1578 2106 1635 foventes
2136 1577 2197 1636 in
2228 1578 2656 1650 tranquillitate
2699 1593 3098 1652 curarumque
3155 1579 3270 1636 otio
3329 1595 3556 1648 semper
3609 1594 3753 1634 con-

344 1683 671 1724 servemus.
710 1690 732 1719 ι
784 1666 1204 1724 Acclamabant
1257 1683 1501 1725 omnes:
1535 1690 1564 1718 κ
1619 1667 1806 1740 Digne
1835 1683 2035 1739 regno,
2075 1667 2250 1740 digne
2278 1667 2581 1737 Trinitate,
2616 1668 2792 1740 digne
2821 1667 2990 1725 Urbe.
3040 1668 3204 1724 Multi
3237 1669 3355 1725 sint
3384 1668 3752 1741 imperatoris

344 1764 507 1822 anui.
541 1765 724 1822 Puros
755 1765 1150 1822 moderatores
1175 1764 1303 1822 orbi
1342 1771 1624 1821 terrarum
1657 1763 2039 1838 [ﬂagitamus,
2063 1768 2164 1820 aut
2193 1767 2444 1838 praesta],
2477 1787 2506 1816 »
2539 1773 2590 1822 et
2615 1763 2746 1821 talia
2779 1765 2966 1836 plura.
3001 1768 3360 1836 Imperator:
3387 1788 3415 1816 «
3469 1769 3578 1820 Pro
3610 1765 3752 1821 testo

344 1855 537 1914 natale
578 1855 764 1913 felicis
813 1856 1002 1913 nostri
1057 1855 1286 1928 imperii
1317 1855 1411 1912 die
1442 1855 1790 1913 donabimus
1819 1856 1985 1912 vobis
2015 1856 2076 1913 in
2106 1856 2349 1913 buccam
2407 1857 2534 1928 [seu
2565 1856 2624 1912 in
2658 1855 2919 1927 singulas
2952 1857 3183 1930 buccas]
3219 1856 3433 1928 quinos
3479 1871 3753 1912 nummos

337 1959 395 2012 et
442 1953 702 2026 singulas
759 1953 921 2010 litras
977 1955 1220 2028 argenti.
1280 1952 1744 2010 nAcclamabant
1819 1969 2024 2010 omnes
2057 1969 2072 2009 :
2105 1952 2558 2010 «Christianum
2599 1950 3010 2024 imperatorem
3058 1955 3208 2011 Deus
3241 1959 3557 2009 conservet.
3622 1955 3750 2008 Ilaec

343 2046 488 2100 sunt
515 2041 852 2098 communia
872 2046 1006 2099 vota
1035 2042 1193 2098 orbis
1222 2045 1586 2112 terrarum,»
1639 2046 1696 2099 et
1747 2041 1933 2098 multa
1980 2041 2039 2098 id
2069 2058 2255 2116 genus
2310 2041 2444 2100 alia.
2496 2043 2651 2100 250
2701 2045 3048 2115 Imperator:
3085 2066 3113 2094 «
3165 2047 3315 2100 Deus
3360 2041 3682 2100 vobiscum.
3719 2062 3750 2090 ››

341 2135 560 2192 Castora
588 2133 863 2207 deinceps
891 2133 1108 2190 flebant
1124 2134 1327 2190 eodem
1359 2133 1500 2204 ritu,
1531 2133 1633 2206 qui
1671 2149 1853 2207 supra
1879 2133 1940 2189 in
1968 2134 2258 2192 Anastasii
2283 2134 2729 2207 inauguratione
2758 2135 3054 2206 expositus
3087 2133 3212 2191 fuit.

949 2223 1368 2300 Ks¢AA.qa.

658 2310 1030 2385 Ἀναγόρευσις
1063 2310 1290 2374 Λέοντος
1319 2314 1417 2367 τοῦ
1451 2307 1669 2386 μικροῦ.

416 2403 734 2476 Ἀναγκαῖον
778 2399 1108 2474 ἐνομίσαμεν
1159 2400 1352 2468 εἰπεῖν,
1399 2400 1552 2462 ’ὁπως
1600 2400 1690 2456 καὶ
1735 2396 1992 2475 βασιλεὺς

346 2490 450 2547 ὑπὸ
504 2487 773 2563 βασιλέως
821 2487 1048 2565 γίνεται.
1111 2491 1235 2547 Ἐπὶ
1290 2494 1389 2545 τοῦ
1452 2495 1554 2559 τῆς
1612 2490 1756 2552 θείας
1811 2487 1990 2544 τοίνυν

344 2578 553 2651 λήξεως
586 2578 816 2643 Λέοντος
860 2579 1010 2635 Λέων
1065 2579 1094 2634 6
1147 2579 1340 2654 μικρὸς
1394 2581 1603 2652 Καῖσαρ
1655 2576 1731 2633 ὤν
1780 2576 1991 2654 ὶγένετο

349 2669 622 2747 βασιλεύς.
657 2665 864 2740 Συνέϐη
897 2671 1002 2746 γὰρ
1040 2676 1267 2740 νοσῆσαι
1313 2670 1516 2725 Λέοντα
1563 2669 1656 2724 τὸν
1699 2675 1801 2738 τῆς
1847 2668 1990 2730 θείας

344 2758 575 2831 λήξεως,
605 2759 698 2815 τὸν
741 2759 908 2815 αὐτοῦ
957 2764 1121 2830 θεῖον,
1167 2759 1266 2828 τήν
1315 2756 1634 2822 ἐπιθάνατον
1671 2758 1852 2828 νόσον,
1900 2757 1992 2813 καὶ

341 2846 666 2924 παρεκλήθη
717 2844 858 2903 ὥστε
899 2855 1127 2917 ποιῆσαι
1176 2847 1268 2904 τὸν
1320 2846 1556 2920 Καίσαρα
1605 2845 1854 2921 βασιλὲα.
1905 2847 1990 2919 Τῇ

340 2937 432 2994 οὗν
492 2937 598 3012 πρὸ
659 2935 947 2993 δεκαπέντε
1005 2933 1302 2994 Καλανδῶν
1387 2930 1731 3008 Δεκεμϐρίων
1803 2936 1878 3008 (9)
1937 2934 1988 2989 ἐν

343 3025 545 3099 ὖπατίᾳ
574 3026 804 3090 Λέοντος
842 3031 939 3082 τοῦ
992 3029 1213 3102 μικροῦ,
1265 3026 1562 3102 μαγίστρου
1619 3025 1778 3086 ὄντος
1825 3023 1991 3081 Εὐσε·

337 3112 489 3184 ϐίου,
523 3115 794 3186 συνῆλθον
823 3114 876 3171 ἐν
925 3120 1005 3188 τῷ
1057 3115 1265 3188 ἱππικῷ
1315 3116 1343 3170 6
1393 3111 1572 3188 δῆμος
1618 3112 1708 3168 καὶ
1758 3113 1811 3168 οἱ
1859 3132 1994 3186 πρε-

341 3199 560 3259 σῦευταὶ
618 3203 846 3278 (πολλοὶ
896 3205 998 3281 γὰρ
1048 3198 1244 3284 ἔτυχον
1299 3199 1448 3267 ὄντες
1498 3201 1744 3272 ἐνταῦθα,
1797 3203 1886 3258 καί
1933 3201 1993 3258 ἐκ

342 3289 618 3370 διαφόρων
683 3291 892 3368 ἐθνῶν),
953 3293 1042 3348 καὶ
1099 3295 1150 3348 οἱ
1209 3297 1536 3371 στρατιῶται
1588 3292 1784 3356 πάντες
1853 3292 1990 3366 μετὰ

336 3386 448 3437 τῶν
482 3382 678 3458 σίγνων
709 3382 761 3438 ἐν
795 3387 875 3456 τῷ
929 3384 1185 3457 στάματι,
1233 3384 1326 3439 καὶ
1374 3381 1622 3459 ἔκραζον,
1673 3383 1702 3438 6
1755 3383 1852 3457 μὶν
1885 3379 1987 3451 δῆ-

344 3495 444 3548 μος
476 3472 820 3547 Ἑλληνιστί,
866 3475 1263 3551 προτρέποντες
1311 3475 1403 3531 τὸν
1450 3472 1676 3548 βασιλέα
1723 3472 1987 3544 ἀνελθεῖν,

339 3564 391 3619 οἱ
424 3561 480 3620 δὲ
511 3568 836 3638 στρατιῶται
867 3563 1188 3638 Ῥωμαϊστί·
1232 3565 1323 3620 καὶ
1372 3561 1602 3634 ἀνῆλθεν
1638 3565 1665 3618 6
1700 3560 1980 3638 βασιλεὺς,
2015 3588 2058 3656 C

340 3650 763 3730 δηριγευόμενος
793 3653 897 3708 ὑπὸ
928 3659 1026 3722 τῆς
1055 3653 1391 3728 συγκλήτου.
1433 3654 1494 3710 Ὁ
1526 3649 1583 3708 δὲ
1623 3655 1832 3726 Καῖσαρ
1877 3650 1982 3706 ἔσω

337 3744 406 3812 ἦν
444 3745 501 3797 ἓν
529 3747 606 3814 τῷ
635 3741 917 3816 τρικλίνῳ,
945 3737 1072 3796 ἔνθα
1111 3741 1238 3804 τοὺς
1293 3741 1690 3818 συγκλητικοὺς
1741 3739 1980 3817 δέχεται,

337 3832 428 3886 καὶ
461 3832 490 3886 6
522 3830 958 3906 ἂρχιεπίσκοπος
988 3834 1086 3895 τῆς
1115 3829 1330 3891 πόλεως
1380 3831 1632 3892 Ἀκάκιος
1675 3831 1764 3883 σὺν
1815 3829 1983 3902 αὐτῷ,

337 3919 429 3976 καὶ
461 3915 588 3990 ἔστη
623 3921 651 3975 6
684 3918 939 3995 βασιλεὺς
990 3918 1196 3993 ὶμπρὸς
1245 3924 1345 3987 τῆς
1395 3916 1620 3988 σέλλης,
1668 3918 1758 3972 καὶ
1809 3918 1984 3980 οὕτως

336 4009 541 4086 ἤρξατο
571 4014 910 4089 προσφωνεῖν
959 4012 1077 4069 τοῖς
1125 4007 1481 4082 στρατιώταις
1531 4008 1622 4062 καὶ
1667 4011 1748 4080 τῷ
1797 4004 1982 4080 δήμῳ,

336 4099 426 4154 καὶ
485 4096 707 4174 ἔκραζον
762 4097 976 4160 πάντες·
1042 4119 1071 4150 ‹‹
1150 4095 1606 4170 Παρακαλοῦμεν,
1663 4095 1754 4151 ἳνα
1825 4106 1987 4160 καθε-

336 4190 490 4262 σθῇς,
524 4188 676 4242 »καὶ
714 4186 996 4258 ἠσπάσατο
1044 4185 1136 4241 τὸν
1182 4183 1380 4258 δῆμον,
1429 4185 1519 4240 καὶ
1560 4184 1800 4240 ἐκάθισεν
1847 4186 1982 4258 (10),

335 4277 425 4331 καὶ
489 4275 701 4352 ἔκραξεν
753 4277 782 4330 6
833 4273 1010 4350 δῆμος
1056 4275 1142 4346 τὸ,
1194 4298 1224 4326 ‹‹
1255 4275 1559 4351 Αὕγουστε·
1596 4297 1625 4326 ››
1677 4273 1768 4330 καὶ
1819 4271 1984 4329 πάλιν

334 4364 540 4423 πολλαὶ
577 4365 748 4446 φωναὶ
794 4363 1034 4442 ἐγίνοντο
1081 4362 1542 4439 παρακαλούντων
1593 4364 1744 4435 αὐτῷ
1793 4365 1982 4438 στέψαι

2020 2227 2070 2293 Β

2679 2225 2912 2281 CAPUT
2967 2224 3165 2281 XCIV.

2494 2314 2863 2384 Inauguratio
2886 2314 3076 2369 Leonis
3087 2314 3356 2385 juniorie.

2171 2406 2296 2460 Jam
2325 2403 2650 2470 videamus,
2683 2403 2972 2476 quomodo
2989 2402 3306 2474 imperator
3319 2400 3749 2474 abimperatore

2101 2499 2349 2551 creetur.
2384 2494 2532 2550 Nam
2565 2496 2622 2549 et
2653 2493 2760 2550 hoc
2800 2491 3192 2549 necessarium
3225 2492 3385 2547 dictu
3444 2495 3746 2562 putamus.

2103 2584 2214 2640 Leo
2233 2598 2486 2654 magnus
2504 2597 2640 2654 ergo
2654 2581 2770 2651 (hic
2785 2579 3048 2651 exemplo
3064 2581 3162 2652 sit)
3175 2579 3377 2636 morbo
3391 2580 3749 2635 decumbens

2100 2688 2187 2740 eo,
2221 2672 2323 2744 qui
2357 2670 2602 2728 ultimus
2634 2670 2747 2742 ipsi
2779 2669 3040 2742 contigit,
3074 2674 3343 2742 nepotem
3367 2685 3398 2725 e
3424 2669 3545 2724 tilia
3575 2683 3749 2725 suum

2102 2762 2350 2818 Leonem
2377 2760 2696 2832 juniorem,
2732 2762 2856 2816 tum
2899 2762 3205 2826 Caesarem,
3264 2759 3492 2814 hortatu
3551 2773 3748 2828 proce-

2101 2867 2166 2906 ru
2178 2850 2305 2906 min
2322 2851 2732 2922 imperatorem
2761 2847 3131 2921 provebebat.
3147 2848 3188 2912 Ο
3200 2848 3308 2902 uod
3324 2847 3407 2903 sic
3422 2852 3747 2919 peractum,

2099 2941 2202 2998 Die
2252 2957 2322 2996 xv
2354 2940 2472 2997 Kal.
2516 2938 2882 3009 Decembres,
2913 2942 3038 2994 Cos.
3074 2937 3256 2994 Leone
3306 2937 3562 3009 juniore,
3623 2954 3746 2993 ma-

2097 3030 2281 3103 gistro
2309 3028 2579 3098 Eusebio,
2610 3027 3044 3084 conveniebant
3101 3027 3162 3083 in
3210 3027 3363 3084 circo
3409 3026 3661 3100 populus
3693 3030 3749 3082 et

2100 3118 2296 3191 legati,
2320 3117 2418 3190 qui
2439 3122 2563 3173 tum
2597 3117 2751 3173 haud
2796 3116 2963 3188 pauci
2995 3116 3289 3172 variorum
3312 3117 3574 3188 gentium
3605 3117 3745 3171 ade-

2099 3211 2230 3264 rant
2266 3211 2360 3275 ;et
2391 3205 2609 3262 milites
2639 3221 2844 3262 omnes
2873 3205 3250 3276 omniumque
3306 3204 3578 3260 ordinum
3609 3220 3744 3259 cum

2099 3297 2287 3368 signis
2318 3295 2377 3351 in
2410 3298 2680 3365 stamate,
2702 3301 2760 3350 et
2817 3292 3172 3365 clamabant,
3207 3292 3459 3365 populus
3504 3292 3743 3364 quidem

2097 3386 2307 3455 Graece,
2341 3390 2613 3458 rogantes
2662 3385 3097 3457 imperatorem,
3158 3382 3296 3440 velit
3344 3383 3416 3439 ad
3449 3400 3511 3439 se
3546 3383 3604 3439 in
3629 3382 3740 3438 circ

2099 3492 2231 3532 cum
2265 3476 2602 3544 ascendere,
2634 3473 2852 3530 milites
2901 3476 3094 3530 autem
3127 3471 3350 3529 Latine.
3384 3472 3745 3529 Ascendebat

2097 3565 2277 3638 igitur
2304 3565 2620 3637 imperator
2648 3563 2936 3620 deductus
2967 3581 2999 3618 a
3055 3565 3286 3618 senatu.
3331 3563 3520 3617 Caesar
3544 3565 3740 3618 autem

2094 3653 2258 3711 intus
2287 3654 2559 3711 manebat
2590 3653 2645 3708 in
2669 3651 2769 3709 illo
2787 3652 3062 3720 triclinio,
3082 3652 3139 3708 in
3164 3668 3279 3724 quo
3313 3651 3629 3722 imperator
3655 3669 3744 3708 se-

2097 3751 2328 3799 natores
2358 3743 2620 3813 excipere
2652 3741 2818 3809 solet,
2845 3757 3072 3813 unaque
3103 3741 3212 3812 ipsi
3248 3741 3444 3795 aderat
3475 3741 3742 3810 Aeacius,

2093 3830 2568 3902 archiepiscopus
2583 3830 2776 3886 Urbis.
2801 3830 3144 3901 Imperator,
3171 3834 3234 3883 ut
3253 3828 3308 3882 in
3331 3827 3628 3898 hippicum
3652 3845 3742 3885 ve-

2096 3923 2280 3985 nerat,
2314 3918 2672 3974 consistebat
2703 3934 2899 3975 coram
2961 3917 3102 3974 sella
3151 3933 3254 3972 seu
3307 3915 3538 3985 throno,
3567 3919 3625 3971 et
3654 3917 3740 3972 sic

2094 4011 2260 4064 stans
2290 4006 2606 4078 incipiebat
2635 4006 2707 4062 ad
2762 4005 2976 4062 milites
3007 4011 3061 4060 et
3110 4003 3391 4076 populum
3425 4020 3688 4075 perorare
3721 4022 3736 4076 ;

2095 4096 2196 4152 sed
2227 4094 2633 4153 exclamabant
2663 4109 2865 4150 omnes
2897 4110 2911 4148 :
2953 4115 2975 4143 ι
3001 4094 3277 4166 Auguste,
3303 4107 3578 4164 rogamus
3599 4091 3738 4148 velis

2093 4185 2419 4242 considere.
2446 4205 2474 4234 ››
2506 4182 2732 4239 Gratias
2791 4186 3095 4255 propterea
3145 4179 3356 4254 populo
3398 4180 3609 4253 agebat
3637 4180 3736 4236 be-

2094 4273 2277 4347 nigna
2305 4271 2679 4341 salutatione,
2708 4275 2762 4328 et
2795 4270 3118 4338 desidebat,
3149 4273 3208 4325 et
3237 4268 3486 4342 populus
3525 4267 3739 4325 clama-

2094 4364 2196 4421 bat
2229 4379 2243 4420 :
2278 4384 2307 4414 «
2339 4365 2616 4432 Auguste,
2629 4383 2659 4414 »
2673 4361 3034 4432 vocibusque
3047 4358 3450 4431 frequentibus
3472 4357 3582 4430 ipsi
3611 4361 3737 4415 ten-

1381 4471 1580 4530 JOAN.
1619 4473 1756 4530 JAC.
1803 4469 2068 4529 REISKII
2107 4467 2694 4528 COMMENTARIUS.

405 4586 486 4657 (9)
515 4585 836 4657 Sumptum
866 4582 978 4641 hoc
999 4598 1059 4657 7a
1089 4581 1336 4657 Latinis,
1360 4583 1497 4657 qui,
1517 4583 1750 4657 quando
1778 4583 1983 4640 volunt

335 4654 491 4714 diem
520 4673 591 4712 xv
618 4654 930 4712 Kalendar.
991 4654 1396 4712 Decembrium
1451 4654 1803 4724 signiﬁcare,
1845 4658 1981 4711 ante

333 4729 486 4784 diem
516 4745 589 4785 xv
627 4727 754 4784 Kal.
796 4733 930 4784 Dec.
982 4727 1206 4797 dicunt,
1255 4725 1526 4797 quamvis
1571 4725 1740 4782 illum
1797 4727 1980 4797 ipsum

332 4801 511 4866 diem,
534 4815 651 4856 non
681 4799 858 4855 alium
888 4799 1211 4854 intendant.
1273 4800 1360 4854 Ita
1390 4801 1540 4854 recte
1596 4798 1978 4854 Casaubonus

329 4875 374 4928 t.
407 4872 455 4938 Ι,
486 4872 610 4928 Scr.
646 4870 712 4928 Η.
743 4872 813 4926 Α.
843 4887 898 4940 p.
922 4871 1051 4936 890,
1081 4877 1211 4925 ante
1226 4868 1377 4924 diem
1405 4873 1534 4941 (pro
1555 4867 1844 4941 ad)pridie
1873 4869 1976 4941 No-

330 4959 433 4999 mu
467 4941 694 4998 lar-lia:
726 4939 1012 5012 emendat.
1045 4941 1209 5006 Quod
1241 4939 1475 5008 moneo,
1508 4956 1597 5012 ne_
1626 4939 1762 5012 quis
1793 4939 1980 5012 suspi-

332 4959 433 4999 na:
467 4956 694 4998 lamas
726 4956 1012 4998 emendat.
1045 4956 1209 5006 uuou
1241 4956 1475 5008 moneo,
1508 4956 1580 4996 ne
1626 4956 1762 5012 quis
1793 4956 1892 4996 sus
1937 4956 1978 4994 ι-

332 5018 494 5070 cetur
523 5029 554 5069 e
585 5012 786 5084 Latina
829 5011 1326 5084 interpretatione,
1367 5026 1544 5084 quam
1586 5010 1868 5084 hodierno
1897 4956 1978 5068 ro-

331 5084 546 5155 quendi
586 5083 731 5140 mori
765 5081 1218 5155 accommodavi,
1248 5097 1341 5138 me
1371 5081 1620 5140 voluisse
1650 5081 1871 5155 aliquid
1916 5083 1976 5140 in

330 5153 547 5212 Graecis
580 5158 873 5211 mutatum
916 5153 1018 5210 ire.

403 5225 729 5356 ‘10).Actis
787 5224 996 5297 p0pulo
1025 5225 1252 5308 gratiis,
1293 5225 1449 5310 quod
1502 5224 1614 5310 sibi
1657 5242 1773 5284 non
1831 5227 1979 5285 bene

427 5305 548 5356 enti
576 5313 806 5354 veniam
855 5297 1095 5354 sedendi
1152 5297 1376 5356 fecerit.
1405 5297 1766 5355 concidebat.
1803 5299 1978 5356 Debe-

331 5297 548 5358 valenti
576 5297 806 5354 veniam
855 5297 1095 5354 sedendi
1152 5297 1376 5368 fecerit,
1405 5297 1766 5355 concidebat.
1803 5299 1978 5357 Debe-

332 5371 472 5429 bant
525 5385 736 5441 nempe
785 5369 1164 5440 imperatores
1231 5370 1553 5441 peroraturi
1601 5378 1776 5441 stare,
1832 5376 1900 5428 ut
1947 5387 1978 5428 ο

332 5442 595 5500 nummis
625 5440 895 5515 veterum,
914 5440 1522 5515 impp._cognoscitur.
1567 5442 1730 5499 Conf.
1762 5440 1820 5514 p.
1846 5443 1974 5515 243,

331 5523 384 5572 et
412 5516 565 5572 infra
595 5529 660 5578 η,
717 5529 843 5585 cap.
876 5513 965 5585 to,
1003 5511 1123 5585 ίιίθί
1170 5511 1248 5585 de
1296 5511 1557 5585 oratione
1604 5511 1978 5585 quadragesi-

332 5581 805 5643 mali.Caaterurri
850 5583 1296 5656 adoratiopista,
1337 5583 1366 5638 ὁ
1421 5581 1731 5656 ἀσπασμός,
1788 5581 1980 5642 consi-

333 5657 592 5714 stebatin
621 5657 938 5728 iactatione
958 5653 1145 5712 osculi
1165 5653 1521 5728 permanum
1552 5653 1638 5712 ori
1671 5656 1980 5728 admotam,

331 5743 464 5786 cum
497 5727 757 5801 corporis
787 5727 1187 5787 inclinatione.
1231 5728 1395 5800 Sapo
1424 5727 1698 5801 leguntur
1719 5727 1978 5800 impera-

2089 4585 2244 4636 tores
2329 4577 2925 4650 populumﬁado‘rare,
2995 4574 3322 4650 ἀσπάζεσθαι
3375 4577 3736 4650 Δπροσκυνεῖν.

2087 4645 2492 4709 Tacitus—Hist.
2525 4647 2583 4705 1:
2615 4649 2723 4705 Nec
2746 4647 2958 4704 deerat.
2993 4649 3126 4704 Otho
3152 4645 3486 4718 protendens
3515 4663 3735 4718 manus,

2088 4723 2323 4780 adorare
2353 4722 2600 4793 vulgum,
2647 4721 2837 4790 jacere
2866 4719 3077 4793 oscula.
3097 4718 3461 4793 Capitolinus
3490 4718 3562 4793 de
3594 4720 3737 4774 Per-

2086 4794 2296 4863 tinace,
2331 4800 2370 4849 t.
2405 4789 2539 4864 I,'p.
2570 4793 2698 4860 566,
2729 4793 2839 4864 fuit
2868 4793 2924 4864 in
2955 4792 3118 4864 curia
3146 4789 3738 4864 honorificentissime:

2087 4866 2168 4938 [id
2191 4861 2289 4922 est
2311 4861 2578 4938 Patribus
2600 4861 2950 4938 conscriptis
2983 4862 3038 4916 in
3080 4861 3243 4917 curia
3274 4861 3513 4938 bonoris
3547 4861 3736 4938 pl_ur_i-_-

2002 4909 2050 4975 Ι)
2082 4909 2252 4994 ἔιὶῖιὲ
2261 4909 2280 4922 ’
2301 4909 2665 5007 ἑὶιίἰέὲῦἱῆζ
2676 4909 2798 4990 "Et;
2811 4909 3735 5007 'az".e:.ar..;.r_';2.'.;;.a;..'1;;i3:

2089 5007 2282 5066 fausta
2304 5005 2750 5078 acclamantem]
2779 5005 3054 5064 adoraret.
3087 5005 3445 5062 Claudianus
3475 5020 3490 5060 :

3209 5164 3268 5204 re
3313 5163 3525 5204 meum

2161 5223 2474 5280 Connixum
2501 5221 2777 5294 gradibus
2796 5224 3096 5277 veneratur
3133 5165 3382 5293 ραι-μίγα
3410 5220 3627 5292 vulgus,

2156 5296 2342 5354 Plebi:
2370 5293 2617 5352 adorata
2655 5293 2842 5351 reboat
2869 5295 3084 5364 fragor.

2089 5443 2201 5499 Sed
2233 5441 2320 5497 sic
2351 5439 2619 5498 solebant
2647 5444 2880 5496 tantum
2939 5440 3317 5509 imperatores
3349 5439 3584 5509 vetusti,
3617 5440 3738 5510 qui-

2090 5514 2355 5570 nondum
2386 5513 2468 5568 sic
2507 5513 2834 5581 tumebant,
2868 5516 2933 5567 ut
2954 5515 3282 5582 sequentes,
3315 5526 3564 5581 quorum
3602 5527 3734 5567 cum

2090 5585 2488 5656 decrescente_
2513 5588 2798 5656 potestate
2843 5581 3117 5656 superbia
3134 5584 3458 5656 crescebat.
3492 5583 3733 5656 Succes-

2089 5656 2167 5714 sit
2185 5657 2246 5712 in
2268 5651 2626 5728 adorationis
2656 5654 2851 5728 locum
2873 5651 2936 5709 τὸ
2976 5651 3275 5728 ῥωσθέλιον
3308 5657 3366 5710 et
3386 5653 3421 5722 ἡ
3446 5651 3732 5728 σφράγισις

2088 5728 2160 5787 de
2181 5728 2394 5801 quibus
2423 5743 2530 5786 suo
2562 5726 2688 5785 loco
2718 5725 2854 5784 dixi.
