2045 3108
181 183 238 214 ’195

718 177 980 209 CONSTANTINI
1001 178 1356 211 PORPHYROGENITI

1824 182 1886 212 196

182 251 270 280 debat
298 249 482 285 persuadere,
526 250 557 275 ut
598 247 806 283 imperatorem
844 249 1002 275 coronaret.

1061 247 1107 275 τὸν
1123 247 1248 285 βασιλέα,
1263 248 1308 277 καὶ
1324 248 1467 277 διαλαλιαὶ
1482 248 1585 277 πολλαὶ
1598 247 1661 286 περὶ
1680 248 1789 283 τούτου,
1817 250 1888 277 ὑπο-

184 295 282 325 Multis
298 293 428 322 vicissim
444 291 705 324 intercedentibus,
717 292 808 319 sacris
823 292 1008 320 sermonibus

182 339 369 376 promittebat
377 337 495 365 tandem
505 337 673 372 imperator,
686 336 715 363 id
726 345 757 364 se
771 336 926 365 facturum.
943 336 1006 364 Cla-

180 384 301 411 mabunt
311 382 412 418 igitur,
422 381 490 409 velit
506 380 604 409 missis
612 380 881 417 magistroaliisque
895 380 1007 417 aliquot

182 427 310 464 patriciis
338 427 481 454 Caesarem
512 433 669 454 arcessere.
686 427 747 458 Quo
777 425 930 461 imperato,
947 434 1005 453 ma.

180 473 270 509 gisler
285 474 314 500 et
329 472 432 500 delecti
450 471 563 507 patricii
578 471 708 504 abibant,
724 470 1006 498 etadducebantCaz-

179 526 285 551 sarem,
302 524 429 553 eumque
446 517 482 544 ad
506 516 657 544 sinislram
682 515 867 551 imperatoris
879 515 1005 543 colloca-

180 563 261 591 bant.
278 562 332 590 Sed
349 561 504 597 episcopus
529 568 614 596 quem
633 568 691 588 una
706 568 770 588 cum
783 561 894 588 Caesare
910 560 1006 588 addu-

180 607 295 639 cebant,
322 605 502 634 consistebat
538 605 574 632 ad
599 605 784 640 imperatoris
811 605 951 638 dextram,
976 607 1005 633 et

179 651 303 679 faciebat
318 651 453 687 preceset
468 649 517 685 pia
530 651 597 676 vota
612 656 619 677 ε
632 649 740 685 quibus
756 649 861 683 ﬁnitis,
877 657 1002 677 omnes:

179 706 193 721 ιι
204 696 307 730 Amen,
318 705 333 720 ››
351 694 550 722 succinebant.
567 694 627 727 Quo
643 694 717 722 iacto
726 694 900 730 praepositus
916 694 1004 730 impe-

178 740 267 768 ratori
284 747 421 767 coronam
430 738 605 774 porrigebat,
622 746 709 774 quam
725 738 772 766 hic
785 741 867 766 stans
882 738 1003 766 Cesaris

178 784 209 812 in
221 784 310 820 caput
323 783 503 819 imponebat,
529 782 695 810 acelamans
720 785 762 811 ter
779 791 811 810 :«
829 783 971 811 Feliciter.
988 794 1003 808 »

177 828 285 858 Abibat
295 830 358 856 tum
374 828 576 863 episcopus,et
590 827 761 855 considebat
775 827 934 863 imperator
948 828 1003 856 Leo

179 881 305 910 magnus
322 883 329 907 ;
347 872 442 900 minor
452 874 551 900 autem
568 874 622 900 Leo
634 871 781 900 salutabat
808 875 890 908 gestu
910 880 1003 908 popu—

179 917 241 945 lum
258 918 314 952 ;ad
330 917 409 952 quod
425 924 527 944 omnes
549 916 751 944 exclamabant
767 925 774 944 :
804 928 818 941 ‹‹
830 917 968 952 Auguste.
988 927 1001 941 η

179 961 262 989 Tunc
282 961 437 990 veniebant
447 960 599 995 prmfectus
615 960 699 988 Urbis
715 962 742 988 et
762 963 882 988 senatus
897 969 914 988 a
928 960 999 989 sini-

179 1008 242 1034 stra
249 1008 341 1042 parte,
353 1007 382 1034 et
391 1005 551 1033 offerebant
563 1004 618 1041 ipsi
631 1005 788 1033 modiolum
804 1013 855 1033 seu
863 1013 1000 1033 coronam

179 1058 310 1083 auream,
331 1052 362 1078 ut
374 1058 436 1077 mos
449 1052 503 1083 est,
521 1051 549 1077 et
559 1049 762 1085 alloquebatur
772 1050 931 1086 imperator
946 1050 1002 1078 mi-

180 1095 257 1129 lites,
273 1095 346 1123 251
368 1093 605 1130 licentiansipsis
619 1094 900 1122 elabeundiveniam
916 1095 1000 1129 dans,

180 1138 265 1167 simul
281 1139 456 1175 promittens
470 1138 578 1166 viritim
591 1147 641 1174 pro
657 1141 882 1167 moreconsueto
895 1139 1001 1175 quinos

125 1218 130 1222 1
179 1192 316 1212 nummos
327 1185 355 1212 et
364 1183 447 1212 litras
457 1183 570 1220 argenti
580 1183 711 1220 singulas
726 1184 844 1212 nomine
853 1183 1002 1220 angustia-

178 1236 279 1257 eorum
284 1249 291 1255 .

487 1271 601 1300 CAPUT
616 1271 696 1300 XCV.

210 1317 395 1352 Inauguratio
421 1317 550 1352 piissimi
581 1316 787 1345 domininostri
803 1318 963 1346 Iustiniani.

212 1399 276 1427 Pari
289 1399 377 1427 modo
392 1399 476 1427 divus
495 1399 641 1434 Justinus,
657 1401 685 1427 et
703 1399 765 1435 ipse
792 1408 906 1436 quoque
922 1399 1001 1436 gravi

178 1444 280 1473 morbo
296 1443 610 1480 decumbens,hortatu
619 1446 788 1472 senatorum
799 1444 1000 1480 imperatorem

178 1489 302 1518 faciebat
316 1489 347 1517 in
359 1496 466 1525 magno
482 1488 610 1517 triclinio
623 1489 789 1524 piissimum
804 1493 936 1517 nostrum
952 1489 1000 1518 do-

177 1533 292 1562 minum
309 1534 508 1562 Justinianum
525 1544 533 1569 ;
550 1534 626 1570 quod
642 1534 786 1570 quomodo
806 1536 952 1570 peractum
961 1533 1000 1562 sit

145 1600 149 1603 .
179 1578 301 1607 breviter
328 1579 453 1608 dicetur.
484 1579 591 1611 Quarto
619 1578 728 1615 Aprilis
752 1578 809 1613 die,
840 1579 999 1607 indictione

1062 292 1198 330 σχομένου
1218 293 1302 322 αὐτοῦ
1316 295 1397 321 τοῦτο
1412 296 1512 322 ποιεῖν.
1529 293 1594 322 Εἶτα
1614 291 1726 331 ἔκραζον
1751 293 1819 321 ὥστε
1838 294 1887 321 τὸν

1063 338 1210 376 μάγιστρον
1234 339 1339 376 πέμψαι
1362 339 1407 366 καὶ
1431 339 1590 376 πατρικίους
1623 338 1669 366 καὶ
1703 338 1814 376 ἀγαγεῖν
1837 339 1884 366 τὸν

1061 382 1189 418 Καίσαρα.
1205 382 1254 410 Καὶ
1277 383 1421 420 ἐπέτρεψεν
1444 385 1484 418 τῷ
1510 382 1649 421 μαγίστρῳ
1673 382 1718 410 καί
1741 393 1811 410 τισιν
1833 393 1885 410 πα-

1059 426 1174 463 τρικίοις
1194 426 1321 455 ἀπελθεῖν
1350 427 1394 455 καὶ
1424 428 1535 466 ἀγαγεῖν
1565 428 1655 455 αὐτόν.
1689 427 1737 454 Καὶ
1763 426 1885 462 ἐξελθόν-

1059 481 1102 502 τες
1131 472 1233 510 ἢγαγον
1258 472 1304 500 τὸν
1335 473 1467 509 Καίσαρα,
1489 472 1534 499 καὶ
1562 471 1679 506 ἔστησαν
1705 471 1744 504 εἷς
1766 472 1800 499 τὰ
1823 472 1886 509 ἄρι-

1059 516 1139 553 στερὰ
1152 518 1200 543 τοῦ
1227 516 1371 554 βασιλέως,
1400 517 1446 544 καὶ
1474 517 1520 544 τὸν
1550 516 1696 544 ἐπίσκοπον
1720 516 1767 543 σὺν
1796 517 1884 553 αὐτῷ,

1059 561 1102 587 καὶ
1119 558 1183 595 ἔστη
1200 561 1238 593 εἰς
1251 561 1282 588 τὸ
1299 560 1382 596 δεξιὸν
1401 561 1482 598 μέρος
1499 563 1548 589 τοῦ
1574 560 1710 599 βασιλέως
1734 561 1748 587 ὁ
1773 560 1885 588 ἐπίσκο-

1059 615 1121 639 πος,
1136 605 1181 632 καὶ
1197 605 1281 643 εὐχὴν
1298 604 1435 641 ἐποίησεν,
1455 606 1500 633 καὶ
1522 606 1668 644 ὑπήχησαν
1685 606 1707 623 ³⁷
1721 605 1817 636 πάντες
1839 606 1884 639 τὸ,

1059 661 1073 675 ‹‹
1091 650 1189 686 Ἀμήν.
1208 661 1219 675 ι
1243 650 1296 678 Καὶ
1321 651 1335 677 6
1350 650 1530 687 πραιπόσιτος
1553 648 1686 677 ἐπέδωκεν
1709 651 1750 685 τῷ
1773 648 1886 686 βασιλεῖ

1058 694 1197 731 στέφανον,
1213 694 1257 721 καὶ
1278 693 1438 722 ἐπιτέθεικέν
1463 694 1502 725 εἷς
1525 695 1575 729 τὴν
1600 693 1722 732 κεφαλὴν
1746 696 1795 721 τοῦ
1811 693 1885 722 Καί-

1058 749 1151 777 σαρος,
1168 751 1182 765 »
1200 738 1341 777 Εὖτυχῶς,
1356 740 1492 777 εὐτυχῶς,
1509 739 1631 777 εὐτυχῶς
1647 740 1713 776 (11),
1731 750 1745 765 n
1760 739 1806 766 καὶ
1832 739 1885 766 ἆν-

1058 784 1199 821 εχώρησεν
1216 785 1230 811 ὁ
1246 784 1403 819 ἐπίσκοπος,
1419 784 1463 812 καὶ
1481 783 1601 811 ἐκαθισεν
1616 785 1630 811 6
1648 783 1777 821 βασιλεὺς
1792 784 1883 812 Λέων.

1058 828 1109 856 Καὶ
1125 828 1139 856 6
1166 829 1263 865 μικρὸς
1291 829 1366 856 Λέων
1391 827 1529 863 ἤσπάσατο
1555 829 1611 865 (12)
1633 828 1680 856 τὸν
1706 826 1807 864 δῆμον,
1835 828 1883 855 καὶ

1057 871 1167 910 ἔκραξαν
1183 873 1288 904 πάντες·
1305 885 1319 899 ‹‹
1336 871 1483 911 Αὕγουστε.
1500 885 1514 899 ››
1530 874 1580 902 Καὶ
1595 873 1657 901 τότε
1671 871 1755 907 ἦλθεν
1771 873 1785 900 6
1799 871 1883 910 ἔπαρ-

1057 926 1108 954 χος
1127 921 1178 952 τῆς
1203 917 1311 949 πόλεως
1336 917 1361 954 ἐξ
1386 917 1534 955 ἀριστερῶν
1550 918 1595 945 καὶ
1609 918 1627 952 ἡ
1645 916 1809 954 σύγκλητος,
1834 917 1881 945 καὶ

1055 963 1233 999 προσήγαγον
1250 962 1323 998 αὐτῷ
1340 961 1481 999 μοδίολον,
1503 963 1565 997 ἤτοι
1591 961 1731 1001 στέφανον,
1758 964 1879 1000 χρυσοῦν

1056 1007 1124 1035 κατὰ
1142 1007 1173 1034 τὸ
1189 1005 1260 1043 ἔθος,
1276 1007 1321 1035 καὶ
1341 1006 1502 1042 διελάλησεν
1519 1007 1533 1034 6
1549 1006 1678 1044 βασιλεὺς
1704 1005 1881 1044 ἀποδεχόμε-

1054 1061 1099 1082 νος
1128 1052 1186 1088 (13)
1214 1052 1277 1082 τοὺς
1306 1052 1483 1089 στρατιώτας,
1512 1051 1557 1079 καὶ
1597 1051 1731 1089 ὑπέσχετο
1773 1051 1880 1088 ἑκάστῳ

1056 1095 1161 1123 διδόναι
1178 1097 1247 1124 κατᾶ
1261 1096 1292 1124 τὸ
1306 1094 1365 1127 ἔθος
1381 1096 1449 1133 πρὸς
1473 1097 1528 1133 (14)
1551 1095 1630 1123 πέντε
1654 1096 1808 1133 νομίσματα
1833 1096 1880 1123 καὶ

1055 1140 1152 1178 λίτραν
1169 1140 1289 1180 ἀργύρου
1306 1141 1372 1178 ὑπὲρ
1387 1140 1603 1179 αὐγουστιακῶν.

1359 1273 1490 1301 ΚΕΦΑΛ.
1511 1272 1569 1311 tu.

1109 1315 1304 1354 Ἀναγόρευσις
1320 1318 1369 1354 τοῦ
1385 1313 1577 1344 εὐσεϐεστάτου
1593 1317 1672 1353 ἡμῶν
1690 1315 1818 1344 δεσπότου

1330 1353 1520 1380 Ἰουστινιανοῦ
1537 1353 1604 1388 (15).

1092 1397 1123 1426 '0
1141 1398 1189 1431 τῆς
1211 1397 1284 1428 θείας
1311 1396 1416 1432 λήξεως
1448 1398 1593 1428 Ἰουστῖνος
1619 1397 1665 1424 τὸν
1690 1395 1884 1425 εὐσεϐέστατον

1057 1442 1138 1478 ἡμῶν
1166 1440 1298 1477 δεσπότην
1326 1442 1515 1470 Ἰουστινιανὸν
1541 1441 1666 1478 ἐποίησεν
1691 1442 1717 1469 ἐν
1738 1444 1777 1478 τῷ
1801 1442 1884 1480 μεγά-

1057 1486 1098 1524 λῳ
1112 1486 1254 1525 τρικλίνῳ.
1279 1487 1328 1515 Καὶ
1353 1487 1435 1519 αὐτὸς
1456 1488 1507 1526 γὰρ
1534 1487 1560 1515 έν
1585 1488 1657 1524 νόσῳ
1682 1487 1789 1526 μεγάλῃ
1811 1498 1883 1515 κατ-

1055 1532 1156 1568 έκειτο,
1177 1532 1222 1560 καὶ
1246 1532 1428 1569 παρεκαλεῖτο
1454 1531 1506 1559 ἀπὸ
1532 1536 1581 1567 τῆς
1606 1532 1762 1570 συγκλήτου
1788 1533 1825 1563 εἷς
1849 1533 1881 1559 τὸ

1054 1580 1166 1611 ποιῆσαι
1183 1575 1262 1604 αὑτὸν
1281 1576 1404 1615 βασιλέα.
1427 1578 1468 1614 Τῇ
1496 1577 1541 1604 οὗν
1564 1577 1678 1615 τετάρτῃ
1708 1579 1757 1605 τοῦ
1782 1578 1885 1614 Ἀπρι-

175 1623 291 1660 quinta,
308 1624 448 1660 magistro
463 1624 596 1658 Tatiano,
620 1624 780 1660 imperabat
795 1624 930 1651 dominus
959 1624 997 1651 si-

1058 1620 1117 1649 λίου
1132 1622 1189 1657 (16)
1211 1621 1296 1658 μηνὸς
1320 1620 1371 1649 ἱνδ.
1398 1624 1426 1657 ε’,
1454 1620 1606 1660 μαγίστρου
1631 1621 1708 1653 ὃντος
1733 1623 1883 1656 Τατιανοῦ,

175 1668 299 1696 lentium
310 1671 338 1696 et
352 1671 531 1703 comentum,
543 1677 594 1696 seu
610 1670 796 1702 conventum,
808 1671 836 1696 et
848 1671 879 1696 ut
895 1668 1000 1696 schola:

176 1712 311 1747 palatinis
323 1713 502 1747 ordinesque
518 1712 658 1739 militares
673 1720 775 1739 omnes
787 1712 815 1739 in
831 1711 1001 1747 delphacem

177 1755 299 1783 coirent.
317 1756 422 1782 Aderat
450 1756 605 1791 episcopus
635 1758 664 1783 et
687 1764 787 1791 preces
810 1756 945 1791 faciebat,
974 1759 1003 1785 et

177 1798 336 1827 coronabat
351 1798 442 1833 ipsum
454 1798 621 1834 [Justinus],
633 1801 662 1827 et
673 1799 782 1827 fiebant
793 1799 889 1827 omnia
899 1800 1000 1828 eodem

180 1842 278 1876 modo,
294 1849 349 1877 quo
363 1841 451 1878 paulo
467 1844 534 1870 ante
549 1842 685 1877 diximus,
701 1851 735 1871 ea
751 1843 813 1871 sola
836 1851 903 1871 cum
919 1843 1001 1872 diti‘e-

177 1886 282 1921 reutia,
298 1887 372 1922 quod
388 1887 428 1915 ibi
438 1895 482 1915 res
493 1887 522 1914 in
530 1886 741 1922 circosursum,
755 1887 802 1916 hic
817 1888 846 1916 in
862 1888 1001 1925 delphace

175 1936 292 1968 peracta
310 1931 375 1961 fuit.

1055 1664 1194 1693 ἐκέλευσεν
1211 1665 1344 1694 σιλέντιον
1361 1666 1405 1694 καὶ
1421 1666 1562 1703 κομέντον,
1580 1667 1623 1695 καὶ
1640 1668 1687 1698 τὰς
1704 1666 1809 1705 σχολὰς
1836 1667 1883 1694 καὶ

1056 1710 1088 1736 τὰ
1111 1709 1298 1747 στρατεύματα
1318 1712 1405 1738 πάντα
1425 1712 1621 1749 παραγενέσθαι
1645 1710 1670 1739 έν
1694 1714 1734 1747 τῷ
1755 1709 1882 1750 δέλφακι.

1056 1753 1107 1781 Καὶ
1134 1754 1294 1792 παρεγένετο
1323 1755 1337 1782 6
1371 1754 1530 1791 ἐπίσκοπος,
1560 1756 1604 1783 καὶ
1630 1755 1715 1793 εὐχὴν
1743 1755 1881 1791 ἐποίησεν,

1055 1798 1100 1825 καὶ
1117 1795 1229 1835 ἔστεψνι
1244 1799 1338 1833 αὐτὸν,
1353 1799 1399 1827 καὶ
1413 1800 1501 1827 πάντα
1520 1799 1587 1827 κατὰ
1605 1799 1636 1827 τὸ
1660 1800 1756 1837 ὅμοιον
1781 1803 1881 1837 σχῆμα

1055 1842 1171 1880 ἐγένετο,
1189 1842 1218 1870 οὐ
1236 1842 1330 1880 μέντοι
1357 1843 1383 1871 ἒν
1407 1845 1447 1880 τῷ
1471 1845 1577 1880 ἱππικῷ
1602 1843 1668 1880 ἂνω,
1694 1843 1766 1872 ἀλλὰ
1789 1843 1815 1872 ἐν
1839 1846 1883 1880 τῷ

1056 1886 1180 1926 δέλφακι.

853 1996 974 2025 VARIE
994 1996 1203 2026 LEGTIONES.

212 2060 236 2079 ³⁷
251 2061 399 2099 ὑπήχησαν
415 2062 479 2098 conj
497 2061 542 2097 R.,
560 2061 715 2098 ὑπήκουσαν
731 2063 794 2091 cod.

709 2121 806 2149 JOAN.
819 2121 892 2150 JAC.
907 2122 1036 2151 REISKII
1052 2122 1347 2152 COMMENTARIUS.

215 2179 360 2216 (tt)ﬂAnte
383 2178 507 2216 εὐτυχῶς
523 2180 654 2208 lacunam
683 2188 758 2212 esse,
788 2181 871 2215 cujus
900 2183 1000 2208 tamen

178 2210 324 2253 in‘codice
340 2210 467 2253 nAulluni'
481 2216 635 2251 vestigium
663 2219 707 2243 est
722 2210 768 2243 res
784 2210 846 2252 ipsa
861 2216 1000 2253 loquitur.
1017 2210 1039 2242 D

178 2250 261 2278 Conf.
283 2258 311 2282 p.
335 2250 395 2278 129.

214 2285 272 2321 (12)
285 2287 358 2320 Ergo
380 2286 441 2320 jam
465 2286 501 2313 ad
530 2293 595 2314 eam
622 2288 739 2314 aetatem
761 2287 926 2315 adoleverat
951 2288 1006 2316 Leo

182 2322 290 2355 minor,
307 2323 340 2348 ut
355 2322 486 2349 monitus
496 2324 580 2358 gestu
596 2322 723 2350 salutare
740 2322 882 2358 populum
897 2326 1006 2358 posset,

181 2358 215 2385 ut
229 2358 355 2394 saperet,
374 2361 407 2394 με
422 2359 512 2386 staret
527 2358 588 2394 suis
612 2358 744 2394 pedibus.
765 2358 838 2386 Nam
858 2359 1008 2394 praecessit

181 2390 274 2430 paulo:
287 2394 354 2420 ante
373 2390 499 2430 ἔστησαν.
527 2390 686 2430 Procopius
720 2396 818 2422 tamen
844 2390 923 2429 eum,
955 2403 1007 2423 avo

181 2427 350 2465 decedente,
368 2429 524 2465 puerulum
539 2427 707 2465 paucorum
720 2430 834 2458 dierum
851 2427 941 2458 fuisse
955 2431 1006 2465 ait,

181 2461 220 2494 εἰς
241 2463 353 2501 ἡμερῶν
368 2461 415 2491 ’ἔτι
431 2461 549 2502 ὀλίγων’
559 2463 670 2497 ἡλικίαν
691 2463 805 2499 ἥκοντα.
820 2466 924 2495 Malala
939 2461 1005 2494 enni

182 2507 233 2537 per
249 2507 340 2528 unum
349 2508 460 2537 annum
473 2501 585 2537 gestum
594 2501 709 2537 imperii
719 2502 837 2529 nomine
847 2502 1007 2530 decessisse

182 2535 233 2570 ait,
247 2544 324 2564 anno
331 2535 424 2564 aetatis
432 2535 568 2572 septimo.
583 2535 745 2565 Chronicon
756 2537 911 2566 Alexandr.
925 2537 1005 2566 XVII

179 2579 270 2635 ῗιιιίρε
289 2571 355 2634 vis;
371 2572 428 2608 ipsi
444 2571 566 2606 tribuit;
582 2572 642 2600 vid.
668 2572 815 2600 Cbilmead
845 2573 881 2601 ad
907 2573 1004 2602 Mala].

195 2626 202 2634 .
250 2629 259 2635 ι
276 2615 303 2635 ι).
355 2628 361 2634 .

215 2615 456 2679 (ίέ)ρθὲῗέᾴἰεεηι
472 2642 601 2677 reddidi;
620 2650 676 2679 non
710 2643 786 2671 male
805 2644 935 2679 quidem,
952 2643 1005 2671 ali-

183 2681 294 2742 quanta)
307 2678 413 2708 melius
424 2683 519 2707 tamen
539 2678 642 2706 fuisset
652 2678 947 2712 licentiannabeundi
962 2687 1007 2707 ve-

183 2721 258 2742 niam
293 2722 356 2742 ans.

181 2721 258 2742 IIII!!!
273 2721 356 2742 ααιη.

219 2749 278 2786 (14)
294 2750 331 2788 De
346 2749 640 2788 usugpraiposilionis
667 2750 744 2788 πρὸς,
757 2750 808 2786 qui
822 2750 868 2779 hic
884 2750 1004 2786 obtinet,

183 2785 279 2813 dicam
292 2786 330 2822 ad
344 2793 373 2822 p.
385 2786 449 2814 281.

218 2822 275 2859 (15)
290 2820 333 2850 De
346 2820 562 2859 renuntiatione
584 2820 745 2859 Justin‘iani
757 2822 868 2859 M.7vid.
884 2821 1003 2859 Procop.

184 2857 322 2885 Anecdot.
346 2865 376 2893 p.
405 2857 450 2893 45,
471 2861 498 2885 et
514 2857 553 2886 ibi
571 2859 630 2886 not.
654 2857 820 2892 Alemanni,
845 2858 893 2894 qui
905 2857 1003 2887 tamen

1054 2183 1149 2219 totum
1166 2184 1244 2209 hunc
1259 2182 1356 2219 locum
1373 2182 1502 2219 Procopii
1522 2182 1629 2219 partim
1649 2183 1763 2210 exiliter
1778 2184 1885 2211 adum-

1055 2217 1150 2255 bravit
1165 2221 1278 2255 tantum
1292 2218 1320 2245 in
1337 2217 1576 2255 Latinis,’partim
1597 2220 1727 2254 quaedam
1742 2219 1883 2255 Procopio

1059 2253 1095 2281 de
1110 2261 1164 2290 suo
1174 2254 1296 2287 afﬁnxit,
1314 2261 1378 2289 qua:
1393 2262 1460 2281 cum
1482 2253 1614 2282 bistoria’
1626 2257 1769 2290 pugnant.
1789 2253 1884 2284 Locus

1059 2296 1127 2323 ergo
1142 2288 1185 2316 sic
1196 2289 1267 2316 verti
1283 2288 1438 2317 debuerat:
1450 2291 1592 2325 τυραννῶν
1607 2288 1770 2318 τέαὖτικα...
1786 2290 1885 2319 statim

1059 2329 1209 2360 tyrannum
1225 2333 1251 2351 se
1266 2326 1384 2358 gerebat,
1398 2333 1432 2352 ex
1447 2334 1498 2360 quo
1512 2334 1645 2353 summam
1661 2328 1820 2360 potestatem
1836 2327 1884 2354 in-

1058 2359 1184 2393 cedebat,
1209 2360 1366 2387 violentiam
1395 2362 1513 2388 actionis
1541 2363 1603 2395 (τῆς
1619 2359 1882 2396 ἐπίϐατώσεωςῄιι-

1059 2395 1186 2423 vasionis
1203 2397 1231 2422 in
1244 2396 1424 2430 imperialem
1446 2397 1628 2432 dignitatem)
1652 2398 1785 2425 simulato
1800 2397 1884 2425 vultu

1059 2434 1085 2468 ξι
1098 2434 1234 2467 prmequ
1249 2432 1360 2459 con/i010
1372 2433 1472 2459 velans.
1492 2433 1627 2467 Quidquid
1638 2435 1713 2460 enim
1730 2433 1844 2468 probum
1855 2437 1885 2461 et

1523 2468 1561 2502 (id
1593 2471 1635 2495 est
1669 2476 1812 2504 proceres,
1829 2469 1883 2504 qui

1059 2506 1128 2530 sunt
1141 2503 1265 2540 honestus
1295 2503 1380 2535 ordo),
1399 2504 1490 2538 ipsum
1501 2503 1709 2538 renuntiabant,
1730 2504 1764 2532 ad
1778 2503 1883 2540 :uﬂra-

1057 2541 1135 2574 gium
1152 2539 1207 2573 ipsi
1236 2539 1356 2565 dandum
1378 2542 1414 2567 (ot
1430 2540 1669 2567 circumstantia»:
1683 2540 1882 2575 periculorum,

1058 2575 1089 2601 ni
1102 2575 1235 2610 facerent,
1262 2577 1337 2601 mela
1365 2576 1508 2609 compulsi,
1524 2578 1712 2610 praeterquam
1727 2576 1801 2610 quod
1811 2576 1883 2603 Deus

1058 2611 1141 2637 etiam
1156 2609 1228 2635 hunc
1243 2611 1303 2636 orbi
1318 2610 1383 2637 dare
1393 2609 1533 2637 dominum
1558 2609 1882 2646 deuévcrathuscepe-

1059 2649 1125 2672 runt
1141 2652 1208 2679 ergo
1223 2646 1451 2673 dominationem
1481 2647 1666 2674 Justinianus
1681 2655 1714 2675 ac
1729 2647 1882 2675 Theodora

1059 2679 1143 2707 tertio
1159 2685 1223 2708 anle
1246 2682 1349 2708 festum
1368 2682 1515 2709 Paschatis
1526 2683 1582 2717 die,
1600 2682 1645 2709 ὅτε
1666 2680 1699 2717 δή
1716 2680 1778 2709 οὕτε
1794 2682 1884 2709 ἀσπά-

1059 2720 1154 2747 σασθαι
1170 2726 1263 2744 τινα...
1285 2718 1330 2744 Sic
1347 2718 1412 2750 leg,
1441 2726 1498 2745 uno
1529 2716 1589 2744 οὔτε
1613 2727 1678 2745 cum
1694 2716 1790 2746 tribus
1805 2721 1882 2746 aste-

1059 2751 1142 2779 riecis
1161 2752 1264 2779 deleto.
1279 2753 1354 2780 Nihil
1371 2754 1447 2780 enim
1474 2754 1511 2780 ibi
1529 2755 1620 2786 deest,
1637 2754 1687 2782 sed
1703 2755 1804 2782 vitiose
1820 2753 1883 2781 οὔτε

1058 2795 1149 2815 unum
1166 2788 1304 2815 abundat.

1093 2824 1242 2861 (16)Ergo
1268 2824 1418 2859 falluntur,
1448 2825 1497 2860 qui
1527 2825 1648 2853 Kalend.
1682 2826 1789 2861 Aprilis
1811 2833 1882 2853 eum

1059 2859 1132 2888 vivis
1148 2860 1404 2889 excezsisseaiunt.
1423 2859 1566 2889 lndictiov
1581 2861 1684 2890 incidit
1699 2859 1766 2889 inA.
1778 2860 1881 2890 0.527.

1058 2467 1199 2495 honestum
1233 2470 1292 2494 erat
1315 2468 1498 2495 Romanorum
