4090 6216
320 400 450 461 817

1187 399 1284 457 DE
1327 399 1777 460 CERIMONIIS
1819 399 2053 462 AUL/E
2097 401 2574 463 ΒῩΖΑΝΤΙΝᾸΞΞ
2616 404 2766 465 LIB.
2813 404 2860 463 l.

2609 41 2666 46 ηρ»-
2681 33 2738 46 -ηρῗ

3602 405 3722 465 818

317 534 396 602 τῷ
442 527 760 602 τιμωμένῳ,
816 526 847 582 ἃ
895 526 983 582 καὶ
1033 523 1217 584 λαϐὼν
1273 528 1458 584 πίπτει
1526 529 1611 584 καὶ
1682 530 2000 599 κατασπάσλ

2076 536 2516 605 respersam.Ab
2547 537 2896 608 imperatore
2927 537 3048 593 haec
3077 538 3287 592 dantur
3315 537 3377 593 in
3406 553 3578 594 aureo
3607 538 3713 594 tri-

318 624 459 688 ζεται
520 618 648 680 τοὺς
699 615 1020 692 βασιλικοὺς
1079 615 1248 679 πόδας
1315 617 1404 672 καὶ
1454 619 1521 673 τὰ
1594 619 1812 694 γόνατα,
1878 620 1966 675 καὶ

315 708 671 782 ἀνιστάμενος
718 707 1012 782 ἀπέρχεται
1045 706 1096 762 έν
1136 712 1215 779 τῷ
1245 712 1357 779 ναῷ
1400 713 1498 762 τοῦ
1541 708 1700 783 ἁγίου
1750 707 1965 764 Θεοδώ-

315 818 412 872 ρου
444 797 496 852 ἐν
535 797 685 870 αὐτῷ
718 801 798 869 τῷ
850 797 1317 875 χρυσοτρικλίνῳ,
1378 799 1462 852 καὶ
1508 796 1750 853 ἐνδύεται
1799 803 1967 854 ταῦτα

315 887 462 962 παρά
489 891 586 942 τοῦ
632 893 733 956 τῆς
783 886 1179 954 καταστάσεως,
1231 887 1499 960 παρόντος
1544 889 1632 941 καὶ
1663 892 1758 942 τοῦ
1797 909 1964 962 πραι-

313 977 543 1031 ποσίτου
573 980 704 1048 (τῶν
745 976 836 1029 καὶ
867 975 1250 1052 προσαγόντων
1299 975 1459 1030 αὐτὸν
1510 977 1774 1051 πρότερον
1826 977 1962 1042 πρὸς

312 1067 405 1121 τὸν
467 1062 700 1139 βασιλέα
745 1065 854 1119 ἀπὸ
890 1064 1301 1141 σκαραμαγγίου
1353 1066 1444 1120 καὶ
1481 1068 1708 1139 μᾶνικος
1739 1067 1828 1121 καὶ
1867 1087 1966 1122 κα-

311 1153 598 1211 τακοιλίου
630 1155 678 1189 ⁴⁰
706 1157 825 1226 (50)
856 1151 946 1208 διὰ
973 1158 1070 1210 τοῦ
1114 1155 1297 1229 βήλου
1327 1161 1435 1210 τῶν
1467 1155 1714 1231 ἀργυρῶν
1747 1154 1962 1224 πυλῶν,

311 1251 412 1314 τῆς
445 1242 759 1320 συγκλήτου
789 1244 1086 1317 ἱσταμένης
1125 1242 1178 1299 ἒν
1227 1250 1304 1317 τῷ
1345 1246 1493 1316 αὐτῷ
1524 1245 1786 1320 τρικλίνῳ
1829 1247 1964 1319 μετά

314 1333 726 1407 ἀλλαξιμάτων,
776 1332 1109 1406 ἐστεμμένου
1159 1333 1314 1398 ὄντος
1360 1339 1456 1390 τοῦ
1519 1333 1839 1410 βασιλέως),
1872 1336 1962 1390 καὶ

319 1425 453 1498 μετὰ
499 1425 558 1478 τὸ
617 1419 898 1492 ἐνδυθῆναι
957 1422 1198 1498 ἐξάγεται
1246 1426 1372 1498 παρ’
1429 1423 1627 1493 αὐτῶν,
1657 1425 1747 1480 καὶ
1797 1425 1962 1480 πάλιν

314 1514 710 1583 κατασπάζεται
761 1513 891 1574 τοὺς
951 1512 1120 1576 πόδας
1167 1520 1265 1569 τοῦ
1316 1511 1579 1570 δεσπότου
1633 1515 1828 1570 καὶτὰ
1861 1516 1960 1589 γό-

314 1624 469 1672 νατας
524 1603 613 1658 καὶ
673 1603 1009 1679 εὐχαριστῶν
1059 1601 1278 1658 ’ίσταται
1337 1603 1390 1658 ἓν
1461 1605 1540 1676 τῷ
1603 1603 1771 1677 μέσῳ,
1863 1604 1959 1658 Καὶ

318 1695 681 1770 προσέρχεται
737 1694 827 1749 καὶ
885 1696 920 1764 ἡ
990 1696 1318 1771 σύγκλητος,
1385 1695 1780 1771 εὖχαριστοῦσα
1850 1696 1963 1766 (51)

312 1789 392 1855 τῷ
423 1781 676 1858 δεσπότῃ,
725 1784 813 1838 καὶ
881 1784 1178 1863 ἀπέρχεται
1224 1783 1274 1840 ἓν
1353 1790 1422 1859 τῇ
1475 1783 1586 1858 ἰδίᾳ
1627 1789 1791 1857 τάξει.
1851 1788 1952 1844 Καὶ

2080 622 2253 678 clinio
2273 640 2470 680 recens
2496 625 2780 682 honorato
2803 644 2817 692 ;
2841 626 2940 697 qui
2960 643 3027 682 ea
3045 631 3246 680 nactus
3263 625 3426 680 humi
3448 625 3713 698 procidit,

2076 713 2364 768 etdomini
2383 715 2556 786 pedes
2571 732 2876 787 genusque
2890 715 3283 784 deosculatur;
3301 715 3435 770 inde
3448 715 3721 787 resurgit,

2075 806 2133 856 et
2164 802 2237 856 ad
2271 803 2570 860 aediculam
2605 805 3131 877 S.Theodori,quze
3161 804 3221 860 in
3257 805 3380 874 ipso
3411 803 3725 876 chrysotri-
3809 810 3814 813 '

2075 891 2251 948 clinio
2281 898 2392 960 est,
2427 894 2569 960 abit,
2608 894 2805 965 ibique
2836 912 2869 950 a
2919 900 3204 966 praesente
3236 894 3644 949 cerimoniario
3672 897 3730 950 et

2075 983 2380 1052 praeposito
2411 983 2583 1038 dictis
2632 985 2807 1040 modo
2841 984 3097 1040 vestibus
3143 984 3385 1040 honoris
3433 983 3723 1040 induitur.

2073 1069 2182 1139 (Illi
2215 1071 2799 1141 ipsi,cerimoniarius
2820 1079 2879 1129 et
2909 1073 3417 1145 prmpositus,eum
3450 1077 3622 1128 antea
3651 1072 3724 1127 ad

2071 1157 2482 1229 imperatorem
2515 1161 2900 1229 adduxerant,
2924 1161 3333 1233 scaramangio
3363 1161 3634 1217 indutum
3669 1164 3727 1218 et

2072 1254 2274 1320 torque
2289 1253 2346 1305 et
2365 1250 2669 1306 catacoilio
2698 1268 2800 1307 seu
2820 1250 3198 1322 ventrali,per
3219 1251 3407 1308 velum
3438 1256 3723 1324 argentea

2071 1342 2489 1409 portis,senatu
2523 1340 2582 1395 in
2606 1340 2809 1396 eodem
2833 1340 3088 1397 triclinio
3117 1341 3176 1397 in
3201 1340 3536 1397 mutatoriis
3566 1344 3726 1398 stan-

2071 1429 2501 1500 te,imperatore
2526 1438 2724 1486 autem
2757 1436 3007 1485 stemma
3031 1447 3130 1486 seu
3160 1430 3406 1486 infulam
3439 1431 3724 1502 gerente.)

2069 1517 2153 1573 Ab
2176 1518 2294 1572 illis
2327 1519 2617 1590 ipsis,jam
2654 1519 2864 1575 brabeo
2897 1537 3000 1575 suo
3032 1520 3329 1585 indulus,e
3356 1520 3721 1576 S.Theodoro

2071 1611 2344 1664 educitur
2375 1609 2717 1679 honoratus,
2750 1618 2804 1664 et
2845 1615 3227 1680 praesentatur
3255 1610 3518 1676 domino,
3547 1609 3719 1680 cujus

2072 1701 2246 1770 pedes
2278 1704 2335 1754 et
2365 1716 2550 1770 genua
2592 1702 2799 1755 iterum
2833 1699 3150 1765 osculatur,
3202 1699 3470 1771 dictaque
3502 1701 3723 1771 gratia-

2073 1805 2203 1843 rum
2237 1789 2486 1854 actione,
2521 1788 2712 1844 medio
2758 1789 2815 1843 in
2849 1788 3102 1844 conclavi
3151 1793 3324 1844 astat.
3356 1774 3503 1844 Tum
3557 1803 3720 1844 acce-

314 1875 408 1938 εῖθ¹
441 1872 613 1934 οὕτως
655 1868 1036 1942 ἀναϐιϐάζεται
1068 1875 1096 1928 ὁ
1155 1877 1406 1948 τιμηθεὶς
1440 1873 1529 1930 διὰ
1574 1881 1670 1930 τοῦ
1714 1897 1955 1952 πραιπο-
1991 1916 2000 1980 1

353 1967 362 1980 .
527 1962 546 1979 ,ν
633 1965 657 1980 ..
813 1968 834 1978 ..
1033 1963 1043 1980 ν
1353 1965 1367 1980 ς
1423 1962 1504 1980 κη
1717 1965 1730 1980 .
1827 1971 1851 1980 -

2077 1877 2165 1932 dit
2195 1887 2428 1934 senatus
2479 1883 2535 1932 et
2563 1879 2781 1949 gratias
2833 1877 3068 1933 domino
3099 1877 3245 1948 [agit
3293 1893 3395 1948 pro
3444 1877 3721 1946 imposito

314 1967 463 2019 σίτου
519 1962 716 2018 ἄνωθεν
768 1968 876 2018 τῶν
912 1963 1248 2040 μαγίστρων,
1280 1965 1368 2019 καὶ
1420 1962 1626 2020 δίδοται
1677 1965 1739 2020 τὸ
1769 1971 1959 2038 νεῦμα,

314 2054 402 2108 καὶ
459 2051 734 2126 ἐξέρχεται
795 2052 888 2106 σὺν
948 2056 1017 2125 τῇ
1061 2051 1375 2129 συγκλήτῷ,
1433 2054 1525 2108 καὶ
1567 2055 1962 2124 κατασπάζεται

315 2141 404 2196 ὑπ’
452 2141 643 2210 αὐτῆς,
698 2141 788 2195 καὶ
835 2140 1128 2215 ἀπέρχεται
1190 2142 1241 2195 ἐν
1297 2147 1365 2216 τῇ
1426 2141 1581 2216 Ἀγίᾳ
1633 2145 1807 2220 Σοφίᾳ
1851 2145 1964 2217 (52)

311 2234 495 2308 φορῶν
553 2229 738 2286 ταῦτα.
807 2229 913 2287 Καὶ
975 2229 1369 2304 ὀψικευόμενος
1427 2231 1572 2306 παρά
1625 2252 1683 2286 τε
1730 2235 1828 2286 τοῦ
1860 2239 1960 2301 τῆς

309 2319 687 2381 καταστάσεως
724 2318 814 2373 καὶ
858 2323 955 2372 τοῦ
999 2320 1368 2395 πριμικηρίου
1413 2325 1514 2376 τοῦ
1569 2316 1963 2376 κουϐουκλείου

311 2409 401 2464 καὶ
451 2413 557 2464 τῶν
601 2406 1002 2483 σιλεντιαρίων,
1051 2404 1413 2482 διερχόμενος
1472 2407 1560 2463 διὰ
1598 2416 1701 2479 τῆς
1743 2408 1964 2484 χαλκῆς

309 2498 399 2554 καὶ
455 2497 929 2573 ἀκτολογούμενος
975 2497 1119 2570 παρὰ
1173 2502 1282 2552 τῶν
1328 2495 1422 2553 δύο
1459 2503 1660 2573 μερῶν,
1693 2497 1875 2574 ὥσπερ
1906 2501 1958 2554 οἱ

308 2588 613 2664 πατρίκιοι,
643 2589 734 2644 καὶ
785 2585 1084 2662 δεχόμενος
1144 2586 1316 2663 εὐχὴν
1368 2589 1515 2663 παρὰ
1553 2592 1650 2644 τοῦ
1697 2590 1958 2664 πατριάρ-

2075 1966 2183 2021 sibi
2214 1968 2444 2038 capite],
2478 1966 2710 2038 illisque
2742 1966 3016 2037 peractis,
3053 1981 3264 2021 rursus
3295 1965 3366 2021 ad
3399 1981 3570 2020 suam
3600 1971 3724 2020 sta-

2074 2055 2292 2111 tionem
2320 2057 2489 2111 redit.
2521 2062 2668 2112 'I‘um
2703 2055 3044 2128 producitur
3075 2055 3395 2111 honoratus
3427 2071 3458 2108 a
3491 2070 3720 2127 praepo-

2074 2145 2183 2200 sito
2230 2149 2288 2200 et
2318 2145 2377 2200 in
2410 2146 2598 2216 capite
2647 2147 3062 2218 magistrorum
3103 2144 3444 2213 collocatur,
3474 2145 3721 2215 datoque

2075 2234 2446 2304 imperatoris
2478 2240 2645 2303 nutu,
2679 2243 2735 2291 et
2767 2235 2890 2305 ipse
2920 2239 2976 2290 et
3002 2234 3181 2290 simul
3213 2238 3450 2290 senatus
3480 2239 3715 2289 exeunt.

2074 2322 2382 2378 Senatores
2427 2324 2548 2393 jam
2590 2332 2747 2379 extra
2794 2328 3171 2396 conspectum
3215 2322 3436 2378 domini
3479 2325 3720 2394 agentes

2073 2429 2284 2468 novum
2317 2429 2489 2468 suum
2517 2413 2819 2484 praesidem
2842 2411 3214 2468 consalutant
3239 2431 3253 2480 ;
3281 2411 3378 2466 ille
3397 2427 3528 2466 vero
3551 2427 3722 2483 porro

2073 2503 2143 2556 ad
2177 2501 2326 2556 aedes
2356 2502 2411 2555 S.
2445 2500 2674 2572 Sophia
2705 2502 2761 2556 in
2795 2519 2943 2558 novo
2977 2518 3083 2557 suo
3113 2505 3322 2557 ornatu
3358 2499 3503 2566 abit,
3533 2500 3718 2556 comi-

2073 2591 2333 2646 tantibus
2362 2589 2770 2646 cerimoniario
2800 2594 2860 2646 et
2889 2589 3222 2662 primicerio
3255 2588 3508 2644 cubiculi
3539 2593 3597 2644 et
3628 2587 3720 2644 si-

1669 2707 1915 2763 ‘VARl/E
1952 2706 2353 2764 LECTIONES.

373 2800 420 2835 ⁴⁰
446 2800 539 2855 Sic
571 2799 636 2855 R.
675 2799 731 2856 h.
773 2798 816 2856 Ι.
849 2805 902 2854 et
936 2814 1092 2865 mox,
1123 2794 1456 2852 κατακυλίου
1487 2797 1614 2854 cod.
1643 2801 1701 2852 et
1728 2799 1816 2852 ed.

1332 2894 1537 2950 JOAN.
1577 2894 1725 2950 JAC.
1770 2893 2038 2949 REISKII
2077 2892 2676 2949 COMMENTARIUS.

302 2993 356 3044 et
386 2987 576 3043 cervix
608 2987 1032 3042 exsererentur.
1057 2983 1282 3040 Talium
1317 2984 1643 3039 cloccarum
1671 2983 1948 3037 memoria

297 3069 347 3114 et
381 3061 670 3129 imagines
703 3059 919 3128 passim
954 3057 1358 3129 occurrunt_i_n
1393 3056 1789 3129 monumentis
1822 3070 1946 3108 me-

297 3130 376 3186 dii
407 3127 531 3196 aevi;
581 3136 643 3184 ut
675 3127 729 3184 in
789 3129 1224 3199 Longobardica
1270 3127 1373 3181 illa
1403 3127 1625 3189 tabula,

296 3203 659 3257 ronationem
695 3204 851 3270 regis
883 3197 1670 3270 Longobardiciiexhibetmb
1705 3197 1940 3270 Horatio

295 3274 510 3328 Blanco
543 3273 610 3325 ad
643 3268 1082 3325 Wirnefridum
1115 3269 1495 3325 edita.Dill'ert
1517 3272 1710 3324 clocca
1739 3287 1770 3322 a
1797 3268 1946 3322 colo-

295 3345 392 3399 bio
424 3360 490 3398 eo
523 3342 680 3414 quod
710 3343 810 3396 illa
828 3343 1146 3396 scissuram
1172 3345 1458 3395 modicam
1486 3339 1942 3414 interscapulas,

299 3422 397 3470 aut
425 3412 598 3469 etiam
645 3415 718 3468 ab
749 3415 938 3468 antica
969 3422 1026 3469 et
1061 3415 1282 3484 postica
1331 3415 1505 3467 simul
1562 3413 1817 3473 haberet,
1871 3412 1942 3484 ab

298 3487 400 3541 illo
435 3487 712 3541 foramine
737 3502 835 3555 per
855 3489 1002 3553 quod
1039 3483 1213 3556 caput
1235 3489 1608 3556 exserebatur
1642 3501 1754 3556 non
1791 3483 1945 3536 mul-

299 3563 427 3613 tum
460 3553 749 3614 deorsum
773 3553 1233 3628 procurrentem,
1269 3557 1324 3610 in
1359 3556 1477 3609 imo
1510 3553 1693 3610 solida
1735 3574 1759 3628 ;_
1785 3555 1942 3609 colo-

301 3630 465 3685 bium
496 3647 628 3702 vero
650 3626 968 3684 scissuram
995 3630 1067 3682 ab
1100 3629 1218 3702 ima
1248 3644 1349 3682 ora
1387 3642 1566 3702 super
1612 3626 1802 3702 medio
1835 3642 1940 3702 pe-

303 3707 461 3756 ctore
490 3704 556 3756 ad
580 3697 882 3755 summum
904 3715 1091 3770 usque
1114 3699 1324 3754 collare
1341 3696 1754 3770 ascendentem
1779 3696 1948 3770 habe-

302 3773 428 3837 bat,
459 3776 664 3826 caetera
711 3767 1308 3825 solidumCDiscimus
1341 3770 1409 3824 de
1457 3769 1681 3838 reliquo
1730 3784 1798 3822 ex
1845 3767 1944 3822 illo

302 3842 546 3899 Concilii
604 3841 1040 3911 Andegavensis
1106 3840 1340 3895 laudato
1397 3839 1543 3911 loco,
1607 3839 1945 3911 chlamydes

305 3915 496 3970 adhuc
544 3929 636 3967 xiv
683 3910 893 3966 saeculo
933 3911 1147 3982 gestari
1196 3911 1401 3966 solitas
1450 3910 1668 3982 fuisse}
1711 3910 1946 3982 itemex

303 3984 582 4056 imagine,
633 3985 682 4038 si
715 3979 1408 4056 quibus—eamuspectare
1446 3980 1607 4056 licet,
1639 3979 1946 4056 in_codice

303 4050 556 4128 quodam
591 4050 1038 4128 membranaceo
1064 4050 1427 4128 bibliothecis
1446 4050 1618 4128 hujus
1647 4050 1945 4128 urbis_p_u-

301 4121 487 4194 lilicaa,
523 4126 623 4199 qui
655 4127 1065 4199 complectitur
1094 4124 1676 4199 duobusgrandibus
1716 4121 1944 4199 intolio

302 4193 704 4255 voluminibus
726 4193 940 4252 Valerii
967 4197 1192 4251 Maximi
1218 4193 1498 4251 Gallicam
1517 4193 1948 4264 interpretatio-

300 4287 434 4326 nem
471 4270 854 4338 pulcherrime
902 4269 1179 4339 scriptam
1214 4273 1270 4322 et
1310 4272 1651 4339 auroiatque
1701 4265 1945 4339 picturis

297 4341 711 4398 illuminatam.
753 4337 1224 4411 Singulisilibris
1274 4338 1586 4411 praemissae
1640 4341 1777 4390 sunt
1824 4337 1945 4411 sin:

302 4414 452 4484 gulae
501 4413 748 4483 grandes
779 4416 837 4466 et
861 4405 1293 4484 pulcherrimis
1322 4409 1632 4479 imagines,
1660 4423 1816 4484 quas
1848 4405 1943 4475 qui

2055 2981 2212 3052 νόμῳ
2239 3000 2253 3047 ;
2285 2983 2399 3038 vid.
2434 2983 2709 3037 Murator.
2743 2985 2783 3035 t.
2826 2982 2896 3049 ll,
2943 2983 3079 3035 Ant.
3115 2979 3244 3037 Ital.
3279 2997 3336 3051 p.
3370 2980 3496 3034 361.
3531 2979 3700 3052 Apud

2058 3050 2327 3107 eumdem
2363 3071 2416 3125 p.
2442 3054 2848 3125 332,1eguntur
2878 3054 2937 3106 in
2972 3050 3387 3125 imprecatione
3421 3050 3703 3125 marmori

1671 3142 1794 3197 quae
1843 3143 1937 3179 co-
1968 3124 2010 3190 ί]
2050 3125 2337 3193 Nepesino
2363 3121 2655 3193 inscripta
2684 3126 2802 3179 haec
2834 3125 3006 3179 verba
3038 3121 3208 3178 {cum
3253 3124 3392 3197 Iuda
3421 3129 3472 3177 et
3507 3121 3693 3197 Capha

2049 3205 2099 3251 et
2134 3199 2310 3250 Pilato
2341 3197 2534 3250 habeat
2575 3199 2898 3265 portionem,
2931 3198 3062 3248 item
3101 3194 3476 3264 turpissimam
3524 3193 3688 3246 susti-

2050 3274 2179 3320 neat
2208 3275 2457 3329 mortem,
2485 3272 2546 3320 ut
2596 3268 2733 3337 eyto,
2767 3269 2863 3335 qui
2909 3283 3034 3319 suos
3081 3265 3321 3319 tradidit
3350 3265 3541 3337 socios,
3575 3278 3684 3317 non

2048 3340 2168 3408 ejus
2198 3337 2270 3392 sit
2314 3336 2730 3399 memoria.’sed
2759 3342 2817 3390 in
2849 3337 3015 3391 asello
3064 3348 3361 3391 retrorsum
3407 3336 3588 3390 sedeat
3638 3337 3687 3387 et

2047 3412 2280 3464 caudam
2337 3412 2395 3463 in
2455 3427 2623 3463 manu
2690 3413 2882 3463 teneat.
2944 3408 3308 3463 Constructio
3380 3408 3687 3460 verborum

2049 3481 2171 3536 haec
2201 3488 2288 3535 est
2322 3497 2334 3534 :
2365 3489 2422 3534 ut
2451 3484 2568 3547 eius
2598 3482 2694 3551 qui
2724 3482 2892 3534 socios
2915 3479 3166 3546 tradidit,
3200 3479 3256 3532 id
3289 3484 3378 3551 est
3410 3478 3688 3551 prodidit,

2048 3555 2317 3607 memoria
2347 3567 2454 3606 non
2483 3552 2555 3606 sit
2584 3548 2645 3606 iii
2675 3553 2816 3622 cylo,
2849 3551 2906 3605 id
2957 3555 3046 3605 est
3081 3552 3233 3606 creto.
3266 3548 3587 3622 salmasius
3617 3549 3690 3602 ad

2047 3623 2314 3694 inscript.
2349 3624 2589 3680 Herodis
2637 3624 2809 3678 Attici

2841 3639 2896 3693 p.
2953 3623 3042 3687 44,
3077 3623 3226 3677 inter
3257 3621 3372 3678 alia
3401 3623 3503 3687 ait,
3557 3624 3690 3693 ante

2050 3691 2317 3750 inventas
2375 3711 2407 3749 a
2450 3696 2752 3750 Simonide
2810 3691 3031 3750 litteras
3091 3693 3268 3748 scribi
3317 3691 3691 3749 consuevisse

2049 3767 2367 3839 ΠΣΟΙΚΗΕ
2406 3782 2509 3837 pro
2559 3766 2736 3839 ψυχή.
2789 3766 2944 3839 Infra
2988 3766 3142 3836 apud
3192 3766 3465 3839 Nostrum
3485 3769 3584 3839 est
3632 3778 3689 3832 p.

2051 3839 2154 3910 339
2235 3833 2583 3910 συνέτόιχον’
2628 3833 2729 3910 pro
2795 3833 3106 3910 συνέτυχον,
3179 3842 3232 3890 et
3306 3833 3562 3910 vicissim
3634 3849 3688 3901 p.

2048 3908 2155 3961 222
2187 3905 2388 3979 τύχοις
2442 3901 2544 3978 ῥ’το
2611 3901 2867 3979 τοίχοις,
2902 3901 3074 3979 ποίλη
3145 3921 3247 3975 pro
3302 3901 3476 3979 πόλη,
3535 3921 3690 3979 (pwi-

2050 3996 2158 4053 x1;
2182 3978 2239 4053 in
2265 3976 2370 4053 111:,
2405 3976 2503 4033 ubi
2536 3976 2757 4032 editum
2790 3978 2901 4053 fuit
2928 3977 3194 4053 φοίνικας,
3228 3992 3286 4046 p.
3330 3976 3444 4053 lOi_.

2124 4049 2238 4119 (51)
2292 4049 2417 4104 Mos
2448 4055 2589 4113 erat,
2632 4054 2698 4103 ut
2727 4046 2967 4120 senatus
3017 4063 3118 4120 pro
3165 4062 3366 4102 recens
3411 4046 3693 4120 honorato

2051 4120 2269 4190 collega
2337 4121 2558 4190 gratias
2633 4119 2980 4190 imperatori
3023 4119 3248 4190 ageret,
3308 4121 3374 4172 ut
3436 4119 3693 4190 _patet_e

2051 4133 2269 4190 couega
2337 4133 2558 4190 gratias
2633 4133 2973 4188 imperatori
3032 4133 3248 4242 ageret,
3308 4133 3374 4172 ut
3447 4133 3606 4186 pater.
3662 4133 3692 4167 θ

2050 4191 2370 4264 Themistjo
2421 4191 2617 4264 p.200
2651 4188 2883 4264 {Aetvov
2934 4188 3026 4242 οὗν
3076 4187 3199 4264 Δμοὶ
3247 4184 3692 4264 κατεφᾶνῃητήν

2053 4262 2147 4334 μὲν
2207 4256 2616 4335 βουλὴνέὐθῦς
2658 4259 3024 4335 εἰσελθοῦσαν,
3063 4256 3219 4335 ᾐνίκα
3267 4256 3428 4335 αὐτόν
3478 4256 3692 4335 ἀνεῖπεν

2050 4326 2628 4407 ὂβαάιλεὺξωθωρθ
2676 4326 3020 4406 consulem),
3073 4326 3254 4386 δοῦναι
3301 4330 3369 4383 τὰ
3419 4326 3696 4403 πρέποντα

2057 4405 2413 4482 χαριστήρια.

303 4467 566 4540 ῗῐιὶυθιῖῖι·
600 4501 712 4538 non
737 4467 924 4550 potest
956 4482 1186 4536 illorum
1214 4467 1789 4551 temporiim.quii)us
1819 4467 1949 4533 eia-
1977 4467 2022 4532 Ι)
2060 4467 2099 4482 ’“
2127 4467 2238 4548 (52)
2285 4467 2412 4533 Mos
2461 4481 2606 4551 erat;
2633 4477 2980 4542 Graecorum,
3022 4480 3084 4551 ut
3130 4490 3336 4551 recens
3379 4473 3693 4551 honoratus

305 4562 462 4612 ratus
492 4557 602 4610 fuit
631 4555 894 4620 codex,in
931 4554 1220 4624 pingendo
1251 4553 1635 4608 subtilitatem
1667 4557 1723 4606 et
1752 4551 1944 4606 dexte-

307 4629 527 4683 ritatem
563 4644 677 4682 non
713 4625 929 4679 mirari.

377 4701 490 4767 (50)
521 4699 700 4753 Credo
729 4694 1104 4762 κατακοτλιον,
1135 4696 1401 4762 ventrale,
1437 4694 1616 4749 fuisse
1643 4694 1823 4749 vestis
1855 4709 1948 4760 ge-

311 4788 443 4838 nus,
475 4772 626 4840 quod
663 4778 863 4838 pectus
896 4769 1100 4840 ambit,
1131 4767 1263 4821 etin
1294 4767 1438 4834 ipsis
1470 4767 1812 4840 inguinibus
1853 4767 1949 4819 de-

308 4843 466 4899 sinit.
495 4838 758 4895 Bruslutx
791 4841 874 4893 vel
929 4839 1139 4891 Wumbs
1201 4840 1366 4892 nobis
1416 4840 1657 4904 dictum,
1709 4838 1780 4891 de
1831 4852 1945 4906 quo

307 4930 360 4968 v.
423 4913 506 4968 Du
558 4915 748 4982 Gange
796 4927 848 4966 v.
901 4910 1173 4974 Gambeso,
1233 4918 1302 4982 et,
1347 4926 1470 4978 quae
1502 4910 1674 4982 Ainira
1732 4910 1802 4962 de
1851 4908 1948 4960 di-

311 4985 502 5056 ploide
533 4977 762 5056 dicain;
807 4987 905 5035 aut
937 4977 1377 5056 fuit_ventral_e,i
1399 4981 1446 5033 si
1495 4977 1774 5056 Salmasio
1823 4994 1947 5056 ore:

309 5049 530 5115 dimus,
566 5055 672 5108 hac
704 5053 772 5107 de
817 5068 953 5105 voce
1004 5052 1075 5106 ad
1105 5057 1223 5105 Scr.
1276 5052 1341 5104 H.
1391 5061 1534 5112 Aug.
1565 5057 1607 5104 t.
1663 5051 1702 5109 l.
1738 5066 1791 5120 p.
1842 5049 1948 5102 670

308 5125 650 5194 disputanti,
699 5125 811 5177 lata
867 5123 1045 5177 fascia
1099 5122 1286 5176 ventri
1337 5121 1761 5194 praecingenda,
1810 5137 1944 5175 cum

311 5192 556 5254 habenis
611 5195 952 5248 astrictoriis
1010 5202 1062 5248 et
1113 5195 1292 5248 funda
1341 5193 1428 5247 vel
1491 5192 1786 5262 marsupio
1849 5208 1947 5260 pro

309 5267 694 5324 recondendis
716 5265 1226 5320 nummis.Graecos
1246 5270 1466 5317 veteres
1489 5264 1544 5316 in
1577 5264 1950 5330 pronuntian-

308 5343 382 5396 do
434 5342 586 5394 inter
629 5357 658 5388 υ
707 5346 760 5392 et
809 5356 859 5388 οι
891 5335 1203 5390 discrimen
1254 5353 1369 5388 non
1422 5336 1717 5398 statuisse,
1767 5352 1833 5388 ex
1881 5351 1948 5388 eo

304 5413 453 5467 satis
502 5419 760 5482 apparet,
814 5412 964 5478 quod
1021 5422 1203 5475 neque
1267 5406 1468 5482 Graeci,
1503 5423 1706 5482 neque
1763 5405 1946 5482 Latini

308 5477 592 5553 librarii'y
626 5488 680 5534 et
733 5477 1208 5553 tedistinguu‘nt,‘
1250 5480 1349 5532 sed
1386 5477 1570 5553 ambo
1623 5481 1949 5553 promiscue

311 5546 581 5610 habent:
611 5552 750 5608 Novi
809 5546 1012 5606 Graeci"
1049 5546 1288 5603 πόκυλον
1369 5549 1562 5603 dicunt
1625 5546 1732 5616 pro
1813 5546 1949 5600 ὑπό-

309 5623 500 5680 κοιλον
564 5625 650 5680 vel
713 5619 1056 5689 ὑποκοίλιον,
1108 5625 1314 5676 venter.
1367 5621 1470 5675 Pro
1529 5618 1711 5673 Μυσία
1762 5618 1948 5674 Latini

313 5698 504 5755 Maesia
549 5697 839 5753 dixerunt.
901 5695 1012 5750 Pro
1061 5691 1329 5753 οἷκειακός
1368 5691 1592 5763 yciacu:
1639 5693 1953 5763 exararunt

314 5772 392 5841 (v.
429 5773 511 5826 Du
542 5768 734 5841 Gange
763 5785 814 5824 v.
851 5765 1215 5838 Catapanus),
1249 5769 1306 5821 et
1333 5759 1628 5835 ybonomus
1658 5777 1762 5834 pro
1793 5759 1948 5815 nixo-

2054 4543 2251 4604 statim
2287 4565 2318 4604 a
2368 4549 2726 4621 promotioue
2773 4555 2831 4603 et
2874 4546 3338 4621 consistoriohad
3366 4543 3692 4621 ecclesiam

2055 4615 2440 4691 aliquam,seu
2475 4621 2788 4691 palatinam
2819 4621 2904 4688 (ut
2931 4618 3294 4691 S.Demetrii,
3326 4617 3440 4672 vid.
3475 4615 3695 4686 p.135),
3753 4637 3760 4642 ·

2055 4690 2168 4748 seu,
2191 4690 2500 4760 urbanam,
2535 4700 2598 4746 ut
2629 4692 2687 4747 S.
2714 4692 2990 4761 Sophiam
3026 4697 3124 4744 aut
3154 4690 3693 4758 SS.AposIolorum,

2058 4765 2502 4834 aliiret,Deoque
2534 4765 2752 4833 gratias
2782 4781 2882 4832 ρι’έ·
2918 4763 3141 4816 indulto
3176 4762 3392 4815 honore
3415 4764 3632 4834 ageret,
3664 4773 3697 4810 a

2059 4831 2669 4906 patriarcha—velalio
2702 4831 2952 4905 quodam
3001 4835 3295 4906 sacerdote
3345 4831 3696 4884 benedictio-

2060 4904 2188 4960 nem
2221 4914 2275 4960 et
2308 4924 2532 4960 sacram
2568 4904 3037 4959 communionem
3074 4904 3449 4971 acciperet,et
3482 4915 3697 4954 munus

2057 4979 2312 5033 ecclesire
2345 4978 2863 5031 donaret.Domum
2890 4977 3097 5030 deinde
3120 4980 3429 5028 abeuntem
3463 4974 3696 5039 collegae

2061 5051 2191 5102 novi
2225 5056 2280 5102 et
2304 5051 2618 5103 familiares
2638 5048 3064 5103 comitabantur
3094 5054 3150 5102 et
3172 5044 3698 5105 deducebantnlluc

2060 5122 2334 5175 ali‘erebat
2359 5121 2572 5188 regium
2593 5120 2852 5189 diploma
2875 5119 2960 5172 vel
2988 5119 3289 5174 codicillos
3312 5115 3696 5189 silentiarius,

2058 5199 2114 5246 et
2144 5209 2347 5245 omnes
2378 5187 2800 5259 epulabantur;
2837 5191 2951 5244 vid.
2986 5190 3174 5244 Nostri
3214 5207 3269 5260 p.
3301 5189 3422 5249 135,
3456 5187 3696 5240 Ccdren.

2059 5281 2115 5333 p.
2144 5264 2270 5324 612,
2306 5263 2568 5316 Valesius
2614 5264 2683 5316 ad
2736 5263 2926 5316 Amm.
2964 5261 3217 5316 Marcell.
3255 5278 3330 5333 βτί
3361 5260 3487 5333 523,
3518 5262 3572 5311 et
3615 5261 3693 5333 Du

2059 5327 2246 5394 Canae
2277 5351 2327 5388 v.
2381 5335 2677 5388 Patricius.
2713 5335 2826 5404 Ipsi
2879 5350 3108 5404 quoque
3158 5327 3403 5404 gentiles
3457 5327 3700 5404 Romani

2064 5408 2437 5474 magistratus
2470 5423 2610 5459 nom
2639 5402 2805 5459 macti
2845 5402 3060 5458 honore
3086 5405 3235 5456 ibant
3266 5404 3319 5454 in
3347 5402 3695 5474 Capitolium

2060 5479 2178 5531 Juvi
2211 5480 2426 5540 gratias
2476 5487 2668 5530 actum
2700 5494 2714 5541 ;
2751 5477 2858 5530 νεά.
2894 5480 3119 5528 Arrian.
3173 5475 3403 5528 dissert.
3459 5473 3698 5541 Epictet.

2064 5551 2276 5630 p.136.
2329 5550 2547 5630 '[Bitus
2591 5551 2922 5630 precumﬂin
2976 5546 3406 5630 te‘mplo'su‘pe‘r
3460 5543 3700 5630 patricio

2062 5618 2466 5691 inaugurando
2495 5638 2546 5676 ν.
2586 5620 2792 5691 Georg.
2824 5619 3087 5691 Monach.
3123 5635 3178 5691 p.
3200 5618 3703 5691 568,_Script.post

2063 5687 2406 5763 Thedphan.
2441 5707 2497 5763 p.
2546 5692 2671 5747 239.
2701 5687 2933 5763 Patricii
2983 5687 3163 5763 Grani
3198 5688 3469 5763 precibus
3499 5687 3704 5763 inﬁgo:

2063 5753 2245 5819 clesia
2269 5753 2623 5820 communiri
2673 5762 2848 5830 soliti,
2883 5761 2944 5817 S.
2976 5777 3054 5818 m.
3090 5753 3382 5832 Logothet.
3414 5773 3472 5829 p.
3520 5753 3702 5826 475T
