4090 6216
333 377 449 438 833

933 373 1039 432 DE
1082 371 1536 434 CERIMONIIS
1582 334 1816 434 AUL/s
1857 370 1996 432 svz

2109 373 2353 438 lTlNB
2395 379 2541 440 LIB.
2587 379 2634 440 Ι.
2683 414 2756 424 ——
2801 382 3135 443 APPEND.

3622 391 3740 448 834

333 526 452 570 τας’
487 508 862 584 ἀπαριθμῆσαι
893 505 984 560 τὸν
1018 503 1176 574 λαὸν,
1230 503 1347 558 ὅσοι
1395 523 1454 557 τε
1498 503 1600 558 ὑπὸ
1645 505 1710 558 τὰ
1740 503 1986 580 τάγμα-τά

2109 511 2424 567 custodiam
2457 513 2756 570 abderent.
2780 515 2998 573 Deinde
3015 517 3234 574 solebat
3251 517 3744 594 imperator[Con-

337 599 440 654 εἱσι
497 603 597 666 τῆς
658 594 875 656 πόλεως
932 594 1020 649 καὶ
1081 593 1199 648 ὅσοι
1259 594 1364 648 ὑπὸ
1421 593 1512 647 τὸν
1592 591 1860 669 ὕπαρχον,
1901 595 1988 649 καὶ

337 687 564 748 τούτους
624 685 934 761 προορίζειν
1016 685 1131 737 καθ’
1212 683 1424 749 ἑαυτὸν,
1503 681 1553 736 ἐν
1633 684 1779 754 ποίῳ
1841 684 1990 755 μέρει

336 775 559 832 ἕκαστον
591 776 796 828 τούτων
846 779 951 826 τῶν
1004 771 1362 844 συστημάτων
1423 769 1647 848 φυλάξει
1694 773 1794 839 τήν
1827 770 1989 826 πόλιν

339 867 392 921 ἐν
451 869 626 939 καιρῷ
686 859 983 933 ἐπιδημίας
1050 861 1282 935 ἐχθρῶν·
1352 860 1614 933 ἀνορθοῦν
1673 858 1728 914 δὲ
1780 861 1869 914 καὶ
1926 863 1993 916 τά

333 958 443 1008 τῶν
483 956 686 1030 τειχῶν
738 948 1026 1021 κλάσματα
1074 949 1165 1003 καὶ
1213 949 1277 1003 τὰ
1331 948 1424 1021 μὲν
1472 948 1529 1002 ἐκ
1578 946 1777 1010 δύσεως
1827 947 1995 1024 ἐρχό-

339 1063 468 1116 μενα
519 1037 765 1112 μανδάτα
811 1037 1202 1110 καταμηνύειν,
1251 1034 1354 1100 ἕως
1406 1038 1464 1090 ἅν
1526 1038 1685 1100 αὐτὸς
1744 1039 1772 1091 ὁ
1833 1040 1992 1112 βασι-

339 1132 464 1193 λεὺς
509 1131 577 1185 τά
635 1128 937 1201 οἰκούμενα
987 1127 1248 1202 παρέλθῃο
1305 1130 1438 1200 μετὰ
1483 1125 1539 1182 δὲ
1585 1132 1752 1182 ταῦτα
1799 1129 1866 1183 τὰ
1899 1129 1994 1200 μὲν

340 1217 607 1275 σπουδαῖα
651 1219 740 1273 καὶ
809 1214 1064 1272 κίνδυνον
1133 1216 1402 1288 σύντομον
1467 1215 1794 1272 ἀπειλοῦντα
1851 1213 1994 1270 διοι-

333 1315 446 1365 κεῖν
495 1309 678 1380 αὐτὸν,
738 1307 918 1370 καθὼς
973 1303 1032 1360 ἂν
1081 1305 1277 1378 νομίσῃ
1327 1303 1597 1382 συμφέρον
1651 1305 1805 1374 εἶναι,
1860 1307 1991 1379 βου-

337 1398 632 1470 λευόμεεοον
674 1397 810 1470 μετά
856 1401 966 1450 τῶν
1016 1397 1454 1470 χρησιμωτερων
1495 1401 1594 1462 τῆς
1644 1394 1879 1456 πόλεως·
1928 1395 1996 1448 τὰ

334 1485 391 1544 δὲ
453 1486 724 1561 μηδεμίαν
781 1483 1022 1554 σπουδήν
1063 1481 1284 1560 ἔχοντα,
1337 1483 1464 1538 ἀλλ’
1505 1482 1696 1552 εὐτελῆ
1741 1480 1865 1538 ὄντα
1903 1485 1991 1538 καὶ

337 1578 559 1654 ιρανερᾶ,
611 1574 856 1638 διοικεῖν,
909 1575 976 1629 τά
1026 1571 1081 1628 δὲ
1133 1572 1383 1650 μεγάλης
1434 1571 1724 1648 φροντίδος
1767 1572 1998 1644 δεόμενα

345 1668 667 1740 ὑποκρατεῐν
730 1667 900 1740 μέχρι
956 1670 1054 1732 τῆς
1135 1663 1483 1739 ὑποστροφῆς
1541 1666 1639 1716 τοῦ
1699 1663 1992 1735 βασιλέως·

340 1756 632 1831 προσέχειν
711 1751 766 1808 δὲ
848 1750 1085 1825 μάλιστα
1154 1750 1278 1826 περὶ
1358 1747 1626 1825 αἰφνιδίου
1695 1747 1992 1822 ἐπιδημίας

339 1845 576 1921 ἐχθρῶν,
625 1845 714 1898 καὶ
769 1840 858 1897 διὰ
899 1845 1059 1896 τοῦτο
1111 1840 1349 1914 μάλιστα
1393 1841 1613 1918 γράφειν
1656 1861 1712 1894 τε
1751 1843 1994 1917 συνεχῶς

371 1901 454 1921 "vl
565 1901 576 1914 ’
1111 1901 1120 1914 ‘
1407 1901 1439 1914 ⁵⁸
1512 1901 1522 1918 ο
1878 1901 1916 1917 Ib
1982 1901 1990 1903 ν

337 1935 426 1989 καὶ
482 1931 734 2008 δὲχεσθαι
785 1931 845 1986 ἐκ
886 1936 994 1985 τῶν
1041 1929 1219 2004 ἄκρων
1271 1931 1542 2002 θεμάτων,
1594 1929 1682 1982 καὶ
1725 1949 1992 1983 κατασκο-
2025 1901 2071 1965 Β

338 2030 458 2079 πεῖν
518 2025 583 2076 τά
639 2027 744 2076 τῶν
807 2022 1062 2096 γειτόνων
1124 2019 1356 2095 ἐχθρῶν,
1413 2020 1503 2072 καὶ
1564 2019 1844 2090 μανθάνειν
1900 2019 1987 2072 καὶ

339 2110 730 2169 ἀναδιδάσκεινο
793 2110 870 2166 ἔτι
929 2131 991 2186 γε
1069 2113 1177 2182 μὴν
1250 2110 1367 2163 καθ’
1445 2109 1631 2163 ἑαυτὸν
1686 2108 1988 2185 φροντίζειν

333 2202 459 2276 περὶ
493 2200 702 2270 ὅπλων,
751 2201 869 2254 ὅθεν
915 2197 1022 2269 ἕξει
1072 2199 1210 2253 αὐτά
1260 2198 1312 2252 ἐν
1362 2201 1537 2272 καιρῷ
1584 2198 1794 2272 χρείας·
1827 2202 1992 2252 ταῦτα

337 2289 394 2346 δὶ
453 2290 759 2365 λογίζεσθαι
816 2290 930 2342 καθ’
992 2288 1182 2342 ἑαυτὸν
1239 2287 1327 2340 καὶ
1383 2287 1761 2358 ἑτοιμάζεσθαι
1813 2287 1990 2364 χωρὶς

333 2387 606 2455 ταραχῆς,
641 2377 733 2433 ’ἱνα
767 2379 842 2450 μή
876 2373 1046 2454 φόϐον
1092 2371 1350 2448 ἐμϐάλλῃ
1380 2380 1448 2449 τῇ
1481 2375 1662 2440 πόλει,
1696 2377 1784 2429 καὶ
1816 2374 1992 2430 πολυ-

1069 2113 1177 2182 μήν
1250 2110 1367 2163 καθ’

240 2477 251 2486 “
339 2470 626 2543 τιμότερον
683 2469 993 2539 καταστήσῃ
1054 2466 1146 2520 τὸν
1199 2469 1346 2518 σῖτον
1408 2464 1499 2518 καὶ
1551 2464 1618 2518 τὰ
1677 2463 1847 2519 λοιπά
1883 2471 1989 2519 τῶν

341 2557 502 2614 εἰδῶν
561 2561 696 2630 (15)·
758 2559 1047 2628 κατασιγᾷν
1085 2557 1196 2626 (16)
1256 2551 1314 2608 δὲ
1370 2555 1463 2614 τὰς
1512 2551 1750 2628 ἂλὸγους
1800 2556 1991 2628 φήμας

337 2647 426 2702 καὶ
473 2647 568 2710 τὰς
616 2646 884 2722 ταραχάς,
934 2643 1072 2698 ποτε
1121 2643 1213 2716 μὶν
1273 2642 1676 2717 σώφρονίζοντα
1721 2642 1848 2704 τοὺς
1898 2643 1993 2707 τὰς

338 2738 524 2813 φήμας
571 2739 890 2812 γεννῶντας,
939 2733 1073 2786 ποτε
1131 2730 1186 2786 δὲ
1240 2729 1518 2785 ἐπιλαλεῖν
1567 2737 1684 2791 τοῖς
1733 2730 1988 2794 πολίταις

333 2832 432 2899 τήν
482 2828 577 2882 τοῦ
620 2823 888 2901 βασιλέως
936 2824 1025 2878 καὶ
1072 2827 1170 2877 τοῦ
1214 2821 1351 2876 λαοῦ
1401 2823 1697 2896 σωτηρίανο
1733 2819 1872 2876 ἔστιν
1901 2822 1990 2877 ὅτε

333 2919 426 2974 καὶ
489 2915 746 2971 πλάττειν
814 2913 1010 2989 ἀγαθάς
1075 2914 1284 2986 φήμας,
1332 2911 1406 2971 ὡς
1453 2909 1747 2973 κελεύσεως
1799 2910 1990 2966 ἐλθού·

337 3031 436 3080 σης
480 3006 627 3074 πλὴν
689 3003 978 3078 ἀορίστως,
1021 3002 1054 3071 ἤ
1095 3001 1186 3056 καὶ
1253 2999 1443 3061 ἄλλως
1509 2999 1615 3054 ἀπό
1680 3021 1828 3063 τινος
1892 3005 1988 3056 τοῦ

337 3097 474 3153 λαοῦ
506 3094 772 3151 ἐλθόντων
816 3095 950 3166 (17),
982 3095 1088 3146 τῶν
1141 3091 1236 3164 μὲν
1287 3091 1386 3159 τήν
1419 3089 1684 3164 ῥᾳθυμίαν
1714 3093 1853 3163 (18),
1883 3094 1990 3145 τῶν

340 3184 398 3242 δὲ
426 3187 521 3247 τὰς
549 3183 792 3258 ταραχάς
822 3182 1084 3237 παύοντα.

2103 601 2393 656 stantinus
2424 603 3330 677 Magnus]tempusexpeditionis
3357 609 3740 681 ejusquediu-

2087 690 2436 758 ,turnitatem
2469 707 2665 747 secum
2718 694 3072 751 constituere
3118 701 3175 751 et
3212 696 3503 754 calculum
3572 700 3741 771 inire,

2103 787 2319 850 quanta
2348 782 2456 852 ipsi
2489 785 2733 853 pecunia
2779 794 2830 840 et
2889 791 3109 857 quanto
3157 789 3271 842 alio
3328 795 3611 860 apparatu
3668 794 3738 849 ad

2102 872 2528 939 expeditionem
2564 881 2678 927 tam
2711 880 2769 928 et
2802 880 2917 929 tam
2939 877 3277 932 diuturnam
3311 879 3562 934 futuram
3595 898 3743 952 opus

2101 961 2216 1029 sit;
2241 961 2670 1032 mandabatque
2694 964 2933 1032 proinde
2955 964 3346 1029 sacellario,et
3371 971 3744 1038 protovestia—
3791 987 3802 998 ·

2101 1048 2209 1116 rio,
2242 1058 2294 1103 et
2327 1051 2736 1114 mensuratori,
2771 1063 2821 1106 et
2855 1053 3175 1109 domestico
3199 1055 3494 1127 hypurgite
3523 1075 3618 1114 seu
3656 1061 3747 1114 fa-

2104 1139 2318 1194 mulitii
2345 1139 2725 1208 culinaris,ut
2742 1159 2940 1200 eorum
2977 1147 3383 1217 unusquisque
3406 1147 3463 1202 in
3497 1164 3564 1204 ea
3587 1157 3745 1221 parte

2104 1229 2543 1298 sollicitudinis,
2602 1249 2732 1303 qua:
2779 1233 2848 1287 ad
2909 1249 2971 1288 se
3017 1242 3328 1305 spectaret,
3371 1242 3510 1308 quot
3568 1255 3745 1296 onera

2104 1327 2243 1388 quot
2267 1321 2694 1390 sagmariorum
2736 1322 3026 1392 expeditio
3061 1324 3303 1390 deﬁniti,
3335 1327 3486 1396 quod
3518 1329 3740 1398 edebat,

2103 1409 2384 1480 temporis
2416 1411 2688 1480 requirat,
2705 1418 3076 1482 supputaret;
3099 1415 3743 1489 scriptoqueconsigna-

2105 1503 2227 1552 tum
2259 1497 2427 1554 illum
2459 1499 2745 1555 calculum
2776 1501 3499 1561 sibimonstraret.Nactus
3515 1508 3744 1564 numeri

2105 1589 2532 1658 sagmariorum
2565 1589 2868 1655 indicium,
2901 1597 2957 1646 et
2986 1597 3206 1662 quanto
3236 1595 3313 1648 sit
3333 1611 3478 1667 opus
3511 1597 3748 1669 supple-

2105 1685 2301 1733 mento
2333 1678 2539 1733 bestiis
2572 1678 2688 1733 illis
2721 1696 2868 1750 quas
2898 1687 2996 1734 aut
3038 1681 3408 1752 lstigationes
3449 1685 3552 1740 vim
3583 1685 3748 1742 clau-

2103 1767 2208 1822 das
2265 1776 2316 1822 et
2377 1756 2828 1838 labori'ineptas
2902 1769 3210 1837 effectura,
3279 1776 3380 1827 aut
3421 1775 3747 1846 praecipites

2101 1856 2282 1912 ruinas
2315 1873 2553 1927 prorsus
2582 1858 2996 1913 exanimatum
3027 1867 3253 1927 essent;
3301 1863 3622 1919 mandabat
3650 1881 3748 1920 co-

2101 1947 2230 2001 miti
2263 1946 2477 2001 stabuli
2520 1951 2576 2002 et
2606 1947 2874 2002 rationali
2901 1963 3180 2020 gregum,
3240 1959 3300 2004 ut
3357 1957 3628 2008 curarent
3687 1955 3745 2010 in

2103 2042 2374 2106 promptu
2422 2041 2597 2107 atque
2625 2038 2842 2092 mundo
2899 2054 3026 2093 esse
3077 2055 3389 2096 numerum
3450 2043 3744 2100 mulorum

2101 2126 2522 2193 sagmariorum
2565 2125 2874 2192 indictum,
2918 2131 2975 2181 et
3034 2143 3215 2198 equos
3275 2134 3567 2199 praeterea,
3625 2137 3746 2189 tam

2102 2213 2294 2285 regios
2324 2213 2616 2284 regiisque
2649 2213 2848 2270 usibus
2870 2213 3008 2270 solis
3022 2215 3363 2283 destinatos,
3386 2235 3557 2289 quam
3576 2219 3747 2290 alios,

2103 2319 2250 2374 quos
2291 2302 2603 2374 imperator
2661 2308 2760 2358 aut
2806 2305 2873 2358 ad
2937 2303 3259 2360 iucundam
3318 2307 3743 2377 expeditionem

2102 2391 2308 2447 amicis
2337 2393 2552 2464 quibus
2581 2391 2705 2462 ipse
2734 2393 2895 2461 velit,
2929 2397 3030 2450 aut
3082 2394 3140 2449 in
3201 2395 3330 2466 ipsa
3376 2397 3744 2468 expeditione

2102 2481 2408 2546 militibus,
2434 2481 2703 2538 hostibus
2733 2482 2791 2537 in
2824 2500 2932 2538 sua
2961 2487 3153 2538 castra
3195 2485 3549 2556 transituris,
3605 2487 3742 2544 item

2100 2586 2338 2626 suorum
2355 2570 2569 2642 quibus
2598 2572 2796 2640 aliqua
2826 2571 3081 2642 dignitas
3113 2571 3384 2628 militaris
3405 2580 3462 2628 et
3491 2577 3744 2631 auctori-

2100 2667 2186 2716 tas
2217 2661 2469 2725 adesset,
2502 2661 2918 2732 similibusque
2949 2659 3080 2716 aliis
3114 2661 3458 2718 hominibus
3508 2664 3746 2722 honoris

2099 2750 2285 2821 gratia
2313 2749 2370 2804 in
2408 2751 2778 2820 praemiumve
2808 2749 3137 2820 largiretur.
3173 2751 3368 2806 Hisita
3390 2755 3747 2821 constitutis,

2101 2839 2498 2908 nuncupabst,
2532 2854 2707 2909 quem
2751 2854 2850 2908 per
2900 2840 3227 2894 absentiam
3283 2856 3450 2895 suam
3506 2859 3643 2897 suas
3683 2845 3742 2900 in

2101 2910 2242 2966 urbe
2273 2912 2426 2966 vices
2452 2926 2652 2981 gerere
2683 2913 2875 2979 vellet,
2898 2912 3069 2982 eique
3115 2912 3172 2967 in
3215 2914 3519 2984 praeceptis
3565 2915 3745 2971 dabat

2100 3000 2242 3064 haec,
2276 3007 2339 3055 ut
2370 3005 2693 3057 recenseret
2725 3001 3015 3070 militiam,
3039 3007 3156 3057 tam
3181 3019 3332 3070 eam,
3375 3020 3503 3074 quas
3536 3006 3604 3060 ad
3639 3022 3743 3061 co~

2100 3089 2298 3146 hortos
2331 3090 2718 3160 presidiarias
2773 3091 2937 3145 urbis
2989 3092 3322 3162 pertineret,
3379 3110 3556 3164 quam
3613 3111 3740 3166 quas

2017 3168 2068 3234 C
2095 3180 2497 3237 Jurisdictioni
2531 3181 2781 3254 praefecti
2818 3181 2978 3237 urbis
3005 3183 3275 3240 subesset
3302 3184 3382 3256 [id
3416 3190 3505 3240 est
3535 3184 3745 3242 factio-

339 3278 506 3349 nes];
564 3275 981 3344 ambarumque
1037 3272 1290 3344 partium
1349 3271 1598 3343 singulis
1653 3271 2003 3343 peculiarem
2065 3288 2235 3343 porro
2283 3271 2475 3326 locum
2533 3271 2880 3340 assignaret,
2929 3287 2960 3326 e
3010 3286 3124 3341 quo
3183 3287 3374 3327 arcere
3426 3273 3644 3342 hostes,
3696 3273 3748 3329 si

335 3365 506 3432 forte,
529 3363 895 3416 incursantes
925 3361 1248 3414 niterentur
1283 3375 1296 3425 ;
1339 3375 1509 3428 porro
1541 3364 1606 3413 ut
1638 3363 1993 3413 restauraret
2046 3359 2320 3413 moenium
2382 3364 2654 3428 rupturae
2685 3361 2744 3411 et
2796 3356 2999 3411 ruinas
3031 3382 3046 3422 ;
3079 3363 3143 3412 ut
3164 3374 3234 3413 ex
3289 3357 3601 3416 Occidente
3649 3376 3752 3416 ve-

341 3455 569 3512 nientes
605 3451 843 3507 nuntios
882 3451 949 3505 ad
1013 3451 1419 3521 imperatorem
1480 3465 1580 3518 per
1635 3465 1870 3504 cursum
1933 3448 2234 3520 publicum
2279 3448 2538 3513 referret,
2567 3447 2751 3502 donec
2780 3447 2877 3502 ille
2927 3447 3116 3503 adhuc
3176 3451 3502 3505 Romanum
3551 3449 3745 3506 solum

344 3545 629 3612 calcaret;
663 3546 858 3599 evecto
882 3547 1076 3596 autem
1119 3540 1177 3594 in
1211 3539 1478 3594 hostilem
1513 3556 1746 3611 agrum,
1769 3557 1831 3595 se
1861 3539 2019 3596 hunc
2047 3539 2107 3595 in
2143 3539 2382 3594 modum
2415 3544 2678 3609 gereret;
2709 3543 2772 3593 ut
2829 3555 3036 3609 nempe
3069 3540 3265 3611 magni
3327 3541 3605 3596 momenti
3659 3558 3751 3596 res

348 3642 404 3690 et
431 3649 680 3704 praeceps
703 3629 1015 3686 discrimen
1075 3629 1365 3684 minantes
1397 3627 1519 3698 ipse
1573 3629 1856 3698 protinus,
1919 3629 2015 3692 ita,
2079 3633 2141 3684 ut
2207 3628 2320 3684 sibi
2385 3627 2630 3699 aliisque
2696 3628 2858 3683 urbis
2916 3627 3300 3699 optimatibus
3341 3629 3401 3684 in
3442 3630 3750 3686 consilium

348 3723 548 3779 ascitis
577 3737 608 3775 e
657 3737 717 3774 re
773 3717 1070 3772 communi
1103 3733 1229 3772 esse
1286 3717 1470 3771 visum
1505 3718 1697 3784 fuerit,
1746 3719 2073 3788 expediret;
2133 3734 2225 3772 res
2276 3735 2390 3772 non
2424 3717 2588 3772 valde
2640 3723 3035 3773 momentosas
3068 3735 3255 3789 neque
3299 3726 3594 3790 urgentes,
3649 3721 3750 3776 sed

336 3811 514 3874 leves,
564 3808 744 3862 cuivis
805 3811 1112 3878 perspectu
1163 3805 1358 3860 faciles
1389 3811 1444 3860 et
1503 3805 1853 3860 dubitationi
1913 3812 2087 3876 atque
2134 3806 2489 3861 dubitationi
2548 3816 2845 3878 exemptae
2878 3823 2980 3878 pro
3015 3807 3237 3876 judicio
3269 3824 3375 3862 suo
3407 3824 3754 3878 exsequere-

338 3906 472 3968 tur;
508 3915 634 3969 quse
693 3905 908 3963 contra,
969 3894 1234 3965 quamvis
1296 3911 1565 3963 magnam
1615 3911 1815 3948 curam
1865 3898 2034 3962 atque
2106 3894 2694 3963 oircumspectionem
2738 3896 3122 3962 requirerent,
3158 3911 3377 3949 moram
3415 3901 3609 3950 tamen
3644 3913 3753 3965 pa-

341 3993 622 4055 terentur,
654 4002 752 4040 eas
781 3985 849 4038 ad
885 3998 1080 4051 suum,
1117 3982 1506 4052 imperatoris,
1547 3983 1802 4036 reditum
1837 3997 2022 4052 usque
2067 3987 2387 4037 reservaret
2417 3982 2678 4052 integras
2701 4002 2715 4049 ;
2741 3983 2896 4037 260
2943 3981 3252 4053 praecipue,
3315 3990 3378 4037 ut
3435 3983 3754 4040 subitaneis

343 4073 954 4134 hostiumincursioni
991 4072 1336 4142 provideret,
1367 4076 1424 4125 et
1456 4079 1755 4141 prepterea
1796 4071 2194 4126 indesinenter
2249 4071 2474 4125 litteras
2525 4072 2862 4142 legatosque
2922 4071 2981 4125 in
3035 4071 3282 4127 extimas
3339 4072 3566 4142 imperii
3620 4091 3755 4143 pro-

347 4168 567 4223 vincias
602 4165 880 4230 mitteret,
912 4168 968 4216 et
995 4162 1157 4216 illinc
1190 4161 1428 4216 nuntios
1462 4162 1758 4232 reciperet,
1792 4160 1947 4231 vigili
1981 4160 2148 4216 oculo
2207 4161 2530 4216 vicinorum
2565 4161 2679 4216 illis
2731 4161 3080 4233 populorum
3139 4162 3265 4217 orbi
3327 4162 3580 4217 Romano
3640 4165 3758 4218 ini-

348 4256 628 4310 micorum
661 4253 914 4308 actiones
948 4257 1004 4305 et
1034 4249 1304 4306 instituta
1342 4250 1632 4315 lustraret,
1680 4249 2024 4321 exploraret,
2058 4250 2130 4304 ad
2189 4267 2272 4318 se,
2333 4251 2765 4320 imperatorem,
2819 4250 3511 4322 significaret;prsetsrea
3560 4267 3758 4306 secum

349 4347 700 4419 provideret,
759 4349 821 4398 ut
879 4360 1044 4398 arma
1094 4358 1166 4398 ne
1197 4341 1390 4396 desint
1421 4340 1689 4410 tempori,
1725 4339 1984 4410 quoillis
2043 4355 2190 4411 Opus
2242 4346 2298 4394 et
2351 4356 2489 4395 usus
2520 4347 2688 4397 esset.
2723 4341 2850 4397 Haec
2882 4347 3075 4396 autem
3127 4349 3378 4396 versaret
3440 4356 3637 4396 secum
3702 4345 3760 4396 et

351 4435 656 4491 moliretur
681 4435 898 4505 absque
931 4449 1136 4502 magna
1169 4436 1224 4486 et
1255 4429 1541 4484 tumultus
1595 4427 1766 4501 plena
1792 4429 2205 4494 commotione,
2260 4446 2330 4484 ne
2381 4429 2509 4484 urbi
2539 4436 2817 4486 terrorem
2871 4430 3114 4500 injiciat,
3167 4429 3561 4499 frumentique
3620 4446 3756 4485 cum

351 4526 592 4595 reliquis
648 4522 987 4581 annonariis
1045 4521 1349 4594 speciebus
1404 4520 1705 4575 caritatem
1759 4520 2022 4574 inducat.
2076 4519 2366 4575 Rumores
2420 4537 2652 4592 quoque
2708 4521 3122 4592 improbabiles
3181 4527 3238 4576 et
3293 4525 3500 4575 aestum
3540 4519 3757 4575 cientes

352 4616 766 4688 supprimeret,
828 4613 1035 4684 partim
1077 4616 1342 4666 auctores
1402 4626 1599 4665 eorum
1649 4607 2017 4680 castigando,
2074 4608 2281 4679 partim
2342 4611 2730 4666 asseveraudo
2795 4626 2929 4682 erga
2969 4610 3118 4665 cives
3149 4610 3471 4665 commodis
3520 4613 3578 4666 et
3627 4609 3758 4664 ani-

1401 4795 1600 4852 JOAN.
1642 4795 1788 4852 JAC.
1834 4796 2094 4854 REISKII
2134 4796 2719 4855 COMMENTARIUS.

430 4951 546 5022 (15)
576 4947 857 5023 Convenit
885 4944 1266 5023 cum__Latina_
1286 4958 1425 4998 voce
1454 4945 1673 5023 species,
1709 4941 2004 5023 juriscon-
2040 4948 2085 5014 Ι)
2116 4945 2448 5023 φήμαςηβισ
2479 4945 2667 5023 solent
2699 4945 2839 5023 novi
2862 4946 3086 5023 Graeci,‘
3111 4945 3445 5001 Genitivum
3479 4943 3763 5023 pluralem

360 5015 539 5078 sultis
566 5019 894 5086 notissima,
938 5017 1153 5089 quibus
1213 5015 1365 5070 idem
1397 5019 1566 5089 notat
1615 5021 1790 5089 atque
1851 5020 2008 5070 vete-

363 5091 521 5146 ribus
546 5092 759 5158 fruges,
792 5099 853 5142 ut
883 5085 1030 5142 sunt
1077 5089 1319 5158 vinum,
1363 5085 1574 5158 oleum,
1628 5087 2011 5158 frumentum,

365 5157 683 5233 legumina.
738 5160 878 5216 Utor
908 5158 1098 5214 verbis
1154 5160 1236 5212 Du
1301 5157 1501 5228 Cangii
1556 5157 1614 5212 in
1665 5157 1850 5213 Gloss.
1890 5158 2010 5213 Lat.

365 5236 422 5290 h.
455 5250 510 5286 ν.

437 5305 552 5375 (16)
588 5305 672 5360 Ita
713 5306 875 5359 Anna
907 5303 1223 5366 Comnena,
1266 5301 1323 5375 in
1378 5297 1645 5375 Alexiade
1695 5316 1750 5375 p.
1788 5301 1910 5375 109,
1945 5301 2014 5375 de

365 5372 565 5435 Alexio
600 5380 700 5440 sit,
736 5377 884 5446 quod
951 5378 1005 5446 in
1058 5384 1247 5446 castra
1276 5373 1460 5446 iverit,
1491 5372 1679 5446 fratre
1702 5372 1922 5446 Isaacio
1955 5374 2013 5427 in

372 5452 515 5505 urbe
555 5438 767 5502 relicto'
807 5463 819 5501 :
882 5444 1000 5515 Ἐφ’
1041 5445 1086 5515 ᾧ
1129 5441 1198 5515 τά
1250 5443 1388 5515 κατᾶ
1430 5441 1542 5515 ξῆν
1589 5438 1751 5515 πόλιν
1799 5439 2014 5515 ξδράζεο

373 5522 516 5590 σθαι,
574 5517 662 5572 καὶ
721 5515 877 5571 εἴπου
933 5507 1077 5576 τίνξξ
1129 5512 1289 5587 λόγοι
1333 5507 1624 5582 ἀπᾴδοντες
1695 5509 1744 5581 ἐξ
1803 5507 2012 5585 ἐξΟρῶν

373 5590 734 5639 ἐβακούοιντο.
816 5589 979 5639 ὁποῖα
1082 5583 1290 5639 ε’ἰωΟεν.
1398 5583 1554 5637 αὐτὸν
1652 5535 2012 5639 διασκεδάζειν

372 5579 734 5662 ἐξακοΰοιντο,
816 5589 979 5642 ὁποῖα
1074 5579 1333 5662 ,ε’ἰωοενη
1398 5579 1604 5662 αὐτὸν..
1652 5579 2014 5654 διασκεδάζειν

367 5652 426 5717 τέ
455 5663 543 5716 καὶ
575 5652 826 5738 φρουρεῖν
857 5659 924 5713 τὰ
959 5652 1338 5738 βασίλεια-,καὶ
1370 5657 1467 5738 τῂν
1511 5652 1691 5738 πόλιν.

584 5711 1277 5796 τβὲὸτὲλθοὲᾆάιὶνξηαπ
1325 5711 1476 5786 enim
1541 5729 1610 5784 ad
1668 5724 1765 5788 τὰς
1815 5726 2015 5801 ἀγαθάς

2123 5016 2534 5090 inasculiniet
2581 5018 2843 5090 feminini
2890 5018 3122 5089 generis
3161 5031 3511 5090 componere
3542 5021 3762 5086 amant,

2122 5093 2399 5155 tanquam
2429 5088 2477 5142 si
2504 5087 2794 5144 declinare
2825 5087 2938 5144 non
2973 5095 3233 5146 nossent.

2195 5159 2675 5244 (tBLchuissem
2712 5161 3021 5244 nequitiam
3059 5170 3159 5244 aut
3207 5159 3611 5244 improbitatem
3635 5175 3765 5244 ver-

2125 5239 2262 5322 tere.
2292 5230 2390 5285 Est
2420 5233 2571 5313 enim
2597 5248 2752 5322 safpe
2791 5227 2944 5287 idem
2974 5249 3039 5286 ac
3061 5227 3398 5322 ῥᾳδιουργέα.
3431 5231 3518 5322 (ἒξἒ
3551 5231 3762 5322 p.364.

2124 5303 2209 5356 Ita
2242 5307 2539 5372 usurpavit
2584 5298 2896 5360 Athenaeus
2946 5298 3072 5372 pag.
3107 5298 3193 5358 ’17
3227 5298 3264 5358 ε’
3298 5298 3418 5372 Τῶν
3471 5298 3518 5354 δ’
3551 5298 3762 5372 sui.»

2124 5369 2553 5446 ﬂOtT,Ttbv;EYtOt
2612 5374 2708 5436 τὰς
2739 5376 2855 5428 καθ’
2913 5369 3106 5436 αυτοὺς
3163 5371 3519 5435 πολυτελείας
3550 5371 3639 5427 καὶ
3674 5370 3769 5446 ῥᾳ-

2126 5445 2321 5520 θυμίας
2380 5444 2709 5520 ἀνέπεμπον,
2767 5455 3024 5503 crateram
3083 5462 3202 5502 vero
3259 5457 3552 5514 portarum
3591 5444 3769 5520 aliqui

2126 5517 2413 5572 luxuriam
2443 5525 2493 5573 et
2528 5517 2747 5590 ﬂagitia
2793 5535 3020 5574 suarum
3051 5528 3351 5586 temporum
3383 5517 3766 5590 recoquebant,

2125 5596 2226 5642 aut
2260 5591 2450 5660 potius
2498 5587 2826 5659 reﬁciebant
2857 5594 2914 5660 in
2954 5593 3295 5660 pctusliora.
3317 5590 3475 5660 Talis
3508 5587 3769 5656 nequitia

2125 5657 2343 5746 erat'in
2403 5657 2681 5718 conviviis
2709 5661 2804 5722 τὰς
2860 5657 3057 5733 ἀμίδας
3091 5659 3144 5715 ἐν
3213 5659 3486 5730 ἀλλήλοις
3518 5674 3769 5729 περικατς

2126 5750 2346 5803 αγνυναι
2359 5771 2371 5784 ο
