4090 6216
263 367 376 427 841

1103 362 1206 421 DE
1250 360 1718 422 CERIMONIIS
1763 363 1999 425 AUL/E
2040 361 2522 426 ΒῩΖΑΝΤΙΝᾸΞ
2567 369 2716 429 LIB.
2766 369 2812 431 Ι.

3544 376 3660 434 842

262 503 363 566 τῆς
404 493 536 550 ὁδοῦ
589 497 688 548 τοῦ
749 490 1019 567 βασιλέως
1076 489 1264 546 ’ίστκτο
1323 491 1792 567 παρατεταγμένον
1843 493 1905 548 τὸ

2044 515 2138 553 um
2187 502 2464 554 stratores
2514 516 2648 556 cum
2683 500 2932 556 sellariis
2981 517 3085 558 seu
3133 501 3298 575 equis
3347 503 3566 560 sellatis
3607 508 3666 562 et

267 584 437 659 θέμα·
500 580 714 639 ἐπειδὰν
783 580 840 636 δὲ
901 578 1043 636 εἶδον
1087 580 1180 635 τὸν
1230 577 1458 654 βασιλέα
1512 579 1911 654 πλησιάζοντα,

265 673 294 729 ὁ
331 675 426 748 μὲν
460 673 686 748 στρατὸς
719 669 950 740 ἐκάθητο
981 667 1068 724 ἐπὶ
1117 673 1225 723 τῶν
1269 665 1480 737 ἵππων,
1514 671 1566 723 οἱ
1615 667 1672 724 δέ
1720 667 1920 746 ἄρχον-

262 785 374 833 τες,
424 757 750 823 καταϐάντες
832 761 1048 826 πάντες,
1109 757 1198 813 ἐπὶ
1282 765 1385 832 γῆς
1469 755 1604 820 ἴσως
1660 755 1912 829 ἔπιπτον,

265 854 382 909 εἶτα
407 851 725 913 ἀναστάντες
773 850 908 923 μετά
958 847 1155 909 παντὸς
1213 850 1309 902 τοῦ
1358 852 1587 920 στρατοῦ
1636 847 1915 926 εὐφήμουν

259 943 352 997 τὸν
417 939 747 1015 βασιλέα.Ὁ
807 936 863 992 δὲ
927 936 1065 1011 πρὸς
1115 935 1312 996 αὐτοὺς
1361 934 1583 1008 ἐξένευε,
1613 937 1700 990 καὶ
1763 937 1912 998 ὅπως

261 1031 480 1108 ἔχουσιν
543 1030 753 1104 ἠρώτα,
819 1027 912 1082 καὶ
979 1024 1154 1086 οὕτως
1215 1023 1382 1081 πάλιν
1446 1027 1768 1104 ὑπέστρεφεν
1823 1023 1912 1080 ἐπὶ

257 1124 360 1192 τὴν
386 1118 510 1176 ὁδόν
539 1136 552 1154 °
602 1118 739 1189 αὕτη
774 1115 830 1173 δὲ
861 1119 896 1186 ἡ
929 1117 1252 1177 κατάστασις
1296 1115 1362 1184 ἦν
1415 1115 1564 1188 αύτῷ
1613 1113 1745 1194 ἄχρι
1802 1121 1910 1171 τῶν

260 1208 615 1284 οἰκουμένων.
677 1204 916 1265 Μέλλων
974 1203 1032 1260 δὲ
1086 1205 1176 1260 καὶ
1235 1205 1372 1279 πρὸς
1429 1205 1499 1259 τὰ
1546 1204 1776 1276 ἀοίκητα
1808 1205 1913 1260 εἶσι

261 1300 535 1375 ἄρχεσθαι,
566 1291 910 1352 ἀπεϐἀλλετο
965 1294 1028 1349 τό
1083 1315 1142 1349 τε
1182 1293 1564 1368 περισσότερον
1595 1301 1792 1369 χρῆμα
1821 1294 1911 1350 καὶ

259 1389 328 1444 τὰ
383 1389 717 1463 φορτώματα
792 1385 881 1440 καὶ
956 1384 1082 1446 τοὺς
1151 1387 1247 1438 τοῦ
1307 1381 1443 1438 λαοῦ
1508 1382 1914 1456 ἀσθενεστέρους

263 1479 356 1533 καὶ
402 1479 469 1532 τά
523 1481 630 1532 τῶν
691 1473 909 1552 ἀλόγων
972 1470 1137 1548 χωλά
1218 1474 1306 1527 καὶ
1383 1472 1909 1550 τετραυματισμένα.

263 1565 483 1625 Ἐδίδου
536 1564 592 1620 δὶ
651 1564 833 1626 αὐτοῖς
876 1561 1118 1641 κεφαλὴν
1167 1561 1258 1617 καὶ
1309 1559 1468 1637 μέρος
1514 1561 1706 1638 ὀλίγον
1749 1583 1911 1638 στραο

267 1661 366 1713 τοῦ
409 1656 487 1720 εἷς
533 1653 800 1732 φυλακὴν,
835 1651 1048 1708 ἐκέλευέ
1094 1672 1153 1706 τε
1199 1649 1518 1721 πλησιάζειν
1551 1652 1673 1714 καθ’
1700 1650 1754 1706 ἓν
1805 1654 1913 1706 τῶν

266 1743 682 1826 ἀσφαλεστέρων
767 1742 1032 1816 κάστρων,
1112 1741 1245 1816 ὅπερ
1331 1737 1723 1814 πλησιέστερὸν
1799 1740 1910 1796 ἐστι

265 1836 402 1912 πρὸς
441 1837 540 1906 τὴν
604 1831 910 1908 μέλλουσαν
968 1828 1150 1900 ἔξοδον
1209 1834 1307 1884 τοῦ
1349 1827 1488 1884 λαοῦ
1519 1829 1774 1907 γίνεσθαι.
1811 1829 1910 1884 Καὶ

268 1928 403 2000 μετά
429 1929 596 1980 ταῦτα
644 1923 833 1997 ὥριζεν
892 1921 998 1976 ἀπὸ
1043 1925 1150 1975 τῶν
1199 1920 1444 1991 θεμάτων
1495 1919 1688 1994 μοίρας
1737 1920 1910 1990 τινὰς,

258 2014 390 2077 τοὺς
427 2015 520 2087 μὲν
550 2010 984 2088 προπορεύεσθαι
1020 2011 1134 2083 (34)
1165 2006 1464 2083 ἔμπροσθεν
1496 2013 1592 2062 τοῦ
1642 2009 1910 2086 φοσσάτου

258 2104 398 2176 πρὸς
467 2100 713 2180 φυλακην
770 2099 957 2169 αὐτοῦ,
1003 2097 1129 2159 τοὺς
1207 2094 1264 2151 δὲ
1334 2091 1553 2151 ὄπισθεν
1615 2095 1915 2152 ἐπακολου-

261 2194 396 2263 θεῖν,
429 2191 520 2252 οὖς
552 2189 780 2244 καλοῦσι
811 2186 1200 2264 νωτοφύλακας
1225 2204 1238 2214 ·
1284 2186 1335 2239 οἱ
1366 2183 1424 2240 δὲ
1457 2184 1606 2239 αὐτοὶ
1660 2185 1912 2264 ὑπῆρχον

263 2279 355 2336 καὶ
411 2279 669 2354 θηρευταὶ
726 2280 832 2330 τῶν
897 2273 985 2330 διὰ
1043 2271 1248 2329 δειλίαν
1310 2274 1345 2344 ἢ
1399 2272 1663 2349 ῥᾳθυμίαν
1697 2293 1918 2351 στρεφο.

272 2369 444 2444 μένων
718 2366 771 2420 οἱ
828 2361 885 2418 δὲ
943 2364 1068 2438 παρ’
1100 2363 1325 2438 ἑκάτερα
1381 2363 1763 2436 περιεπάτουν,
1825 2362 1918 2422 οὓς

265 2456 493 2513 ἐκάλουν
545 2451 999 2531 πλαγιοφύλακας
1048 2454 1163 2525 (36)
1197 2469 1210 2482 '
1261 2452 1313 2505 οἱ
1363 2448 1423 2506 δὲ
1467 2451 1622 2506 αὐτοὶ
1683 2450 1921 2524 μάλιστα

269 2545 530 2602 ἐσκόπουν
593 2544 721 2606 τοὺς
801 2541 1105 2616 μέλλοντας
1191 2540 1552 2617 προσφεύγειν
1642 2540 1718 2602 εἰς
1792 2540 1920 2601 τοὺς

273 2637 526 2712 ἐχθρούς.
568 2634 930 2711 Περιεπάτουν
964 2629 1020 2686 δὲ
1068 2631 1263 2690 πάντες
1306 2634 1568 2685 τοσοῦτον
1624 2628 1921 2705 ἀπέχοντες

273 2749 371 2784 του
439 2729 731 2808 φοσσάτου,
796 2723 933 2778 ὥστε
1003 2722 1078 2794 μὴ
1136 2719 1576 2793 ἀποκρύπτεσθαι
1637 2719 1686 2789 ἐξ
1746 2719 1922 2775 αὐτῶν

280 2816 369 2873 διὰ
400 2807 494 2880 τὰς
523 2811 825 2876 επιϐουλὰς
858 2817 964 2867 τῶν
997 2811 1238 2889 ἐχθρῶν,
1270 2810 1358 2864 καὶ
1402 2811 1528 2864 ὅσον
1561 2807 1780 2864 δυνατόν
1813 2809 1927 2866 ἐστι

282 2906 808 2981 προευτρεπισθῆναι
875 2902 937 2956 τὸ
999 2901 1262 2976 φοσσάτον
1327 2898 1404 2961 εἷς
1473 2899 1768 2967 ἀπάντησιν
1822 2902 1929 2954 τῶν

280 2996 492 3072 ἐχθρῶν
549 2995 651 3049 ὑπὸ
697 2991 906 3048 τούτων
960 2986 1314 3062 μηνυθέντας.
1347 2988 1413 3044 Οἱ
1445 2986 1502 3042 δὲ
1529 2990 1626 3041 τοῦ
1659 2987 1928 3061 βασιλέως

277 3085 617 3159 προέχοντες
659 3079 866 3135 ἐκείνου
929 3075 1142 3151 μᾶλλον
1199 3075 1452 3150 ὑπῆρχον
1506 3078 1605 3129 τοῦ
1678 3078 1929 3149 θέματος,

277 3172 333 3227 ὁῖ
371 3169 703 3242 ἐπλησίαζον
733 3170 802 3240 τῆ
844 3171 950 3222 τῶν
993 3165 1206 3241 ἐχθρῶν
1261 3169 1334 3240 γῇ
1377 3162 1464 3219 διὰ
1513 3165 1577 3219 τὸ
1617 3165 1706 3218 καὶ
1737 3170 1927 3239 πεῖραν

2020 587 2282 658 reliquus
2347 588 2582 644 domino
2650 589 2984 647 familiarior
3019 594 3183 649 ordo.
3249 592 3504 649 Tandem
3543 594 3668 664 ipse

2019 678 2360 748 imperator.
2391 679 2527 734 Post
2547 695 2675 736 eum
2709 683 2778 735 ad
2803 682 3022 751 sagittae
3045 690 3159 739 tres
3191 683 3376 753 iactus
3405 686 3571 755 quasi
3599 685 3659 741 in

2021 781 2192 820 unam
2226 772 2442 823 rectam
2473 767 2690 822 lineam
2723 769 3019 841 dispositas
3051 771 3214 826 ibant
3251 772 3530 827 militares
3562 789 3666 828 co-

2020 855 2147 926 pias.
2188 857 2250 910 ln
2283 855 2470 910 medio
2493 855 2652 911 ibant
2676 861 2958 928 tagmata;
2986 865 3042 914 et
3069 861 3127 914 in
3151 861 3278 931 ipso
3303 862 3502 916 mediae
3524 861 3668 917 aciei

2019 943 2343 999 meditullio
2366 945 2698 1001 honestiora
2715 950 2967 1017 tagmata
2987 965 3001 1016 ;
3025 949 3542 1020 cingebantautem
3566 967 3666 1007 eos

2017 1033 2298 1100 themata,
2357 1037 2518 1089 tanto
2577 1051 2822 1106 quisque
2872 1054 2905 1091 a
2952 1039 3315 1108 tagmatibus
3375 1041 3666 1110 prOpiora,

2020 1126 2238 1193 quanto
2281 1127 2478 1178 essent
2529 1123 2878 1180 honestiora.
2923 1125 3160 1196 Eorum,
3193 1129 3294 1199 qui
3328 1132 3666 1185 mansiones

2019 1216 2345 1267 castrenses
2375 1216 2433 1267 et
2463 1211 2583 1268 vias
2623 1229 2724 1282 per
2761 1223 2939 1271 terras
2972 1222 3185 1271 nostra:
3224 1217 3463 1273 ditionis
3490 1235 3665 1274 occu-

2019 1302 2235 1370 pabant
2283 1304 2342 1354 et
2385 1300 2691 1368 callebant,
2734 1319 2866 1374 pars
2919 1305 3157 1375 praeibat
3208 1321 3342 1360 cum
3376 1312 3531 1361 corte
3563 1322 3668 1362 seu

2019 1387 2262 1442 tentorio
2286 1393 2533 1458 augusto
2560 1393 2768 1445 etcum
2796 1391 3087 1446 famulitio
3105 1391 3666 1463 culinaedominica;

2019 1493 2150 1546 pars
2180 1485 2373 1531 autem
2399 1479 2786 1545 praecurrebat
2807 1495 2996 1535 coram
3023 1482 3400 1550 thematibus,
3425 1484 3665 1538 demon-

2019 1572 2214 1620 strans
2245 1565 2390 1636 ipsis
2422 1566 2569 1620 vada
2607 1566 2917 1622 ﬂuviorum
2958 1569 3198 1640 viasque
3233 1579 3412 1626 rectas
3439 1576 3494 1626 et
3523 1588 3665 1626 con-

2019 1654 2352 1708 sectandas.
2375 1653 2495 1709 Vite
2525 1655 2795 1710 ductores
2819 1657 2874 1711 in
2903 1674 3256 1729 unoquoque
3286 1660 3539 1716 themate
3561 1676 3665 1716 seu

2020 1741 2286 1797 dislrictu
2336 1746 2568 1798 tenebat
2615 1761 2812 1800 secum
2865 1745 3218 1817 drungarius
3265 1749 3514 1820 vigiliae;
3553 1749 3665 1805 sub

2018 1833 2187 1904 cujus
2215 1833 2592 1904 dispositione
2613 1833 2787 1889 etiam
2811 1835 3075 1906 deputati
3098 1837 3420 1893 identidem
3451 1840 3672 1895 obeun-

2019 1922 2109 1976 dis
2136 1922 2194 1976 in
2211 1922 2476 1992 praetorio
2489 1922 2868 1978 excubiarum
2885 1925 2991 1981 vici
3004 1929 3113 1981 bus
3131 1927 3394 2000 magistri
3413 1927 3665 1984 militum

2020 2017 2160 2077 erat,
2195 2011 2371 2082 idque
2403 2013 2550 2079 ideo,
2584 2013 2723 2083 quia
2754 2014 3070 2085 imperator
3100 2014 3245 2085 ipsis
3278 2033 3378 2084 per
3408 2017 3667 2088 drunga-

2019 2100 2171 2154 rium
2203 2099 2418 2169 vigilia
2456 2099 2702 2170 imperia
2729 2117 2834 2156 sua
2865 2102 3196 2173 significare
3227 2104 3394 2160 solet.
3425 2105 3483 2159 Si
3516 2105 3670 2176 quod

2022 2190 2430 2260 imperatorem
2453 2189 2646 2243 thema
2667 2205 2770 2244 seu
2795 2189 2942 2260 legio
2957 2191 3327 2260 provincialis
3357 2210 3458 2264 pro
3473 2194 3664 2264 prima

2023 2279 2146 2332 vice
2187 2277 2480 2344 salutaret,
2523 2278 2734 2334 fiebant
2779 2279 2918 2334 haec.
2952 2279 3041 2335 Ad
3072 2281 3187 2336 duo
3229 2287 3416 2337 tresve
3447 2283 3673 2355 sagitta

2017 2367 2213 2438 jactus
2245 2366 2496 2422 distabat
2535 2366 2679 2422 illud
2712 2367 2930 2436 thema,
2974 2369 3032 2424 in
3077 2371 3261 2426 aciem
3296 2370 3676 2442 instructum,

2028 2474 2061 2513 a
2092 2457 2205 2528 pia,
2238 2473 2350 2529 qua
2378 2455 2806 2512 tronseundum
2837 2463 2960 2514 erat
2989 2459 3345 2530 imperatori.
3381 2459 3453 2516 Ut
3481 2467 3679 2518 autem

2026 2545 2302 2601 videbant
2333 2546 2740 2616 imperatorem
2776 2547 3372 2620 appropinquantem,
3397 2553 3675 2607 manebat

2029 2635 2261 2705 quidem
2293 2633 2352 2689 in
2383 2634 2549 2706 equis
2573 2634 2794 2706 reliqua
2824 2637 3018 2697 turba.
3040 2638 3220 2693 duces
3246 2644 3439 2694 autem
3464 2641 3679 2695 milita-

2031 2739 2123 2779 res
2180 2739 2383 2778 omnes
2430 2723 2881 2791 descendebant,
2932 2725 3085 2782 262
3132 2730 3190 2781 et
3243 2727 3417 2782 simul
3478 2744 3681 2784 omnes

2035 2811 2416 2884 procidebant
2454 2810 2672 2880 humo;
2714 2818 3024 2885 surgentes
3063 2815 3197 2870 dein
3239 2815 3684 2873 concelebrabat

2035 2905 2093 2957 et
2125 2902 2545 2956 beneventabat
2575 2901 2988 2972 imperatorem
3021 2904 3234 2960 faustis
3254 2904 3686 2962 acclamationi-

2039 2990 2148 3046 bus
2191 3007 2309 3045 una
2348 2990 2504 3045 velut
2541 3006 2678 3046 voce
2706 2995 2829 3047 tota
2869 2992 3039 3062 legio.
3083 2993 3431 3050 Deﬂectebat
3472 2995 3544 3050 ad
3585 3011 3685 3051 eos

2038 3081 2355 3152 imperator
2390 3081 2463 3135 de
2501 3079 2592 3135 via
2631 3080 3168 3153 interrogabatque,
3211 3085 3504 3153 quomodo
3543 3085 3692 3141 vale-

2042 3173 2186 3224 rent.
2219 3167 2297 3223 Eo
2341 3168 2509 3234 facto,
2562 3169 2784 3224 redibat
2821 3168 2899 3223 in'
2924 3168 3096 3224 viam.
3154 3170 3236 3225 [ta
3267 3170 3460 3239 ﬁebat,
3511 3174 3692 3228 donec

273 3256 424 3337 ἔχειν
475 3259 670 3322 αὐτοὺς
725 3261 834 3313 τῶν
883 3277 942 3312 τε
987 3253 1130 3310 ὁδῶν
1180 3255 1270 3309 καὶ
1314 3258 1424 3309 τῶν
1473 3252 1690 3310 λοιπῶν
1743 3255 1924 3310 τόπων

2040 3257 2098 3313 in
2130 3257 2315 3312 amico
2345 3255 2469 3312 solo
2493 3257 2911 3313 ambularetur.
2943 3260 3015 3313 At
3036 3275 3168 3314 cum
3204 3259 3263 3313 in
3296 3275 3361 3315 eo
3383 3260 3509 3330 jam
3541 3264 3695 3317 esset

271 3356 381 3406 τῶν
429 3349 667 3424 ἐχθρῶν,
711 3347 800 3402 καὶ
841 3342 918 3402 ἔτι
967 3348 1066 3416 τὴν
1114 3350 1306 3419 πεῖραν
1359 3348 1466 3398 τῶν
1519 3341 1924 3420 ἐνεδρευμάτων

272 3441 362 3495 καὶ
395 3442 502 3494 τῶν
533 3435 792 3511 πολέμων
829 3436 1025 3493 αὐτῶν.
1057 3433 1266 3496 Αύτοὸς
1299 3429 1355 3488 δὲ
1384 3432 1472 3488 καὶ
1515 3433 1645 3496 τοὺς
1703 3432 1927 3489 ὀπισθο-

2038 3346 2374 3418 imperator,
2409 3353 2470 3400 ul
2502 3345 2791 3402 hosticum
2826 3347 3092 3413 intraret,
3119 3347 3435 3418 seponebat
3457 3354 3514 3404 et
3534 3354 3694 3405 retro

2038 3450 2275 3490 manere
2318 3433 2560 3504 jubebat
2619 3435 2974 3506 sbperﬂuam
3035 3435 3464 3508 supellectilem
3515 3437 3695 3493 sarci-

1350 3542 1548 3598 JOAN.
1587 3543 1732 3599 JAC.
1777 3543 2032 3599 REISKII
2071 3541 2654 3600 COMMENTARIUS.

349 3647 462 3720 (34)
506 3646 630 3720 _Vid.
680 3645 765 3720 Du
816 3648 1008 3720 Gange
1055 3642 1144 3697 Gl.
1185 3642 1360 3720 _Lat_._
1391 3658 1444 3698 ν.
1489 3641 1824 3711 Antegarda,
1875 3647 1933 3698 et

281 3712 372 3774 Gr'.
409 3712 464 3773 νζ
507 3716 883 3786 Ἀντικὲνσωρ.
925 3712 1074 3786 Olim
1106 3713 1262 3768 enim
1305 3712 1364 3766 hi
1407 3729 1797 3783 prmcursores
1826 3731 1928 3768 an-

279 3796 572 3845 tecessores
632 3785 966 3849 audiebant,
1024 3785 1159 3838 item
1217 3787 1644 3853 praeparatores,
1707 3801 1928 3838 necnon

272 3865 540 3915 stratores
597 3860 865 3913 exercitus
924 3855 1080 3926 quod
1141 3869 1352 3910 nomen
1413 3855 1558 3924 ipsis
1618 3871 1930 3910 commune

275 3939 401 3988 erat
430 3946 562 3987 cum
591 3936 848 3984 extremo
889 3926 1145 3997 agmine,
1179 3926 1334 3997 quod
1366 3931 1599 3997 tergum
1632 3932 1926 3980 tueretur:

273 4019 328 4058 v.
362 4002 450 4058 Du
483 4003 678 4065 Gange
708 4003 776 4053 ad
812 3995 968 4054 Alei.
1007 4014 1060 4068 p.
1092 3997 1216 4052 475.
1254 3995 1440 4052 Medio
1471 3995 1589 4051 aevo
1622 4002 1747 4068 tam,
1771 3997 1927 4067 apud

276 4073 530 4138 Graecos,
563 4088 736 4142 quam
770 4067 1026 4132 Latinos,
1051 4069 1169 4142 imo
1200 4073 1255 4123 et
1279 4070 1498 4122 Arabes
1520 4075 1695 4142 atque
1727 4067 1928 4142 Orien-

277 4146 447 4210 tales,
485 4139 612 4198 mos
643 4151 766 4199 erat
795 4145 1112 4212 exercitum
1156 4139 1212 4195 in
1247 4142 1504 4210 quinque
1548 4139 1744 4212 μοίρας
1776 4140 1925 4194 divi-

279 4219 432 4272 dere.
481 4215 643 4272 Unde
672 4216 728 4269 al
760 4215 978 4268 Ghamis
1013 4211 1229 4266 dibttur
1265 4213 1559 4282 exercitus,
1603 4210 1735 4282 quia
1765 4213 1926 4281 quin-

315 4303 385 4343 uc
420 4287 676 4355 partibus
714 4289 920 4340 constat
951 4283 1157 4355 (verba
1177 4287 1315 4355 sunt
1347 4281 1398 4336 al
1440 4281 1717 4355 Wahidaai
1758 4283 1828 4337 ad
1870 4282 1924 4355 al

315 4306 385 4343 ιιϐ
420 4306 676 4355 ρανιῑυαε
714 4306 920 4340 constat
951 4306 1148 4354 (νει-ωδ
1177 4306 1315 4337 sunt.
1347 4306 1398 4336 ιιι
1449 4306 1717 4337 "aluum!
1758 4306 1828 4337 au
1870 4306 1924 4338 ΕΙ

279 4306 769 4427 glotanabbium),
795 4357 953 4411 corde
986 4353 1196 4427 [med_i_a_
1221 4353 1359 4427 acie,
1393 4354 1758 4427 quaequinta
1781 4354 1928 4427 dici-

758 4410 929 4498 atquc
948 4410 1104 4495 νὲρὶα
1123 4410 1484 4498 Wittekindo
1509 4410 1579 4480 de
1604 4425 1794 4498 Ges_tis
1825 4425 1929 4498 βει-
1962 4410 2008 4474 D

283 4518 502 4558 xonum
552 4501 589 4554 l.
642 4505 772 4568 ιιι),
803 4493 1025 4552 άάαῡιιξ
1059 4497 1169 4552 alis
1217 4496 1384 4568 [sunt
1421 4497 1628 4552 Nostro
1679 4495 1731 4549 cl.
1781 4493 1932 4550 πλα-

280 4569 674 4649 γιοφύλακες],.
717 4571 1170 4649 praecursoribus
1235 4568 1354 4649 .[les
1403 4573 1934 4649 lavant-coureurs,

282 4638 748 4714 l'av'ant-garde]
793 4651 845 4696 et
903 4640 1346 4714 subsecutoribus
1394 4638 1932 4714 (l’arriere-garde].

282 4708 674 4773 Notanda‘hic
712 4708 822 4768 vox
844 4711 1083 4782 Arabica
1117 4725 1184 4764 as
1217 4708 1362 4764 Saka
1398 4708 1486 4782 vel
1516 4710 1680 4776 Saka,
1713 4708 1937 4782 absque

284 4787 551 4855 articulo,
585 4783 741 4857 quod
775 4798 900 4857 eam
943 4781 1126 4857 Graeci
1160 4797 1392 4857 quoque
1421 4780 1857 4857 adhibuerunt;
1873 4787 1936 4838 ut

282 4864 507 4915 constat
538 4851 622 4913 ei
659 4862 739 4909 Du
786 4855 979 4924 Gange
1017 4852 1106 4908 Gl.
1154 4851 1252 4907 Gr.
1293 4851 1347 4906 ν.
1394 4851 1564 4920 Σάκα,
1601 4853 1699 4907 ubi
1742 4853 1934 4909 locum

283 4930 570 5001 Anonymi
603 4927 766 5001 citat,
788 4942 856 4981 ex
886 4939 1001 4994 quo
1032 4927 1280 4991 constat,
1313 4939 1511 4978 vocem
1548 4925 1756 4979 Graecis
1778 4924 1933 5001 idem

330 4997 778 5056 uod'Arabibus
834 5002 1055 5062 notare,
1106 5010 1316 5066 nempe
1360 5005 1693 5066 postremam
1739 4997 1932 5053 aciem.

330 5019 445 5056 υοα
488 5019 778 5054 Λτᾶῡιῡυδ
835 5019 1055 5062 Πυιιηϐ,
1107 5019 1316 5066 ιιυιυρυ
1360 5019 1693 5066 ρυδιτϐγηαγη
1739 5019 1932 5053 autem.

284 5019 532 5126 c\l’idetur
561 5087 594 5124 a
624 5084 759 5122 voce
788 5066 1028 5121 Arabica
1059 5081 1185 5136 qua
1207 5081 1331 5120 crus
1362 5071 1551 5133 sonat,
1584 5066 1934 5136 significatio

289 5144 412 5199 haec
444 5139 756 5210 repetenda
794 5153 944 5210 esse,
978 5138 1236 5210 quia,_ut
1274 5153 1408 5192 crus
1451 5141 1736 5210 postrema
1768 5144 1826 5193 et
1855 5147 1937 5193 vt-

288 5208 522 5270 lissima
553 5227 683 5283 pars
717 5209 969 5265 hominis
1009 5214 1120 5283 est,
1154 5208 1231 5283 ita
1264 5214 1558 5283 postrema
1592 5209 1743 5283 acies
1773 5226 1935 5283 erier-

291 5288 464 5342 citus.
518 5279 594 5338 Ei
642 5298 707 5338 eo
759 5295 990 5353 quoque
1039 5279 1336 5334 hominem
1394 5279 1527 5334 vilis
1559 5281 1768 5353 sortis,
1808 5281 1935 5353 ἀγοο

294 5361 460 5431 ραῖον,
496 5354 661 5427 quasi
702 5351 1006 5431 ργιινιιιεηι-ἱ
1051 5354 1376 5431 nutunutu
1427 5353 1498 5405 de
1526 5352 1812 5431 ,οι-ατε,ᾔά
1846 5351 1937 5408 est

290 5421 587 5502 postrema
629 5425 788 5502 acie,_
821 5421 1189 5502 appellarunt
1235 5422 1474 5478 Arabes.
1520 5422 1703 5485 Quam
1738 5423 1934 5502 ipsum

334 5516 520 5571 uoque
542 5512 740 5571 vocem
766 5492 954 5571 Latini
981 5492 1278 5571 sequior-es
1309 5492 1783 5564 assumpserunt.’
1801 5494 1933 5549 Vid.

334 5517 520 5571 noque
542 5517 740 5553 vocem
768 5517 954 5550 patrui
981 5517 1278 5563 scqurums
1309 5517 1775 5564 ussuwpseruut.
1811 5517 1933 5549 nu.

288 5517 378 5628 gn
426 5567 754 5643 CangegGl.
780 5570 899 5622 Lat.
921 5581 990 5643 _v,
1011 5564 1322 5643 ιριίεεὴηα,
1372 5581 1473 5643 pro
1507 5581 1623 5636 qua
1655 5581 1937 5643 reponen-

289 5644 428 5699 dum
464 5635 806 5708 est'alfetna
849 5636 934 5691 vel
967 5635 1256 5708 alfgthna;
1287 5641 1453 5691 notat
1482 5635 1548 5692 ea
1590 5636 1938 5708 seditionem,

286 5715 588 5773 tumultum
635 5706 1011 5768 rebellionem.
1053 5706 1277 5780 Dignus
1321 5713 1412 5764 est
1452 5707 1640 5776 locus,
1688 5707 1791 5781 qui
1829 5707 1940 5766 hac

569 5841 829 5902 Ρλτιιοι..
874 5839 991 5898 Gn.
1037 5833 1224 5899 CXII.

2047 3641 2352 3697 occasione
2410 3651 2745 3712 exponetur.
2807 3642 2959 3698 Citat
3011 3642 3090 3698 ibi
3140 3659 3208 3698 ex
3250 3649 3439 3700 vetere
3494 3643 3696 3701 charta

2041 3713 2193 3768 haec:
2223 3713 2335 3768 Non
2369 3716 2652 3784 requiram
2681 3720 2871 3769 contra
2895 3720 3050 3769 tuam
3088 3719 3298 3781 partem
3328 3717 3454 3785 plus
3487 3722 3694 3770 terram

2039 3786 2157 3856 nisi
2197 3787 2429 3856 istam...
2485 3787 2543 3838 in
2575 3801 2684 3855 qua
2733 3801 2847 3856 non,
2885 3802 3089 3856 ponam
3122 3786 3221 3840 tibi
3269 3787 3511 3856 Azaquia
3543 3785 3693 3856 [τοὺς

2041 3852 2361 3926 ἀγοραίους,
2411 3852 2709 3910 exactores
2766 3855 2854 3926 vel
2885 3852 3249 3926 'sequestros
3310 3852 3560 3919 milites;
3593 3872 3693 3926 qut

2041 3925 2349 3996 tantisper,
2403 3926 2586 3980 donec
2626 3925 2921 3996 exegerint
2968 3925 3224 3982 debitam
3269 3925 3690 3996 pecuniamfin

2040 3996 2160 4052 istis
2208 3997 2420 4052 castris
2451 3997 2680 4068 agrisve
2711 3996 3022 4070 excubant]
3051 4003 3148 4052 aut
3193 3998 3250 4052 at
3281 3998 3480 4052 hodcra
3511 3998 3688 4070 [sem-

2039 4084 2140 4140 per
2186 4065 2516 4140 presentes,‘
2536 4065 3018 4140 προσμοναρίουςξ
3049 4073 3358 4139 perpetuos
3390 4065 3687 4140 presidia-

2039 4085 2140 4137 per
2226 4085 2506 4130 resentes,
2536 4085 3000 4140 προσμοναριους,
3049 4085 3358 4139 perpetuos
3390 4085 3687 4140 praestola-

2038 4085 2218 4210 rios:
2253 4155 2359 4210 qua
2393 4138 2501 4194 tibi
2545 4148 2750 4194 terram
2782 4151 2934 4193 tuam
2986 4140 3198 4207 tollam,
3243 4155 3342 4194 nec
3367 4156 3470 4207 pro
3498 4155 3687 4207 pacem

2061 4211 2120 4265 id
2150 4215 2236 4266 est
2277 4226 2377 4282 per
2411 4225 2633 4280 pacem,
2676 4217 2936 4282 tempore
2968 4210 3173 4282 pacis,]
3215 4227 3312 4266 nec
3348 4226 3447 4281 pro
3477 4212 3690 4278 alfetna

2061 4297 2244 4354 ueque
2287 4289 2546 4354 tempore
2584 4281 2898 4347 tumultus,
2934 4281 3116 4353 belli],
3147 4281 3245 4336 nec
3280 4298 3401 4354 cum
3435 4285 3685 4354 Mauros,

2039 4352 2300 4425 nec'cum
2344 4352 2678 4408 Christiaaos
2710 4353 2790 4425 [id
2837 4358 2924 4409 est
2963 4352 3088 4425 sive
3121 4369 3256 4408 cum
3299 4353 3510 4425 Mauris
3542 4353 3688 4408 illud

2041 4422 2260 4479 bellum
2303 4432 2559 4495 geratur,
2610 4422 2732 4480 sive
2769 4440 2900 4480 cum
2947 4424 3339 4495 Christianis].
3372 4423 3482 4480 Sed
3515 4425 3687 4480 redeo

2043 4496 2112 4577 ad
2144 4502 2551 4577 argumentum
2585 4511 2801 4577 meu_m.
2837 4497 2896 4577 In
2938 4498 3198 4577 quinque
3232 4501 3424 4577 partes
3453 4512 3688 4577 quoque

2043 4566 2273 4638 dividit,
2306 4566 2537 4623 Nicetas
2589 4584 2642 4637 p.
2701 4568 2790 4622 72.
2825 4573 2881 4622 et
2928 4584 3062 4622 cum
3095 4566 3334 4638 animali
3365 4566 3684 4638 comparat,

2043 4642 2220 4706 capud
2255 4634 2727 4713 [antecursores],
2771 4655 2971 4713 armos
3013 4637 3160 4711 [τοὺς
3187 4634 3683 4713 πλαγιοφύλακαςχ

2042 4707 2316 4783 truncum
2365 4709 2513 4783 [seu
2547 4707 2757 4782 corpus
2807 4707 3047 4783 militiis]
3078 4714 3134 4783 et
3179 4707 3351 4765 crura
3382 4707 3531 4783 [τοὺς
3562 4707 3685 4783 ,ναξ-

2039 4776 2375 4856 τοφύλακας]
2400 4776 3056 4856 Δ,ῐιιιιιιξῐιξςῖδᾶιιῶιιεξῇιιὶι
3096 4782 3214 4856 hinc
3253 4776 3420 4856 sunt:
3455 4777 3684 4856 Ἀνξρᾴ-

2040 4848 2191 4927 νικος
2234 4848 2496 4927 ’μέν’δσα
2539 4849 2633 4927 καί
2682 4848 3261 4927 ζίιὶιονγτὴίστρατιὰν⁸
3310 4849 3387 4916 εἷς
3439 4848 3681 4927 κεφαλὴν

2039 4920 2347 4998 καίᾲμέρος
2394 4922 2456 4975 τὸ
2504 4921 2731 4998 κατόπιν
2791 4922 2880 4976 κᾶἰ
2944 4920 3084 4995 μέλη
3147 4920 3383 4998 ἀνάλογα
3421 4920 3684 4995 τῷπαντὶ

2043 4989 2459 5067 συνδιαθέμενος
2493 4992 2659 5067 εἶχεν.

2113 5067 2229 5135 (35)
2261 5063 2518 5138 Verbum
2546 5063 2882 5138 ’στρέφεσθαι
2931 5069 3021 5120 est
3057 5082 3239 5120 moras
3275 5075 3505 5122 nectere.
3537 5065 3682 5120 Num

2045 5139 2147 5208 qui
2169 5138 2292 5192 loco
2332 5135 2526 5208 aliquo
2561 5135 2868 5207 procedere
2897 5143 3270 5202 cunctantur,
3301 5140 3361 5192 in
3392 5138 3586 5192 orbem
3621 5152 3685 5192 se

2043 5207 2349 5279 aliquoties
2379 5207 2642 5279 etmodo
2673 5208 2798 5277 hac,
2847 5209 3017 5264 modo
3058 5210 3189 5264 illac
3221 5213 3471 5273 vertunt,
3505 5207 3685 5264 invito

2043 5276 2337 5352 discessu;
2373 5276 2606 5352 ῥᾳθυμία
2639 5276 2827 5350 poteSt
2858 5297 3086 5351 quoque
3115 5281 3209 5336 hic
3238 5279 3348 5336 loci
3379 5279 3687 5352 nequitiam

2045 5351 2387 5422 signiﬁcare.
2417 5353 2538 5406 Vid.
2574 5367 2752 5422 supra
2784 5368 2838 5421 p.
2869 5353 2996 5406 260.

2119 5423 2232 5494 (36)
2264 5422 2402 5496 Novi
2434 5425 2612 5496 Graeci
2648 5418 2858 5496 πλάγια
2891 5439 2992 5494 pro
3025 5418 3258 5496 πλευραί
3290 5423 3584 5496 dicebant,
3623 5426 3688 5476 ut

2047 5492 2222 5565 supra
2266 5495 2386 5564 jam
2447 5492 2940 5549 observavi.'Sunt
2977 5509 3113 5562 ergo
3143 5492 3196 5546 οἱ
3243 5492 3687 5568 πΛαγιοφὸλακες

2047 5564 2283 5620 laterum
2338 5565 2605 5620 custodes.
2666 5563 2942 5625 Videntu.
2993 5566 3169 5620 iidem
3217 5581 3347 5622 csse
3389 5583 3523 5622 cum
3570 5565 3689 5626 τοῖς

2048 5628 2494 5709 παραϐανδίταις,
2527 5636 2597 5692 de
2621 5635 2834 5709 quibus
2861 5635 2949 5692 Du
2979 5635 3172 5710 Cange
3200 5652 3252 5693 v.
3292 5632 3544 5695 Βάνδον..

3295 5837 3365 5896 27
