4090 6216
401 390 518 451 843
1458 388 1993 453 CONS’I‘AN'I‘INI
2036 389 2725 458 PORPHYROGENITI
3680 404 3793 461 8M.

401 557 619 612 nasque
668 545 723 595 et
764 539 1121 595 multitudem
1161 540 1475 596 invalidam
1510 543 2016 613 jumentorumqui

2178 525 2391 589 ›ύλακας
2426 527 2760 598 ἐνήλλαττον
2796 528 2883 585 διὰ
2914 532 3002 585 τὸν
3037 531 3291 589 πλεῖστον
3342 535 3534 590 κόπον.
3578 533 3653 591 Οὐ
3694 536 3793 609 γὰρ

401 628 686 700 quidquid
719 630 786 684 ad
810 628 1293 685 claudicationem
1317 630 1632 686 deductum
1658 636 1759 686 aut
1787 631 2007 688 vulneri

2182 619 2249 686 ἡν
2318 616 2523 672 εὐθεῖαν
2577 620 2933 692 περιεπάτουν
2991 620 3164 695 αὐτοὶ,
3222 622 3369 679 ἀλλᾶ
3426 625 3525 692 τήν
3587 642 3794 698 τραχυ-

396 718 505 772 bus
540 718 868 773 confectum
891 726 1058 773 esset.
1094 718 1193 774 His
1225 719 1562 790 imponebat
1585 728 1757 791 caput
1780 720 1866 775 vel
1890 720 2011 791 capi

2184 709 2303 783 ἐραν
2359 710 2447 763 καὶ
2512 706 2906 764 δυσεπὶὂατον·
2960 709 3103 765 οὕτω
3178 709 3236 767 δὲ
3306 712 3644 785 κινούμενοι,
3699 714 3795 777 τὰς

396 811 631 861 taneum
664 814 759 861 aut
782 808 1407 879 ducem,exiguamque
1441 809 1693 864 addebat
1726 810 2011 866 militaren

2181 802 2340 863 ύκτας
2398 802 2935 875 περιχαρακωθέντες
3019 804 3107 857 καὶ
3188 805 3287 873 τὴν
3374 803 3555 875 ἄλλην
3622 805 3793 882 ἀστρά-

394 910 660 961 manum,
685 894 1047 966 jubebatque
1091 912 1188 951 eos
1228 897 1287 951 in
1322 897 1575 951 vicinam
1619 914 1745 953 sese
1786 900 2007 970 reciper

2189 911 2296 945 ειαν
2372 890 2693 958 ποιήσαντες
2779 887 2868 943 διὰ
2954 889 3082 953 τοὺς
3167 891 3639 966 νυκτοπολέμους,
3704 893 3799 947 ἆν-

395 983 569 1037 castri
601 983 849 1054 alicujus
883 984 1217 1039 munitioris
1241 989 1296 1040 et
1327 986 1396 1040 ad
1431 985 1596 1040 illum
1634 988 2041 1058 propioristra-
2146 979 2431 1036 επαύοντοι

395 1077 565 1138 ctum,
617 1089 647 1128 e
697 1090 813 1145 quo
864 1075 1249 1131 descensurus
1298 1076 1358 1131 in
1408 1075 1697 1132 hosticum
1748 1082 1872 1131 erat
1918 1077 2224 1133 exercitus.
2279 1071 2499 1128 Deinde
2547 1070 2863 1142 deputabat
2929 1070 3174 1128 selectos
3222 1072 3617 1129 ethematibus
3679 1090 3807 1129 ma-

392 1162 648 1235 nipulos,
698 1165 905 1234 partim
948 1182 1331 1235 praacessuros
1372 1168 1653 1222 fossatum
1704 1184 1802 1222 seu
1847 1168 2162 1223 exercitum
2218 1164 2597 1230 hostiumque
2644 1161 2901 1217 subitum
2961 1162 3239 1219 insultum
3289 1180 3621 1231 eversuros,
3675 1181 3809 1235 par-

392 1254 497 1309 tim
574 1256 991 1311 subsecuturos
1051 1256 1225 1325 alios;
1287 1274 1429 1329 quos
1477 1267 1803 1329 postremos
1869 1256 2286 1330 notophylacas
2345 1270 2446 1309 seu
2516 1254 2791 1308 custodes
2855 1256 3099 1325 tergoris
3153 1255 3444 1327 appellare
3506 1273 3636 1312 mos
3695 1264 3805 1313 est.

390 1342 605 1400 Horum
657 1345 1114 1415 tergicustodum
1166 1353 1287 1402 erat
1346 1363 1445 1402 eos
1505 1348 1718 1416 venari,
1779 1348 1875 1418 qui
1932 1353 2033 1403 aut
2090 1345 2357 1401 imbelles
2417 1347 2522 1397 aut
2578 1357 2784 1413 segnes
2844 1353 3030 1398 castra
3087 1361 3201 1399 non
3263 1350 3693 1405 assectarentur
3752 1351 3810 1402 et

389 1435 569 1490 aciem
613 1436 963 1492 desererent.
1007 1436 1116 1490 Alii
1163 1436 1233 1491 ab
1288 1441 1536 1507 utroque
1595 1437 1770 1492 latere
1830 1436 2261 1492 comitabantur
2332 1436 2659 1487 moventem
2722 1433 3063 1500 exercitum,
3130 1451 3276 1505 quos
3344 1434 3808 1507 plagiophylicas

388 1539 490 1579 seu
538 1524 785 1580 laterum
828 1527 1098 1581 custodes
1150 1525 1540 1599 appellabant.
1603 1531 1817 1582 Horum
1869 1531 1992 1582 erat
2037 1524 2341 1581 observare
2394 1528 2563 1592 atque
2610 1538 2889 1591 coercere,
2941 1524 2990 1578 si
3030 1539 3105 1595 qu
3156 1526 3225 1579 ad
3278 1524 3500 1581 hostem
3534 1528 3810 1584 transfu-

389 1629 519 1681 gere
550 1614 914 1670 molirentur.
948 1616 1163 1672 Omnes
1195 1622 1388 1672 auetm
1421 1617 1504 1683 hi,
1548 1623 1666 1672 tam
1702 1633 2106 1689 precursores,
2137 1630 2307 1686 quam
2340 1615 2761 1685 sbusequentes
2814 1618 2870 1667 et
2897 1631 2931 1668 a
2960 1611 3241 1670 lateribus
3273 1618 3642 1685 comitantes,
3674 1623 3808 1673 tan-

386 1707 515 1757 tum
567 1705 863 1759 distabant
894 1722 921 1759 ε
958 1706 1193 1767 fossato,
1240 1710 1299 1759 ut
1346 1722 1666 1777 numquam
1713 1707 1834 1761 suis
1882 1712 2045 1762 extra
2093 1713 2466 1774 conspectum
2508 1706 2732 1769 essent;
2778 1702 2952 1773 idque
2991 1703 3207 1773 duplici
3255 1705 3499 1771 ratione,
3544 1723 3617 1762 ne
3649 1708 3808 1763 scili—

388 1795 477 1845 cet
516 1793 629 1863 ipsi
670 1791 925 1848 hostium
960 1800 1225 1866 paterent
1264 1794 1516 1862 insidiis,
1561 1796 1838 1850 fossatum
1880 1811 2039 1863 vero,
2078 1795 2149 1849 ab
2199 1794 2316 1849 illis
2358 1793 2427 1847 de
2472 1792 2636 1846 hoste
2685 1792 3025 1848 imminente
3072 1794 3456 1859 admonitum,
3509 1813 3639 1853 sese
3678 1814 3808 1852 ms-

386 1882 513 1934 ture
560 1882 744 1952 possit
782 1882 864 1935 illi
915 1884 1253 1954 excipiendo
1305 1900 1661 1954 comparare.
1714 1885 1822 1949 Qui
1871 1884 2108 1940 tandem
2157 1900 2353 1939 coram
2409 1882 2755 1952 imperatore
2799 1882 3056 1951 proxime
3103 1882 3474 1940 ambularent
3525 1892 3693 1942 erant
3740 1903 3811 1942 ex

387 1968 486 2023 illo
528 1971 900 2039 potissimum
942 1973 1195 2028 themate
1233 1973 1320 2027 vel
1362 1975 1650 2041 districtu,
1692 1974 1790 2044 qui
1834 1975 2055 2029 hostico
2106 1972 2405 2045 proximus
2449 1976 2625 2026 esset.
2676 1970 2845 2025 Periti
2896 1971 3053 2026 enim
3094 1980 3254 2027 erant
3298 1978 3354 2029 et
3401 1974 3659 2041 viarum,
3709 1991 3809 2045 per

387 2074 531 2129 quas
583 2059 779 2115 hostes
832 2070 883 2117 et
924 2062 1192 2117 invadere
1253 2068 1309 2118 et
1358 2079 1560 2119 rursus
1615 2079 1676 2118 se
1730 2064 2054 2119 subducere
2090 2066 2347 2135 possent,
2397 2065 2454 2116 et
2504 2061 2783 2125 locorum,
2834 2060 2891 2114 in
2942 2060 3155 2131 quibus
3204 2078 3373 2134 agere
3412 2069 3697 2131 amarent,
3757 2072 3812 2121 et

385 2146 713 2215 modorum,
755 2150 966 2219 quibus
1008 2157 1111 2206 aut
1145 2152 1408 2221 insidias,
1453 2157 1553 2207 aut
1592 2154 1743 2208 acies
1785 2153 2045 2224 bellaque
2095 2152 2383 2207 instruere
2422 2150 2696 2205 solerent.
2746 2152 2811 2204 ln
2847 2149 2936 2204 his
2985 2154 3041 2204 et
3080 2151 3140 2205 in
3183 2151 3494 2222 postremis
3544 2155 3808 2210 custodi-

386 2236 499 2290 bus
563 2240 1055 2307 permutabantur
1112 2245 1166 2295 et
1224 2241 1650 2297 renovahantur
1697 2242 2009 2297 identidem
2060 2240 2525 2296 sollicitudinum
2582 2239 2764 2306 vices;
2808 2239 3285 2309 quandoquidem
3348 2241 3466 2296 haec
3535 2243 3653 2298 duo
3709 2259 3811 2316 ge-

385 2343 523 2383 nera
571 2329 884 2402 plurimum
935 2331 1191 2388 laborem
1236 2332 1566 2388 tolerarent.
1606 2333 1731 2389 Non
1787 2332 1942 2389 enim
1995 2338 2208 2388 rectam
2261 2342 2312 2386 et
2351 2331 2675 2401 expeditam
2730 2331 2908 2396 viam,
2960 2332 3057 2386 sed
3108 2331 3459 2402 asperiorem
3509 2342 3563 2389 et
3613 2333 3811 2390 minus

385 2424 754 2479 commodam
804 2422 983 2477 ibant.
1035 2424 1098 2477 In
1143 2422 1297 2477 hunc
1349 2423 1586 2477 modum
1642 2425 2051 2492 promoventes
2092 2421 2367 2485 interdiu,
2419 2419 2654 2475 coibant
2703 2435 2804 2490 per
2844 2425 3071 2475 noctem
3124 2422 3279 2476 intra
3309 2421 3550 2493 vallum,
3598 2421 3803 2478 rebus-

385 2528 499 2584 que
527 2511 873 2569 necessariis
898 2515 1095 2566 contra
1126 2520 1435 2567 nocturnos
1464 2510 1717 2566 hostium
1750 2511 2001 2581 impetus
2028 2509 2308 2580 praevisis,
2341 2508 2648 2577 capiebant
2673 2509 2945 2577 quietem.

1590 2857 2590 2955 ΚΩΝΣΤΑΝΤΙΝΟΥ

1135 3072 1227 3129 EN
1266 3071 1511 3148 ΧΡΙΣΤῼ
1553 3071 1660 3143 (37)
1705 3068 1989 3125 ΒΑΣΙΑΕΙ
2029 3068 2269 3143 ΔΙΩΝΙῼ
2311 3068 2662 3123 ΒΑΣΙΛΕΩΣ
2706 3069 3042 3135 ΡΩΜΑΙΩΝ,

1832 3179 1986 3235 ΥΙΟΥ
2026 3177 2350 3233 ΛΕΟΝΤΟΣ

1329 3292 1460 3347 ΤΟΥ
1501 3289 1836 3345 ΑΟΙΔΙΜΟΥ
1876 3288 1997 3342 ΚΑΙ
2039 3285 2453 3341 ΣΟΦΩΤΑΤΟΥ
2493 3286 2853 3357 ΒΑΣΙΛΕΩΣ,

697 3403 1065 3459 ΔΠΟΓΟΝΟΥ
1105 3406 1190 3457 ΔΕ
1231 3399 1598 3455 ΒΔΣΙΛΕΙΟΥ
1634 3398 1771 3454 ΤΟΥ
1811 3396 2341 3452 ΑΝΔΡΙΚΩΤΑΤΟΥ
2379 3396 2502 3451 ΚΑΙ
2544 3396 3081 3452 ΓΕΝΝΑΙΟΤΑΤΟΥ
3115 3397 3485 3468 ΒΑΣΙΛΕΩΣ,

1819 3502 2002 3557 ΠΡΟΣ
2046 3501 2374 3557 ΡΩΜΔΝΟΝ

1312 3615 1445 3667 TON
1487 3612 1858 3668 θεΟΣΤΕψΗ
1902 3611 2206 3666 ΒΑΣΙΑΕΑ
2246 3614 2362 3664 ΚΑΙ
2405 3611 2561 3666 rtON
2612 3611 2854 3682 ΑΥΤΟΥ,

1051 3746 1189 3803 Ὅσα
1220 3741 1302 3799 δεῖ
1330 3742 1593 3819 γίνεσθαι,
1633 3746 1729 3798 τοῦ
1764 3740 2006 3816 μεγάλου
2037 3742 2126 3795 καὶ
2160 3739 2375 3815 ὑψηλοῦ
2411 3738 2680 3817 βασιλέως
2709 3747 2815 3798 τῶν
2844 3744 3131 3816 Ῥωμαίων

1726 3831 2021 3906 μὲλλοντος
2055 3837 2432 3911 φοσσατεῦσαι.

1863 4146 2341 4205 CONSTANTINI

1172 4315 1227 4353 IN
1269 4311 1505 4351 CHRISTO
1543 4309 1777 4350 JTERNO
1826 4307 1969 4347 REGE
2008 4308 2172 4348 REGIS
2212 4310 2597 4363 ROMANORUM,
2630 4311 2759 4351 PILII
2801 4313 3024 4370 LEONIS,

1414 4424 1793 4465 CELEBERRIMI
1831 4424 1896 4461 ET
1944 4423 2344 4463 SAPIENTISSIMI
2376 4424 2775 4475 IHPERATORIS,

1088 4544 1184 4590 QUI
1216 4542 1400 4583 FILIUS
1440 4541 1582 4580 ERAT
1614 4538 1835 4591 BASILII,
1869 4538 2189 4579 FORTISSIMI
2229 4540 2669 4580 GENEROSISSIMI
2699 4543 2703 4581 1

1488 4542 1582 4580 RA'I‘
1614 4538 1835 4591 BASILII,
1869 4538 2189 4579 FORTISSIMI
2229 4540 2669 4580 GENEROSISSIMI
2699 4542 3103 4600 ιΜΡιΒΑτοΒιε,

1894 4671 1967 4711 ΑΙ)
1998 4672 2288 4712 ROMANUM

1308 4797 1341 4833 Α
1365 4792 1471 4833 DEO
1501 4790 1840 4832 CORONA’I‘UM
1888 4790 2294 4829 IMPERATORI-3M
2327 4790 2396 4829 ET
2444 4792 2643 4832 FILIUM
2683 4793 2867 4834 SUUM.

672 4895 1029 4953 Obseruando
1058 4900 1110 4951 et
1155 4894 1385 4965 agenda,
1437 4892 1657 4966 quando
1686 4893 1987 4963 imperator
2032 4890 2396 4948 Romanorum
2422 4894 2690 4962 fossatum
2717 4910 2876 4965 agere
2918 4911 3013 4952 seu
3043 4898 3102 4952 in
3131 4903 3320 4955 castra
3353 4900 3437 4956 ira

1736 4988 1788 5040 et
1836 4986 1895 5040 in
1928 4983 2135 5040 versari
2180 4983 2437 5040 decrevit.

459 5318 611 5375 268
645 5318 815 5386 Audi,
849 5316 951 5382 fili,
994 5328 1292 5371 sermones
1324 5310 1509 5383 patris
1551 5310 1656 5377 tui,
1683 5309 1762 5363 ait
1800 5308 2034 5364 Salomo
2066 5313 2074 5375 1

2215 5307 2435 5376 Ἄκουε,
2468 5308 2570 5375 υἱὲ,
2605 5308 2805 5387 λόγους
2836 5314 3040 5390 πατρός
3099 5336 3217 5387 σου,
3252 5314 3524 5392 Σολομῶν
3571 5340 3658 5375 σοι
3688 5339 3784 5376 παι

384 5405 489 5461 tibi
525 5406 892 5479 praecipiens.
930 5404 1203 5468 Quamvis
1234 5401 1391 5457 enim
1441 5418 1471 5453 a
1521 5397 1725 5453 multis
1767 5396 1996 5467 acciper

2176 5393 2485 5451 ακελεύεται
2514 5418 2526 5430 ·
2558 5401 2705 5475 παρὰ
2733 5401 2960 5458 πολλῶν
3010 5405 3115 5480 γὰρ
3165 5405 3416 5470 ἀκούσειας
3466 5408 3534 5465 τὰ
3581 5406 3784 5479 δέοντα,

1438 5496 1637 5554 JOAN.
1676 5496 1822 5552 JAC.
1866 5493 2125 5550 RElSKII
2164 5495 2746 5558 COMMENTARIUS.

452 5607 563 5679 (57)
612 5576 1267 5680 OrdinariusAhieerat
1314 5599 1525 5654 titulus
1574 5597 2022 5680 Byzantinorum
2134 5594 2373 5680 _Christi_'
2405 5600 2629 5680 gratias
2661 5602 2869 5658 debere
2934 5608 2992 5660 et
3023 5604 3163 5680 ejus
3222 5611 3286 5663 ut
3344 5610 3544 5680 aeterni
3614 5611 3782 5680 regis.

382 5666 824 5751 imperatorum,
858 5677 919 5731 in
951 5675 1183 5751 Christo,
1215 5680 1416 5727 esterno
1448 5688 1592 5742 rege,
1624 5666 2020 5751 regnonzono-
2137 5666 2259 5751 loco
2289 5678 2353 5751 _et
2401 5666 2971 5751 mandatoregnare.
3021 5666 3211 5751 Minus
3253 5686 3378 5735 erat
3417 5678 3475 5733 ἐκ
3514 5685 3647 5735 θεοῦ
3680 5666 3779 5738 ‘vel

381 5735 527 5821 rum,
557 5768 673 5822 quo
704 5735 973 5810 volebant
1002 5735 1213 5812 dicere,
1258 5760 1319 5800 se
1351 5735 1585 5799 omnem
1618 5741 2020 5797 auctoritatem
2133 5735 2184 5790 ἐν
2211 5743 2347 5808 Θεῷ,
2372 5758 2539 5810 quem
2570 5735 2807 5799 tituluni
2828 5748 3155 5804 minoribus
3181 5752 3543 5824 principibus
3569 5735 3776 5810 tribue;
