4090 6216
258 408 385 469 845

881 409 980 470 DE
1023 411 1486 472 CEltIMONIIS
1533 414 1765 474 ΑΙΠΑΕ
1808 412 1916 474 BY.

2028 414 2292 474 NTlN/E
2338 417 2480 476 LIB.
2530 417 2576 476 l.
2637 450 2708 462 --
2752 416 3083 479 APPEND.

3558 419 3676 480 846

257 536 399 595 ἀλλ’
435 542 506 596 οὐ
547 540 701 621 φύσει
731 548 830 612 τῆς
861 543 1060 617 ἀρετῆς
1094 543 1343 608 εἰσοίσεις
1382 541 1710 622 διδάγματα,
1746 547 1790 602 εί
1846 548 1916 621 μή

2041 551 2229 622 possis
2252 567 2340 620 ea,
2364 568 2489 624 quae
2513 555 2676 609 decet
2698 559 2753 610 et
2773 560 3016 626 oportet,
3050 572 3084 611 a
3105 554 3264 611 nullo
3297 563 3514 624 tamen,
3537 573 3681 627 pra:-

258 629 422 703 παρᾶ
453 630 658 704 πατρὸς
688 630 944 696 ἀκούσαις
978 634 1044 688 τά
1073 630 1283 704 ἄριστα.
1321 634 1585 703 Γνησίους
1648 636 1752 711 γάρ
1803 652 1932 710 παρ’

256 719 442 774 αὐτοῦ
499 722 586 775 καὶ
621 721 848 790 ἀληθεῖς
890 728 968 794 τῷ
1021 721 1135 778 ὄντι
1173 723 1302 786 τοὺς
1351 723 1548 800 λόγους
1603 723 1932 798 ὑποδεξάμε-

256 829 382 880 νος,
442 809 625 885 ὥσπερ
679 813 796 866 τινά
843 809 1052 886 κλῆρον
1096 810 1233 883 ἕξεις
1281 818 1556 889 πατρῷον,
1587 816 1687 884 τήν
1748 836 1928 885 σωτη-

251 895 384 969 ρίαν
419 899 502 952 ἀεὶ
527 900 887 974 προξενοῦντά
917 921 1000 954 σοι
1029 922 1040 933 ·
1071 901 1123 955 οἱ
1160 902 1255 974 μὲν
1288 903 1395 977 γὰρ
1440 900 1489 972 ἐξ
1542 898 1731 958 ἄλλων
1791 904 1927 958 κατὰ

246 986 429 1062 χάριν
491 986 786 1064 λεγόμδνοι
837 997 936 1059 τῆς
991 989 1249 1060 ἀληθείας
1277 989 1551 1054 πολλάκις
1601 991 1924 1048 ἐναποδὲον-

244 1094 386 1131 ται·
437 1078 490 1132 οἱ
540 1075 598 1131 ’δὲ
645 1075 706 1132 ἒκ
751 1085 1020 1154 πατρικῆς
1075 1083 1263 1155 ψυχῆς
1317 1082 1451 1154 μετὰ
1495 1089 1595 1150 τῆς
1653 1081 1923 1152 ἀληθείας

241 1165 651 1240 ἀφικνούμενοι
682 1167 903 1239 πολλὴν
953 1171 1276 1245 χαρίζονται
1330 1177 1446 1233 τοῖς
1497 1173 1638 1234 υἱοῖς
1689 1170 1922 1227 διαπανη

230 1256 333 1318 τὸς
382 1258 488 1326 τήν
540 1255 828 1335 ὠφέλειαν.
863 1263 1058 1315 ’Ἄκουε
1112 1259 1314 1327 τοίνυν,
1348 1261 1454 1329 υἱὲ,
1484 1262 1628 1337 παρὰ
1675 1263 1918 1334 πατρὸς,

235 1343 270 1398 ἃ
306 1347 390 1417 μή
457 1345 626 1401 καλόν
683 1347 824 1402 ἐστιν
888 1347 1134 1423 ἀγνοεῖν
1169 1348 1219 1404 εί
1271 1349 1374 1426 γάρ
1425 1348 1615 1424 ἄγνοια
1661 1351 1848 1423 κακὸν,
1882 1353 1916 1421 ἡ

228 1439 348 1490 τῶν
414 1437 757 1512 πραγμάτων
812 1441 1008 1512 γνῶσις
1062 1435 1235 1508 δῆλον
1297 1439 1378 1494 ὅτι
1440 1440 1630 1508 καλὸν,
1663 1441 1754 1495 καὶ
1820 1440 1922 1514 μά-

230 1522 411 1580 λιστα
461 1530 569 1580 τῶν
624 1525 932 1600 ἀναγκαίων
1002 1529 1090 1581 καὶ
1143 1528 1215 1581 ὧν
1265 1526 1452 1598 πολλή
1501 1530 1829 1598 καθέστηκεν
1879 1531 1913 1599 ἡ

238 1614 502 1690 φροντίς.
538 1616 980 1690 Ἀναγκαιότερον
1031 1613 1087 1671 δὲ
1135 1617 1188 1672 τί
1233 1615 1376 1672 ἄλλο
1427 1615 1644 1692 γένοιτο
1675 1617 1918 1690 πολεμι-

235 1705 346 1771 κῆς
410 1703 714 1776 εὐτολμίας
760 1705 848 1759 καὶ
889 1713 989 1774 τῆς
1039 1710 1146 1760 τῶν
1209 1707 1494 1783 προγόνων
1537 1705 1775 1768 παλαιᾶς
1826 1706 1912 1762 εὖ·

238 1791 460 1864 ταξίας,
507 1795 568 1862 ἣν
621 1793 673 1848 ἐν
739 1794 1010 1868 πολέμοις
1063 1796 1218 1870 εἶχον
1264 1797 1327 1850 τὸ
1373 1796 1636 1871 πρότερον
1695 1797 1911 1872 βασιλι-

2043 644 2306 712 terquem
2330 659 2364 697 a
2397 648 2556 712 patre
2584 651 2818 711 accepta
2848 649 2904 700 et
2951 644 3102 700 velut
3145 644 3426 717 ingenita,
3476 661 3680 701 recon-

2041 729 2146 785 das
2177 731 2235 786 in
2265 732 2524 787 animum
2559 737 2724 788 tuum
2771 733 2988 804 optima
3020 735 3252 790 virtutis
3308 735 3676 790 documenta.

2038 819 2264 890 Apatre
2305 837 2447 891 quas
2478 821 2770 892 acceperis
2809 822 3097 893 genuinas
3154 833 3207 878 et
3236 822 3475 878 omnino
3519 839 3681 879 veras

2036 905 2454 975 institutiones,
2480 908 2659 964 habes
2691 919 2742 965 et
2802 910 3043 966 habebis
3100 929 3202 983 per
3232 927 3464 967 omnem
3498 913 3674 967 vitam

2037 1001 2100 1050 ut
2125 995 2519 1053 hereditatem
2554 998 3038 1069 patrimonialem,
3074 1017 3200 1072 quae
3232 1002 3392 1057 omni
3420 1009 3676 1073 tempore

2033 1084 2137 1139 tibi
2186 1086 2433 1141 salutem
2477 1092 2724 1158 praestet.
2759 1087 2918 1156 Saepe
2956 1089 3111 1144 enim
3175 1089 3425 1144 aliorum
3479 1091 3550 1144 ad
3583 1106 3674 1146 ca-

2031 1175 2314 1244 ptandum
2348 1175 2599 1231 favorem
2630 1180 2950 1247 composita
2981 1178 3137 1233 dicta
3167 1183 3369 1234 vacant
3406 1179 3670 1235 veritate.

2029 1264 2101 1317 At
2132 1277 2255 1333 quae
2284 1278 2350 1318 ex
2383 1263 2580 1318 animo
2595 1269 2838 1335 paterno
2870 1266 3678 1337 proﬁciscunturinstructio-

2030 1367 2154 1419 nes,
2209 1356 2272 1406 ut
2317 1368 2462 1408 veras
2511 1361 2670 1421 sunt,
2729 1353 2810 1410 ita
2859 1370 3088 1426 quoque
3119 1354 3255 1410 ﬁliis
3299 1372 3398 1427 per
3439 1371 3674 1411 omnem

2027 1443 2255 1496 etatem
2288 1446 2345 1495 et
2377 1457 2692 1512 peromnes
2715 1458 2908 1498 rerum
2941 1459 3111 1499 casus
3143 1443 3491 1500 suntutiles.
3525 1443 3676 1499 Audi

2027 1545 2185 1600 ergo,
2221 1530 2323 1599 ﬁli,
2355 1536 2411 1584 et
2431 1530 2628 1602 accipe
2660 1547 2693 1586 a
2725 1536 2906 1603 patre,
2944 1549 3072 1602 qua;
3112 1532 3379 1605 ignorare
3411 1549 3524 1588 non
3579 1533 3678 1587 de-

2025 1628 2130 1674 cet.
2162 1618 2496 1690 Ignorantia
2527 1621 2574 1674 si
2606 1621 2792 1690 turpis
2821 1627 2931 1687 est,
2964 1621 3145 1692 liquet
3176 1638 3372 1679 rerum
3404 1621 3672 1694 peritiam

2025 1707 2331 1779 pulchram
2363 1714 2420 1762 et
2452 1708 2784 1778 praeclaram
2800 1716 3022 1774 esse,et
3039 1712 3328 1782 praecipue
3351 1727 3542 1768 rerum
3575 1727 3676 1767 ne-

2022 1799 2405 1852 cessariarum
2442 1797 2774 1867 multasque
2803 1805 2859 1853 et
2897 1799 3206 1870 diligentes
3237 1816 3408 1855 curas
3431 1801 3669 1871 exigen-

239 1884 369 1943 κοῖς
449 1879 738 1953 ταξειδίοις
819 1884 1183 1953 κατάστασιν;
1260 1885 1479 1956 Ταύτην
1557 1887 1663 1961 γάρ
1738 1887 1913 1940 πάλαι

2028 1885 2192 1940 tium.
2227 1885 2376 1951 Quid
2407 1893 2601 1941 autem
2637 1885 2818 1956 aliud,
2852 1904 3068 1959 quaeso,
3103 1890 3290 1960 magis
3330 1905 3438 1944 usu
3481 1890 3671 1945 veniat

243 1973 646 2049 φημιζομὲνην
680 1973 768 2026 καὶ
821 1972 989 2048 μέχρι
1019 1980 1116 2029 τοῦ
1155 1981 1245 2030 νῦν
1295 1977 1442 2048 παρὰ
1478 1973 1714 2039 πολλοῖς
1747 1974 1911 2047 θρυλ-

244 2058 539 2133 λουμένην
590 2063 666 2134 μὴ
718 2062 807 2116 καὶ
858 2063 1139 2139 ἐγγράφως
1181 2062 1353 2140 ἔχειν,
1406 2066 1467 2120 οὑ
1519 2063 1748 2136 δίκαιον,
1789 2061 1915 2119 οὐδὲ

242 2150 427 2203 καλὸν
498 2151 842 2224 ἡγησάμεθα.
905 2151 1209 2223 Λυσιτελής
1296 2155 1402 2228 γάρ
1460 2175 1566 2222 σοι,
1628 2155 1914 2218 θεόστεπτε

241 2241 523 2314 Ῥωμανὲ,
561 2242 694 2313 μετὰ
745 2247 855 2296 τῶν
903 2238 1091 2297 ἄλλων
1141 2245 1230 2298 καὶ
1277 2247 1312 2314 ἡ
1364 2243 1568 2298 τούτων
1628 2246 1914 2318 γενήσεται

243 2337 564 2406 συγγραφή,
616 2331 934 2402 Ῥωμαϊκὴν
987 2329 1231 2402 δηλοῦσα
1287 2333 1706 2407 μεγαλειότητα.
1755 2334 1912 2389 ’Όθεν

241 2417 441 2474 πολλά
493 2418 616 2492 περὶ
685 2420 893 2474 τούτων
963 2420 1409 2496 ἀνερευνήσαντες
1474 2423 1565 2477 καὶ
1642 2418 1913 2494 μηδεμίαν

245 2507 568 2579 ὑπόμνησιν
634 2506 1056 2581 ἐναποκειμένην
1115 2514 1194 2581 τῷ
1239 2509 1496 2582 παΛατίῳ
1547 2508 1910 2583 εὑρίσκοντες,

244 2595 349 2670 ὀψὲ
394 2597 492 2651 καὶ
545 2595 708 2668 μόλις
766 2597 898 2651 ποτὲ
945 2598 1068 2672 περὶ
1126 2599 1334 2652 τούτων
1398 2598 1703 2672 ὑπόμνημα
1735 2598 1787 2652 ἐν
1841 2600 1910 2671 τῇ

251 2690 398 2760 μονῇ
451 2690 524 2760 τῇ
574 2685 888 2760 καλουμένῃ
941 2693 1238 2760 Σιγριανῆς
1292 2688 1470 2761 εὑρεῖν
1534 2685 1912 2760 ἠδυνήθημεν,

247 2773 302 2829 ἰν
407 2769 562 2830 Ava
615 2777 642 2829 6
677 2776 992 2850 μάγιστρος,
1027 2775 1072 2848 ᾧ
1113 2775 1433 2838 Κατάκυλας
1485 2777 1550 2845 ἧν
1602 2775 1910 2848 ἐπώνυμον,

247 2865 343 2919 τὸν
397 2865 618 2939 μονήρη
672 2865 791 2938 βίον
837 2867 1141 2936 ἠσπάσατο.
1173 2866 1346 2927 Οὗτος
1388 2867 1490 2941 γάρ
1537 2866 1565 2919 6
1621 2867 1912 2942 μάγιστρος

251 2955 379 3027 περὶ
467 2953 680 3008 τούτων
765 2951 1048 3033 ἐγγράφως
1144 2953 1348 3019 διέθετο
1433 2954 1492 3010 ἐκ
1569 2955 1912 3029 προστάξεως

252 3042 505 3104 Λάοντος
539 3047 639 3096 τοῦ
688 3041 1052 3120 φιλοχρίστου
1109 3042 1199 3098 καὶ
1258 3045 1580 3121 σοφωτάτου
1640 3043 1912 3117 βασιλέως

253 3130 703 3203 Ῥωμαίων,τοῦ
741 3131 830 3185 καὶ
861 3133 1064 3208 πατρὸς
1123 3134 1285 3206 ἡμῶν
1345 3133 1434 3188 καὶ
1495 3136 1590 3187 σοῦ
1648 3133 1910 3186 πάππου·

254 3217 388 3275 ἀλλ’
448 3219 560 3274 ἐπεὶ
624 3226 888 3291 μουσικῆς
950 3219 1285 3292 Ἑλληνικῆς
1361 3225 1470 3294 (38)
1547 3220 1824 3296 ἄμέτοχος
1884 3220 1912 3274 ὁ

259 3305 568 3384 μάγισ-τρος
623 3308 712 3379 ἦν,
742 3306 928 3363 πολλὰ
975 3304 1221 3385 βάρϐαρά
1277 3331 1336 3366 τε
1385 3310 1474 3364 καὶ
1535 3309 1763 3365 σόλοικα
1819 3309 1910 3364 καὶ

252 3395 573 3466 ἀσυνταξίας
625 3399 659 3466 ἡ
719 3398 912 3453 τούτου
972 3401 1260 3476 συγγραφή
1319 3405 1618 3476 περιεῖχεν,
1659 3398 1826 3454 εἶκαὶ
1884 3398 1912 3452 ὁ

257 3484 547 3561 ἄνθρωπος
581 3483 839 3557 θεοσεϐὴς
880 3489 968 3543 καὶ
1002 3489 1139 3563 ἀνὴρ
1180 3489 1484 3561 ἐπιθυμιῶν
1542 3489 1609 3558 ἦν
1657 3493 1766 3542 τῶν
1812 3490 1910 3542 τοῦ

254 3575 592 3650 πνεύματος,
642 3578 716 3638 ὡς
773 3575 966 3647 ἔδειξεν
1025 3580 1052 3633 ὁ
1120 3578 1283 3634 αὐτοῦ
1331 3581 1472 3654 βίος.
1505 3577 1662 3635 Ἀλλ’
1721 3578 1772 3632 ἐν
1832 3581 1913 3648 τῷ

254 3666 510 3739 ἀμοιρεῖν
551 3665 738 3735 αὐτὸν,
771 3666 844 3726 ὡς
884 3661 1110 3743 ἔφαμεν,
1150 3663 1394 3728 παιδείας
1435 3666 1790 3737 Ἑλληνικῆς,
1821 3665 1912 3720 καὶ

254 3755 290 3823 ἡ
360 3753 564 3808 τούτου
639 3756 917 3832 συγγραφὴ
995 3753 1206 3827 μᾶλλον
1279 3756 1521 3829 ὑπῆρχεν
1605 3755 1911 3832 ἐπισφαλὴς

256 3842 350 3898 καὶ
410 3840 775 3914 ἐπιλήψιμος,
835 3842 988 3914 ὅμως
1074 3843 1320 3912 ἐπαινετὴ
1390 3847 1478 3898 καί
1552 3842 1766 3911 ἀληθὴς
1833 3843 1913 3914 τῷ

258 3925 493 3999 θεοσεϐῆ
527 3929 662 3985 εἶναι
720 3931 810 3985 τὸν
861 3929 1024 4003 ἄνδρα
1062 3931 1151 3986 καὶ
1184 3931 1453 4006 ἐνάρετον.
1485 3930 1698 4001 Ταύτην
1749 3933 1913 4002 ἡμεῖς

260 4021 513 4095 εὑρόντες
570 4019 1042 4093 πιρημελημὲνην
1103 4025 1183 4093 τῷ
1221 4019 1400 4096 λόγῳ,
1427 4021 1517 4075 καὶ
1568 4020 1642 4083 ὡς
1688 4017 1740 4074 ἐν
1773 4017 1913 4097 ἴχνει

260 4113 414 4171 σκιᾶς
480 4106 737 4184 ἀμυδρῶς
796 4129 912 4170 πως
973 4109 1041 4163 τὰ
1123 4110 1418 4184 πράγματα
1493 4107 1912 4185 διαγὲλλουσαν,

259 4199 350 4254 καὶ
413 4196 560 4274 μηδὲ
617 4201 679 4253 τὸ
725 4203 821 4254 τοῦ
864 4201 1051 4274 τρίτου
1105 4199 1302 4275 μέρους
1347 4205 1478 4269 τῶν,
1525 4200 1704 4265 ὥσπερ
1749 4201 1913 4271 ἡμεῖς

257 4290 398 4364 πρὸς
452 4290 514 4343 τὸ
567 4288 889 4366 σαφέστερόν
938 4311 995 4345 τε
1042 4291 1132 4344 καὶ
1175 4289 1585 4365 πλατικώτερον
1618 4291 1752 4362 (39),
1788 4308 1915 4361 μετ-

260 4380 570 4454 ηγάγομεν,
619 4375 872 4454 ἔχουσαν,
924 4381 1374 4456 συνεγραψάμεθά
1440 4403 1530 4436 σοι
1595 4383 1693 4435 τοῦ
1748 4400 1914 4435 κατα-

261 4465 446 4522 λιπεῖν
499 4468 576 4532 εἷς
625 4469 952 4542 ὑπόμνησιν.
982 4473 1041 4526 Ἦ
1074 4470 1253 4526 τοίνυν
1298 4473 1527 4542 τοιαύτη
1586 4476 1696 4527 τῶν
1749 4473 1912 4546 βασι-

262 4554 432 4612 λικῶν
477 4555 763 4627 ταξειδίων
810 4560 956 4632 τάξις
1001 4581 1059 4615 τε
1105 4561 1194 4616 καὶ
1229 4559 1529 4625 ἄκολουθία
1588 4559 1913 4640 ἐφυλάττετο

2025 1981 2084 2030 et
2105 1975 2182 2028 sit
2215 1975 2403 2046 magis
2429 1977 2842 2031 necessarium.
2869 1994 3046 2048 quam
3073 1983 3352 2034 strenuus
3373 1982 3430 2034 et
3461 1994 3590 2033 acer
3612 1978 3670 2033 in

2025 2063 2436 2120 bellisanimus
2467 2071 2525 2121 et
2547 2066 2920 2122 vetustusille
2935 2069 3124 2122 bonus
3154 2072 3212 2122 et
3240 2067 3484 2124 decorus
3505 2068 3669 2135 ordo,

2023 2169 2195 2223 quem
2229 2154 2410 2210 nostri
2467 2155 2716 2225 majores
2747 2155 2806 2210 in
2848 2155 3015 2210 bellis
3051 2163 3109 2211 et
3138 2157 3198 2211 in
3231 2157 3425 2227 regiis,
3464 2156 3510 2210 si
3545 2173 3671 2226 quae

2024 2244 2446 2314 contingerent,
2502 2243 2971 2314 expeditionibus
3030 2245 3471 2300 observabant?
3511 2244 3673 2300 Hunc

2025 2337 2215 2387 autem
2236 2332 2436 2387 crebra
2467 2331 2605 2387 olim
2641 2333 2794 2387 fama
2823 2332 3177 2388 celebratum
3203 2338 3259 2389 et
3283 2334 3371 2388 vel
3405 2332 3497 2388 his
3528 2332 3674 2402 ipsis

2023 2421 2216 2476 adhuc
2263 2421 2627 2489 temporibus
2677 2439 2710 2476 a
2743 2421 2942 2477 multis
2973 2438 3242 2479 sermone
3294 2423 3572 2490 jactatum
3621 2421 3673 2477 si

2024 2509 2240 2579 scripto
2259 2509 2774 2580 consignatumnon
2791 2511 3492 2581 haberemus,iniquumet
3508 2516 3675 2582 turpe

2017 2598 2414 2670 judicavimus
2441 2599 2708 2671 ]ideoque
2739 2599 2848 2654 hoc
2863 2600 3160 2655 volumine
3180 2600 3672 2670 comprehendere

2023 2687 2445 2760 voluimus].Et
2477 2688 2732 2760 proderit
2761 2689 2885 2755 tibi,
2917 2689 3222 2744 Romanea
3239 2688 3354 2744 Deo
3377 2694 3668 2756 coronato,

2025 2782 2086 2833 ut
2101 2777 2352 2843 aliaa,ita
2375 2776 2494 2832 haec
2526 2793 2754 2849 quoque
2811 2779 3100 2848 tractatio,
3142 2794 3173 2833 e
3205 2794 3317 2848 qua
3349 2777 3666 2834 Romanam

2024 2867 2240 2937 poteris
2267 2866 2761 2938 magniﬁcentiam
2794 2865 3140 2938 intelligere.
3165 2866 3469 2922 Scrihendi
3509 2884 3672 2923 occa-

2026 2955 2251 3011 sionem
2284 2955 2452 3010 nobis
2491 2955 2600 3010 hoc
2631 2955 2810 3010 dedit.
2863 2955 3042 3011 Multa
3100 2956 3510 3026 diligenteque,
3564 2957 3667 3012 sed

2026 3043 2213 3110 irrita,
2236 3045 2293 3099 in
2329 3042 2541 3115 palatio
2575 3045 2724 3099 facta
2759 3044 3163 3115 inquisitione,
3213 3043 3262 3100 si
3321 3046 3466 3100 forte
3491 3046 3672 3118 depo-

2025 3133 2172 3188 sitos
2183 3131 2396 3186 alicubi
2410 3133 2481 3187 de
2495 3132 2582 3186 his
2596 3132 2770 3187 rebus
2792 3148 2918 3188 com
2932 3135 3248 3189 mentarios
3263 3133 3670 3204 reperiremus,

2025 3222 2120 3276 vix
2150 3221 2386 3277 tandem
2407 3220 3046 3293 aliquandoejus,quod
3071 3222 3563 3288 desiderabamus,
3587 3240 3674 3278 ar-

2023 3311 2284 3384 gumenti
2317 3311 3262 3383 libellumatiqueminvenimusin
3293 3313 3670 3383 monasterio,

2017 3403 2175 3474 quod
2210 3402 2505 3474 Sigrianes
2538 3400 2886 3472 appellatur,
2925 3399 2987 3455 in
3044 3417 3157 3471 quo
3203 3405 3311 3456 Leo
3364 3401 3671 3472 magister,

2019 3492 2174 3548 264
2205 3492 2297 3547 cui
2329 3507 2650 3563 cognomen
2685 3496 2806 3545 erat
2863 3489 3184 3561 Catacylas.
3245 3490 3422 3545 vitam
3467 3490 3664 3546 solita-

2019 3581 2163 3636 riam
2180 3582 2478 3653 amplexus
2493 3585 2600 3635 est.
2621 3579 2858 3650 llicipse
2878 3580 3158 3651 magister
3172 3579 3619 3650 nempe,jussus
3634 3595 3668 3634 a

2019 3671 2208 3727 Leone
2238 3670 2453 3725 Christi
2487 3674 2716 3724 amante
2747 3674 2804 3724 et
2847 3668 3286 3740 sapientissimo
3317 3669 3663 3739 imperatore

2021 3760 2435 3823 Romanorum,
2469 3764 2634 3829 patre
2666 3762 2864 3812 nostro
2903 3766 2958 3812 et
2987 3773 3090 3811 avo
3123 3764 3242 3825 tuo,
3277 3755 3467 3810 deillo
3495 3771 3664 3826 argu-

2020 3853 2234 3914 mento,
2258 3848 2408 3917 quod
2446 3863 2551 3901 nos
2578 3861 2811 3916 quoque
2871 3845 3239 3899 tractandum
3273 3843 3367 3899 hic
3399 3843 3659 3912 suscepi-

2021 3952 2176 4001 mus,
2226 3940 2444 4005 scripto
2490 3938 2851 4004 exposuerat.
2883 3931 3092 3987 Verum
3126 3932 3267 4002 quia
3299 3931 3494 3987 Greca
3530 3948 3660 3987 mu-

2019 4027 2137 4079 sica
2183 4039 2282 4078 seu
2341 4024 2509 4077 docta
2546 4023 2830 4092 elegantia
2890 4021 3150 4076 imbutus
3184 4037 3299 4074 non
3335 4021 3538 4087 fuerat,
3567 4021 3665 4076 ille

2019 4112 2315 4184 magister,
2349 4109 2783 4166 multaint‘ersit
2814 4110 2871 4164 in
2922 4126 3088 4164 suam
3123 4108 3489 4174 scriptionem
3542 4111 3668 4164 bar-

2022 4200 2160 4256 bara
2179 4205 2348 4270 atque
2378 4198 2614 4264 solcsca,
2637 4214 2986 4269 omnemque
2999 4195 3668 4266 commiscuitordinem,

2021 4306 2194 4362 quem
2230 4289 2539 4360 perspicua
2582 4290 2778 4342 futura
2817 4299 2870 4343 et
2918 4289 3305 4358 grammatica
3356 4291 3668 4342 verborum

2020 4380 2376 4436 constructio
2426 4377 2666 4449 ﬂagitat.
2703 4377 2838 4432 Erat
2887 4378 3139 4447 profecto
3170 4375 3278 4441 vir,
3311 4383 3373 4430 ut
3397 4375 3512 4431 vita
3540 4377 3670 4447 ejus

2021 4467 2378 4535 monstravit,
2435 4467 2532 4521 Dei
2581 4482 2846 4522 reverens
2889 4469 2946 4521 et
2978 4464 3364 4534 cupiditatum
3389 4480 3505 4520 non
3539 4479 3665 4519 cur-

2022 4560 2137 4626 nis,
2183 4558 2284 4612 sed
2315 4555 2557 4627 spiritus
2613 4559 2950 4611 assectator.
3001 4553 3216 4609 Verum
3269 4569 3339 4608 ex
3378 4569 3466 4620 eo,
3515 4553 3670 4624 quod

261 4647 353 4700 καὶ
413 4645 698 4723 ὶνηργεῖτο
755 4644 860 4711 ἕως
945 4647 1176 4724 Μιχαὴλ
1233 4655 1330 4706 τοῦ
1405 4636 1769 4729 φιλοχρίστου
1825 4646 1912 4704 δε-

2028 4646 2304 4713 ϐτωοιιω,
2336 4649 2400 4700 ut
2429 4644 2708 4713 diximus,
2749 4644 3129 4699 litteraturam
3172 4657 3286 4697 non
3337 4641 3671 4710 delibasset,

1265 4777 1462 4834 JOAN.
1502 4780 1646 4836 JAC.
1690 4777 1957 4834 REISKII
1995 4768 2586 4829 COMMENTARIUS.

267 4900 430 4969 bant,
455 4901 528 4956 de
557 4917 672 4971 quo
701 4902 834 4956 alibi
880 4903 1089 4960 dicam.
1147 4904 1287 4959 Inde
1340 4905 1596 4958 manavit
1643 4907 1914 4959 nostrum

276 4975 396 5028 Wir
450 4987 555 5042 υοη
639 4972 813 5028 Gottes
871 4973 1115 5042 Gnaden,
1193 4976 1298 5031 Nos
1355 4976 1451 5030 Dei
1508 4975 1716 5042 _Gratia.
1778 4973 1924 5028 Hinc

270 5043 448 5097 etiam
480 5041 806 5118 θεοστεφεῖς.
843 5040 1224 5111 θεοστέπτους,
1285 5040 1761 5118 θεοπροϐλήτους,
1810 5050 1922 5100 etc.

270 5129 399 5188 sese
413 5113 810 5188 appellabant.
834 5117 1114 5188 Exempla
1137 5123 1335 5173 natant
1368 5113 1477 5173 hoc
1521 5113 1743 5173 codice.

349 5183 465 5256 (38)
499 5185 778 5259 Doctrina:
820 5183 1214 5256 elegantioris,
1254 5205 1378 5259 qua:
1411 5205 1441 5243 e
1471 5188 1635 5243 libris
1664 5191 1925 5259 vetusto:

273 5271 403 5310 rum
428 5256 734 5325 gentilium
761 5261 1089 5318 Graecorum
1149 5256 1542 5329 comparatur.
1589 5259 1734 5315 Nam
1793 5257 1921 5313 novi

274 5329 510 5401 quidem
542 5330 720 5383 (Ξτωοὶ
773 5343 838 5390 ut
879 5351 938 5389 se
969 5331 1176 5401 dignos
1224 5333 1464 5386 vetustis
1493 5331 1774 5386 doctrinis
1808 5346 1922 5384 non

267 5397 630 5477 judicarunt,
657 5403 755 5457 sed
789 5397 1278 5477 ineptias'divinis
1306 5403 1552 5471 artibus,
1585 5404 1802 5477 quibus
1828 5417 1923 5456 ve-

273 5473 428 5545 teres
486 5472 769 5545 claruere,
823 5472 938 5532 fato
969 5475 1223 5544 quodam
1257 5490 1358 5528 suo
1389 5481 1445 5529 et
1476 5472 1700 5530 insania
1733 5489 1928 5528 mona-

278 5539 516 5614 chorum
553 5539 1060 5614 pretulrruntjic
1091 5546 1264 5600 etiam
1291 5553 1552 5600 veterum
1590 5561 1800 5600 nomen
1836 5559 1925 5598 re-

282 5611 616 5688 Pudiaront,
651 5634 714 5673 se
748 5611 1042 5677 Romanos
1073 5617 1438 5688 appellarunt
1485 5624 1542 5672 et
1575 5619 1688 5671 dici
1723 5614 1928 5688 volue-

281 5688 436 5748 runt,
517 5685 734 5757 Ἕλλην
806 5699 999 5748 autem
1056 5685 1167 5760 pro
1241 5688 1584 5758 turpissimo
1675 5687 1926 5742 convitio

283 5759 640 5823 reputarunt.
680 5760 894 5836 Ἕλλην
923 5759 1163 5820 ἱιιὶείοει
1209 5759 1364 5817 idem
1407 5766 1583 5833 atque
1637 5773 1923 5832 paganus,

2027 4896 2355 4965 idololatra,
2383 4899 2440 4950 et
2467 4891 2798 4963 Ἑλληνικός
2831 4894 2984 4950 idem
3009 4898 3187 4965 atque
3217 4891 3472 4965 gentilis.

2104 4969 2215 5040 (39)
2246 4963 2588 5040 Ruiz'uscule,
2614 4967 3041 5040 ubqrting,cum
3090 4963 3429 5040 _non'nimio
3460 4963 3681 5040 ordinis

2034 5035 2208 5110 atque
2237 5039 2535 5108 elegantiae
2563 5038 2782 5094 studio.
2827 5037 2971 5093 Hinc
2993 5042 3214 5110 putant
3244 5035 3426 5107 aliqui
3457 5036 3680 5110 dictum

2033 5109 2361 5174 Platonem,
2417 5110 2570 5179 quod
2602 5111 2727 5180 ejus
2769 5111 2947 5164 oratio
2989 5109 3306 5164 luxuriaret
3361 5113 3416 5161 et
3475 5109 3679 5160 falcem

2034 5189 2352 5254 pateretur,
2385 5182 2534 5250 quod
2571 5198 2696 5251 quae
2730 5181 3000 5236 brevibus
3044 5180 3162 5254 dici,
3199 5181 3547 5254 pot_t_1_isse_n_t,
3583 5192 3684 5248 per

2033 5247 2310 5325 ambages
2340 5247 2673 5307 enuntiaret
2693 5258 2749 5306 et
2775 5247 3410 5325 iteraretsae_pius.Vi_d.
3441 5247 3679 5325 Diogen.

2036 5319 2239 5380 Laert.‘
2261 5342 2317 5396 p.
2355 5325 2477 5396 166,
2510 5331 2566 5396 et
2599 5342 2654 5394 p.
2687 5325 2926 5396 267.12,
2961 5324 3056 5377 ubi
3083 5319 3684 5396 Timo_Sillographus

2034 5397 2150 5467 ipsi
2189 5389 2288 5462 τῆν
2323 5389 2857 5468 πλατυρῥημοσῦνην
2901 5396 3151 5468 objeclat
3183 5389 3684 5468 etipsuma’tvdm-

2035 5462 2158 5520 στον
2187 5462 2829 5539 appellanqua‘leseunt
2863 5482 3026 5536 aquae
3046 5462 3471 5539 πλατεῖαιειρυά
3508 5463 3685 5539 Hero-

2034 5533 2242 5594 dotum
2269 5533 2336 5593 'et
2359 5533 2784 5609 Hippocratem,
2818 5533 3076 5609 cra—sset
3103 5551 3227 5606 quis
3262 5533 3401 5589 salis
3418 5540 3489 5609 _et
3518 5538 3684 5589 robo-

2035 5610 2115 5664 ris
2155 5626 2359 5680 parum
2393 5605 2568 5679 idque
2597 5611 2756 5663 Valde
2780 5609 3022 5662 dilutum
3065 5605 3282 5680 habent
3309 5611 3387 5680 _et
3417 5605 3682 5677 lingnam

2036 5673 2246 5753 parum
2278 5673 2558 5738 afﬁciunt.
2589 5681 2750 5737 Conf.
2788 5682 2870 5736 Du
2899 5680 3087 5752 Gange
3112 5695 3167 5736 v.
3201 5673 3441 5738 Πλάτος.
