4090 6216
406 340 521 402 851
1465 336 1761 397 CONSTA
1775 333 1955 394 ΝΤΙΝ
1968 334 1987 393 Ι
2036 336 2075 394 Ρ

2198 330 2362 392 ΡΗΥ
2372 328 2519 391 ROG
2530 330 2747 391 ENITI
3681 326 3813 388 852

409 490 621 547 equum
658 473 706 528 1.
742 473 904 527 Patet
953 471 1057 527 hos
1105 452 1479 541 magistratus
1517 468 1576 523 in
1618 468 1950 523 universum
1987 466 2053 520 12

2188 468 2273 517 πῶν
2304 462 2575 536 τεσσάρων
2615 462 2727 535 (47)
2782 461 3044 533 κομήτων
3108 458 3387 535 μωλάριον
3427 460 3492 515 α’·
3536 461 3677 533 ὁμοῦ
3715 459 3819 515 διὰ

410 566 600 619 mulos
640 567 696 617 et
736 562 972 615 totidem
1024 576 1209 631 equos
1261 564 1581 630 praestare;
1626 574 1874 628 quorum
1918 573 2051 612 cum

2195 556 2269 605 ὧν
2300 552 2583 626 ἀρχόντων
2614 551 2929 622 νομίσματα
2957 547 3070 603 ηδ’
3113 552 3268 623 (48)),
3310 548 3573 623 γενόμενα
3630 548 3820 623 λίτραι

411 654 555 707 muli
589 648 805 721 singuli
828 650 994 703 denis
1017 649 1215 719 quinis
1241 648 1525 710 nummis,
1547 652 1604 700 et
1625 647 1756 717 equi
1782 646 1946 700 denis
1969 646 2054 699 bi-

2188 642 2230 708 L‘,
2296 640 2597 711 ιομίσματα
2657 640 2757 703 κέ.
2795 640 2891 693 Καὶ
2946 639 3088 711 ὁμοῦ
3123 639 3184 693 τὸ
3239 644 3339 693 πᾶν
3372 637 3554 711 λίτραν.
3584 640 3639 693 π’
3673 640 3818 701 εκς“.

412 742 505 797 nis
528 741 910 807 aestimentur,
929 738 1233 793 conﬁcitur
1247 754 1313 791 su
1326 753 1483 791 ruma
1496 737 1599 790 324
1614 737 2057 802 numismatum,

415 846 538 901 qua:
562 828 610 883 si
632 829 698 883 ad
728 832 1010 883 rationem
1044 826 1307 881 litrarum
1344 827 1604 893 reducas,
1625 824 1865 879 habebis
1898 824 2060 878 litras

2188 821 2229 874 :6:
2262 822 2323 872 σ’·
2381 812 2737 887 καταϐιϐάζει
2793 821 2960 872 ταῦτα
3011 819 3038 871 6
3100 815 3395 892 λογοθέτης
3454 821 3562 871 τῶν
3608 817 3819 892 ἆγελῶν

416 920 469 985 4,
503 937 665 974 num.
688 920 779 973 26.
806 920 967 975 Adde
998 918 1133 972 huic
1164 933 1409 973 summae
1441 918 1799 987 superiorem
1833 916 2063 985 (neupe

2188 909 2243 969 ;ἷς
2273 910 2339 962 τὰ
2371 906 2653 981 Μαλάγινα
2704 908 2843 981 (49),
2876 908 2961 961 καὶ
3015 901 3425 980 παραλαμϐάνει
3476 906 3614 960 αὐτᾶ
3652 906 3678 959 6
3734 906 3830 959 κό-

2165 728 2269 785 Καὶ
2308 729 2373 782 τὰ
2406 730 2499 801 μὲν
2537 726 2793 802 μωλάρια
2821 728 2888 782 τὰ
2917 729 2982 794 σ’,
3027 728 3283 789 ὡσαύτως
3333 728 3423 782 καὶ
3460 728 3530 783 τὰ
3584 728 3823 801 inrigua.

413 1009 485 1062 76
517 1008 725 1078 litras],
750 1008 992 1062 habebis
1022 1006 1186 1060 litras
1211 1007 1282 1060 80
1304 1011 1360 1061 et
1383 1022 1543 1060 num.
1568 1006 1656 1060 26.
1683 1005 1751 1059 Et
1782 1004 1910 1060 illos
1944 1004 2066 1075 qui-

417 1097 547 1153 dem
563 1096 836 1167 superius
848 1095 1035 1151 dictos
1048 1110 1115 1150 ex
1127 1096 1260 1150 Asia
1274 1094 1642 1166 Phrygiaque
1656 1096 1933 1149 ducentos
1950 1108 2067 1148 mu-

419 1185 507 1241 los
532 1191 589 1241 et
610 1202 790 1257 equos
814 1186 1027 1255 pariter
1049 1186 1333 1240 ducentos
1355 1183 1592 1239 deducit
1619 1182 1915 1238 rationalis
1938 1199 2067 1253 gre-

418 1292 558 1348 gum
605 1276 675 1331 ad
717 1275 1009 1346 Malagina
1056 1290 1256 1344 usque,
1293 1274 1392 1328 ubi
1425 1290 1521 1328 eos
1551 1273 1623 1327 ab
1667 1274 1795 1343 ipso
1826 1273 2068 1328 traditos

419 1369 831 1421 transsumunt
861 1380 1055 1420 comes
1087 1362 1298 1419 stabuli
1332 1366 1388 1415 et
1417 1361 1910 1417 esochartularius
1942 1361 2069 1431 [seu

419 1453 815 1510 cbartularius
850 1453 1132 1523 urbanus]
1154 1452 1389 1507 stabuli.
1412 1451 1633 1507 Debent
1657 1456 1850 1505 autem
1879 1450 2071 1505 bestiae

425 1544 831 1614 quinquennes
860 1547 962 1597 aut
992 1547 1303 1613 septennes
1334 1557 1482 1606 esse,
1511 1556 1693 1611 neque
1725 1537 1983 1595 cauteria
2012 1536 2073 1591 in

425 1632 744 1687 femoribus
767 1630 1000 1685 habere.
1028 1631 1109 1684 Ibi
1132 1630 1358 1700 regium
1388 1630 1620 1697 signum
1648 1628 1943 1698 accipiunt
1964 1624 2074 1679 illis

424 1722 862 1791 quadringenta
905 1718 1094 1774 bestiae
1134 1719 1335 1773 ambas
1375 1717 1434 1772 in
1480 1716 1744 1787 scapulas
1789 1716 2072 1770 inustum.

430 1810 615 1865 Etiam
640 1809 699 1863 in
722 1817 1060 1879 sequentem
1094 1823 1313 1862 annum
1344 1806 1409 1859 fit
1432 1809 1632 1860 eadem
1665 1806 1944 1875 expositio
1977 1820 2073 1858 seu

430 1898 651 1953 exactio
674 1906 727 1951 et
751 1896 987 1951 bullatio
1006 1912 1103 1951 seu
1120 1896 1405 1950 candente
1428 1894 1576 1950 ferro
1600 1894 1851 1965 signatio
1874 1892 2076 1948 bestia-

432 2002 584 2055 rum,
609 1990 665 2041 et
696 1986 831 2056 equi
861 2000 1063 2040 omnes
1097 1984 1420 2039 ﬁbulantur
1451 1989 1621 2055 atque
1653 1992 2001 2046 castrantur,
2024 1984 2081 2036 et

432 2075 580 2130 fiunt
609 2076 862 2130 accessio
887 2080 1063 2145 atque
1086 2073 1559 2144 supplementum
1583 2072 1869 2143 regiorum
1894 2072 2082 2127 stabu-

430 2163 620 2219 lorum
669 2168 906 2235 propter
952 2164 1267 2218 instantem
1315 2162 1582 2217 bellicam
1630 2162 2078 2233 expeditionem.

430 2252 683 2309 Adducit
722 2258 914 2307 autem
957 2250 1257 2306 rationalis
1297 2267 1540 2322 gregum
1583 2251 1829 2305 ducenta
1860 2250 2080 2322 illaju-

432 2346 631 2395 menta
648 2339 936 2409 sagmaria
950 2337 1033 2393 vel
1049 2338 1538 2403 oneraria,mulos
1553 2340 1837 2409 puta,suis
1852 2342 2083 2393 onerata

432 2428 797 2500 sagmatibus
826 2428 914 2482 vel
948 2426 1192 2483 sarcinis
1215 2432 1315 2481 aut
1339 2426 1625 2493 bisacciis,
1649 2432 1707 2481 et
1730 2426 1787 2481 in
1811 2428 2083 2482 straturis

2174 1019 2283 1072 μης
2336 1002 2432 1052 τοῦ
2491 992 2728 1051 στάϐλου
2784 1000 2893 1067 (50)
2924 998 3011 1050 καὶ
3047 997 3074 1050 6
3122 993 3229 1051 ’ἑσω
3288 994 3696 1071 χαρτουλάριος
3724 998 3827 1049 τοῦ

2174 1080 2415 1140 στάϐλου
2474 1087 2779 1151 πενταέτια,
2838 1086 3044 1157 ἐξαὲτια
3102 1083 3193 1138 καὶ
3252 1085 3522 1152 ὲπταὲτια,
3562 1084 3640 1155 μὴ
3669 1081 3835 1160 ἕχον-

2174 1196 2239 1229 τα
2272 1172 2619 1245 σπηλώματα
2650 1174 2725 1235 εἰς
2756 1174 2854 1241 τήν
2904 1173 3063 1247 ψύαν.
3108 1174 3210 1230 Καὶ
3260 1171 3682 1252 σφραγίζουνται
3714 1174 3833 1243 (51)

2173 1264 2239 1319 τὰ
2292 1263 2614 1336 τετρακόσια
2663 1262 2738 1325 εἷς
2770 1263 2835 1317 τὰ
2880 1259 2975 1316 δύο
3018 1263 3156 1338 μέρη
3217 1270 3316 1332 τῆς
3380 1262 3663 1322 καπούλας
3716 1263 3834 1332 (52)

2181 1351 2470 1428 βασιλικὴν
2508 1351 2771 1427 βοῦλλαν.
2805 1355 2926 1408 ’Έτι
2968 1348 3025 1407 δὲ
3069 1352 3160 1406 καὶ
3198 1351 3273 1414 εἷς
3313 1351 3406 1405 τὸν
3453 1349 3831 1428 ἐπερχόμενον

2180 1443 2377 1516 χρόνον
2412 1442 2617 1516 γίνεται
2650 1444 2684 1510 ἡ
2720 1440 2852 1511 αὖτή
2896 1440 3103 1505 ἔκθεσις
3144 1441 3234 1495 καὶ
3280 1440 3617 1516 βούλλωσις.
3660 1434 3832 1494 Λαϐι-

2181 1529 2394 1585 δοῦνται
2420 1532 2531 1604 (53)
2579 1530 2749 1585 πάντα
2796 1532 2861 1585 τὰ
2892 1530 3143 1604 ⁸ἱπττάριεῑ
3173 1530 3261 1585 καὶ
3304 1530 3535 1606 γίνονται
3568 1529 3831 1606 εὐνοῦχοι,

2179 1622 2268 1675 καὶ
2302 1617 2389 1674 διὰ
2426 1624 2524 1674 τοῦ
2573 1620 2840 1695 φοσσάτου
2881 1620 3083 1695 γίνεται
3142 1622 3456 1693 προσθήκη.
3520 1620 3621 1675 Καὶ
3677 1618 3830 1697 φέρει

2183 1712 2210 1765 6
2270 1708 2572 1782 λογοθέτης
2624 1708 3091 1785 σεσαγματωμένα
3148 1710 3191 1763 σ⁹
3276 1710 3546 1784 σαγμάρια
3632 1706 3836 1782 ἔχοντα

2184 1796 2449 1872 ἐνδύματα
2498 1799 2548 1854 ἐν
2597 1804 2715 1861 ταῖς
2780 1799 3134 1875 στρατούραες
3185 1798 3482 1853 κὲντουκλα
3542 1799 3677 1870 μετὰ
3727 1819 3837 1852 σω-

2184 1888 2387 1963 καρίων
2442 1890 2818 1967 φορτωμάτων
2849 1892 2983 1960 (54),
3032 1885 3471 1961 κεκαλιγωμένα,
3504 1886 3837 1963 ἐπιφερόμε-

2187 2000 2248 2033 να
2314 1977 2402 2033 καὶ
2462 1976 2729 2042 σε).ιναῖα,
2792 1979 2906 2050 ἅμα
2961 1979 3049 2032 καὶ
3098 1982 3207 2032 τῶν
3265 1977 3602 2047 καπιστρίων
3635 1976 3838 2034 αὐτῶν.

2190 2068 2287 2123 Καὶ
2356 2064 2479 2121 οὐδὲ
2538 2066 2799 2129 ὡσαύτως
2851 2066 3173 2140 ἐπαρκοῦσιν
3242 2065 3321 2127 εἷς
3372 2066 3473 2133 τὴν
3542 2064 3839 2140 βασιλικὴν

2196 2155 2516 2231 ὑπηρεσίαν’
2585 2156 2635 2210 ἐν
2700 2157 2803 2231 γὰρ
2845 2161 2924 2227 τῷ
2989 2160 3163 2229 καιρῷ
3213 2159 3314 2210 τοῦ
3370 2158 3643 2234 poesis-ou
3674 2174 3848 2229 προσ-

2193 2246 2329 2316 ἀπαξ
2361 2243 2599 2301 δίδουσιν
2631 2247 2681 2299 οἱ
2723 2247 3019 2320 στρατηγοί
3056 2243 3317 2319 μωλάρια
3362 2249 3440 2316 τῷ
3476 2244 3693 2321 βασιλεῖ
3750 2244 3845 2299 0’5-

2190 2356 2320 2396 τως’
2354 2337 2382 2390 6
2420 2334 2771 2393 Ἀνατολικὸς
2826 2335 3081 2410 μωλάρια
3132 2338 3205 2411 γ’,
3233 2336 3260 2390 6
3304 2336 3667 2409 Ἀρμενιακὸς
3733 2356 3847 2407 μω-

2195 2424 2357 2497 λάρια
2386 2445 2418 2498 γ
2440 2468 2453 2491 ,
2504 2426 2531 2478 6
2564 2430 2828 2498 Θρᾳκσιος
2894 2422 3150 2497 μωλάρια
3184 2430 3249 2497 γ’,
3301 2424 3328 2477 6
3358 2422 3668 2496 Ὀψικιάνος
3728 2426 3843 2494 (55)

1482 2524 1684 2581 JOAN.
1717 2527 1857 2582 JAC.
1896 2524 2157 2581 REISKII
2191 2523 2773 2581 COMMENTARIUS.

508 2618 621 2689 (47)
654 2616 1062 2686 Intelliguntur
1091 2631 1287 2689 comes
1318 2614 1762 2689 scholariorum,
1787 2616 2082 2671 excubito—

436 2686 1021 2755 rum,'bicanatorum
1064 2695 1119 2742 et
1159 2687 1417 2741 aritbmi.
1453 2686 1639 2755 Κύμης
1676 2693 1864 2755 autem
1908 2688 2080 2741 Leoni

438 2761 493 2815 in
518 2754 766 2816 Tacticis
786 2766 871 2815 est
901 2758 929 2811 6
958 2760 1056 2811 τοῦ
1087 2757 1197 2818 ἑνὸς
1227 2757 1500 2832 τάγματος
1602 2754 1802 2830 βάνδου
1832 2754 2076 2831 ἀφηγού-

485 2850 618 2891 ενος.

441 2853 622 2975 μεῖἷὲ)
654 2902 797 2958 Nolo
829 2917 921 2956 me
950 2901 1011 2956 in
1040 2900 1323 2975 rationem
1369 2901 1555 2955 litrar-
1581 2917 1635 2956 m
1668 2908 1726 2975 et
1750 2900 2082 2975 numisma—

438 2973 561 3029 tum
586 2986 637 3029 et
671 2976 750 3029 rei
784 2976 1125 3028 nummariae
1160 2974 1481 3028 Graecorum
1515 2973 1832 3028 recentium
1865 2973 2080 3027 immit-

441 3052 580 3101 tere.
610 3045 823 3100 Vastus
867 3045 964 3099 ille
1003 3060 1243 3113 campus
1276 3051 1360 3099 est
1387 3052 1443 3099 et
1472 3044 1687 3111 ingenii
1718 3044 1935 3115 otiique
1967 3062 2082 3099 non

444 3119 578 3173 mei.
609 3118 809 3173 Saltim
840 3117 892 3171 id
928 3118 1173 3170 monebo
1216 3120 1439 3186 paucis,
1482 3117 1674 3171 lttram
1719 3118 1845 3171 auri
1890 3117 2081 3171 numi-

438 3196 627 3245 smata
658 3206 759 3243 seu
791 3188 1005 3243 solidos
1055 3204 1260 3242 aureos
1290 3190 1357 3242 74
1389 3190 1771 3243 continuisse.
1822 3188 1964 3243 Nam
2012 3188 2083 3241 74

439 3270 646 3331 quater
685 3262 945 3314 auditum
992 3261 1169 3315 et‘ticit
1208 3260 1331 3315 296.
1365 3259 1606 3328 Reliqua
1644 3276 1781 3331 ergo
1812 3268 1943 3313 sunt
1978 3275 2087 3313 nu-

436 3329 710 3387 mismata
732 3333 823 3397 26,
848 3348 971 3401 quae
1004 3333 1153 3401 quod
1189 3341 1424 3399 qnatuor
1453 3331 1602 3383 litris
1633 3329 1792 3384 deest
1820 3332 1889 3401 ad
1925 3346 2085 3385 com-

436 3404 708 3475 plendum
745 3399 1179 3475 summam-32':
1213 3403 1637 3475 numismatum
1671 3399 1965 3475 supplent.

507 3474 621 3542 (49)
674 3473 951 3526 Recurret
998 3472 1303 3541 aliquoties
1349 3474 1403 3523 in
1446 3472 1549 3525 hoc
1588 3472 1816 3525 Tactico
1868 3472 2083 3527 mentio

432 3544 651 3598 stabuli
693 3543 955 3614 regiiﬂad
985 3542 1300 3614 Malagina.
1327 3542 1613 3614 ‘Memorat
1660 3542 1798 3596 illud
1855 3559 2085 3614 quoque

435 3612 812 3683 Geographus
844 3612 1159 3666 Nubiensis
1196 3631 1247 3679 p.
1280 3612 1405 3666 287.

507 3686 619 3756 (50)
642 3688 783 3751 Ergo
801 3684 920 3751 jam
954 3684 1322 3756 constantini
1351 3690 1407 3740 et
1438 3684 1645 3740 Leonis
1676 3688 1937 3755 tempore
1966 3686 2083 3740 {ue-

432 3764 569 3811 runt
620 3757 864 3810 comites
917 3755 1154 3821 stabuli,
1191 3771 1374 3823 neque
1416 3758 1650 3810 demum
1684 3773 1713 3808 a
1747 3756 1983 3811 Francis
2020 3758 2081 3812 in

431 3828 726 3883 Orientem
751 3843 931 3882 sacra;
952 3825 1174 3881 militis:
1197 3843 1368 3882 causa
1395 3826 1769 3881 tendentibus
1794 3827 2004 3885 invecti
2024 3835 2081 3883 et:

432 3900 501 3955 ad
538 3899 764 3955 Graecos
797 3899 1097 3970 prapagati
1122 3906 1376 3966 tempore
1396 3898 1577 3954 Alexii
1599 3899 1899 3969 Comneni,
1924 3901 2077 3970 quod

431 3970 551 4025 vult
582 3970 751 4025 Goar.
785 3972 853 4025 ad
887 3970 1090 4025 Codin.
1125 3986 1179 4040 p.
1212 3971 1301 4024 24.

503 4043 613 4113 (51)
645 4047 725 4096 lta
755 4058 980 4113 quoque
1014 4040 1227 4097 milites
1267 4040 1585 4097 cauterium
1618 4041 1677 4095 in
1712 4058 1881 4096 manu
1924 4042 2079 4097 acci-

430 4113 685 4184 piebant,
713 4120 767 4169 et
789 4114 859 4168 de
882 4113 1110 4181 Scythis
1145 4113 1403 4168 Romano
1434 4113 1557 4167 solo
1581 4122 1631 4168 et
1656 4114 1711 4167 in
1738 4114 2077 4168 servitutem

432 4188 676 4255 receptis
705 4186 905 4256 scribit
938 4186 1228 4256 Eunapius
1252 4186 1306 4239 in
1333 4184 1816 4256 Excerpt.__Legat.
1843 4186 2074 4241 Haascb.

431 4274 487 4327 p.
525 4252 609 4323 12,
643 4256 699 4308 οἱ
730 4254 939 4309 οἰκέται
976 4254 1231 4328 βασιλικὰ
1263 4252 1563 4328 παράσημα
1592 4252 1830 4328 ἔχοντεςἶ

501 4329 611 4397 (52)
642 4328 735 4381 Sic
784 4325 1029 4383 etl‘erunt
1078 4328 1208 4382 novi
1258 4325 1435 4382 Grieci
1479 4325 1577 4391 pro
1609 4325 1943 4386 σκαπούλας.
1976 4331 2075 4381 Est

428 4397 583 4451 enim
610 4399 752 4467 ipsis
775 4401 832 4452 in
859 4414 1012 4452 more
1036 4403 1285 4468 positum
1310 4417 1341 4449 σ
1362 4398 1583 4454 initiale
1621 4400 1951 4469 abjiciendi,
1976 4399 2072 4454 ubi

429 4469 763 4536 requiritur,
786 4476 843 4523 et
865 4470 957 4523 ubi
984 4486 1099 4523 non
1123 4486 1269 4539 opus
1294 4486 1479 4540 neque
1511 4487 1637 4525 mos
1667 4477 1775 4536 est,
1800 4471 2071 4528 addendi.

427 4541 585 4595 Intra
618 4556 671 4595 ο.
702 4539 809 4593 299
838 4546 928 4593 est
956 4540 1161 4595 κάμνον
1207 4558 1307 4595 nro
1339 4540 1594 4595 σκάμνον.
1634 4547 1797 4595 Anud
1834 4543 2069 4595 Maurie.

459 4548 585 4592 ntra

428 4609 682 4683 Strateg.
719 4612 757 4675 Ι,
782 4613 836 4667 2.
867 4609 1124 4669 χάπλίον.
1173 4609 1483 4683 scapularé,
1531 4609 1790 4679 cucullzo,
1838 4611 2070 4683 ἐπωμίς.

430 4680 661 4757 §imilia
702 4684 989 4752 permulta
1016 4680 1306 4757 habetD'u
1344 4685 1535 4755 Cange
1567 4684 1655 4757 Gl.
1690 4686 1812 4751 Gr.,
1848 4691 1910 4757 ut
1939 4680 2072 4757 »ξαρη

432 4750 568 4823 Θμός
624 4750 723 4824 pro
784 4755 1077 4827 σκαρθμός,
1123 4756 1422 4824 subsullus,
1469 4750 1721 4826 ῖπιθάμη,
1773 4750 2070 4826 δρίεὴαηία,

430 4828 746 4897 καθ-πιοῦσα
830 4843 954 4897 pro_
1006 4830 1372 4897 σκαμπιοῦσα,
1448 4829 1722 4897 scabiosa,
1802 4827 2071 4897 planta»;

432 4892 641 4970 κοῷλκα
672 4912 775 4967 pro
801 4892 1065 4970 σκούλκα,
1099 4892 1379 4963 excubia’;
1410 4892 1724 4952 κουλκεύειν
1749 4892 1851 4970 pro
1874 4892 2073 4952 σκουλᾴ

430 4965 627 5040 κεύειν,
648 4965 941 5030 ε’ίεειιὺανε.
967 4971 1101 5023 item
1125 4972 1421 5040 speculari,
1446 4972 1737 5037 explorare
1749 4965 1850 5026 ’νεδ
1881 4971 2070 5027 hostis.

429 5039 529 5095 Est
558 5046 712 5096 enim
739 5040 934 5110 (idque
966 5039 1302 5095 liceat’mihi
1328 5042 1524 5111 paucis
1547 5046 1603 5097 in
1628 5044 1874 5097 transitu
1898 5045 2073 5097 attin-

425 5114 581 5183 gere)
614 5112 686 5169 ab
716 5112 1009 5183 exculcare
1047 5128 1150 5183 pro
1188 5112 1511 5182 explorare.
1555 5114 1862 5170 Exculcare
1892 5120 1945 5169 et
1978 5130 2073 5169 ex-

428 5182 915 5256 tunderealiquid
943 5184 1251 5239 undeunde
1274 5184 1468 5256 dicunt
1490 5184 1674 5239 Latini
1692 5202 1793 5256 pro
1809 5186 2073 5241 studiosa

427 5254 810 5326 inquisitione
862 5256 1224 5326 comperire;
1265 5254 1713 5325 deprehendere,
1757 5258 2075 5325 proculcare

428 5325 661 5399 quoque
699 5325 969 5399 dicebant
997 5325 1124 5399 pro
1152 5342 1515 5396 prmrrere,
1548 5327 1712 5399 prius
1754 5327 2070 5399 explorare,

428 5394 641 5473 ᾦάλξια
683 5398 888 5451 dicunt
914 5394 1060 5473 novi
1095 5394 1272 5473 Graeci
1317 5394 1707 5473 ρτονσφάλςια,
1740 5405 1796 5453 et
1829 5394 1936 5452 hoc
1970 5394 2072 5473 pro

425 5465 1003 5544 §qpilecz,_securilqs
1023 5487 1043 5531 ,'
1074 5465 1355 5544 φαλιᾴζειν
1395 5472 1450 5544 et
1489 5465 1729 5544 {palmam
1754 5485 1865 5544 pro
1898 5465 2070 5540 σφαλ-

420 5526 615 5609 λίζειν,
647 5526 894 5612 aliquem
926 5526 1188 5611 άεείρὲνε,
1223 5526 1408 5612 facere
1438 5526 1572 5604 labi,
1599 5526 1655 5612 in
1680 5526 1953 5612 sphalma'
1980 5544 2069 5596 in-

420 5606 667 5680 ἀιιέρικὲη
700 5606 1015 5665 κονδάπτειν
1042 5606 1166 5683 ’ργο
1217 5607 1565 5665 σκανδάπτειν
1611 5606 1781 5667 habet
1829 5612 2071 5669 Malalas

424 5703 476 5754 p.
510 5687 634 5755 410,
675 5700 964 5747 coniuere,
1000 5685 1093 5739 ubi
1138 5686 1424 5755 interpres
1466 5684 1674 5755 fatetur
1705 5686 1775 5739 de
1804 5685 1955 5739 verbi
1982 5686 2071 5755 si-

422 5748 795 5828 gnificatione
838 5756 947 5812 sibi
979 5773 1093 5813 non
1127 5748 1395 5813 constare
1427 5772 1442 5821 ;
1473 5748 1657 5809 τοϐίον
1699 5773 1800 5828 pro
1850 5750 2065 5825 στοίϐη,

618 4556 671 4609 ρ.
702 4539 809 4593 299
838 4546 928 4593 est
956 4534 1173 4612 κάμνον
1207 4558 1307 4611 pro
1339 4534 1594 4612 σκάμνον.
1634 4534 1797 4610 Apud
1834 4543 2069 4612 Maurirc.
2104 4534 2149 4599 D

2189 2621 2514 2687 tomentum,
2529 2611 2787 2686 θιτρέλος
2805 2619 2978 2685 atque
2994 2611 3227 2686 τρέλΛος
3243 2631 3344 2686 pro
3360 2608 3843 2687 στρεϐλόςεηιςηιε

2191 2691 2386 2751 motus,
2420 2682 2674 2758 insanus,
2703 2704 2859 2742 nova:
2885 2682 3207 2741 'Grzecitatis
3235 2682 3321 2758 est
3346 2706 3360 2753 ;
3390 2682 3525 2741 item
3559 2682 3842 2758 χαλεῦειν,

2191 2774 2293 2828 pro
2334 2755 2655 2831 σκαλεύεινν
2704 2758 2968 2826 fodicare,
3003 2764 3062 2831 et
3102 2756 3360 2831 χαράκειν
3396 2774 3499 2831 pro
3550 2755 3844 2830 σχαρεὶκειν

2191 2834 2292 2883 aut
2322 2828 2622 2900 σκαράκειν,
2664 2831 2830 2895 oriri”,
2864 2831 2934 2884 de
2972 2828 3411 2886 solererbum'
3447 2830 3555 2885 hoc
3584 2828 3667 2883 est
3702 2835 3848 2883 Ara-

2191 2900 2383 2954 bicum
2417 2902 2673 2967 Scharac,
2708 2904 2861 2955 unde
2894 2901 3181 2965 Saraceni,
3210 2903 3265 2955 id
3298 2908 3389 2956 est
3419 2900 3614 2972 poyuli
3644 2901 3845 2955 orien-

2191 2972 2355 3026 tales.
2388 2973 2574 3027 Etiam
2610 2974 2666 3026 in
2692 2974 2891 3043 medio
2924 2989 3076 3043 stepe
3109 2974 3297 3037 sigma
3325 2976 3607 3027 omittunt
3640 2972 3696 3025 hi
3732 2972 3849 3043 ho-

2194 3046 2402 3120 mines,
2452 3051 2514 3099 ut
2566 3042 2845 3120 (parilitas
2878 3060 2980 3116 pro
3016 3042 3364 3120 'paaxcbltov,
3408 3046 3517 3098 nisi
3557 3061 3603 3120 Δεξ,
3654 3042 3847 3120 faciali

2195 3115 2455 3187 derivare
2500 3114 2690 3171 malis.
2725 3114 2964 3170 Addunt
3001 3114 3204 3171 centra
3242 3118 3434 3187 sigma
3475 3114 3749 3178 redicule,
3788 3121 3851 3169 ut

2197 3184 2471 3256 pleraque
2509 3204 2708 3243 eorum
2750 3188 3019 3242 instituta
3049 3197 3207 3251 sunt,
3244 3184 3341 3241 ubi
3375 3204 3485 3241 non
3519 3186 3845 3255 oportebat.

2196 3258 2285 3310 Sic
2335 3256 2592 3335 σκαρφξον
2634 3262 2855 3335 dicunt,
2886 3276 3023 3322 sors,
3066 3260 3296 3335 proprie
3335 3256 3580 3335 καρφίον,
3611 3262 3845 3335 festam,

2192 3344 2309 3401 qua
2339 3324 2771 3396 sortiebantur;
2803 3333 2937 3385 item
2971 3324 3234 3395 σκνωθές,
3262 3324 3477 3394 urticis,
3512 3324 3618 3401 pro
3642 3324 3841 3383 xvlSaz.

2192 3398 2367 3454 Moris
2400 3404 2571 3472 hujus
2594 3421 2623 3453 σ
2648 3402 2871 3456 initiale
2899 3406 3199 3457 omittendi
3225 3404 3467 3472 vestigia
3488 3398 3659 3455 etiam
3687 3402 3844 3469 apud

2189 3473 2460 3552 antiquos
2486 3476 2726 3552 reperio.
2744 3473 3194 3552 Glossaaypooic,
3209 3473 3266 3532 ὗς
3284 3476 3499 3552 habent
3514 3489 3614 3552 pro
3635 3475 3838 3552 scrofa.

2189 3539 2477 3616 Vidi—quas
2524 3539 2897 3600 Grammatici
2940 3539 3022 3600 ad'
3058 3539 3842 3616 Ᾰτὶέῐορὴοηκκίνδαψοςρι

2191 3610 2885 3692 exlvaa‘qrocannotarunt.
2922 3610 3551 3692 Hesychius'cpatpiBBev
3588 3610 3840 3671 Laconi-

2190 3684 2533 3765 δυβ-επίὲεμὲι
2564 3705 2663 3765 ere
2694 3686 3013 3765 σφαιρίςςειν·

2266 3760 2380 3830 (53)
2402 3758 2530 3814 Vid.
2556 3758 2690 3813 finis
2714 3758 3065 3829 p'raet'ationis
3089 3762 3156 3815 ad
3182 3765 3404 3815 tomum
3431 3758 3713 3829 primum,
3732 3758 3840 3814 ubi

2186 3834 2303 3888 dixi
2345 3833 2580 3885 verbum
2624 3830 2732 3903 hoc
2771 3832 3098 3903 signiﬁcare
3135 3833 3387 3903 ﬁbulure.
3431 3830 3619 3885 Dedici
3662 3830 3839 3903 hoge

2186 3903 2439 3972 Polybio,
2486 3904 2583 3973 qui
2632 3902 2668 3957 Ι.
2719 3920 2793 3967 Vl,
2933 3904 3056 3971 469,
3099 3894 3190 3958 ed.
3234 3902 3430 3959 Wech.
3483 3917 3627 3973 voce
3670 3894 3835 3959 λαϐἱς

2186 3966 2389 4041 utitur,
2426 3966 2557 4044 qua:
2588 3973 2666 4027 ibi
2698 3966 2871 4043 Ῑὶὺυιξι
2902 3966 3167 4030 redditur
3199 3999 3213 4039 ;
3244 3978 3469 4033 πυκναῖς
3502 3966 3688 4025 λαῦίσι
3732 3992 3835 4025 κα-

2180 4049 2503 4119 ταπερονᾷν,
2542 4046 2750 4119 creerts
2796 4046 2985 4119 ﬁbulis
3029 4048 3318 4117 conﬁgere,
3363 4046 3427 4119 id,
3470 4050 3558 4100 est
3604 4045 3837 4119 acubus

2184 4116 2778 4191 apprehendentibus,
2810 4116 3235 4189 arripientibus
3275 4116 3837 4186 continentibusque

2183 4190 2469 4255 immissa,
2501 4190 2884 4244 occurrentia.

2253 4262 2367 4332 (54)
2414 4261 2579 4316 Forte
2630 4260 2910 4334 leg._ps:&
2945 4258 3241 4334 νσωκαρίων
3288 4256 3376 4313 καὶ
3428 4256 3832 4334 φορτωμάτων.

2181 4331 2331 4389 Sunt
2379 4338 2573 4387 autem
2625 4331 2866 4404 σωκάρια
2911 4331 3279 4405 funes,'forte
3311 4348 3344 4385 a
3379 4331 3832 4405 aob._congreg_o,

2179 4406 2374 4472 colligo
2424 4408 2481 4457 in
2536 4419 2712 4457 unam
2764 4400 3036 4468 massam,
3087 4400 3379 4467 Contineo,
3421 4402 3573 4456 unde
3628 4400 3830 4472 σωρός,

2178 4492 2423 4539 acervus,
2456 4492 2509 4527 v.
2547 4474 2626 4529 Du
2660 4473 2773 4529 Can
2822 4493 2851 4529 e
2885 4476 2974 4531 Gl.
3009 4476 3103 4530 Gr.
3137 4475 3197 4529 h.
3230 4491 3281 4529 v.
3315 4479 3371 4528 et
3401 4490 3452 4527 v.
3486 4472 3713 4537 Σόκκος,
3745 4476 3832 4526 sic

2180 4551 2333 4603 enim
2369 4546 2640 4600 scribitur
2671 4547 2725 4599 in
2768 4492 3160 4603 glvmuiodori
3196 4547 3318 4601 loco
3349 4544 3498 4603 apud
3537 4545 3828 4603 Photium,

2180 4551 2333 4603 enim
2369 4546 2640 4619 scribitur
2671 4547 2725 4599 in
2768 4544 3160 4619 Oilympiodori
3196 4547 3318 4601 loco
3349 4544 3498 4612 apud
3537 4545 3828 4619 Photium,

2186 4620 2398 4674 ibidem
2435 4618 2629 4683 citato,
2664 4619 2763 4688 qui
2795 4614 3198 4673 Chilmeadum
3232 4633 3344 4671 non
3380 4616 3652 4685 praeterit,
3686 4614 3830 4686 quin

2183 4706 2312 4746 eum
2346 4690 2491 4744 scite
2521 4698 2791 4759 recteque
2819 4690 2888 4744 ad
2924 4688 3104 4745 Malal.
3139 4696 3180 4744 t.
3208 4689 3278 4754 ll,
3307 4706 3358 4755 p.
3382 4688 3473 4741 68.
3498 4691 3829 4759 exponeret.

2256 4761 2367 4832 (55)
2392 4760 2533 4815 Asiae
2556 4756 2801 4815 minoris
2826 4760 3115 4816 nonnulla:
3143 4760 3446 4829 provinciae
3466 4756 3829 4832 temporibus

2184 4830 2432 4888 labentis
2464 4832 2690 4903 imperii
2726 4832 2965 4887 Romani
2999 4832 3307 4903 mutabant
3335 4835 3557 4885 vetusta
3589 4830 3833 4903 nomina

2184 4905 2371 4973 novis,
2404 4901 2631 4974 quae'ab
2664 4902 2779 4957 illis
2830 4903 3051 4958 militiai
3100 4902 3409 4973 generibus
3460 4901 3829 4972 petebantur,

2184 4992 2330 5046 quae,
2365 4976 2643 5030 missione
2696 4977 3022 5043 impetrata,
3057 4991 3158 5045 pro
3210 4974 3445 5046 praemio
3495 4978 3828 5046 exactorum

2184 5044 2603 5117 stipendiorum
2654 5046 2711 5101 in
2768 5046 2884 5100 illis
2937 5044 3246 5115 provinciis
3290 5044 3725 5117 collocabantur
3774 5048 3831 5097 et

2186 5115 2383 5173 fundis
2415 5117 2768 5172 militaribus
2809 5118 3193 5172 donabantur.
3228 5115 3399 5173 Tales
3429 5120 3594 5170 erant
3628 5118 3828 5170 thema

2183 5189 2885 5262 bucellariorumLthema
2923 5189 3267 5262 Optimatum
3298 5187 3575 5262 etAthema
3621 5185 3831 5242 obsicii
3878 5193 3889 5202 ‘

2182 5260 2268 5331 vel
2318 5261 2603 5327 obsequii.
2640 5260 2733 5315 Est
2775 5258 2977 5329 thema,
3018 5258 3176 5331 θέμα,
3209 5259 3528 5331 districtus,
3566 5260 3621 5312 in
3654 5274 3830 5329 quem

2182 5330 2514 5401 ἀπετίθεντο,
2537 5333 2977 5401 deponebantur
3006 5329 3239 5397 milites,
3265 5330 3363 5401 qui
3386 5329 3445 5385 iu
3479 5331 3706 5393 castris,
3731 5334 3835 5401 aut

2183 5404 2238 5475 in
2276 5404 2418 5475 urbe
2451 5398 2725 5475 regia-vel
2752 5404 3105 5475 praetorianis
3132 5418 3244 5459 non
3273 5398 3603 5475 militarent.
3633 5398 3834 5455 Bucol-

2181 5473 2311 5529 larii
2345 5472 2651 5546 erantIqui
2677 5472 2991 5530 buccellam
3017 5491 3119 5529 seu
3146 5490 3353 5545 panem
3378 5472 3706 5546 biseoctum
3727 5475 3831 5546 aut

2183 5547 2438 5618 facerent
2462 5559 2553 5602 aut
2570 5540 2924 5618 acciperent.
2953 5540 3277 5615 Optimates
3299 5543 3655 5618 erantjnitio
3677 5540 3829 5596 dele-

2180 5617 2343 5691 ctiet
2372 5621 2551 5691 Optati
2593 5615 2798 5673 milites
2831 5621 2901 5673 de
2929 5618 3134 5691 Gothis
3168 5617 3432 5691 captivis.
3466 5615 3545 5670 De
3577 5624 3825 5691 utroque

2183 5684 2631 5756 militiae'genere
2648 5707 2753 5745 suo
2771 5691 3041 5745 locodixi.
3059 5684 3279 5745 Thema
3299 5688 3532 5743 tandem
3552 5684 3823 5757 obsequii

2182 5762 2322 5816 mihi
2356 5762 2586 5817 videtur
2614 5761 2709 5817 illa
2742 5762 3036 5833 provincia
3066 5763 3268 5829 fuisse,
3290 5760 3348 5817 in
3373 5774 3546 5831 quam
3570 5759 3822 5829 depone-
