4090 6216
426 278 543 343 863

1488 284 2004 344 CONSTANTINI
2045 282 2745 345 PORPHYROGENITI

3708 292 3832 351 864

424 411 655 468 tandem
706 410 1032 481 equisillis,
1083 413 1178 483 qui
1224 412 1449 470 muneri
1499 414 1729 469 dantur.
1781 415 1965 471 Etiam
2014 433 2048 471 a

2178 420 2256 484 τῆς
2287 408 2591 483 κακάὸεως,
2624 414 2691 483 ἠν
2731 409 3005 487 λαμϐάνει
3045 416 3150 471 ἀπὸ
3183 418 3278 470 τοῦ
3307 416 3479 473 αὐτοῦ
3534 419 3832 494 βασιλικοῦ

421 498 653 555 cellario
684 499 851 569 regias
882 500 1173 569 apotheca:
1205 502 1414 558 stabuli
1448 504 1629 557 sumit
1678 504 1781 559 150
1812 506 2051 575 tagistra

2161 502 2496 578 βεστιαρίου,
2530 501 2743 576 ὀφείλει
2773 508 2970 576 καμεῖν
3004 502 3272 578 σωκάρια,

416 592 538 658 [seu
567 604 763 644 saccos
797 590 1413 664 pabulatorios,quales
1435 610 1717 665 equorum
1741 596 2034 666 capitibus
2067 594 2490 667 alligantur,]et
2511 596 2667 650 coria
2694 612 2797 667 pro
2820 596 3198 652 conficiendis
3221 597 3359 652 inde
3397 598 3685 669 capistris
3708 603 3830 669 180,

409 681 469 732 et
486 674 1020 750 hexacanthela[seu
1038 683 1371 752 repositoria
1385 687 1611 738 scortea
1625 682 1853 754 singula
1873 700 2045 739 senas
2057 685 2368 755 amphoras
2384 692 2635 739 scorteas
2653 684 2815 738 intus
2832 683 3258 755 habentia],pro
3272 686 3479 742 cedrea
3500 686 3593 742 vel
3612 691 3724 759 god
3736 708 3821 746 ro-

413 765 515 822 nio
537 764 617 819 ibi
648 768 974 837 condendo;
992 776 1048 826 et
1076 781 1231 828 utres
1250 790 1352 844 pro
1370 774 1501 827 vino
1518 778 1575 828 et
1599 779 1758 829 aceto
1789 776 1858 829 ad
1882 775 2239 830 curationem
2255 775 3072 845 acgrotantiumjumentorum
3090 774 3444 832 adhibendo.
3464 779 3827 853 Axinorygia

407 869 643 926 quoque
672 859 993 926 comparari
1026 860 1234 916 debent
1264 878 1358 916 seu
1388 876 1620 917 secures
1652 864 1937 918 caedendis
1970 864 2185 934 pariter
2205 861 2377 932 lignis
2408 868 2466 919 et
2498 862 2785 919 fodiendae
2806 869 2973 919 terrae
3003 869 3149 935 aptas
3175 882 3189 932 ;
3214 866 3349 920 item
3374 866 3710 938 platyliscia
3729 886 3832 927 seu

401 941 556 1019 palea
588 943 772 1013 planae
804 946 933 1001 latas
962 948 1032 1001 ad
1064 951 1435 1005 averrendam
1469 956 1723 1021 egestam
1755 956 2055 1016 terram,et
2083 950 2331 1023 scaphas
2362 951 2450 1005 vel
2485 950 2672 1007 bottas
2705 952 2980 1008 robustas
3014 952 3087 1007 ad
3117 954 3481 1009 efferendum
3516 954 3577 1010 in
3612 955 3690 1012 iis
3713 974 3835 1014 cm-

404 1047 553 1091 num
587 1050 618 1089 e
649 1035 839 1104 puteis
860 1039 1331 1107 egestum.Debet
1361 1056 1593 1111 quoque
1622 1056 1651 1095 e
1683 1040 1838 1112 regio
1871 1040 2117 1097 vestiaro
2146 1040 2578 1111 quinquaginta
2606 1040 2784 1095 libras
2816 1041 2952 1095 ferri
2979 1057 3213 1097 sumere
3245 1058 3348 1113 pro
3373 1044 3661 1113 parandis
3686 1047 3829 1103 inde

401 1123 582 1183 soleis
612 1126 857 1196 equinis,
889 1129 1026 1184 item
1059 1129 1277 1202 lupatis
1309 1131 1621 1187 levioribus
1650 1138 1882 1187 centum
1912 1129 2363 1202 quinquaginta.
2400 1129 2578 1186 Debet
2609 1147 2842 1202 quoque
2872 1132 3017 1201 lora,
3049 1147 3177 1202 qua
3217 1132 3485 1187 maxillas
3533 1150 3832 1206 equorum

406 1213 836 1286 substringant,
870 1226 922 1272 et
954 1219 1253 1287 capitzalia
1283 1222 1409 1295 [seu
1439 1220 1561 1275 lora
1611 1220 1826 1276 frontes
1856 1235 2051 1276 eorum
2102 1218 2456 1291 ambientia]
2486 1220 2780 1291 simplicia
2807 1219 2885 1291 [id
2928 1225 3037 1288 est,
3072 1220 3131 1275 in
3163 1219 3385 1291 quibus
3428 1221 3654 1278 ferrum
3708 1240 3832 1280 non

406 1303 505 1378 sit]
538 1320 567 1360 e
598 1307 769 1364 coriis
795 1309 1029 1364 confieri
1061 1326 1282 1369 curare.
1317 1313 1359 1367 E
1408 1310 1654 1367 cannabi
1693 1316 1911 1379 autem,
1943 1325 2123 1381 quam
2156 1307 2367 1380 accipit
2397 1324 2428 1364 ο
2470 1310 2743 1366 vestiario
2794 1310 2973 1382 regio,
3020 1310 3193 1366 debet
3245 1327 3473 1380 curare,
3527 1317 3593 1369 ut
3639 1318 3832 1371 restes

408 1397 569 1452 ﬁant

553 1489 732 1556 Regia
760 1489 1067 1559 hypurgiar,
1106 1491 1163 1545 id
1191 1497 1273 1547 est
1301 1491 1631 1558 ministerio,
1664 1490 1808 1560 quod
1839 1491 1912 1545 ad

666 1575 912 1615 mensam
941 1563 1242 1629 ministrat,
1278 1566 1626 1633 imputantur
1655 1562 1791 1619 haec.

486 1646 794 1703 Preiectus
843 1664 1080 1715 mensae,
1141 1655 1196 1705 et
1226 1649 1571 1706 domesticus
1620 1649 1947 1715 ministerii,
2000 1656 2053 1705 et

416 1734 732 1806 peculiaris
764 1736 959 1807 regius
1000 1737 1289 1806 cellarius,
1324 1742 1599 1809 praestant
1628 1739 1913 1810 sagmaria
1960 1738 2052 1808 ju-

417 1832 611 1879 menta
650 1824 773 1895 [seu
808 1825 1017 1898 mulos]
1066 1829 1379 1899 octoginta,
1415 1832 1745 1899 portaturas
1793 1826 2057 1883 ministe-

416 1911 568 1967 rium
621 1912 881 1969 culinare
926 1917 1150 1985 regium
1184 1927 1236 1974 et
1270 1923 1603 1990 argenteam
1636 1917 1803 1989 regia
1847 1933 2055 1972 mensis

416 2000 1177 2076 supellectilem.Accipiunt
1199 2012 1392 2063 autem
1426 2006 1726 2077 praefectus
1759 2022 1968 2062 mense
2000 2010 2057 2062 et

417 2090 774 2147 domesticus
824 2093 1132 2149 ministerii
1172 2105 1383 2151 certam
1435 2098 1749 2167 quamdam
1802 2094 2055 2166 pecuniae

418 2194 712 2237 summam
744 2183 814 2238 ab
845 2182 993 2238 idico
1017 2186 1085 2239 ad
1116 2202 1393 2257 expensas
1425 2185 1803 2253 faciendas,et
1824 2184 2057 2256 quidem

419 2270 654 2325 nomine
691 2287 1073 2343 expensarum
1120 2275 1177 2330 in
1221 2275 1586 2332 condituram
1628 2276 1910 2330 ciborum.
1960 2274 2058 2328 Vi—

420 2374 560 2413 num
593 2360 1385 2432 dominicum,magistrorum
1419 2369 1476 2419 et
1516 2365 1877 2433 patriciorum
1911 2380 2054 2436 pras-

418 2454 533 2503 slat
566 2450 1055 2517 apothecarius,et
1078 2453 1390 2508 dominicis
1418 2454 1650 2523 quidem
1674 2456 2060 2524 praestatqua-

420 2536 686 2607 draginta
716 2543 842 2591 octo
877 2555 1194 2607 mensuras,
1216 2542 1438 2597 scilicet
1474 2548 1604 2598 octo
1636 2542 1793 2612 paria
1822 2541 2060 2612 legens-

415 2639 569 2686 rum,
603 2640 849 2695 quarum
890 2627 1128 2698 singula:
1159 2635 1353 2684 ternas
1387 2646 1692 2686 mensuras
1740 2629 2054 2685 continent.

420 2712 573 2768 268
606 2714 894 2785 Magistris
920 2723 1113 2771 autem
1146 2723 1202 2773 et
1224 2718 1483 2790 patriciis
1508 2723 1743 2790 praestat
1774 2718 1931 2789 paria
1961 2718 2058 2774 de-

419 2817 545 2857 cem
582 2804 1075 2875 utrium,quorum
1111 2807 1326 2880 singuli
1359 2808 1571 2879 quinas
1604 2824 1905 2863 mensuras
1927 2824 2060 2862 con-

418 2890 628 2947 tinent.
665 2893 979 2950 Scortzidia
1028 2902 1127 2951 aut
1171 2903 1423 2954 scorteos
1472 2898 1749 2953 utriculos
1791 2914 1889 2969 pro
1934 2897 2057 2952 oleo

419 2981 712 3038 dominico
761 2986 1060 3041 condendo
1112 2987 1425 3058 ipsumque
1458 2987 1649 3043 oleum
1688 2994 1744 3043 et
1793 2987 2058 3059 phaselos

2522 1485 2618 1539 Διὰ
2658 1490 2758 1554 τῆς
2801 1483 3093 1561 βασιλικῆς
3126 1484 3459 1562 ὑπουμγίας.

2235 1644 2297 1700 Ὁ
2342 1641 2429 1698 ἐπὶ
2476 1649 2576 1712 τῆς
2628 1645 2903 1719 τραπέζης
2933 1645 3025 1700 καὶ
3057 1644 3084 1700 6
3116 1641 3445 1718 δομέστικος
3483 1652 3587 1717 τῆς
3622 1648 3840 1726 ὑπουρ-

2161 1729 2424 1807 γίαςέκαὶ
2482 1733 2510 1786 6
2569 1732 2841 1795 οἰκειακὸς
2876 1731 3163 1808 βασιλικὸς
3215 1731 3512 1808 κελλάριος
3546 1737 3841 1813 σαγμάρια

2163 1822 2215 1875 π’
2246 1821 2314 1875 τὰ
2374 1819 2649 1893 μέλλοντα
2707 1822 2989 1895 βαστάζειν
3047 1823 3145 1891 τήν
3192 1820 3490 1897 βασιλικὴν
3523 1824 3834 1902 ὑπουργίαν

2161 1909 2251 1966 καὶ
2290 1910 2352 1965 τὸ
2403 1908 2639 1982 ἀσήμιον
2671 1912 2927 1984 (74)λτῆς
2991 1910 3283 1987 βασιλιγῆς
3336 1918 3640 1987 τραπέζης.
3677 1923 3842 1990 Λαμ-

2166 1995 2393 2055 ϐάνουσι
2443 1997 2558 2054 8ὲὸ
2613 2006 2713 2069 τῆς
2772 1999 3047 2074 τραπέζης
3106 2001 3198 2055 καὶ
3260 2002 3288 2057 6
3348 1998 3687 2075 δομέστικος
3733 2013 3837 2077 τῆς

2167 2088 2466 2165 ὑπουργίας
2499 2087 2761 2165 λογάριον
2795 2089 2902 2144 ἀπὸ
2939 2094 3038 2144 τοῦ
3078 2086 3286 2146 εἰδικοῦ
3316 2092 3394 2153 εἰς
3425 2088 3612 2162 ἔξοδον
3681 2092 3841 2170 λόγῳ

2162 2177 2438 2255 ἀρτυσίας.
2496 2176 2718 2253 Οἰνάριν
2778 2175 3127 2248 δεσποτικὸν,
3190 2178 3507 2255 μαγίστρων
3569 2182 3666 2237 καὶ
3726 2204 3836 2239 πα-

2163 2262 2387 2338 τρικίων
2446 2268 2682 2339 χορηγεῖ
2747 2264 2775 2317 6
2834 2264 3233 2338 ἀποθηκάριος’
3265 2265 3329 2319 τὸ
3389 2267 3486 2338 μὲν
3536 2266 3840 2343 βασιλικὸν

2167 2353 2261 2427 μη¹
2305 2352 2493 2429 μέτρα,
2554 2349 2926 2429 ζυγοφλάσκια
2978 2355 3098 2424 (75)
3152 2360 3481 2430 τριμετραῖα
3529 2358 3693 2430 ζυγεὶς
3758 2359 3837 2428 ηπ

2164 2440 2254 2496 καὶ
2289 2440 2419 2516 ὑπὲρ
2447 2445 2556 2495 τῶν
2608 2441 2941 2516 μαγίστριων
2998 2442 3088 2496 καὶ
3147 2443 3452 2517 πατρικίων
3503 2443 3657 2498 ὰσκία
3688 2466 3827 2500 πεν-

2163 2538 2467 2607 ταμετραῖα
2497 2532 2657 2607 ζυγὰς
2690 2533 2743 2589 ι’.
2773 2530 3103 2608 Σκορτζίδια
3164 2534 3319 2611 λόγῳ
3355 2538 3456 2589 τοῦ
3496 2531 3827 2592 δεσποτικοῦ

2165 2621 2375 2691 ἐλαίου,
2418 2621 2708 2696 φασούλιν,
2766 2622 2958 2696 ὀμὺζιν
3000 2623 3273 2691 πιστάκιν,
3317 2622 3662 2701 ἀμύγδαλον,
3721 2647 3829 2704 φα-

2164 2713 2265 2780 κὴν
2296 2716 2563 2787 παρεῖχον
2617 2710 2790 2766 πάλαι
2844 2712 2910 2767 τὰ
2966 2710 3062 2768 δύο
3122 2714 3549 2788 κουρατωρίκια,
3613 2717 3835 2789 ὁμοίως

2164 2800 2256 2857 καὶ
2285 2800 2348 2855 τὸ
2392 2795 2599 2857 ἔλαιον
2632 2801 2696 2855 τὰ
2755 2799 2810 2856 δὲ
2842 2802 3015 2858 λοιπὰ
3069 2804 3346 2877 βρώσιμα,
3378 2800 3549 2879 ἤγουν
3584 2803 3828 2879 λαρδὴν,

2164 2889 2415 2960 ἀπόκτιν,
2491 2889 2664 2963 τυρὶν,
2728 2890 2927 2965 ὀψάρια
2993 2892 3191 2963 «una,
3250 2893 3480 2959 σωακτὰ,
3568 2889 3828 2967 πρόϐατα

2167 2977 2275 3033 ὅπα
2289 2997 2386 3053 ρνα
2417 2981 2550 3052 (76),
2592 2976 2855 3057 ἀγελάδια
2903 2975 3200 3057 ὑπὸμοσχα
3228 2981 3318 3035 καὶ
3367 2981 3508 3035 οἶνον
3542 2980 3830 3059 ἐγχώριον

420 3079 518 3126 aut
546 3071 728 3137 fabas,
761 3078 815 3128 et
857 3092 1084 3142 oryzam
1118 3083 1174 3131 et
1213 3078 1504 3149 pistachia
1553 3082 1607 3133 et
1650 3076 1959 3149 amygdala
2005 3081 2062 3131 et

2178 3073 2506 3146 χορηγοῦσιν
2562 3070 2615 3123 oi
2671 3070 3129 3143 πρωτονοτάριοι.
3190 3068 3535 3146 Βερτζίτικον
3600 3074 3717 3146 (77)
3768 3070 3827 3127 δὲ

308 3156 319 3165 “
412 3157 599 3216 lentes
632 3163 983 3233 praestabant
1026 3165 1162 3221 olim
1212 3166 1396 3222 ambae
1438 3166 1763 3221 curatoriaa.
1816 3164 2058 3235 Reliqua

414 3264 548 3305 vero
579 3251 867 3319 edulia,ut
898 3253 1409 3326 lardum,adipem,
1434 3253 2060 3321 caseum,sa|samenta

421 3355 523 3394 seu
584 3342 769 3408 pisces
826 3342 1011 3396 muria
1067 3344 1353 3412 conditos,
1418 3343 1690 3413 capellas,
1742 3358 1874 3397 oves
1933 3357 2058 3411 quas

424 3442 629 3498 agnos,
662 3435 719 3482 et
758 3445 963 3484 vaccas
994 3448 1120 3501 qua:
1148 3431 1359 3487 vitulos
1393 3433 1621 3498 lactanl,
1654 3437 1712 3486 et
1742 3431 1941 3486 vinum
1972 3430 2064 3485 in-

422 3516 697 3584 digenum
733 3525 1008 3588 praestant
1040 3520 1435 3592 protonotarii.
1470 3521 1840 3577 Bertziticum
1873 3525 2063 3575 autem

422 3604 540 3662 sive
571 3606 995 3663 salsamentum
1032 3609 1207 3680 piscis
1257 3609 1457 3665 Oxiani
1491 3614 1548 3665 et
1587 3625 1833 3666 neurum
1888 3608 2064 3682 [quod

420 3694 597 3751 etiam
630 3695 1046 3752 salsamentum
1072 3698 1388 3769 piscarium
1421 3698 1649 3754 videtur
1678 3698 2070 3772 esse],debent

422 3785 730 3856 prafectus
763 3802 978 3842 mensis
1009 3793 1065 3843 et
1093 3788 1450 3843 domesticus
1501 3789 1793 3861 hypurgiis
1823 3804 1924 3844 seu
1959 3787 2071 3842 mi-

427 3874 650 3931 nisterii
683 3877 1188 3933 emere.Arithmia
1210 3879 1441 3935 tandem
1476 3878 1644 3951 [forte
1667 3879 1839 3951 piscis
1860 3876 2067 3949 genus]

425 3968 480 4021 et
513 3965 698 4035 pisces
730 3965 1014 4039 Cyprinos
1047 3968 1217 4023 debet
1250 3985 1463 4024 mensis
1495 3969 1797 4039 praefectus
1828 3984 1862 4023 a
1896 3967 2072 4039 regiis

423 4054 731 4111 curatoriis
782 4061 994 4124 petere.
1042 4056 1264 4112 Interea
1303 4058 1444 4112 dum
1496 4057 1721 4128 regium
1772 4057 2074 4112 servitium

422 4159 525 4200 seu
559 4150 873 4216 apparatus
905 4145 1180 4201 culinaria
1212 4147 2071 4217 consumitur,debet,ubicun-

2167 3159 2255 3213 καὶ
2314 3162 2498 3232 νεῦρον
2558 3157 2764 3235 ὀφείλει
2824 3157 3113 3234 ἀγοράζειν
3163 3161 3192 3214 6
3252 3158 3341 3215 ἐπὶ
3390 3167 3492 3229 τῆς
3543 3160 3827 3235 τραπέζης

2166 3247 2258 3302 καὶ
2306 3247 2334 3301 6
2394 3243 2715 3319 δτμέστικος
2758 3248 2857 3312 τῆς
2913 3245 3233 3325 ὑπουργίας·
3293 3248 3560 3322 Ἀρίθμια
3615 3246 3678 3305 δὲ
3736 3252 3829 3305 καὶ

2168 3335 2467 3410 κμπρίνους
2501 3335 2708 3413 ὀφείλει
2742 3334 2889 3416 ἔχειν
2942 3337 3048 3393 ἀπὸ
3104 3341 3213 3392 τῶν
3263 3335 3569 3413 βασιλικῶν
3625 3360 3829 3413 κουραο

2167 3430 2432 3500 τωρειῶν.
2468 3426 2565 3480 Καὶ
2596 3424 2649 3481 ἐν
2683 3428 2729 3499 ᾦ
2785 3426 3082 3483 δαπανᾶται
3122 3430 3156 3497 ἡ
3220 3426 3481 3503 βασιλικὴ
3527 3428 3828 3505 ὑπουργία,

2171 3514 2311 3569 ὅπου
2341 3515 2471 3591 εὕρῃ
2520 3515 2690 3572 καλόν
2750 3517 2892 3573 οἶνον
2950 3519 3038 3573 καὶ
3092 3516 3278 3573 ἔλαιον
3308 3517 3398 3572 καὶ
3456 3511 3684 3592 ὄσπρια,
3738 3516 3836 3574 ’ίνα

2172 3598 2463 3660 ἐπιϐάλλει
2515 3605 2568 3660 έν
2618 3612 2735 3669 τοῖς
2783 3606 3030 3683 ἀγγείοις
3095 3606 3283 3673 αὑτοῦ,
3316 3608 3407 3662 καὶ
3467 3608 3568 3661 ὅσα
3610 3606 3831 3678 ξενάλια

2174 3693 2395 3771 φέρουσί
2444 3716 2586 3758 τινες
2644 3701 2724 3768 τῷ
2757 3697 2973 3773 βασιλεῖ
3000 3697 3068 3751 τά
3124 3698 3220 3770 μὲν
3265 3697 3524 3772 βρώσιμα
3555 3693 3831 3772 λαμϐάνει

2177 3783 2204 3837 6
2227 3781 2314 3839 ἐπὶ
2344 3790 2442 3854 τῆς
2498 3788 2771 3859 τραπέζης
2802 3785 2893 3841 καὶ
2925 3787 2952 3841 6
3008 3784 3331 3859 δομέστικος
3370 3792 3471 3855 τῆς
3523 3788 3833 3863 ὑπουργίας

2175 3874 2265 3928 καὶ
2297 3874 2325 3928 6
2366 3874 2634 3930 οἱκειακὸς
2663 3878 2753 3931 καὶ
2825 3874 3109 3951 βασιλικὸς
3168 3874 3485 3949 κελλάριος,
3536 3877 3627 3931 καὶ
3685 3876 3833 3933 ὅπου

2176 3962 2466 4038 προστάξει
2496 3965 2525 4019 6
2585 3964 2867 4040 βασιλεὺς,
2918 3962 3267 4039 διανέμουσιν
3320 3964 3477 4022 αὑτά.
3510 3967 3629 4039 Χρή
3665 3963 3727 4020 δὲ
3751 3988 3837 4041 γι-

2176 4054 2399 4109 νώσκειν
2433 4056 2525 4110 τὸν
2579 4054 2667 4109 ἐπὶ
2714 4062 2814 4125 τῆς
2863 4054 3137 4130 τραπέζης
3179 4059 3275 4110 τοῦ
3323 4048 3472 4129 ἔχειν
3506 4054 3771 4128 σοόρνοκς
3798 4052 3827 4111 δ

2179 4144 2315 4217 πρὸς
2371 4146 2471 4214 τὴν
2532 4141 2817 4216 ἀποϐολὴν
2876 4152 2977 4216 τῆς
3038 4144 3263 4222 Συρίας,
3322 4143 3410 4199 καὶ
3471 4141 3661 4200 δίκτυα
3713 4148 3837 4219 (78)

1462 4321 1665 4380 JOAN.
1705 4322 1846 4381 JAC.
1889 4322 2153 4381 REISKII
2189 4321 2782 4381 COMMENTARIUS.

510 4488 624 4559 (‘74)
653 4487 825 4542 Novae
855 4481 1084 4538 Graeciae
1130 4481 1498 4563 vocabulum_
1526 4482 1635 4538 hoc
1666 4487 1831 4564 notat
1869 4497 2075 4565 argen-
2108 4487 2155 4553 Ι)
2187 4486 2442 4565 meretur
2469 4482 2750 4565 Isidorus,
2782 4500 2896 4539 non
2928 4482 3157 4565 videas
3186 4499 3302 4565 qua
3328 4482 3611 4565 voce_alia
3640 4487 3834 4565 repeti

425 4555 546 4613 tum
579 4555 774 4621 omne,
810 4570 1039 4619 cusum,
1075 4570 1186 4609 non
1225 4570 1452 4622 cusum,
1486 4555 1543 4609 in
1580 4555 1853 4620 nummis,
1882 4555 1940 4608 in
1973 4570 2073 4608 su-

424 4626 972 4701 pellectile.Proprie
1001 4636 1054 4680 et
1087 4627 1143 4681 in
1176 4626 1400 4701 origine
1432 4633 1623 4681 tamen
1654 4630 2071 4701 es_t_argentum

424 4696 631 4756 casum
665 4701 722 4755 in
754 4714 1120 4753 nummorum
1157 4697 1603 4752 usum.Putalur
1632 4696 1867 4768 quidem
1899 4696 2073 4768 vulgo

424 4771 632 4828 Gracia
666 4771 909 4843 originis
940 4786 1088 4837 esse,
1122 4776 1177 4843 et
1209 4786 1324 4843 pro
1355 4768 1593 4843 ἄσημον,
1624 4784 1733 4843 non
1764 4784 1912 4843 cum,
1962 4784 2071 4843 non

421 4846 667 4914 signato,
702 4839 957 4916 positum
985 4859 998 4907 ;
1050 4841 1260 4916 deinde
1308 4842 1588 4916 ampliato
1617 4840 1967 4916 _signiﬁcatu
1999 4839 2073 4895 ad

422 4912 618 4973 cusam
655 4912 886 4989 quoque
908 4912 1231 4989 _pecuniam
1263 4912 1749 4989 tractum__fuisse_.

495 4990 605 5061 (75)
666 4982 837 5045 Paria
890 4982 1206 5061 ﬂascoruiri.
1274 4982 1647 5061 Nostratibus
1708 4986 1909 5061 ﬂascav,
1940 4985 2072 5061 ⁸[ἱα-

420 5054 609 5128 sciien,
658 5054 919 5131 ﬂasconelf
968 5065 1125 5131 sunt_
1152 5054 1598 5131 ipsielagenaa;
1633 5054 1734 5110 sed
1778 5055 2073 5131 veteribus

420 5125 843 5187 erant'tantum
874 5126 1079 5193 thecae,
1113 5127 1168 5180 in
1202 5125 1417 5196 quibus
1461 5126 1678 5195 lagenae
1709 5129 2069 5197 reponeban-

418 5207 539 5272 tur,
570 5205 687 5261 sive
715 5202 827 5259 illas
862 5198 1080 5253 vimine
1107 5202 1295 5272 testas,
1329 5197 1699 5272 sive_ligneaz,
1735 5200 1854 5272 sive
1884 5198 2068 5254 coria-

418 5268 534 5331 csai
566 5281 780 5331 essent.
817 5274 977 5329 Patet
1027 5286 1095 5323 ex
1128 5269 1349 5325 lsidoro
1383 5284 1396 5322 :
1431 5268 1616 5323 Ftasca
1664 5286 1698 5322 a
1750 5268 1931 5324 Graeco
1980 5284 2066 5325 vo-

423 5348 619 5403 cabulo
645 5347 814 5403 dicta.
847 5345 952 5398 Hae
985 5356 1081 5408 pro
1110 5340 1363 5395 vehendis
1386 5356 1455 5394 ac
1502 5340 1860 5395 recondenda
1906 5340 2071 5409 phia-

426 5418 492 5475 lis
520 5420 830 5489 plurimum
857 5416 1170 5489 factmsunt
1194 5428 1207 5476 ;
1234 5410 1816 5489 indequenugcupaias
1834 5429 1857 5474 ,'
1885 5419 2071 5489 postea

422 5491 483 5546 in
514 5482 669 5547 usum
697 5488 817 5546 vini
857 5482 1213 5539 transierunt
1258 5488 1511 5537 manente
1554 5482 1732 5538 Graeco
1781 5484 2067 5554 vocabulo,

419 5563 566 5619 unde
596 5572 649 5619 et
678 5562 1031 5631 sumpserunt
1051 5554 1313 5631 initium.
1347 5554 1670 5631 Expediant
1691 5556 1786 5611 alii
1814 5555 2070 5631 obscura

423 5634 546 5691 hac
576 5636 773 5694 verba.
803 5626 887 5686 'De
918 5627 1143 5697 origine
1194 5626 1392 5683 Graaca
1442 5626 1761 5684 videamus.
1808 5627 1864 5682 Si
1896 5627 2067 5683 fidem

2183 4554 2346 4630 ηαξςο
2377 4559 2586 4630 queat;
2628 4551 2804 4630 quam
2854 4573 2889 4630 ει
2944 4551 3144 4630 aut:
3200 4551 3377 4630 (qum!
3440 4553 3595 4610 idem
3630 4551 3835 4630 atque

2225 4622 2701 4703 ολὶς,’φολίδος,)
2751 4629 2901 4682 unde
2951 4622 3260 4703 ἓρολίσκοάξ
3295 4626 3560 4703 Ῑοιαεσιέρ,
3610 4622 3836 4703 ηαδσῖιες.

2225 4645 2367 4695 οΛις,
2428 4645 2701 4703 φοΛιοος,)
2751 4645 2901 4682 unus
2951 4645 3235 4703 φοΛισκος,
3295 4645 3560 4698 (ciamus,
3610 4645 3832 4697 (Luscus.

2181 4645 2367 4769 ἧαδεο,
2398 4706 2507 4754 etc.
2540 4699 2735 4770 Ipsum
2786 4705 2982 4755 tamen
3014 4718 3043 4753 ιι
3085 4699 3276 4770 phiala
3326 4697 3643 4771 repetiisse,
3684 4700 3832 4756 satis

2222 4775 2357 4826 atet.

2181 4787 2363 4912 pa(‘36.)
2397 4841 2528 4913 Haec
2558 4848 2643 4897 est
2675 4840 2846 4913 plena
2876 4841 3076 4908 dictio,
3116 4857 3218 4913 pro
3248 4856 3365 4913 qua
3401 4839 3705 4913 Euripides
3735 4857 3833 4898 go.

2180 4911 2481 4986 llummodo
2495 4911 2732 4985 ὕπαρνος
2747 4911 3475 4986 dixit,subintelligendum
3493 4911 3838 4984 relinquens

2182 4978 2264 5044 ὄϊς
2297 5002 2312 5051 ;
2344 4985 2455 5043 vid.
2489 4978 3041 5041 Andromach.7557.
3076 4984 3179 5040 Est
3206 4978 3406 5041 a'utem
3437 4978 3678 5058 ὕπαρνοέ
3711 5000 3840 5056 ουκ

2182 5072 2305 5111 cum
2331 5073 2470 5128 agno
2500 5064 2600 5112 est.

2251 5126 2459 5199 (77)'V.
2504 5128 2756 5184 Bandur.
2810 5128 2880 5183 ad
2912 5128 3212 5185 Constant.
3266 5126 3545 5199 Porphyr.
3598 5144 3658 5183 n.
3705 5126 3832 5183 365.

2184 5202 2242 5255 et
2270 5199 2358 5272 Du
2393 5201 2585 5272 Gange
2616 5200 2705 5256 Gl.
2739 5199 2838 5257 Gr.
2872 5199 2931 5255 h.
2966 5216 3019 5254 v.

2256 5271 2369 5343 (78)
2417 5269 2577 5327 Ver’ti
2624 5273 2781 5327 retia.
2838 5272 2944 5327 Sed
3003 5270 3341 5327 debuissem
3389 5274 3565 5343 certe:
3620 5269 3837 5327 ratibus

2183 5340 2423 5398 clausas.
2458 5343 2545 5399 Ita
2573 5359 2777 5398 caveas
2810 5343 3029 5398 retibus
3059 5343 3302 5414 cinctas,
3319 5340 3537 5414 quibus
3568 5358 3704 5414 aves
3735 5358 3836 5397 as~

2181 5420 2509 5482 servantur,
2551 5414 2911 5484 Vngelbauer,
2952 5408 3375 5485 Aristophanes
3403 5412 3565 5485 ‘digit
3616 5408 3837 5485 δίκτυα,

2177 5487 2395 5542 Avibus
2444 5476 2506 5541 v.'
2549 5476 2685 5541 1033
2720 5503 2732 5539 :
2767 5476 2908 5545 Τὰς’
2937 5476 3254 5575 περιστερὰς
3297 5476 3588 5570 ξυλλαϐὼν
3648 5476 3833 5610 εἵρξδας

2179 5552 2294 5610 ἔγει
2347 5555 2436 5610 καὶ
2511 5555 2866 5610 ἱπαναγκάζει
2927 5555 3182 5610 παλευειν
3262 5551 3546 5610 δεδεμενας
3625 5553 3676 5609 ἰν
3788 5577 3833 5608 ι-

2179 5552 2294 5645 ἔχει
2347 5555 2436 5610 καὶ
2511 5555 2866 5631 ἑπαναγκάζει
2927 5551 3182 5612 παλεύειν
3262 5551 3546 5628 δεδεμένας
3625 5551 3710 5609 ἰν’
3746 5551 3833 5610 διο

2176 5646 2344 5685 κτυω.
