4090 6216
342 384 456 447 867

1389 377 1906 442 CONSTANTINI
1954 379 2661 445 PORPHYROGENITI

3632 391 3754 447 868

339 519 582 591 tiliaque
632 516 960 574 sufﬁciente
1004 530 1243 570 numero
1275 530 1378 587 pro
1412 514 1568 587 regia
1601 530 1820 582 mensa,
1855 513 1987 569 item

2122 513 2207 582 83)
2240 509 2576 584 ἐνεργοῦντα·
2625 515 2794 567 ταῦτα
2833 510 2889 566 δὲ
2935 509 3035 566 οὐκ
3080 508 3388 586 ἐπιφέρεται
3445 514 3473 566 ὁ
3530 534 3764 585 μινσου-

338 613 565 679 tapetes
598 607 891 672 fundatos,
926 604 985 659 in
1018 605 1230 675 quibus
1286 603 1443 659 humi
1490 602 1824 658 decubetur.
1859 603 1988 658 Haec

2102 600 2303 674 ράτωρ,
2355 599 2500 655 ἀλλὰ
2548 607 2791 677 χορηγεῖ
2846 599 2981 655 αὐτὰ
3039 601 3066 655 ὁ
3124 595 3627 677 πρωτοϐεστιάριος
3658 609 3762 659 τοῦ

1398 702 1591 758 JOAN.
1631 701 1777 756 JAG.
1822 702 2086 758 REISKII
2127 700 2717 757 COMMENTARIUS.

350 798 487 848 stas.
542 811 594 862 p.
650 794 786 848 119:
821 794 951 848 Vela
999 793 1063 848 de
1107 793 1337 864 fundato
1394 799 1524 847 sunt
1580 790 1997 864 aureisrsignis

351 861 590 936 interula,
632 871 691 918 ut
740 866 909 936 calya:
953 861 1226 935 fundatus
1273 868 1350 936 est
1396 866 1574 932 signis
1620 861 1994 927 insculptas...

345 935 501 1004 Apud
548 935 842 1006 auriﬁces,’
870 954 999 1007 quos
1052 944 1261 999 vocant,
1308 935 1609 990 inrlusores
1655 951 1999 1006 gemmarum

350 1008 529 1076 funda
587 1015 665 1063 est
726 1009 1018 1063 reticulum
1077 1024 1145 1062 ea:
1200 1024 1341 1063 auro
1394 1008 1585 1076 funda
1639 1007 1842 1073 simile,
1896 1020 2001 1077 quo

346 1096 582 1206 ﬂammae
614 1081 1005 1134 includuntur.
1036 1080 1173 1133 Mihi
1199 1079 1436 1149 quidem
1474 1080 1544 1132 de
1577 1078 2003 1148 signiﬁcatione

398 1151 536 1206 uius
579 1152 737 1205 vocis
783 1152 1125 1206 coniecturae
1176 1152 1361 1206 variae.
1394 1156 1454 1203 ut
1497 1151 1552 1203 in
1588 1167 1646 1203 re
1680 1150 1917 1206 antiqua
1947 1154 2003 1202 et

398 1151 536 1222 ujus
579 1152 737 1205 vocis
783 1152 1125 1220 conjecturae
1176 1152 1361 1217 variae,
1394 1156 1454 1203 ut
1497 1151 1552 1203 in
1588 1167 1646 1203 re
1680 1150 1917 1218 antiqua
1947 1154 2003 1222 et

356 1219 623 1291 obscura,
674 1219 937 1277 animum
998 1224 1321 1277 subierunt.
1375 1223 1508 1275 Tres
1558 1225 1750 1276 tamen
1802 1219 2003 1289 praeci—

359 1310 540 1365 puum
591 1296 743 1364 apud
780 1310 871 1347 me
902 1294 1092 1349 locum
1126 1295 1412 1347 obtinent.
1444 1294 1558 1347 Aut
1588 1295 1741 1347 enim
1773 1307 1841 1345 ex
1874 1307 2004 1365 mea

355 1362 644 1419 sententia
670 1366 835 1419 dicta:
869 1366 1099 1419 fuerunt
1134 1369 1319 1418 vestes
1353 1365 1603 1417 fundatae
1636 1381 1703 1419 ex
1732 1380 1819 1427 eo,
1847 1362 2003 1433 quod

354 1438 601 1490 fundum
634 1451 875 1492 aureum
900 1436 983 1490 vel
1008 1436 1257 1490 sericum
1293 1436 1573 1490 haberent
1598 1454 1609 1502 ;
1639 1443 1889 1490 tramam
1915 1435 2002 1488 vel

358 1507 700 1577 subtegmen
733 1510 877 1562 alias
920 1507 1213 1579 appellant
1240 1523 1254 1573 ;
1288 1513 1510 1561 stamen
1542 1514 1736 1562 autem
1768 1505 2005 1579 alterius

356 1576 632 1649 generis;
668 1586 767 1633 aut
823 1596 890 1633 ex
947 1576 1034 1645 eo,
1087 1580 1238 1648 quod
1300 1580 1511 1633 coloris
1569 1586 1764 1633 essent
1814 1576 2002 1644 ὀξέως,

362 1652 536 1715 acuti,
554 1652 774 1708 inlensi.
790 1650 1031 1719 fundati,
1051 1658 1109 1703 ut
1132 1651 1322 1703 adhuc
1346 1652 1519 1703 hodie
1539 1651 1742 1704 dicunt
1767 1649 2007 1703 Franco-

360 1722 502 1777 Galli
557 1722 737 1788 lance,
795 1721 1060 1792 profundi
1112 1722 1320 1775 Coloris
1370 1727 1425 1774 et
1474 1721 1708 1785 inteosi,
1762 1720 2007 1773 obscure

359 1794 589 1847 caerulei
640 1799 740 1846 aut
790 1809 933 1863 pene
983 1792 1131 1863 nigri
1166 1812 1179 1859 ;
1215 1798 1315 1845 aut
1343 1808 1410 1845 ex
1440 1808 1526 1857 eo,
1562 1793 1713 1863 quod
1754 1792 2006 1845 intextas

2108 785 2237 857 δόνη
2262 791 2628 861 simpliciter,
2654 791 2700 844 si
2727 789 2782 845 in
2809 790 3031 861 postica
3064 796 3221 860 parte
3252 790 3458 861 capitis
3490 794 3765 857 gererent

2108 856 2447 916 inclinatum
2483 870 2537 917 ot
2567 856 2895 933 obliquum,
2926 856 3382 933 ὀπισόοσφενδόνη
3422 860 3760 933 appellaba-

2107 939 2205 987 tur
2221 950 2236 1008 ;
2251 933 2320 987 de
2336 950 2446 1001 qua
2461 928 2837 1008 vid.interpp.
2854 935 2924 1008 ad
2945 935 3152 989 Polluc.
3170 928 3477 1008 Y.96.Era_t
3492 928 3760 1008 ἀφενᾷόνη

2108 1007 2356 1073 denique
2389 1022 2532 1074 apex
2566 1007 2759 1059 boneti
2798 1005 3039 1059 conicus
3080 1004 3393 1075 replicatus
3425 1004 3769 1070 dependens

2112 1092 2258 1147 pone
2280 1083 2455 1145 caput
2476 1083 2576 1131 aut
2600 1078 2654 1129 in
2683 1078 3015 1143 humerum,
3038 1083 3259 1131 etrccte
3283 1078 3515 1147 et'undo
3541 1077 3658 1129 lato
3684 1091 3773 1131 ro-

2111 1147 2296 1202 tundo
2319 1147 2375 1201 in
2402 1155 2711 1218 angustum
2734 1148 2929 1202 coiens
2948 1149 3191 1216 epicem,
3214 1152 3276 1201 ut
3297 1146 3499 1209 Virgil.
3521 1147 3729 1216 Georg.
3758 1163 3773 1199 :

2183 1220 2351 1288 Atque
2380 1218 2534 1274 alius
2568 1221 2742 1273 latum
2780 1219 2952 1283 [unda
2978 1222 3098 1286 jam
3129 1220 3373 1273 verberat
3404 1233 3645 1272 omnem.

2112 1287 2312 1343 Funde
2364 1293 2598 1345 tandem
2635 1294 2745 1360 gest
2802 1290 3222 1359 infundibulum
3279 1287 3779 1360 abAin/undendo

2111 1362 2372 1432 (prorsus
2406 1372 2465 1415 ut
2496 1358 2761 1433 σφενδόνη
2815 1355 2886 1433 ab
2940 1362 3180 1432 antiquo
3231 1355 3486 1413 εητὲνδειν⁷
3516 1361 3775 1429 fundere,

2114 1434 2463 1502 de/‘undere,)
2496 1441 2552 1487 et
2583 1438 2651 1487 ad
2685 1434 2813 1503 ejus
2846 1432 3029 1487 instar
3063 1433 3440 1503 mansupium
3476 1434 3776 1498 conicum,

2115 1506 2232 1558 sive
2264 1508 2319 1558 id
2358 1506 2473 1559 Iino
2506 1505 2761 1559 sericove
2813 1508 3050 1571 textum,
3087 1505 3206 1558 sive
3256 1506 3413 1558 corio
3462 1505 3775 1558 concisum

2115 1573 2307 1630 fuerit.
2334 1576 2544 1631 Omnia
2575 1576 2693 1630 haac
2716 1593 2749 1629 a
2773 1577 2957 1644 figura
2978 1580 3081 1630 aut
3109 1591 3346 1645 prorsus
3379 1576 3631 1629 retunde
3666 1581 3773 1628 aut

2115 1645 2335 1703 conica.
2360 1648 2640 1717 Superest
2661 1648 2849 1701 adhuc
2875 1649 2932 1700 in
2956 1664 3221 1702 sermone
3246 1654 3443 1701 nostro
3467 1662 3569 1700 vox
3588 1648 3772 1716 funda

2118 1738 2217 1785 pro
2249 1719 2457 1774 cantho
2497 1718 2728 1785 doliari,
2761 1719 2995 1788 quando
3046 1720 3291 1773 dicimus
3338 1718 3671 1785 Fundgrube
3712 1723 3772 1771 et

2115 1791 2437 1857 Fundletler,
2464 1791 2627 1844 fovea
2656 1790 2890 1845 circuiis
2924 1790 3132 1859 ligneis
3163 1795 3346 1858 septa,
3372 1792 3430 1843 in
3462 1805 3578 1859 qua
3609 1790 3771 1844 coria

356 1864 639 1918 baberent
689 1860 925 1924 fundas.
976 1860 1175 1918 idest
1222 1879 1387 1917 areas
1445 1860 1820 1917 orbiculares.
1874 1863 2082 1931 FuitB
2119 1875 2412 1933 parantur,
2448 1868 2597 1915 unde
2644 1861 2819 1915 calcei
2870 1860 3187 1928 soleantur,
3221 1868 3277 1915 et
3316 1861 3425 1916 tale
3471 1877 3766 1933 crassum,

360 1936 496 1989 olim
533 1951 785 2006 quoque,
812 1952 943 1989 cum
980 1940 1255 2002 putarem,
1285 1940 1469 1988 vestes
1502 1934 1603 1988 has
1634 1937 1761 1989 ideo
1796 1934 2007 1987 funda-

363 2012 454 2061 tas
509 2005 690 2060 l'uisse
738 2006 943 2073 dictas,
992 2007 1117 2069 quia
1168 2007 1393 2071 fundas,
1440 2005 1496 2057 id
1548 2011 1636 2060 est
1690 2007 2006 2073 marsupia,

363 2077 572 2131 boxeas
604 2077 691 2147 (de
735 2078 947 2147 pec/tes,
984 2076 1238 2148 Taschen)
1288 2083 1515 2130 assutae
1567 2076 1869 2131 haberent.
1901 2079 2007 2130 Ve-

362 2163 484 2203 rum
521 2154 655 2218 quia
688 2153 911 2219 tapetes
961 2164 1187 2218 quoque
1217 2154 1274 2201 et
1307 2148 1477 2216 pallia
1510 2149 1566 2202 in
1598 2149 1880 2202 altaribus
1911 2150 2008 2202 de-

369 2220 556 2274 dicata
589 2221 827 2274 fundata
858 2219 1136 2274 dicuntur
1166 2220 1406 2290 passim,
1442 2222 1497 2272 in
1531 2219 1745 2285 quibus
1778 2234 2005 2273 marsu-

363 2294 592 2362 piorum
656 2306 793 2344 usus
851 2301 903 2345 et
961 2290 1124 2345 locus
1169 2289 1383 2344 nullus
1420 2295 1553 2362 est,
1616 2290 1799 2361 abjeci
1861 2290 2009 2343 hanc

359 2361 778 2429 Conjecturam.
805 2362 1061 2430 Reliquis
1093 2379 1273 2432 supra
1306 2361 1510 2432 positis
1535 2364 1659 2431 jam
1696 2378 1888 2416 meum
1922 2366 2007 2415 est

361 2439 422 2488 ut
453 2434 622 2487 ﬁdem
659 2434 885 2487 faciam.
920 2433 1334 2488 Disserendum
1388 2434 1528 2487 mihi
1564 2433 1671 2489 hac
1702 2433 2004 2488 occasione

361 2504 471 2560 erit
500 2506 571 2559 de
609 2505 1035 2579 significatione
1067 2508 1222 2560 vocis
1255 2498 1513 2579 σφενδόνη
1565 2510 1621 2557 et
1646 2504 1819 2579 funda
1850 2511 1905 2579 et
1934 2503 2005 2558 de

362 2576 680 2645 marsupiis
712 2583 963 2631 veterum
1001 2593 1251 2648 quoque.
1280 2575 1481 2630 Primae
1505 2575 2011 2648 sententiae,j_uxta

363 2664 538 2716 quam
570 2657 757 2701 vestes
791 2646 1042 2701 fundata:
1074 2646 1211 2702 sunt
1244 2648 1489 2701 fundum
1525 2662 1762 2700 aureum
1795 2646 1879 2700 vel
1917 2662 2006 2699 ar-

363 2724 633 2789 genteum
683 2718 763 2772 vel
814 2720 1088 2783 sericum,
1122 2725 1341 2772 stamen
1376 2728 1563 2772 autem
1607 2718 1758 2773 alius
1790 2716 2008 2789 vilioris

364 2791 595 2861 generis
629 2790 928 2855 habentes,
955 2792 1105 2843 favet
1132 2790 1273 2843 illud
1308 2792 1719 2844 tramosericum
1751 2788 1832 2843 vel
1869 2804 2009 2861 pan:

362 2858 496 2927 nus,
521 2861 690 2930 cujus
714 2871 893 2915 trama
917 2863 1132 2916 sericea
1155 2867 1297 2927 erat,
1323 2866 1379 2914 in
1403 2862 1603 2914 charta
1633 2866 1820 2914 vetere
1852 2858 2005 2928 apud

363 2933 447 2988 Du
481 2933 668 3001 Gange
697 2949 748 2986 v.
782 2934 1000 3001 Μαίονος,
1032 2937 1090 2986 et
1122 2931 1285 2986 valde
1338 2933 1796 3000 patrocinaretur
1845 2931 2008 2985 locus

362 3007 652 3074 Anastasii
705 3020 759 3074 p.
811 3006 946 3063 1‘22:
989 3005 1113 3059 l’ela
1152 3004 1454 3058 holoserica
1498 3004 1708 3072 majora
1756 3002 2010 3073 sigillata

368 3071 660 3144 [ζωδιωτὰ]
706 3071 972 3131 habentia
1019 3074 1318 3146 periclysin
1351 3086 1401 3131 et
1428 3071 1639 3130 crucem
1689 3075 1755 3130 de
1794 3071 2006 3129 blalhin

362 3163 457 3201 seu
504 3150 760 3216 fundato,
796 3149 842 3201 si
889 3152 1041 3202 recte
1071 3149 1153 3203 sic
1184 3151 1351 3216 vulgo
1401 3151 1641 3201 citarent
1671 3154 1726 3201 et
1756 3149 2005 3217 corrige-

2118 1932 2370 2007 rigidum
2398 1934 2682 2007 bubulum
2697 1933 2993 2007 curiamin
3008 1933 3108 1986 tali
3128 1936 3280 2007 fovea
3299 1939 3563 2002 paratum
3581 1932 3766 2007 Fund-

2117 1998 2282 2074 ιεᾶον,
2335 2003 2680 2078 appellatur.
2715 1998 3039 2078 SeevSo'vnv
3091 2009 3147 2078 et
3192 1998 3433 2078 [nullam
3477 2018 3605 2058 esse
3653 2005 3770 2057 cir-

2118 2079 2315 2133 culum
2366 2076 2520 2129 dolia
2570 2075 2921 2129 ambientem
2967 2082 3023 2130 et
3071 2076 3299 2130 tabulas
3350 2076 3574 2145 ligneas
3622 2091 3770 2129 con-

2116 2151 2421 2214 tinentem,
2472 2148 2625 2200 clare
2677 2152 2831 2214 patet
2883 2163 2913 2201 e
2960 2146 3085 2201 loco
3130 2145 3373 2201 Joannis
3421 2147 3771 2201 Ganabutzas

2116 2220 2296 2344 gcitali
2354 2237 2382 2272 a
2443 2224 2524 2273 Du
2586 2219 2777 2287 Gange
2834 2234 2883 2270 ν.
2942 2217 3328 2291 Χάντρωσις);
3375 2216 3503 2269 Τινᾶ
3558 2214 3768 2270 κύκλον

2142 2296 2312 2344 κεῖνοι
2364 2286 2582 2344 λέγουσι
2630 2287 2936 2344 γάντρωσιν
2984 2289 3071 2341 καὶ
3132 2290 3269 2344 μετὰ
3316 2291 3410 2341 τοῦ
3447 2285 3608 2343 ἕκτου
3637 2289 3768 2342 τού-

2142 2296 2312 2345 κεῖνοι
2364 2286 2582 2362 λέγφυσι
2630 2285 2936 2362 liturarum
2984 2285 3103 2341 καῖ
3132 2285 3269 2359 μετᾶ
3316 2291 3410 2341 τοῦ
3447 2285 3608 2343 ἕκτου
3637 2289 3773 2362 τούξ

2115 2364 2326 2433 τουγῌ.
2366 2354 2497 2433 ias-E5:
2538 2354 2968 2433 106:8ta613100.
3005 2354 3155 2433 cum-7
3190 2363 3428 2433 circino,
3473 2368 3576 2416 aut
3632 2360 3771 2431 μετὰ

2116 2438 2211 2488 τοῦ
2242 2428 2529 2505 {multatos
2575 2428 2792 2498 τούτου,
2827 2434 2924 2505 sed
2960 2432 3197 2505 difficile
3243 2443 3331 2505 est
3376 2428 3447 2486 de.
3486 2434 3606 2505 hoc
3634 2428 3771 2487 loco

2117 2502 2280 2561 extra.
2307 2502 2514 2578 nexum
2552 2505 2732 2578 posito
2773 2503 3064 2578 judicare]
3096 2502 3481 2578 περιγράφουσι
3524 2503 3625 2578 τιειίΔ
3642 2523 3770 2556 ποι-

2118 2581 2264 2629 οῦσιν
2316 2573 2426 2627 ἴσον
2463 2574 2609 2646 κατὰ
2654 2570 2827 2646 πάν-ἔα
2876 2570 3267 2646 ἀρμόδίονςεῖξ
3312 2570 3412 2642 τ’ἡν
3461 2578 3551 2627 τοῦ
3600 2574 3768 2646 βουτ-

2120 2647 2233 2715 ζίου
2284 2645 2618 2722 περιφέρειᾳν
2670 2644 2730 2712 ἢ,
2780 2645 2852 2705 ὡς
2901 2643 3096 2699 ἐκεῖνοι
3144 2643 3383 2718 λέγουσι,
3436 2643 3766 2719 χάντρὼςιν.

2114 2716 2472 2774 Vocabulum
2508 2716 2815 2790 χάντρωσις
2866 2722 3020 2773 venit
3052 2736 3084 2772 a
3112 2716 3394 2790 κανθροῦν.
3439 2716 3534 2772 Est
3568 2716 3766 2773 autem

2115 2789 2343 2862 κάντρον
2394 2789 2623 2863 κάνθρον
2674 2789 2969 2863 κανθήριον
3024 2789 3441 2863 ᾱίιηίηυιίνιιτη
3477 2807 3527 2863 λεν
3564 2790 3767 2850 animo;

2116 2860 2332 2917 circulo
2367 2860 2569 2926 ferreo,
2595 2860 2686 2929 qui
2713 2863 2854 2915 rotis
2886 2863 3357 2932 circumponitur
3378 2862 3447 2915 ad
3473 2861 3602 2915 illas
3633 2877 3771 2916 con-

2113 2934 2382 2988 tinendas
2438 2934 2581 2987 Hinc
2610 2948 2715 2987 vox
2745 2934 2977 2987 arabica
3007 2933 3471 2997 almocanlharat,
3499 2940 3769 2988 astrono-

2118 3008 2228 3059 mis
2244 3014 2376 3060 nota
2389 3005 2699 3075 ,signiﬁcat
2712 3004 2960 3059 circulos
2974 3009 3039 3058 ait
3057 3004 3411 3059 horizontem
3433 3004 3769 3073 parallelos,

2114 3079 2252 3132 item
2303 3077 2661 3143 horologium
2698 3082 2886 3129 solare
2918 3077 3133 3130 talibus
3165 3076 3399 3129 circulis
3433 3078 3759 3146 signatum.

2114 3148 2241 3203 Jam
2270 3150 2432 3204 facile.
2457 3154 2545 3201 est
2564 3146 2887 3216 intelligere
2910 3148 3078 3202 verba
3101 3147 3299 3216 Godini
3317 3146 3410 3216 IV.
3425 3148 3526 3211 53;
3550 3147 3626 3204 Τὸ
3642 3167 3775 3200 σκα-

361 3212 637 3295 νθῐιι’γίι·ἰ
687 3212 861 3295 docti.
913 3219 1193 3295 Atquiin
1245 3212 1497 3272 editione
1548 3220 1836 3282 Parisina,
1887 3212 2003 3287 qua

2119 3221 2332 3292 pivutov
2366 3216 2529 3295 αῆτοῦ
2579 3212 2926 3295 ἐνδεδιξμένον
2983 3214 3193 3295 Αασᾷίῳ
3223 3215 3356 3291 ἔχον
3387 3215 3479 3288 ὲμὶ
3517 3224 3771 3295 κορυςιῆς

359 3298 507 3355 utor,
541 3289 667 3359 lego
700 3289 764 3344 de
821 3291 1030 3355 balhin,
1065 3291 1238 3359 idque
1271 3295 1493 3344 rectum
1526 3297 1582 3343 et
1615 3297 1859 3358 probum
1892 3294 2000 3343 est.

363 3361 586 3428 Balhin,
612 3366 700 3414 est
724 3377 826 3416 vox
850 3363 1117 3423 Arabica,
1143 3367 1348 3415 notans
1381 3372 1667 3421 saturum,
1693 3360 2001 3425 nutritum,

358 3433 505 3486 bene
549 3436 780 3502 pastum
812 3438 870 3485 et
900 3434 1217 3486 distentum
1250 3437 1418 3500 atque
1450 3432 1745 3485 refertum.
1778 3430 2005 3484 Tradu-

361 3510 517 3557 ctum
552 3505 657 3555 hoc
680 3503 749 3555 ad
774 3504 1024 3557 colorem
1059 3503 1182 3556 fuit.
1205 3505 1375 3557 Color
1407 3502 1684 3566 nutritus,
1710 3509 2004 3556 saturatus

361 3580 451 3627 est
483 3575 563 3627 ita
594 3574 896 3635 densatus,
932 3579 994 3627 ut
1033 3574 1253 3628 intendi
1306 3578 1363 3627 et
1412 3572 1539 3643 plus
1589 3573 2001 3644 particularum

359 3644 716 3698 colorearum
778 3645 1027 3711 recipere
1086 3650 1357 3715 nequeat,
1408 3645 1602 3709 verbo,
1658 3646 2003 3715 profundus.

360 3716 461 3768 Est
493 3715 669 3786 igitur
715 3716 993 3770 fundatus
1042 3717 1197 3770 color
1228 3716 1404 3781 idem,
1433 3721 1607 3786 atque
1657 3717 2002 3786 profundus.

357 3785 466 3841 Sed
518 3784 675 3857 color
725 3788 1070 3855 profundus,
1111 3804 1245 3843 voce
1292 3786 1352 3842 in
1402 3803 1465 3843 se
1513 3784 1786 3856 spectata,
1824 3792 2006 3857 potest

356 3857 545 3913 omnis
592 3856 750 3930 color
779 3860 849 3930 ad
882 3860 1193 3914 obscurum
1227 3876 1467 3930 vergens
1498 3876 1642 3913 esse.
1676 3856 1842 3928 Atqui
1898 3875 2003 3913 usu

358 3946 473 3985 non
505 3929 696 3984 omnis
726 3929 882 3986 color
912 3932 1216 3985 dicebatur
1247 3929 1588 4001 prefundus,
1617 3932 1716 3985 sed
1741 3936 2005 3985 tantum-

361 4002 532 4056 modo
563 4008 753 4056 certus
793 4002 1033 4073 quidam
1067 4004 1247 4069 color,
1279 4018 1452 4073 quem
1486 4003 1662 4073 fuisse
1692 4002 2003 4057 caeruleum

361 4074 699 4137 obscurum,
734 4072 1220 4145 subnigricantem
1270 4072 1534 4143 conjicio.
1568 4072 1872 4128 Veteribus
1904 4074 2004 4128 La-

360 4146 503 4216 tinis
529 4145 649 4212 jam
686 4146 991 4216 peculiaris
1022 4146 1234 4201 coloris
1264 4148 1643 4216 speciesierat
1678 4146 1835 4199 color
1870 4161 2005 4215 pro-

361 4215 597 4288 fundus,
631 4215 698 4271 ut
723 4218 1071 4288 intelligitur
1100 4235 1168 4272 ex
1198 4215 1439 4288 epistola
1470 4215 1753 4270 Veleriani
1786 4216 1857 4270 ad
1892 4218 2005 4288 Au:

362 4287 647 4343 relianum
685 4299 720 4341 t.
746 4293 815 4356 Η,
838 4287 955 4343 Scr.
991 4293 1059 4342 It.
1084 4292 1153 4353 A,
1189 4287 1246 4359 p.
1273 4289 1395 4353 450,
1429 4304 1544 4358 qua
1576 4290 1721 4342 inter
1752 4288 1860 4340 alia
1894 4287 2006 4357 ipsi

362 4359 570 4430 tribuit
616 4361 1013 4415 subarmallem
1053 4361 1414 4430 profundum,
1451 4376 1551 4429 pro
1585 4375 1700 4429 quo
1731 4359 2005 4428 deinceps

364 4429 663 4499 fundatum
709 4432 1011 4496 dixerunt;
1047 4429 1200 4487 unde
1246 4430 1591 4486 Gallofranci
1644 4430 2007 4484 retinuerunt.

366 4500 680 4556 dictionem
709 4503 883 4570 fonce.
920 4503 1134 4558 Placuit
1183 4503 1301 4557 haec
1332 4502 1489 4557 vocis
1518 4500 1785 4569 fundatus
1826 4501 2002 4555 inter-

369 4573 616 4653 pretatio
671 4572 755 4627 Du
804 4574 1015 4653 Gangjo
1165 4574 1310 4643 Lat.,
1342 4572 1846 4653 cuidsubscribere
1882 4589 2005 4653 non
2040 4591 2087 4653 ι)

370 4644 615 4715 dubito;
646 4647 916 4715 quamvis
949 4647 1141 4712 fuerit,
1175 4661 1308 4700 cum
1344 4645 1519 4699 tertiae
1550 4643 1917 4713 expositioni,
1950 4648 2011 4699 ut

372 4714 706 4789 speciosiori
737 4723 793 4772 et
835 4718 1062 4774 doctius
1111 4717 1247 4789 quid
1279 4716 1569 4783 condenti,
1595 4715 1787 4789 magis
1827 4730 2012 4770 essem

369 4787 654 4860 addictus,
716 4806 843 4860 quis
905 4787 1289 4860 nempefvutt
1341 4791 1528 4842 vestes
1587 4787 1861 4842 fundatas
1917 4803 2013 4842 eas

368 4859 572 4930 fuisse,
606 4859 743 4930 quis
765 4860 1013 4916 intextas
1044 4859 1324 4914 haberent
1353 4874 1518 4913 areas
1549 4860 1845 4926 rotundas,
1872 4874 2017 4928 qua-

368 4929 453 4985 les
478 4929 692 4999 ]undas
721 4932 1126 5002 appellabant;
1157 4930 1268 4985 alio
1301 4945 1530 5001 quoque
1560 4930 1793 4985 nomine
1824 4933 1891 4984 de
1919 4946 2017 5001 cy-

373 5002 558 5057 claton
606 5006 661 5057 ct
706 5018 830 5057 cum
879 5005 1033 5069 rotis,
1085 5003 1155 5056 de
1203 5003 1420 5072 quibus
1474 5002 1810 5056 nominibus
1861 5002 2016 5057 alius

370 5072 579 5143 agendi
612 5074 775 5127 locus
808 5075 934 5129 erit.
969 5073 1390 5144 Appellationis
1420 5079 1617 5144 autem
1651 5078 1861 5128 nostra;
1894 5072 2016 5129 haec

374 5140 521 5198 ratio
571 5150 678 5201 est.
726 5145 915 5199 Fundo
974 5140 1195 5200 Latinis
1244 5152 1300 5200 et
1347 5140 1610 5217 σφενδόνη
1670 5146 1880 5200 Οτωοὶε
1928 5150 2019 5201 est

375 5230 548 5269 omne
592 5218 931 5284 rotundum,
961 5219 1262 5282 circulare,
1297 5226 1397 5271 aut
1430 5219 1687 5284 saltima
1719 5217 1897 5271 fundo
1924 5233 2012 5271 or-

376 5285 619 5363 biculari
654 5287 721 5363 in
745 5282 951 5363 conum
980 5290 1291 5363 desinens.
1319 5289 1461 5363 Hinc
1493 5282 1749 5363 σφενδᾴνη
1778 5293 1865 5342 est
1897 5304 2020 5363 om-

376 5357 469 5411 nis
500 5354 669 5426 longa
702 5359 879 5413 fascia
910 5360 1251 5415 orbicularis
1282 5362 1349 5414 ad
1384 5354 1826 5415 similitudinem
1859 5359 2017 5413 orbis

374 5443 595 5500 corneae
653 5431 932 5500 pupillam
986 5432 1279 5487 ambiens:
1315 5442 1398 5486 est
1432 5439 1582 5486 meta
1626 5431 1683 5483 in
1737 5429 1886 5484 circo
1917 5446 2020 5485 co—

377 5498 529 5573 nica,
563 5498 930 5558 est—Canthus
961 5521 1061 5559 seu
1111 5503 1385 5569 circulus,
1420 5504 1517 5573 qui
1550 5500 1723 5555 doliis
1766 5502 2015 5557 circum-

377 5572 614 5643 ponitur
646 5574 1131 5631 rontinendorum
1166 5572 1658 5641 asserum'causa,
1684 5579 1770 5627 est
1793 5578 2018 5629 tututus

378 5660 475 5699 seu
511 5660 653 5715 apex
698 5647 926 5716 capitis,
960 5647 1117 5720 quod
1150 5647 1424 5702 mulieres
1456 5646 1663 5701 Graecae
1695 5649 1935 5720 vetusta:
1966 5651 2022 5701 et

379 5721 665 5789 nostrates
698 5718 1083 5775 occidentales
1114 5735 1342 5789 quoque
1370 5720 1556 5773 medio
1587 5734 1700 5789 aevo
1721 5718 2017 5788 gerebant,

380 5786 491 5859 alte
523 5788 882 5859 t‘astigiatum
913 5792 973 5846 in
1005 5786 1147 5846 coni'
1167 5786 1493 5845 saccharini
1522 5786 1770 5858 speciem
1799 5804 1811 5853 ;
1846 5805 2017 5859 quem

377 5858 601 5928 apicem
624 5858 685 5914 in
708 5864 918 5919 vertice
940 5866 1157 5920 rectum
1182 5865 1239 5917 et
1259 5861 1548 5918 excelsum
1572 5858 2019 5936 gererentﬁeev-

2119 3288 2313 3363 μικρὰν
2336 3289 2562 3363 φρῦνταν
2595 3288 2874 3356 κοκκίνην.
2922 3288 3229 3363 caputium
3255 3288 3549 3345 lassatum
3590 3288 3774 3347 habe-

2114 3361 2227 3417 bat
2260 3361 2402 3415 illud
2447 3363 2808 3416 scaranicum
2859 3368 3095 3415 acutum
3146 3361 3329 3415 instar
3369 3365 3557 3433 panis,
3592 3379 3774 3433 quem

2113 3433 2428 3507 appellant,
2464 3435 2810 3507 saccharini.
2836 3434 3775 3507 ApparetguoqueLquarezpo‘Sv-

2112 3523 2177 3558 τα
2212 3505 2398 3559 Portio
2430 3510 2486 3559 et
2530 3504 2725 3575 Ulacio
2756 3508 2928 3573 (apud
2966 3503 3051 3558 Du
3099 3504 3291 3575 Gange
3341 3504 3427 3559 Gl.
3460 3505 3554 3559 Gr.
3591 3503 3649 3559 h'.
3685 3507 3771 3574 v.)

2112 3580 2439 3646 exponetur
2470 3573 2875 3648 pera-irrepoc.
2910 3574 3013 3630 Est
3044 3573 3253 3644 nempe
3282 3575 3568 3648 ito-rupae,
3601 3592 3651 3630 e.
3690 3573 3772 3642 c.,

2114 3648 2350 3715 loveola,
2383 3649 2477 3719 cui
2533 3647 2774 3719 glandes
2808 3663 3041 3717 quernas
3072 3648 3350 3719 insident,
3391 3652 3449 3719 et
3478 3647 3590 3702 alia
3620 3664 3773 3719 quo-

2114 3735 2227 3790 que
2276 3736 2381 3773 vox
2430 3718 2740 3774 illa'notat
2770 3735 2804 3773 a
2837 3722 3022 3773 forma
3068 3718 3427 3773 infundibuli
3477 3724 3531 3775 et
3562 3718 3771 3774 conica

2114 3808 2223 3845 non
2260 3790 2452 3858 procul
2501 3790 2791 3845 abeuntia.
2823 3790 2993 3844 Juvat
3021 3790 3129 3844 hac
3159 3792 3461 3846 oceasione
3505 3790 3699 3846 locum
3735 3808 3770 3845 a

2117 3864 2199 3917 Du
2247 3865 2437 3932 Cange
2470 3861 2509 3917 Ι.
2543 3877 2592 3915 c.
2627 3861 2869 3916 allatum
2919 3863 3231 3916 emendare
3262 3867 3318 3917 et
3347 3877 3648 3931 exponere.
3686 3863 3769 3917 Ex

2113 3934 2319 3989 iisdem
2335 3932 2673 4005 auctoribus
2686 3933 2855 4005 affert
2869 3950 2997 3987 nem
3010 3950 3076 4005 pe
3096 3936 3173 3987 Du
3191 3933 3380 4005 Gange
3394 3934 3766 4005 hasglossas;

2111 4006 2315 4079 ᾼηιίέε,
2360 4001 2656 4075 τζουλοῦφι
2708 4002 2909 4079 (pomata
2959 4001 3264 4079 πρόχοιμον
3302 4001 3339 4072 ς’
3361 4001 3540 4079 Ῑαηιιῖ
3568 4001 3768 4061 autem

2116 4077 2206 4131 hic
2231 4077 2357 4130 ideo
2381 4079 2653 4130 dicuntur
2673 4077 3552 4147 antiis.quiaveteresinterduin
3576 4080 3771 4133 antias

2113 4149 2398 4220 crispatas
2421 4147 2477 4201 in
2507 4149 2741 4202 modum
2775 4164 3019 4220 gemina
3057 4149 3249 4203 fundae
3271 4165 3373 4203 seu
3393 4149 3607 4220 gemini
3632 4149 3771 4205 coni

2114 4220 2171 4273 in
2201 4218 2383 4273 latum
2420 4218 2797 4288 extruebant,
2819 4218 2972 4273 unde
3001 4221 3257 4288 creditur
3288 4218 3477 4275 Moses
3504 4225 3772 4277 romulus

2113 4291 2307 4367 dictus
2342 4290 2538 4367 fuisse.
2563 4292 2963 4367 Tandeinvox
2989 4287 3288 4367 τζουλοῦφι
3320 4291 3561 4367 Arabica
3580 4298 3690 4367 est.
3714 4298 3777 4348 et

2114 4363 2304 4432 signat
2331 4362 2527 4434 omnia
2557 4358 2728 4428 ἄντια,
2766 4363 3015 4433 primum
3049 4358 3409 4418 occurrentia
3444 4364 3498 4418 in
3533 4364 3760 4434 oculos,

2112 4435 2446 4509 eminentia.
2481 4433 3280 4509 Bingintelligaturqugque,
3305 4434 3439 4509 quid
3472 4436 3548 4509 sit
3573 4433 3764 4509 ἐσφενὲ

2112 4499 2423 4574 δονισμένον
2440 4499 2943 4576 aputl'l‘heophan.
2971 4499 3774 4561 207.Déscribitibihabitum

2119 4576 2335 4630 Arethae
2361 4577 2542 4644 reguli
2560 4584 2655 4648 aut
2674 4576 2999 4648 phylarchae
3020 4579 3297 4643 Arabum,
3316 4582 3379 4631 ad
3397 4593 3571 4648 quem
3590 4579 3773 4634 aJus-

2121 4648 2243 4701 tino
2264 4648 2563 4719 Jun.imp.
2578 4646 2805 4719 legatus
2828 4648 3294 4719 fueratJulianus
3320 4646 3768 4719 Magistrianus:

2121 4718 2331 4789 Γυμνὸε
2373 4718 2446 4791 ἦν
2480 4716 2798 4791 ὁήβασὶλεὺς
2848 4717 3071 4791 Ἀρὲθας
3116 4721 3195 4788 (id
3238 4725 3329 4776 est
3360 4716 3473 4775 nuru
3522 4722 3772 4777 indutus

2123 4799 2247 4845 erat
2296 4790 2638 4862 chlamyde,
2672 4790 2773 4847 sed
2818 4792 3288 4862 sola_interu|a;
3332 4792 3478 4847 male
3522 4794 3774 4847 vertitur

2125 4862 2335 4936 nudus
2362 4858 2511 4936 erat).
2557 4861 2645 4914 καὶ
2694 4862 2828 4936 κατὰ
2872 4858 2969 4915 τοῦ
3017 4863 3305 4936 (magno:
3348 4867 3494 4936 εἶχεν
3544 4862 3620 4936 εἰς
3672 4863 3770 4936 τὰς

2168 4933 2265 4994 ύας
2322 4932 2633 5022 λινόχρυῐςξοι⁸
2692 4933 2886 5005 ἱμάτια
2940 4934 3072 5020 aufer
3136 4932 3192 4989 δὲ
3237 4940 3345 5022 ’τῆς
3394 4932 3623 5022 {aeteae
3682 4932 3773 5022 ip-

2126 5002 2239 5081 ρρει
2286 5002 2662 5081 exter-abiit,
2723 5002 3093 5081 μαργαριτῶν.
3127 5006 3325 5079 τιμίων
3377 5002 3479 5081 aui
3531 5002 3593 5081 ’ἐν
3649 5002 3769 5067 τοὶς

2130 5023 2239 5075 ορει
2297 5024 2497 5081 σχιστα
2555 5021 2662 5070 atat,
2725 5021 3073 5130 μαργαὲιτων
3127 5021 3325 5079 τιμίων
3384 5021 3474 5059 καί
3541 5021 3593 5060 εν
3649 5021 3769 5067 τοῖς

2130 5074 2417 5149 βραχίοσιν
2450 5076 2547 5129 ἀνὰ
2584 5077 2740 5130 πὲντε
2786 5073 2891 5130 κλα
2938 5075 3030 5131 ίων
3076 5077 3236 5149 (sunt
3281 5079 3481 5134 noduli
3528 5079 3771 5134 fissuras

2126 5151 2302 5219 panni
2335 5156 2717 5216 continentes,
2750 5150 2950 5218 quales
2994 5152 3052 5205 in
3085 5150 3253 5205 stolis
3294 5158 3548 5205 veterum
3600 5150 3767 5206 Gras-

2126 5236 2325 5292 carum
2350 5220 2661 5292 mulierum
2686 5237 2858 5292 super
2882 5221 3133 5276 brachiis
3156 5238 3306 5292 saepe
3329 5222 3772 5292 conspiciuntur

2123 5289 2214 5343 καὶ
2273 5295 2451 5363 χρυσᾶ
2494 5288 2697 5363 ψελλία
2743 5288 2818 5353 sic
2864 5293 2959 5351 τὰς
3011 5296 3198 5365 χεῖρας
3242 5288 3439 5364 -αὐτοῦ,
3474 5288 3536 5347 ’ἐν
3594 5289 3651 5346 δὲ

3558 5384 3694 5418 mea
3736 5384 3769 5418 η

3558 5384 3773 5441 κεφαΛῃ

2197 5504 2308 5576 (83)
2338 5508 2489 5561 Sunt
2521 5505 2652 5563 lecti
2675 5512 2775 5562 aut
2796 5506 2853 5561 in
2879 5506 3008 5579 ipsa
3038 5505 3217 5562 humo
3250 5508 3497 5579 depositi
3529 5524 3777 5579 eamque

2127 5575 2464 5650 immediate
2495 5575 2923 5650 contingentes,
2956 5589 3051 5633 aut
3082 5596 3190 5649 ope
3222 5575 3534 5636 fulcrorum
3571 5575 3776 5635 tantil-

2128 5647 2184 5702 lu
2196 5648 2383 5723 m_snlu
2395 5651 2628 5706 mmodo
2641 5670 2670 5705 a
2684 5647 3043 5723 s'oloelevati.
3067 5647 3185 5707 Vid.
3204 5652 3286 5707 Du
3302 5653 3494 5723 Gange
3506 5670 3556 5706 v.
3573 5652 3775 5709 Cham-

2126 5718 2328 5795 cuaiae.
2381 5724 2528 5795 Ergo
2562 5739 2662 5795 pro
2706 5722 2893 5777 verbis
2949 5722 3158 5795 Latinae
3189 5718 3683 5795 interpretationis
3715 5741 3775 5778 ιη

2129 5791 2325 5867 quibus
2372 5790 2865 5867 fiumi_'decubetur
2913 5793 3112 5867 malim
3165 5790 3443 5867 substitui
3474 5797 3571 5867 qui
3610 5795 3773 5851 adlu-

2131 5863 2364 5916 beantur
2391 5862 2501 5931 (vel
2537 5862 2951 5935 insternantur)
2985 5864 3136 5921 lectis
3166 5862 3486 5925 humilibus.
