4090 6216
251 305 364 364 877

866 298 968 358 DE
1010 297 1466 360 CERIMONIIS
1509 298 1751 360 AULIE
1791 295 2263 358 BYZANTINIE
2308 298 2458 359 LIB.
2505 297 2554 360 Ι.
2600 330 2676 343 -
2722 299 3058 360 APPEND.

3544 307 3664 367 878

251 455 347 504 την
380 433 488 507 (3)·
524 424 744 505 βιϐλίον
773 429 1238 501 συναντηματικόν
1407 424 1624 504 βιϐλίον
1655 429 1717 484 τὸ
1747 447 1902 503 περι·
1934 445 1949 499 Α

2061 444 2156 484 ηοω
2191 427 2418 485 codices
2449 429 2508 484 hi
2537 446 2552 486 :
2577 429 2785 487 rituale
2804 430 3268 488 ecclesiasticum
3293 450 3308 500 ;
3332 433 3467 490 libri
3487 439 3671 493 artem

262 524 392 600 ὲχον
428 519 551 594 περὶ
585 514 794 578 εὐθείας
846 518 920 588 (5)
969 515 1057 571 καὶ
1090 521 1368 591 χειμῶνος
1410 519 1498 572 καὶ
1536 517 1728 588 ζάλης,
1764 518 1920 571 ὑετοῦ

262 632 320 667 τε
365 610 457 665 καὶ
505 608 793 682 ἀστραπῶν
843 605 934 659 κάὶ
985 607 1231 678 βροντῶν
1264 608 1352 660 καὶ
1385 605 1599 678 ἀνέμων
1634 605 1916 684 ἐπιφορᾶςο

265 700 401 776 πρὸς
457 698 674 758 τούτοις
750 693 1138 769 βροντολὸγιον
1213 695 1300 749 καὶ
1373 695 1761 771 σεισμολὸγιον
1819 698 1917 766 (6),

264 796 354 846 καί
409 785 588 863 ἕτερα,
657 786 756 840 ὅσα
811 789 1254 859 παρατηροῦντκι
1324 787 1376 839 οἱ
1444 785 1759 840 πλευστικοὶ
1818 787 1920 858 (7)’

265 879 440 936 ἴστὲον
475 875 552 946 δὲ,
604 877 687 930 ὅτι
735 877 994 928 τοιοῦτον
1057 871 1274 949 βιϐλίον
1333 874 1706 954 ἐφιλοποντςθη
1747 875 1837 930 καὶ
1870 876 1929 930 ἐκ

272 965 504 1024 πολλῶν
560 959 788 1039 βιϐλίων
840 962 1106 1038 ἠρανίσθη
1161 965 1287 1040 παρ’
1338 963 1473 1038 ἐμοῦ
1517 967 1594 1039 (8)
1646 972 1927 1019 Κωνσταν-

273 1056 424 1112 τίνου
454 1053 505 1109 ἒν
538 1054 756 1125 Χριστῷ
792 1049 1008 1128 βασιλεῖ
1037 1051 1247 1124 αἰωνίῳ
1296 1053 1566 1127 βασιλέως
1610 1053 1924 1126 Ῥωμαίων.

276 1143 540 1219 Ἐπεύχια
561 1139 833 1222 φουνδάτα
873 1141 948 1204 εἰς
977 1142 1045 1196 τὰ
1067 1137 1461 1217 χαμόκουμϐα,
1487 1140 1581 1197 ’ίνα
1613 1142 1928 1198 ἄναπαύων-

271 1257 358 1291 ται
389 1236 442 1289 o't
472 1231 648 1311 φίλοι,
683 1232 816 1306 ἅπερ
846 1231 934 1285 καὶ
963 1231 1315 1307 προείρηνται
1348 1233 1422 1294 εἷς
1454 1235 1555 1301 τήν
1588 1229 1795 1287 ἔκθεσιν
1829 1238 1927 1288 τοῦ

273 1322 736 1397 μινσουράτωρος,
787 1319 870 1374 ὅτι
920 1317 1160 1374 δίδονται
1213 1321 1318 1375 ἀπὸ
1367 1324 1464 1375 τοῦ
1516 1319 1806 1394 βασιλιγοῦ
1841 1322 1930 1396 Be-

268 1411 536 1487 cttuptou'
587 1410 877 1484 θηριάκην,
927 1408 1132 1479 ἡνίτζιν
1193 1412 1290 1482 (9),
1345 1404 1504 1484 ἔτερα
1553 1409 1930 1485 ἀντιφάρμακα

2032 518 2268 590 regendi
2309 521 2597 576 exercitus
2631 520 2887 592 bellique
2925 521 3165 592 gerendi
3195 523 3506 594 docentes;
3538 529 3671 582 item

2033 611 2167 667 libri
2193 610 2539 676 mechanici,
2555 611 2764 680 quibus
2786 616 2908 665 arte
2923 616 2980 665 et
3031 611 3424 668 instrumenta
3446 616 3677 684 capien-

2033 702 2242 758 derum
2270 700 2501 756 urbium
2527 705 2582 754 et
2603 701 2846 755 telorum
2864 699 3147 755 confectio
3164 706 3336 771 atque
3349 703 3682 771 ejaculandi

2036 793 2246 848 modus
2278 790 2715 854 describuntur,
2738 788 2969 860 aliaque
2993 790 3282 860 proposito
3306 794 3600 862 presenti,
3623 793 3682 848 id

2035 889 2122 938 est
2165 881 2511 952 expeditioni
2566 880 2830 947 militari,
2879 896 3139 952 congrua
3177 887 3234 936 et
3275 883 3461 952 utilia,
3508 889 3572 938 ut
3615 884 3686 939 de

2037 971 2206 1027 bellis
2256 976 2494 1042 agentes
2536 978 2590 1024 et
2639 970 2710 1024 de
2762 969 2983 1025 ratione
3032 976 3224 1026 castra
3271 973 3683 1044 oppugnandi;

2037 1059 2299 1116 historici
2348 1075 2602 1130 quoque,
2636 1059 2918 1129 praecipue
2947 1057 3249 1131 Polyanus
3290 1065 3348 1116 et
3382 1062 3684 1133 Syrianus.

2035 1148 2658 1220 Liber,[Artemidori]
2723 1148 3112 1205 Oneirocrites
3185 1150 3401 1220 dictus,
3459 1168 3557 1208 seu
3617 1153 3686 1208 de

2037 1238 2398 1296 somniorum
2448 1237 2924 1309 interpretatione
2951 1255 2966 1306 ;
2999 1236 3150 1293 alius
3181 1242 3685 1310 synantematicus

2040 1344 2138 1385 seu
2171 1329 2240 1384 de
2271 1327 2570 1384 ominibus
2601 1343 2729 1398 quae
2762 1326 3082 1396 capiuntur
3111 1344 3142 1384 e
3173 1328 3345 1385 rebus
3375 1329 3520 1385 vivis
3552 1346 3686 1386 mu-

2040 1418 2184 1474 tisve
2206 1418 2360 1473 foras
2380 1415 2688 1488 prodeunti
2701 1423 2800 1472 aut
2821 1414 3040 1488 aliquid
3068 1417 3398 1474 instituenti
3430 1419 3686 1488 primum

1342 1508 1545 1564 JOAN°
1575 1509 1724 1564 JAC.
1757 1509 2024 1569 REISKII
2066 1511 2640 1572 COMMENTARIUS.

339 1602 418 1673 (3)
454 1600 848 1656 Proculdubio
880 1600 1316 1673 Artemidorum
1376 1597 1672 1673 intelligit,
1707 1600 1807 1670 qui
1828 1616 1933 1673 Aso-

271 1671 565 1741 lus,'bona
598 1674 846 1738 fortuna,
878 1672 1046 1726 nobis
1080 1676 1348 1740 superest
1395 1687 1463 1725 ex
1487 1671 1938 1740 toneirocritico-

276 1762 406 1800 rum
438 1755 696 1799 veterum
731 1760 993 1798 numero.
1029 1741 1221 1798 Uttoti
1243 1742 1410 1813 nugis
1431 1750 1479 1795 et
1499 1743 1934 1813 vaporibusdif-

276 1816 407 1872 fcrti
437 1822 602 1870 erant
624 1816 800 1870 medii
847 1816 948 1868 aevi
1011 1814 1302 1876 homines,
1323 1789 1603 1868 c,crassisr
1633 1815 1928 1869 barbarici
1967 1789 2013 1853 Β

279 1889 538 1943 tenebris
570 1887 779 1957 sepulti
814 1903 912 1955 pro
945 1885 1378 1955 fataliquadam
1404 1887 1928 1957 istorumgsaaculo-

280 1976 412 2014 rum
447 1955 838 2023 inclementia,
861 1959 946 2011 sic
973 1959 1147 2010 etiam
1181 1957 1396 2010 relictis
1429 1955 1762 2010 utilioribus
1801 1963 1928 2011 stu-

281 2031 417 2094 diis,
453 2030 512 2082 in
546 2030 732 2083 varias
762 2035 936 2092 artes,
989 2029 1496 2097 interpretationes
1547 2029 1930 2095 somniorum,

281 2100 793 2157 constellationum
817 2099 1208 2168 judicationes
1238 2105 1294 2154 et
1323 2099 1545 2154 similes
1576 2100 1926 2170 quisquilias

279 2179 400 2229 toto
437 2179 670 2243 pectore
699 2171 1133 2243 incumbebant.

351 2241 871 2315 (Is)__Sic_scriptum
906 2259 1062 2297 more
1094 2241 1265 2296 istius
1294 2241 1486 2315 seculi
1522 2258 1625 2310 pro
1671 2259 1933 2315 auvaveq-

280 2311 540 2386 μαλτιὶιόν,
571 2313 786 2369 librum
812 2315 867 2367 in
901 2329 1014 2384 quo
1045 2314 1438 2386 interpretatio
1485 2317 1594 2366 τῶδ
1628 2311 1871 2386 συναντώ
1889 2331 1942 2386 ντ

274 2383 407 2454 έπων,
443 2402 642 2441 rerum
675 2383 1288 2455 occurrentium,quid
1321 2401 1521 2439 earum
1551 2401 1793 2456 quisque
1809 2383 1945 2439 boni

278 2457 495 2514 malive
519 2457 842 2527 portendat,
876 2457 1220 2512 continetur.
1264 2457 1563 2511 Amabant
1614 2466 1834 2510 veteres
1875 2471 1944 2510 ex

277 2533 451 2585 rebus
489 2528 924 2584 occurrentibus
955 2544 1126 2582 omen
1158 2533 1412 2598 captare.
1449 2527 1618 2582 Conf.
1653 2527 1942 2595 Spartian.

284 2603 342 2656 in
373 2603 585 2656 Severo
616 2605 658 2656 t.
695 2600 866 2656 lScr.
913 2603 981 2655 Η.
1028 2606 1170 2670 Aug.
1208 2616 1261 2667 p.
1293 2599 1422 2659 637.
1487 2603 1545 2653 et
1592 2598 1943 2670 Artemidor.

285 2672 372 2739 IV,
394 2674 450 2729 7.
495 2672 709 2728 Belerri
744 2671 858 2726 huc
898 2669 1139 2742 quoque
1178 2680 1423 2740 possunt
1477 2670 1657 2742 dicta_
1688 2669 1748 2724 in
1781 2669 1944 2724 libris

289 2744 528 2814 scriptis
551 2744 800 2813 primum
827 2742 883 2796 in
909 2740 1104 2797 oculos
1124 2743 1499 2805 incurrentia,
1518 2740 1944 2814 equibusvete-

291 2832 384 2871 res
412 2811 619 2872 omina
651 2814 984 2884 captabant.
1037 2814 1341 2868 Plebecula
1395 2811 1593 2884 nostra
1621 2818 1677 2866 et
1710 2811 1944 2866 mulier-

293 2887 430 2943 culae
474 2883 761 2956 praecipue
793 2901 966 2939 mane
1012 2891 1349 2956 surgentes
1380 2891 1477 2938 aut
1525 2883 1758 2956 aliquod
1801 2898 1948 2956 opus

294 2955 692 3029 suscipientes
723 2957 990 3012 evolvunt
1022 2973 1190 3029 sacra
1215 2955 1414 3020 biblia,
1446 2964 1500 3009 et
1524 2971 1570 3029 Ae
1603 2955 1753 3029 laetis
1778 2955 1950 3029 tristi-

294 3026 503 3097 busvé,
538 3029 708 3083 minis
736 3033 840 3100 aut
869 3028 1359 3100 promissionibus
1416 3031 1484 3080 de
1516 3026 1730 3080 tuturis
1762 3026 1951 3100 conji-

297 3103 484 3157 ciunt.
520 3101 674 3154 ldem
699 3099 836 3154 olim
857 3097 1034 3154 Grieci
1071 3100 1356 3154 faciebant
1385 3114 1518 3153 cum
1542 3113 1708 3152 sacro
1727 3097 1941 3160 codice,

2049 1601 2350 1678 βηματίσαι
2417 1603 2518 1680 τὴν
2578 1604 2701 1680 τῶν.
2745 1601 2952 1680 ἄστρων
2998 1599 3154 1680 ΔΘξονιν
3213 1603 3686 1680 περιεργάζονται,

2046 1671 2411 1748 imperatores
2442 1676 2510 1748 ob
2549 1671 2701 1748 omni
2748 1671 2906 1748 aetate
2933 1675 3008 1728 ad
3048 1674 3167 1744 ipsa
3195 1671 3689 1748 uostru'ternpord

2046 1750 2272 1818 fuerunt
2319 1746 2496 1802 seduli
2545 1745 2992 1818 indagandum":
3025 1746 3373 1818 positionum
3415 1745 3691 1804 astrorum

2048 1815 2136 1874 Seu
2185 1819 2499 1884 astrologiae
2537 1815 2862 1890 judiciariae
2911 1815 3166 1884 studiosi,
3198 1819 3329 1874 adeo
3367 1828 3425 1873 ut
3453 1823 3690 1890 quidam

2045 1893 2217 1946 etiam
2258 1890 2482 1962 βήματα
2525 1888 2932 1962 descripserint,
2967 1904 3064 1944 seu
3097 1891 3347 1956 tabulas,
3381 1892 3438 1944 in
3463 1888 3688 1962 quibus

2046 1968 2207 2016 astra
2244 1959 2300 2014 in
2347 1977 2488 2015 suos
2538 1959 2756 2030 gradus
2787 1965 2845 2013 et
2874 1963 3343 2016 constellationes
3383 1959 3689 2030 disposita,

2046 2031 2380 2104 triangulis,
2407 2031 2645 2104 circulis
2675 2031 2918 2098 aliisque
2937 2032 3153 2104 Aiiguris
3183 2033 3460 2088 distincta
3495 2041 3632 2089 sunt
3663 2050 3694 2090 e

2048 2102 2295 2174 quorum
2330 2102 2844 2175 combinationeet
2866 2102 3251 2175 calculatione
3274 2105 3343 2157 de
3369 2107 3576 2159 tuturis
3600 2106 3692 2175 jn-

2048 2171 2268 2230 dicium
2292 2174 2544 2228 elicitur.
2567 2171 2918 2226 Consulatur
2947 2173 3274 2229 Salmasius
3300 2176 3370 2229 de
3390 2177 3562 2230 annis
3586 2171 3690 2230 cli-

2048 2246 2396 2302 macterciis.
2424 2245 2640 2314 Hicest
2663 2243 2771 2298 loci
2800 2259 3012 2300 sensus
3032 2245 3204 2314 vulgo
3225 2246 3373 2300 male
3390 2247 3688 2301 intellecti.

2050 2319 2296 2374 Verbum
2337 2312 2639 2389 {inpatienti
2665 2315 2817 2389 idem
2841 2323 2927 2369 est
2949 2312 3448 2389 οὶᾳυοθεματίσαι,
3475 2319 3545 2372 de
3576 2333 3694 2389 qua

2047 2405 2186 2444 voce
2212 2386 2438 2443 vidJDu
2463 2388 2654 2457 Gange
2675 2386 2858 2460 Gloss.
2881 2389 2977 2460 Gr.
3002 2386 3423 2460 Rideas‘legens
3441 2386 3692 2459 aliquem

2050 2463 2204 2516 inter
2251 2461 2400 2514 bona
2450 2456 2656 2530 suaet
2696 2456 2877 2511 libros
2926 2458 3089 2525 alios,
3141 2456 3310 2530 quos'
3341 2456 3690 2515 monasterio

2049 2533 2283 2616 cuidam
2330 2530 2485 2616 legat
2533 2529 3242 2616 (apudiMop‘t‘fauc‘op‘din
3284 2531 3555 2616 Paleogr.
3590 2532 3689 2616 Gr:

2052 2620 2109 2672 p.
2141 2603 2265 2668 414)
2293 2594 2982 2672 etia'mun'utnerare‘t'zllo
3025 2594 3245 2672 βιϐλίον
3287 2594 3519 2654 παλαιδν
3557 2601 3696 2672 κατὰ

2049 2665 2423 2762 ἆστρονόμους
2470 2665 2599 2796 ἔχιρν
2659 2667 2911 2796 ἷενέθλια
2962 2665 3053 2724 xii
3111 2669 3424 2745 ὡρολόγιον
3483 2672 3575 2726 καὶ
3626 2671 3695 2725 τὰ

2049 2763 2355 2796 τοιακοντα.
2391 2743 2488 2796 ubi
2561 2757 2656 2796 oro
2691 2742 2880 2796 ouium
2907 2742 3188 2796 estliber.
3221 2745 3280 2796 in
3315 2761 3430 2796 auo
3463 2745 3694 2796 signiﬁ-

2048 2742 2355 2817 τριάκοντα,
2391 2742 2885 2817 ubi'horologiuni
2907 2748 2996 2797 est
3023 2742 3188 2807 liber,
3221 2745 3280 2798 in
3315 2742 3430 2816 quo
3463 2745 3694 2817 signiﬁf

2051 2811 2236 2888 catur,
2261 2832 2386 2885 quae
2409 2815 2565 2869 horae
2590 2816 2750 2868 bona;
2767 2811 3030 2888 malasve,
3054 2821 3108 2870 et
3131 2811 3350 2888 quibus
3368 2811 3694 2888 epuquuod

2051 2887 2450 2957 incipiendum
2478 2886 2779 2957 ne_cne,vel
2804 2887 2873 2939 de
2895 2887 3338 2950 tempestatibus
3362 2888 3520 2943 anni.
3545 2886 3693 2952 Quid

2053 2959 2128 3014 ibi
2165 2955 2284 3013 sint
2318 2957 2386 3010 τὰ
2430 2955 2727 3029 τριάκονταᾼ
2767 2960 2981 3029 nescio.
3016 2957 3179 3012 Forte
3228 2967 3317 3014 est
3365 2962 3698 3028 astrologus

2054 3030 2267 3100 aliquis
2300 3026 2599 3100 Arabicus,
2633 3027 2732 3099 qui
2767 3026 2979 3082 librum
3013 3045 3185 3084 suum
3234 3033 3417 3096 capita
3464 3026 3698 3100 triginta

2057 3099 2378 3170 inseripsit.
2429 3099 2827 3170 Nugacitatem
2886 3105 2944 3152 et
2999 3101 3389 3170 ignorantiam
3451 3099 3700 3156 isterum

301 3145 836 3241 ἷιΐῖΤὶῖἑεῖῥιῖἁὶῖἑ
861 3145 1942 3242 'ﬁiwéselméélir'e'ni'ﬁ'.712131312
1976 3145 2018 3212 C
2060 3145 2390 3242 astam
2423 3145 2827 3225 ὲῖῗᾶεῐῖιίἔῶ
2861 3145 3697 3241 εῐῦάίἓὶ-ἰῖιὶῗιὶὶῖῐῖὶιαἶἰἶίεῖιῖἑ

301 3243 783 3298 Muhammedani
801 3241 906 3298 suo
919 3245 1203 3298 Alcorano
1217 3243 1488 3298 eumdem
1506 3242 1562 3295 in
1585 3241 1757 3295 finem
1777 3245 1953 3295 utun-

301 3319 414 3382 tur,
440 3321 496 3369 et
517 3313 634 3369 vidi
658 3315 868 3368 multos
904 3314 1172 3369 Alcorani
1223 3314 1475 3378 codices,
1506 3312 1717 3382 quibus
1747 3312 1804 3366 in
1839 3311 1952 3366 fine

305 3387 574 3441 additum
607 3390 729 3441 erat
759 3385 892 3457 phal
927 3386 1135 3441 nameh
1169 3401 1269 3442 seu
1295 3386 1580 3457 interpres
1601 3383 1862 3439 omnium
1885 3398 1953 3457 ex

303 3458 587 3514 Alcorano
619 3455 1063 3529 emergentium.
1084 3458 1163 3512 De
1195 3457 1450 3512 sortibus
1474 3456 1806 3529 Virgilianis
1829 3455 1954 3529 egit

306 3530 684 3586 Casaubonus
717 3527 1022 3599 ad'Script.
1049 3529 1194 3585 Ilist.
1229 3536 1376 3599 Aug.
1410 3533 1452 3582 t.
1490 3529 1530 3593 Ι,
1580 3527 1632 3596 p.
1658 3527 1741 3590 19,
1776 3527 1847 3580 ad
1878 3527 1954 3580 lo-

307 3617 440 3658 cum
458 3601 770 3669 Spartiani,
787 3617 960 3670 quem
983 3603 1128 3655 bona
1150 3617 1280 3654 cum
1307 3600 1536 3654 lectoris
1551 3600 1786 3653 veniain
1802 3604 1952 3651 tran-

309 3672 424 3728 situ
444 3671 617 3726 simul
633 3672 952 3726 emendaho
967 3681 1017 3726 et
1032 3670 1794 3725 illustrabobrevibus.Puto
1808 3684 1956 3724 nem-

309 3761 380 3813 pe
403 3751 488 3797 sic
509 3741 815 3813 legendum
850 3759 981 3796 eum
1016 3757 1176 3813 esse:
1199 3745 1310 3810 fuit
1331 3742 1661 3810 (Adrianus)
1683 3739 1744 3794 in
1767 3754 1958 3813 among

311 3811 865 3881 Traianiﬁiectamen
881 3812 1443 3884 ei(Adriano)per(id
1459 3812 1572 3880 est)
1593 3813 1677 3876 ob,
1703 3811 1958 3884 promer)

311 3879 638 3956 pedagogos
687 3879 1001 3951 puerorum,
1041 3879 1498 3956 quosiTrqjanus
1532 3879 1835 3956 impensius
1867 3879 1958 3934 di-

314 3952 558 4024 ligebat,
595 3954 744 4010 Celso
789 3952 1255 4022 [aventes‘detulit
1306 3953 1595 4020 Rescripsi
1644 3952 1798 4007 Celso
1858 3965 1959 4020 pro

315 4029 477 4085 Gallo
508 4027 582 4082 ob
609 4043 678 4082 ea
706 4043 832 4095 quae
857 4045 911 4096 p.
945 4027 1013 4080 39
1044 4027 1340 4096 leguntur.
1401 4025 1599 4079 Detulit
1629 4028 1820 4096 autem
1857 4037 1955 4090 po-

316 4101 430 4156 situ
443 4115 496 4152 m
519 4115 618 4168 pro
632 4091 870 4152 multum
890 4091 1252 4166 detulitfnem
1264 4115 1330 4166 pe
1341 4091 1963 4168 Trajanus,éxupl§sto°

315 4166 538 4242 deferre
569 4177 706 4242 tunc
736 4171 1006 4224 dicebant
1037 4180 1091 4224 et
1108 4169 1359 4242 sequiori
1392 4177 1556 4242 atate
1599 4183 1699 4236 pro
1721 4166 1961 4242 multum

316 4235 422 4300 aut
449 4240 665 4313 aliquid
695 4242 874 4296 alicui
902 4241 1132 4311 deferre.
1186 4235 1280 4296 Sic
1339 4241 1578 4313 passi_m_
1602 4235 1852 4292 Occurrit
1901 4235 1961 4313 in

316 4308 711 4387 Script‘z'llist,
771 4322 917 4387 Aug.
966 4308 1130 4387 Cano
1185 4329 1237 4367 v.
1271 4308 1500 4387 concilii
1557 4308 1963 4387 LateranAensis

319 4379 473 4454 apud
497 4379 956 4454 Neubrigensém
991 4383 1026 4438 l.
1062 4402 1146 4448 Ill,
1179 4400 1227 4437 c.
1281 4385 1332 4438 3.
1393 4384 1628 4438 Tantam
1686 4382 1745 4435 in
1771 4379 1964 4454 caris-

317 4451 500 4512 tianos
530 4451 930 4511 immanitatem
957 4460 1232 4520 exercent,
1257 4460 1440 4510 utnec
1457 4453 1778 4510 monasterii
1813 4451 1964 4518 defe-

320 4529 472 4594 rant,
501 4541 597 4581 nec
624 4527 806 4582 viduis
836 4543 900 4582 ac
975 4506 1232 4596 pupillis,
1725 4506 1966 4594 senibus,
2005 4506 2045 4574 ί)
2077 4506 2233 4584 ve‘ni'.

323 4614 440 4654 non
470 4598 693 4655 cuilibet
711 4603 944 4669 parcant
972 4601 1136 4654 aetati.

390 4670 469 4740 (5)
505 4665 914 4740 Imperatorem
947 4669 1317 4726 astronomiae
1349 4668 1680 4738 aliqualiter
1709 4665 1963 4737 peritum

320 4744 378 4814 et
401 4741 517 4796 diei
553 4742 858 4814 noctisque
888 4747 1065 4814 atque
1097 4746 1505 4814 tempestatem
1530 4754 1662 4814 esse
1678 4743 1965 4814 oportere,

319 4813 648 4886 luculenter
659 4808 1027 4869 demonstrat
1040 4808 1306 4886 Polybius
1318 4812 1567 4886 pag._554
1596 4811 1686 4886 ed:
1701 4808 1964 4886 Wechel.

393 4884 476 4956 (β)
507 4884 657 4956 ῒζὶᾀ.Δ
698 4889 784 4938 Du
815 4888 1004 4954 Cangn
1052 4879 1163 4956 Gl:
1214 4879 1335 4956 Gr;
1367 4879 1424 4938 v'.
1453 4879 1852 4956 Βροντολόγιον
1912 4883 1970 4932 et

331 4949 806 5026 Κάλανὸολόγιον,
835 4949 1412 5026 υῦΓΟοιεηάοιοςὶοη
1455 4949 1965 5026 Graecobarbarum

321 5026 608 5097 exhibuit,
642 5024 756 5094 quo
786 5024 1307 5097 designatumquid
1329 5024 1970 5097 tempestatisﬁortuna

324 5093 1967 5168 calamitatumveunusquisqu'ediesimportet.Navigan-

323 5167 488 5225 tibus
520 5183 690 5221 usum
725 5167 999 5236 praestare
1030 5167 1206 5224 libros
1238 5170 1416 5239 hujus
1439 5167 1670 5239 generis
1699 5171 1969 5239 etneces-

325 5240 519 5296 sarios
550 5255 679 5294 esse
709 5235 874 5294 facile
903 5239 1204 5307 largimur.
1233 5235 1757 5295 Verum'excessum
1788 5239 1843 5291 in
1883 5235 1972 5290 his

327 5313 396 5368 ad
431 5311 700 5365 insanum
727 5313 992 5366 studium
1025 5320 1083 5366 et
1104 5313 1573 5381 superstitionem
1600 5310 1972 5375 fuit,prteser-

328 5384 434 5440 tim
470 5383 528 5436 in
562 5383 821 5450 Oriente,
855 5385 1022 5452 cujus
1053 5400 1211 5451 reges
1245 5384 1562 5452 pracipuos
1594 5381 1895 5436 ministros
1917 5382 1976 5433 et

331 5453 555 5510 amicos
576 5454 902 5511 habuerunt
935 5471 1159 5524 semper
1189 5460 1246 5510 et
1302 5456 1494 5510 adhuc
1537 5453 1753 5524 habent
1783 5452 1971 5524 Almo-

332 5542 587 5596 naggem,
619 5527 1001 5598 astrologum,
1034 5521 1098 5582 ut
1135 5543 1202 5582 ex
1247 5527 1506 5580 historiis
1541 5531 1597 5580 et
1634 5521 1973 5588 itinerariis,

333 5603 400 5652 ut
421 5597 674 5653 Bernieri
691 5605 745 5653 et
767 5599 1038 5664 aliorum,
1062 5603 1309 5653 constat.
1334 5602 1530 5669 Neque
1553 5597 1746 5652 minus
1769 5593 1977 5669 favisse

615 5639 646 5653 ιι
664 5639 674 5652 Ι
692 5639 745 5653 ιδ
767 5639 816 5654 ιιι
832 5639 899 5655 ΙυΙ
919 5639 1038 5664 υιιι,
1063 5639 1309 5653 υυιιυιιιυο

333 5684 496 5740 vana
531 5670 662 5740 huic
693 5673 796 5725 arti
827 5671 1058 5728 Graecos
1082 5664 1487 5740 imperatores,
1510 5668 1772 5740 ipsorum
1794 5664 1977 5740 histo-

333 5738 416 5794 ria
449 5742 511 5793 et
540 5739 770 5798 Nicctas
796 5743 1104 5799 Choniates
1135 5736 1190 5811 ρ’.
1224 5743 1331 5811 342
1362 5736 1627 5807 testatur,
1659 5739 1829 5811 cujus
1857 5736 1979 5811 haec

329 5811 470 5869 sunt
533 5813 753 5870 verba:
813 5813 881 5872 Oi
920 5811 972 5868 lc
1029 5805 1176 5888 ἡμεῐς
1231 5805 1626 5889 αὓτοκράτορεξ
1670 5805 1759 5863 κοίῖ
1812 5805 1979 5882 μέχρι

2059 3244 2387 3300 liberalium
2413 3258 2527 3296 non
2551 3258 2618 3297 ex
2640 3242 2739 3296 illo
2761 3242 2969 3296 insano
2989 3242 3049 3297 in
3073 3243 3441 3308 astrologiam
3466 3245 3697 3308 all‘ectu,

2060 3321 2155 3372 sed
2189 3315 2365 3370 etiam
2399 3330 2465 3369 ex
2497 3329 2562 3368 eo
2595 3329 2894 3384 agnoscas,
2930 3314 3084 3384 quod
3115 3313 3175 3368 in
3214 3314 3384 3369 turba
3417 3329 3699 3370 vanorum

2059 3393 2118 3444 et
2149 3385 2443 3442 inutilium
2476 3385 2783 3449 librorum,
2807 3401 2951 3455 quos
2978 3386 3362 3455 imperatores
3383 3385 3476 3440 hic
3497 3386 3702 3441 dicun-

2061 3463 2158 3514 tur
2186 3459 2244 3513 in
2277 3463 2468 3514 castra
2499 3472 2695 3512 secum
2721 3457 2969 3529 trahere,
2993 3458 3326 3512 tabularum
3359 3457 3700 3529 geographi-

2062 3547 2262 3586 carum
2296 3534 2352 3585 et
2380 3529 2814 3583 itinerariorum
2850 3527 3010 3582 nulla
3044 3530 3260 3584 mentio
3289 3527 3408 3593 ﬁat,
3434 3527 3582 3600 quas
3613 3545 3706 3584 co-

2065 3603 2297 3656 mitulus
2321 3601 2494 3655 fuisse
2513 3606 2737 3655 veteres
2759 3600 2938 3671 impp.
2954 3606 3210 3672 testatur
3231 3600 3515 3672 Vegetius
3532 3602 3626 3665 Ill,
3648 3600 3705 3655 6.

2067 3673 2154 3728 his
2178 3673 2393 3726 verbis:
2410 3673 2739 3727 Solertiores
2761 3672 2920 3726 duces
2941 3671 3246 3727 itinerario
3267 3671 3704 3741 provinciarum,

2065 3747 2122 3799 in
2173 3744 2368 3813 quibus
2398 3744 2704 3815 necessitas
2748 3741 2953 3815 [χρεία,
3005 3759 3094 3797 res
3142 3743 3333 3812 aliqua
3365 3745 3707 3815 necessario

2067 3813 2414 3884 peragenda]
2438 3816 2670 3880 geritur,
2688 3813 2810 3884 inon‘
2826 3819 3042 3868 tantum
3063 3819 3329 3869 annorata
3360 3813 3707 3884 [litterarum

2068 3814 2414 3884 peragenda]
2438 3816 2670 3880 geritur,
2695 3814 2808 3868 non
2826 3819 3042 3868 tantum
3063 3819 3329 3869 annorata
3386 3814 3707 3867 litterarum

2068 3885 2461 3955 monumentis
2488 3885 2544 3937 in
2571 3883 2734 3937 libris
2767 3884 3000 3955 scriptis
3023 3814 3408 3955 consignatas,
3429 3883 3522 3938 sed
3542 3886 3711 3938 etiam

2063 3963 2210 4026 picta
2244 3953 2495 4026 habuisse
2524 3955 2823 4024 ﬁrmantur
2852 3954 2984 4025 [hoc
3015 3962 3123 4026 est,
3147 3953 3303 4008 certa
3325 3953 3380 4008 et
3399 3971 3529 4009 vera
3558 3957 3711 4010 fama

2069 4025 2398 4096 traduntur]
2415 4042 2429 4089 ;
2445 4029 2622 4080 utnon
2641 4026 2817 4080 solum
2837 4025 3066 4079 consilio
3088 4029 3306 4093 mentis,
3328 4042 3519 4080 verum
3542 4029 3711 4081 etiam

2067 4107 2284 4167 aspectu
2315 4095 2596 4151 oculorum
2629 4095 2775 4150 viam
2804 4096 3131 4166 proiecturis
3162 4098 3441 4163 eligerent.

2139 4168 2217 4239 (7)
2240 4167 2478 4239 Nautes,
2511 4169 2608 4238 qui
2641 4170 2853 4235 saepius
2886 4169 3181 4235 navigant.
3207 4167 3286 4223 De
3309 4168 3712 4239 terminatione

2071 4235 2155 4294 in'
2187 4235 2282 4298 κός
2347 4257 2448 4311 pro
2508 4235 2744 4311 nomine
2793 4241 3186 4304 subetantivo,
3241 4246 3305 4311 ut
3326 4235 3575 4296 ναυτικάς
3608 4254 3711 4310 pro

2069 4306 2690 4384 nautata‘tpattwttxdc
2735 4328 2834 4380 pro
2863 4311 3059 4380 milite,
3090 4328 3142 4366 v.
3181 4310 3367 4368 Vales.
3415 4312 3486 4368 ad
3517 4306 3709 4366 Anim.

2073 4382 2326 4439 Marcell.
2363 4382 2417 4453 p.
2453 4385 2548 4438 161
2585 4390 2642 4438 et
2673 4384 2803 4439 426.

2145 4455 2222 4525 (8)
2256 4460 2336 4510 De
2366 4451 2473 4511 hoc
2504 4454 2651 4511 libro
2683 4454 2891 4511 nullibi
2950 4454 3306 4512 mentionem
3365 4453 3578 4510 factam
3624 4451 3714 4509 in-

2145 4597 2224 4667 (9)
2253 4596 2392 4652 Cum
2435 4596 2625 4668 locum
2657 4596 2815 4653 hunc
2846 4601 3150 4664 verterem,
3184 4596 3519 4653 nesciebam
3540 4667 3544 4668 ί
3569 4595 3713 4668 quid

2073 4666 2197 4725 haec
2227 4684 2332 4724 vox
2363 4666 2478 4722 sibi
2506 4668 2682 4724 vellet
2712 4673 2814 4724 aut
2851 4670 3007 4724 unde
3034 4669 3279 4737 veniret,
3321 4666 3714 4738 quamvis—su-

2073 4741 2324 4812 spicarer
2351 4739 2655 4796 Arabicam
2688 4757 2836 4797 esse.
2871 4740 3278 4812 Nequeit‘alsus
3310 4739 3390 4794 fui
3422 4740 3716 4812 conjectu-

2074 4810 2297 4866 rte.Vix
2327 4816 2524 4866 tamen
2583 4827 2861 4882 unquam,
2912 4810 3024 4866 nisi
3081 4811 3210 4882 ipsa
3256 4810 3612 4882 experientia
3658 4813 3717 4865 et

2075 4881 2810 4954 hujusvocabuliexemplo
2838 4884 3066 4949 doctus,
3095 4881 3472 4938 credidissem
3487 4881 3716 4954 Grzecos

2076 4952 2278 5017 novos,
2309 4957 2405 5022 qui
2439 4970 2616 5025 penes
2640 4952 2967 5025 mequidem
2988 4954 3339 5025 ineptiarum
3378 4963 3431 5010 et
3450 4952 3715 5009 sordium

2076 5025 2337 5095 omnium
2371 5040 2609 5092 capaces
2630 5026 2939 5090 habentur,
2957 5041 3024 5081 eo
3069 5025 3422 5095 processisse
3453 5039 3715 5095 unquam

2076 5043 2337 5080 omnium
2371 5043 2609 5092 capaces
2631 5043 2939 5090 nanentur,
2957 5043 3024 5081 eo
3108 5043 3422 5081 recessisse
3453 5043 3715 5095 unquam

2076 5094 2324 5152 licentia:
2356 5097 2415 5150 in
2437 5097 2818 5168 deturpandis
2839 5103 2896 5152 et
2918 5043 3252 5152 mutifandis
3278 5097 3602 5168 peregrinis
3622 5110 3717 5148 vo-

2079 5169 2271 5234 cibus,
2304 5171 2364 5221 ut
2393 5167 2721 5241 exemplum
2758 5168 2872 5224 tale
2919 5171 3173 5235 ederent,
3231 5167 3402 5241 quale
3459 5167 3568 5222 hoc
3604 5171 3713 5221 est.

2080 5244 2183 5312 Pro
2206 5237 2586 5312 σικιπηνίτζιν,
2621 5241 2774 5312 quod
2819 5256 3152 5311 sagapenum
3199 5237 3478 5312 Arabitus
3527 5241 3716 5312 notat,

2080 5310 2275 5365 ablata
2302 5311 2527 5382 meliori
2565 5309 2742 5382 parte,
2775 5309 3144 5381 expeditioris
3166 5311 3509 5382 elocutionis
3532 5309 3719 5382 gratia

2079 5383 2349 5437 dixerunt
2378 5375 2608 5451 ἠνίτζιν.
2641 5375 2770 5437 Vid.
2802 5375 2887 5438 Du
2912 5386 3102 5454 Cange
3132 5400 3184 5438 ν.
3241 5375 3563 5450 Σικινίϐιτζ,
3616 5380 3716 5436 ubi

2081 5454 2267 5508 varios
2297 5454 2586 5511 scribendi
2619 5455 2766 5510 hanc
2796 5471 3002 5510 vocum
3037 5456 3234 5510 modos
3267 5455 3485 5524 profert
3515 5468 3719 5524 pravos

2082 5540 2286 5581 omnes
2318 5533 2526 5594 praeter
2555 5543 2736 5582 unum
2769 5525 3083 5594 σικιπίνιτζ,
3115 5530 3173 5582 et
3216 5527 3441 5596 adjecta
3474 5524 3720 5596 termina

2085 5597 2240 5651 tione
2281 5615 2325 5647 tv
2357 5597 2486 5669 (pro
2519 5601 2620 5669 ιον)
2650 5595 3020 5669 σικιπινίτζιν,
3055 5602 3153 5653 aut
3193 5595 3419 5653 similes
3445 5595 3720 5664 scriptio-

2087 5662 2614 5740 ῃοᾳνισκιϐινίτζιηί
2639 5674 2696 5726 et
2726 5662 3098 5740 ct'xthv‘itttv.
3131 5669 3495 5740 Sagapenum
3526 5662 3720 5740 autem

2089 5739 2471 5812 utilissimum
2495 5736 2623 5798 esse
2643 5736 2897 5812 simplex
2913 5749 3028 5797 tam
3046 5740 3106 5796 in
3131 5736 3441 5806 medicina,
3464 5753 3639 5810 quam
3662 5736 3723 5794 in

2092 5810 2407 5888 chirurgia,
2438 5817 2643 5873 notum
2672 5810 2785 5870 est.
