  <div class='ocr_page' id='page_1' title='image "/cluster/home/n/w/nwhite01/storage/ocr_20150623/112/hvd.32044073502304/458.png"; bbox 0 0 4090 6216; ppageno 0'>
   <div class='ocr_carea' id='block_1_1' title="bbox 307 374 422 459">
    <p class='ocr_par' dir='ltr' id='par_1_1' title="bbox 307 374 422 459">
     <span class='ocr_line' id='line_1_1' title="bbox 307 374 422 459; baseline -0.009 -25"><span class='ocrx_word' id='word_1_1' title='bbox 307 374 422 459; x_wconf 73' lang='lat'><strong>995</strong></span> 
     </span>
    </p>
   </div>
   <div class='ocr_carea' id='block_1_2' title="bbox 910 367 3079 432">
    <p class='ocr_par' dir='ltr' id='par_1_2' title="bbox 910 367 3079 432">
     <span class='ocr_line' id='line_1_2' title="bbox 910 367 3079 432; baseline -0.001 -2"><span class='ocrx_word' id='word_1_2' title='bbox 910 370 1014 430; x_wconf 86' lang='lat' dir='ltr'><strong>DE</strong></span> <span class='ocrx_word' id='word_1_3' title='bbox 1058 369 1506 431; x_wconf 75' lang='lat' dir='ltr'><strong>CERIMONIIS</strong></span> <span class='ocrx_word' id='word_1_4' title='bbox 1555 369 1786 432; x_wconf 68' lang='lat' dir='ltr'><strong>AULIE</strong></span> <span class='ocrx_word' id='word_1_5' title='bbox 1828 367 2308 430; x_wconf 62' lang='lat' dir='ltr'><strong>BYZANTINIE</strong></span> <span class='ocrx_word' id='word_1_6' title='bbox 2349 371 2498 431; x_wconf 83' lang='lat' dir='ltr'><strong>LIB.</strong></span> <span class='ocrx_word' id='word_1_7' title='bbox 2544 369 2592 430; x_wconf 89' lang='grc' dir='ltr'><strong>Ι.</strong></span> <span class='ocrx_word' id='word_1_8' title='bbox 2630 402 2707 414; x_wconf 88' lang='grc'><strong>--</strong></span> <span class='ocrx_word' id='word_1_9' title='bbox 2749 369 3079 430; x_wconf 83' lang='lat' dir='ltr'><strong>APPEND.</strong></span> 
     </span>
    </p>
   </div>
   <div class='ocr_carea' id='block_1_3' title="bbox 3606 372 3724 434">
    <p class='ocr_par' dir='ltr' id='par_1_3' title="bbox 3606 372 3724 434">
     <span class='ocr_line' id='line_1_3' title="bbox 3606 372 3724 434; baseline 0.017 -2"><span class='ocrx_word' id='word_1_10' title='bbox 3606 372 3724 434; x_wconf 86' lang='lat'><strong>906</strong></span> 
     </span>
    </p>
   </div>
   <div class='ocr_carea' id='block_1_4' title="bbox 311 497 1972 577">
    <p class='ocr_par' dir='ltr' id='par_1_4' title="bbox 311 497 1972 577">
     <span class='ocr_line' id='line_1_4' title="bbox 311 497 1972 577; baseline -0.004 -17"><span class='ocrx_word' id='word_1_11' title='bbox 311 502 408 560; x_wconf 84' lang='grc' dir='ltr'><strong>λια</strong></span> <span class='ocrx_word' id='word_1_12' title='bbox 435 505 549 577; x_wconf 85' lang='grc'><strong>(56)</strong></span> <span class='ocrx_word' id='word_1_13' title='bbox 583 501 869 577; x_wconf 80' lang='grc' dir='ltr'>ὀλόχρυσα</span> <span class='ocrx_word' id='word_1_14' title='bbox 898 497 1016 558; x_wconf 72' lang='grc' dir='ltr'><strong>δύο.</strong></span> <span class='ocrx_word' id='word_1_15' title='bbox 1069 499 1264 559; x_wconf 78' lang='grc' dir='ltr'>’ῐστὲον</span> <span class='ocrx_word' id='word_1_16' title='bbox 1314 500 1397 556; x_wconf 75' lang='grc' dir='ltr'>ὅτι</span> <span class='ocrx_word' id='word_1_17' title='bbox 1447 505 1615 557; x_wconf 70' lang='grc' dir='ltr'><strong>ταῦτα</strong></span> <span class='ocrx_word' id='word_1_18' title='bbox 1647 500 1700 556; x_wconf 77' lang='grc' dir='ltr'>ἐν</span> <span class='ocrx_word' id='word_1_19' title='bbox 1736 505 1815 574; x_wconf 77' lang='grc' dir='ltr'><strong>τῷ</strong></span> <span class='ocrx_word' id='word_1_20' title='bbox 1845 521 1972 554; x_wconf 87' lang='grc' dir='ltr'>συν-</span> 
     </span>
    </p>
   </div>
   <div class='ocr_carea' id='block_1_5' title="bbox 2083 497 3727 577">
    <p class='ocr_par' dir='ltr' id='par_1_5' title="bbox 2087 501 3727 574">
     <span class='ocr_line' id='line_1_5' title="bbox 2087 501 3727 574; baseline 0.004 -20"><span class='ocrx_word' id='word_1_21' title='bbox 2087 502 2404 573; x_wconf 88' lang='lat' dir='ltr'><strong>imperator</strong></span> <span class='ocrx_word' id='word_1_22' title='bbox 2436 501 2555 557; x_wconf 81' lang='lat' dir='ltr'><strong>vult</strong></span> <span class='ocrx_word' id='word_1_23' title='bbox 2585 501 2854 572; x_wconf 79' lang='lat' dir='ltr'><strong>pietatem</strong></span> <span class='ocrx_word' id='word_1_24' title='bbox 2888 517 2990 558; x_wconf 90' lang='lat' dir='ltr'><strong>seu</strong></span> <span class='ocrx_word' id='word_1_25' title='bbox 3022 501 3236 556; x_wconf 85' lang='lat' dir='ltr'><strong>donum</strong></span> <span class='ocrx_word' id='word_1_26' title='bbox 3270 502 3528 558; x_wconf 89' lang='lat' dir='ltr'><strong>caritatis</strong></span> <span class='ocrx_word' id='word_1_27' title='bbox 3567 505 3727 574; x_wconf 89' lang='lat' dir='ltr'><strong>dare,</strong></span> 
     </span>
    </p>
   </div>
   <div class='ocr_carea' id='block_1_6' title="bbox 314 588 1967 666">
    <p class='ocr_par' dir='ltr' id='par_1_6' title="bbox 314 588 1967 666">
     <span class='ocr_line' id='line_1_6' title="bbox 314 588 1967 666; baseline -0.004 -17"><span class='ocrx_word' id='word_1_28' title='bbox 314 598 590 657; x_wconf 82' lang='grc' dir='ltr'>εστιᾶσθαι</span> <span class='ocrx_word' id='word_1_29' title='bbox 619 591 864 653; x_wconf 70' lang='grc' dir='ltr'>ἐθνικοὺς</span> <span class='ocrx_word' id='word_1_30' title='bbox 893 595 971 662; x_wconf 79' lang='grc' dir='ltr'><strong>τῷ</strong></span> <span class='ocrx_word' id='word_1_31' title='bbox 1005 589 1223 664; x_wconf 80' lang='grc' dir='ltr'>βασιλεῖ</span> <span class='ocrx_word' id='word_1_32' title='bbox 1246 588 1556 666; x_wconf 65' lang='grc' dir='ltr'>ὀφείλουσιν</span> <span class='ocrx_word' id='word_1_33' title='bbox 1590 588 1844 664; x_wconf 78' lang='grc' dir='ltr'>ἐνεργεῖν,</span> <span class='ocrx_word' id='word_1_34' title='bbox 1870 589 1967 644; x_wconf 82' lang='grc' dir='ltr'>Διὰ</span> 
     </span>
    </p>
   </div>
   <div class='ocr_carea' id='block_1_7' title="bbox 311 677 1966 760">
    <p class='ocr_par' dir='ltr' id='par_1_7' title="bbox 311 677 1966 760">
     <span class='ocr_line' id='line_1_7' title="bbox 311 677 1966 760; baseline -0.003 -22"><span class='ocrx_word' id='word_1_35' title='bbox 311 687 473 738; x_wconf 75' lang='grc' dir='ltr'>τοῦτο</span> <span class='ocrx_word' id='word_1_36' title='bbox 508 682 610 760; x_wconf 67' lang='grc' dir='ltr'><strong>γὰρ</strong></span> <span class='ocrx_word' id='word_1_37' title='bbox 632 683 718 736; x_wconf 79' lang='grc' dir='ltr'><strong>καὶ</strong></span> <span class='ocrx_word' id='word_1_38' title='bbox 745 679 796 736; x_wconf 80' lang='grc' dir='ltr'>ἐν</span> <span class='ocrx_word' id='word_1_39' title='bbox 817 686 939 744; x_wconf 85' lang='grc' dir='ltr'>ταῖς</span> <span class='ocrx_word' id='word_1_40' title='bbox 960 681 1264 758; x_wconf 75' lang='grc' dir='ltr'>φορτώσεσι</span> <span class='ocrx_word' id='word_1_41' title='bbox 1294 683 1390 734; x_wconf 79' lang='grc' dir='ltr'>τοῦ</span> <span class='ocrx_word' id='word_1_42' title='bbox 1426 677 1717 754; x_wconf 75' lang='grc' dir='ltr'>βασιλικοῦ</span> <span class='ocrx_word' id='word_1_43' title='bbox 1751 679 1966 754; x_wconf 79' lang='grc' dir='ltr'>βεστιαο</span> 
     </span>
    </p>
   </div>
   <div class='ocr_carea' id='block_1_8' title="bbox 315 766 1964 850">
    <p class='ocr_par' dir='ltr' id='par_1_8' title="bbox 315 766 1964 850">
     <span class='ocr_line' id='line_1_8' title="bbox 315 766 1964 850; baseline -0.002 -25"><span class='ocrx_word' id='word_1_44' title='bbox 315 772 432 846; x_wconf 87' lang='grc' dir='ltr'>ρίου</span> <span class='ocrx_word' id='word_1_45' title='bbox 461 772 844 850; x_wconf 75' lang='grc' dir='ltr'><strong>τυγχάνουσιν,</strong></span> <span class='ocrx_word' id='word_1_46' title='bbox 878 770 952 831; x_wconf 84' lang='grc' dir='ltr'><strong>ὡς</strong></span> <span class='ocrx_word' id='word_1_47' title='bbox 987 770 1061 840; x_wconf 81' lang='grc' dir='ltr'>μή</span> <span class='ocrx_word' id='word_1_48' title='bbox 1105 769 1223 823; x_wconf 75' lang='grc' dir='ltr'>καθ’</span> <span class='ocrx_word' id='word_1_49' title='bbox 1274 768 1503 838; x_wconf 72' lang='grc' dir='ltr'>ἑκάστην</span> <span class='ocrx_word' id='word_1_50' title='bbox 1536 766 1859 844; x_wconf 76' lang='grc' dir='ltr'>ἐνεργοῦντα</span> <span class='ocrx_word' id='word_1_51' title='bbox 1889 767 1964 830; x_wconf 77' lang='grc' dir='ltr'><strong>εἷς</strong></span> 
     </span>
    </p>
   </div>
   <div class='ocr_carea' id='block_1_9' title="bbox 315 854 1966 936">
    <p class='ocr_par' dir='ltr' id='par_1_9' title="bbox 315 854 1966 936">
     <span class='ocr_line' id='line_1_9' title="bbox 315 854 1966 936; baseline -0.002 -21"><span class='ocrx_word' id='word_1_52' title='bbox 315 861 378 916; x_wconf 83' lang='grc' dir='ltr'><strong>τὸ</strong></span> <span class='ocrx_word' id='word_1_53' title='bbox 412 858 697 936; x_wconf 86' lang='grc' dir='ltr'>βασιλικὸν</span> <span class='ocrx_word' id='word_1_54' title='bbox 725 855 1034 932; x_wconf 69' lang='grc' dir='ltr'>τραπέζιον.</span> <span class='ocrx_word' id='word_1_55' title='bbox 1068 858 1142 913; x_wconf 85' lang='grc' dir='ltr'><strong>Τὸ</strong></span> <span class='ocrx_word' id='word_1_56' title='bbox 1186 854 1242 911; x_wconf 76' lang='grc' dir='ltr'><strong>δὲ</strong></span> <span class='ocrx_word' id='word_1_57' title='bbox 1290 857 1496 928; x_wconf 82' lang='grc' dir='ltr'>ἀσῆμιν</span> <span class='ocrx_word' id='word_1_58' title='bbox 1529 860 1626 922; x_wconf 81' lang='grc' dir='ltr'><strong>τῆς</strong></span> <span class='ocrx_word' id='word_1_59' title='bbox 1670 855 1966 930; x_wconf 77' lang='grc' dir='ltr'>βασιλικῆς</span> 
     </span>
    </p>
   </div>
   <div class='ocr_carea' id='block_1_10' title="bbox 323 945 1970 1024">
    <p class='ocr_par' dir='ltr' id='par_1_10' title="bbox 323 945 1970 1024">
     <span class='ocr_line' id='line_1_10' title="bbox 323 945 1970 1024; baseline -0.002 -20"><span class='ocrx_word' id='word_1_60' title='bbox 323 947 616 1024; x_wconf 70' lang='grc' dir='ltr'>ὑπουργίας</span> <span class='ocrx_word' id='word_1_61' title='bbox 678 945 884 1024; x_wconf 66' lang='grc' dir='ltr'>ὀφείλει</span> <span class='ocrx_word' id='word_1_62' title='bbox 951 947 1236 1020; x_wconf 73' lang='grc' dir='ltr'>βαστάζειν</span> <span class='ocrx_word' id='word_1_63' title='bbox 1291 948 1326 1016; x_wconf 79' lang='grc' dir='ltr'><strong>ἡ</strong></span> <span class='ocrx_word' id='word_1_64' title='bbox 1395 945 1667 1022; x_wconf 72' lang='grc' dir='ltr'>ὑπουργία</span> <span class='ocrx_word' id='word_1_65' title='bbox 1733 945 1810 1010; x_wconf 80' lang='grc' dir='ltr'><strong>εἰς</strong></span> <span class='ocrx_word' id='word_1_66' title='bbox 1872 946 1970 1014; x_wconf 82' lang='grc' dir='ltr'><strong>τὴν</strong></span> 
     </span>
    </p>
   </div>
   <div class='ocr_carea' id='block_1_11' title="bbox 321 1032 1970 1115">
    <p class='ocr_par' dir='ltr' id='par_1_11' title="bbox 321 1032 1970 1115">
     <span class='ocr_line' id='line_1_11' title="bbox 321 1032 1970 1115; baseline -0.002 -23"><span class='ocrx_word' id='word_1_67' title='bbox 321 1033 592 1115; x_wconf 76' lang='grc' dir='ltr'>φόρτωσιν</span> <span class='ocrx_word' id='word_1_68' title='bbox 642 1040 750 1091; x_wconf 83' lang='grc' dir='ltr'>τῶν</span> <span class='ocrx_word' id='word_1_69' title='bbox 801 1036 856 1090; x_wconf 88' lang='grc' dir='ltr'><strong>π’</strong></span> <span class='ocrx_word' id='word_1_70' title='bbox 905 1036 1223 1110; x_wconf 80' lang='grc' dir='ltr'>σαγμαρίων</span> <span class='ocrx_word' id='word_1_71' title='bbox 1269 1040 1368 1102; x_wconf 81' lang='grc' dir='ltr'>τῆς</span> <span class='ocrx_word' id='word_1_72' title='bbox 1429 1032 1718 1110; x_wconf 77' lang='grc' dir='ltr'>βασιλικῆς</span> <span class='ocrx_word' id='word_1_73' title='bbox 1767 1035 1970 1110; x_wconf 80' lang='grc' dir='ltr'>ὑπουρ-</span> 
     </span>
    </p>
   </div>
   <div class='ocr_carea' id='block_1_12' title="bbox 320 1121 1971 1200">
    <p class='ocr_par' dir='ltr' id='par_1_12' title="bbox 320 1121 1971 1200">
     <span class='ocr_line' id='line_1_12' title="bbox 320 1121 1971 1200; baseline -0.001 -20"><span class='ocrx_word' id='word_1_74' title='bbox 320 1125 459 1200; x_wconf 74' lang='grc' dir='ltr'><strong>γίοις⁸</strong></span> <span class='ocrx_word' id='word_1_75' title='bbox 513 1125 603 1184; x_wconf 72' lang='grc' dir='ltr'><strong>ἀφ’</strong></span> <span class='ocrx_word' id='word_1_76' title='bbox 650 1124 712 1178; x_wconf 81' lang='grc' dir='ltr'>οὒ</span> <span class='ocrx_word' id='word_1_77' title='bbox 763 1121 820 1179; x_wconf 76' lang='grc' dir='ltr'><strong>δὲ</strong></span> <span class='ocrx_word' id='word_1_78' title='bbox 867 1122 1184 1193; x_wconf 74' lang='grc' dir='ltr'>ἀποκινήσει</span> <span class='ocrx_word' id='word_1_79' title='bbox 1245 1125 1273 1179; x_wconf 86' lang='grc' dir='ltr'>ὁ</span> <span class='ocrx_word' id='word_1_80' title='bbox 1315 1123 1572 1198; x_wconf 82' lang='grc' dir='ltr'>βασιλεὺς</span> <span class='ocrx_word' id='word_1_81' title='bbox 1603 1125 1678 1186; x_wconf 73' lang='grc' dir='ltr'>εἱς</span> <span class='ocrx_word' id='word_1_82' title='bbox 1709 1125 1804 1186; x_wconf 74' lang='grc' dir='ltr'>τὰς</span> <span class='ocrx_word' id='word_1_83' title='bbox 1846 1125 1971 1198; x_wconf 77' lang='grc' dir='ltr'>ἐρή-</span> 
     </span>
    </p>
   </div>
   <div class='ocr_carea' id='block_1_13' title="bbox 323 1207 1968 1290">
    <p class='ocr_par' dir='ltr' id='par_1_13' title="bbox 323 1207 1968 1290">
     <span class='ocr_line' id='line_1_13' title="bbox 323 1207 1968 1290; baseline 0 -22"><span class='ocrx_word' id='word_1_84' title='bbox 323 1234 480 1287; x_wconf 83' lang='grc' dir='ltr'>μους,</span> <span class='ocrx_word' id='word_1_85' title='bbox 537 1209 633 1267; x_wconf 69' lang='grc' dir='ltr'>δῦο</span> <span class='ocrx_word' id='word_1_86' title='bbox 683 1217 832 1290; x_wconf 74' lang='grc' dir='ltr'>φῖναι</span> <span class='ocrx_word' id='word_1_87' title='bbox 882 1211 1162 1287; x_wconf 80' lang='grc' dir='ltr'>ὀφείλουσι</span> <span class='ocrx_word' id='word_1_88' title='bbox 1211 1212 1475 1287; x_wconf 84' lang='grc' dir='ltr'>γίνεσθαι,</span> <span class='ocrx_word' id='word_1_89' title='bbox 1521 1214 1608 1267; x_wconf 84' lang='grc' dir='ltr'><strong>καὶ</strong></span> <span class='ocrx_word' id='word_1_90' title='bbox 1661 1215 1777 1278; x_wconf 85' lang='grc' dir='ltr'>καθ’</span> <span class='ocrx_word' id='word_1_91' title='bbox 1808 1207 1968 1268; x_wconf 75' lang='grc' dir='ltr'>ἐϐδο-</span> 
     </span>
    </p>
   </div>
   <div class='ocr_carea' id='block_1_14' title="bbox 314 1296 1966 1379">
    <p class='ocr_par' dir='ltr' id='par_1_14' title="bbox 314 1296 1966 1379">
     <span class='ocr_line' id='line_1_14' title="bbox 314 1296 1966 1379; baseline -0.001 -21"><span class='ocrx_word' id='word_1_92' title='bbox 314 1300 457 1378; x_wconf 80' lang='grc' dir='ltr'>μάδα</span> <span class='ocrx_word' id='word_1_93' title='bbox 505 1300 786 1379; x_wconf 64' lang='grc' dir='ltr'>ὀφείλουσι</span> <span class='ocrx_word' id='word_1_94' title='bbox 841 1296 1139 1370; x_wconf 79' lang='grc' dir='ltr'>λαμϐάνειν</span> <span class='ocrx_word' id='word_1_95' title='bbox 1195 1299 1544 1376; x_wconf 74' lang='grc' dir='ltr'>μιλιαρήσια.</span> <span class='ocrx_word' id='word_1_96' title='bbox 1604 1301 1846 1376; x_wconf 78' lang='grc' dir='ltr'>Ὁμοίως</span> <span class='ocrx_word' id='word_1_97' title='bbox 1877 1302 1966 1358; x_wconf 82' lang='grc' dir='ltr'>καὶ</span> 
     </span>
    </p>
   </div>
   <div class='ocr_carea' id='block_1_15' title="bbox 307 1389 1965 1466">
    <p class='ocr_par' dir='ltr' id='par_1_15' title="bbox 307 1389 1965 1466">
     <span class='ocr_line' id='line_1_15' title="bbox 307 1389 1965 1466; baseline 0 -20"><span class='ocrx_word' id='word_1_98' title='bbox 307 1392 358 1447; x_wconf 85' lang='lat' dir='ltr'><strong>o&#39;t</strong></span> <span class='ocrx_word' id='word_1_99' title='bbox 412 1390 692 1466; x_wconf 80' lang='grc' dir='ltr'>βασιλικοὶ</span> <span class='ocrx_word' id='word_1_100' title='bbox 750 1391 972 1464; x_wconf 83' lang='grc' dir='ltr'>ἄγουροι</span> <span class='ocrx_word' id='word_1_101' title='bbox 1032 1394 1310 1464; x_wconf 77' lang='grc' dir='ltr'>μαϊουμᾶν</span> <span class='ocrx_word' id='word_1_102' title='bbox 1359 1389 1450 1446; x_wconf 76' lang='grc' dir='ltr'><strong>καὶ</strong></span> <span class='ocrx_word' id='word_1_103' title='bbox 1505 1391 1853 1465; x_wconf 72' lang='grc' dir='ltr'>μιλιαρήσια.</span> <span class='ocrx_word' id='word_1_104' title='bbox 1899 1393 1965 1449; x_wconf 75' lang='grc' dir='ltr'><strong>Οἱ</strong></span> 
     </span>
    </p>
   </div>
   <div class='ocr_carea' id='block_1_16' title="bbox 305 1477 1965 1557">
    <p class='ocr_par' dir='ltr' id='par_1_16' title="bbox 305 1477 1965 1557">
     <span class='ocr_line' id='line_1_16' title="bbox 305 1477 1965 1557; baseline -0.001 -21"><span class='ocrx_word' id='word_1_105' title='bbox 305 1478 364 1536; x_wconf 75' lang='grc' dir='ltr'><strong>δὲ</strong></span> <span class='ocrx_word' id='word_1_106' title='bbox 389 1483 676 1556; x_wconf 76' lang='grc' dir='ltr'>μάγιστροι</span> <span class='ocrx_word' id='word_1_107' title='bbox 709 1478 800 1534; x_wconf 77' lang='grc' dir='ltr'>καί</span> <span class='ocrx_word' id='word_1_108' title='bbox 833 1480 884 1534; x_wconf 85' lang='lat' dir='ltr'><strong>o&#39;t</strong></span> <span class='ocrx_word' id='word_1_109' title='bbox 917 1478 1196 1554; x_wconf 87' lang='grc' dir='ltr'>πατρίκιοι</span> <span class='ocrx_word' id='word_1_110' title='bbox 1240 1480 1330 1534; x_wconf 83' lang='grc' dir='ltr'><strong>καὶ</strong></span> <span class='ocrx_word' id='word_1_111' title='bbox 1358 1479 1408 1535; x_wconf 73' lang='grc' dir='ltr'>οἱ</span> <span class='ocrx_word' id='word_1_112' title='bbox 1442 1477 1794 1557; x_wconf 68' lang='grc' dir='ltr'>ὀφφικιαλιοι</span> <span class='ocrx_word' id='word_1_113' title='bbox 1837 1502 1965 1535; x_wconf 88' lang='grc' dir='ltr'>συν-</span> 
     </span>
    </p>
   </div>
   <div class='ocr_carea' id='block_1_17' title="bbox 304 1566 1967 1643">
    <p class='ocr_par' dir='ltr' id='par_1_17' title="bbox 304 1566 1967 1643">
     <span class='ocr_line' id='line_1_17' title="bbox 304 1566 1967 1643; baseline -0.001 -19"><span class='ocrx_word' id='word_1_114' title='bbox 304 1573 592 1624; x_wconf 82' lang='grc' dir='ltr'>εστιῶνται</span> <span class='ocrx_word' id='word_1_115' title='bbox 641 1572 720 1640; x_wconf 84' lang='grc' dir='ltr'>τῷ</span> <span class='ocrx_word' id='word_1_116' title='bbox 780 1566 998 1643; x_wconf 86' lang='grc' dir='ltr'>βασιλεῖ</span> <span class='ocrx_word' id='word_1_117' title='bbox 1054 1567 1130 1630; x_wconf 80' lang='grc' dir='ltr'><strong>εἷς</strong></span> <span class='ocrx_word' id='word_1_118' title='bbox 1183 1567 1311 1628; x_wconf 78' lang='grc' dir='ltr'>τοὺς</span> <span class='ocrx_word' id='word_1_119' title='bbox 1370 1566 1648 1638; x_wconf 77' lang='grc' dir='ltr'>ἀκλήτους</span> <span class='ocrx_word' id='word_1_120' title='bbox 1708 1568 1800 1623; x_wconf 80' lang='grc' dir='ltr'>σὺν</span> <span class='ocrx_word' id='word_1_121' title='bbox 1849 1575 1967 1630; x_wconf 84' lang='grc' dir='ltr'>τοῖς</span> 
     </span>
    </p>
   </div>
   <div class='ocr_carea' id='block_1_18' title="bbox 313 1657 720 1734">
    <p class='ocr_par' dir='ltr' id='par_1_18' title="bbox 313 1657 720 1734">
     <span class='ocr_line' id='line_1_18' title="bbox 313 1657 720 1734; baseline -0.002 -19"><span class='ocrx_word' id='word_1_122' title='bbox 313 1657 720 1734; x_wconf 82' lang='grc' dir='ltr'>πραιποσίτοις.</span> 
     </span>
    </p>
   </div>
   <div class='ocr_carea' id='block_1_19' title="bbox 2077 590 3726 664">
    <p class='ocr_par' dir='ltr' id='par_1_19' title="bbox 2077 590 3726 664">
     <span class='ocr_line' id='line_1_19' title="bbox 2077 590 3726 664; baseline 0.003 -20"><span class='ocrx_word' id='word_1_123' title='bbox 2077 592 2198 646; x_wconf 82' lang='lat' dir='ltr'><strong>sive</strong></span> <span class='ocrx_word' id='word_1_124' title='bbox 2235 591 2415 647; x_wconf 83' lang='lat' dir='ltr'><strong>semel</strong></span> <span class='ocrx_word' id='word_1_125' title='bbox 2458 609 2556 664; x_wconf 87' lang='lat' dir='ltr'><strong>per</strong></span> <span class='ocrx_word' id='word_1_126' title='bbox 2597 594 2986 663; x_wconf 78' lang='lat' dir='ltr'><strong>septimanam</strong></span> <span class='ocrx_word' id='word_1_127' title='bbox 3039 590 3097 646; x_wconf 89' lang='lat' dir='ltr'><strong>id</strong></span> <span class='ocrx_word' id='word_1_128' title='bbox 3143 591 3263 661; x_wconf 81' lang='lat' dir='ltr'><strong>fiat,</strong></span> <span class='ocrx_word' id='word_1_129' title='bbox 3311 592 3430 647; x_wconf 82' lang='lat' dir='ltr'><strong>sive</strong></span> <span class='ocrx_word' id='word_1_130' title='bbox 3480 594 3726 664; x_wconf 80' lang='lat' dir='ltr'><strong>singulis</strong></span> 
     </span>
    </p>
   </div>
   <div class='ocr_carea' id='block_1_20' title="bbox 2076 679 3728 751">
    <p class='ocr_par' dir='ltr' id='par_1_20' title="bbox 2076 679 3728 751">
     <span class='ocr_line' id='line_1_20' title="bbox 2076 679 3728 751; baseline 0.004 -17"><span class='ocrx_word' id='word_1_131' title='bbox 2076 680 2515 751; x_wconf 90' lang='lat' dir='ltr'><strong>quatuordecim</strong></span> <span class='ocrx_word' id='word_1_132' title='bbox 2541 681 2744 736; x_wconf 90' lang='lat' dir='ltr'><strong>diebus</strong></span> <span class='ocrx_word' id='word_1_133' title='bbox 2767 680 2969 736; x_wconf 87' lang='lat' dir='ltr'><strong>semel.</strong></span> <span class='ocrx_word' id='word_1_134' title='bbox 2998 679 3163 736; x_wconf 80' lang='lat' dir='ltr'><strong>Mitto</strong></span> <span class='ocrx_word' id='word_1_135' title='bbox 3185 686 3404 736; x_wconf 88' lang='lat' dir='ltr'><strong>ceteras</strong></span> <span class='ocrx_word' id='word_1_136' title='bbox 3425 697 3728 750; x_wconf 75' lang='lat' dir='ltr'><strong>eXpensas.</strong></span> 
     </span>
    </p>
   </div>
   <div class='ocr_carea' id='block_1_21' title="bbox 2079 768 3729 841">
    <p class='ocr_par' dir='ltr' id='par_1_21' title="bbox 2079 768 3729 841">
     <span class='ocr_line' id='line_1_21' title="bbox 2079 768 3729 841; baseline 0.002 -17"><span class='ocrx_word' id='word_1_137' title='bbox 2079 769 2214 833; x_wconf 89' lang='lat' dir='ltr'><strong>Ista,</strong></span> <span class='ocrx_word' id='word_1_138' title='bbox 2255 787 2382 841; x_wconf 73' lang='lat' dir='ltr'><strong>quis</strong></span> <span class='ocrx_word' id='word_1_139' title='bbox 2431 769 2710 836; x_wconf 81' lang='lat' dir='ltr'><strong>diximus,</strong></span> <span class='ocrx_word' id='word_1_140' title='bbox 2763 768 3058 839; x_wconf 81' lang='lat' dir='ltr'><strong>accipiunt</strong></span> <span class='ocrx_word' id='word_1_141' title='bbox 3106 768 3294 838; x_wconf 80' lang='lat' dir='ltr'><strong>iisque</strong></span> <span class='ocrx_word' id='word_1_142' title='bbox 3341 769 3568 826; x_wconf 88' lang='lat' dir='ltr'><strong>onerari</strong></span> <span class='ocrx_word' id='word_1_143' title='bbox 3619 787 3729 828; x_wconf 89' lang='lat' dir='ltr'><strong>sua</strong></span> 
     </span>
    </p>
   </div>
   <div class='ocr_carea' id='block_1_22' title="bbox 2079 856 3726 930">
    <p class='ocr_par' dir='ltr' id='par_1_22' title="bbox 2079 856 3726 930">
     <span class='ocr_line' id='line_1_22' title="bbox 2079 856 3726 930; baseline 0.002 -18"><span class='ocrx_word' id='word_1_144' title='bbox 2079 859 2371 930; x_wconf 80' lang='lat' dir='ltr'><strong>sagmaria</strong></span> <span class='ocrx_word' id='word_1_145' title='bbox 2412 863 2615 913; x_wconf 88' lang='lat' dir='ltr'><strong>curant</strong></span> <span class='ocrx_word' id='word_1_146' title='bbox 2663 857 3006 913; x_wconf 87' lang='lat' dir='ltr'><strong>saeellarius</strong></span> <span class='ocrx_word' id='word_1_147' title='bbox 3056 861 3111 913; x_wconf 90' lang='lat' dir='ltr'><strong>et</strong></span> <span class='ocrx_word' id='word_1_148' title='bbox 3159 856 3370 923; x_wconf 89' lang='lat' dir='ltr'><strong>idicus,</strong></span> <span class='ocrx_word' id='word_1_149' title='bbox 3423 859 3504 913; x_wconf 90' lang='lat' dir='ltr'><strong>uti</strong></span> <span class='ocrx_word' id='word_1_150' title='bbox 3549 858 3726 915; x_wconf 87' lang='lat' dir='ltr'><strong>etiam</strong></span> 
     </span>
    </p>
   </div>
   <div class='ocr_carea' id='block_1_23' title="bbox 2080 946 3732 1018">
    <p class='ocr_par' dir='ltr' id='par_1_23' title="bbox 2080 946 3732 1018">
     <span class='ocr_line' id='line_1_23' title="bbox 2080 946 3732 1018; baseline 0.002 -17"><span class='ocrx_word' id='word_1_151' title='bbox 2080 946 2197 1002; x_wconf 66' lang='lat' dir='ltr'><strong>haec</strong></span> <span class='ocrx_word' id='word_1_152' title='bbox 2232 961 2246 1001; x_wconf 89' lang='lat'><strong>:</strong></span> <span class='ocrx_word' id='word_1_153' title='bbox 2291 946 2664 1018; x_wconf 83' lang='lat' dir='ltr'><strong>pyrecbolum</strong></span> <span class='ocrx_word' id='word_1_154' title='bbox 2704 963 2808 1002; x_wconf 87' lang='lat' dir='ltr'><strong>seu</strong></span> <span class='ocrx_word' id='word_1_155' title='bbox 2860 946 3120 1001; x_wconf 83' lang='lat' dir='ltr'><strong>fomitem</strong></span> <span class='ocrx_word' id='word_1_156' title='bbox 3163 947 3318 1018; x_wconf 83' lang='lat' dir='ltr'><strong>ignis</strong></span> <span class='ocrx_word' id='word_1_157' title='bbox 3355 946 3634 1018; x_wconf 89' lang='lat' dir='ltr'><strong>ligneum,</strong></span> <span class='ocrx_word' id='word_1_158' title='bbox 3673 952 3732 1005; x_wconf 89' lang='lat' dir='ltr'><strong>et</strong></span> 
     </span>
    </p>
   </div>
   <div class='ocr_carea' id='block_1_24' title="bbox 2076 1036 3730 1109">
    <p class='ocr_par' dir='ltr' id='par_1_24' title="bbox 2076 1036 3730 1109">
     <span class='ocr_line' id='line_1_24' title="bbox 2076 1036 3730 1109; baseline 0.001 -17"><span class='ocrx_word' id='word_1_159' title='bbox 2076 1037 2257 1092; x_wconf 88' lang='lat' dir='ltr'><strong>iscam</strong></span> <span class='ocrx_word' id='word_1_160' title='bbox 2290 1053 2391 1092; x_wconf 89' lang='lat' dir='ltr'><strong>seu</strong></span> <span class='ocrx_word' id='word_1_161' title='bbox 2424 1037 2714 1093; x_wconf 77' lang='lat' dir='ltr'><strong>terebram</strong></span> <span class='ocrx_word' id='word_1_162' title='bbox 2761 1036 3013 1109; x_wconf 76' lang='lat' dir='ltr'><strong>ligneam</strong></span> <span class='ocrx_word' id='word_1_163' title='bbox 3054 1037 3386 1108; x_wconf 87' lang='lat' dir='ltr'><strong>igniariam,</strong></span> <span class='ocrx_word' id='word_1_164' title='bbox 3427 1047 3482 1094; x_wconf 89' lang='lat' dir='ltr'><strong>et</strong></span> <span class='ocrx_word' id='word_1_165' title='bbox 3516 1039 3730 1095; x_wconf 86' lang='lat' dir='ltr'><strong>cande-</strong></span> 
     </span>
    </p>
   </div>
   <div class='ocr_carea' id='block_1_25' title="bbox 2078 1125 3723 1198">
    <p class='ocr_par' dir='ltr' id='par_1_25' title="bbox 2078 1125 3723 1198">
     <span class='ocr_line' id='line_1_25' title="bbox 2078 1125 3723 1198; baseline 0.002 -16"><span class='ocrx_word' id='word_1_166' title='bbox 2078 1125 2238 1183; x_wconf 88' lang='lat' dir='ltr'><strong>labra</strong></span> <span class='ocrx_word' id='word_1_167' title='bbox 2265 1131 2533 1192; x_wconf 74' lang='lat' dir='ltr'><strong>argentea</strong></span> <span class='ocrx_word' id='word_1_168' title='bbox 2561 1127 2672 1182; x_wconf 82' lang='lat' dir='ltr'><strong>tria</strong></span> <span class='ocrx_word' id='word_1_169' title='bbox 2703 1131 2760 1182; x_wconf 88' lang='lat' dir='ltr'><strong>et</strong></span> <span class='ocrx_word' id='word_1_170' title='bbox 2789 1143 2947 1182; x_wconf 71' lang='lat' dir='ltr'><strong>aenea</strong></span> <span class='ocrx_word' id='word_1_171' title='bbox 2963 1126 3198 1183; x_wconf 80' lang='lat' dir='ltr'><strong>totidem</strong></span> <span class='ocrx_word' id='word_1_172' title='bbox 3227 1143 3240 1196; x_wconf 88' lang='lat'>;</span> <span class='ocrx_word' id='word_1_173' title='bbox 3266 1144 3510 1198; x_wconf 89' lang='lat' dir='ltr'><strong>quorum</strong></span> <span class='ocrx_word' id='word_1_174' title='bbox 3539 1146 3723 1186; x_wconf 88' lang='lat' dir='ltr'><strong>unum</strong></span> 
     </span>
    </p>
   </div>
   <div class='ocr_carea' id='block_1_26' title="bbox 2078 1215 3734 1291">
    <p class='ocr_par' dir='ltr' id='par_1_26' title="bbox 2078 1215 3734 1291">
     <span class='ocr_line' id='line_1_26' title="bbox 2078 1215 3734 1291; baseline 0.003 -21"><span class='ocrx_word' id='word_1_175' title='bbox 2078 1216 2316 1288; x_wconf 90' lang='lat' dir='ltr'><strong>quidem</strong></span> <span class='ocrx_word' id='word_1_176' title='bbox 2349 1216 2409 1272; x_wconf 90' lang='lat' dir='ltr'><strong>in</strong></span> <span class='ocrx_word' id='word_1_177' title='bbox 2441 1221 2662 1272; x_wconf 81' lang='lat' dir='ltr'><strong>ccetone</strong></span> <span class='ocrx_word' id='word_1_178' title='bbox 2693 1233 2796 1272; x_wconf 88' lang='lat' dir='ltr'><strong>seu</strong></span> <span class='ocrx_word' id='word_1_179' title='bbox 2829 1215 3097 1272; x_wconf 91' lang='lat' dir='ltr'><strong>cubiculo</strong></span> <span class='ocrx_word' id='word_1_180' title='bbox 3121 1217 3459 1274; x_wconf 83' lang='lat' dir='ltr'><strong>dormitorio</strong></span> <span class='ocrx_word' id='word_1_181' title='bbox 3482 1218 3734 1291; x_wconf 90' lang='lat' dir='ltr'><strong>impera-</strong></span> 
     </span>
    </p>
   </div>
   <div class='ocr_carea' id='block_1_27' title="bbox 2078 1305 3732 1377">
    <p class='ocr_par' dir='ltr' id='par_1_27' title="bbox 2078 1305 3732 1377">
     <span class='ocr_line' id='line_1_27' title="bbox 2078 1305 3732 1377; baseline 0.002 -16"><span class='ocrx_word' id='word_1_182' title='bbox 2078 1306 2246 1375; x_wconf 89' lang='lat' dir='ltr'><strong>toris,</strong></span> <span class='ocrx_word' id='word_1_183' title='bbox 2278 1305 2528 1361; x_wconf 86' lang='lat' dir='ltr'><strong>alterum</strong></span> <span class='ocrx_word' id='word_1_184' title='bbox 2562 1305 2620 1360; x_wconf 92' lang='lat' dir='ltr'><strong>in</strong></span> <span class='ocrx_word' id='word_1_185' title='bbox 2662 1306 2994 1370; x_wconf 87' lang='lat' dir='ltr'><strong>ououmilio,</strong></span> <span class='ocrx_word' id='word_1_186' title='bbox 3040 1305 3273 1360; x_wconf 85' lang='lat' dir='ltr'><strong>tertium</strong></span> <span class='ocrx_word' id='word_1_187' title='bbox 3313 1306 3372 1361; x_wconf 90' lang='lat' dir='ltr'><strong>in</strong></span> <span class='ocrx_word' id='word_1_188' title='bbox 3413 1316 3732 1377; x_wconf 71' lang='lat' dir='ltr'><strong>paracmto-</strong></span> 
     </span>
    </p>
   </div>
   <div class='ocr_carea' id='block_1_28' title="bbox 2079 1392 3732 1468">
    <p class='ocr_par' dir='ltr' id='par_1_28' title="bbox 2079 1392 3732 1468">
     <span class='ocr_line' id='line_1_28' title="bbox 2079 1392 3732 1468; baseline 0.001 -18"><span class='ocrx_word' id='word_1_189' title='bbox 2079 1396 2242 1450; x_wconf 88' lang='lat' dir='ltr'><strong>nario</strong></span> <span class='ocrx_word' id='word_1_190' title='bbox 2273 1410 2369 1448; x_wconf 91' lang='lat' dir='ltr'><strong>seu</strong></span> <span class='ocrx_word' id='word_1_191' title='bbox 2405 1393 2694 1456; x_wconf 86' lang='lat' dir='ltr'><strong>cubiculo.</strong></span> <span class='ocrx_word' id='word_1_192' title='bbox 2728 1393 2882 1464; x_wconf 92' lang='lat' dir='ltr'><strong>quod</strong></span> <span class='ocrx_word' id='word_1_193' title='bbox 2914 1393 2985 1448; x_wconf 89' lang='lat' dir='ltr'><strong>ad</strong></span> <span class='ocrx_word' id='word_1_194' title='bbox 3013 1392 3165 1448; x_wconf 88' lang='lat' dir='ltr'><strong>latus</strong></span> <span class='ocrx_word' id='word_1_195' title='bbox 3196 1395 3440 1450; x_wconf 75' lang='lat' dir='ltr'><strong>coetonis</strong></span> <span class='ocrx_word' id='word_1_196' title='bbox 3478 1400 3586 1463; x_wconf 90' lang='lat' dir='ltr'><strong>est,</strong></span> <span class='ocrx_word' id='word_1_197' title='bbox 3630 1411 3732 1468; x_wconf 91' lang='lat' dir='ltr'><strong>po-</strong></span> 
     </span>
    </p>
   </div>
   <div class='ocr_carea' id='block_1_29' title="bbox 2079 1481 3730 1555">
    <p class='ocr_par' dir='ltr' id='par_1_29' title="bbox 2079 1481 3730 1555">
     <span class='ocr_line' id='line_1_29' title="bbox 2079 1481 3730 1555; baseline 0.002 -16"><span class='ocrx_word' id='word_1_198' title='bbox 2079 1483 2254 1539; x_wconf 84' lang='lat' dir='ltr'><strong>nitur.</strong></span> <span class='ocrx_word' id='word_1_199' title='bbox 2278 1482 2525 1538; x_wconf 86' lang='lat' dir='ltr'><strong>Inferius</strong></span> <span class='ocrx_word' id='word_1_200' title='bbox 2549 1482 2760 1538; x_wconf 87' lang='lat' dir='ltr'><strong>habere</strong></span> <span class='ocrx_word' id='word_1_201' title='bbox 2781 1482 2990 1537; x_wconf 90' lang='lat' dir='ltr'><strong>debent</strong></span> <span class='ocrx_word' id='word_1_202' title='bbox 3019 1481 3250 1552; x_wconf 84' lang='lat' dir='ltr'><strong>singula</strong></span> <span class='ocrx_word' id='word_1_203' title='bbox 3273 1483 3536 1555; x_wconf 87' lang='lat' dir='ltr'><strong>singulos</strong></span> <span class='ocrx_word' id='word_1_204' title='bbox 3564 1483 3730 1542; x_wconf 85' lang='lat' dir='ltr'><strong>lacus</strong></span> 
     </span>
    </p>
   </div>
   <div class='ocr_carea' id='block_1_30' title="bbox 2076 1570 3732 1642">
    <p class='ocr_par' dir='ltr' id='par_1_30' title="bbox 2076 1570 3732 1642">
     <span class='ocr_line' id='line_1_30' title="bbox 2076 1570 3732 1642; baseline 0.002 -16"><span class='ocrx_word' id='word_1_205' title='bbox 2076 1571 2146 1626; x_wconf 92' lang='lat' dir='ltr'><strong>ad</strong></span> <span class='ocrx_word' id='word_1_206' title='bbox 2178 1572 2429 1626; x_wconf 90' lang='lat' dir='ltr'><strong>duarum</strong></span> <span class='ocrx_word' id='word_1_207' title='bbox 2452 1570 2882 1642; x_wconf 88' lang='lat' dir='ltr'><strong>apithamarum</strong></span> <span class='ocrx_word' id='word_1_208' title='bbox 2911 1571 3472 1641; x_wconf 81' lang='lat' dir='ltr'><strong>profunditatem;in</strong></span> <span class='ocrx_word' id='word_1_209' title='bbox 3495 1589 3732 1629; x_wconf 90' lang='lat' dir='ltr'><strong>summo</strong></span> 
     </span>
    </p>
   </div>
   <div class='ocr_carea' id='block_1_31' title="bbox 2076 1659 3734 1732">
    <p class='ocr_par' dir='ltr' id='par_1_31' title="bbox 2076 1659 3734 1732">
     <span class='ocr_line' id='line_1_31' title="bbox 2076 1659 3734 1732; baseline 0.002 -16"><span class='ocrx_word' id='word_1_210' title='bbox 2076 1666 2258 1716; x_wconf 88' lang='lat' dir='ltr'><strong>tectos</strong></span> <span class='ocrx_word' id='word_1_211' title='bbox 2290 1661 2545 1716; x_wconf 83' lang='lat' dir='ltr'><strong>bracteis</strong></span> <span class='ocrx_word' id='word_1_212' title='bbox 2575 1661 2750 1716; x_wconf 72' lang='lat' dir='ltr'><strong>aeneis</strong></span> <span class='ocrx_word' id='word_1_213' title='bbox 2777 1661 2848 1714; x_wconf 90' lang='lat' dir='ltr'><strong>ad</strong></span> <span class='ocrx_word' id='word_1_214' title='bbox 2882 1659 3065 1715; x_wconf 90' lang='lat' dir='ltr'><strong>instar</strong></span> <span class='ocrx_word' id='word_1_215' title='bbox 3097 1661 3271 1716; x_wconf 88' lang='lat' dir='ltr'><strong>cribri</strong></span> <span class='ocrx_word' id='word_1_216' title='bbox 3305 1662 3612 1732; x_wconf 79' lang='lat' dir='ltr'><strong>perforatis</strong></span> <span class='ocrx_word' id='word_1_217' title='bbox 3643 1667 3734 1732; x_wconf 84' lang='lat' dir='ltr'><strong>;et</strong></span> 
     </span>
    </p>
   </div>
   <div class='ocr_carea' id='block_1_32' title="bbox 307 1747 3733 1821">
    <p class='ocr_par' dir='ltr' id='par_1_32' title="bbox 307 1747 3733 1821">
     <span class='ocr_line' id='line_1_32' title="bbox 307 1747 3733 1821; baseline 0.001 -15"><span class='ocrx_word' id='word_1_218' title='bbox 307 1751 574 1821; x_wconf 88' lang='lat' dir='ltr'><strong>adjacere</strong></span> <span class='ocrx_word' id='word_1_219' title='bbox 626 1747 878 1820; x_wconf 85' lang='lat' dir='ltr'><strong>singulis</strong></span> <span class='ocrx_word' id='word_1_220' title='bbox 930 1753 1098 1804; x_wconf 89' lang='lat' dir='ltr'><strong>terna</strong></span> <span class='ocrx_word' id='word_1_221' title='bbox 1140 1747 1357 1804; x_wconf 91' lang='lat' dir='ltr'><strong>cerulia</strong></span> <span class='ocrx_word' id='word_1_222' title='bbox 1418 1747 1499 1819; x_wconf 90' lang='lat' dir='ltr'><strong>[id</strong></span> <span class='ocrx_word' id='word_1_223' title='bbox 1565 1751 1657 1803; x_wconf 90' lang='lat' dir='ltr'><strong>est</strong></span> <span class='ocrx_word' id='word_1_224' title='bbox 1714 1748 1886 1815; x_wconf 88' lang='lat' dir='ltr'><strong>cerei,</strong></span> <span class='ocrx_word' id='word_1_225' title='bbox 1937 1753 2001 1805; x_wconf 92' lang='lat' dir='ltr'><strong>ut</strong></span> <span class='ocrx_word' id='word_1_226' title='bbox 2043 1750 2296 1818; x_wconf 88' lang='lat' dir='ltr'><strong>videtur,</strong></span> <span class='ocrx_word' id='word_1_227' title='bbox 2348 1765 2463 1804; x_wconf 90' lang='lat' dir='ltr'><strong>non</strong></span> <span class='ocrx_word' id='word_1_228' title='bbox 2508 1749 2672 1814; x_wconf 90' lang='lat' dir='ltr'><strong>recti,</strong></span> <span class='ocrx_word' id='word_1_229' title='bbox 2722 1749 2824 1804; x_wconf 88' lang='lat' dir='ltr'><strong>sed</strong></span> <span class='ocrx_word' id='word_1_230' title='bbox 2876 1749 3340 1821; x_wconf 84' lang='lat' dir='ltr'><strong>conglomeratt],</strong></span> <span class='ocrx_word' id='word_1_231' title='bbox 3390 1755 3448 1806; x_wconf 90' lang='lat' dir='ltr'><strong>et</strong></span> <span class='ocrx_word' id='word_1_232' title='bbox 3495 1751 3733 1808; x_wconf 66' lang='lat' dir='ltr'><strong>laterum</strong></span> 
     </span>
    </p>
   </div>
   <div class='ocr_carea' id='block_1_33' title="bbox 310 1836 3723 1914">
    <p class='ocr_par' dir='ltr' id='par_1_33' title="bbox 310 1836 3723 1914">
     <span class='ocr_line' id='line_1_33' title="bbox 310 1836 3723 1914; baseline 0 -19"><span class='ocrx_word' id='word_1_233' title='bbox 310 1855 504 1908; x_wconf 62' lang='lat' dir='ltr'><strong>suere,</strong></span> <span class='ocrx_word' id='word_1_234' title='bbox 535 1838 593 1894; x_wconf 89' lang='lat' dir='ltr'><strong>in</strong></span> <span class='ocrx_word' id='word_1_235' title='bbox 627 1855 856 1894; x_wconf 91' lang='lat' dir='ltr'><strong>summo</strong></span> <span class='ocrx_word' id='word_1_236' title='bbox 889 1843 1136 1909; x_wconf 58' lang='lat' dir='ltr'><strong>pertusas</strong></span> <span class='ocrx_word' id='word_1_237' title='bbox 1170 1837 1576 1907; x_wconf 80' lang='lat' dir='ltr'><strong>foraminibus,</strong></span> <span class='ocrx_word' id='word_1_238' title='bbox 1611 1836 1767 1893; x_wconf 86' lang='lat' dir='ltr'><strong>velut</strong></span> <span class='ocrx_word' id='word_1_239' title='bbox 1790 1838 1979 1895; x_wconf 90' lang='lat' dir='ltr'><strong>cribra</strong></span> <span class='ocrx_word' id='word_1_240' title='bbox 2009 1860 2029 1908; x_wconf 79' lang='lat'><strong>,-</strong></span> <span class='ocrx_word' id='word_1_241' title='bbox 2059 1845 2116 1895; x_wconf 89' lang='lat' dir='ltr'><strong>et</strong></span> <span class='ocrx_word' id='word_1_242' title='bbox 2158 1838 2516 1911; x_wconf 88' lang='lat' dir='ltr'><strong>horologium</strong></span> <span class='ocrx_word' id='word_1_243' title='bbox 2565 1855 2802 1910; x_wconf 87' lang='lat' dir='ltr'><strong>parvum</strong></span> <span class='ocrx_word' id='word_1_244' title='bbox 2836 1844 3172 1910; x_wconf 82' lang='lat' dir='ltr'><strong>argenteum</strong></span> <span class='ocrx_word' id='word_1_245' title='bbox 3213 1845 3450 1911; x_wconf 90' lang='lat' dir='ltr'><strong>propter</strong></span> <span class='ocrx_word' id='word_1_246' title='bbox 3487 1841 3723 1914; x_wconf 89' lang='lat' dir='ltr'><strong>vigilias</strong></span> 
     </span>
    </p>
   </div>
   <div class='ocr_carea' id='block_1_34' title="bbox 313 1925 3730 1998">
    <p class='ocr_par' dir='ltr' id='par_1_34' title="bbox 313 1925 3730 1998">
     <span class='ocr_line' id='line_1_34' title="bbox 313 1925 3730 1998; baseline 0 -14"><span class='ocrx_word' id='word_1_247' title='bbox 313 1934 652 1996; x_wconf 86' lang='lat' dir='ltr'><strong>nocturnas,</strong></span> <span class='ocrx_word' id='word_1_248' title='bbox 686 1927 839 1998; x_wconf 91' lang='lat' dir='ltr'><strong>quod</strong></span> <span class='ocrx_word' id='word_1_249' title='bbox 879 1925 1149 1982; x_wconf 90' lang='lat' dir='ltr'><strong>collocari</strong></span> <span class='ocrx_word' id='word_1_250' title='bbox 1181 1926 1352 1982; x_wconf 89' lang='lat' dir='ltr'><strong>debet</strong></span> <span class='ocrx_word' id='word_1_251' title='bbox 1381 1925 1438 1980; x_wconf 92' lang='lat' dir='ltr'><strong>in</strong></span> <span class='ocrx_word' id='word_1_252' title='bbox 1482 1931 1702 1981; x_wconf 73' lang='lat' dir='ltr'><strong>ccstone</strong></span> <span class='ocrx_word' id='word_1_253' title='bbox 1736 1945 1750 1993; x_wconf 87' lang='lat'><strong>;</strong></span> <span class='ocrx_word' id='word_1_254' title='bbox 1783 1932 1842 1982; x_wconf 87' lang='lat' dir='ltr'><strong>et</strong></span> <span class='ocrx_word' id='word_1_255' title='bbox 1880 1927 2037 1983; x_wconf 87' lang='lat' dir='ltr'><strong>aliud</strong></span> <span class='ocrx_word' id='word_1_256' title='bbox 2087 1943 2336 1992; x_wconf 77' lang='lat' dir='ltr'><strong>tensum,</strong></span> <span class='ocrx_word' id='word_1_257' title='bbox 2375 1927 2529 1998; x_wconf 92' lang='lat' dir='ltr'><strong>quod</strong></span> <span class='ocrx_word' id='word_1_258' title='bbox 2573 1926 2652 1982; x_wconf 89' lang='lat' dir='ltr'><strong>ibi</strong></span> <span class='ocrx_word' id='word_1_259' title='bbox 2682 1927 2851 1983; x_wconf 80' lang='lat' dir='ltr'><strong>debet</strong></span> <span class='ocrx_word' id='word_1_260' title='bbox 2880 1925 3175 1992; x_wconf 89' lang='lat' dir='ltr'><strong>collocari,</strong></span> <span class='ocrx_word' id='word_1_261' title='bbox 3206 1927 3304 1982; x_wconf 86' lang='lat' dir='ltr'><strong>ubi</strong></span> <span class='ocrx_word' id='word_1_262' title='bbox 3336 1931 3618 1984; x_wconf 71' lang='lat' dir='ltr'><strong>ccetonitaa</strong></span> <span class='ocrx_word' id='word_1_263' title='bbox 3643 1928 3730 1984; x_wconf 85' lang='lat' dir='ltr'><strong>di-</strong></span> 
     </span>
    </p>
   </div>
   <div class='ocr_carea' id='block_1_35' title="bbox 311 2011 3735 2083">
    <p class='ocr_par' dir='ltr' id='par_1_35' title="bbox 311 2011 3735 2083">
     <span class='ocr_line' id='line_1_35' title="bbox 311 2011 3735 2083; baseline 0.001 -13"><span class='ocrx_word' id='word_1_264' title='bbox 311 2020 640 2070; x_wconf 87' lang='lat' dir='ltr'><strong>versantur.</strong></span> <span class='ocrx_word' id='word_1_265' title='bbox 671 2019 949 2069; x_wconf 70' lang='lat' dir='ltr'><strong>Praeterea</strong></span> <span class='ocrx_word' id='word_1_266' title='bbox 981 2013 1256 2068; x_wconf 90' lang='lat' dir='ltr'><strong>scutellas</strong></span> <span class='ocrx_word' id='word_1_267' title='bbox 1287 2017 1533 2083; x_wconf 88' lang='lat' dir='ltr'><strong>quatuor</strong></span> <span class='ocrx_word' id='word_1_268' title='bbox 1551 2011 1771 2068; x_wconf 89' lang='lat' dir='ltr'><strong>solidas</strong></span> <span class='ocrx_word' id='word_1_269' title='bbox 1802 2031 2030 2082; x_wconf 84' lang='lat' dir='ltr'><strong>aureas,</strong></span> <span class='ocrx_word' id='word_1_270' title='bbox 2062 2020 2120 2071; x_wconf 90' lang='lat' dir='ltr'><strong>et</strong></span> <span class='ocrx_word' id='word_1_271' title='bbox 2150 2014 2501 2070; x_wconf 88' lang='lat' dir='ltr'><strong>minsuracia</strong></span> <span class='ocrx_word' id='word_1_272' title='bbox 2523 2030 2620 2070; x_wconf 90' lang='lat' dir='ltr'><strong>seu</strong></span> <span class='ocrx_word' id='word_1_273' title='bbox 2647 2014 2938 2081; x_wconf 88' lang='lat' dir='ltr'><strong>missoria,</strong></span> <span class='ocrx_word' id='word_1_274' title='bbox 2963 2015 3047 2070; x_wconf 87' lang='lat' dir='ltr'><strong>vel</strong></span> <span class='ocrx_word' id='word_1_275' title='bbox 3073 2014 3266 2071; x_wconf 87' lang='lat' dir='ltr'><strong>lances</strong></span> <span class='ocrx_word' id='word_1_276' title='bbox 3290 2015 3505 2072; x_wconf 90' lang='lat' dir='ltr'><strong>solidas</strong></span> <span class='ocrx_word' id='word_1_277' title='bbox 3527 2032 3735 2073; x_wconf 86' lang='lat' dir='ltr'><strong>aureas</strong></span> 
     </span>
    </p>
   </div>
   <div class='ocr_carea' id='block_1_36' title="bbox 317 2100 3733 2176">
    <p class='ocr_par' dir='ltr' id='par_1_36' title="bbox 317 2100 3733 2176">
     <span class='ocr_line' id='line_1_36' title="bbox 317 2100 3733 2176; baseline 0.001 -17"><span class='ocrx_word' id='word_1_278' title='bbox 317 2101 841 2166; x_wconf 90' lang='lat' dir='ltr'><strong>duas,orthomilia</strong></span> <span class='ocrx_word' id='word_1_279' title='bbox 864 2101 989 2173; x_wconf 89' lang='lat' dir='ltr'><strong>[seu</strong></span> <span class='ocrx_word' id='word_1_280' title='bbox 1013 2100 1586 2174; x_wconf 83' lang='lat' dir='ltr'><strong>pyramides,quales</strong></span> <span class='ocrx_word' id='word_1_281' title='bbox 1610 2102 1878 2158; x_wconf 89' lang='lat' dir='ltr'><strong>lancibus</strong></span> <span class='ocrx_word' id='word_1_282' title='bbox 1901 2105 1971 2158; x_wconf 91' lang='lat' dir='ltr'><strong>ad</strong></span> <span class='ocrx_word' id='word_1_283' title='bbox 2004 2102 2380 2159; x_wconf 80' lang='lat' dir='ltr'><strong>occultandas</strong></span> <span class='ocrx_word' id='word_1_284' title='bbox 2428 2104 2607 2175; x_wconf 90' lang='lat' dir='ltr'><strong>dapes</strong></span> <span class='ocrx_word' id='word_1_285' title='bbox 2649 2104 3258 2176; x_wconf 89' lang='lat' dir='ltr'><strong>superimponuntur,]</strong></span> <span class='ocrx_word' id='word_1_286' title='bbox 3297 2106 3424 2160; x_wconf 93' lang='lat' dir='ltr'><strong>du</strong></span> <span class='ocrx_word' id='word_1_287' title='bbox 3460 2111 3594 2162; x_wconf 64' lang='lat' dir='ltr'><strong>tota:</strong></span> <span class='ocrx_word' id='word_1_288' title='bbox 3632 2123 3733 2162; x_wconf 86' lang='lat' dir='ltr'><strong>au-</strong></span> 
     </span>
    </p>
   </div>
   <div class='ocr_carea' id='block_1_37' title="bbox 312 2190 3729 2266">
    <p class='ocr_par' dir='ltr' id='par_1_37' title="bbox 312 2190 3729 2266">
     <span class='ocr_line' id='line_1_37' title="bbox 312 2190 3729 2266; baseline 0.001 -18"><span class='ocrx_word' id='word_1_289' title='bbox 312 2209 440 2249; x_wconf 84' lang='lat' dir='ltr'><strong>reas.</strong></span> <span class='ocrx_word' id='word_1_290' title='bbox 467 2191 596 2247; x_wconf 72' lang='lat' dir='ltr'><strong>Haec</strong></span> <span class='ocrx_word' id='word_1_291' title='bbox 625 2207 761 2246; x_wconf 86' lang='lat' dir='ltr'><strong>vasa</strong></span> <span class='ocrx_word' id='word_1_292' title='bbox 792 2191 1137 2262; x_wconf 78' lang='lat' dir='ltr'><strong>pretiosiora</strong></span> <span class='ocrx_word' id='word_1_293' title='bbox 1167 2191 1381 2248; x_wconf 85' lang='lat' dir='ltr'><strong>servire</strong></span> <span class='ocrx_word' id='word_1_294' title='bbox 1411 2195 1469 2245; x_wconf 88' lang='lat' dir='ltr'><strong>et</strong></span> <span class='ocrx_word' id='word_1_295' title='bbox 1498 2190 1558 2244; x_wconf 91' lang='lat' dir='ltr'><strong>in</strong></span> <span class='ocrx_word' id='word_1_296' title='bbox 1592 2205 1763 2246; x_wconf 88' lang='lat' dir='ltr'><strong>usum</strong></span> <span class='ocrx_word' id='word_1_297' title='bbox 1796 2192 1990 2248; x_wconf 90' lang='lat' dir='ltr'><strong>vocari</strong></span> <span class='ocrx_word' id='word_1_298' title='bbox 2015 2192 2230 2248; x_wconf 88' lang='lat' dir='ltr'><strong>debent</strong></span> <span class='ocrx_word' id='word_1_299' title='bbox 2267 2197 2415 2257; x_wconf 89' lang='lat' dir='ltr'><strong>tum,</strong></span> <span class='ocrx_word' id='word_1_300' title='bbox 2450 2209 2633 2262; x_wconf 89' lang='lat' dir='ltr'><strong>quum</strong></span> <span class='ocrx_word' id='word_1_301' title='bbox 2667 2193 2849 2248; x_wconf 80' lang='lat' dir='ltr'><strong>exteri</strong></span> <span class='ocrx_word' id='word_1_302' title='bbox 2877 2209 3012 2248; x_wconf 91' lang='lat' dir='ltr'><strong>cum</strong></span> <span class='ocrx_word' id='word_1_303' title='bbox 3045 2195 3396 2266; x_wconf 87' lang='lat' dir='ltr'><strong>imperatore</strong></span> <span class='ocrx_word' id='word_1_304' title='bbox 3423 2195 3729 2252; x_wconf 84' lang='lat' dir='ltr'><strong>convivan-</strong></span> 
     </span>
    </p>
   </div>
   <div class='ocr_carea' id='block_1_38' title="bbox 1348 2287 2698 2346">
    <p class='ocr_par' dir='ltr' id='par_1_38' title="bbox 1348 2287 2698 2346">
     <span class='ocr_line' id='line_1_38' title="bbox 1348 2287 2698 2346; baseline 0 -2"><span class='ocrx_word' id='word_1_305' title='bbox 1348 2287 1546 2344; x_wconf 78' lang='lat' dir='ltr'><strong>JOAN.</strong></span> <span class='ocrx_word' id='word_1_306' title='bbox 1587 2288 1738 2346; x_wconf 74' lang='lat' dir='ltr'><strong>JAC.</strong></span> <span class='ocrx_word' id='word_1_307' title='bbox 1787 2289 2050 2346; x_wconf 78' lang='lat' dir='ltr'><strong>BEISKII</strong></span> <span class='ocrx_word' id='word_1_308' title='bbox 2102 2289 2698 2346; x_wconf 80' lang='lat' dir='ltr'><strong>COMMENTARIUS.</strong></span> 
     </span>
    </p>
   </div>
   <div class='ocr_carea' id='block_1_39' title="bbox 312 2375 3731 2451">
    <p class='ocr_par' dir='ltr' id='par_1_39' title="bbox 312 2375 3731 2451">
     <span class='ocr_line' id='line_1_39' title="bbox 312 2375 3731 2451; baseline 0.001 -17"><span class='ocrx_word' id='word_1_309' title='bbox 312 2393 444 2434; x_wconf 87' lang='lat' dir='ltr'><strong>eum</strong></span> <span class='ocrx_word' id='word_1_310' title='bbox 476 2376 632 2433; x_wconf 90' lang='lat' dir='ltr'><strong>hunc</strong></span> <span class='ocrx_word' id='word_1_311' title='bbox 662 2376 733 2451; x_wconf 88' lang='lat' dir='ltr'><strong>de</strong></span> <span class='ocrx_word' id='word_1_312' title='bbox 763 2375 1313 2451; x_wconf 77' lang='lat' dir='ltr'><strong>campanismalim,</strong></span> <span class='ocrx_word' id='word_1_313' title='bbox 1356 2393 1529 2451; x_wconf 86' lang='lat' dir='ltr'><strong>quam</strong></span> <span class='ocrx_word' id='word_1_314' title='bbox 1555 2393 1686 2451; x_wconf 87' lang='lat' dir='ltr'><strong>cum</strong></span> <span class='ocrx_word' id='word_1_315' title='bbox 1723 2378 1860 2432; x_wconf 88' lang='lat' dir='ltr'><strong>aliis</strong></span> <span class='ocrx_word' id='word_1_316' title='bbox 1891 2378 1961 2433; x_wconf 89' lang='lat' dir='ltr'><strong>de</strong></span> <span class='ocrx_word' id='word_1_317' title='bbox 1993 2381 2040 2446; x_wconf 88' lang='grc' dir='ltr'>Β</span> <span class='ocrx_word' id='word_1_318' title='bbox 2068 2376 2213 2433; x_wconf 80' lang='lat' dir='ltr'><strong>tions</strong></span> <span class='ocrx_word' id='word_1_319' title='bbox 2283 2385 2332 2434; x_wconf 83' lang='lat' dir='ltr'><strong>et</strong></span> <span class='ocrx_word' id='word_1_320' title='bbox 2360 2450 2372 2451; x_wconf 17' lang='grc' dir='ltr'>ί</span> <span class='ocrx_word' id='word_1_321' title='bbox 2398 2378 2818 2451; x_wconf 61' lang='lat' dir='ltr'><strong>belles-lettres,</strong></span> <span class='ocrx_word' id='word_1_322' title='bbox 2853 2385 2928 2451; x_wconf 82' lang='lat' dir='ltr'><strong>et</strong></span> <span class='ocrx_word' id='word_1_323' title='bbox 2998 2379 3080 2434; x_wconf 90' lang='lat' dir='ltr'><strong>Cl.</strong></span> <span class='ocrx_word' id='word_1_324' title='bbox 3128 2379 3521 2451; x_wconf 14' lang='lat' dir='ltr'><strong>AMuratorius,</strong></span> <span class='ocrx_word' id='word_1_325' title='bbox 3583 2385 3624 2436; x_wconf 90' lang='lat' dir='ltr'><strong>t.</strong></span> <span class='ocrx_word' id='word_1_326' title='bbox 3658 2381 3731 2447; x_wconf 88' lang='grc' dir='ltr'>ΙΙ,</span> 
     </span>
    </p>
   </div>
   <div class='ocr_carea' id='block_1_40' title="bbox 310 2448 3733 2524">
    <p class='ocr_par' dir='ltr' id='par_1_40' title="bbox 310 2448 3733 2524">
     <span class='ocr_line' id='line_1_40' title="bbox 310 2448 3733 2524; baseline 0.001 -20"><span class='ocrx_word' id='word_1_327' title='bbox 310 2465 602 2524; x_wconf 75' lang='lat' dir='ltr'><strong>gnomone</strong></span> <span class='ocrx_word' id='word_1_328' title='bbox 632 2448 930 2524; x_wconf 73' lang='lat' dir='ltr'><strong>sciaterico</strong></span> <span class='ocrx_word' id='word_1_329' title='bbox 963 2449 1458 2524; x_wconf 27' lang='lat' dir='ltr'><strong>accipe_re.A.{Eque</strong></span> <span class='ocrx_word' id='word_1_330' title='bbox 1499 2448 1740 2503; x_wconf 89' lang='lat' dir='ltr'><strong>dubium</strong></span> <span class='ocrx_word' id='word_1_331' title='bbox 1789 2466 1961 2524; x_wconf 85' lang='lat' dir='ltr'><strong>porro</strong></span> <span class='ocrx_word' id='word_1_332' title='bbox 2077 2449 2480 2524; x_wconf 51' lang='lat' dir='ltr'><strong>antiqu._ltal.</strong></span> <span class='ocrx_word' id='word_1_333' title='bbox 2517 2466 2572 2519; x_wconf 92' lang='lat' dir='ltr'><strong>p.</strong></span> <span class='ocrx_word' id='word_1_334' title='bbox 2608 2450 2736 2517; x_wconf 87' lang='lat'><strong>389,</strong></span> <span class='ocrx_word' id='word_1_335' title='bbox 2768 2449 2864 2504; x_wconf 91' lang='lat' dir='ltr'><strong>ubi</strong></span> <span class='ocrx_word' id='word_1_336' title='bbox 2897 2449 3206 2524; x_wconf 12' lang='lat' dir='ltr'><strong>interialia</strong></span> <span class='ocrx_word' id='word_1_337' title='bbox 3247 2448 3514 2520; x_wconf 75' lang='lat' dir='ltr'><strong>miratur,</strong></span> <span class='ocrx_word' id='word_1_338' title='bbox 3553 2468 3733 2524; x_wconf 85' lang='lat' dir='ltr'><strong>quare</strong></span> 
     </span>
    </p>
   </div>
   <div class='ocr_carea' id='block_1_41' title="bbox 311 2519 3730 2592">
    <p class='ocr_par' dir='ltr' id='par_1_41' title="bbox 311 2519 3730 2592">
     <span class='ocr_line' id='line_1_41' title="bbox 311 2519 3730 2592; baseline 0 -15"><span class='ocrx_word' id='word_1_339' title='bbox 311 2519 400 2577; x_wconf 78' lang='lat' dir='ltr'><strong>ést</strong></span> <span class='ocrx_word' id='word_1_340' title='bbox 423 2521 588 2585; x_wconf 91' lang='lat' dir='ltr'><strong>illud,</strong></span> <span class='ocrx_word' id='word_1_341' title='bbox 621 2523 774 2592; x_wconf 83' lang='lat' dir='ltr'><strong>quod</strong></span> <span class='ocrx_word' id='word_1_342' title='bbox 801 2519 1269 2592; x_wconf 67' lang='lat' dir='ltr'><strong>bluhammedani</strong></span> <span class='ocrx_word' id='word_1_343' title='bbox 1291 2520 1348 2573; x_wconf 92' lang='lat' dir='ltr'><strong>in</strong></span> <span class='ocrx_word' id='word_1_344' title='bbox 1372 2524 1636 2574; x_wconf 57' lang='lat' dir='ltr'><strong>turribus</strong></span> <span class='ocrx_word' id='word_1_345' title='bbox 1662 2520 1968 2592; x_wconf 77' lang='lat' dir='ltr'><strong>moschea-</strong></span> <span class='ocrx_word' id='word_1_346' title='bbox 2078 2520 2137 2575; x_wconf 89' lang='lat' dir='ltr'><strong>in</strong></span> <span class='ocrx_word' id='word_1_347' title='bbox 2180 2519 2357 2577; x_wconf 78' lang='lat' dir='ltr'><strong>veteri</strong></span> <span class='ocrx_word' id='word_1_348' title='bbox 2391 2520 2609 2588; x_wconf 83' lang='lat' dir='ltr'><strong>charta,</strong></span> <span class='ocrx_word' id='word_1_349' title='bbox 2634 2538 2809 2592; x_wconf 91' lang='lat' dir='ltr'><strong>quam</strong></span> <span class='ocrx_word' id='word_1_350' title='bbox 2837 2519 3730 2591; x_wconf 69' lang='lat' dir='ltr'><strong>producit,memoreturnoctur-</strong></span> 
     </span>
    </p>
   </div>
   <div class='ocr_carea' id='block_1_42' title="bbox 313 2591 3728 2666">
    <p class='ocr_par' dir='ltr' id='par_1_42' title="bbox 313 2591 3728 2666">
     <span class='ocr_line' id='line_1_42' title="bbox 313 2591 3728 2666; baseline 0 -19"><span class='ocrx_word' id='word_1_351' title='bbox 313 2610 439 2666; x_wconf 89' lang='lat' dir='ltr'><strong>rum</strong></span> <span class='ocrx_word' id='word_1_352' title='bbox 472 2591 706 2648; x_wconf 85' lang='lat' dir='ltr'><strong>suarum</strong></span> <span class='ocrx_word' id='word_1_353' title='bbox 743 2591 1032 2666; x_wconf 75' lang='lat' dir='ltr'><strong>habebant</strong></span> <span class='ocrx_word' id='word_1_354' title='bbox 1070 2591 1506 2666; x_wconf 62' lang='lat' dir='ltr'><strong>suos__horarios</strong></span> <span class='ocrx_word' id='word_1_355' title='bbox 1544 2606 1643 2666; x_wconf 80' lang='lat' dir='ltr'><strong>seu</strong></span> <span class='ocrx_word' id='word_1_356' title='bbox 1694 2591 1966 2666; x_wconf 84' lang='lat' dir='ltr'><strong>horarum</strong></span> <span class='ocrx_word' id='word_1_357' title='bbox 2077 2607 2210 2646; x_wconf 86' lang='lat' dir='ltr'><strong>num</strong></span> <span class='ocrx_word' id='word_1_358' title='bbox 2253 2591 2620 2666; x_wconf 75' lang='lat' dir='ltr'><strong>horologium.</strong></span> <span class='ocrx_word' id='word_1_359' title='bbox 2658 2591 2804 2666; x_wconf 87' lang='lat' dir='ltr'><strong>Non</strong></span> <span class='ocrx_word' id='word_1_360' title='bbox 2849 2593 3208 2666; x_wconf 77' lang='lat' dir='ltr'><strong>recogitabat</strong></span> <span class='ocrx_word' id='word_1_361' title='bbox 3259 2595 3478 2650; x_wconf 88' lang='lat' dir='ltr'><strong>scilicet</strong></span> <span class='ocrx_word' id='word_1_362' title='bbox 3525 2595 3592 2648; x_wconf 87' lang='lat' dir='ltr'><strong>V.</strong></span> <span class='ocrx_word' id='word_1_363' title='bbox 3643 2596 3728 2666; x_wconf 80' lang='lat' dir='ltr'><strong>D.,</strong></span> 
     </span>
    </p>
   </div>
   <div class='ocr_carea' id='block_1_43' title="bbox 313 2661 3728 2736">
    <p class='ocr_par' dir='ltr' id='par_1_43' title="bbox 313 2661 3728 2736">
     <span class='ocr_line' id='line_1_43' title="bbox 313 2661 3728 2736; baseline 0 -17"><span class='ocrx_word' id='word_1_364' title='bbox 313 2665 730 2736; x_wconf 81' lang='lat' dir='ltr'><strong>observatores,</strong></span> <span class='ocrx_word' id='word_1_365' title='bbox 765 2668 839 2736; x_wconf 13' lang='lat' dir='ltr'><strong>uti</strong></span> <span class='ocrx_word' id='word_1_366' title='bbox 855 2679 925 2717; x_wconf 83' lang='lat' dir='ltr'><strong>ex</strong></span> <span class='ocrx_word' id='word_1_367' title='bbox 955 2661 1363 2736; x_wconf 23' lang='lat' dir='ltr'><strong>AbuiOseihah</strong></span> <span class='ocrx_word' id='word_1_368' title='bbox 1388 2661 1584 2730; x_wconf 87' lang='lat' dir='ltr'><strong>didici,</strong></span> <span class='ocrx_word' id='word_1_369' title='bbox 1608 2662 1706 2733; x_wconf 90' lang='lat' dir='ltr'><strong>qui</strong></span> <span class='ocrx_word' id='word_1_370' title='bbox 1732 2663 1802 2717; x_wconf 92' lang='lat' dir='ltr'><strong>de</strong></span> <span class='ocrx_word' id='word_1_371' title='bbox 1831 2679 1971 2736; x_wconf 84' lang='lat' dir='ltr'><strong>quo-</strong></span> <span class='ocrx_word' id='word_1_372' title='bbox 2077 2670 2301 2736; x_wconf 79' lang='lat' dir='ltr'><strong>veteres</strong></span> <span class='ocrx_word' id='word_1_373' title='bbox 2342 2679 2443 2736; x_wconf 77' lang='lat' dir='ltr'><strong>per</strong></span> <span class='ocrx_word' id='word_1_374' title='bbox 2477 2664 2628 2736; x_wconf 89' lang='lat' dir='ltr'><strong>diem</strong></span> <span class='ocrx_word' id='word_1_375' title='bbox 2668 2665 2739 2736; x_wconf 73' lang='lat' dir='ltr'><strong>ad</strong></span> <span class='ocrx_word' id='word_1_376' title='bbox 2794 2661 3011 2719; x_wconf 59' lang='lat' dir='ltr'><strong>solaris</strong></span> <span class='ocrx_word' id='word_1_377' title='bbox 3045 2665 3342 2736; x_wconf 90' lang='lat' dir='ltr'><strong>horologia</strong></span> <span class='ocrx_word' id='word_1_378' title='bbox 3385 2661 3728 2736; x_wconf 74' lang='lat' dir='ltr'><strong>respexisse,</strong></span> 
     </span>
    </p>
   </div>
   <div class='ocr_carea' id='block_1_44' title="bbox 317 2733 1968 2804">
    <p class='ocr_par' dir='ltr' id='par_1_44' title="bbox 317 2733 1968 2804">
     <span class='ocr_line' id='line_1_44' title="bbox 317 2733 1968 2804; baseline -0.002 -13"><span class='ocrx_word' id='word_1_379' title='bbox 317 2735 449 2791; x_wconf 81' lang='lat' dir='ltr'><strong>dam</strong></span> <span class='ocrx_word' id='word_1_380' title='bbox 479 2735 886 2790; x_wconf 81' lang='lat' dir='ltr'><strong>Mnhammedo</strong></span> <span class='ocrx_word' id='word_1_381' title='bbox 913 2743 992 2788; x_wconf 77' lang='lat' dir='ltr'><strong>ait.</strong></span> <span class='ocrx_word' id='word_1_382' title='bbox 1026 2749 1039 2788; x_wconf 89' lang='lat'><strong>:</strong></span> <span class='ocrx_word' id='word_1_383' title='bbox 1073 2735 1199 2788; x_wconf 83' lang='lat' dir='ltr'><strong>Erat</strong></span> <span class='ocrx_word' id='word_1_384' title='bbox 1226 2735 1449 2804; x_wconf 74' lang='lat' dir='ltr'><strong>phaenix</strong></span> <span class='ocrx_word' id='word_1_385' title='bbox 1485 2737 1576 2787; x_wconf 74' lang='lat' dir='ltr'><strong>sui</strong></span> <span class='ocrx_word' id='word_1_386' title='bbox 1611 2738 1869 2802; x_wconf 74' lang='lat' dir='ltr'><strong>temporis</strong></span> <span class='ocrx_word' id='word_1_387' title='bbox 1909 2733 1968 2789; x_wconf 84' lang='lat' dir='ltr'><strong>in</strong></span> 
     </span>
    </p>
   </div>
   <div class='ocr_carea' id='block_1_45' title="bbox 315 2804 1971 2876">
    <p class='ocr_par' dir='ltr' id='par_1_45' title="bbox 315 2804 1971 2876">
     <span class='ocr_line' id='line_1_45' title="bbox 315 2804 1971 2876; baseline -0.002 -14"><span class='ocrx_word' id='word_1_388' title='bbox 315 2809 547 2862; x_wconf 76' lang='lat' dir='ltr'><strong>scientia</strong></span> <span class='ocrx_word' id='word_1_389' title='bbox 591 2805 912 2874; x_wconf 77' lang='lat' dir='ltr'><strong>conﬁciendi</strong></span> <span class='ocrx_word' id='word_1_390' title='bbox 950 2804 1151 2876; x_wconf 66' lang='lat' dir='ltr'><strong>[toros</strong></span> <span class='ocrx_word' id='word_1_391' title='bbox 1183 2806 1265 2876; x_wconf 89' lang='lat' dir='ltr'><strong>[id</strong></span> <span class='ocrx_word' id='word_1_392' title='bbox 1314 2811 1398 2859; x_wconf 89' lang='lat' dir='ltr'><strong>est</strong></span> <span class='ocrx_word' id='word_1_393' title='bbox 1451 2804 1773 2876; x_wconf 73' lang='lat' dir='ltr'><strong>horologia]</strong></span> <span class='ocrx_word' id='word_1_394' title='bbox 1818 2809 1866 2860; x_wconf 81' lang='lat' dir='ltr'><strong>et</strong></span> <span class='ocrx_word' id='word_1_395' title='bbox 1911 2808 1971 2859; x_wconf 81' lang='lat' dir='ltr'><strong>in</strong></span> 
     </span>
    </p>
   </div>
   <div class='ocr_carea' id='block_1_46' title="bbox 317 2875 1971 2943">
    <p class='ocr_par' dir='ltr' id='par_1_46' title="bbox 317 2875 1971 2943">
     <span class='ocr_line' id='line_1_46' title="bbox 317 2875 1971 2943; baseline -0.002 -9"><span class='ocrx_word' id='word_1_396' title='bbox 317 2879 552 2934; x_wconf 74' lang='lat' dir='ltr'><strong>scientia</strong></span> <span class='ocrx_word' id='word_1_397' title='bbox 597 2879 904 2933; x_wconf 72' lang='lat' dir='ltr'><strong>stellarum.</strong></span> <span class='ocrx_word' id='word_1_398' title='bbox 947 2875 1081 2930; x_wconf 84' lang='lat' dir='ltr'><strong>Erat</strong></span> <span class='ocrx_word' id='word_1_399' title='bbox 1119 2875 1216 2930; x_wconf 90' lang='lat' dir='ltr'><strong>ille</strong></span> <span class='ocrx_word' id='word_1_400' title='bbox 1258 2875 1425 2930; x_wconf 91' lang='lat' dir='ltr'><strong>homo</strong></span> <span class='ocrx_word' id='word_1_401' title='bbox 1463 2875 1738 2930; x_wconf 88' lang='lat' dir='ltr'><strong>Saladino</strong></span> <span class='ocrx_word' id='word_1_402' title='bbox 1779 2893 1971 2943; x_wconf 68' lang='lat' dir='ltr'><strong>aequa-</strong></span> 
     </span>
    </p>
   </div>
   <div class='ocr_carea' id='block_1_47' title="bbox 319 2946 1970 3016">
    <p class='ocr_par' dir='ltr' id='par_1_47' title="bbox 319 2946 1970 3016">
     <span class='ocr_line' id='line_1_47' title="bbox 319 2946 1970 3016; baseline -0.002 -12"><span class='ocrx_word' id='word_1_403' title='bbox 319 2949 412 3011; x_wconf 84' lang='lat' dir='ltr'><strong>lis.</strong></span> <span class='ocrx_word' id='word_1_404' title='bbox 443 2952 498 3004; x_wconf 85' lang='lat' dir='ltr'><strong>id</strong></span> <span class='ocrx_word' id='word_1_405' title='bbox 534 2955 622 3005; x_wconf 90' lang='lat' dir='ltr'><strong>est</strong></span> <span class='ocrx_word' id='word_1_406' title='bbox 653 2949 869 3003; x_wconf 87' lang='lat' dir='ltr'><strong>vivebat</strong></span> <span class='ocrx_word' id='word_1_407' title='bbox 906 2946 1117 3003; x_wconf 67' lang='lat' dir='ltr'><strong>saeculo</strong></span> <span class='ocrx_word' id='word_1_408' title='bbox 1156 2963 1252 3001; x_wconf 81' lang='lat' dir='ltr'><strong>xu.</strong></span> <span class='ocrx_word' id='word_1_409' title='bbox 1298 2947 1504 3002; x_wconf 92' lang='lat' dir='ltr'><strong>Verum</strong></span> <span class='ocrx_word' id='word_1_410' title='bbox 1548 2948 1685 3016; x_wconf 88' lang='lat' dir='ltr'><strong>quia</strong></span> <span class='ocrx_word' id='word_1_411' title='bbox 1715 2949 1970 3013; x_wconf 86' lang='lat' dir='ltr'><strong>additur,</strong></span> 
     </span>
    </p>
   </div>
   <div class='ocr_carea' id='block_1_48' title="bbox 322 3016 1971 3092">
    <p class='ocr_par' dir='ltr' id='par_1_48' title="bbox 322 3016 1971 3092">
     <span class='ocr_line' id='line_1_48' title="bbox 322 3016 1971 3092; baseline -0.002 -15"><span class='ocrx_word' id='word_1_412' title='bbox 322 3037 456 3077; x_wconf 88' lang='lat' dir='ltr'><strong>eum</strong></span> <span class='ocrx_word' id='word_1_413' title='bbox 485 3021 662 3075; x_wconf 84' lang='lat' dir='ltr'><strong>fuisse</strong></span> <span class='ocrx_word' id='word_1_414' title='bbox 694 3020 950 3092; x_wconf 79' lang='lat' dir='ltr'><strong>peritum</strong></span> <span class='ocrx_word' id='word_1_415' title='bbox 972 3016 1361 3086; x_wconf 61' lang='lat' dir='ltr'><strong>astronomiae,</strong></span> <span class='ocrx_word' id='word_1_416' title='bbox 1395 3035 1640 3092; x_wconf 87' lang='lat' dir='ltr'><strong>pronum</strong></span> <span class='ocrx_word' id='word_1_417' title='bbox 1681 3025 1766 3092; x_wconf 84' lang='lat' dir='ltr'><strong>est</strong></span> <span class='ocrx_word' id='word_1_418' title='bbox 1807 3019 1971 3073; x_wconf 88' lang='lat' dir='ltr'><strong>colli-</strong></span> 
     </span>
    </p>
   </div>
   <div class='ocr_carea' id='block_1_49' title="bbox 323 3089 1974 3164">
    <p class='ocr_par' dir='ltr' id='par_1_49' title="bbox 323 3089 1974 3164">
     <span class='ocr_line' id='line_1_49' title="bbox 323 3089 1974 3164; baseline -0.002 -17"><span class='ocrx_word' id='word_1_419' title='bbox 323 3108 479 3164; x_wconf 87' lang='lat' dir='ltr'><strong>gere,</strong></span> <span class='ocrx_word' id='word_1_420' title='bbox 541 3089 840 3162; x_wconf 80' lang='lat' dir='ltr'><strong>horologia</strong></span> <span class='ocrx_word' id='word_1_421' title='bbox 893 3089 994 3146; x_wconf 89' lang='lat' dir='ltr'><strong>illa</strong></span> <span class='ocrx_word' id='word_1_422' title='bbox 1050 3105 1369 3164; x_wconf 56' lang='lat' dir='ltr'><strong>gnomones</strong></span> <span class='ocrx_word' id='word_1_423' title='bbox 1402 3089 1661 3164; x_wconf 26' lang='lat' dir='ltr'><strong>&#39;solaresA</strong></span> <span class='ocrx_word' id='word_1_424' title='bbox 1688 3089 1869 3164; x_wconf 79' lang='lat' dir='ltr'><strong>horas</strong></span> <span class='ocrx_word' id='word_1_425' title='bbox 1905 3105 1974 3144; x_wconf 84' lang='lat' dir='ltr'><strong>ex</strong></span> 
     </span>
    </p>
   </div>
   <div class='ocr_carea' id='block_1_50' title="bbox 326 3160 1972 3230">
    <p class='ocr_par' dir='ltr' id='par_1_50' title="bbox 326 3160 1972 3230">
     <span class='ocr_line' id='line_1_50' title="bbox 326 3160 1972 3230; baseline -0.002 -11"><span class='ocrx_word' id='word_1_426' title='bbox 326 3160 538 3219; x_wconf 72' lang='lat' dir='ltr'><strong>umbra</strong></span> <span class='ocrx_word' id='word_1_427' title='bbox 569 3160 867 3218; x_wconf 77' lang='lat' dir='ltr'><strong>metientes</strong></span> <span class='ocrx_word' id='word_1_428' title='bbox 901 3160 1102 3217; x_wconf 78' lang='lat' dir='ltr'><strong>fuisse.</strong></span> <span class='ocrx_word' id='word_1_429' title='bbox 1153 3163 1252 3215; x_wconf 85' lang='lat' dir='ltr'><strong>Est</strong></span> <span class='ocrx_word' id='word_1_430' title='bbox 1293 3173 1484 3217; x_wconf 87' lang='lat' dir='ltr'><strong>tamen</strong></span> <span class='ocrx_word' id='word_1_431' title='bbox 1511 3160 1665 3230; x_wconf 91' lang='lat' dir='ltr'><strong>apud</strong></span> <span class='ocrx_word' id='word_1_432' title='bbox 1707 3163 1972 3216; x_wconf 86' lang='lat' dir='ltr'><strong>eumdem</strong></span> 
     </span>
    </p>
   </div>
   <div class='ocr_carea' id='block_1_51' title="bbox 322 3231 1974 3304">
    <p class='ocr_par' dir='ltr' id='par_1_51' title="bbox 322 3231 1974 3304">
     <span class='ocr_line' id='line_1_51' title="bbox 322 3231 1974 3304; baseline -0.002 -15"><span class='ocrx_word' id='word_1_433' title='bbox 322 3234 448 3290; x_wconf 88' lang='lat' dir='ltr'><strong>Abu</strong></span> <span class='ocrx_word' id='word_1_434' title='bbox 481 3233 746 3289; x_wconf 88' lang='lat' dir='ltr'><strong>Oseibam</strong></span> <span class='ocrx_word' id='word_1_435' title='bbox 781 3233 959 3296; x_wconf 81' lang='lat' dir='ltr'><strong>locus,</strong></span> <span class='ocrx_word' id='word_1_436' title='bbox 991 3234 1089 3304; x_wconf 89' lang='lat' dir='ltr'><strong>qui</strong></span> <span class='ocrx_word' id='word_1_437' title='bbox 1119 3233 1306 3304; x_wconf 87' lang='lat' dir='ltr'><strong>magis</strong></span> <span class='ocrx_word' id='word_1_438' title='bbox 1348 3231 1634 3304; x_wconf 85' lang='lat' dir='ltr'><strong>stringere</strong></span> <span class='ocrx_word' id='word_1_439' title='bbox 1673 3239 1730 3287; x_wconf 90' lang='lat' dir='ltr'><strong>et</strong></span> <span class='ocrx_word' id='word_1_440' title='bbox 1783 3233 1974 3300; x_wconf 89' lang='lat' dir='ltr'><strong>aptius</strong></span> 
     </span>
    </p>
   </div>
   <div class='ocr_carea' id='block_1_52' title="bbox 328 3303 1976 3377">
    <p class='ocr_par' dir='ltr' id='par_1_52' title="bbox 328 3303 1976 3377">
     <span class='ocr_line' id='line_1_52' title="bbox 328 3303 1976 3377; baseline -0.002 -16"><span class='ocrx_word' id='word_1_441' title='bbox 328 3306 408 3361; x_wconf 89' lang='lat' dir='ltr'><strong>rei</strong></span> <span class='ocrx_word' id='word_1_442' title='bbox 445 3308 706 3377; x_wconf 72' lang='lat' dir='ltr'><strong>praesenti</strong></span> <span class='ocrx_word' id='word_1_443' title='bbox 737 3303 1053 3377; x_wconf 73' lang='lat' dir='ltr'><strong>congruere</strong></span> <span class='ocrx_word' id='word_1_444' title='bbox 1085 3303 1334 3377; x_wconf 86' lang='lat' dir='ltr'><strong>videtur.</strong></span> <span class='ocrx_word' id='word_1_445' title='bbox 1370 3303 1542 3359; x_wconf 82' lang='lat' dir='ltr'><strong>Paulo</strong></span> <span class='ocrx_word' id='word_1_446' title='bbox 1586 3308 1718 3377; x_wconf 81' lang='lat' dir='ltr'><strong>post</strong></span> <span class='ocrx_word' id='word_1_447' title='bbox 1765 3320 1976 3377; x_wconf 77' lang='lat' dir='ltr'><strong>nempe</strong></span> 
     </span>
    </p>
   </div>
   <div class='ocr_carea' id='block_1_53' title="bbox 325 3375 1971 3446">
    <p class='ocr_par' dir='ltr' id='par_1_53' title="bbox 325 3375 1971 3446">
     <span class='ocr_line' id='line_1_53' title="bbox 325 3375 1971 3446; baseline -0.001 -14"><span class='ocrx_word' id='word_1_448' title='bbox 325 3375 478 3432; x_wconf 78' lang='lat' dir='ltr'><strong>intra</strong></span> <span class='ocrx_word' id='word_1_449' title='bbox 543 3377 902 3446; x_wconf 85' lang='lat' dir='ltr'><strong>superiorem</strong></span> <span class='ocrx_word' id='word_1_450' title='bbox 968 3376 1038 3431; x_wconf 85' lang='lat' dir='ltr'><strong>de</strong></span> <span class='ocrx_word' id='word_1_451' title='bbox 1110 3376 1260 3432; x_wconf 87' lang='lat' dir='ltr'><strong>Abul</strong></span> <span class='ocrx_word' id='word_1_452' title='bbox 1317 3377 1536 3431; x_wconf 87' lang='lat' dir='ltr'><strong>Fadblo</strong></span> <span class='ocrx_word' id='word_1_453' title='bbox 1597 3375 1735 3442; x_wconf 81' lang='lat' dir='ltr'><strong>filio,</strong></span> <span class='ocrx_word' id='word_1_454' title='bbox 1795 3375 1971 3430; x_wconf 85' lang='lat' dir='ltr'><strong>Abdel</strong></span> 
     </span>
    </p>
   </div>
   <div class='ocr_carea' id='block_1_54' title="bbox 323 3446 1978 3514">
    <p class='ocr_par' dir='ltr' id='par_1_54' title="bbox 323 3446 1978 3514">
     <span class='ocr_line' id='line_1_54' title="bbox 323 3446 1978 3514; baseline -0.001 -10"><span class='ocrx_word' id='word_1_455' title='bbox 323 3448 561 3514; x_wconf 88' lang='lat' dir='ltr'><strong>Carimi,</strong></span> <span class='ocrx_word' id='word_1_456' title='bbox 592 3448 658 3504; x_wconf 89' lang='lat' dir='ltr'><strong>Al</strong></span> <span class='ocrx_word' id='word_1_457' title='bbox 686 3447 1037 3504; x_wconf 82' lang='lat' dir='ltr'><strong>Muhandeso</strong></span> <span class='ocrx_word' id='word_1_458' title='bbox 1069 3464 1168 3504; x_wconf 89' lang='lat' dir='ltr'><strong>seu</strong></span> <span class='ocrx_word' id='word_1_459' title='bbox 1204 3447 1510 3504; x_wconf 77' lang='lat' dir='ltr'><strong>Geometra</strong></span> <span class='ocrx_word' id='word_1_460' title='bbox 1550 3447 1726 3513; x_wconf 83' lang='lat' dir='ltr'><strong>dicto,</strong></span> <span class='ocrx_word' id='word_1_461' title='bbox 1770 3446 1978 3502; x_wconf 88' lang='lat' dir='ltr'><strong>Dama-</strong></span> 
     </span>
    </p>
   </div>
   <div class='ocr_carea' id='block_1_55' title="bbox 325 3518 1976 3592">
    <p class='ocr_par' dir='ltr' id='par_1_55' title="bbox 325 3518 1976 3592">
     <span class='ocr_line' id='line_1_55' title="bbox 325 3518 1976 3592; baseline -0.002 -16"><span class='ocrx_word' id='word_1_462' title='bbox 325 3536 518 3585; x_wconf 92' lang='lat' dir='ltr'><strong>sceno,</strong></span> <span class='ocrx_word' id='word_1_463' title='bbox 554 3521 653 3592; x_wconf 91' lang='lat' dir='ltr'><strong>qui</strong></span> <span class='ocrx_word' id='word_1_464' title='bbox 686 3520 876 3576; x_wconf 90' lang='lat' dir='ltr'><strong>medio</strong></span> <span class='ocrx_word' id='word_1_465' title='bbox 917 3519 1129 3575; x_wconf 72' lang='lat' dir='ltr'><strong>saeculo</strong></span> <span class='ocrx_word' id='word_1_466' title='bbox 1169 3535 1292 3586; x_wconf 87' lang='lat' dir='ltr'><strong>xm,</strong></span> <span class='ocrx_word' id='word_1_467' title='bbox 1333 3519 1392 3574; x_wconf 92' lang='lat' dir='ltr'><strong>in</strong></span> <span class='ocrx_word' id='word_1_468' title='bbox 1433 3519 1600 3591; x_wconf 85' lang='lat' dir='ltr'><strong>Syria</strong></span> <span class='ocrx_word' id='word_1_469' title='bbox 1639 3527 1690 3592; x_wconf 83' lang='lat' dir='ltr'><strong>et</strong></span> <span class='ocrx_word' id='word_1_470' title='bbox 1732 3518 1976 3592; x_wconf 59' lang='lat' dir='ltr'><strong>@gypto</strong></span> 
     </span>
    </p>
   </div>
   <div class='ocr_carea' id='block_1_56' title="bbox 322 3589 1979 3658">
    <p class='ocr_par' dir='ltr' id='par_1_56' title="bbox 322 3589 1979 3658">
     <span class='ocr_line' id='line_1_56' title="bbox 322 3589 1979 3658; baseline -0.002 -11"><span class='ocrx_word' id='word_1_471' title='bbox 322 3592 482 3658; x_wconf 84' lang='lat' dir='ltr'><strong>vixit,</strong></span> <span class='ocrx_word' id='word_1_472' title='bbox 541 3589 693 3646; x_wconf 79' lang='lat' dir='ltr'><strong>inter</strong></span> <span class='ocrx_word' id='word_1_473' title='bbox 747 3592 860 3646; x_wconf 86' lang='lat' dir='ltr'><strong>alia</strong></span> <span class='ocrx_word' id='word_1_474' title='bbox 919 3592 1039 3646; x_wconf 77' lang='lat' dir='ltr'><strong>htec</strong></span> <span class='ocrx_word' id='word_1_475' title='bbox 1098 3597 1318 3653; x_wconf 88' lang='lat' dir='ltr'><strong>narrat,</strong></span> <span class='ocrx_word' id='word_1_476' title='bbox 1385 3589 1518 3645; x_wconf 79' lang='lat' dir='ltr'><strong>cum</strong></span> <span class='ocrx_word' id='word_1_477' title='bbox 1588 3589 1861 3644; x_wconf 81' lang='lat' dir='ltr'><strong>subtilem</strong></span> <span class='ocrx_word' id='word_1_478' title='bbox 1922 3593 1979 3644; x_wconf 91' lang='lat' dir='ltr'><strong>et</strong></span> 
     </span>
    </p>
   </div>
   <div class='ocr_carea' id='block_1_57' title="bbox 324 3661 1976 3724">
    <p class='ocr_par' dir='ltr' id='par_1_57' title="bbox 324 3661 1976 3724">
     <span class='ocr_line' id='line_1_57' title="bbox 324 3661 1976 3724; baseline -0.002 -6"><span class='ocrx_word' id='word_1_479' title='bbox 324 3663 587 3718; x_wconf 80' lang='lat' dir='ltr'><strong>dextrum</strong></span> <span class='ocrx_word' id='word_1_480' title='bbox 607 3663 784 3716; x_wconf 77' lang='lat' dir='ltr'><strong>fuisse</strong></span> <span class='ocrx_word' id='word_1_481' title='bbox 808 3663 1277 3716; x_wconf 86' lang='lat' dir='ltr'><strong>mathematicum</strong></span> <span class='ocrx_word' id='word_1_482' title='bbox 1299 3671 1350 3716; x_wconf 87' lang='lat' dir='ltr'><strong>et</strong></span> <span class='ocrx_word' id='word_1_483' title='bbox 1368 3662 1796 3724; x_wconf 85' lang='lat' dir='ltr'><strong>mechanicum,</strong></span> <span class='ocrx_word' id='word_1_484' title='bbox 1814 3661 1976 3716; x_wconf 89' lang='lat' dir='ltr'><strong>initio</strong></span> 
     </span>
    </p>
   </div>
   <div class='ocr_carea' id='block_1_58' title="bbox 327 3732 1969 3805">
    <p class='ocr_par' dir='ltr' id='par_1_58' title="bbox 327 3732 1969 3805">
     <span class='ocr_line' id='line_1_58' title="bbox 327 3732 1969 3805; baseline -0.002 -17"><span class='ocrx_word' id='word_1_485' title='bbox 327 3735 564 3805; x_wconf 77' lang='lat' dir='ltr'><strong>quidem</strong></span> <span class='ocrx_word' id='word_1_486' title='bbox 597 3732 1012 3787; x_wconf 81' lang='lat' dir='ltr'><strong>dexterrimum</strong></span> <span class='ocrx_word' id='word_1_487' title='bbox 1047 3734 1276 3805; x_wconf 83' lang='lat' dir='ltr'><strong>fabrum</strong></span> <span class='ocrx_word' id='word_1_488' title='bbox 1312 3732 1648 3802; x_wconf 84' lang='lat' dir='ltr'><strong>lignarium,</strong></span> <span class='ocrx_word' id='word_1_489' title='bbox 1671 3733 1877 3805; x_wconf 84' lang='lat' dir='ltr'><strong>deinde</strong></span> <span class='ocrx_word' id='word_1_490' title='bbox 1901 3733 1969 3805; x_wconf 82' lang='lat' dir='ltr'><strong>ad</strong></span> 
     </span>
    </p>
   </div>
   <div class='ocr_carea' id='block_1_59' title="bbox 328 3802 1973 3872">
    <p class='ocr_par' dir='ltr' id='par_1_59' title="bbox 328 3802 1973 3872">
     <span class='ocr_line' id='line_1_59' title="bbox 328 3802 1973 3872; baseline -0.002 -12"><span class='ocrx_word' id='word_1_491' title='bbox 328 3802 534 3860; x_wconf 71' lang='lat' dir='ltr'><strong>altiora</strong></span> <span class='ocrx_word' id='word_1_492' title='bbox 558 3805 880 3858; x_wconf 86' lang='lat' dir='ltr'><strong>litterarum</strong></span> <span class='ocrx_word' id='word_1_493' title='bbox 905 3820 1133 3872; x_wconf 89' lang='lat' dir='ltr'><strong>quoque</strong></span> <span class='ocrx_word' id='word_1_494' title='bbox 1156 3804 1566 3857; x_wconf 86' lang='lat' dir='ltr'><strong>humaniorum</strong></span> <span class='ocrx_word' id='word_1_495' title='bbox 1599 3809 1655 3855; x_wconf 86' lang='lat' dir='ltr'><strong>et</strong></span> <span class='ocrx_word' id='word_1_496' title='bbox 1670 3802 1973 3872; x_wconf 59' lang='lat' dir='ltr'><strong>theologia;</strong></span> 
     </span>
    </p>
   </div>
   <div class='ocr_carea' id='block_1_60' title="bbox 329 3875 1974 3946">
    <p class='ocr_par' dir='ltr' id='par_1_60' title="bbox 329 3875 1974 3946">
     <span class='ocr_line' id='line_1_60' title="bbox 329 3875 1974 3946; baseline -0.003 -15"><span class='ocrx_word' id='word_1_497' title='bbox 329 3892 498 3931; x_wconf 88' lang='lat' dir='ltr'><strong>sacra</strong></span> <span class='ocrx_word' id='word_1_498' title='bbox 549 3875 916 3946; x_wconf 69' lang='lat' dir='ltr'><strong>processisse.</strong></span> <span class='ocrx_word' id='word_1_499' title='bbox 959 3875 1055 3928; x_wconf 85' lang='lat' dir='ltr'><strong>Hic</strong></span> <span class='ocrx_word' id='word_1_500' title='bbox 1100 3881 1176 3930; x_wconf 78' lang='lat' dir='ltr'><strong>est</strong></span> <span class='ocrx_word' id='word_1_501' title='bbox 1218 3875 1332 3936; x_wconf 81' lang='lat' dir='ltr'><strong>ille,</strong></span> <span class='ocrx_word' id='word_1_502' title='bbox 1377 3876 1472 3944; x_wconf 85' lang='lat' dir='ltr'><strong>qui</strong></span> <span class='ocrx_word' id='word_1_503' title='bbox 1520 3876 1799 3946; x_wconf 66' lang='lat' dir='ltr'><strong>reparavit</strong></span> <span class='ocrx_word' id='word_1_504' title='bbox 1835 3875 1974 3944; x_wconf 84' lang='lat' dir='ltr'><strong>[scr-</strong></span> 
     </span>
    </p>
   </div>
   <div class='ocr_carea' id='block_1_61' title="bbox 331 3944 1976 4014">
    <p class='ocr_par' dir='ltr' id='par_1_61' title="bbox 331 3944 1976 4014">
     <span class='ocr_line' id='line_1_61' title="bbox 331 3944 1976 4014; baseline -0.002 -13"><span class='ocrx_word' id='word_1_505' title='bbox 331 3944 625 4001; x_wconf 14' lang='lat' dir='ltr'><strong>vandisiin</strong></span> <span class='ocrx_word' id='word_1_506' title='bbox 662 3949 809 4000; x_wconf 86' lang='lat' dir='ltr'><strong>bono</strong></span> <span class='ocrx_word' id='word_1_507' title='bbox 840 3953 993 4000; x_wconf 91' lang='lat' dir='ltr'><strong>statu</strong></span> <span class='ocrx_word' id='word_1_508' title='bbox 1027 3952 1085 3999; x_wconf 90' lang='lat' dir='ltr'><strong>et</strong></span> <span class='ocrx_word' id='word_1_509' title='bbox 1116 3947 1476 4014; x_wconf 71' lang='lat' dir='ltr'><strong>reparandis,</strong></span> <span class='ocrx_word' id='word_1_510' title='bbox 1512 3944 1558 3997; x_wconf 90' lang='lat' dir='ltr'><strong>si</strong></span> <span class='ocrx_word' id='word_1_511' title='bbox 1601 3945 1743 3997; x_wconf 81' lang='lat' dir='ltr'><strong>forte</strong></span> <span class='ocrx_word' id='word_1_512' title='bbox 1785 3945 1976 3997; x_wconf 69' lang='lat' dir='ltr'><strong>labem</strong></span> 
     </span>
    </p>
   </div>
   <div class='ocr_carea' id='block_1_62' title="bbox 330 4015 1978 4088">
    <p class='ocr_par' dir='ltr' id='par_1_62' title="bbox 330 4015 1978 4088">
     <span class='ocr_line' id='line_1_62' title="bbox 330 4015 1978 4088; baseline -0.002 -15"><span class='ocrx_word' id='word_1_513' title='bbox 330 4019 754 4077; x_wconf 76' lang='lat' dir='ltr'><strong>contraherent.</strong></span> <span class='ocrx_word' id='word_1_514' title='bbox 788 4017 1132 4088; x_wconf 73' lang='lat' dir='ltr'><strong>invigilavit,</strong></span> <span class='ocrx_word' id='word_1_515' title='bbox 1162 4016 1180 4088; x_wconf 91' lang='lat'>]</span> <span class='ocrx_word' id='word_1_516' title='bbox 1212 4015 1498 4086; x_wconf 72' lang='lat' dir='ltr'><strong>horologia</strong></span> <span class='ocrx_word' id='word_1_517' title='bbox 1528 4015 1720 4088; x_wconf 72' lang='lat' dir='ltr'><strong>templi</strong></span> <span class='ocrx_word' id='word_1_518' title='bbox 1749 4015 1978 4085; x_wconf 53' lang='lat' dir='ltr'><strong>majoris</strong></span> 
     </span>
    </p>
   </div>
   <div class='ocr_carea' id='block_1_63' title="bbox 331 4087 1977 4160">
    <p class='ocr_par' dir='ltr' id='par_1_63' title="bbox 331 4087 1977 4160">
     <span class='ocr_line' id='line_1_63' title="bbox 331 4087 1977 4160; baseline -0.004 -15"><span class='ocrx_word' id='word_1_519' title='bbox 331 4091 672 4146; x_wconf 74' lang='lat' dir='ltr'><strong>Damasceni.</strong></span> <span class='ocrx_word' id='word_1_520' title='bbox 703 4105 932 4160; x_wconf 84' lang='lat' dir='ltr'><strong>quorum</strong></span> <span class='ocrx_word' id='word_1_521' title='bbox 972 4089 1041 4143; x_wconf 87' lang='lat' dir='ltr'><strong>ob</strong></span> <span class='ocrx_word' id='word_1_522' title='bbox 1083 4087 1473 4160; x_wconf 68' lang='lat' dir='ltr'><strong>inspectionem</strong></span> <span class='ocrx_word' id='word_1_523' title='bbox 1500 4095 1564 4160; x_wconf 73' lang='lat' dir='ltr'><strong>et</strong></span> <span class='ocrx_word' id='word_1_524' title='bbox 1609 4087 1977 4141; x_wconf 70' lang='lat' dir='ltr'><strong>visitationem</strong></span> 
     </span>
    </p>
   </div>
   <div class='ocr_carea' id='block_1_64' title="bbox 330 4159 1978 4232">
    <p class='ocr_par' dir='ltr' id='par_1_64' title="bbox 330 4159 1978 4232">
     <span class='ocr_line' id='line_1_64' title="bbox 330 4159 1978 4232; baseline -0.004 -14"><span class='ocrx_word' id='word_1_525' title='bbox 330 4178 360 4218; x_wconf 74' lang='grc' dir='ltr'><strong><em>θ</em></strong></span> <span class='ocrx_word' id='word_1_526' title='bbox 405 4163 534 4232; x_wconf 81' lang='lat' dir='ltr'><strong>fier</strong></span> <span class='ocrx_word' id='word_1_527' title='bbox 579 4159 850 4216; x_wconf 71' lang='lat' dir='ltr'><strong>salarium</strong></span> <span class='ocrx_word' id='word_1_528' title='bbox 891 4160 1064 4229; x_wconf 71' lang='lat' dir='ltr'><strong>ﬁxum</strong></span> <span class='ocrx_word' id='word_1_529' title='bbox 1108 4159 1437 4220; x_wconf 76' lang='lat' dir='ltr'><strong>occipiebat.</strong></span> <span class='ocrx_word' id='word_1_530' title='bbox 1488 4159 1678 4232; x_wconf 69' lang='lat' dir='ltr'><strong>Majas</strong></span> <span class='ocrx_word' id='word_1_531' title='bbox 1727 4160 1873 4232; x_wconf 85' lang='lat' dir='ltr'><strong>quid</strong></span> <span class='ocrx_word' id='word_1_532' title='bbox 1921 4164 1978 4211; x_wconf 89' lang='lat' dir='ltr'><strong>et</strong></span> 
     </span>
    </p>
   </div>
   <div class='ocr_carea' id='block_1_65' title="bbox 334 4229 1974 4302">
    <p class='ocr_par' dir='ltr' id='par_1_65' title="bbox 334 4229 1974 4302">
     <span class='ocr_line' id='line_1_65' title="bbox 334 4229 1974 4302; baseline -0.002 -15"><span class='ocrx_word' id='word_1_533' title='bbox 334 4229 627 4288; x_wconf 79' lang='lat' dir='ltr'><strong>diversum</strong></span> <span class='ocrx_word' id='word_1_534' title='bbox 673 4250 704 4285; x_wconf 89' lang='lat' dir='ltr'><strong>a</strong></span> <span class='ocrx_word' id='word_1_535' title='bbox 745 4232 1010 4287; x_wconf 79' lang='lat' dir='ltr'><strong>sciaterio</strong></span> <span class='ocrx_word' id='word_1_536' title='bbox 1053 4234 1247 4302; x_wconf 89' lang='lat' dir='ltr'><strong>procul</strong></span> <span class='ocrx_word' id='word_1_537' title='bbox 1279 4233 1454 4302; x_wconf 76' lang='lat' dir='ltr'><strong>tlDbIO</strong></span> <span class='ocrx_word' id='word_1_538' title='bbox 1487 4229 1581 4285; x_wconf 87' lang='lat' dir='ltr'><strong>hic</strong></span> <span class='ocrx_word' id='word_1_539' title='bbox 1613 4230 1974 4302; x_wconf 70' lang='lat' dir='ltr'><strong>designatur.</strong></span> 
     </span>
    </p>
   </div>
   <div class='ocr_carea' id='block_1_66' title="bbox 331 4301 1975 4373">
    <p class='ocr_par' dir='ltr' id='par_1_66' title="bbox 331 4301 1975 4373">
     <span class='ocr_line' id='line_1_66' title="bbox 331 4301 1975 4373; baseline -0.004 -13"><span class='ocrx_word' id='word_1_540' title='bbox 331 4302 473 4360; x_wconf 87' lang='lat' dir='ltr'><strong>Nam</strong></span> <span class='ocrx_word' id='word_1_541' title='bbox 503 4302 680 4360; x_wconf 88' lang='lat' dir='ltr'><strong>semel</strong></span> <span class='ocrx_word' id='word_1_542' title='bbox 716 4304 826 4358; x_wconf 76' lang='lat' dir='ltr'><strong>fixo</strong></span> <span class='ocrx_word' id='word_1_543' title='bbox 856 4302 914 4356; x_wconf 90' lang='lat' dir='ltr'><strong>in</strong></span> <span class='ocrx_word' id='word_1_544' title='bbox 948 4307 1252 4358; x_wconf 89' lang='lat' dir='ltr'><strong>commodo</strong></span> <span class='ocrx_word' id='word_1_545' title='bbox 1293 4301 1416 4358; x_wconf 90' lang='lat' dir='ltr'><strong>loco</strong></span> <span class='ocrx_word' id='word_1_546' title='bbox 1447 4317 1736 4373; x_wconf 88' lang='lat' dir='ltr'><strong>gnomone</strong></span> <span class='ocrx_word' id='word_1_547' title='bbox 1778 4301 1975 4369; x_wconf 87' lang='lat' dir='ltr'><strong>solari,</strong></span> 
     </span>
    </p>
   </div>
   <div class='ocr_carea' id='block_1_67' title="bbox 332 4375 1974 4495">
    <p class='ocr_par' dir='ltr' id='par_1_67' title="bbox 332 4375 1974 4495">
     <span class='ocr_line' id='line_1_67' title="bbox 332 4375 1974 4495; baseline -0.002 -65"><span class='ocrx_word' id='word_1_548' title='bbox 332 4391 446 4432; x_wconf 90' lang='lat' dir='ltr'><strong>non</strong></span> <span class='ocrx_word' id='word_1_549' title='bbox 492 4375 743 4445; x_wconf 89' lang='lat' dir='ltr'><strong>amplius</strong></span> <span class='ocrx_word' id='word_1_550' title='bbox 790 4390 935 4445; x_wconf 87' lang='lat' dir='ltr'><strong>opus</strong></span> <span class='ocrx_word' id='word_1_551' title='bbox 974 4391 1107 4431; x_wconf 91' lang='lat' dir='ltr'><strong>eum</strong></span> <span class='ocrx_word' id='word_1_552' title='bbox 1151 4375 1462 4436; x_wconf 87' lang='lat' dir='ltr'><strong>custodire.</strong></span> <span class='ocrx_word' id='word_1_553' title='bbox 1510 4389 1609 4445; x_wconf 90' lang='lat' dir='ltr'><strong>per</strong></span> <span class='ocrx_word' id='word_1_554' title='bbox 1649 4379 1974 4495; x_wconf 47' lang='lat' dir='ltr'><strong>temgorum</strong></span> 
     </span>
     <span class='ocr_line' id='line_1_68' title="bbox 332 4445 1974 4495; baseline 0 0"><span class='ocrx_word' id='word_1_555' title='bbox 332 4446 637 4495; x_wconf 82' lang='lat' dir='ltr'><strong>intervalla</strong></span> <span class='ocrx_word' id='word_1_556' title='bbox 692 4445 922 4495; x_wconf 77' lang='lat' dir='ltr'><strong>visitare</strong></span> <span class='ocrx_word' id='word_1_557' title='bbox 965 4452 1019 4495; x_wconf 83' lang='lat' dir='ltr'><strong>et</strong></span> <span class='ocrx_word' id='word_1_558' title='bbox 1067 4462 1332 4495; x_wconf 83' lang='lat' dir='ltr'><strong>renarare</strong></span> <span class='ocrx_word' id='word_1_559' title='bbox 1382 4445 1708 4495; x_wconf 85' lang='lat' dir='ltr'><strong>ruinosum.</strong></span> <span class='ocrx_word' id='word_1_560' title='bbox 1812 4460 1974 4495; x_wconf 90' lang='lat' dir='ltr'><strong>erum</strong></span> 
     </span>
    </p>
   </div>
   <div class='ocr_carea' id='block_1_68' title="bbox 331 4445 1974 4518">
    <p class='ocr_par' dir='ltr' id='par_1_68' title="bbox 331 4445 1974 4518">
     <span class='ocr_line' id='line_1_69' title="bbox 331 4445 1974 4518; baseline -0.001 -18"><span class='ocrx_word' id='word_1_561' title='bbox 331 4446 637 4501; x_wconf 89' lang='lat' dir='ltr'><strong>intervalla</strong></span> <span class='ocrx_word' id='word_1_562' title='bbox 692 4445 922 4518; x_wconf 83' lang='lat' dir='ltr'><strong>visitare</strong></span> <span class='ocrx_word' id='word_1_563' title='bbox 965 4452 1020 4501; x_wconf 90' lang='lat' dir='ltr'><strong>et</strong></span> <span class='ocrx_word' id='word_1_564' title='bbox 1067 4462 1332 4518; x_wconf 88' lang='lat' dir='ltr'><strong>reparare</strong></span> <span class='ocrx_word' id='word_1_565' title='bbox 1381 4445 1708 4518; x_wconf 80' lang='lat' dir='ltr'><strong>ruinosam.</strong></span> <span class='ocrx_word' id='word_1_566' title='bbox 1761 4445 1974 4499; x_wconf 90' lang='lat' dir='ltr'><strong>Verum</strong></span> 
     </span>
    </p>
   </div>
   <div class='ocr_carea' id='block_1_69' title="bbox 332 4516 1978 4587">
    <p class='ocr_par' dir='ltr' id='par_1_69' title="bbox 332 4516 1978 4587">
     <span class='ocr_line' id='line_1_70' title="bbox 332 4516 1978 4587; baseline -0.001 -15"><span class='ocrx_word' id='word_1_567' title='bbox 332 4519 623 4572; x_wconf 89' lang='lat' dir='ltr'><strong>continuis</strong></span> <span class='ocrx_word' id='word_1_568' title='bbox 685 4517 898 4583; x_wconf 67' lang='lat' dir='ltr'><strong>vigiliis</strong></span> <span class='ocrx_word' id='word_1_569' title='bbox 963 4516 1384 4586; x_wconf 57' lang='lat' dir='ltr'><strong>opus&#39;habere</strong></span> <span class='ocrx_word' id='word_1_570' title='bbox 1435 4516 1728 4587; x_wconf 89' lang='lat' dir='ltr'><strong>horologia</strong></span> <span class='ocrx_word' id='word_1_571' title='bbox 1777 4523 1978 4571; x_wconf 82' lang='lat' dir='ltr'><strong>nostra</strong></span> 
     </span>
    </p>
   </div>
   <div class='ocr_carea' id='block_1_70' title="bbox 333 4587 1974 4658">
    <p class='ocr_par' dir='ltr' id='par_1_70' title="bbox 333 4587 1974 4658">
     <span class='ocr_line' id='line_1_71' title="bbox 333 4587 1974 4658; baseline -0.001 -15"><span class='ocrx_word' id='word_1_572' title='bbox 333 4590 556 4658; x_wconf 88' lang='lat' dir='ltr'><strong>majora</strong></span> <span class='ocrx_word' id='word_1_573' title='bbox 586 4589 885 4658; x_wconf 88' lang='lat' dir='ltr'><strong>campanis</strong></span> <span class='ocrx_word' id='word_1_574' title='bbox 917 4587 1224 4657; x_wconf 90' lang='lat' dir='ltr'><strong>instructa,</strong></span> <span class='ocrx_word' id='word_1_575' title='bbox 1256 4604 1428 4644; x_wconf 89' lang='lat' dir='ltr'><strong>nemo</strong></span> <span class='ocrx_word' id='word_1_576' title='bbox 1468 4593 1554 4642; x_wconf 88' lang='lat' dir='ltr'><strong>est</strong></span> <span class='ocrx_word' id='word_1_577' title='bbox 1593 4589 1685 4657; x_wconf 90' lang='lat' dir='ltr'><strong>qui</strong></span> <span class='ocrx_word' id='word_1_578' title='bbox 1729 4587 1974 4658; x_wconf 88' lang='lat' dir='ltr'><strong>ignoret.</strong></span> 
     </span>
    </p>
   </div>
   <div class='ocr_carea' id='block_1_71' title="bbox 328 4657 1978 4733">
    <p class='ocr_par' dir='ltr' id='par_1_71' title="bbox 328 4657 1978 4733">
     <span class='ocr_line' id='line_1_72' title="bbox 328 4657 1978 4733; baseline -0.001 -18"><span class='ocrx_word' id='word_1_579' title='bbox 328 4657 529 4731; x_wconf 82' lang='lat' dir='ltr'><strong>Neque</strong></span> <span class='ocrx_word' id='word_1_580' title='bbox 564 4661 646 4733; x_wconf 16' lang='lat' dir='ltr'><strong>Ade</strong></span> <span class='ocrx_word' id='word_1_581' title='bbox 687 4657 982 4733; x_wconf 70' lang='grc' dir='ltr'>σὴμᾶντρῳ</span> <span class='ocrx_word' id='word_1_582' title='bbox 1030 4659 1220 4733; x_wconf 89' lang='lat' dir='ltr'><strong>ligneo</strong></span> <span class='ocrx_word' id='word_1_583' title='bbox 1271 4661 1574 4733; x_wconf 85' lang='lat' dir='ltr'><strong>commode</strong></span> <span class='ocrx_word' id='word_1_584' title='bbox 1623 4660 1735 4733; x_wconf 90' lang='lat' dir='ltr'><strong>dici</strong></span> <span class='ocrx_word' id='word_1_585' title='bbox 1766 4657 1978 4730; x_wconf 88' lang='lat' dir='ltr'><strong>potest</strong></span> 
     </span>
    </p>
   </div>
   <div class='ocr_carea' id='block_1_72' title="bbox 328 4730 1976 4802">
    <p class='ocr_par' dir='ltr' id='par_1_72' title="bbox 328 4730 1976 4802">
     <span class='ocr_line' id='line_1_73' title="bbox 328 4730 1976 4802; baseline -0.001 -15"><span class='ocrx_word' id='word_1_586' title='bbox 328 4730 634 4802; x_wconf 82' lang='lat' dir='ltr'><strong>reparatio,</strong></span> <span class='ocrx_word' id='word_1_587' title='bbox 677 4730 773 4788; x_wconf 81' lang='lat' dir='ltr'><strong>cui</strong></span> <span class='ocrx_word' id='word_1_588' title='bbox 810 4730 925 4787; x_wconf 86' lang='lat' dir='ltr'><strong>non</strong></span> <span class='ocrx_word' id='word_1_589' title='bbox 957 4730 1444 4787; x_wconf 86' lang='lat' dir='ltr'><strong>mathematicum</strong></span> <span class='ocrx_word' id='word_1_590' title='bbox 1492 4730 1976 4802; x_wconf 9' lang='lat' dir='ltr'><strong>hominemropus</strong></span> 
     </span>
    </p>
   </div>
   <div class='ocr_carea' id='block_1_73' title="bbox 328 4801 1973 4873">
    <p class='ocr_par' dir='ltr' id='par_1_73' title="bbox 328 4801 1973 4873">
     <span class='ocr_line' id='line_1_74' title="bbox 328 4801 1973 4873; baseline -0.004 -13"><span class='ocrx_word' id='word_1_591' title='bbox 328 4801 440 4868; x_wconf 87' lang='lat' dir='ltr'><strong>est,</strong></span> <span class='ocrx_word' id='word_1_592' title='bbox 472 4803 571 4860; x_wconf 88' lang='lat' dir='ltr'><strong>sed</strong></span> <span class='ocrx_word' id='word_1_593' title='bbox 607 4809 833 4859; x_wconf 88' lang='lat' dir='ltr'><strong>tantum</strong></span> <span class='ocrx_word' id='word_1_594' title='bbox 859 4803 1153 4873; x_wconf 86' lang='lat' dir='ltr'><strong>vulgarem</strong></span> <span class='ocrx_word' id='word_1_595' title='bbox 1178 4802 1400 4859; x_wconf 86' lang='lat' dir='ltr'><strong>fabrum</strong></span> <span class='ocrx_word' id='word_1_596' title='bbox 1424 4802 1696 4858; x_wconf 86' lang='lat' dir='ltr'><strong>adhibere</strong></span> <span class='ocrx_word' id='word_1_597' title='bbox 1717 4801 1973 4873; x_wconf 83' lang='lat' dir='ltr'><strong>sufficit;</strong></span> 
     </span>
    </p>
   </div>
   <div class='ocr_carea' id='block_1_74' title="bbox 329 4872 1976 4946">
    <p class='ocr_par' dir='ltr' id='par_1_74' title="bbox 329 4872 1976 4946">
     <span class='ocr_line' id='line_1_75' title="bbox 329 4872 1976 4946; baseline -0.002 -17"><span class='ocrx_word' id='word_1_598' title='bbox 329 4876 599 4946; x_wconf 87' lang='lat' dir='ltr'><strong>quamvis</strong></span> <span class='ocrx_word' id='word_1_599' title='bbox 657 4876 728 4931; x_wconf 90' lang='lat' dir='ltr'><strong>de</strong></span> <span class='ocrx_word' id='word_1_600' title='bbox 775 4875 876 4930; x_wconf 89' lang='lat' dir='ltr'><strong>tali</strong></span> <span class='ocrx_word' id='word_1_601' title='bbox 929 4872 1119 4946; x_wconf 82' lang='lat' dir='ltr'><strong>ligneo</strong></span> <span class='ocrx_word' id='word_1_602' title='bbox 1173 4875 1342 4946; x_wconf 87' lang='lat' dir='ltr'><strong>signo</strong></span> <span class='ocrx_word' id='word_1_603' title='bbox 1388 4875 1632 4946; x_wconf 72' lang='lat' dir='ltr'><strong>rectius,</strong></span> <span class='ocrx_word' id='word_1_604' title='bbox 1675 4887 1851 4942; x_wconf 87' lang='lat' dir='ltr'><strong>quam</strong></span> <span class='ocrx_word' id='word_1_605' title='bbox 1890 4872 1976 4946; x_wconf 84' lang='lat' dir='ltr'><strong>de</strong></span> 
     </span>
    </p>
   </div>
   <div class='ocr_carea' id='block_1_75' title="bbox 331 4943 1976 5012">
    <p class='ocr_par' dir='ltr' id='par_1_75' title="bbox 331 4943 1976 5012">
     <span class='ocr_line' id='line_1_76' title="bbox 331 4943 1976 5012; baseline -0.002 -10"><span class='ocrx_word' id='word_1_606' title='bbox 331 4943 621 5010; x_wconf 78' lang='lat' dir='ltr'><strong>sciaterio,</strong></span> <span class='ocrx_word' id='word_1_607' title='bbox 669 4945 896 5001; x_wconf 90' lang='lat' dir='ltr'><strong>dicatur</strong></span> <span class='ocrx_word' id='word_1_608' title='bbox 934 4943 999 5000; x_wconf 48' lang='lat' dir='ltr'><strong>id&#39;</strong></span> <span class='ocrx_word' id='word_1_609' title='bbox 1033 4943 1343 5001; x_wconf 74' lang='lat' dir='ltr'><strong>observari.</strong></span> <span class='ocrx_word' id='word_1_610' title='bbox 1386 4943 1530 4999; x_wconf 87' lang='lat' dir='ltr'><strong>Nam</strong></span> <span class='ocrx_word' id='word_1_611' title='bbox 1577 4943 1721 4998; x_wconf 90' lang='lat' dir='ltr'><strong>illud</strong></span> <span class='ocrx_word' id='word_1_612' title='bbox 1763 4943 1976 5012; x_wconf 68' lang='lat' dir='ltr'><strong>saepius</strong></span> 
     </span>
    </p>
   </div>
   <div class='ocr_carea' id='block_1_76' title="bbox 332 5013 1976 5088">
    <p class='ocr_par' dir='ltr' id='par_1_76' title="bbox 332 5013 1976 5088">
     <span class='ocr_line' id='line_1_77' title="bbox 332 5013 1976 5088; baseline -0.002 -17"><span class='ocrx_word' id='word_1_613' title='bbox 332 5034 436 5088; x_wconf 90' lang='lat' dir='ltr'><strong>per</strong></span> <span class='ocrx_word' id='word_1_614' title='bbox 465 5017 616 5070; x_wconf 89' lang='lat' dir='ltr'><strong>diem</strong></span> <span class='ocrx_word' id='word_1_615' title='bbox 653 5016 869 5086; x_wconf 89' lang='lat' dir='ltr'><strong>pulsari</strong></span> <span class='ocrx_word' id='word_1_616' title='bbox 903 5017 1173 5088; x_wconf 77' lang='lat' dir='ltr'><strong>debebat.</strong></span> <span class='ocrx_word' id='word_1_617' title='bbox 1205 5022 1262 5070; x_wconf 91' lang='lat' dir='ltr'><strong>et</strong></span> <span class='ocrx_word' id='word_1_618' title='bbox 1295 5021 1490 5070; x_wconf 86' lang='lat' dir='ltr'><strong>narrat</strong></span> <span class='ocrx_word' id='word_1_619' title='bbox 1521 5013 1881 5088; x_wconf 80' lang='lat' dir='ltr'><strong>Brochardus</strong></span> <span class='ocrx_word' id='word_1_620' title='bbox 1919 5013 1976 5067; x_wconf 91' lang='lat' dir='ltr'><strong>in</strong></span> 
     </span>
    </p>
   </div>
   <div class='ocr_carea' id='block_1_77' title="bbox 335 5085 1983 5154">
    <p class='ocr_par' dir='ltr' id='par_1_77' title="bbox 335 5085 1983 5154">
     <span class='ocr_line' id='line_1_78' title="bbox 335 5085 1983 5154; baseline 0 -14"><span class='ocrx_word' id='word_1_621' title='bbox 335 5085 610 5154; x_wconf 81' lang='lat' dir='ltr'><strong>descript.</strong></span> <span class='ocrx_word' id='word_1_622' title='bbox 644 5085 806 5142; x_wconf 68' lang='lat' dir='ltr'><strong>terra:</strong></span> <span class='ocrx_word' id='word_1_623' title='bbox 839 5093 1073 5148; x_wconf 72' lang='lat' dir='ltr'><strong>sanctis.</strong></span> <span class='ocrx_word' id='word_1_624' title='bbox 1101 5087 1468 5144; x_wconf 85' lang='lat' dir='ltr'><strong>Nestorianos</strong></span> <span class='ocrx_word' id='word_1_625' title='bbox 1492 5087 1560 5141; x_wconf 91' lang='lat' dir='ltr'><strong>ad</strong></span> <span class='ocrx_word' id='word_1_626' title='bbox 1585 5101 1787 5140; x_wconf 90' lang='lat' dir='ltr'><strong>omnes</strong></span> <span class='ocrx_word' id='word_1_627' title='bbox 1811 5085 1983 5140; x_wconf 88' lang='lat' dir='ltr'><strong>horas</strong></span> 
     </span>
    </p>
   </div>
   <div class='ocr_carea' id='block_1_78' title="bbox 335 5158 1978 5230">
    <p class='ocr_par' dir='ltr' id='par_1_78' title="bbox 335 5158 1978 5230">
     <span class='ocr_line' id='line_1_79' title="bbox 335 5158 1978 5230; baseline -0.002 -17"><span class='ocrx_word' id='word_1_628' title='bbox 335 5158 572 5230; x_wconf 80' lang='lat' dir='ltr'><strong>signum</strong></span> <span class='ocrx_word' id='word_1_629' title='bbox 607 5159 790 5213; x_wconf 80' lang='lat' dir='ltr'><strong>facere</strong></span> <span class='ocrx_word' id='word_1_630' title='bbox 821 5159 1010 5230; x_wconf 80' lang='lat' dir='ltr'><strong>tabula</strong></span> <span class='ocrx_word' id='word_1_631' title='bbox 1040 5158 1252 5230; x_wconf 83' lang='lat' dir='ltr'><strong>lignea,</strong></span> <span class='ocrx_word' id='word_1_632' title='bbox 1285 5160 1978 5230; x_wconf 81' lang='lat' dir='ltr'><strong>defectucampanarum,</strong></span> 
     </span>
    </p>
   </div>
   <div class='ocr_carea' id='block_1_79' title="bbox 334 5229 1978 5299">
    <p class='ocr_par' dir='ltr' id='par_1_79' title="bbox 334 5229 1978 5299">
     <span class='ocr_line' id='line_1_80' title="bbox 334 5229 1978 5299; baseline -0.001 -15"><span class='ocrx_word' id='word_1_633' title='bbox 334 5229 454 5286; x_wconf 84' lang='lat' dir='ltr'><strong>vid.</strong></span> <span class='ocrx_word' id='word_1_634' title='bbox 502 5248 554 5298; x_wconf 92' lang='lat' dir='ltr'><strong>p.</strong></span> <span class='ocrx_word' id='word_1_635' title='bbox 596 5230 702 5285; x_wconf 81' lang='lat'><strong>335</strong></span> <span class='ocrx_word' id='word_1_636' title='bbox 741 5231 878 5284; x_wconf 86' lang='lat' dir='ltr'><strong>edit.</strong></span> <span class='ocrx_word' id='word_1_637' title='bbox 920 5229 1167 5298; x_wconf 64' lang='lat' dir='ltr'><strong>Grynei.</strong></span> <span class='ocrx_word' id='word_1_638' title='bbox 1209 5229 1353 5283; x_wconf 76' lang='lat' dir='ltr'><strong>Mihi</strong></span> <span class='ocrx_word' id='word_1_639' title='bbox 1393 5229 1628 5299; x_wconf 87' lang='lat' dir='ltr'><strong>quidem</strong></span> <span class='ocrx_word' id='word_1_640' title='bbox 1671 5230 1816 5282; x_wconf 88' lang='lat' dir='ltr'><strong>satis</strong></span> <span class='ocrx_word' id='word_1_641' title='bbox 1855 5234 1978 5284; x_wconf 89' lang='lat' dir='ltr'><strong>esto</strong></span> 
     </span>
    </p>
   </div>
   <div class='ocr_carea' id='block_1_80' title="bbox 335 5300 1972 5372">
    <p class='ocr_par' dir='ltr' id='par_1_80' title="bbox 335 5300 1972 5372">
     <span class='ocr_line' id='line_1_81' title="bbox 335 5300 1972 5372; baseline -0.003 -14"><span class='ocrx_word' id='word_1_642' title='bbox 335 5318 456 5358; x_wconf 85' lang='lat' dir='ltr'><strong>rem</strong></span> <span class='ocrx_word' id='word_1_643' title='bbox 495 5302 554 5356; x_wconf 90' lang='lat' dir='ltr'><strong>in</strong></span> <span class='ocrx_word' id='word_1_644' title='bbox 588 5301 778 5357; x_wconf 89' lang='lat' dir='ltr'><strong>medio</strong></span> <span class='ocrx_word' id='word_1_645' title='bbox 813 5317 1023 5372; x_wconf 87' lang='lat' dir='ltr'><strong>ponere</strong></span> <span class='ocrx_word' id='word_1_646' title='bbox 1064 5300 1319 5355; x_wconf 89' lang='lat' dir='ltr'><strong>ulteriori</strong></span> <span class='ocrx_word' id='word_1_647' title='bbox 1360 5301 1608 5356; x_wconf 87' lang='lat' dir='ltr'><strong>examini</strong></span> <span class='ocrx_word' id='word_1_648' title='bbox 1650 5302 1972 5372; x_wconf 87' lang='lat' dir='ltr'><strong>doctorum.</strong></span> 
     </span>
    </p>
   </div>
   <div class='ocr_carea' id='block_1_81' title="bbox 338 5371 1978 5444">
    <p class='ocr_par' dir='ltr' id='par_1_81' title="bbox 338 5371 1978 5444">
     <span class='ocr_line' id='line_1_82' title="bbox 338 5371 1978 5444; baseline -0.001 -18"><span class='ocrx_word' id='word_1_649' title='bbox 338 5377 551 5430; x_wconf 65' lang='lat' dir='ltr'><strong>Prester</strong></span> <span class='ocrx_word' id='word_1_650' title='bbox 595 5374 740 5429; x_wconf 83' lang='lat' dir='ltr'><strong>alios</strong></span> <span class='ocrx_word' id='word_1_651' title='bbox 800 5371 1038 5444; x_wconf 84' lang='lat' dir='ltr'><strong>multos,</strong></span> <span class='ocrx_word' id='word_1_652' title='bbox 1088 5372 1186 5444; x_wconf 90' lang='lat' dir='ltr'><strong>qui</strong></span> <span class='ocrx_word' id='word_1_653' title='bbox 1237 5373 1308 5427; x_wconf 90' lang='lat' dir='ltr'><strong>de</strong></span> <span class='ocrx_word' id='word_1_654' title='bbox 1357 5380 1609 5427; x_wconf 81' lang='lat' dir='ltr'><strong>veterum</strong></span> <span class='ocrx_word' id='word_1_655' title='bbox 1661 5371 1978 5444; x_wconf 59' lang='lat' dir='ltr'><strong>horologiis</strong></span> 
     </span>
    </p>
   </div>
   <div class='ocr_carea' id='block_1_82' title="bbox 335 5441 1973 5514">
    <p class='ocr_par' dir='ltr' id='par_1_82' title="bbox 335 5441 1973 5514">
     <span class='ocr_line' id='line_1_83' title="bbox 335 5441 1973 5514; baseline -0.001 -15"><span class='ocrx_word' id='word_1_656' title='bbox 335 5445 725 5514; x_wconf 77' lang='lat' dir='ltr'><strong>disputarunt,</strong></span> <span class='ocrx_word' id='word_1_657' title='bbox 791 5461 936 5513; x_wconf 88' lang='lat' dir='ltr'><strong>quos</strong></span> <span class='ocrx_word' id='word_1_658' title='bbox 1001 5441 1502 5499; x_wconf 84' lang='lat' dir='ltr'><strong>Zimmermannus</strong></span> <span class='ocrx_word' id='word_1_659' title='bbox 1555 5444 1611 5499; x_wconf 91' lang='lat' dir='ltr'><strong>in</strong></span> <span class='ocrx_word' id='word_1_660' title='bbox 1670 5441 1973 5510; x_wconf 77' lang='lat' dir='ltr'><strong>Florilegio</strong></span> 
     </span>
    </p>
   </div>
   <div class='ocr_carea' id='block_1_83' title="bbox 2080 2733 3729 2806">
    <p class='ocr_par' dir='ltr' id='par_1_83' title="bbox 2080 2733 3729 2806">
     <span class='ocr_line' id='line_1_84' title="bbox 2080 2733 3729 2806; baseline 0.002 -18"><span class='ocrx_word' id='word_1_661' title='bbox 2080 2735 2149 2789; x_wconf 88' lang='lat' dir='ltr'><strong>de</strong></span> <span class='ocrx_word' id='word_1_662' title='bbox 2179 2747 2345 2789; x_wconf 85' lang='lat' dir='ltr'><strong>nocte</strong></span> <span class='ocrx_word' id='word_1_663' title='bbox 2376 2734 2447 2789; x_wconf 90' lang='lat' dir='ltr'><strong>ad</strong></span> <span class='ocrx_word' id='word_1_664' title='bbox 2481 2733 2838 2806; x_wconf 79' lang='lat' dir='ltr'><strong>clepsydras.</strong></span> <span class='ocrx_word' id='word_1_665' title='bbox 2869 2741 2967 2790; x_wconf 86' lang='lat' dir='ltr'><strong>aut</strong></span> <span class='ocrx_word' id='word_1_666' title='bbox 3006 2741 3180 2791; x_wconf 89' lang='lat' dir='ltr'><strong>etiam</strong></span> <span class='ocrx_word' id='word_1_667' title='bbox 3223 2733 3297 2792; x_wconf 74' lang='lat' dir='ltr'><strong>ad</strong></span> <span class='ocrx_word' id='word_1_668' title='bbox 3340 2733 3729 2806; x_wconf 85' lang='lat' dir='ltr'><strong>campanalia,</strong></span> 
     </span>
    </p>
   </div>
   <div class='ocr_carea' id='block_1_84' title="bbox 2077 2806 3733 2878">
    <p class='ocr_par' dir='ltr' id='par_1_84' title="bbox 2077 2806 3733 2878">
     <span class='ocr_line' id='line_1_85' title="bbox 2077 2806 3733 2878; baseline 0.003 -19"><span class='ocrx_word' id='word_1_669' title='bbox 2077 2809 2128 2878; x_wconf 85' lang='lat' dir='ltr'><strong>si</strong></span> <span class='ocrx_word' id='word_1_670' title='bbox 2170 2822 2297 2875; x_wconf 68' lang='lat' dir='ltr'><strong>quae</strong></span> <span class='ocrx_word' id='word_1_671' title='bbox 2335 2807 2477 2878; x_wconf 80' lang='lat' dir='ltr'><strong>forte</strong></span> <span class='ocrx_word' id='word_1_672' title='bbox 2518 2806 2792 2861; x_wconf 87' lang='lat' dir='ltr'><strong>habuere.</strong></span> <span class='ocrx_word' id='word_1_673' title='bbox 2837 2806 2902 2861; x_wconf 85' lang='lat' dir='ltr'><strong>Et</strong></span> <span class='ocrx_word' id='word_1_674' title='bbox 2941 2823 3008 2862; x_wconf 92' lang='lat' dir='ltr'><strong>eo</strong></span> <span class='ocrx_word' id='word_1_675' title='bbox 3054 2825 3290 2875; x_wconf 91' lang='lat' dir='ltr'><strong>prorsus</strong></span> <span class='ocrx_word' id='word_1_676' title='bbox 3339 2810 3507 2864; x_wconf 92' lang='lat' dir='ltr'><strong>modo</strong></span> <span class='ocrx_word' id='word_1_677' title='bbox 3546 2809 3733 2878; x_wconf 85' lang='lat' dir='ltr'><strong>accipi</strong></span> 
     </span>
    </p>
   </div>
   <div class='ocr_carea' id='block_1_85' title="bbox 2079 2877 3727 2948">
    <p class='ocr_par' dir='ltr' id='par_1_85' title="bbox 2079 2877 3727 2948">
     <span class='ocr_line' id='line_1_86' title="bbox 2079 2877 3727 2948; baseline 0.001 -16"><span class='ocrx_word' id='word_1_678' title='bbox 2079 2877 2252 2932; x_wconf 90' lang='lat' dir='ltr'><strong>debet</strong></span> <span class='ocrx_word' id='word_1_679' title='bbox 2274 2877 2659 2944; x_wconf 81' lang='lat' dir='ltr'><strong>Aristoxenus</strong></span> <span class='ocrx_word' id='word_1_680' title='bbox 2689 2879 2842 2947; x_wconf 88' lang='lat' dir='ltr'><strong>apud</strong></span> <span class='ocrx_word' id='word_1_681' title='bbox 2873 2880 3209 2934; x_wconf 80' lang='lat' dir='ltr'><strong>Athenaeum</strong></span> <span class='ocrx_word' id='word_1_682' title='bbox 3239 2880 3454 2948; x_wconf 60' lang='lat' dir='ltr'><strong>p.174,</strong></span> <span class='ocrx_word' id='word_1_683' title='bbox 3483 2877 3727 2935; x_wconf 85' lang='lat' dir='ltr'><strong>narrans</strong></span> 
     </span>
    </p>
   </div>
   <div class='ocr_carea' id='block_1_86' title="bbox 2079 2947 3726 3024">
    <p class='ocr_par' dir='ltr' id='par_1_86' title="bbox 2079 2947 3726 3024">
     <span class='ocr_line' id='line_1_87' title="bbox 2079 2947 3726 3024; baseline 0.001 -21"><span class='ocrx_word' id='word_1_684' title='bbox 2079 2948 2374 3024; x_wconf 78' lang='lat' dir='ltr'><strong>Platonem</strong></span> <span class='ocrx_word' id='word_1_685' title='bbox 2425 2949 2536 3003; x_wconf 87' lang='lat' dir='ltr'><strong>sibi</strong></span> <span class='ocrx_word' id='word_1_686' title='bbox 2589 2949 2792 3024; x_wconf 76' lang='lat' dir='ltr'><strong>fecisse</strong></span> <span class='ocrx_word' id='word_1_687' title='bbox 2835 2949 3142 3023; x_wconf 83' lang='grc' dir='ltr'>νυκτερινὸν</span> <span class='ocrx_word' id='word_1_688' title='bbox 3198 2947 3530 3024; x_wconf 73' lang='grc' dir='ltr'>ὡρολόγιον.</span> <span class='ocrx_word' id='word_1_689' title='bbox 3592 2950 3726 3015; x_wconf 67' lang='lat' dir='ltr'><strong>One</strong></span> 
     </span>
    </p>
   </div>
   <div class='ocr_carea' id='block_1_87' title="bbox 2081 3019 3728 3093">
    <p class='ocr_par' dir='ltr' id='par_1_87' title="bbox 2081 3019 3728 3093">
     <span class='ocr_line' id='line_1_88' title="bbox 2081 3019 3728 3093; baseline 0.004 -22"><span class='ocrx_word' id='word_1_690' title='bbox 2081 3019 2318 3090; x_wconf 90' lang='lat' dir='ltr'><strong>quidem</strong></span> <span class='ocrx_word' id='word_1_691' title='bbox 2352 3019 2411 3073; x_wconf 86' lang='lat' dir='ltr'><strong>in</strong></span> <span class='ocrx_word' id='word_1_692' title='bbox 2437 3024 2632 3093; x_wconf 80' lang='lat' dir='ltr'><strong>nostro</strong></span> <span class='ocrx_word' id='word_1_693' title='bbox 2662 3019 2786 3075; x_wconf 92' lang='lat' dir='ltr'><strong>loco</strong></span> <span class='ocrx_word' id='word_1_694' title='bbox 2813 3019 3206 3076; x_wconf 77' lang='lat' dir='ltr'><strong>memorantur</strong></span> <span class='ocrx_word' id='word_1_695' title='bbox 3224 3019 3524 3093; x_wconf 76' lang='lat' dir='ltr'><strong>horologia</strong></span> <span class='ocrx_word' id='word_1_696' title='bbox 3545 3038 3728 3077; x_wconf 90' lang='lat' dir='ltr'><strong>unum</strong></span> 
     </span>
    </p>
   </div>
   <div class='ocr_carea' id='block_1_88' title="bbox 2080 3090 3727 3164">
    <p class='ocr_par' dir='ltr' id='par_1_88' title="bbox 2080 3090 3727 3164">
     <span class='ocr_line' id='line_1_89' title="bbox 2080 3090 3727 3164; baseline 0.002 -20"><span class='ocrx_word' id='word_1_697' title='bbox 2080 3097 2445 3164; x_wconf 84' lang='lat' dir='ltr'><strong>argenteum,</strong></span> <span class='ocrx_word' id='word_1_698' title='bbox 2469 3090 2718 3164; x_wconf 90' lang='lat' dir='ltr'><strong>alterum</strong></span> <span class='ocrx_word' id='word_1_699' title='bbox 2742 3107 2991 3155; x_wconf 62' lang='lat' dir='ltr'><strong>aeneum,</strong></span> <span class='ocrx_word' id='word_1_700' title='bbox 3014 3093 3301 3164; x_wconf 13' lang='lat' dir='ltr'><strong>rvidentur</strong></span> <span class='ocrx_word' id='word_1_701' title='bbox 3323 3090 3727 3164; x_wconf 67' lang='lat' dir='ltr'><strong>mihiquidem</strong></span> 
     </span>
    </p>
   </div>
   <div class='ocr_carea' id='block_1_89' title="bbox 2082 3161 3731 3232">
    <p class='ocr_par' dir='ltr' id='par_1_89' title="bbox 2082 3161 3731 3232">
     <span class='ocr_line' id='line_1_90' title="bbox 2082 3161 3731 3232; baseline 0.001 -16"><span class='ocrx_word' id='word_1_702' title='bbox 2082 3177 2202 3216; x_wconf 77' lang='lat' dir='ltr'><strong>arte</strong></span> <span class='ocrx_word' id='word_1_703' title='bbox 2229 3161 2568 3216; x_wconf 90' lang='lat' dir='ltr'><strong>mechanica</strong></span> <span class='ocrx_word' id='word_1_704' title='bbox 2607 3163 2748 3217; x_wconf 90' lang='lat' dir='ltr'><strong>rotis</strong></span> <span class='ocrx_word' id='word_1_705' title='bbox 2787 3171 2838 3216; x_wconf 90' lang='lat' dir='ltr'><strong>el</strong></span> <span class='ocrx_word' id='word_1_706' title='bbox 2877 3163 3226 3232; x_wconf 86' lang='lat' dir='ltr'><strong>ponderibus</strong></span> <span class='ocrx_word' id='word_1_707' title='bbox 3276 3170 3407 3219; x_wconf 88' lang='lat' dir='ltr'><strong>acta</strong></span> <span class='ocrx_word' id='word_1_708' title='bbox 3445 3161 3628 3218; x_wconf 72' lang='lat' dir='ltr'><strong>fuisse</strong></span> <span class='ocrx_word' id='word_1_709' title='bbox 3667 3167 3731 3218; x_wconf 91' lang='lat' dir='ltr'><strong>ut</strong></span> 
     </span>
    </p>
   </div>
   <div class='ocr_carea' id='block_1_90' title="bbox 2083 3232 3729 3304">
    <p class='ocr_par' dir='ltr' id='par_1_90' title="bbox 2083 3232 3729 3304">
     <span class='ocr_line' id='line_1_91' title="bbox 2083 3232 3729 3304; baseline 0.001 -16"><span class='ocrx_word' id='word_1_710' title='bbox 2083 3237 2301 3299; x_wconf 85' lang='lat' dir='ltr'><strong>nostra,</strong></span> <span class='ocrx_word' id='word_1_711' title='bbox 2321 3232 2459 3286; x_wconf 85' lang='lat' dir='ltr'><strong>illud</strong></span> <span class='ocrx_word' id='word_1_712' title='bbox 2480 3238 2693 3302; x_wconf 84' lang='lat' dir='ltr'><strong>autem,</strong></span> <span class='ocrx_word' id='word_1_713' title='bbox 2717 3234 2870 3304; x_wconf 92' lang='lat' dir='ltr'><strong>quod</strong></span> <span class='ocrx_word' id='word_1_714' title='bbox 2892 3234 3149 3289; x_wconf 90' lang='lat' dir='ltr'><strong>tabulam</strong></span> <span class='ocrx_word' id='word_1_715' title='bbox 3181 3235 3452 3290; x_wconf 88' lang='lat' dir='ltr'><strong>horarum</strong></span> <span class='ocrx_word' id='word_1_716' title='bbox 3475 3234 3729 3289; x_wconf 86' lang='lat' dir='ltr'><strong>indicem</strong></span> 
     </span>
    </p>
   </div>
   <div class='ocr_carea' id='block_1_91' title="bbox 2084 3303 3728 3377">
    <p class='ocr_par' dir='ltr' id='par_1_91' title="bbox 2084 3303 3728 3377">
     <span class='ocr_line' id='line_1_92' title="bbox 2084 3303 3728 3377; baseline 0.001 -19"><span class='ocrx_word' id='word_1_717' title='bbox 2084 3303 2706 3377; x_wconf 84' lang='lat' dir='ltr'><strong>argenteamhaberet,</strong></span> <span class='ocrx_word' id='word_1_718' title='bbox 2738 3303 3101 3377; x_wconf 78' lang='lat' dir='ltr'><strong>argenteum,</strong></span> <span class='ocrx_word' id='word_1_719' title='bbox 3128 3309 3278 3377; x_wconf 89' lang='lat' dir='ltr'><strong>quod</strong></span> <span class='ocrx_word' id='word_1_720' title='bbox 3306 3323 3440 3361; x_wconf 90' lang='lat' dir='ltr'><strong>vero</strong></span> <span class='ocrx_word' id='word_1_721' title='bbox 3467 3306 3728 3361; x_wconf 86' lang='lat' dir='ltr'><strong>tabulam</strong></span> 
     </span>
    </p>
   </div>
   <div class='ocr_carea' id='block_1_92' title="bbox 2082 3375 3728 3438">
    <p class='ocr_par' dir='ltr' id='par_1_92' title="bbox 2082 3375 3728 3438">
     <span class='ocr_line' id='line_1_93' title="bbox 2082 3375 3728 3438; baseline 0.001 -8"><span class='ocrx_word' id='word_1_722' title='bbox 2082 3391 2302 3430; x_wconf 66' lang='lat' dir='ltr'><strong>aeneam</strong></span> <span class='ocrx_word' id='word_1_723' title='bbox 2354 3375 2608 3438; x_wconf 81' lang='lat' dir='ltr'><strong>haberet,</strong></span> <span class='ocrx_word' id='word_1_724' title='bbox 2658 3393 2882 3431; x_wconf 72' lang='lat' dir='ltr'><strong>aeneum</strong></span> <span class='ocrx_word' id='word_1_725' title='bbox 2925 3394 2959 3432; x_wconf 90' lang='lat' dir='ltr'><strong>a</strong></span> <span class='ocrx_word' id='word_1_726' title='bbox 2998 3375 3206 3432; x_wconf 82' lang='lat' dir='ltr'><strong>Nostro</strong></span> <span class='ocrx_word' id='word_1_727' title='bbox 3245 3377 3382 3432; x_wconf 85' lang='lat' dir='ltr'><strong>dici.</strong></span> <span class='ocrx_word' id='word_1_728' title='bbox 3435 3381 3599 3434; x_wconf 78' lang='lat' dir='ltr'><strong>Cont‘.</strong></span> <span class='ocrx_word' id='word_1_729' title='bbox 3648 3382 3728 3432; x_wconf 89' lang='lat' dir='ltr'><strong>Du</strong></span> 
     </span>
    </p>
   </div>
   <div class='ocr_carea' id='block_1_93' title="bbox 2084 3447 3732 3517">
    <p class='ocr_par' dir='ltr' id='par_1_93' title="bbox 2084 3447 3732 3517">
     <span class='ocr_line' id='line_1_94' title="bbox 2084 3447 3732 3517; baseline 0 -13"><span class='ocrx_word' id='word_1_730' title='bbox 2084 3448 2274 3517; x_wconf 81' lang='lat' dir='ltr'><strong>Gange</strong></span> <span class='ocrx_word' id='word_1_731' title='bbox 2315 3463 2367 3501; x_wconf 86' lang='lat' dir='ltr'><strong>v.</strong></span> <span class='ocrx_word' id='word_1_732' title='bbox 2409 3447 2776 3516; x_wconf 76' lang='lat' dir='ltr'><strong>Horologium,</strong></span> <span class='ocrx_word' id='word_1_733' title='bbox 2818 3447 2917 3502; x_wconf 92' lang='lat' dir='ltr'><strong>ubi</strong></span> <span class='ocrx_word' id='word_1_734' title='bbox 2961 3464 3095 3502; x_wconf 91' lang='lat' dir='ltr'><strong>cum</strong></span> <span class='ocrx_word' id='word_1_735' title='bbox 3148 3449 3301 3503; x_wconf 89' lang='lat' dir='ltr'><strong>inter</strong></span> <span class='ocrx_word' id='word_1_736' title='bbox 3322 3450 3432 3504; x_wconf 88' lang='lat' dir='ltr'><strong>alia</strong></span> <span class='ocrx_word' id='word_1_737' title='bbox 3477 3450 3732 3516; x_wconf 88' lang='lat' dir='ltr'><strong>posuerit</strong></span> 
     </span>
    </p>
   </div>
   <div class='ocr_carea' id='block_1_94' title="bbox 2086 3519 3731 3590">
    <p class='ocr_par' dir='ltr' id='par_1_94' title="bbox 2086 3519 3731 3590">
     <span class='ocr_line' id='line_1_95' title="bbox 2086 3519 3731 3590; baseline 0.002 -18"><span class='ocrx_word' id='word_1_738' title='bbox 2086 3519 2236 3590; x_wconf 85' lang='lat' dir='ltr'><strong>hanc</strong></span> <span class='ocrx_word' id='word_1_739' title='bbox 2268 3534 2461 3573; x_wconf 85' lang='lat' dir='ltr'><strong>vocem</strong></span> <span class='ocrx_word' id='word_1_740' title='bbox 2490 3519 2712 3590; x_wconf 91' lang='lat' dir='ltr'><strong>absque</strong></span> <span class='ocrx_word' id='word_1_741' title='bbox 2743 3521 3235 3590; x_wconf 83' lang='lat' dir='ltr'><strong>interpretatione,</strong></span> <span class='ocrx_word' id='word_1_742' title='bbox 3271 3527 3334 3575; x_wconf 89' lang='lat' dir='ltr'><strong>ut</strong></span> <span class='ocrx_word' id='word_1_743' title='bbox 3371 3520 3520 3576; x_wconf 89' lang='lat' dir='ltr'><strong>solet</strong></span> <span class='ocrx_word' id='word_1_744' title='bbox 3544 3522 3731 3575; x_wconf 80' lang='lat' dir='ltr'><strong>facere</strong></span> 
     </span>
    </p>
   </div>
   <div class='ocr_carea' id='block_1_95' title="bbox 2087 3589 3730 3662">
    <p class='ocr_par' dir='ltr' id='par_1_95' title="bbox 2087 3589 3730 3662">
     <span class='ocr_line' id='line_1_96' title="bbox 2087 3589 3730 3662; baseline 0.001 -18"><span class='ocrx_word' id='word_1_745' title='bbox 2087 3589 2144 3645; x_wconf 88' lang='lat' dir='ltr'><strong>in</strong></span> <span class='ocrx_word' id='word_1_746' title='bbox 2170 3592 2458 3661; x_wconf 87' lang='lat' dir='ltr'><strong>suspectis</strong></span> <span class='ocrx_word' id='word_1_747' title='bbox 2487 3596 2543 3645; x_wconf 90' lang='lat' dir='ltr'><strong>et</strong></span> <span class='ocrx_word' id='word_1_748' title='bbox 2596 3589 2696 3644; x_wconf 90' lang='lat' dir='ltr'><strong>ubi</strong></span> <span class='ocrx_word' id='word_1_749' title='bbox 2746 3607 2858 3645; x_wconf 93' lang='lat' dir='ltr'><strong>non</strong></span> <span class='ocrx_word' id='word_1_750' title='bbox 2902 3589 3116 3662; x_wconf 90' lang='lat' dir='ltr'><strong>liquet,</strong></span> <span class='ocrx_word' id='word_1_751' title='bbox 3149 3591 3315 3658; x_wconf 86' lang='lat' dir='ltr'><strong>juvat</strong></span> <span class='ocrx_word' id='word_1_752' title='bbox 3365 3592 3422 3646; x_wconf 93' lang='lat' dir='ltr'><strong>in</strong></span> <span class='ocrx_word' id='word_1_753' title='bbox 3474 3593 3730 3647; x_wconf 88' lang='lat' dir='ltr'><strong>transitu</strong></span> 
     </span>
    </p>
   </div>
   <div class='ocr_carea' id='block_1_96' title="bbox 2087 3661 3729 3734">
    <p class='ocr_par' dir='ltr' id='par_1_96' title="bbox 2087 3661 3729 3734">
     <span class='ocr_line' id='line_1_97' title="bbox 2087 3661 3729 3734; baseline 0.002 -20"><span class='ocrx_word' id='word_1_754' title='bbox 2087 3677 2344 3734; x_wconf 80' lang='lat' dir='ltr'><strong>monere,</strong></span> <span class='ocrx_word' id='word_1_755' title='bbox 2405 3677 2471 3716; x_wconf 90' lang='lat' dir='ltr'><strong>eo</strong></span> <span class='ocrx_word' id='word_1_756' title='bbox 2532 3661 2902 3734; x_wconf 31' lang='lat' dir='ltr'><strong>locopquem</strong></span> <span class='ocrx_word' id='word_1_757' title='bbox 2959 3678 2990 3716; x_wconf 91' lang='lat' dir='ltr'><strong>e</strong></span> <span class='ocrx_word' id='word_1_758' title='bbox 3042 3665 3273 3734; x_wconf 79' lang='lat' dir='ltr'><strong>Synodo</strong></span> <span class='ocrx_word' id='word_1_759' title='bbox 3342 3662 3729 3719; x_wconf 84' lang='lat' dir='ltr'><strong>Nemausensi</strong></span> 
     </span>
    </p>
   </div>
   <div class='ocr_carea' id='block_1_97' title="bbox 2082 3733 3730 3804">
    <p class='ocr_par' dir='ltr' id='par_1_97' title="bbox 2082 3733 3730 3804">
     <span class='ocr_line' id='line_1_98' title="bbox 2082 3733 3730 3804; baseline 0.002 -19"><span class='ocrx_word' id='word_1_760' title='bbox 2082 3733 2298 3804; x_wconf 78' lang='lat' dir='ltr'><strong>citavit,</strong></span> <span class='ocrx_word' id='word_1_761' title='bbox 2335 3748 2527 3804; x_wconf 79' lang='lat' dir='ltr'><strong>vocem</strong></span> <span class='ocrx_word' id='word_1_762' title='bbox 2559 3733 2838 3804; x_wconf 72' lang='lat' dir='ltr'><strong>horologia</strong></span> <span class='ocrx_word' id='word_1_763' title='bbox 2873 3733 3204 3804; x_wconf 74' lang='lat' dir='ltr'><strong>signiﬁCare</strong></span> <span class='ocrx_word' id='word_1_764' title='bbox 3236 3736 3463 3789; x_wconf 79' lang='lat' dir='ltr'><strong>fructus</strong></span> <span class='ocrx_word' id='word_1_765' title='bbox 3489 3737 3730 3800; x_wconf 76' lang='lat' dir='ltr'><strong>hONBOS,</strong></span> 
     </span>
    </p>
   </div>
   <div class='ocr_carea' id='block_1_98' title="bbox 2079 3799 3732 3876">
    <p class='ocr_par' dir='ltr' id='par_1_98' title="bbox 2079 3799 3732 3876">
     <span class='ocr_line' id='line_1_99' title="bbox 2079 3799 3732 3876; baseline 0.002 -21"><span class='ocrx_word' id='word_1_766' title='bbox 2079 3801 2146 3876; x_wconf 67' lang='grc' dir='ltr'><strong>τὰ</strong></span> <span class='ocrx_word' id='word_1_767' title='bbox 2178 3799 2230 3854; x_wconf 83' lang='grc' dir='ltr'>ἐν</span> <span class='ocrx_word' id='word_1_768' title='bbox 2270 3806 2388 3859; x_wconf 82' lang='grc' dir='ltr'>ταῖς</span> <span class='ocrx_word' id='word_1_769' title='bbox 2417 3802 2583 3874; x_wconf 72' lang='grc' dir='ltr'>ὣρα.ς</span> <span class='ocrx_word' id='word_1_770' title='bbox 2617 3799 3200 3876; x_wconf 70' lang='grc' dir='ltr'>λεγόμενα,ὀοΙΙΘεῐιὶ</span> <span class='ocrx_word' id='word_1_771' title='bbox 3232 3806 3288 3859; x_wconf 83' lang='lat' dir='ltr'><strong>in</strong></span> <span class='ocrx_word' id='word_1_772' title='bbox 3331 3812 3546 3860; x_wconf 64' lang='lat' dir='ltr'><strong>metata.</strong></span> <span class='ocrx_word' id='word_1_773' title='bbox 3590 3799 3732 3859; x_wconf 58' lang='lat' dir='ltr'><strong>P084-</strong></span> 
     </span>
    </p>
   </div>
   <div class='ocr_carea' id='block_1_99' title="bbox 2083 3875 3124 3944">
    <p class='ocr_par' dir='ltr' id='par_1_99' title="bbox 2083 3875 3124 3944">
     <span class='ocr_line' id='line_1_100' title="bbox 2083 3875 3124 3944; baseline 0.002 -18"><span class='ocrx_word' id='word_1_774' title='bbox 2083 3875 2162 3927; x_wconf 86' lang='lat' dir='ltr'><strong>sit</strong></span> <span class='ocrx_word' id='word_1_775' title='bbox 2192 3889 2421 3941; x_wconf 88' lang='lat' dir='ltr'><strong>quoque</strong></span> <span class='ocrx_word' id='word_1_776' title='bbox 2451 3875 2762 3943; x_wconf 34' lang='lat' dir='ltr'><strong>oporolog&#39;ia</strong></span> <span class='ocrx_word' id='word_1_777' title='bbox 2793 3876 2867 3926; x_wconf 86' lang='lat' dir='ltr'><strong>Ibi</strong></span> <span class='ocrx_word' id='word_1_778' title='bbox 2904 3881 3124 3944; x_wconf 67' lang='lat' dir='ltr'><strong>reponi.</strong></span> 
     </span>
    </p>
   </div>
   <div class='ocr_carea' id='block_1_100' title="bbox 2156 3943 3728 4013">
    <p class='ocr_par' dir='ltr' id='par_1_100' title="bbox 2156 3943 3728 4013">
     <span class='ocr_line' id='line_1_101' title="bbox 2156 3943 3728 4013; baseline 0.001 -17"><span class='ocrx_word' id='word_1_779' title='bbox 2156 3943 2246 4012; x_wconf 81' lang='lat'><strong>(56</strong></span> <span class='ocrx_word' id='word_1_780' title='bbox 2302 3945 2442 4007; x_wconf 78' lang='lat' dir='ltr'><strong>Qutd</strong></span> <span class='ocrx_word' id='word_1_781' title='bbox 2492 3945 2718 3997; x_wconf 88' lang='lat' dir='ltr'><strong>credam</strong></span> <span class='ocrx_word' id='word_1_782' title='bbox 2762 3961 2906 4008; x_wconf 82' lang='lat' dir='ltr'><strong>esse,</strong></span> <span class='ocrx_word' id='word_1_783' title='bbox 2948 3961 2978 3998; x_wconf 90' lang='lat' dir='ltr'><strong>e</strong></span> <span class='ocrx_word' id='word_1_784' title='bbox 3019 3944 3239 3998; x_wconf 81' lang='lat' dir='ltr'><strong>Latinis</strong></span> <span class='ocrx_word' id='word_1_785' title='bbox 3283 3946 3427 3999; x_wconf 86' lang='lat' dir='ltr'><strong>meis</strong></span> <span class='ocrx_word' id='word_1_786' title='bbox 3470 3949 3728 4013; x_wconf 87' lang='lat' dir='ltr'><strong>apparet.</strong></span> 
     </span>
    </p>
   </div>
   <div class='ocr_carea' id='block_1_101' title="bbox 2083 4015 3730 4085">
    <p class='ocr_par' dir='ltr' id='par_1_101' title="bbox 2083 4015 3730 4085">
     <span class='ocr_line' id='line_1_102' title="bbox 2083 4015 3730 4085; baseline 0.003 -19"><span class='ocrx_word' id='word_1_787' title='bbox 2083 4017 2246 4067; x_wconf 79' lang='lat' dir='ltr'><strong>Forte</strong></span> <span class='ocrx_word' id='word_1_788' title='bbox 2280 4016 2362 4067; x_wconf 90' lang='lat' dir='ltr'><strong>sic</strong></span> <span class='ocrx_word' id='word_1_789' title='bbox 2393 4015 2686 4084; x_wconf 83' lang='lat' dir='ltr'><strong>appellata</strong></span> <span class='ocrx_word' id='word_1_790' title='bbox 2723 4017 2953 4068; x_wconf 70' lang='lat' dir='ltr'><strong>fuerunt</strong></span> <span class='ocrx_word' id='word_1_791' title='bbox 2983 4031 3043 4069; x_wconf 71' lang='lat' dir='ltr'><strong>e4</strong></span> <span class='ocrx_word' id='word_1_792' title='bbox 3082 4033 3238 4078; x_wconf 77' lang='lat' dir='ltr'><strong>vasa,</strong></span> <span class='ocrx_word' id='word_1_793' title='bbox 3286 4015 3442 4085; x_wconf 88' lang='lat' dir='ltr'><strong>quod</strong></span> <span class='ocrx_word' id='word_1_794' title='bbox 3486 4019 3730 4080; x_wconf 86' lang='lat' dir='ltr'><strong>miliare,</strong></span> 
     </span>
    </p>
   </div>
   <div class='ocr_carea' id='block_1_102' title="bbox 2081 4086 3734 4155">
    <p class='ocr_par' dir='ltr' id='par_1_102' title="bbox 2081 4086 3734 4155">
     <span class='ocr_line' id='line_1_103' title="bbox 2081 4086 3734 4155; baseline 0 -15"><span class='ocrx_word' id='word_1_795' title='bbox 2081 4086 2411 4140; x_wconf 67' lang='lat' dir='ltr'><strong>c-tlumnatn</strong></span> <span class='ocrx_word' id='word_1_796' title='bbox 2444 4088 2748 4150; x_wconf 65' lang='lat' dir='ltr'><strong>multaretn,</strong></span> <span class='ocrx_word' id='word_1_797' title='bbox 2777 4087 2831 4138; x_wconf 92' lang='lat' dir='ltr'><strong>in</strong></span> <span class='ocrx_word' id='word_1_798' title='bbox 2857 4103 3065 4140; x_wconf 85' lang='lat' dir='ltr'><strong>conum</strong></span> <span class='ocrx_word' id='word_1_799' title='bbox 3099 4099 3436 4155; x_wconf 67' lang='lat' dir='ltr'><strong>praesectum</strong></span> <span class='ocrx_word' id='word_1_800' title='bbox 3467 4089 3734 4141; x_wconf 48' lang='lat' dir='ltr'><strong>desinen-</strong></span> 
     </span>
    </p>
   </div>
   <div class='ocr_carea' id='block_1_103' title="bbox 2083 4158 3732 4222">
    <p class='ocr_par' dir='ltr' id='par_1_103' title="bbox 2083 4158 3732 4222">
     <span class='ocr_line' id='line_1_104' title="bbox 2083 4158 3732 4222; baseline 0.001 -11"><span class='ocrx_word' id='word_1_801' title='bbox 2083 4164 2221 4222; x_wconf 85' lang='lat' dir='ltr'><strong>tem,</strong></span> <span class='ocrx_word' id='word_1_802' title='bbox 2263 4159 2560 4210; x_wconf 83' lang='lat' dir='ltr'><strong>referrent.</strong></span> <span class='ocrx_word' id='word_1_803' title='bbox 2609 4158 2886 4212; x_wconf 76' lang='lat' dir='ltr'><strong>Solebant</strong></span> <span class='ocrx_word' id='word_1_804' title='bbox 2929 4167 3118 4211; x_wconf 84' lang='lat' dir='ltr'><strong>autetn</strong></span> <span class='ocrx_word' id='word_1_805' title='bbox 3168 4162 3302 4211; x_wconf 84' lang='lat' dir='ltr'><strong>Oitlll</strong></span> <span class='ocrx_word' id='word_1_806' title='bbox 3345 4159 3556 4211; x_wconf 86' lang='lat' dir='ltr'><strong>cibaria</strong></span> <span class='ocrx_word' id='word_1_807' title='bbox 3600 4175 3732 4212; x_wconf 78' lang='lat' dir='ltr'><strong>coo-</strong></span> 
     </span>
    </p>
   </div>
   <div class='ocr_carea' id='block_1_104' title="bbox 2086 4228 3729 4299">
    <p class='ocr_par' dir='ltr' id='par_1_104' title="bbox 2086 4228 3729 4299">
     <span class='ocr_line' id='line_1_105' title="bbox 2086 4228 3729 4299; baseline 0.001 -17"><span class='ocrx_word' id='word_1_808' title='bbox 2086 4237 2248 4299; x_wconf 87' lang='lat' dir='ltr'><strong>perta</strong></span> <span class='ocrx_word' id='word_1_809' title='bbox 2281 4229 2590 4282; x_wconf 82' lang='lat' dir='ltr'><strong>introferri.</strong></span> <span class='ocrx_word' id='word_1_810' title='bbox 2639 4228 3018 4284; x_wconf 85' lang='lat' dir='ltr'><strong>Cerimoniale</strong></span> <span class='ocrx_word' id='word_1_811' title='bbox 3062 4229 3381 4284; x_wconf 74' lang='lat' dir='ltr'><strong>Davantriaa</strong></span> <span class='ocrx_word' id='word_1_812' title='bbox 3422 4229 3574 4295; x_wconf 80' lang='lat' dir='ltr'><strong>apud</strong></span> <span class='ocrx_word' id='word_1_813' title='bbox 3607 4229 3729 4284; x_wconf 84' lang='lat' dir='ltr'><strong>Jos.</strong></span> 
     </span>
    </p>
   </div>
   <div class='ocr_carea' id='block_1_105' title="bbox 2081 4300 3736 4370">
    <p class='ocr_par' dir='ltr' id='par_1_105' title="bbox 2081 4300 3736 4370">
     <span class='ocr_line' id='line_1_106' title="bbox 2081 4300 3736 4370; baseline 0.001 -17"><span class='ocrx_word' id='word_1_814' title='bbox 2081 4300 2460 4354; x_wconf 79' lang='lat' dir='ltr'><strong>Catalannnm</strong></span> <span class='ocrx_word' id='word_1_815' title='bbox 2494 4300 2562 4353; x_wconf 87' lang='lat' dir='ltr'><strong>ad</strong></span> <span class='ocrx_word' id='word_1_816' title='bbox 2592 4301 2799 4354; x_wconf 90' lang='lat' dir='ltr'><strong>Cerim.</strong></span> <span class='ocrx_word' id='word_1_817' title='bbox 2848 4304 3017 4356; x_wconf 81' lang='lat' dir='ltr'><strong>Rom.</strong></span> <span class='ocrx_word' id='word_1_818' title='bbox 3069 4301 3218 4356; x_wconf 85' lang='lat' dir='ltr'><strong>Eccl.</strong></span> <span class='ocrx_word' id='word_1_819' title='bbox 3266 4317 3319 4370; x_wconf 92' lang='lat' dir='ltr'><strong>p.</strong></span> <span class='ocrx_word' id='word_1_820' title='bbox 3368 4301 3465 4356; x_wconf 85' lang='grc'><strong>150</strong></span> <span class='ocrx_word' id='word_1_821' title='bbox 3499 4317 3512 4355; x_wconf 87' lang='lat'><strong>:</strong></span> <span class='ocrx_word' id='word_1_822' title='bbox 3545 4301 3736 4370; x_wconf 47' lang='lat' dir='ltr'><strong>Porta:</strong></span> 
     </span>
    </p>
   </div>
   <div class='ocr_carea' id='block_1_106' title="bbox 2085 4369 3735 4440">
    <p class='ocr_par' dir='ltr' id='par_1_106' title="bbox 2085 4369 3735 4440">
     <span class='ocr_line' id='line_1_107' title="bbox 2085 4369 3735 4440; baseline 0.001 -15"><span class='ocrx_word' id='word_1_823' title='bbox 2085 4371 2290 4426; x_wconf 81' lang='lat' dir='ltr'><strong>buntur</strong></span> <span class='ocrx_word' id='word_1_824' title='bbox 2340 4371 2482 4426; x_wconf 76' lang='lat' dir='ltr'><strong>dicto</strong></span> <span class='ocrx_word' id='word_1_825' title='bbox 2531 4373 2650 4439; x_wconf 83' lang='lat' dir='ltr'><strong>regi</strong></span> <span class='ocrx_word' id='word_1_826' title='bbox 2703 4371 2916 4426; x_wconf 75' lang='lat' dir='ltr'><strong>cibaria</strong></span> <span class='ocrx_word' id='word_1_827' title='bbox 2967 4377 3152 4426; x_wconf 76' lang='lat' dir='ltr'><strong>omnia</strong></span> <span class='ocrx_word' id='word_1_828' title='bbox 3201 4369 3452 4438; x_wconf 76' lang='lat' dir='ltr'><strong>conperta</strong></span> <span class='ocrx_word' id='word_1_829' title='bbox 3495 4402 3564 4412; x_wconf 88' lang='lat'><strong>-—</strong></span> <span class='ocrx_word' id='word_1_830' title='bbox 3612 4369 3735 4440; x_wconf 73' lang='lat' dir='ltr'><strong>regi</strong></span> 
     </span>
    </p>
   </div>
   <div class='ocr_carea' id='block_1_107' title="bbox 2081 4442 3732 4566">
    <p class='ocr_par' dir='ltr' id='par_1_107' title="bbox 2081 4442 3732 4566">
     <span class='ocr_line' id='line_1_108' title="bbox 2081 4442 3732 4566; baseline 0.002 -70"><span class='ocrx_word' id='word_1_831' title='bbox 2081 4443 2350 4497; x_wconf 71' lang='lat' dir='ltr'><strong>serviatur</strong></span> <span class='ocrx_word' id='word_1_832' title='bbox 2377 4443 2442 4498; x_wconf 81' lang='lat' dir='ltr'><strong>de</strong></span> <span class='ocrx_word' id='word_1_833' title='bbox 2469 4443 2743 4512; x_wconf 74' lang='lat' dir='ltr'><strong>speczebus</strong></span> <span class='ocrx_word' id='word_1_834' title='bbox 2763 4442 3006 4566; x_wconf 49' lang='lat' dir='ltr'><strong>Edulcio]</strong></span> <span class='ocrx_word' id='word_1_835' title='bbox 3034 4461 3159 4497; x_wconf 84' lang='lat' dir='ltr'><strong>cum</strong></span> <span class='ocrx_word' id='word_1_836' title='bbox 3187 4444 3446 4514; x_wconf 87' lang='lat' dir='ltr'><strong>drugerio</strong></span> <span class='ocrx_word' id='word_1_837' title='bbox 3465 4450 3732 4513; x_wconf 83' lang='lat' dir='ltr'><strong>cooperto.</strong></span> 
     </span>
     <span class='ocr_line' id='line_1_109' title="bbox 2083 4510 3732 4566; baseline 0 0"><span class='ocrx_word' id='word_1_838' title='bbox 2083 4517 2327 4566; x_wconf 86' lang='lat' dir='ltr'><strong>Possent</strong></span> <span class='ocrx_word' id='word_1_839' title='bbox 2371 4530 2602 4566; x_wconf 88' lang='lat' dir='ltr'><strong>auooue</strong></span> <span class='ocrx_word' id='word_1_840' title='bbox 2649 4513 2716 4566; x_wconf 76' lang='grc' dir='ltr'><strong>τὰ</strong></span> <span class='ocrx_word' id='word_1_841' title='bbox 2797 4510 3060 4566; x_wconf 74' lang='grc' dir='ltr'>οθοιιίλια</span> <span class='ocrx_word' id='word_1_842' title='bbox 3104 4514 3205 4566; x_wconf 90' lang='lat' dir='ltr'><strong>illa</strong></span> <span class='ocrx_word' id='word_1_843' title='bbox 3261 4517 3402 4566; x_wconf 87' lang='lat' dir='ltr'><strong>olim</strong></span> <span class='ocrx_word' id='word_1_844' title='bbox 3451 4515 3535 4566; x_wconf 89' lang='lat' dir='ltr'><strong>sic</strong></span> <span class='ocrx_word' id='word_1_845' title='bbox 3583 4516 3732 4566; x_wconf 82' lang='lat' dir='ltr'><strong>dicta</strong></span> 
     </span>
    </p>
   </div>
   <div class='ocr_carea' id='block_1_108' title="bbox 2083 4510 3736 4587">
    <p class='ocr_par' dir='ltr' id='par_1_108' title="bbox 2083 4510 3736 4587">
     <span class='ocr_line' id='line_1_110' title="bbox 2083 4510 3736 4587; baseline 0.001 -19"><span class='ocrx_word' id='word_1_846' title='bbox 2083 4517 2327 4587; x_wconf 85' lang='lat' dir='ltr'><strong>Possent</strong></span> <span class='ocrx_word' id='word_1_847' title='bbox 2371 4510 2602 4585; x_wconf 86' lang='lat' dir='ltr'><strong>quoque</strong></span> <span class='ocrx_word' id='word_1_848' title='bbox 2649 4513 2734 4587; x_wconf 15' lang='grc' dir='ltr'><strong>τὰν</strong></span> <span class='ocrx_word' id='word_1_849' title='bbox 2763 4510 3060 4587; x_wconf 75' lang='grc' dir='ltr'>ὀρθομίΧια</span> <span class='ocrx_word' id='word_1_850' title='bbox 3104 4514 3205 4569; x_wconf 90' lang='lat' dir='ltr'><strong>illa</strong></span> <span class='ocrx_word' id='word_1_851' title='bbox 3261 4510 3402 4570; x_wconf 82' lang='lat' dir='ltr'><strong>olim</strong></span> <span class='ocrx_word' id='word_1_852' title='bbox 3451 4515 3535 4570; x_wconf 91' lang='lat' dir='ltr'><strong>sic</strong></span> <span class='ocrx_word' id='word_1_853' title='bbox 3559 4510 3736 4587; x_wconf 19' lang='lat' dir='ltr'><strong>idicta</strong></span> 
     </span>
    </p>
   </div>
   <div class='ocr_carea' id='block_1_109' title="bbox 2081 4585 3731 4655">
    <p class='ocr_par' dir='ltr' id='par_1_109' title="bbox 2081 4585 3731 4655">
     <span class='ocr_line' id='line_1_111' title="bbox 2081 4585 3731 4655; baseline 0 -15"><span class='ocrx_word' id='word_1_854' title='bbox 2081 4585 2337 4640; x_wconf 82' lang='lat' dir='ltr'><strong>miliaria</strong></span> <span class='ocrx_word' id='word_1_855' title='bbox 2389 4601 2516 4641; x_wconf 83' lang='lat' dir='ltr'><strong>esse</strong></span> <span class='ocrx_word' id='word_1_856' title='bbox 2562 4586 2762 4655; x_wconf 86' lang='lat' dir='ltr'><strong>videri,</strong></span> <span class='ocrx_word' id='word_1_857' title='bbox 2798 4585 2946 4654; x_wconf 69' lang='lat' dir='ltr'><strong>quas</strong></span> <span class='ocrx_word' id='word_1_858' title='bbox 3012 4602 3147 4641; x_wconf 83' lang='lat' dir='ltr'><strong>vasa</strong></span> <span class='ocrx_word' id='word_1_859' title='bbox 3202 4595 3364 4640; x_wconf 88' lang='lat' dir='ltr'><strong>erant</strong></span> <span class='ocrx_word' id='word_1_860' title='bbox 3421 4586 3731 4650; x_wconf 85' lang='lat' dir='ltr'><strong>metallica,</strong></span> 
     </span>
    </p>
   </div>
   <div class='ocr_carea' id='block_1_110' title="bbox 2081 4655 3732 4727">
    <p class='ocr_par' dir='ltr' id='par_1_110' title="bbox 2081 4655 3732 4727">
     <span class='ocr_line' id='line_1_112' title="bbox 2081 4655 3732 4727; baseline 0.001 -16"><span class='ocrx_word' id='word_1_861' title='bbox 2081 4673 2243 4727; x_wconf 65' lang='lat' dir='ltr'><strong>aqua:</strong></span> <span class='ocrx_word' id='word_1_862' title='bbox 2276 4655 2693 4721; x_wconf 57' lang='lat' dir='ltr'><strong>calefaciendis,</strong></span> <span class='ocrx_word' id='word_1_863' title='bbox 2739 4657 2823 4712; x_wconf 84' lang='lat' dir='ltr'><strong>sic</strong></span> <span class='ocrx_word' id='word_1_864' title='bbox 2855 4659 3022 4722; x_wconf 85' lang='lat' dir='ltr'><strong>facta,</strong></span> <span class='ocrx_word' id='word_1_865' title='bbox 3057 4665 3121 4712; x_wconf 81' lang='lat' dir='ltr'><strong>ut</strong></span> <span class='ocrx_word' id='word_1_866' title='bbox 3151 4655 3211 4711; x_wconf 91' lang='lat' dir='ltr'><strong>in</strong></span> <span class='ocrx_word' id='word_1_867' title='bbox 3236 4659 3436 4712; x_wconf 84' lang='lat' dir='ltr'><strong>tabum</strong></span> <span class='ocrx_word' id='word_1_868' title='bbox 3465 4659 3732 4713; x_wconf 92' lang='lat' dir='ltr'><strong>conicum</strong></span> 
     </span>
    </p>
   </div>
   <div class='ocr_carea' id='block_1_111' title="bbox 2083 4728 3736 4800">
    <p class='ocr_par' dir='ltr' id='par_1_111' title="bbox 2083 4728 3736 4800">
     <span class='ocr_line' id='line_1_113' title="bbox 2083 4728 3736 4800; baseline 0.001 -18"><span class='ocrx_word' id='word_1_869' title='bbox 2083 4729 2330 4796; x_wconf 85' lang='lat' dir='ltr'><strong>abirent,</strong></span> <span class='ocrx_word' id='word_1_870' title='bbox 2366 4729 2665 4783; x_wconf 83' lang='lat' dir='ltr'><strong>habentem</strong></span> <span class='ocrx_word' id='word_1_871' title='bbox 2694 4729 2754 4783; x_wconf 91' lang='lat' dir='ltr'><strong>in</strong></span> <span class='ocrx_word' id='word_1_872' title='bbox 2788 4728 2978 4784; x_wconf 91' lang='lat' dir='ltr'><strong>medio</strong></span> <span class='ocrx_word' id='word_1_873' title='bbox 3009 4729 3096 4784; x_wconf 90' lang='lat' dir='ltr'><strong>sui</strong></span> <span class='ocrx_word' id='word_1_874' title='bbox 3141 4730 3471 4800; x_wconf 88' lang='lat' dir='ltr'><strong>cavitatem,</strong></span> <span class='ocrx_word' id='word_1_875' title='bbox 3515 4728 3573 4783; x_wconf 92' lang='lat' dir='ltr'><strong>in</strong></span> <span class='ocrx_word' id='word_1_876' title='bbox 3617 4745 3736 4800; x_wconf 85' lang='lat' dir='ltr'><strong>qua</strong></span> 
     </span>
    </p>
   </div>
   <div class='ocr_carea' id='block_1_112' title="bbox 2084 4799 3736 4871">
    <p class='ocr_par' dir='ltr' id='par_1_112' title="bbox 2084 4799 3736 4871">
     <span class='ocr_line' id='line_1_114' title="bbox 2084 4799 3736 4871; baseline 0.002 -19"><span class='ocrx_word' id='word_1_877' title='bbox 2084 4800 2369 4871; x_wconf 81' lang='lat' dir='ltr'><strong>carbones</strong></span> <span class='ocrx_word' id='word_1_878' title='bbox 2414 4799 2527 4854; x_wconf 89' lang='lat' dir='ltr'><strong>vivi</strong></span> <span class='ocrx_word' id='word_1_879' title='bbox 2572 4801 3000 4871; x_wconf 87' lang='lat' dir='ltr'><strong>reponebantur</strong></span> <span class='ocrx_word' id='word_1_880' title='bbox 3037 4818 3052 4867; x_wconf 91' lang='lat'><strong>;</strong></span> <span class='ocrx_word' id='word_1_881' title='bbox 3085 4800 3287 4870; x_wconf 90' lang='lat' dir='ltr'><strong>quales</strong></span> <span class='ocrx_word' id='word_1_882' title='bbox 3335 4799 3525 4856; x_wconf 89' lang='lat' dir='ltr'><strong>adhuc</strong></span> <span class='ocrx_word' id='word_1_883' title='bbox 3565 4799 3736 4856; x_wconf 88' lang='lat' dir='ltr'><strong>hodie</strong></span> 
     </span>
    </p>
   </div>
   <div class='ocr_carea' id='block_1_113' title="bbox 2082 4869 3737 4942">
    <p class='ocr_par' dir='ltr' id='par_1_113' title="bbox 2082 4869 3737 4942">
     <span class='ocr_line' id='line_1_115' title="bbox 2082 4869 3737 4942; baseline 0.001 -18"><span class='ocrx_word' id='word_1_884' title='bbox 2082 4869 2364 4926; x_wconf 88' lang='lat' dir='ltr'><strong>habemus</strong></span> <span class='ocrx_word' id='word_1_885' title='bbox 2398 4887 2500 4941; x_wconf 92' lang='lat' dir='ltr'><strong>pro</strong></span> <span class='ocrx_word' id='word_1_886' title='bbox 2531 4869 2684 4942; x_wconf 80' lang='lat' dir='ltr'><strong>aqua</strong></span> <span class='ocrx_word' id='word_1_887' title='bbox 2715 4871 2854 4926; x_wconf 81' lang='lat' dir='ltr'><strong>theae</strong></span> <span class='ocrx_word' id='word_1_888' title='bbox 2889 4869 3410 4942; x_wconf 13' lang='lat' dir='ltr'><strong>calcfaciendaraut</strong></span> <span class='ocrx_word' id='word_1_889' title='bbox 3451 4871 3505 4925; x_wconf 91' lang='lat' dir='ltr'><strong>in</strong></span> <span class='ocrx_word' id='word_1_890' title='bbox 3549 4872 3737 4926; x_wconf 87' lang='lat' dir='ltr'><strong>calore</strong></span> 
     </span>
    </p>
   </div>
   <div class='ocr_carea' id='block_1_114' title="bbox 2083 4941 3736 4998">
    <p class='ocr_par' dir='ltr' id='par_1_114' title="bbox 2083 4941 3736 4998">
     <span class='ocr_line' id='line_1_116' title="bbox 2083 4941 3736 4998; baseline 0.001 -3"><span class='ocrx_word' id='word_1_891' title='bbox 2083 4943 2497 4996; x_wconf 87' lang='lat' dir='ltr'><strong>conservanda.</strong></span> <span class='ocrx_word' id='word_1_892' title='bbox 2568 4941 2641 4997; x_wconf 86' lang='lat' dir='ltr'><strong>De</strong></span> <span class='ocrx_word' id='word_1_893' title='bbox 2685 4941 2802 4997; x_wconf 90' lang='lat' dir='ltr'><strong>illis</strong></span> <span class='ocrx_word' id='word_1_894' title='bbox 2871 4943 3198 4997; x_wconf 89' lang='lat' dir='ltr'><strong>miliaribus</strong></span> <span class='ocrx_word' id='word_1_895' title='bbox 3254 4941 3369 4997; x_wconf 91' lang='lat' dir='ltr'><strong>vid.</strong></span> <span class='ocrx_word' id='word_1_896' title='bbox 3431 4942 3736 4998; x_wconf 69' lang='lat' dir='ltr'><strong>Athenaeus</strong></span> 
     </span>
    </p>
   </div>
   <div class='ocr_carea' id='block_1_115' title="bbox 2093 5012 3739 5085">
    <p class='ocr_par' dir='ltr' id='par_1_115' title="bbox 2093 5012 3739 5085">
     <span class='ocr_line' id='line_1_117' title="bbox 2093 5012 3739 5085; baseline -0.001 -18"><span class='ocrx_word' id='word_1_897' title='bbox 2093 5012 2196 5076; x_wconf 89' lang='lat' dir='ltr'><strong>Ill,</strong></span> <span class='ocrx_word' id='word_1_898' title='bbox 2225 5013 2316 5075; x_wconf 83' lang='lat'><strong>20,</strong></span> <span class='ocrx_word' id='word_1_899' title='bbox 2353 5013 2449 5066; x_wconf 91' lang='lat' dir='ltr'><strong>ubi</strong></span> <span class='ocrx_word' id='word_1_900' title='bbox 2484 5013 2628 5085; x_wconf 80' lang='lat' dir='ltr'><strong>ridet</strong></span> <span class='ocrx_word' id='word_1_901' title='bbox 2659 5013 2920 5068; x_wconf 73' lang='lat' dir='ltr'><strong>Graecum</strong></span> <span class='ocrx_word' id='word_1_902' title='bbox 2970 5013 3402 5085; x_wconf 88' lang='lat' dir='ltr'><strong>philosophum,</strong></span> <span class='ocrx_word' id='word_1_903' title='bbox 3443 5014 3543 5085; x_wconf 83' lang='lat' dir='ltr'><strong>qui</strong></span> <span class='ocrx_word' id='word_1_904' title='bbox 3585 5013 3739 5085; x_wconf 78' lang='lat' dir='ltr'><strong>Lati-</strong></span> 
     </span>
    </p>
   </div>
   <div class='ocr_carea' id='block_1_116' title="bbox 2093 5081 3736 5141">
    <p class='ocr_par' dir='ltr' id='par_1_116' title="bbox 2093 5081 3736 5141">
     <span class='ocr_line' id='line_1_118' title="bbox 2093 5081 3736 5141; baseline -0.001 -5"><span class='ocrx_word' id='word_1_905' title='bbox 2093 5099 2226 5138; x_wconf 87' lang='lat' dir='ltr'><strong>nam</strong></span> <span class='ocrx_word' id='word_1_906' title='bbox 2257 5100 2450 5138; x_wconf 78' lang='lat' dir='ltr'><strong>VOCem</strong></span> <span class='ocrx_word' id='word_1_907' title='bbox 2497 5084 2808 5140; x_wconf 87' lang='lat' dir='ltr'><strong>miliarium</strong></span> <span class='ocrx_word' id='word_1_908' title='bbox 2841 5081 3034 5140; x_wconf 67' lang='lat' dir='ltr'><strong>Graeca</strong></span> <span class='ocrx_word' id='word_1_909' title='bbox 3065 5103 3098 5140; x_wconf 88' lang='lat' dir='ltr'><strong>a</strong></span> <span class='ocrx_word' id='word_1_910' title='bbox 3127 5081 3478 5141; x_wconf 38' lang='lat' dir='ltr'><strong>se—conficta&#39;</strong></span> <span class='ocrx_word' id='word_1_911' title='bbox 3519 5081 3736 5137; x_wconf 79' lang='grc' dir='ltr'>ἰπνολέ-</span> 
     </span>
    </p>
   </div>
   <div class='ocr_carea' id='block_1_117' title="bbox 2089 5147 3738 5226">
    <p class='ocr_par' dir='ltr' id='par_1_117' title="bbox 2089 5147 3738 5226">
     <span class='ocr_line' id='line_1_119' title="bbox 2089 5147 3738 5226; baseline 0.002 -20"><span class='ocrx_word' id='word_1_912' title='bbox 2089 5147 2193 5222; x_wconf 79' lang='grc' dir='ltr'>ϐης</span> <span class='ocrx_word' id='word_1_913' title='bbox 2224 5153 2631 5225; x_wconf 77' lang='lat' dir='ltr'><strong>appellaverat,</strong></span> <span class='ocrx_word' id='word_1_914' title='bbox 2653 5157 3073 5222; x_wconf 85' lang='lat' dir='ltr'><strong>compositione</strong></span> <span class='ocrx_word' id='word_1_915' title='bbox 3099 5173 3465 5226; x_wconf 67' lang='lat' dir='ltr'><strong>prorsusnon</strong></span> <span class='ocrx_word' id='word_1_916' title='bbox 3491 5155 3738 5210; x_wconf 89' lang='lat' dir='ltr'><strong>ridicula</strong></span> 
     </span>
    </p>
   </div>
   <div class='ocr_carea' id='block_1_118' title="bbox 2088 5219 3736 5297">
    <p class='ocr_par' dir='ltr' id='par_1_118' title="bbox 2088 5219 3736 5297">
     <span class='ocr_line' id='line_1_120' title="bbox 2088 5219 3736 5297; baseline 0.001 -16"><span class='ocrx_word' id='word_1_917' title='bbox 2088 5219 2217 5281; x_wconf 85' lang='lat' dir='ltr'><strong>meo</strong></span> <span class='ocrx_word' id='word_1_918' title='bbox 2244 5219 2485 5293; x_wconf 74' lang='lat' dir='ltr'><strong>judicio,</strong></span> <span class='ocrx_word' id='word_1_919' title='bbox 2520 5219 2625 5281; x_wconf 87' lang='lat' dir='ltr'><strong>sed</strong></span> <span class='ocrx_word' id='word_1_920' title='bbox 2655 5219 2977 5297; x_wconf 78' lang='lat' dir='ltr'><strong>aptissima.</strong></span> <span class='ocrx_word' id='word_1_921' title='bbox 3012 5219 3152 5282; x_wconf 82' lang='lat' dir='ltr'><strong>Nam</strong></span> <span class='ocrx_word' id='word_1_922' title='bbox 3182 5238 3264 5283; x_wconf 88' lang='lat' dir='ltr'><strong>est</strong></span> <span class='ocrx_word' id='word_1_923' title='bbox 3297 5219 3486 5294; x_wconf 78' lang='grc' dir='ltr'><strong>λὲὅης,</strong></span> <span class='ocrx_word' id='word_1_924' title='bbox 3521 5229 3618 5282; x_wconf 81' lang='lat' dir='ltr'><strong>sed</strong></span> <span class='ocrx_word' id='word_1_925' title='bbox 3666 5227 3736 5282; x_wconf 89' lang='lat' dir='ltr'><strong>ab</strong></span> 
     </span>
    </p>
   </div>
   <div class='ocr_carea' id='block_1_119' title="bbox 2085 5297 3737 5367">
    <p class='ocr_par' dir='ltr' id='par_1_119' title="bbox 2085 5297 3737 5367">
     <span class='ocr_line' id='line_1_121' title="bbox 2085 5297 3737 5367; baseline 0.001 -15"><span class='ocrx_word' id='word_1_926' title='bbox 2085 5297 2202 5353; x_wconf 89' lang='lat' dir='ltr'><strong>imo</strong></span> <span class='ocrx_word' id='word_1_927' title='bbox 2222 5298 2291 5352; x_wconf 87' lang='lat' dir='ltr'><strong>ad</strong></span> <span class='ocrx_word' id='word_1_928' title='bbox 2323 5315 2618 5353; x_wconf 89' lang='lat' dir='ltr'><strong>summum</strong></span> <span class='ocrx_word' id='word_1_929' title='bbox 2639 5316 2836 5367; x_wconf 79' lang='lat' dir='ltr'><strong>cavus,</strong></span> <span class='ocrx_word' id='word_1_930' title='bbox 2858 5301 2933 5354; x_wconf 87' lang='lat' dir='ltr'><strong>ita</strong></span> <span class='ocrx_word' id='word_1_931' title='bbox 2961 5307 3021 5353; x_wconf 92' lang='lat' dir='ltr'><strong>ut</strong></span> <span class='ocrx_word' id='word_1_932' title='bbox 3047 5301 3220 5354; x_wconf 89' lang='lat' dir='ltr'><strong>tnbus</strong></span> <span class='ocrx_word' id='word_1_933' title='bbox 3241 5316 3418 5354; x_wconf 89' lang='lat' dir='ltr'><strong>cavus</strong></span> <span class='ocrx_word' id='word_1_934' title='bbox 3439 5298 3737 5354; x_wconf 91' lang='lat' dir='ltr'><strong>caminum</strong></span> 
     </span>
    </p>
   </div>
   <div class='ocr_carea' id='block_1_120' title="bbox 2084 5370 3739 5441">
    <p class='ocr_par' dir='ltr' id='par_1_120' title="bbox 2084 5370 3739 5441">
     <span class='ocr_line' id='line_1_122' title="bbox 2084 5370 3739 5441; baseline 0 -17"><span class='ocrx_word' id='word_1_935' title='bbox 2084 5371 2312 5441; x_wconf 77' lang='lat' dir='ltr'><strong>referat,</strong></span> <span class='ocrx_word' id='word_1_936' title='bbox 2345 5378 2398 5425; x_wconf 85' lang='lat' dir='ltr'><strong>et</strong></span> <span class='ocrx_word' id='word_1_937' title='bbox 2441 5386 2620 5438; x_wconf 88' lang='lat' dir='ltr'><strong>vapor</strong></span> <span class='ocrx_word' id='word_1_938' title='bbox 2660 5371 2979 5424; x_wconf 82' lang='lat' dir='ltr'><strong>carbonum</strong></span> <span class='ocrx_word' id='word_1_939' title='bbox 3028 5370 3178 5424; x_wconf 86' lang='lat' dir='ltr'><strong>haud</strong></span> <span class='ocrx_word' id='word_1_940' title='bbox 3222 5386 3385 5425; x_wconf 91' lang='lat' dir='ltr'><strong>secus</strong></span> <span class='ocrx_word' id='word_1_941' title='bbox 3423 5378 3596 5441; x_wconf 89' lang='lat' dir='ltr'><strong>atque</strong></span> <span class='ocrx_word' id='word_1_942' title='bbox 3637 5386 3739 5441; x_wconf 86' lang='lat' dir='ltr'><strong>per</strong></span> 
     </span>
    </p>
   </div>
   <div class='ocr_carea' id='block_1_121' title="bbox 2083 5440 3737 5497">
    <p class='ocr_par' dir='ltr' id='par_1_121' title="bbox 2083 5440 3737 5497">
     <span class='ocr_line' id='line_1_123' title="bbox 2083 5440 3737 5497; baseline -0.001 -1"><span class='ocrx_word' id='word_1_943' title='bbox 2083 5440 2377 5496; x_wconf 85' lang='lat' dir='ltr'><strong>caminum</strong></span> <span class='ocrx_word' id='word_1_944' title='bbox 2428 5448 2608 5496; x_wconf 85' lang='lat' dir='ltr'><strong>exeat.</strong></span> <span class='ocrx_word' id='word_1_945' title='bbox 2658 5442 2904 5497; x_wconf 76' lang='lat' dir='ltr'><strong>Mtliaria</strong></span> <span class='ocrx_word' id='word_1_946' title='bbox 2947 5449 3139 5496; x_wconf 90' lang='lat' dir='ltr'><strong>autem</strong></span> <span class='ocrx_word' id='word_1_947' title='bbox 3194 5440 3544 5496; x_wconf 76' lang='lat' dir='ltr'><strong>dicebantur</strong></span> <span class='ocrx_word' id='word_1_948' title='bbox 3591 5440 3737 5496; x_wconf 85' lang='lat' dir='ltr'><strong>tales</strong></span> 
     </span>
    </p>
   </div>
   <div class='ocr_carea' id='block_1_122' title="bbox 335 5510 3735 5588">
    <p class='ocr_par' dir='ltr' id='par_1_122' title="bbox 335 5510 3735 5588">
     <span class='ocr_line' id='line_1_124' title="bbox 335 5510 3735 5588; baseline -0.001 -17"><span class='ocrx_word' id='word_1_949' title='bbox 335 5510 686 5588; x_wconf 81' lang='lat' dir='ltr'><strong>Philologico</strong></span> <span class='ocrx_word' id='word_1_950' title='bbox 714 5510 767 5572; x_wconf 13' lang='lat' dir='ltr'><strong>vv.</strong></span> <span class='ocrx_word' id='word_1_951' title='bbox 812 5510 1184 5587; x_wconf 81' lang='lat' dir='ltr'><strong>Horologium,</strong></span> <span class='ocrx_word' id='word_1_952' title='bbox 1219 5522 1275 5570; x_wconf 89' lang='lat' dir='ltr'><strong>et</strong></span> <span class='ocrx_word' id='word_1_953' title='bbox 1313 5515 1605 5570; x_wconf 81' lang='lat' dir='ltr'><strong>Fabricius</strong></span> <span class='ocrx_word' id='word_1_954' title='bbox 1645 5514 1703 5569; x_wconf 90' lang='lat' dir='ltr'><strong>in</strong></span> <span class='ocrx_word' id='word_1_955' title='bbox 1753 5515 1974 5588; x_wconf 78' lang='lat' dir='ltr'><strong>Biblio-</strong></span> <span class='ocrx_word' id='word_1_956' title='bbox 2079 5510 2316 5579; x_wconf 77' lang='lat' dir='ltr'><strong>lebetes,</strong></span> <span class='ocrx_word' id='word_1_957' title='bbox 2355 5514 2506 5582; x_wconf 86' lang='lat' dir='ltr'><strong>quod</strong></span> <span class='ocrx_word' id='word_1_958' title='bbox 2541 5513 2727 5588; x_wconf 79' lang='lat' dir='ltr'><strong>forma</strong></span> <span class='ocrx_word' id='word_1_959' title='bbox 2767 5513 3010 5588; x_wconf 84' lang='lat' dir='ltr'><strong>miliare.</strong></span> <span class='ocrx_word' id='word_1_960' title='bbox 3046 5529 3315 5588; x_wconf 79' lang='lat' dir='ltr'><strong>passuum</strong></span> <span class='ocrx_word' id='word_1_961' title='bbox 3350 5513 3406 5588; x_wconf 81' lang='lat' dir='ltr'><strong>in</strong></span> <span class='ocrx_word' id='word_1_962' title='bbox 3440 5513 3547 5567; x_wconf 87' lang='lat' dir='ltr'><strong>viis</strong></span> <span class='ocrx_word' id='word_1_963' title='bbox 3587 5513 3735 5588; x_wconf 36' lang='lat' dir='ltr'><strong>indie</strong></span> 
     </span>
    </p>
   </div>
   <div class='ocr_carea' id='block_1_123' title="bbox 332 5586 1971 5660">
    <p class='ocr_par' dir='ltr' id='par_1_123' title="bbox 332 5586 1971 5660">
     <span class='ocr_line' id='line_1_125' title="bbox 332 5586 1971 5660; baseline -0.001 -18"><span class='ocrx_word' id='word_1_964' title='bbox 332 5586 588 5660; x_wconf 21' lang='lat' dir='ltr'><strong>graphia‘</strong></span> <span class='ocrx_word' id='word_1_965' title='bbox 623 5589 964 5660; x_wconf 82' lang='lat' dir='ltr'><strong>Antiquaria</strong></span> <span class='ocrx_word' id='word_1_966' title='bbox 1015 5586 1343 5652; x_wconf 83' lang='lat' dir='ltr'><strong>recensent,</strong></span> <span class='ocrx_word' id='word_1_967' title='bbox 1399 5593 1807 5660; x_wconf 72' lang='lat' dir='ltr'><strong>argumentum</strong></span> <span class='ocrx_word' id='word_1_968' title='bbox 1863 5586 1971 5640; x_wconf 87' lang='lat' dir='ltr'><strong>hoc</strong></span> 
     </span>
    </p>
   </div>
   <div class='ocr_carea' id='block_1_124' title="bbox 332 5657 1970 5728">
    <p class='ocr_par' dir='ltr' id='par_1_124' title="bbox 332 5657 1970 5728">
     <span class='ocr_line' id='line_1_126' title="bbox 332 5657 1970 5728; baseline -0.001 -14"><span class='ocrx_word' id='word_1_969' title='bbox 332 5657 731 5717; x_wconf 69' lang='lat' dir='ltr'><strong>recentissima</strong></span> <span class='ocrx_word' id='word_1_970' title='bbox 779 5657 1056 5716; x_wconf 76' lang='lat' dir='ltr'><strong>memoria</strong></span> <span class='ocrx_word' id='word_1_971' title='bbox 1097 5660 1419 5728; x_wconf 81' lang='lat' dir='ltr'><strong>attigerunt</strong></span> <span class='ocrx_word' id='word_1_972' title='bbox 1469 5659 1575 5716; x_wconf 91' lang='lat' dir='ltr'><strong>Dn.</strong></span> <span class='ocrx_word' id='word_1_973' title='bbox 1623 5658 1692 5712; x_wconf 91' lang='lat' dir='ltr'><strong>de</strong></span> <span class='ocrx_word' id='word_1_974' title='bbox 1743 5657 1970 5712; x_wconf 80' lang='lat' dir='ltr'><strong>llurette</strong></span> 
     </span>
    </p>
   </div>
   <div class='ocr_carea' id='block_1_125' title="bbox 333 5728 1968 5807">
    <p class='ocr_par' dir='ltr' id='par_1_125' title="bbox 333 5728 1968 5807">
     <span class='ocr_line' id='line_1_127' title="bbox 333 5728 1968 5807; baseline -0.002 -20"><span class='ocrx_word' id='word_1_975' title='bbox 333 5730 480 5788; x_wconf 81' lang='lat' dir='ltr'><strong>dans</strong></span> <span class='ocrx_word' id='word_1_976' title='bbox 510 5731 594 5789; x_wconf 81' lang='lat' dir='ltr'><strong>los</strong></span> <span class='ocrx_word' id='word_1_977' title='bbox 625 5732 905 5790; x_wconf 76' lang='lat' dir='ltr'><strong>Mémoires</strong></span> <span class='ocrx_word' id='word_1_978' title='bbox 929 5733 994 5788; x_wconf 78' lang='lat' dir='ltr'><strong>de</strong></span> <span class='ocrx_word' id='word_1_979' title='bbox 1019 5729 1348 5790; x_wconf 68' lang='lat' dir='ltr'><strong>I’Acaddmie</strong></span> <span class='ocrx_word' id='word_1_980' title='bbox 1377 5729 1594 5807; x_wconf 80' lang='lat' dir='ltr'><strong>Royale</strong></span> <span class='ocrx_word' id='word_1_981' title='bbox 1613 5728 1703 5787; x_wconf 73' lang='lat' dir='ltr'><strong>de:</strong></span> <span class='ocrx_word' id='word_1_982' title='bbox 1731 5729 1968 5805; x_wconf 75' lang='lat' dir='ltr'><strong>Inscrip-</strong></span> 
     </span>
    </p>
   </div>
   <div class='ocr_carea' id='block_1_126' title="bbox 653 5856 1306 5923">
    <p class='ocr_par' dir='ltr' id='par_1_126' title="bbox 653 5856 1306 5923">
     <span class='ocr_line' id='line_1_128' title="bbox 653 5856 1306 5923; baseline -0.005 0"><span class='ocrx_word' id='word_1_983' title='bbox 653 5859 916 5923; x_wconf 79' lang='grc' dir='ltr'>ΡΑτιιοι..</span> <span class='ocrx_word' id='word_1_984' title='bbox 966 5858 1077 5923; x_wconf 79' lang='lat' dir='ltr'><strong>Gn.</strong></span> <span class='ocrx_word' id='word_1_985' title='bbox 1123 5856 1306 5921; x_wconf 82' lang='lat' dir='ltr'><strong>CXII.</strong></span> 
     </span>
    </p>
   </div>
   <div class='ocr_carea' id='block_1_127' title="bbox 2080 5585 3738 5658">
    <p class='ocr_par' dir='ltr' id='par_1_127' title="bbox 2080 5585 3738 5658">
     <span class='ocr_line' id='line_1_129' title="bbox 2080 5585 3738 5658; baseline -0.001 -20"><span class='ocrx_word' id='word_1_986' title='bbox 2080 5598 2230 5646; x_wconf 82' lang='lat' dir='ltr'><strong>cem,</strong></span> <span class='ocrx_word' id='word_1_987' title='bbox 2282 5587 2577 5658; x_wconf 72' lang='lat' dir='ltr'><strong>referrent,</strong></span> <span class='ocrx_word' id='word_1_988' title='bbox 2632 5585 2691 5658; x_wconf 83' lang='lat' dir='ltr'><strong>id</strong></span> <span class='ocrx_word' id='word_1_989' title='bbox 2746 5591 2834 5640; x_wconf 73' lang='lat' dir='ltr'><strong>est</strong></span> <span class='ocrx_word' id='word_1_990' title='bbox 2889 5585 3213 5658; x_wconf 69' lang='lat' dir='ltr'><strong>cylindrum</strong></span> <span class='ocrx_word' id='word_1_991' title='bbox 3267 5586 3585 5658; x_wconf 80' lang='lat' dir='ltr'><strong>perfectum</strong></span> <span class='ocrx_word' id='word_1_992' title='bbox 3638 5587 3738 5639; x_wconf 86' lang='lat' dir='ltr'><strong>aut</strong></span> 
     </span>
    </p>
   </div>
   <div class='ocr_carea' id='block_1_128' title="bbox 2081 5655 3104 5729">
    <p class='ocr_par' dir='ltr' id='par_1_128' title="bbox 2081 5655 3104 5729">
     <span class='ocr_line' id='line_1_130' title="bbox 2081 5655 3104 5729; baseline 0.004 -19"><span class='ocrx_word' id='word_1_993' title='bbox 2081 5670 2321 5712; x_wconf 89' lang='lat' dir='ltr'><strong>conum.</strong></span> <span class='ocrx_word' id='word_1_994' title='bbox 2355 5656 2510 5712; x_wconf 86' lang='lat' dir='ltr'><strong>Conf.</strong></span> <span class='ocrx_word' id='word_1_995' title='bbox 2544 5655 2858 5729; x_wconf 82' lang='lat' dir='ltr'><strong>Antholog.</strong></span> <span class='ocrx_word' id='word_1_996' title='bbox 2891 5655 2946 5728; x_wconf 42' lang='lat' dir='ltr'><strong>p’.</strong></span> <span class='ocrx_word' id='word_1_997' title='bbox 2985 5655 3104 5714; x_wconf 82' lang='grc'><strong>161.</strong></span> 
     </span>
    </p>
   </div>
   <div class='ocr_carea' id='block_1_129' title="bbox 3342 5853 3420 5920">
    <p class='ocr_par' dir='ltr' id='par_1_129' title="bbox 3342 5853 3420 5920">
     <span class='ocr_line' id='line_1_131' title="bbox 3342 5853 3420 5920; baseline 0.064 -5"><span class='ocrx_word' id='word_1_998' title='bbox 3342 5853 3420 5920; x_wconf 77' lang='grc'><strong>29</strong></span> 
     </span>
    </p>
   </div>
  </div>
