4090 6216
411 325 531 386 911

1484 314 2004 381 CONSTANTINI
2051 313 2752 379 POBPHYROGENITI

3703 317 3854 378 912

410 458 522 514 bus
553 459 608 511 et
638 454 869 526 prastat
895 465 1204 507 numerum
1231 449 1564 507 mulionum
1591 466 1658 507 ex
1686 448 2048 522 optimatibus

2176 440 2489 520 κραϐϐάτου
2521 448 2655 519 (64),
2717 445 2806 502 λαὶ
2846 442 3063 500 ἵσταται
3111 445 3227 501 κατ’
3277 442 3544 505 ἀνατολὰς
3585 448 3699 517 (65)
3734 445 3855 508 τὰς

409 543 718 616 sagmariis
750 557 967 614 parem.
994 538 1310 596 Przsmittat
1332 556 1565 613 quoque
1598 541 1913 612 imperator
1944 540 2058 595 duo

406 631 704 698 basilicas,
738 647 916 687 unum
950 630 1185 702 quidem
1217 628 1275 685 in
1310 630 1503 701 Pylas,
1538 637 1598 685 ut
1627 626 1909 702 populum
1953 643 2055 684 seu

404 725 725 779 exercitum
746 722 1036 785 traducat,
1055 720 1148 776 cui
1168 719 1356 775 eidem
1376 735 1609 790 quoque
1625 720 1694 774 ad
1718 717 2055 774 Leucatium

405 812 660 867 eundum
695 814 802 873 est,
835 824 947 880 quo
978 808 1212 880 navigia
1243 808 1314 864 ad
1359 807 1699 881 Leucatium
1733 808 2010 863 conducat
2038 825 2052 872 ;

404 899 652 957 alterum
672 915 803 955 vero
825 902 892 953 ad
915 901 1243 968 Saugarum
1267 905 1318 951 et
1343 896 1401 951 S.
1418 896 1726 952 Sabinum.
1758 894 2055 950 Praemittit

401 999 592 1047 autem
626 990 943 1061 imperator
971 986 1245 1043 basilicos
1268 992 1326 1043 et
1346 1003 1549 1042 omnes
1574 985 1827 1058 reliquos
1848 1000 2054 1041 conve-

403 1081 526 1136 nire
559 1081 699 1136 illuc
722 1078 890 1150 jubet
918 1077 1069 1145 ideo,
1106 1083 1167 1132 ut
1197 1082 1507 1133 occurrant
1527 1092 1648 1132 suis
1672 1073 1963 1145 majestati
1989 1074 2049 1129 in

399 1170 572 1242 Pylis.
608 1170 914 1240 Magistros
946 1173 1140 1224 autem
1173 1172 1230 1223 et
1275 1167 1546 1239 patricios
1594 1171 1651 1222 et
1695 1166 1863 1233 alios,
1901 1182 2047 1237 quos

400 1261 525 1315 vult
567 1264 741 1332 atque
790 1259 1076 1331 designat,
1132 1274 1232 1313 nec
1283 1274 1397 1313 non
1450 1258 1810 1329 praepositos,
1870 1257 2050 1312 sumit

402 1365 598 1404 secum
627 1349 684 1403 in
719 1346 1060 1412 dromonia;
1094 1350 1152 1401 et
1172 1346 1312 1401 satis
1338 1344 1534 1417 procul
1562 1350 1798 1400 avectus
1821 1361 1855 1401 a
1877 1349 2046 1416 portu

401 1437 581 1510 regio,
606 1437 685 1492 ita
710 1437 912 1507 utjam
936 1440 1115 1492 totam
1140 1435 1337 1491 urbem
1355 1434 1530 1489 simul
1553 1434 1813 1490 contueri
1840 1435 2043 1505 possit,

402 1527 590 1598 surgit
619 1543 648 1581 θ
679 1526 971 1592 crabbato,
1007 1525 1119 1595 [est
1150 1524 1292 1580 illud
1319 1524 1677 1594 cubiculum,
1702 1524 1855 1595 quod
1884 1524 2045 1579 navis

402 1616 671 1687 praefecto
720 1619 775 1672 et
824 1613 1096 1669 nauclero
1146 1612 1206 1667 in
1258 1616 1439 1684 puppi
1486 1614 1741 1667 construi
1784 1619 1837 1667 et
1870 1610 2045 1668 incoli

402 1704 593 1777 solet,]
623 1711 679 1760 et
709 1711 875 1759 stans
896 1704 953 1757 in
978 1706 1125 1759 tecto
1150 1702 1333 1766 navis,
1356 1702 1516 1757 vultu
1540 1718 1742 1757 versus
1765 1701 2043 1757 orientem

402 1811 700 1859 converso,
752 1794 904 1849 tollit
947 1809 1157 1846 manus
1206 1792 1275 1846 ad
1318 1790 1551 1858 ccelum,
1604 1792 1920 1863 dextraque
1964 1798 2047 1845 ter

2166 540 2355 613 χεῖρας
2386 536 2525 604 πρὸς
2552 536 2643 589 τὸν
2674 534 2903 609 οὐρανὸν
2943 532 3137 608 αἴρων,
3187 533 3278 589 γαὶ
3327 534 3513 609 τρίτον
3555 538 3629 607 τῇ
3674 532 3853 607 χειρὶ

2164 626 2263 695 τήν
2330 623 2491 680 πόλιν
2542 623 3000 701 κατασφραγίσας,
3061 620 3279 699 εὔχεται
3333 627 3414 695 τῷ
3474 626 3593 695 Θεῷ
3653 620 3853 698 λέγων

2165 711 2336 776 οὕτως
2380 718 2418 769 ¹.
2475 738 2501 765 ι(
2554 712 2722 787 Κύριε
2769 714 2952 784 Ἰησοῦ
3010 712 3229 786 Χριστέ,
3290 714 3318 767 ὁ
3370 712 3502 773 Θεός
3558 732 3691 785 μου,
3759 711 3848 773 εἷς

2165 802 2354 877 χεῖράς
2404 823 2498 857 σου
2546 803 2893 878 παρατίθημι
2941 801 3144 873 ταύτην
3192 803 3292 870 τήν
3338 801 3503 857 πόλιν
3550 821 3672 858 σου.
3710 800 3845 855 Φύ-

2164 889 2326 961 λαξον
2379 892 2548 963 αὐτὴν
2599 894 2706 949 απὸ
2748 892 2963 948 πάντων
3008 896 3115 947 τῶν
3162 889 3548 967 ἐπερχομένων
3584 891 3640 946 ἐν
3685 889 3839 963 αὐτῇ

2161 980 2413 1037 ἐναντίων
2466 982 2557 1037 καὶ
2618 978 2920 1062 δυσχερῶν,
2980 979 3252 1056 ἐμφυλίου
3308 1002 3365 1036 τε
3419 979 3677 1053 πολέμου
3738 978 3839 1035 καὶ

2159 1071 2318 1127 ἐθνῶν
2380 1069 2709 1148 ἐπιδρομῆς.
2791 1072 3095 1130 Ἀνάλωτον
3172 1071 3338 1141 αὐτὴν
3415 1074 3663 1147 τήρησον
3735 1072 3839 1127 καὶ

2157 1160 2499 1237 ἀπόρθητον,
2547 1161 2629 1217 ὅτι
2678 1161 2729 1217 ἐν
2780 1162 2865 1217 σοὶ
2918 1162 3013 1225 τὰς
3053 1159 3281 1223 ἐλπίδας
3308 1164 3465 1234 ἡμῶν
3501 1157 3837 1235 ἀνεθέμεθα,

2156 1250 2245 1305 καὶ
2277 1254 2337 1306 σὺ
2373 1252 2423 1306 εἴ
2453 1251 2646 1327 Κύριος
2676 1256 2771 1307 τοῦ
2803 1251 2991 1314 ἐλέους
3034 1252 3122 1307 καὶ
3156 1254 3342 1327 Πατὴρ
3374 1258 3482 1307 τῶν
3508 1251 3833 1327 οἰκτιρμῶν

2154 1341 2243 1394 καὶ
2303 1342 2429 1402 Θεὸς
2501 1342 2681 1411 πάσης
2760 1342 3179 1413 πατακλήσεως,
3256 1342 3345 1397 καὶ
3424 1342 3513 1396 σόν
3585 1340 3704 1397 ἐστι
3768 1344 3835 1397 τὸ

2154 1428 2324 1484 ἐλεεῖν
2378 1429 2467 1485 καὶ
2525 1430 2711 1499 σώζειν
2786 1430 2875 1486 καὶ
2949 1430 3167 1504 ῥύεσθαι
3225 1430 3285 1485 ἐκ
3341 1435 3665 1504 πειρασμῶν
3733 1434 3830 1486 καὶ

2152 1517 2416 1574 κινδύνων
2478 1520 2568 1575 νῦν
2625 1520 2717 1575 καὶ
2792 1521 2872 1576 ἀεὶ
2949 1522 3040 1575 καὶ
3112 1521 3191 1583 εἷς
3266 1520 3394 1581 τοὺς
3452 1520 3655 1583 αἰῶνας
3709 1526 3830 1576 τῶν

2153 1607 2390 1668 αἰώνων,
2425 1611 2619 1683 Ἀμην⁶
2656 1634 2683 1661 ››
2735 1610 2832 1664 Καὶ
2884 1610 3019 1683 μετὰ
3066 1611 3127 1665 τὸ
3179 1607 3499 1686 διαπεράσαι
3528 1611 3627 1665 τὸν
3660 1611 3829 1684 βασι-

2155 1695 2250 1751 λὲα
2305 1703 2502 1773 θεωρεῖ
2551 1700 2650 1767 τήν
2711 1696 3098 1772 προμοσὲλλαν
3150 1698 3219 1754 τὰ
3266 1720 3323 1753 τε
3369 1697 3652 1774 παρίππια
3698 1701 3827 1770 (66)

2150 1786 2239 1839 καὶ
2296 1788 2362 1840 τὰ
2420 1784 2698 1861 μωλάρια,
2754 1786 2844 1842 καὶ
2903 1784 3247 1844 διατάσσεται
3299 1791 3377 1859 τῷ
3422 1792 3522 1843 τοῦ
3573 1784 3825 1843 στάϐλου

403 1882 612 1939 Urbem
648 1882 845 1954 signat
873 1882 1064 1937 crucis
1098 1880 1288 1952 signo,
1322 1879 1615 1951 simulque
1646 1880 1728 1951 pii
1751 1858 1862 1935 voti
1898 1879 2047 1934 hanc

2157 1873 2358 1946 κόμητι
2410 1858 2500 1930 καὶ
2546 1858 2625 1947 τῶ
2672 1874 3086 1951 χαρτουλαρίῳ,
3132 1874 3245 1943 ἵνα,
3296 1858 3477 1941 καθὼς
3520 1877 3824 1953 κατωτὲρω

400 1970 711 2028 formulam
754 1971 1099 2043 pronuntiat
1135 1986 1147 2023 :
1182 1992 1209 2020 «
1262 1969 1340 2024 Mi
1388 1976 1562 2033 Deus,
1611 1968 1854 2023 Domine
1900 1967 2039 2024 Jesu

401 2062 642 2127 Christe,
676 2061 734 2115 in
769 2075 978 2115 manus
1010 2065 1143 2114 tuas
1175 2059 1521 2114 commendo
1553 2069 1607 2113 et
1636 2058 1861 2129 depono
1898 2058 2043 2113 hanc

399 2153 561 2204 tuam
596 2149 821 2203 urbem.
857 2147 1142 2202 Conserva
1171 2162 1301 2201 eam
1333 2146 1404 2200 ab
1437 2145 1713 2201 omnibus
1744 2161 1866 2201 eam
1892 2146 2045 2200 inva-

401 2238 552 2294 suris
606 2237 870 2293 hostibus
918 2245 971 2290 et
1020 2234 1477 2300 calamitatibus,
1528 2251 1563 2290 a
1610 2233 1763 2289 bello
1805 2233 1961 2289 civili
1993 2239 2047 2290 et

401 2326 794 2384 incursatione
835 2326 1095 2397 gentium
1127 2331 1494 2391 exterarum;
1545 2324 1631 2379 fac
1681 2328 1745 2378 ut
1783 2323 1928 2394 capi,
1984 2327 2047 2379 ut

399 2415 612 2471 vastari
645 2420 917 2487 nequeat.
953 2414 1017 2469 In
1051 2420 1104 2469 te
1136 2414 1450 2469 collocatas
1475 2412 1760 2468 habemus
1785 2429 1919 2483 spes
1943 2428 2049 2467 no-

401 2511 553 2562 stras
578 2522 591 2559 :
615 2511 676 2559 tu
700 2521 759 2560 es
782 2504 1066 2559 Dominus
1091 2503 1504 2558 misericordiae
1523 2510 1577 2557 et
1610 2506 1779 2558 Pater
1804 2503 2046 2558 commi-

399 2592 767 2646 serationum
791 2595 847 2645 et
876 2596 1031 2645 Deus
1062 2578 1255 2646 omnis
1286 2588 1720 2645 consolationis.
1745 2589 1933 2645 Tuum
1961 2594 2050 2647 est

2154 1961 2475 2039 ῥηθήσεται,
2520 1965 2861 2039 κομπινεύσῃ
2910 1967 2979 2021 τά
3019 1986 3078 2021 τε
3126 1965 3404 2042 σαγμάρια
3444 1966 3537 2020 καὶ
3576 1967 3646 2020 τὰ
3675 1986 3826 2040 παρ-

2157 2052 2333 2110 ίππισ.
2389 2054 2486 2110 Καὶ
2528 2056 2665 2111 κατὰ
2711 2057 3015 2131 σαγμάριον
3065 2054 3273 2132 ὀφείλει
3318 2054 3581 2132 παρέχειν
3633 2058 3663 2112 ὁ
3705 2060 3821 2112 τῶν

2156 2141 2473 2217 ὀπτιμάτων
2567 2142 2890 2220 δομέστικος
2972 2145 3297 2219 ὀπιμάτον,
3365 2143 3417 2199 ἐν
3486 2149 3820 2222 καταγραφῇ

2153 2232 2481 2305 ποιούμενος
2527 2233 2589 2289 τὸ
2636 2256 2695 2289 τε
2745 2230 2918 2307 ὄνομα
2965 2235 3052 2289 καὶ
3112 2235 3174 2289 τὸ
3236 2232 3463 2308 χωρίον·
3511 2233 3601 2289 καὶ
3636 2234 3681 2289 εί

2156 2319 2453 2394 ἀπόληται,
2523 2327 2819 2396 ζημιοῦται
2899 2322 3029 2379 αὐτὸ
3113 2323 3141 2378 ὁ
3225 2319 3553 2397 ὀπτιμσὶτος’
3642 2324 3689 2379 εί
3762 2321 3820 2378 δὲ

2157 2411 2426 2485 ἀποθάνῃ,
2494 2411 2818 2486 ἀποκομίζει
2885 2413 2980 2475 τὰς
3048 2408 3349 2491 σφραγῖδας
3430 2413 3543 2486 (67)
3607 2411 3688 2474 εἷς
3758 2433 3819 2468 τε

2155 2500 2246 2555 τὸν
2311 2502 2532 2573 κόμητα
2597 2509 2687 2556 καί
2753 2502 2846 2557 τὸν
2924 2501 3357 2581 χαρτουλάρίον.
3441 2502 3671 2579 Παρὲχει
3753 2500 3818 2558 δὲ

2158 2589 2248 2644 καὶ
2325 2590 2352 2644 ὁ
2426 2591 2607 2664 κόμης
2680 2595 2776 2646 τοῦ
2853 2588 3092 2647 στάὅλου
3160 2590 3238 2656 εἷς
3318 2589 3411 2652 τὰς
3498 2594 3821 2665 φορτώσεις

1772 2686 2011 2744 νΛΒΙίΕ
2042 2687 2345 2746 LECTION
2355 2691 2457 2747 ES.

478 2762 495 2796 ί
539 2758 743 2815 ΣΧΟΛ.
786 2756 943 2833 Εὖχή
986 2759 1083 2812 τοῦ
1127 2754 1415 2829 βασιλέως.

1451 2856 1655 2913 JOAN.
1695 2857 1841 2913 JAC.
1885 2859 2149 2917 REISKII
2188 2861 2778 2919 COMMENTARIUS.

480 2950 592 3021 (64)
651 2946 1014 3003 Vocabulum
1074 2946 1185 3002 hoc
1224 2945 1477 3021 hic_loci
1534 2963 1651 3003 non
1697 2947 2048 3021 grabbatum,

403 3018 707 3102 lectulum,
743 3021 1152 3102 sed-diaetam,
1212 3018 1559 3102 κατάστεγον,
1619 3020 1930 3094 καταφυγὴν
1990 3021 2048 3076 in

2161 2947 2685 3021 ptumov,miserum
2711 2968 2911 3023 equum
2940 2951 3099 3007 dedit
3130 2955 3185 3007 et
3217 2950 3348 3007 novi
3378 2952 3639 3018 δείλεσὶβὶ
3667 2953 3817 3010 bone

2161 3023 2425 3096 memini,
2462 3030 2684 3096 tantum
2719 3040 2822 3096 pro
2855 3041 3005 3095 equo
3047 3030 3299 3080 carrario
3331 3029 3647 3093 usurpant.
3684 3024 3813 3079 Vid.

404 3094 595 3184 media
628 3093 757 3148 navi
793 3091 1187 3184 aubetiapnlin
1224 3092 1513 3184 puppihin
1560 3091 1853 3184 quamgse
1885 3110 2043 3184 'nau-
2076 3120 2121 3184 c
2162 3091 2473 3184 D'u‘Cangii
2506 3091 2843 3184 Gloss-CGL
2878 3091 2933 3184 h'.
2970 3112 3020 3149 v.
3054 3102 3113 3150 et
3145 3096 3351 3184 Lat...“
3407 3091 3814 3184 [furuum-editi,

405 3167 598 3223 clerus
629 3181 761 3219 cum
797 3171 1090 3219 vectorum
1117 3165 1793 3235 honestioribusirecipit,
1821 3164 2046 3235 reliquo

405 3238 577 3308 vulgo
609 3237 719 3291 sub
752 3236 1035 3308 tabulatis
1055 3236 1288 3289 latente.
1312 3234 1505 3289 Batavi
1533 3234 2046 3308 Cay‘utappellant.

406 3313 483 3363 Eo
509 3305 686 3363 sensu
724 3308 974 3360 Basilius
1008 3306 1290 3360 Patricius
1322 3322 1549 3375 quoque
1581 3305 1639 3360 in
1672 3305 2050 3361 Naumachiis

408 3382 559 3449 apud
594 3380 928 3432 Fabricium
962 3377 1108 3431 Bibl.
1142 3376 1321 3449 Graec.
1358 3385 1393 3449 t_.
1445 3375 1585 3441 Vlll,
1637 3394 1691 3447 p.
1740 3377 1865 3449 140,
1915 3394 1966 3433 v.
2016 3378 2053 3432 5

409 3447 654 3521 usurpat
683 3454 739 3502 et
769 3451 1148 3521 continuatur
1171 3447 1543 3521 Theophanis
1576 3464 1630 3516 p.
1663 3448 1790 3521 217.
1814 3448 2051 3519 Conspi-

410 3518 575 3575 citur'
610 3523 801 3589 imago
851 3519 985 3573 talis
1030 3518 1297 3589 grabhati
1349 3520 1406 3571 in
1454 3518 1555 3572 illa
1611 3519 1813 3572 tabula
1866 3518 2050 3588 aenea,

411 3607 588 3661 quam
624 3588 871 3645 Parisini
904 3588 1245 3660 typographi
1270 3588 1625 3658 Scriptorum
1658 3589 1916 3645 Historia;
1942 3590 2050 3661 By-

384 3660 649 3717 ‘Zantinaa
699 3661 916 3716 Codino
960 3668 1017 3715 et
1062 3661 1193 3715 aliis
1244 3660 1447 3715 multis
1496 3661 1633 3726 regii
1666 3662 1825 3717 illius
1858 3660 2051 3730 operis

411 3736 630 3805 absque
664 3732 883 3805 judicio
933 3733 1814 3805 praaposuerunt,“exhibentem
1874 3734 2050 3789 Cons-

408 3802 700 3862 tantinum
734 3802 1119 3873 Palasologum
1154 3809 1217 3857 ut
1249 3804 1377 3857 navi
1411 3802 1763 3859 Florentium
1783 3805 2045 3872 appellit.

476 3878 593 3947 (65)
627 3876 751 3932 Non
785 3876 899 3930 alio
933 3875 1104 3930 modo
1136 3874 1363 3945 concipi
1398 3882 1586 3945 potest
1632 3880 1765 3946 quis
1808 3876 1934 3932 CPli
1987 3878 2047 3932 in

406 3950 603 4003 Asiam
638 3948 957 4018 trajiciens,
989 3949 1150 4001 vultu
1182 3963 1385 4018 versus
1405 3948 1679 4018 orientem
1720 3963 1905 4015 verso,
1958 3964 2048 4003 ur-

409 4020 533 4076 bem
570 4017 782 4084 videre,
831 4019 939 4073 nisi
971 4035 1041 4073 ex
1088 4017 1293 4072 ultimo
1342 4020 1471 4072 sinu
1523 4017 1791 4073 Ceratino
1840 4022 2044 4077 solvat.

407 4091 639 4163 Concipi
684 4106 821 4163 ergo
860 4091 1034 4145 debet
1079 4092 1393 4163 imperator
1440 4105 1469 4145 e
1519 4089 1731 4161 palatio
1780 4090 2045 4163 Blacber—

408 4161 598 4228 nensi,
628 4168 727 4218 aut
757 4161 856 4217 illo
888 4166 1095 4225 tractu,
1129 4166 1229 4215 aut
1277 4162 1448 4215 etiam
1500 4177 1567 4215 ex
1616 4161 1831 4232 angulo
1883 4162 2044 4218 urbis

408 4235 800 4304 meridionali,
834 4248 862 4287 θ
886 4241 1049 4304 portu
1083 4232 1362 4304 quodam,
1387 4248 1589 4288 versus
1636 4233 1940 4289 Thraciam
1989 4237 2046 4289 et

408 4323 564 4360 mare
595 4306 848 4376 (Egieum
884 4303 1201 4375 spectante,
1238 4303 1423 4376 navim
1455 4305 1870 4360 conscendens.
1898 4309 2043 4360 Nam

408 4377 455 4429 si
491 4374 732 4447 tingitur
761 4393 791 4430 e
822 4374 1167 4447 Bucoleonte
1192 4374 1481 4447 _avehcns,
1534 4376 1826 4431 ordinario
1872 4385 2041 4447 portu

406 4445 641 4517 augusti
673 4447 729 4501 in
760 4450 901 4501 urbe
937 4445 1157 4517 palatii,
1191 4445 1441 4500 habebat
1473 4449 1679 4517 urbem,
1723 4464 1754 4501 a
1785 4445 1956 4502 dorso
1989 4453 2044 4502 et

405 4516 647 4589 prorsus
702 4518 897 4573 videre
942 4516 1065 4589 non
1125 4522 1366 4586 poterat,
1423 4518 1535 4573 nisi
1593 4516 1752 4573 vultu
1810 4518 1866 4573 in
1902 4518 2047 4575 occi-

405 4588 637 4645 dentem
665 4606 848 4646 verso.
883 4589 950 4643 Et
980 4588 1065 4661 vel
1096 4593 1176 4643 sic
1208 4604 1434 4658 quoque
1464 4589 1655 4644 dictus
1682 4591 1852 4645 modo
1874 4592 2043 4661 grab-

404 4661 576 4717 batus
610 4660 932 4730 respicienti
976 4660 1311 4715 obstitisset.
1357 4663 1528 4715 Favet
1575 4662 1741 4717 nobis
1790 4661 1848 4715 id
1884 4660 2043 4732 quo-

404 4748 537 4802 que,
574 4735 720 4801 quod
757 4751 811 4804 p.
844 4733 968 4794 285,
1004 4732 1232 4804 rediens
1267 4734 1323 4785 in
1359 4736 1560 4787 urbem
1590 4734 1907 4804 imperator
1947 4750 2039 4789 eo-

403 4807 533 4859 dem
566 4803 903 4875 mod0,quo
925 4804 1156 4866 exierat,
1190 4803 1479 4858 diciturin
1512 4803 1686 4876 portu
1710 4809 1767 4859 et
1797 4805 1866 4860 ad
1911 4822 2039 4875 por-

401 4881 519 4929 tam
558 4876 753 4946 Rhegii
803 4877 1167 4947 exscendere.
1220 4876 1391 4944 Atqui
1446 4876 1765 4947 propinqua
1813 4892 1880 4932 ea
1918 4883 2042 4932 erat

400 4947 737 5002 Blachernis
770 4952 827 5002 et
860 4950 916 5001 in
953 4947 1065 5001 line
1097 4946 1260 4999 sinus
1291 4948 1558 5001 Ceratini.

468 5019 579 5090 (6(5)
610 5019 936 5089 Smpissime
966 5018 1218 5073 occurrit
1244 5018 1303 5072 in
1359 5017 1465 5090 hoc
1520 5018 1751 5073 Tnctico
1795 5023 1851 5073 et
1883 5018 2037 5089 apud

399 5092 752 5145 recentiores
785 5092 1014 5145 Grmcos
1049 5091 1167 5143 haec
1189 5104 1295 5141 vox
1322 5089 1648 5160 signiﬁcatu
1674 5091 1901 5145 diverso
1928 5091 2033 5158 illi,

398 5178 568 5231 quem
606 5163 877 5232 primitus
911 5162 1133 5216 habuit.
1168 5159 1401 5228 Origine
1435 5169 1600 5215 tenus
1626 5168 1777 5215 notat
1800 5177 2034 5231 equum,

396 5233 497 5299 qui
532 5241 735 5303 praeter
766 5236 1010 5289 alterum
1036 5232 1208 5286 simul
1256 5232 1506 5286 trahitur
1552 5242 1606 5286 et
1649 5232 2032 5303 inequitatur.

397 5303 656 5375 Concessa
688 5322 877 5375 nempe
905 5307 1198 5368 erectione,
1230 5318 1371 5356 unus
1402 5313 1453 5357 et
1497 5303 1637 5358 alter
1678 5319 1846 5374 equus
1888 5318 2030 5358 con-

393 5374 517 5429 cedi
546 5374 876 5431 censebatur
904 5393 923 5432 :
952 5391 1075 5430 cum
1117 5389 1238 5429 vero
1269 5375 1466 5428 tertius
1494 5375 1725 5429 veredus
1769 5376 2030 5430 concede-

396 5446 577 5519 lgatur,
608 5448 913 5519 parhippus
942 5452 1037 5503 aut
1077 5445 1449 5519 peraveredus
1483 5446 1813 5519 dicebatur,
1840 5447 2031 5519 Yerba

394 5516 702 5575 Pancirolli
737 5516 863 5574 mea
891 5520 992 5574 feci
1026 5516 1276 5573 a'Goaro
1310 5519 1376 5573 ad
1413 5516 1652 5573 Cedren.
1692 5535 1746 5590 p.
1793 5518 1895 5572 460
1944 5519 2029 5573 ci-

394 5599 541 5657 tata;
595 5592 747 5646 conf.
798 5592 1033 5647 Guther.
1087 5606 1141 5661 p.
1194 5589 1319 5645 631.
1370 5590 1653 5653 Quoniam
1695 5589 1833 5644 vero
1887 5590 2027 5647 tales

392 5664 579 5719 veicdi
611 5663 941 5733 sccundarii
970 5661 1199 5733 generis
1231 5671 1389 5733 erant
1412 5662 1736 5733 deterioris,
1762 5662 1895 5717 inde
1917 5668 2022 5727 est,

390 5736 541 5809 quod
564 5736 645 5792 An
658 5730 1562 5807 astasiuslocumTheophanisp.
1581 5733 1683 5791 347
1701 5730 2024 5793 vertensm-

2163 3166 2263 3239 _Vel
2298 3170 2489 3236 potius
2521 3168 2826 3239 parhippia
2857 3173 2915 3221 et
2945 3166 3285 3238 paraveredi
3309 3174 3452 3239 sunt
3474 3170 3610 3239 equi
3638 3167 3817 3223 medii

2160 3237 2314 3292 inter
2344 3237 2706 3300 dextrarios,
2724 3237 3143 3304 nobilissimos,
3179 3246 3236 3293 et
3268 3237 3561 3304 roncinos,
3594 3239 3818 3295 vilissi-

2162 3324 2310 3382 mos.
2344 3309 2629 3365 Dextrarii
2671 3311 3026 3382 respondent
3052 3311 3413 3380 promosellz.
3450 3309 3551 3365 His
3583 3311 3820 3381 inequi-

2161 3380 2366 3434 tahant
2416 3383 2473 3435 in
2529 3396 2719 3450 pugna
2753 3380 2782 3448 ;'
2817 3382 3174 3452 cataphraoii
3224 3385 3376 3452 enim
3427 3388 3613 3436 erant.
3666 3380 3819 3438 Ante

2162 3467 2417 3523 pugnam
2465 3457 2521 3506 et
2551 3452 2665 3507 alio
2714 3451 2993 3523 tempore,
3046 3451 3282 3523 quando
3328 3469 3544 3523 corpus
3587 3469 3822 3510 movere

2158 3521 2375 3597 vellent
2405 3523 2781 3597 equitatione,
2817 3521 3148 3597 insidebant
3200 3521 3569 3597 paraveredis
3594 3524 3684 3580 vel
3716 3541 3823 3597 pa-

2160 3590 2421 3667 lal‘redis,
2458 3590 2817 3666 'parhippiis.
2867 3596 2967 3667 qui
3000 3598 3082 3651 sic
3113 3590 3254 3652 dic-ti
3301 3597 3574 3651 videntur
3612 3590 3822 3663 fuisse,

2160 3668 2314 3735 quod
2348 3681 2381 3720 a
2410 3666 2588 3723 latere
2613 3666 3034 3723 dextrariOrum
3069 3668 3423 3722 incederent.
3461 3667 3697 3723 Rancim’
3725 3670 3822 3721 de-

2158 3734 2335 3807 nique
2367 3744 2532 3791 erant
2561 3738 2856 3801 sagmarii.
2911 3738 3203 3794 Brunetus
3253 3739 3309 3794 in
3365 3738 3665 3794 Thesauro
3697 3738 3817 3795 MS.

2157 3807 2312 3882 apud
2369 3809 2446 3864 Du
2479 3809 2764 3880 Cangium
2800 3827 2850 3864 v.
2886 3810 3170 3866 Dextrarii
3204 3825 3217 3864 :
3264 3810 3310 3866 ιι
3342 3827 3376 3882 y
3407 3826 3441 3865 a
3468 3809 3724 3866 cheiiaux
3752 3811 3823 3866 de

2153 3878 2437 3950 plusieurs
2487 3878 2786 3947 man'iéres,
2832 3884 2867 3936 ὰ
2916 3897 2973 3937 cc
3009 3898 3113 3953 que
3162 3882 3206 3937 li
3252 3878 3360 3937 ιιηὲ
3398 3888 3522 3938 sont
3574 3883 3825 3938 Destrier

2154 3956 2317 4024 grant
2346 3967 2490 4024 pour
2520 3953 2570 4007 le
2610 3953 2851 4018 combat,
2902 3953 2947 4007 li
2981 3962 3170 4008 autre:
3217 3959 3341 4008 sont
3388 3954 3641 4023 pale/my
3673 3970 3822 4024 pour

2155 4022 2495 4078 chevaucher
2525 4024 2565 4079 ἁ
2597 4025 2753 4079 l’aise
2794 4030 2863 4079 de
2888 4040 2987 4079 son
3015 4041 3155 4088 cors,
3199 4024 3243 4079 li
3260 4022 3446 4080 autres
3473 4022 3823 4081 sant’ronci:

2152 4108 2299 4165 pour
2328 4109 2560 4149 somnies
2605 4100 2810 4165 porler.
2854 4094 2963 4159 Qui
3008 4096 3233 4151 duobus
3279 4095 3499 4151 talibus
3540 4096 3717 4167 equis
3750 4097 3815 4153 in

2156 4180 2354 4250 pugna
2398 4170 2789 4250 utereturne}:
2840 4182 2954 4250 uno
3003 4168 3338 4250 defatigatq,
3375 4166 3721 4250 _parhippio,_
3750 4167 3815 4224 in

2156 4238 2430 4305 alterum,
2464 4238 2840 4302 dextrarium,
2872 4238 3245 4295 transsiliens
3292 4238 3512 4294 Latinis
3541 4240 3811 4305 desultor,

2154 4307 2367 4382 Graacjs
2430 4307 2678 4382 ζευγίτης
2730 4310 3020 4382 audiebat.
3084 4309 3445 4382 Hesychius:
3518 4310 3807 4382 ζευγίτης,

2200 4371 2487 4448 εταϐἀτης.
2532 4371 2851 4436 Reddenda
2884 4381 3007 4437 haec
3055 4398 3162 4437 vox
3191 4371 3281 4437 est
3320 4371 3571 4437 Diodoro
3602 4371 3808 4440 Siculo

2210 4451 2299 4525 IX,
2361 4454 2491 4525 106ᾼ
2539 4452 2772 4525 p.399,
2849 4452 2949 4507 ubi
3023 4454 3198 4525 vulgo
3277 4453 3429 4508 male
3504 4450 3807 4525 ζευγίππας

2154 4522 2388 4592 legitur.
2454 4522 2583 4595 Fuit
2632 4532 2822 4579 tamen
2869 4540 3002 4579 cum
3055 4522 3372 4589 crederem,
3431 4522 3807 4595 paraveredi“

2156 4610 2270 4648 non
2303 4610 2496 4649 vocem
2532 4594 2836 4667 hybridam
2871 4610 2901 4650 e
2930 4595 3120 4651 Graeca
3163 4601 3218 4651 et
3259 4594 3464 4650 Latina
3509 4598 3807 4666 composi-

2153 4669 2298 4740 tam,
2332 4667 2431 4720 sed
2466 4673 2815 4740 contractam
2847 4682 2984 4740 esse,
3005 4683 3073 4740 ex
3100 4677 3330 4738 paratus
3359 4668 3609 4740 ver-edas,
3661 4668 3806 4740 quia

2153 4735 2300 4808 tales
2328 4737 2519 4792 veredi
2569 4754 2778 4793 cursus
2827 4737 3043 4808 publici
3097 4735 3326 4808 semper
3383 4735 3695 4794 debebant'
3728 4741 3801 4796 ad

2152 4805 2367 4863 celeres
2400 4808 2634 4864 nuntios
2666 4805 3036 4881 perferendos
3076 4809 3134 4864 in
3169 4805 3578 4866 mansionibus
3608 4813 3801 4881 parati

2151 4894 2298 4934 8888.

2219 4950 2331 5039 (97)
2498 4950 2554 5005 id
2613 4950 2910 5039 voluisset},
2950 4956 3174 5039 auctor,
3238 4952 3390 5039 quod
3451 4951 3538 5039 iri,
3570 4951 3799 5039 Latinis

2147 5017 2322 5088 dedi,
2356 5022 2544 5094 potius
2599 5023 2693 5083 τὰς
2740 5017 3007 5094 κομϐίνας
3063 5017 3169 5079 νθῐ
3212 5017 3311 5089 τῆν
3368 5017 3637 5094 κομϐίναν
3701 5024 3799 5079 di-

2146 5094 2383 5167 xisset._
2424 5094 2568 5167 Ergo
2635 5097 2847 5167 rectius
2918 5103 3057 5167 puto
3120 5097 3191 5151 de
3262 5098 3455 5151 inusto
3532 5096 3795 5152 cauterio

2148 5164 2335 5218 locum
2371 5164 2523 5220 hunc
2555 5166 2875 5238 intelligere
2899 5164 2934 5234 ;“
2959 5169 3216 5239 adeoque
3262 5168 3510 5223 debebat
3537 5169 3794 5239 optimas

2146 5251 2248 5311 seu
2290 5251 2464 5311 agaso
2515 5244 2802 5293 exsectam
2838 5255 2867 5293 e
2898 5239 3218 5295 femoribus
3266 5239 3404 5311 equi
3455 5240 3610 5311 rupti
3656 5238 3795 5311 bule

2143 5305 2288 5381 lam_
2311 5305 2547 5378 regiam,
2596 5326 2698 5365 seu
2729 5311 2926 5365 inusta
2964 5326 3122 5365 arma
3155 5305 3543 5381 regia'comiti
3569 5310 3794 5366 stabuli

2142 5378 2431 5461 exhibere,
2465 5382 2679 5453 quibus
2722 5380 2899 5439 ﬁdem
2934 5381 3126 5447 faciat,
3168 5378 3371 5439 se'cum
3419 5381 3633 5439 animal
3663 5397 3793 5439 cre-

2142 5465 2363 5521 puisse.

2210 5522 2319 5593 (68)
2352 5520 2621 5579 Scholion
2655 5524 2762 5581 hoc
2786 5525 2845 5581 in
2878 5524 3140 5595 margine
3172 5524 3645 5582 membranarum
3698 5540 3790 5581 re-

2138 5595 2289 5674 pcri._
2325 5597 2469 5674 Nam
2529 5596 2600 5651 de
2650 5613 2774 5654 meo
2824 5598 3549 5674 nequeconjecturarum,
3594 5612 3792 5674 neque

2136 5665 2291 5725 aliud
2328 5667 2641 5739 quidquam
2676 5665 2933 5744 margini
2954 5667 3147 5729 allevi.
