4090 6216
323 391 450 452 913

940 386 1044 448 DE
1087 383 1552 450 CERIMONIIS
1595 385 1829 452 AULE
1872 386 1970 448 BY

2084 383 2344 447 ΝΤΙΝιΕ
2388 385 2538 448 LIB.
2586 387 2635 448 Ι.
2682 417 2756 436 —
2799 387 3139 450 APPEND.

3625 393 3743 454 914

317 519 462 578 κατὰ
527 514 658 577 δέκα
725 516 1004 595 σαγμάρια
1071 515 1363 594 ώντροφον
1431 518 1544 592 (69)
1611 521 1718 573 τῶν
1789 513 1970 575 Μαλα·

2103 515 2504 576 commiserari
2536 522 2592 576 et
2623 534 2850 578 servare
2873 526 2929 577 et
2959 519 3180 591 eripere
3201 536 3232 577 e
3255 521 3745 581 lentationibuset

316 611 506 686 γίνων,
570 605 667 662 ἵνα
733 608 786 662 oi.
864 606 1161 680 ὀπτιμάτοι
1237 605 1441 681 σύρωσι
1543 606 1610 662 τὰ
1687 606 1982 683 σαγμάρια,

317 699 409 754 καὶ
440 699 491 754 οἱ
533 697 820 775 σύντροφοι
863 695 1257 760 ἀκολουθοῦσιν
1311 694 1532 762 αὐτοὺς,
1573 698 1662 750 καὶ
1705 693 1984 770 διορθοῦν-

318 808 407 843 ται
474 789 542 843 τά
577 786 842 862 γομάρια.
916 785 1019 842 Καὶ
1087 782 1177 839 ὅτε
1241 783 1727 858 ἀποφορτώσουσιν
1781 784 1856 846 εἰς
1921 784 1984 839 τὸ

319 876 606 948 ἄπληκτον
653 876 719 931 τὰ
776 875 1073 951 σαγμάρια,
1120 869 1494 947 ἀναλαμϐάνει
1546 878 1715 930 ταῦτα
1769 873 1797 928 6
1850 893 1987 950 χαρ.

318 965 614 1041 τουλάριος
687 969 796 1021 τῶν
869 963 1202 1040 Μαλαγίνων
1269 964 1357 1020 καί
1418 967 1446 1021 ὁ
1515 964 1983 1044 σαφραμεντάριος

321 1055 455 1129 μετά
525 1057 634 1110 τῶν
703 1055 967 1128 κομήτων
1035 1053 1127 1109 καί
1192 1060 1300 1110 τῶν
1341 1056 1652 1129 συντρόφων
1713 1054 1803 1110 καὶ
1873 1059 1982 1110 τῶν

319 1144 659 1217 ὀπτιμάτων,
760 1143 851 1198 καὶ
955 1138 1320 1200 ἐκϐάλλουσιν
1398 1143 1474 1208 εἷς
1564 1145 1664 1213 τήν
1757 1145 1980 1220 βοσκηνο

318 1231 526 1306 ὁμοίως
603 1233 691 1288 καὶ
785 1233 861 1294 είς
951 1232 1020 1288 τὰ
1111 1234 1392 1308 παρίππια
1465 1238 1575 1289 τῶν
1653 1235 1984 1312 φορτώσεων

316 1321 454 1377 κατά
516 1324 563 1378 κ’
618 1322 896 1398 παρίππια
961 1322 1266 1399 σύντροφος
1346 1324 1450 1384 εἷς.
1529 1324 1631 1380 Καὶ
1711 1323 1800 1378 ὅτε
1875 1320 1982 1376 δώ-

318 1431 396 1467 σει
459 1414 579 1486 (70)
639 1413 703 1467 τὸ
773 1410 1047 1487 βούκινον,
1116 1409 1282 1466 πάλιν
1353 1409 1609 1488 φέρουσιν
1667 1409 1823 1479 αὓτά,
1891 1401 1982 1488 καξ

317 1475 704 1575 παραέιδίςασι,
773 1475 984 1564 ’καθὼς
1034 1475 1043 1481 ⁷
1088 1475 1588 1573 ἐκομπινείόθησαν.
1695 1475 1819 1572 Τὴν.
1930 1475 1987 1556 δὶ

317 1592 512 1665 κριθὴν
588 1589 752 1661 ὅλην,
804 1595 912 1645 τῶν
989 1610 1048 1645 τε
1123 1593 1442 1667 σαγμαρίων
1493 1591 1585 1645 καὶ
1661 1590 1984 1667 παριππίων

318 1679 409 1734 καὶ
451 1678 781 1755 σελλαρίων,
823 1679 873 1734 ἐν
927 1681 1008 1742 οἷς
1058 1679 1556 1754 ἐκομπινεῦθησαν,
1610 1676 1983 1756 παραλαμϐά-

316 1790 396 1826 νει
453 1771 480 1824 6
535 1770 939 1846 χαρτουλάριος
990 1775 1088 1826 τοῦ
1143 1767 1382 1826 στάϐλου
1431 1771 1545 1844 ἅμα
1586 1776 1668 1844 τῷ
1697 1770 1984 1846 κελλαρίῳ

316 1859 417 1929 τήν
464 1861 678 1934 κριθὴν,
728 1858 851 1929 ἢτοι
896 1859 991 1921 τὰς
1038 1860 1208 1936 ταγάς
1257 1859 1434 1915 αὐτῶν
1477 1859 1538 1916 ἐκ
1565 1863 1662 1915 τοῦ
1701 1881 1980 1935 πρωτονο-
2009 1882 2056 1948 Β

317 1947 509 2022 ταρίου
539 1951 640 2003 τοῦ
673 1944 932 2021 θέματος,
988 1947 1077 2002 καὶ
1135 1953 1469 2027 χορηγοῦσιν
1509 1948 1733 2005 ἑκάστου
1768 1948 1974 2024 ἀλόγου

315 2038 508 2112 ταγήν.
541 2037 603 2094 Ὀ
645 2033 702 2091 δὲ
747 2037 1188 2112 πρωτονοτάριος
1237 2032 1502 2111 λαμϐάνει
1564 2035 1799 2107 διάταξιν
1831 2037 1975 2110 παρὰ

314 2129 412 2180 τοῦ
469 2123 742 2201 βασιλέως
799 2125 924 2196 περὶ
979 2125 1088 2180 τῶν
1152 2125 1472 2197 ἀπλήκτων,
1532 2127 1622 2182 καὶ
1654 2127 1975 2195 ἂποτίθησιν

314 2212 428 2270 ἔκεῖ
454 2215 554 2284 τήν
585 2215 786 2288 κριηήν
835 2213 924 2269 καὶ
972 2219 1144 2270 πᾶσαν
1193 2212 1374 2290 ἑτέραν
1425 2217 1613 2291 χρείαν
1657 2218 1972 2292 βασιλικὴν.

317 2303 400 2362 Td
453 2299 511 2358 δε
559 2303 779 2377 ξενάλια
824 2303 892 2358 τὰ
945 2308 1026 2376 τῷ
1083 2303 1299 2379 βασιλεῖ
1355 2305 1630 2380 φερόμενα
1660 2303 1749 2361 διὰ
1779 2311 1973 2379 κριθῆς

316 2387 731 2468 παραλαμϐάνει
789 2393 816 2448 6
873 2396 973 2448 τοῦ
1031 2388 1269 2450 στάϐλου
1327 2395 1534 2468 κόμης,
1573 2394 1624 2450 ἐν
1656 2400 1972 2476 καταγραφῇ

316 2481 653 2556 ποιούμενος
683 2481 782 2551 τήν
824 2482 1126 2554 ποσότητα,
1189 2483 1302 2556 ἅμα
1349 2487 1430 2556 τῷ
1489 2483 1675 2556 εἷδικῷ
1720 2485 1810 2538 καὶ
1857 2490 1975 2550 τοῖς

315 2571 611 2646 νοταρίοις,
679 2571 1025 2645 ποιουμένων
1095 2569 1359 2626 κάκείνων
1431 2576 1600 2628 ταῦτα
1667 2572 1717 2628 ἐν
1808 2594 1974 2629 κατα-

317 2662 522 2737 γραφῇ,
563 2660 652 2714 ἳνα
685 2660 819 2733 μετά
865 2660 927 2714 τὸ
971 2659 1216 2734 γενέσθαι
1264 2661 1623 2718 καταστόλιον
1656 2666 1764 2735 (71)
1806 2661 1973 2738 λογαο

319 2749 574 2824 ριάζηται
652 2749 680 2804 6
750 2751 1193 2825 πρωτονοτάριος
1295 2750 1386 2805 καὶ
1464 2753 1492 2806 6
1566 2750 1972 2827 χαρτουλάριος

319 2837 393 2899 εἷς
493 2839 556 2894 τὸ
658 2837 904 2913 σὲκρετον
998 2843 1096 2894 τοῖ’)
1173 2835 1401 2908 εἰδικοῦ,
1475 2839 1566 2894 ἳνα
1641 2841 1974 2915 ὑπεξαίρων-

317 2945 404 2982 ται
434 2929 551 2997 (72)
607 2928 662 2983 αἱ
718 2928 921 3002 ἡμέραι
979 2933 1078 2997 τῆς
1138 2927 1415 3006 χορηγίας
1471 2933 1578 2984 τῶν
1619 2950 1973 3002 πρωτονοτα-

316 3017 470 3094 ρίων.
549 3018 648 3073 Καὶ
727 3017 862 3091 μετά
936 3017 999 3072 τὸ
1073 3017 1303 3092 περάσαι
1385 3017 1478 3073 τὸν
1556 3019 1782 3094 βασιλέα
1883 3020 1973 3074 καὶ

319 3104 454 3162 ἰδεῖν
490 3107 588 3175 τήν
632 3104 1022 3181 προμοσέλλαν
1083 3103 1424 3163 διατάσσεται
1477 3112 1557 3180 τῷ
1612 3107 1840 3181 κόμητι,
1881 3109 1973 3164 καὶ

2091 608 2368 680 periculis
2401 625 2557 664 nunc
2586 613 2643 665 et
2673 626 2903 682 semper
2923 615 2981 666 et
3009 609 3069 666 in
3120 610 3337 666 saecula
3373 613 3739 670 seculorum.

2088 705 2298 754 Amen.
2341 718 2370 748 »
2426 698 2736 770 Postquam
2787 699 2996 755 fretum
3046 699 3337 769 trajecerit
3397 701 3741 772 imperator,

2089 784 2301 842 lustrat
2317 786 2727 858 promosellam
2743 802 2847 842 seu
2871 789 3197 859 equitatum
3227 805 3404 844 suum
3437 789 3740 846 sellarium

2090 883 2140 929 et
2174 875 2476 946 parhippia
2505 890 2603 930 seu
2636 892 2817 947 equos
2838 877 3166 934 veredarios
3193 883 3249 934 et
3272 877 3478 946 mulos,
3507 883 3563 934 et
3578 895 3744 936 man-

2091 962 2191 1016 dat
2211 962 2635 1018 comitislabuli
2652 969 2709 1019 et
2727 963 3084 1020 chartulario
3105 965 3344 1029 stabuli,
3383 972 3442 1022 ut
3459 983 3526 1022 eo
3550 968 3740 1037 modo,

2089 1050 2161 1107 de
2210 1067 2324 1124 quo
2377 1051 2652 1124 deinceps
2699 1058 3038 1123 exponetur,
3081 1054 3270 1110 mulos
3321 1061 3378 1112 et
3432 1057 3742 1129 parhippia

2090 1141 2447 1206 combinent.
2481 1142 2585 1198 hoc
2616 1147 2705 1198 est
2735 1142 3091 1199 mulionibus
3125 1160 3239 1201 una
3269 1161 3404 1202 cum
3438 1147 3593 1218 regia
3623 1153 3741 1202 tes-

2090 1247 2220 1288 sera
2249 1231 2322 1287 ad
2353 1231 2783 1303 requisitionem
2816 1234 3188 1289 monstranda
3214 1234 3604 1292 committant.
3626 1242 3742 1292 Do-

2091 1320 2371 1377 mesticus
2401 1320 2746 1393 optimatum
2779 1323 2950 1378 debet
2980 1339 3285 1381 numerum
3318 1324 3640 1381 mulionum
3671 1341 3741 1382 ex

2091 1409 2466 1482 optimatibus
2497 1416 2862 1467 constantem
2894 1420 3163 1484 praestare
3196 1414 3506 1486 sagmariis
3539 1430 3736 1485 parem

2091 1503 2148 1554 et
2175 1499 2430 1556 indicem
2463 1502 2667 1567 facere,
2699 1500 2758 1556 in
2792 1517 2905 1573 quo
2959 1503 3238 1575 scriptum
3291 1503 3367 1560 sit
3413 1510 3465 1559 et
3525 1518 3735 1559 nomen

2093 1589 2554 1662 uniuscujusque
2584 1589 2906 1662 optimatis,
2937 1595 2996 1647 et
3025 1591 3246 1664 praedii,
3278 1593 3430 1662 quod
3478 1608 3547 1648 ex
3590 1607 3738 1648 con-

2091 1678 2356 1735 cessione
2386 1685 2442 1735 et
2468 1681 2868 1752 assignatione
2927 1681 3084 1751 regis
3126 1681 3404 1753 possidet.
3439 1682 3508 1738 Et
3537 1681 3587 1738 si
3618 1679 3740 1753 qui-

2091 1768 2223 1824 dem
2241 1767 2472 1824 amittat
2487 1768 2839 1840 sagmarium
2856 1785 3032 1825 suum
3053 1771 3321 1842 optimas,
3345 1770 3466 1827 sive
3487 1773 3557 1826 ad
3579 1769 3744 1826 aber-

2092 1857 2304 1914 raverit
2332 1875 2363 1913 a
2395 1859 2508 1926 via,
2542 1858 2661 1913 sive
2696 1859 3011 1930 aufugerit,
3060 1858 3179 1915 sive
3208 1865 3441 1931 raptum
3473 1860 3545 1915 ab
3577 1858 3741 1914 hoste

2097 1946 2294 2015 fuerit,
2343 1947 2451 2003 luit
2498 1946 2872 2020 ipsejactura
2916 1945 3087 2002 fundi
3143 1947 3278 2014 sui;
3337 1949 3548 2020 quodsi
3604 1962 3739 2003 vero

2085 2036 2459 2108 exspiraverit
2499 2036 2714 2103 bestia,
2756 2036 2992 2092 exhibet
3021 2037 3217 2093 comiti
3275 2035 3738 2106 et.chartulario,

2085 2125 2300 2181 stabuli
2323 2142 2554 2198 nempe,
2588 2131 2839 2182 tesseras
2871 2127 3063 2198 regias
3094 2126 3234 2182 olim
3259 2126 3389 2195 sibi,
3415 2143 3599 2199 quum
3632 2127 3738 2181 be-

2084 2216 2167 2270 tia
2183 2232 2304 2272 sum
2337 2214 2719 2272 sollicitudini
2750 2216 3222 2284 committeretur,
3251 2217 3500 2272 additas.
3532 2216 3738 2272 Comes

2085 2303 2304 2360 stabuli
2337 2320 2567 2377 quoque
2605 2321 2707 2376 pro
2729 2303 2976 2376 singulis
3007 2305 3259 2360 decuriis
3306 2305 3736 2377 sagmariorum

2087 2398 2323 2466 praestat
2345 2393 2612 2466 singulos
2641 2392 2995 2466 syntrophos
3027 2409 3128 2450 seu
3161 2394 3612 2450 contubernales
3634 2396 3736 2449 aut

2085 2483 2327 2538 comites
2361 2480 2608 2546 itineris,
2641 2497 2671 2536 e
2700 2482 2953 2537 statione
2983 2485 3040 2537 et
3081 2481 3331 2537 stabulis
3371 2482 3548 2552 regiis
3576 2481 3733 2554 apud

2083 2568 2376 2642 Malagina
2400 2570 2732 2641 depromtos
2762 2585 2828 2626 eo
2862 2569 2998 2636 ﬁne,
3055 2575 3116 2625 ut
3146 2570 3457 2642 optimates
3489 2570 3732 2642 quidem

2083 2660 2473 2732 praecedentes
2495 2657 2617 2714 loro
2645 2675 2793 2730 pone
2849 2674 2912 2714 se
2956 2658 3192 2714 trahant
3235 2659 3544 2731 sagmaria,
3577 2658 3730 2716 275

2084 2747 2387 2821 syntrophi
2417 2752 2611 2802 autem
2663 2761 2810 2819 pone
2851 2747 3278 2817 subsequentes
3335 2763 3402 2803 ea
3430 2763 3626 2803 coram
3669 2761 3734 2803 se

2083 2841 2282 2910 agant,
2315 2853 2609 2908 oneraque
2640 2843 2740 2892 aut
2771 2836 3031 2909 delapsa,
3051 2841 3149 2892 aut
3179 2836 3411 2892 ruinam
3447 2835 3734 2892 minantia

2085 2944 2291 2984 rursus
2305 2927 2572 2994 allevent,
2595 2943 2884 3001 suumque
2907 2927 2964 2982 in
2979 2928 3172 2983 locum
3188 2927 3312 2982 etin
3336 2926 3731 2998 aequilibrium

2086 3022 2386 3088 reponant.
2422 3017 2482 3072 ld
2515 3018 2666 3071 idem
2702 3033 2934 3088 quoque
2965 3017 3025 3072 in
3067 3015 3389 3088 parhippiis
3447 3015 3732 3072 onerariis

2086 3107 2329 3176 obtinet,
2361 3123 2606 3178 quorum
2640 3106 2892 3178 singulis
2922 3107 3230 3162 vicenariis
3269 3105 3489 3178 singuli
3529 3113 3732 3162 contu-

315 3191 556 3266 διανέμει
634 3193 821 3266 αὐτὴν,
888 3195 1068 3259 καθὼς
1127 3195 1416 3271 κατωτέρω
1491 3197 1809 3270 ῥηθήσεται.
1880 3197 1970 3254 Διά

2088 3195 2355 3252 bernales
2367 3195 2602 3252 adsunt.
2629 3195 2838 3262 Malos,
2860 3200 2926 3250 ut
2949 3197 3007 3250 in
3022 3195 3333 3250 stationem
3355 3194 3731 3267 appulerunt,

312 3285 412 3337 τοῦ
461 3281 705 3354 κόμητος
753 3287 863 3339 τῶν
916 3283 1237 3357 ὀπτιμάτων
1294 3257 1392 3356 τῇς
1453 3257 1749 3362 ὑπουργίας
1780 3283 1969 3362 ἄνδρες

2086 3285 2334 3342 sarcinis
2382 3285 2655 3341 liberatos
2713 3257 2865 3341 tradi
2902 3290 2959 3340 et
2999 3284 3367 3340 adnumerari
3395 3257 3526 3340 sibi
3567 3257 3736 3339 curat

315 3377 378 3424 σ’·
433 3369 523 3424 καὶ
572 3369 704 3435 τοὺς
748 3372 842 3445 μὲν
892 3373 933 3447 ρ’
982 3373 1189 3450 ὀφείλει
1223 3369 1697 3448 ἀναλαμϐάνεσθαι
1729 3376 1756 3430 6
1787 3371 1968 3450 κόμης

313 3464 410 3515 τοῦ
479 3453 720 3516 στάϐλου
786 3461 877 3516 καὶ
945 3463 973 3518 6
1040 3463 1447 3540 χαρτουλάριος
1515 3463 1568 3519 ἐν
1643 3469 1968 3543 καταγραφῇ

319 3548 472 3624 λόγῳ
535 3554 645 3606 τῶν
712 3553 756 3625 ρ’
821 3551 1096 3626 ἱππαρίων
1152 3557 1259 3608 τῶν
1318 3554 1802 3631 παρασυρομὲνων.
1862 3557 1968 3612 Καὶ

315 3639 405 3695 τὸν
447 3641 669 3712 κὸμητα
726 3643 861 3713 μετά
915 3645 1023 3696 τῶν
1082 3641 1274 3716 ἑτέρων
1341 3649 1384 3718 ρ’
1449 3639 1888 3716 ἀναλαμϐάνεται
1940 3646 1968 3700 ὁ

312 3726 402 3783 ἐπὶ
453 3734 553 3796 τῆς
607 3729 880 3801 τραπέζης
934 3729 1024 3783 καὶ
1084 3731 1112 3784 6
1166 3727 1486 3802 δομέστικος
1536 3739 1634 3800 τῆς
1669 3732 1966 3809 ὑπουργίας

308 3816 400 3871 καὶ
433 3816 461 3870 6
503 3814 772 3878 οἷκειακὸς
825 3815 1110 3892 βασιλικὸς
1159 3816 1473 3893 κελλάριος·
1525 3820 1615 3874 καὶ
1665 3820 1717 3874 οἱ
1770 3821 1864 3893 μὲν
1915 3825 1968 3876 π’

307 3903 532 3980 σύρουσι
571 3904 638 3960 τὰ
684 3905 736 3958 π’
794 3906 1091 3982 σαγμάρια,
1141 3908 1193 3962 οἱ
1245 3905 1302 3962 δὶ
1358 3909 1404 3962 κ’
1450 3907 1834 3972 ἀκολουθοῦσι.
1869 3911 1966 3964 Καὶ

305 3992 394 4050 ὅτε
423 3987 633 4068 καταϐῇ
683 3993 710 4049 6
766 3993 1022 4070 βασιλεὺς
1072 3995 1147 4057 εἰς
1192 3995 1255 4051 τὸ
1303 3994 1603 4068 ἄπληκτον,
1652 3996 1962 4072 ἐπαίρουσιν

307 4083 359 4137 οἱ
416 4083 708 4161 σύντροφοι
775 4083 866 4139 καὶ
933 4085 986 4139 οἱ
1056 4084 1354 4159 ὁπτιμάτοι
1409 4087 1478 4142 τα
1533 4087 1812 4162 παρίππια
1854 4091 1962 4143 τῶν

307 4170 619 4247 ὑπουργῶν,
671 4172 763 4226 καὶ
816 4172 1109 4249 ἀπάγουσιν
1159 4173 1236 4237 εἷς
1282 4175 1382 4244 τήν
1435 4176 1640 4251 βοσκήν
1690 4176 1825 4251 πρὸς
1874 4186 1966 4232 τον

305 4259 712 4342 χαρτουλάριον
745 4267 851 4318 τῶν
896 4261 1252 4339 Μαλαγίνων.
1302 4264 1379 4322 Τὸ
1428 4264 1557 4321 αὐτὸ
1589 4263 1645 4321 8‘s
1679 4266 1766 4321 καὶ
1797 4271 1964 4320 πᾶσαι

305 4349 362 4404 αἱ
411 4349 710 4427 φορτωσίαι
765 4352 854 4406 καὶ
907 4351 1104 4415 πάντες
1135 4353 1186 4408 οἱ
1218 4355 1670 4430 κομπινευθέντες
1705 4354 1962 4431 βασιλικά

307 4435 500 4514 ἄλογα,
557 4440 728 4516 ἤγουν
789 4462 925 4497 κατα
1005 4442 1308 4520 σαγμάριον
1384 4445 1713 4519 ὄπτιμάτος,
1783 4446 1962 4506 καθὼς

308 4526 563 4603 ἀνωτέρω
594 4527 829 4606 εἴρηται.

2083 3374 2480 3432 chartularius
2511 3374 2935 3448 Malaginorum
2965 3391 2978 3442 ;
3013 3374 3501 3430 saframentarius
3531 3377 3731 3429 autem

2081 3465 2435 3537 comitesque
2466 3473 2518 3520 et
2547 3463 2852 3537 syntrophi
2885 3473 2938 3520 et
2981 3464 3288 3536 Optimales
3329 3467 3541 3519 exeunt
3595 3477 3731 3520 cum

2080 3556 2282 3613 bestiis
2312 3557 2370 3611 in
2399 3572 2704 3626 pascuum.
2738 3555 2982 3621 Quando
3015 3558 3206 3609 autem
3225 3553 3468 3609 buccina
3499 3553 3731 3625 signum

2079 3645 2339 3718 receptui
2367 3645 2608 3715 dederit,
2644 3648 2930 3700 reducunt
2957 3643 3233 3700 animalia
3265 3660 3370 3699 sua
3418 3659 3734 3716 coramque

2077 3734 2568 3802 exhibentillis,a
2619 3734 2836 3806 quibus
2867 3739 3230 3803 acceperant,
3271 3750 3337 3789 eo
3380 3733 3571 3803 modo,
3621 3748 3731 3804 quo

2078 3825 2396 3881 combinati
2429 3827 2684 3892 fuerant,
2716 3825 2771 3879 id
2806 3836 2889 3880 est
2915 3825 3136 3880 bestias
3158 3823 3332 3880 simul
3354 3833 3527 3894 atque
3549 3830 3732 3879 tesse-

2077 3931 2172 3969 ras
2205 3919 2569 3984 acceperant.
2601 3915 2898 3979 Quantum
2924 3915 3050 3982 jam
3102 3913 3174 3967 ad
3219 3917 3406 3966 totum
3445 3911 3729 3967 hordeum

2076 4003 2305 4067 attinet,
2339 4001 2398 4057 id
2443 4006 2529 4058 est
2560 4008 2677 4056 tam
2734 4000 3162 4073 sagmariorum
3196 3998 3515 4063 mulorum,
3549 4015 3728 4072 quam

2076 4091 2534 4165 parhippiorum,
2567 4089 2650 4145 uti
2682 4095 2739 4145 et
2785 4089 3151 4146 sellariorum
3209 4103 3510 4158 equorum,
3561 4087 3730 4159 illud,

2077 4181 2181 4236 hoc
2200 4185 2290 4236 est
2319 4185 2540 4236 statuta
2587 4195 2787 4235 eorum
2837 4179 2897 4235 in
2947 4177 3164 4234 hordeo
3205 4178 3408 4244 diaria,
3435 4176 3729 4248 accipiunt

2075 4267 2323 4325 simulet
2361 4267 2538 4325 semel
2572 4268 2629 4324 in
2663 4285 2778 4324 una
2801 4284 3000 4324 massa
3030 4267 3109 4323 ibi
3139 4266 3424 4330 locorum,
3445 4264 3544 4320 ubi
3571 4280 3730 4320 com-

2074 4358 2355 4414 binantur
2386 4357 2588 4414 bestia
2616 4359 2694 4432 [id
2719 4362 2808 4414 est
2830 4357 2891 4414 in
2925 4357 3174 4430 singulis
3206 4354 3533 4428 applicatis]
3563 4353 3730 4410 char-

2075 4447 2327 4504 tularius
2358 4447 2574 4503 stabuli
2606 4452 2661 4503 et
2675 4446 2948 4504 cellarius
2974 4442 3413 4518 aprotonotario
3439 4444 3726 4514 cujusque

1997 4523 2044 4589 D
2080 4535 2385 4592 thematis:
2417 4542 2474 4592 et
2491 4537 2764 4609 deinceps
2785 4536 3057 4593 dividunt
3076 4538 3134 4591 et
3156 4534 3471 4606 unicuique
3483 4531 3724 4590 animali

311 4617 562 4676 diarium
594 4637 770 4678 suum
824 4638 1069 4696 pensum
1127 4625 1450 4700 porrigunt.
1505 4627 1946 4684 Protonotarius
1983 4632 2177 4685 autem
2231 4626 2507 4683 thematis
2565 4626 2902 4684 admonitus
2962 4625 3256 4697 imperiali
3322 4622 3721 4697 dispositione,

1351 4765 1554 4822 JOAN.
1585 4766 1729 4822 JAC.
1766 4766 2032 4823 REISKII
2061 4764 2667 4823 COMMENTARIUS.

376 4875 487 4944 (69)
504 4876 851 4954 ﬁynirophus
872 4885 983 4948 est,
1015 4882 1278 4954 quicum,
1297 4883 1357 4938 in
1387 4884 1558 4950 cuius
1579 4883 1960 4940 contubernio

305 4950 364 5023 e_t
389 4947 575 5023 oculis
593 4947 902 5006 creverunt
925 4947 1111 5008 veredi
1135 4961 1188 5009 et
1209 4947 1506 5022 sagmarii,
1531 4971 1727 5023 agaso,
1756 4955 1955 5010 mulio.

303 5016 474 5090 '_l‘_ales
501 5019 734 5090 Hispani
767 5025 1131 5080 azembtarios
1162 5016 1367 5082 dicunt
1387 5016 1769 5080 aut'di‘c'ebant
1794 5027 1955 5082 olim.

306 5085 1302 5173 Voshec‘eatﬁrabicm”originis.
1335 5097 1533 5173 Zcmil,
1564 5102 1790 5173 et_cum
1821 5115 1959 5167 pras-

305 5162 490 5231 posito
521 5162 1048 5242 articuloazzemil,
1090 5162 1175 5223 est
1216 5168 1597 5242 sagmarium,
1624 5162 1956 5242 jumentum

304 5234 644 5288 onerariam
689 5234 778 5289 vel
837 5246 1135 5292 onustum.
1207 5234 1353 5295 Hiﬁc
1415 5234 1838 5305 azzemi‘larius,
1901 5245 1958 5297 et

305 5319 494 5385 prona
577 5307 990 5430 degravatione
1055 5311 1486 5377 aezrmbiarius,
1563 5311 1662 5382 qui
1725 5329 1953 5373 sagma-

307 5390 396 5430 ria
421 5382 611 5430 curat.
703 5418 719 5430 .
776 5378 861 5430 Du
919 5379 1200 5430 Cancinm
1264 5383 1322 5430 h-
1374 5399 1448 5430 ν--
1511 5383 1608 5430 ubi
1658 5398 1688 5430 ε
1754 5385 1953 5430 charta

307 5378 396 5430 ria
421 5378 719 5452 c_urat.__V.
776 5378 862 5434 Du
919 5379 1200 5452 Cangium
1264 5383 1322 5438 h.
1374 5399 1450 5447 v.,
1511 5378 1609 5437 ubi
1658 5398 1688 5437 s
1754 5385 1958 5440 charta

308 5448 559 5528 quadam
612 5449 944 5528 Ηίξριιιιὶιξο⁸
965 5448 1083 5507 hinc
1131 5455 1325 5528 citat;
1378 5454 1692 5520 Sancimus,
1741 5456 1880 5526 quod
1909 5456 1959 5510 si

348 5521 452 5598 uia
487 5522 891 5598 azemI-ilarius
923 5521 1326 5598 [syntrOpbus]
1350 5596 1358 5598 _
1382 5530 1435 5580 et
1479 5529 1570 5581 sui
1615 5521 1956 5598 coadj'uiorcs

308 5533 452 5659 guis.
487 5533 867 5577 nummarias
923 5533 1326 5596 LsyntrOphus]
1382 5533 1435 5580 et
1479 5533 1569 5581 sui
1615 5533 1953 5598 coadjulom

335 5594 670 5673 optimates]
695 5597 1026 5673 etnportnrti.
1044 5596 1384 5673 _[0pp_idani,
1412 5597 1820 5673 municipales]
1856 5612 1953 5650 no-

314 5664 417 5713 stri
445 5664 792 5735 inicapiendo
812 5666 1088 5722 animalia
1117 5664 1275 5724 nabis
1305 5674 1357 5723 et
1388 5667 1561 5725 curia
1620 5664 1820 5724 τὶοεινεὲ
1857 5684 1956 5722 ne-

316 5734 821 5794 ccssarimiuntiati
837 5739 1069 5806 fuerint,
1101 5739 1420 5812 deliquisse.
1452 5740 1560 5807 Qui
1590 5740 1682 5798 hic
1742 5754 1957 5796 memo-

2071 4891 2272 4940 rantur
2299 4883 2554 4955 portarii,
2583 4888 2719 4940 sunt
2768 4882 3175 4954 municipales,
3223 4879 3425 4955 incola
3468 4881 3722 4955 oppido-

2071 4972 2231 5023 rum;
2257 4953 2309 5010 νζ
2343 4955 2430 5010 Βιι
2462 4956 2652 5027 Gange
2681 4971 2731 5008 ν.
2777 4953 3199 5021 Portas,tribus
3236 4953 3322 5027 vel
3345 4954 3510 5027 _rrgio
3537 4954 3716 5027 urbis.

2068 5029 2232 5096 Apud
2270 5027 2471 5097 Belgas
2498 5027 2555 5081 id
2586 5024 2774 5081 adhuc
2822 5032 3111 5097 superest,
3163 5025 3258 5094 qui
3300 5025 3492 5079 vicum
3547 5024 3717 5097 urbis

2067 5095 2196 5155 cerne
2228 5095 2422 5170 Buyril,
2454 5107 2510 5154 et
2541 5097 2724 5153 civem
2756 5095 3292 5170 velamunicipalem
3336 5095 3714 5151 Amsteloda-

2070 5185 2302 5225 menses
2317 5168 2429 5225 'een
2462 5171 2656 5225 Porter
2686 5168 3002 5241 appellant.

2141 5242 2251 5310 ('70)
2277 5241 2466 5296 Δώσει.
2507 5241 2815 5297 Subinlell.
2850 5244 3094 5312 σημεῖον.

2138 5309 2257 5382 (7t)
2290 5313 2536 5368 Raditum
2559 5313 2801 5368 domum.
2837 5309 2939 5369 Illa
2977 5309 3558 5382 visinestparticule
3576 5311 3712 5365 κατά

2067 5381 2376 5440 inmunis
2427 5385 2966 5454 compositionibus,
3012 5389 3076 5437 ut
3127 5381 3398 5456 κατάγειν,
3443 5385 3716 5456 reducere

2065 5456 2286 5511 domum
2335 5456 2603 5512 hur'lenus
2645 5458 2944 5520 absentem,
3003 5454 3286 5522 καθήκειν,
3331 5454 3708 5527 κατέρχεσθαι,

2065 5528 2249 5582 redire
2279 5528 2346 5581 ab
2377 5529 2598 5582 exsilio.
2631 5528 3184 5596 Conl’.Aristophan.
3221 5527 3365 5581 Ran.
3387 5543 3438 5584 ν.
3479 5527 3636 5582 1196.

2135 5599 2250 5669 (72)
2286 5599 2344 5653 In
2379 5599 2484 5655 hoc
2519 5599 2643 5654 loco
2668 5599 2867 5654 Latine
2901 5598 3188 5654 reddendo
3220 5595 3712 5669 sudandummihi

2069 5666 2208 5743 (ait,
2230 5666 2561 5743 Vereorque,
2594 5675 2658 5725 ut
2687 5674 2886 5740 aptum
2914 5671 3280 5741 probumque
3311 5670 3406 5736 sit,
3431 5668 3581 5739 quod
3613 5681 3709 5720 ex-

2069 5741 2312 5797 tundere
2343 5741 2524 5813 potui.
