4090 6216
370 389 487 448 915
1398 414 1399 417 η
1478 377 2007 445 CONS'I‘ANTIN]
2057 373 2746 437 PORPHYMOGENITI
3652 378 3783 438 916

373 523 612 580 nomina
641 518 998 591 singulorum
1030 520 1454 590 applicatorum
1489 517 1845 581 continente,
1898 509 2137 582 deponit
2183 508 2264 563 ibi
2294 507 2579 573 locorum,
2629 505 2728 561 ubi
2790 506 3077 575 deponere
3118 505 3327 577 jussus
3359 506 3553 577 fuerit,
3584 509 3789 582 impn-

376 616 559 667 tatam
594 610 705 666 sibi
738 610 964 681 copiam
999 626 1111 663 non
1136 608 1336 663 bordei
1360 613 1613 675 tantum,
1662 606 1759 659 sed
1795 606 1853 657 et
1883 600 2129 655 aliarum
2162 599 2427 654 omnium
2460 595 2604 667 regii
2640 594 2954 651 comitatus
3008 598 3444 652 necessitatum.
3507 599 3568 652 Id
3618 614 3786 667 vero,

372 701 526 771 quod
560 700 618 754 in
653 699 865 753 hordeo
900 698 1134 753 nomine
1168 697 1426 752 muneris
1458 693 1795 767 imperatori
1846 691 2105 755 oitertur,
2159 688 2217 742 in
2252 688 2424 741 ﬁdem
2474 701 2796 757 curamque
2830 701 2997 741 suam
3040 687 3252 756 accipit
3307 688 3527 742 stabuli
3560 704 3789 756 comes,

367 791 584 862 scripto
612 789 963 855 consignans
996 787 1332 851 identidem,
1365 793 1646 859 quantum
1688 781 1993 854 acceperit,
2044 794 2237 833 coram
2286 777 2438 832 idico
2468 781 2525 831 et
2557 776 2821 845 notariis,
2875 776 2975 846 qui
3016 776 3195 831 simul
3258 793 3389 832 cum
3451 779 3579 849 ipso
3628 778 3785 835 idem

363 878 604 943 faciunt,
640 876 812 946 idque
843 876 971 931 ideo
1033 876 1115 945 fit,
1161 886 1219 930 ut
1254 880 1383 944 post
1412 874 1667 928 reditum
1717 870 1788 926 ab
1838 867 2201 937 expeditione
2254 865 2517 932 domum,
2569 866 2800 935 quando
2859 863 3293 935 protonotarius
3343 865 3678 936 [generalis]
3727 874 3785 921 et

365 967 762 1026 cbartularius
806 966 1069 1037 [stabuli]
1118 965 1403 1020 rationem
1451 982 1483 1018 a
1512 979 1573 1019 se
1631 958 1866 1034 praestiti
1903 964 1960 1013 et
2003 956 2220 1028 accepti
2267 970 2451 1026 penus
2508 955 2755 1010 reddent
2812 953 2869 1007 in
2921 958 3144 1010 secreto
3194 954 3356 1022 idici,
3405 955 3792 1011 remittantur

364 1060 492 1131 [pro
520 1058 783 1128 proxima
834 1057 1218 1128 expeditione]
1260 1053 1671 1127 protonotariis
1712 1052 1856 1112 dies,
1911 1049 2125 1119 quibus
2158 1045 2501 1101 debuissent
2543 1044 2687 1100 alias
2729 1046 3058 1101 necessaria
3114 1052 3409 1118 praestare.
3460 1051 3788 1118 Postquam

366 1147 661 1217 trajecerit
718 1145 1033 1217 imperator
1092 1145 1297 1201 fretum
1352 1150 1408 1199 et
1456 1142 1785 1198 lustraverit
1846 1136 2259 1211 promosellam
2320 1152 2421 1191 seu
2482 1136 2711 1207 privum
2764 1135 2874 1191 sibi
2928 1152 3099 1191 suum
3159 1137 3792 1208 equitatum,mandat

365 1236 559 1293 comiti
590 1236 825 1302 stabuli,
860 1235 1152 1305 quomodo
1186 1242 1375 1289 actum
1403 1248 1534 1288 cum
1566 1248 1630 1287 eo
1679 1229 1834 1295 velit,
1869 1226 2281 1297 distribuitque
2329 1241 2462 1281 eum
2510 1241 2575 1281 eo
2620 1226 2807 1293 modo,
2838 1226 2939 1298 qui
2987 1226 3262 1299 deinceps
3292 1226 3538 1283 dicetur.
3573 1229 3791 1283 Comes

368 1328 715 1398 Optimatum
749 1325 1058 1381 ministerii
1090 1324 1369 1380 culinaria
1404 1328 1674 1396 praestare
1724 1321 1895 1375 debet
1941 1317 2093 1373 viros
2122 1318 2422 1385 ducentos,
2456 1333 2705 1388 quorum
2738 1321 2964 1389 partem
2992 1318 3297 1373 dimidiam
3329 1335 3523 1375 comes
3559 1318 3791 1374 stabuli

367 1427 419 1473 et
452 1417 848 1473 chartularius
880 1417 1005 1487 ejus
1036 1417 1096 1472 in
1146 1417 1317 1472 fidem
1359 1429 1675 1485 curamque
1715 1428 1881 1468 suam
1922 1408 2234 1481 accipiunt,
2296 1408 2645 1463 nominatim
2716 1408 2932 1479 scripto
2993 1409 3355 1481 designatos,
3395 1426 3496 1482 pro
3540 1415 3787 1466 centum

377 1507 567 1579 equis,
600 1507 699 1578 qui
730 1523 920 1561 coram
978 1506 1326 1577 imperatore
1368 1505 1681 1559 trahuntur
1718 1509 1772 1557 et
1814 1499 2234 1572 producuntur.
2294 1498 2573 1554 Comitem
2625 1498 2975 1569 optimatum
3032 1516 3163 1555 vero
3213 1516 3342 1556 cum
3402 1500 3588 1556 altera
3630 1501 3791 1571 opti-

372 1604 595 1652 rnatum
629 1596 888 1652 centuria
919 1613 1086 1651 suam
1120 1596 1177 1650 in
1210 1596 1379 1650 ﬁdem
1417 1609 1737 1665 curamque
1781 1590 2076 1661 accipiunt
2126 1587 2429 1659 praefectus
2463 1604 2676 1643 mensae
2707 1593 2764 1643 et
2793 1589 3146 1644 domesticus
3171 1589 3480 1645 ministerii
3498 1589 3789 1646 culinaria

370 1691 427 1742 et
459 1689 711 1757 privatus
745 1687 935 1758 regius
967 1686 1255 1741 cellarius.
1293 1686 1356 1739 Et
1388 1685 1596 1740 borum
1630 1682 2020 1752 posteriorum
2052 1679 2344 1749 octoginta
2382 1678 2617 1748 quidem
2665 1677 2903 1733 trahunt
2950 1694 3099 1749 pone
3147 1695 3210 1735 se
3257 1680 3496 1734 totidem
3547 1696 3787 1752 sagma-

372 1778 494 1846 ria;
530 1777 737 1847 reliqui
770 1777 971 1846 viginti
1003 1792 1235 1847 gregem
1270 1780 1615 1846 sequuntur.
1653 1776 1717 1827 Bt
1751 1771 2081 1842 optimates,
2111 1784 2336 1840 unaque
2368 1785 2495 1823 cum
2530 1768 2677 1839 ipsis
2708 1768 3033 1841 syntrophi,
3061 1770 3375 1841 accipiunt,
3427 1771 3789 1843 imperatore

364 1867 427 1922 in
449 1868 756 1922 stationem
796 1867 1061 1936 appulso.
1124 1883 1157 1921 a
1189 1865 1474 1920 ministris
1534 1864 1739 1920 culina:
1798 1877 1979 1933 equos
2032 1858 2382 1925 veredarios,
2434 1862 2490 1914 et
2528 1860 2750 1913 ducunt
2804 1875 2903 1915 cos
2957 1865 3189 1929 pastum
3238 1861 3309 1915 ad
3359 1859 3781 1916 cbartularium

369 1957 1066 2028 276Malaginorum.ld
1094 1972 1324 2027 quoque
1356 1956 1423 2010 fit
1470 1956 1541 2010 de
1588 1952 1824 2023 reliquis
1854 1950 2156 2019 onerariis,
2190 1957 2243 2004 et
2274 1948 2426 2004 idem
2460 1948 2680 2004 faciunt
2706 1948 2763 2004 in
2818 1949 3156 2006 universum
3199 1967 3422 2019 omnes,
3474 1951 3574 2023 qui
3623 1952 3786 2025 regia

358 2049 630 2119 jumenta
660 2050 719 2101 in
753 2047 1104 2113 combinam,
1138 2047 1196 2102 id
1227 2056 1309 2101 est
1343 2046 1819 2101 commissionem
1856 2043 2144 2113 ﬁdemque
2175 2056 2365 2106 suam,
2397 2056 2512 2096 una
2550 2057 2683 2096 cum
2718 2046 2931 2098 tessera
2960 2042 3288 2114 acceperint
3320 2061 3333 2110 ;
3365 2059 3574 2117 nempe
3628 2046 3787 2117 opti-

326 2142 331 2147 ’
365 2142 548 2195 mates
580 2136 797 2209 singuli
829 2137 1081 2209 singulis
1099 2137 1406 2209 sagmariis
1438 2136 1722 2201 a«lditi,ut
1753 2148 1929 2203 supra
1951 2133 2075 2204 jam
2107 2130 2327 2187 dictum
2360 2136 2467 2188 est.

754 2234 1111 2291 Onerationes
1141 2244 1322 2290 autem
1355 2235 1437 2289 sic
1461 2236 1621 2304 ﬁunt.

426 2327 473 2381 A
501 2326 615 2395 [vel
649 2326 771 2396 pro]
810 2325 964 2396 regio
1010 2324 1336 2381 ministerio
1377 2322 1616 2379 culinari
1680 2321 1825 2377 muli
1873 2336 2008 2377 one-

359 2420 559 2471 rantur
587 2417 903 2486 octoginta,
937 2414 1242 2487 parhippia
1277 2413 1577 2485 sexaginta
1607 2412 1743 2467 duo.
1779 2417 1825 2464 A
1856 2412 2013 2481 regia

358 2510 516 2561 corte
547 2518 643 2559 seu
678 2504 910 2559 tentorii
935 2503 1076 2575 regii
1108 2501 1394 2558 famulitio
1418 2502 1704 2573 sagmaria
1722 2500 2011 2571 quinqua-

357 2592 542 2664 ginta,
578 2592 885 2664 parhippia
918 2592 1005 2646 43.
1053 2595 1100 2646 A
1155 2591 1376 2661 privato
1426 2590 1583 2661 regio
1616 2589 1888 2644 vestiario
1920 2604 2013 2643 sa-

366 2681 592 2752 gmaria
616 2681 705 2745 30,
730 2682 996 2753 parb.15.
1017 2681 1102 2736 Ab
1119 2680 1270 2735 idico
1293 2696 1477 2751 sagm.
1512 2680 1601 2743 40,
1625 2682 1682 2734 et
1705 2678 2016 2732 hebdoma-

362 2770 584 2826 riorum
612 2769 778 2841 parb.
816 2770 899 2824 15.
933 2773 977 2825 Α
1010 2769 1448 2841 prot0vestiario
1479 2784 1660 2838 sagm.
1696 2769 1727 2821 4
1762 2771 1817 2821 et
1849 2765 2012 2837 parb.

362 2858 627 2915 totidem.
661 2860 709 2913 A
740 2858 1046 2913 duodecim
1078 2858 1372 2914 ccetonitis
1392 2859 1461 2912 24
1484 2873 1665 2928 sagm.
1687 2861 1743 2911 et
1772 2854 2015 2909 totidem

362 2948 686 3022 parbippia.
699 2950 735 3002 Α
750 2948 899 3019 quad
912 2948 1136 3019 raginta
1152 2947 1594 3003 lamulismenste
1609 2947 1774 3017 regis:
1791 2946 2020 2999 adstan-

369 3038 529 3092 tibus
562 3052 753 3109 sagm.
784 3037 854 3090 20
886 3037 1192 3092 ettotidem
1220 3036 1722 3110 parh.Aducentis
1743 3034 1814 3088 ad
1845 3033 2017 3088 betae-

376 3128 524 3181 riam
545 3126 1333 3200 pertinentibusvirissagm.
1358 3126 1608 3181 tOOet24
1625 3123 1948 3197 parbippia.
1974 3124 2019 3177 A

370 3226 601 3273 centum
636 3217 849 3273 exteris
880 3218 1125 3275 hetaarlaa
1150 3219 1437 3288 praefectis
1467 3216 1761 3288 sagmaria
1783 3216 1873 3279 50,
1892 3230 2018 3283 par-

364 3306 566 3378 hippia
597 3309 717 3361 100.
749 3309 795 3362 Α
834 3308 1046 3363 comite
1068 3306 1281 3361 stabuli
1336 3322 1526 3376 sagm.
1570 3306 1635 3358 12
1691 3310 1749 3359 et
1778 3304 2021 3357 totidem

367 3396 692 3467 parbippia.
721 3398 765 3449 A
795 3395 1149 3449 chartulario
1180 3402 1233 3447 et
1283 3395 1507 3465 epeicta
1538 3408 1725 3463 sagm.
1762 3392 1828 3446 16
1858 3396 1913 3444 et
1935 3397 2023 3445 to-

370 3484 554 3539 tidem
586 3484 750 3554 parh.
794 3485 841 3537 Α
890 3482 1282 3554 promocoudo
1342 3482 1557 3537 cellarii
1613 3480 1756 3550 regii
1814 3478 2023 3534 stabuli

375 3586 561 3642 sagm.
596 3572 665 3625 3O
692 3576 748 3625 et
778 3571 943 3640 parb.
970 3570 1055 3624 12.
1091 3573 1134 3625 A
1164 3570 1371 3625 comite
1392 3568 1606 3624 stabuli
1641 3568 1810 3623 Urbis
1832 3584 2017 3639 sagm.

376 3661 413 3715 2
440 3665 497 3716 et
525 3660 657 3731 equi
692 3660 807 3714 duo
841 3659 1055 3730 pariter
1084 3676 1151 3715 ex
1183 3658 1445 3714 urbanis.
1478 3660 1560 3713 Ab
1591 3658 1877 3713 ambobus
1901 3663 2023 3711 sta-

383 3750 507 3807 buli
534 3747 844 3805 comitibus
877 3748 1017 3820 [uno
1047 3747 1325 3820 palatino,
1377 3748 1475 3819 qui
1516 3748 1575 3802 in
1609 3746 1761 3801 Urbe
1800 3745 1940 3818 agit,
1973 3752 2027 3802 et

387 3839 590 3907 altero,
624 3840 723 3909 qui
755 3838 811 3892 in
839 3836 1165 3909 Malaginis]
1200 3854 1385 3909 sagm.
1416 3838 1441 3891 1
1475 3841 1532 3892 et
1569 3836 1702 3909 equi
1754 3852 1822 3892 ex
1857 3836 2033 3891 urba-

388 3930 479 3985 nis
494 3932 546 3983 2.
564 3931 608 3983 A
629 3928 1015 4000 quadraginta
1031 3925 1365 3999 syntrophis
1388 3925 1475 3982 vel
1509 3925 2031 3981 contubernalibus

383 4017 750 4076 sellariorum
778 4033 959 4088 sagm.
990 4017 1068 4086 5.,
1102 4015 1267 4088 parb.
1289 4016 1377 4071 40.
1411 4015 1822 4071 Acbartulario
1854 4014 2031 4070 Mala-

384 4108 652 4178 ginorum
684 4123 867 4179 sagm.
890 4108 1037 4174 5.,et
1069 4106 1308 4162 totidem
1335 4105 1571 4176 parh.iA
1594 4103 2032 4159 saframcntario

388 4213 575 4269 sagm.
602 4197 627 4251 1
654 4202 709 4251 et
727 4196 859 4266 equi
880 4197 1013 4251 duo.
1044 4201 1089 4251 Δ
1115 4194 1691 4266 quatuorcomitibus
1712 4193 2034 4264 Malagino-

389 4304 519 4343 rum
545 4303 735 4359 sagm.
761 4287 813 4351 4,
849 4286 1013 4356 parb.
1048 4286 1098 4339 4.
1137 4288 1181 4340 Α
1241 4286 1562 4340 stratiotico
1605 4284 1733 4355 [seu
1766 4282 2033 4339 rationali

389 4379 471 4432 rei
494 4376 785 4447 militaris]
807 4392 906 4447 pro
928 4376 1253 4431 deferendis
1276 4376 1630 4431 membranis
1650 4374 1824 4446 regiis
1848 4389 2031 4441 sagm.

386 4469 441 4519 2.
493 4468 539 4519 Α
569 4466 785 4519 decano
846 4481 947 4534 pro
993 4464 1322 4520 deferendis
1382 4465 1520 4520 item
1578 4462 1799 4519 chartis
1862 4462 2038 4534 regiis

391 4570 579 4626 sagm.
611 4554 661 4608 1.
693 4555 739 4608 Α
769 4558 1019 4623 quatuor
1049 4555 1290 4625 papadis
1314 4553 1422 4626 [vel
1446 4553 1671 4609 clericis
1698 4560 1796 4607 aut
1828 4569 2039 4607 mona-

395 4644 520 4700 chis
542 4644 610 4699 de
640 4642 792 4699 clero
824 4642 1099 4715 palatino,
1133 4651 1319 4699 castra
1353 4643 1757 4715 sequentibus]
1788 4643 2035 4712 sagm.4.

397 4733 672 4789 Etﬁciunt
698 4733 756 4789 in
782 4733 1117 4789 universum
1150 4734 1479 4790 combinata
1508 4732 1801 4804 sagmaria
1834 4747 2037 4787 nume-

399 4838 522 4879 rum
548 4823 668 4878 482.
692 4822 912 4889 Quibus
944 4822 991 4878 si
1026 4822 1313 4878 addantur
1344 4826 1641 4895 parasyrta
1672 4838 1771 4877 seu
1806 4836 2038 4893 sagma-

2044 2230 2098 2295 A

2560 2226 2709 2285 Εἰσὶν
2740 2230 2794 2283 αἱ
2826 2228 3125 2305 φορτωσίαι
3150 2229 3347 2292 οὕτως’

2194 2317 2290 2371 Διᾶ
2334 2324 2435 2386 τῆς
2490 2316 2783 2391 βασιλικῆς
2836 2320 3133 2395 ὑπουργίας
3182 2320 3459 2395 σαγμάρια
3517 2330 3588 2393 π’,
3639 2344 3781 2399 παρ-

2125 2409 2286 2462 ίππια
2487 2404 2575 2461 διὰ
2621 2410 2718 2476 τῆς
2790 2409 3084 2482 βασιλικῆς
3134 2410 3336 2482 κὸρτης
3387 2412 3663 2488 σαγμάρια
3710 2414 3777 2485 ν’,

2122 2495 2397 2570 παρέππια
2450 2504 2556 2569 py"
2611 2495 2699 2550 διὰ
2746 2501 2842 2551 τοῦ
2894 2497 3169 2553 οἷκειακοῦ
3222 2498 3507 2574 βασιλικοῦ
3553 2502 3774 2575 βεστια-

2126 2586 2246 2659 ρίου
2305 2585 2577 2658 σαγμάρια
2636 2584 2703 2657 λ’,
2762 2586 3043 2641 παπίππια
3120 2590 3195 2642 ιε’·
3270 2586 3357 2643 διὰ
3412 2593 3504 2643 τοῦ
3562 2587 3769 2644 εἶδικοῦ

2128 2674 2400 2750 σα-(μᾶρια
2460 2675 2513 2747 μ’
2571 2675 2661 2728 καὶ
2739 2679 2847 2730 τῶν
2930 2672 3277 2752 ἒϐδομαρίων
3355 2679 3626 2753 nuptum:
3692 2680 3775 2734 is"

2128 2761 2216 2818 διὰ
2262 2766 2359 2817 τοῦ
2408 2758 2908 2838 πρωτοϐεστιαρίου
2964 2766 3235 2840 σαγμάρια
3293 2765 3356 2837 δ’,
3407 2769 3681 2844 παρίππια
3712 2766 3776 2824 δ”

2132 2851 2221 2907 διὰ
2249 2857 2356 2908 τῶν
2396 2858 2730 2908 κοιτωνιτῶν
2776 2859 2883 2909 τῶν
2941 2857 3011 2928 ιβ’
3065 2856 3341 2931 σαγμάρια
3371 2855 3473 2928 κδ’,
3505 2860 3785 2933 Rapiat-tta

2128 2939 2228 2999 κδ’.
2281 2940 2370 2996 διὰ
2416 2946 2522 2997 τῶν
2567 2944 2868 3017 σαράκοντα
2937 2947 3048 3018 (73)
3085 2950 3193 3001 τῶν
3250 2947 3671 3023 παρισταμένων
3711 2954 3782 3023 τῇ

2130 3031 2366 3105 τραπέζῃ
2438 3034 2717 3105 σαγμάρια
2777 3034 2846 3104 κ’,
2922 3036 3200 3109 napi-mna
3256 3036 3321 3091 κ’·
3386 3033 3477 3091 διὰ
3530 3042 3640 3091 τῶν
3696 3038 3783 3092 ἐπὶ

2129 3126 2228 3187 τῆς
2262 3121 2524 3196 ἑταιρείας
2559 3119 2755 3197 ἄνδρας
2810 3125 2874 3193 σ’,
2930 3128 3202 3200 σαγμάρια
3236 3128 3297 3201 ρ’,
3339 3127 3616 3199 παρίππια
3650 3131 3789 3201 (74).

2132 3208 2219 3265 διὰ
2248 3216 2355 3265 τῶν
2413 3218 2456 3286 ρ’
2514 3211 2736 3266 ἐθνικῶν
2795 3218 2902 3268 τῶν
2962 3212 3050 3268 ἐπὶ
3106 3222 3206 3285 τῆς
3264 3217 3529 3290 ξταιρεὲας
3574 3217 3789 3292 στιγμά-

2134 3321 2222 3373 ρια
2269 3301 2333 3369 ν’,
2382 3299 2657 3375 παρίππια
2709 3302 2772 3377 ρ”
2826 3300 2912 3357 διὰ
2969 3308 3066 3358 τοῦ
3120 3304 3367 3377 κόμητος
3420 3310 3516 3361 τοῦ
3548 3303 3789 3362 στάϐλου

2135 3390 2412 3464 σχγμάρια
2462 3391 2557 3465 ιβ’,
2616 3392 2893 3465 παρίππια
2956 3394 3044 3469 ιβ’·
3107 3391 3194 3449 διὰ
3250 3393 3347 3450 τοῦ
3379 3397 3790 3471 χαρτουλαρίου

2134 3478 2223 3533 καὶ
2289 3481 2385 3531 τοῦ
2446 3475 2695 3533 ἓπείκτου
2752 3482 3025 3556 σαγμάρια
3089 3490 3170 3552 ις’,
3219 3484 3497 3558 παρίππια
3559 3486 3644 3548 ις’·
3704 3483 3793 3540 διὰ

2132 3570 2229 3621 τοῦ
2258 3565 2524 3630 ἀποθὲτου
2576 3572 2672 3621 τοῦ
2721 3568 3024 3645 κελλαρίου
3071 3576 3167 3626 τοῦ
3216 3570 3504 3646 βασιλικοῦ
3548 3569 3793 3629 στάϐλου

2136 3657 2412 3731 σαγμάρια
2444 3654 2512 3730 λ’,
2557 3657 2833 3731 παρίππια
2891 3661 2979 3736 ιβ’·
3043 3658 3129 3716 διὰ
3179 3666 3275 3717 τοῦ
3334 3657 3793 3736 παόλοκόμητος

2137 3753 2237 3814 τῆς
2269 3745 2485 3809 πόλεως
2544 3749 2820 3823 σαγμᾶρια
2977 3750 3067 3807 καὶ
3108 3749 3367 3806 πολιτικᾶ
3396 3753 3632 3827 ἱππάρια
3668 3750 3793 3807 ὂῦοδ

2142 3832 2231 3889 διὰ
2305 3839 2411 3890 τῶν
2490 3834 2584 3890 δύο
2662 3835 3133 3913 σταϐλοκομήτων
3193 3841 3494 3916 σαγμάριον
3563 3844 3631 3913 α’,
3700 3843 3795 3897 καὶ

2140 3922 2401 3979 πολιτικὰ
2443 3926 2675 4000 imi-cipiat
2854 3925 2943 3982 διὰ
2990 3933 3097 3984 τῶν
3147 3931 3446 4005 σαρᾶκοντα
3480 3931 3797 4010 συντρόφων

2142 4017 2249 4069 τῶν
2310 4012 2613 4088 σελλαρίων
2674 4018 2945 4092 σαγμάρια
3005 4019 3062 4088 ε’,
3118 4021 3391 4091 παρίππια
3442 4022 3515 4095 μ’·
3567 4018 3655 4075 διὰ
3697 4026 3801 4076 τοῦ

2143 4105 2553 4179 χαρτουΑαρίου
2605 4105 2711 4159 τῶν
2766 4105 3095 4182 Μαλαγίνων
3143 4110 3415 4183 σαγμάρια
3471 4111 3527 4176 ε’,
3587 4110 3799 4185 Rapit-

2143 4214 2241 4247 πια
2294 4194 2366 4247 ε’*
2438 4191 2525 4247 δια
2582 4192 2677 4249 τοῦ
2740 4198 3210 4272 σαφραμενταρίου
3251 4199 3576 4273 σαγμάριιιν,
3624 4200 3800 4254 irriti-

2147 4302 2234 4357 ρια
2340 4302 2351 4314 ·
2387 4280 2475 4336 διὰ
2513 4287 2619 4337 τῶν
2661 4280 2703 4337 δ’
2740 4287 3002 4357 κομήτων
3050 4291 3159 4340 τῶν
3213 4286 3548 4360 Μαλαγίνιυν
3578 4290 3800 4364 σαγμά-

2148 4391 2237 4446 ρια
2295 4367 2356 4441 δ’,
2417 4372 2692 4447 παρίππια
2749 4370 2829 4427 δ’·
2893 4370 2981 4429 διὰ
3035 4379 3132 4431 τοῦ
3191 4380 3583 4450 στρατιωτικοῦ
3625 4376 3703 4436 εἷς
3734 4377 3805 4431 τὰ

2152 4457 2409 4531 βασιλικᾶ
2482 4461 2681 4535 γαρτῖα
2751 4462 3029 4537 σαγμάρια
3086 4461 3203 4519 δύοο
3266 4462 3355 4519 διὰ
3408 4465 3503 4520 τοῦ
3572 4462 3804 4521 δέκανοῦ

2149 4549 2224 4611 εἷς
2274 4550 2342 4604 τὰ
2405 4550 2661 4625 βασιλικᾶ
2718 4552 2921 4627 χαρτία
2980 4555 3278 4629 σαγμάριον
3339 4563 3420 4609 α’*
3483 4552 3571 4609 διὰ
3629 4560 3741 4610 τῶν
3777 4554 3805 4611 δ

2147 4636 2408 4693 παπάδων
2488 4642 2760 4715 σαγμάρια
2836 4638 2896 4700 δ’.
2965 4644 3147 4715 ’Ὁμοῦ
3231 4645 3297 4698 τὰ
3370 4646 3807 4712 κομπινευθέντα

2150 4727 2421 4803 σαγμάρια
2478 4730 2625 4803 υπβ’.
2686 4731 3004 4805 Παρασορτᾶ
3059 4734 3126 4787 τὰ
3200 4733 3275 4795 εἷς
3336 4733 3631 4809 ὑπαλλαγή
3691 4741 3803 4791 τῶν

2152 4817 2603 4887 ἀποθνησκόντων
2682 4820 2769 4873 καὶ
2855 4825 2962 4875 τῶν
3049 4821 3508 4899 ἀποστασιαρίων,
3586 4823 3675 4878 καὶ
3749 4823 3804 4880 ἐν

1539 4969 1743 5025 JOAN.
1774 4968 1916 5025 JAC.
1941 4967 2206 5025 REISKII
2240 4967 2832 5029 COMMENTARIUS.

467 5098 581 5171 (73)
628 5097 847 5181 Vulgus
904 5096 1140 5151 Graecus
1199 5091 1333 5165 σάρα
1416 5110 1518 5182 pro
1574 5092 1807 5182 τέσσαξα
1855 5096 2039 5182 69⁵01⁸1,

394 5166 654 5239 adeoque
702 5166 1154 5241 σᾶράκοντῖρτο
1186 5166 1642 5241 Δἰεσσοιράκογιιεσω
1698 5166 1818 5221 vid.
1870 5168 2043 5241 Guar.

394 5241 467 5296 ad
490 5238 628 5294 Cod.
656 5258 708 5311 p.
742 5238 834 5305 95,
867 5244 923 5294 et
980 5238 1321 5311 Theopban.
1372 5238 1439 5311 'p.

396 5382 596 5465 Ἒούργο
637 5383 1229 5465 hubet,quadraginta
1258 5382 1464 5465 ruissw,
1518 5382 2041 5465 quadragenarium.

402 5449 517 5528 lpsi
545 5449 675 5525 'jam
708 5449 926 5528 veteris
958 5452 1093 5527 σάρα
1136 5470 1235 5523 pro
1256 5451 1485 5528 τέσσαρα
1526 5449 1590 5507 ὀι
1620 5450 1897 5528 τάραΑρξο
1937 5449 2050 5528 ct;-

404 5524 975 5600 rapa’dicebant,ut
1006 5524 1165 5594 patet
1208 5540 1276 5600 ex
1328 5524 1601 5600 Athenaeo
1657 5541 1712 5595 p.
1758 5525 1883 5589 224,
1945 5524 2043 5579 ubi

406 5595 574 5671 poeta
605 5599 673 5654 de
704 5597 979 5671 superbia
1008 5603 1064 5653 et
1087 5598 1371 5652 suavitate
1397 5595 1774 5671 piscariorum
1798 5611 2047 5667 querens

408 5669 491 5727 ait
534 5687 632 5727 eos
714 5669 834 5726 tam
899 5669 1299 5741 importunos_
1340 5672 1395 5723 et
1466 5670 1684 5741 feroces
1762 5683 1905 5741 esse,
1984 5671 2047 5741 ut

406 5744 594 5816 pretia
649 5742 897 5814 piscium
956 5738 1027 5799 ne
1092 5738 1334 5812 integris
1379 5739 1617 5813 quidem
1669 5738 1880 5810 verbis,
1940 5739 2043 5795 sed

1500 5240 1626 5311 400,
1679 5256 1731 5293 ν.
1776 5235 2048 5311 Σαραγτᾷ-

392 5331 578 5388 πηχον
607 5306 670 5388 et
694 5312 777 5388 Du
812 5310 1008 5388 Cangii
1044 5306 1275 5388 GLfGr.
1310 5306 1536 5388 9:800,
1573 5310 1664 5388 ubi
1700 5306 2048 5388 σαρακίτολεί·

2152 5093 2418 5165 abruptis
2472 5096 2528 5148 et
2576 5101 2735 5164 parte
2776 5095 3031 5165 quadam
3079 5097 3359 5155 mutilatis
3414 5098 3692 5165 indicent,
3742 5106 3809 5158 ut

2158 5182 2269 5219 non
2305 5159 3075 5240 δὶοᾶοὶτεῖττάρωείόϐολῶν,
3117 5171 3219 5227 sed
3270 5159 3690 5231 tantummodo
3712 5172 3809 5227 rai-

2154 5254 2261 5310 ρων
2306 5254 2319 5292 :

3311 5350 3427 5405 κὀὐ
3470 5348 3658 5406 λαλῶν

2260 5413 2409 5501 ζοέοξ
2445 5416 2648 5501 ῥήματ’
2677 5412 2832 5501 ,ἀέλά
2872 5413 3153 5489 συλλαϐὴν
3195 5419 3435 5497 ἀφελὼνν
3477 5423 3656 5499 τάρων

2260 5484 2455 5542 Βολῶῆ
2491 5484 2689 5563 γένοιτ’
2720 5486 2798 5547 ἅν,

2223 5596 2337 5663 (74)
2378 5597 2483 5652 Hic
2514 5597 2956 5675 dee_rat_absque
2984 5598 3203 5658 lacuna!
3234 5603 3477 5675 vestigio
3515 5603 3573 5663 in
3605 5604 3806 5663 codice

2152 5681 2431 5749 numerus
2463 5668 3131 5749 parh_ippioru_m,_quem
3165 5690 3231 5732 ex
3281 5668 3557 5749 computo
3605 5678 3802 5749 depre-

2151 5735 2326 5796 hendi
2359 5744 2413 5797 et
2443 5735 2704 5811 s'upplev'i
2736 5743 2795 5798 in
2840 5735 3082 5800 Latinis.
