4090 6216
378 351 496 414 917

996 353 1096 414 DE
1138 352 1600 414 CERIMONIIS
1641 353 1878 414 AULE
1922 354 2022 413 BY

2136 354 2398 415 ΝΤΙΝιΕ
2441 358 2593 417 LIB.
2643 357 2686 416 ί.
2735 390 2812 402 -
2854 357 3202 419 APPEND.

3677 358 3799 419 918

374 491 552 564 καιρῷ
605 489 706 553 τῆς
764 480 1052 556 ἀποϐολῆς
1107 488 1205 554 τῆς
1258 492 1459 559 Συριας
1517 484 1592 546 εἰς
1634 485 1804 561 ταγήν
1835 489 2022 558 κριθῆς

2143 487 2250 556 ria,
2281 505 2409 562 quae
2457 507 2638 547 vacua
2673 490 2948 547 oneribus
2979 491 3049 546 ad
3089 489 3243 546 latus
3273 493 3645 548 oneratorum
3673 495 3795 550 tra-

377 578 654 652 σαγμάρια
709 577 768 652 ρ’.
824 577 995 648 Ὁμοῦ
1063 576 1126 630 τὸ
1183 579 1286 630 πᾶν
1350 574 1628 651 σαγμάρια
1712 575 1865 652 φπβ’.
1926 574 2031 630 Καὶ

373 668 440 722 τὰ
500 667 780 742 παρίππια
861 666 929 720 τὰ
1009 666 1433 739 κομπινευθέντσ
1493 665 1558 721 υ“.
1631 664 1885 738 Ἱππάρια
1940 664 2032 718 καὶ

375 757 691 832 παρασυρτᾶ
718 757 783 810 τὰ
835 749 1138 830 ἔμπροσθεν
1182 759 1280 808 τοῦ
1333 753 1602 828 βασιλέως
1635 757 2032 828 περιπατοῦντα

375 842 520 916 δεξιὰ
567 845 658 899 καὶ
707 843 981 917 εὐώνυμα,
1031 845 1174 916 ὁμοῦ
1229 844 1292 898 τὸ
1332 847 1434 898 πᾶν
1480 843 1712 917 ἱππάρια
1773 842 2031 914 μωλάρια

371 938 514 1000 απς“.
573 934 673 993 Καί
721 934 1031 1012 ἐστρωμένα
1079 933 1334 1010 σελλέρια
1394 933 1462 989 λ’.
1521 933 1625 991 Καὶ
1679 934 1778 988 ὅσα
1834 930 1892 987 ἂν
1942 930 2030 1006 ἔξ-

374 1023 603 1090 ἐλθωσιν
649 1026 756 1081 ἀπὸ
802 1032 902 1094 τῆς
951 1023 1168 1085 πόλεως
1217 1023 1306 1079 καὶ
1359 1022 1458 1078 ὅσα
1495 1021 1557 1078 ἃν
1600 1017 1742 1096 λαϐῃ
1777 1020 1865 1077 ἐπὶ
1896 1042 2030 1100 φοσ-

372 1117 536 1173 σάτου
585 1117 612 1170 6
671 1114 950 1192 βασιλεὺς,
998 1114 1206 1171 τούτων
1257 1115 1471 1169 πάντων
1516 1118 1623 1168 τῶν
1670 1112 1889 1189 ἀλόγων
1932 1112 2028 1172 τὰς

368 1207 540 1285 ταγᾶς
587 1201 1003 1280 παραλαμϐάνει
1053 1204 1111 1260 ἐκ
1155 1209 1257 1260 τοῦ
1306 1202 1746 1280 πρωτονοταρίου
1787 1204 1815 1257 6
1844 1201 2026 1276 κόμης

368 1301 466 1352 τοῦ
509 1291 750 1351 στάϐλου
796 1295 887 1350 καὶ
941 1295 969 1350 ὁ
1021 1292 1422 1370 χαρτουλάριος
1478 1293 1569 1348 καὶ
1626 1293 1654 1347 6
1710 1290 2022 1365 κελλάριος,

370 1386 461 1442 καὶ
517 1385 850 1460 χορηγοῦσιν
893 1383 971 1446 εἷς
1014 1384 1185 1439 πάντα
1231 1385 1296 1439 τὰ
1345 1381 1770 1456 κομπινευθέντα
1822 1379 2023 1456 ἄλογα.

373 1474 691 1551 Ταγίζονται
725 1471 782 1529 δὲ
810 1475 875 1527 τὰ
924 1472 1018 1546 μὲν
1055 1471 1332 1549 παρίππια
1386 1473 1477 1526 καὶ
1529 1473 1597 1526 τὰ
1652 1468 1905 1545 μωλαὶρια
1939 1468 2024 1524 δι-

375 1563 590 1638 τάγιον,
624 1563 691 1618 τα
723 1559 779 1617 δὲ
812 1561 1074 1637 σελλάρια
1105 1563 1404 1637 τριτᾶγιον.
1429 1562 1490 1618 Ὁ
1523 1558 1578 1616 δὲ
1608 1559 1859 1630 ἐπείκτης
1885 1579 2023 1634 παρ-

377 1654 583 1708 ίσταται
615 1653 690 1715 εἰς
718 1652 812 1715 τας
841 1653 1009 1729 ταγᾶς
1047 1656 1154 1706 τῶν
1199 1651 1388 1706 ’ίππων
1438 1653 1527 1709 καὶ
1574 1651 1648 1713 εἰς
1676 1651 1741 1706 τὰ
1773 1648 2024 1726 καλιγὼ-

371 1762 514 1816 ματα
552 1741 642 1796 καὶ
675 1743 751 1804 εἷς
780 1743 845 1796 τὰ
874 1741 1167 1815 καπίστρια
1188 1741 1279 1796 καὶ
1302 1740 1377 1802 εἷς
1398 1740 1464 1796 τὰ
1492 1741 1796 1814 σαγίσματα
1826 1739 1915 1793 καὶ
1950 1738 2026 1802 εἷς

2142 577 2367 634 buntur
2409 588 2462 636 et
2503 581 2806 645 incedunt,
2838 579 3252 636 substituenda
3284 579 3344 635 in
3371 579 3562 636 locum
3597 581 3796 654 exspi—

2143 669 2396 726 rantium
2439 675 2541 726 aut
2585 670 2985 727 aberrantium
3036 670 3538 741 aulugientiumve
3569 675 3626 726 et
3655 671 3792 728 aba-

2143 765 2393 828 ctorum,
2409 759 2630 831 accipin
2643 763 2821 831 ntque
2838 759 3086 815 diarium
3115 758 3314 814 hordei
3333 775 3598 829 pensum,
3616 776 3794 830 quan-

2141 847 2214 906 do
2238 849 2296 905 in
2319 849 2542 922 Syriam
2568 849 2857 905 invaditur
2889 851 3050 922 (sunt
3081 854 3273 905 autem
3303 865 3370 906 ea
3391 865 3632 906 nurnero
3664 867 3793 906 cen-

2139 941 2310 1010 tum),
2353 938 2660 994 conficitur
2704 955 2986 994 numerus
3015 939 3448 1010 sagmariorum
3490 939 3616 996 582.
3651 939 3792 996 Par-

2137 1026 2341 1099 hippia
2388 1029 2716 1084 combinata
2764 1028 3080 1085 conﬁciunt
3109 1029 3213 1084 400
3241 1045 3444 1101 equos,
3479 1030 3693 1102 quibus
3740 1029 3791 1085 si

2138 1117 2432 1174 addantur
2473 1117 2558 1174 illi
2588 1117 2742 1189 equi,
2777 1120 2877 1189 qui
2907 1119 3138 1174 duabus
3169 1120 3225 1174 in
3259 1119 3550 1190 seriebus,
3584 1121 3787 1176 dextra

2139 1205 2512 1276 sinistraque,
2581 1222 2778 1263 coram
2827 1207 3178 1278 imperatore
3246 1208 3582 1280 praecedunt
3630 1214 3790 1275 (sunt

2137 1299 2332 1352 autem
2390 1295 2476 1350 illi
2526 1311 2770 1353 numero
2822 1297 2971 1368 104),
3013 1297 3279 1354 conﬁunt
3334 1297 3394 1352 in
3447 1299 3787 1353 universum

2128 1385 2396 1456 jumenta
2425 1384 2584 1441 mille
2614 1384 2910 1457 octoginta
2948 1401 3084 1454 sex;
3119 1390 3176 1442 et
3205 1389 3386 1442 strata
3416 1385 3791 1458 insessuique

2135 1489 2368 1546 semper
2387 1474 2660 1545 adaptata
2690 1473 2926 1530 sellaria
2953 1474 3213 1547 triginta.
3247 1475 3465 1530 Horum
3496 1475 3784 1545 omnium,

2135 1570 2189 1620 et
2220 1567 2494 1635 praeterea
2522 1568 2810 1636 quotquot
2837 1565 3185 1620 accesserint
3215 1580 3284 1621 ex
3314 1563 3488 1632 Urbe,
3521 1569 3576 1620 et
3608 1569 3786 1637 quot-

2135 1660 2272 1724 quot
2297 1651 2617 1725 imperator
2636 1655 2892 1724 tempore
2912 1653 3111 1708 fossati
3136 1653 3532 1723 nanciscatur,
3555 1654 3785 1723 borum,

2134 1741 2397 1816 inquam,
2423 1741 2829 1812 jumentorum
2861 1742 3125 1798 omnium
3159 1759 3343 1815 pensa
3372 1743 3560 1799 diaria
3589 1760 3621 1798 a
3653 1759 3787 1815 pro-

367 1831 459 1886 τὸν
482 1830 672 1888 ποτόν.
697 1832 977 1905 Θεσπισμα
1009 1833 1118 1903 (75)
1159 1827 1217 1885 δὲ
1246 1830 1480 1909 ἀρχαῖον
1507 1830 1768 1904 τυγχάνει
1801 1827 2018 1904 βασιλι-

405 1920 419 1931 .
505 1917 530 1931 ..
719 1917 874 1931 ...ς
981 1914 1042 1931 ρ,
1415 1921 1598 1931 .._-.
1725 1920 1736 1931 .
1923 1917 1989 1931 ς.

2136 1831 2421 1888 tonotario
2463 1831 2612 1888 271
2648 1831 2940 1904 accipiunt
2977 1847 3176 1888 comes
3215 1831 3429 1888 stabuli
3470 1839 3524 1887 et
3554 1831 3787 1889 chartu-

366 1920 482 1987 κὸν,
505 1917 598 1975 ’ἕνα
633 1917 824 1992 μηδεῖς
857 1914 1112 1994 λαμϐάνῃ
1141 1921 1466 1998 χαριστικὴν
1492 1922 1627 1992 (76),
1662 1920 1799 1992 μήτε
1833 1917 2023 1990 μωλά-

375 2029 514 2086 ριον,
553 2011 691 2082 μήτε
736 2007 1058 2083 παρίππιον,
1107 2003 1236 2084 ἕχον
1287 2007 1578 2084 βασιλικὴν
1613 2003 2026 2085 σφραγῖδα,’ἰνα

374 2099 451 2172 μή
483 2099 868 2172 κατακοινωθῇ
899 2100 934 2168 ὴ
967 2096 1330 2173 προμοσὲλλα
1359 2098 1448 2152 καὶ
1481 2096 1779 2165 ἀπόληται.
1815 2097 1937 2152 Ἐὰν
1973 2093 2029 2150 δέ

370 2209 454 2250 τις
487 2188 678 2262 εὑρεθῇ
709 2192 958 2244 τοιοῦτον
990 2182 1160 2263 ἔχων,
1199 2187 1274 2249 ὡς
1305 2188 1549 2258 κλέπτης
1581 2183 2020 2256 καταδικάζεταιο

370 2275 430 2332 ἐκ
459 2274 516 2332 δὲ
561 2281 669 2332 τῶν
734 2279 811 2351 μή
869 2271 1040 2333 ὄντων
1101 2275 1321 2352 ἀλόγων
1366 2275 1839 2353 ἐσφραγισμένων,
1889 2276 2027 2332 ὅπου

370 2367 579 2422 κελεύει
612 2367 640 2421 6
676 2364 954 2443 βασιλεὺς,
987 2363 1227 2435 δίδωσιν,
1281 2364 1388 2422 εἴτε
1431 2368 1684 2431 ἑθνικοῖς,
1717 2366 1826 2423 εἷ’τε
1854 2368 2027 2442 πρόσ-

371 2456 544 2533 φυξιν,
595 2453 703 2510 εἷ’τε
753 2452 949 2518 ἄλλοις
991 2455 1154 2525 τισὶν⁹
1206 2457 1288 2516 οἷς
1336 2452 1546 2510 κελεύει
1593 2456 1683 2509 καὶ
1747 2454 2023 2530 βούλεται.

370 2546 834 2621 Ἐσφραγισμένον
899 2547 1000 2621 γὰρ
1059 2544 1386 2622 ἱππάριονῆ
1424 2546 1707 2622 μωλάριον
1762 2547 2024 2623 βασιλικῇ

373 2635 588 2714 βούφλῃ
648 2633 824 2692 οὐδενὶ
865 2633 1071 2691 δίδοται
1132 2635 1208 2700 εἷς
1255 2637 1602 2712 χαριστικήν.
1659 2634 1847 2707 ἐπειδὴ
1898 2639 2027 2715 γὰρ,

372 2721 462 2780 ὅτε
501 2725 727 2800 γηράσει
779 2723 868 2779 καὶ
909 2725 1263 2800 ἀνενέργητον
1313 2726 1449 2800 πρὸς
1503 2722 1820 2800 ὁδοιπορίαν
1866 2729 2030 2802 γενη-

375 2833 460 2867 ται
490 2811 784 2883 ταξειδίου,
828 2812 1090 2868 ἀλλάσσει
1130 2813 1262 2868 αὐτὸ
1310 2813 1388 2875 εἷς
1424 2814 1522 2883 τὴν
1573 2813 1864 2889 βασιλικὴν
1891 2837 2030 2890 προ-

377 2902 671 2976 μοσέλλαν.
734 2903 975 2978 Ὀφείλει
1035 2901 1092 2958 δὲ
1155 2903 1182 2958 6
1253 2905 1433 2977 κόμης
1490 2908 1587 2958 τοῦ
1644 2900 1885 2961 στάϐλου
1939 2910 2028 2963 καὶ

375 2993 403 3048 6
433 2990 839 3069 χαρτουλάριος
885 2994 1020 3067 μετᾶ
1060 2997 1166 3048 τῶν
1219 2992 1505 3072 ἀρχόντων
1549 2991 1722 3048 αὐτῶν
1764 2995 2029 3069 παρίστα-

374 3083 491 3136 σθαι
551 3081 627 3144 εἷς
686 3083 780 3145 τὰς
833 3079 1118 3158 βασιλικὰς
1167 3081 1488 3160 φορτώσεις,
1530 3079 1618 3136 ’ἕνα
1661 3079 1886 3138 ἕκαστον
1931 3105 2026 3139 σκ-

369 3170 606 3246 γμάριον
641 3173 876 3246 βαστάζῃ
930 3169 1136 3244 μοὸίων
1191 3173 1240 3244 η’
1289 3173 1582 3250 γομάριονο
1615 3171 1702 3227 καί
1733 3171 1793 3228 ἂν
1828 3171 2022 3247 εὕρωσι

2137 1920 2322 1976 larius
2344 1924 2401 1977 et
2423 1919 2712 1986 cellarius,
2735 1925 2793 1977 et
2812 1920 2948 1977 inde
2978 1921 3306 1978 attribuunt
3337 1936 3407 1976 ea
3436 1921 3786 1978 combinatis
3815 1920 3826 1928 ’

2129 2010 2440 2081 jumentis.
2465 2010 2534 2065 Et
2563 2010 2623 2066 in
2647 2009 2954 2082 parhippia
2982 2010 3220 2082 quidem
3253 2014 3427 2083 atque
3458 2009 3650 2066 mulos
3680 2009 3786 2066 im-

2138 2107 2375 2175 putatur
2395 2119 2640 2174 pensum
2660 2104 2985 2175 geminum.
3010 2103 3070 2159 in
3092 2102 3357 2158 sellarios
3376 2107 3568 2158 autem
3602 2118 3787 2172 equos

2137 2191 2403 2264 triplum.
2448 2192 2678 2262 Epictes
2718 2207 2851 2248 vero
2887 2191 2967 2262 [id
3018 2196 3107 2248 est
3136 2190 3468 2262 compulsor
3491 2195 3549 2246 et
3577 2206 3786 2261 cpera-

2139 2300 2265 2341 rum
2283 2283 2570 2356 regiarum
2597 2284 2942 2356 praefectus],
2966 2285 3162 2340 adstat
3181 2284 3533 2346 observator,
3553 2283 3784 2354 quando

2136 2373 2272 2446 equi
2303 2389 2486 2444 pensa
2514 2389 2622 2428 sua
2662 2372 2977 2444 accipiunt,
3011 2376 3068 2428 et
3097 2371 3308 2442 caligas
3339 2376 3398 2428 et
3435 2370 3691 2443 capistra
3727 2376 3786 2428 et

2136 2462 2430 2536 stragulas
2453 2466 2509 2518 et
2531 2466 2754 2534 potum.
2772 2461 2875 2517 Est
2891 2477 3062 2534 porro
3082 2466 3248 2518 vetus
3261 2461 3510 2517 edictum
3535 2461 3784 2532 regium,
3823 2461 3826 2464 ’

2138 2570 2210 2610 ne
2239 2554 2369 2625 quis
2419 2553 2477 2608 in
2529 2569 2746 2608 munus
2786 2552 3029 2624 accipiat
3060 2551 3285 2609 mulum
3317 2550 3779 2623 parhippiumve,

2137 2643 2287 2715 quod
2321 2639 2849 2713 habeatimperiale
2872 2640 3107 2712 signum
3139 2639 3518 2712 impressum,
3542 2655 3614 2694 ne
3647 2655 3783 2710 pro-

2141 2731 2381 2788 mosella
2411 2747 2514 2788 seu
2553 2731 2847 2802 equitatus
2893 2729 3133 2802 privatis
3163 2730 3412 2800 Augusti
3445 2728 3647 2784 usibus
3674 2727 3783 2783 de-

2138 2822 2391 2877 stinatus
2422 2821 2480 2875 in
2515 2819 2670 2890 vulgi
2698 2820 2868 2875 cedat
2897 2835 3037 2874 usus
3059 2818 3445 2890 promiscuos,
3469 2832 3648 2890 eaque
3689 2832 3785 2872 oc-

2139 2909 2373 2966 casione
2393 2908 2696 2964 minuatur
2724 2910 2780 2962 et
2802 2911 3016 2978 pereat.
3042 2905 3101 2962 Si
3125 2906 3258 2978 quis
3279 2906 3461 2978 igitur
3489 2905 3784 2975 signatum

2140 2997 2320 3054 armis
2350 2996 2754 3068 imperialibus
2778 2997 3114 3066 jumentum
3139 2996 3352 3050 habere
3383 2993 3786 3065 deprehenda-

2140 3090 2254 3154 tur,
2285 3085 2335 3141 is
2366 3090 2643 3156 tanquam
2673 3084 2763 3138 t‘ur
2783 3083 2842 3138 in
2868 3083 2968 3153 jus
2989 3091 3228 3139 vocatur
3257 3089 3312 3137 et
3342 3081 3674 3138 damnatur.
3707 3083 3786 3137 De

2141 3174 2352 3231 ceteris
2397 3173 2685 3244 jumentis
2731 3188 2846 3226 non
2906 3171 3151 3242 signatis
3189 3170 3432 3242 largitur
3476 3172 3788 3240 imperator

381 3225 422 3246 ΙΙ
491 3225 508 3246 l7
641 3225 730 3246 l'”
784 3225 876 3246 ⁷⁷1⁵
930 3225 1125 3244 ΙΠῨῨ⁷ἽῨ’
1200 3225 1223 3244 ⁷,
1303 3225 1463 3250 l't""|’
1512 3225 1549 3226 έν
1618 3225 1700 3227 7‘77
1739 3225 1783 3228 ’γ’
1833 3225 2022 3247 "t""'

367 3261 502 3316 κατᾶ
551 3261 651 3330 τήν
715 3258 837 3316 ὁδὸν
895 3260 1343 3341 ἑπιφορτώματα,
1409 3262 1670 3317 τύπτουσι
1738 3263 1867 3325 τοὺς
1922 3284 2018 3318 τε-

2136 3225 2898 3336 tamnexteris,
2931 3225 3108 3331 quam
3134 3225 3478 3329 Vtran‘slugis
3519 3225 3783 3330 aliisque,

362 3361 607 3415 θεικοτας
680 3351 746 3405 τὰ
819 3355 1061 3421 τοιαῦτα,
1146 3351 1238 3406 καὶ
1325 3353 1606 3426 ῥίπτουσιν
1690 3351 1843 3421 αὐτά,
1913 3355 2014 3410 Καὶ

363 3439 499 3513 μετὰ
553 3441 617 3495 τὸ
677 3441 1186 3511 ἀποκατασταθῆναι
1240 3441 1339 3510 τήν
1398 3447 1692 3516 κομπῖναν,
1751 3441 1894 3513 τότε,
1929 3441 2015 3497 ἐὰν

355 3527 567 3584 κελεύει
628 3530 656 3584 6
722 3529 979 3604 βασιλεὺς
1056 3535 1370 3606 περιπατεῖν
1445 3533 1543 3600 τήν
1624 3532 1748 3604 μίαν
1817 3531 2018 3606 κόρτην

361 3619 450 3672 καὶ
511 3617 604 3680 τὰς
657 3619 912 3690 ἡμισείας
975 3619 1182 3686 τέντας,
1259 3620 1372 3692 ἅμα
1444 3621 1534 3674 καὶ
1599 3626 1699 3689 τῆς
1763 3619 2018 3689 ἡμισείας

367 3704 659 3780 ὑπουργίας
699 3706 790 3760 καὶ
841 3706 1284 3780 προευτρεπίζειν
1328 3707 1396 3761 τά
1449 3705 1709 3782 βασιλικὰ
1739 3706 2016 3780 ἅπληκτα,

367 3792 574 3869 γίνεται
625 3791 815 3855 οὓτως.
878 3795 981 3850 Καὶ
1037 3791 1142 3855 ἕως
1200 3794 1261 3848 οὗ
1319 3795 1490 3867 ἒιωθῇ
1547 3799 1662 3856 τοῖς
1703 3794 2017 3868 θέμασιν,ἡ

366 3880 503 3951 αὖτὴ
540 3879 837 3946 ἆκολουθία
865 3880 1086 3956 γίνεται,
1118 3883 1208 3936 καὶ
1239 3884 1274 3952 ἡ
1304 3882 1449 3954 τάξις
1475 3889 1578 3951 τῆς
1608 3885 2020 3956 περιπατήσεως

370 3968 420 4026 ἐν
461 3975 530 4046 τῇ
564 3967 677 4044 ὁδῷ
725 3969 1052 4049 φυλάττεται
1103 3972 1240 4028 κατὰ
1283 3971 1375 4027 τὸν
1424 3973 1591 4027 τύπον
1633 3977 1730 4028 τοῦ
1775 3969 2022 4044 διακινή-

373 4080 560 4134 ματος.

2131 3353 2343 3425 quibus
2372 3350 2495 3407 vult
2541 3355 2599 3406 et
2626 3349 2752 3406 dari
2776 3349 2966 3422 jubet.
3002 3347 3142 3420 Equi
3175 3355 3370 3404 autem
3405 3353 3462 3404 et
3483 3347 3649 3416 muli,
3682 3363 3785 3403 auo

2124 3447 2300 3516 gusta
2319 3441 2532 3514 signati
2565 3440 2748 3506 bulla,
2774 3439 3017 3507 nemini,
3045 3443 3108 3494 ut
3129 3439 3346 3494 dictum
3367 3442 3476 3508 est,
3502 3455 3606 3510 pro
3631 3439 3784 3495 dono

2125 3531 2380 3604 gratuito
2411 3532 2643 3587 dantur.
2675 3533 2976 3586 Vetustate
3007 3532 3201 3584 autem
3223 3527 3502 3584 detritum
3535 3530 3592 3583 et
3620 3525 3784 3583 labo-

2128 3621 2285 3679 ribus
2309 3619 2530 3677 bellicis
2552 3619 2979 3691 itineribusque
3009 3617 3295 3674 obeundis
3323 3617 3586 3690 ineptum
3614 3633 3784 3689 porro

2128 3711 2344 3766 factum
2377 3709 2662 3781 quidquid
2699 3709 2893 3777 fuerit,
2920 3709 3000 3776 id,
3043 3707 3304 3763 suffectis
3336 3706 3395 3762 in
3419 3707 3548 3777 ejus
3589 3705 3783 3762 locum

2127 3798 2278 3862 aliis,
2314 3799 2693 3854 absconditur
2722 3797 2783 3853 in
2833 3796 3240 3868 promosellam
3291 3794 3650 3866 imperialem
3683 3810 3784 3850 seu

2129 3887 2549 3960 promtuarium
2598 3890 2656 3941 et
2695 3885 2957 3942 scholam
3002 3885 3156 3940 velut
3187 3887 3363 3955 atque
3395 3882 3782 3939 seminarium

2129 3975 2497 4034 sellariorum
2547 3973 2966 4046 imperialium.
3017 3973 3238 4027 Adesse
3297 3971 3511 4027 debent
3566 3969 3780 4028 stabuli

2129 4080 2323 4121 comes
2369 4069 2429 4120 et
2493 4061 2888 4119 cbartularius
2927 4076 3061 4116 cum
3113 4058 3340 4132 reliquo
3397 4059 3590 4116 ofﬁcio
3652 4074 3780 4137 suo,

363 4152 594 4224 quando
648 4152 816 4225 regiae
874 4153 1119 4210 sarcinae
1167 4153 1452 4226 jumentis
1500 4153 1907 4226 imponuntur,
1941 4158 2000 4211 et
2056 4154 2409 4227 prospicere,
2441 4157 2508 4210 ut
2538 4151 2897 4224 sagmarium
2955 4151 3418 4221 unumquodque
3447 4151 3780 4219 competens

363 4256 536 4296 suum
568 4256 734 4309 onus,
771 4242 944 4316 quale
974 4243 1198 4300 scilicet
1225 4247 1355 4300 octo
1401 4243 1676 4299 frumenti
1727 4244 1954 4300 modios
1983 4249 2197 4317 aequat.
2249 4242 2513 4316 accipiat.
2553 4242 2817 4298 Potestas
2876 4239 2991 4296 illis
3039 4241 3143 4306 est,
3201 4238 3250 4294 si
3281 4238 3412 4311 ipsa
3467 4237 3526 4291 in
3556 4235 3648 4293 via
3677 4235 3780 4292 de-

356 4330 720 4402 prehendant
759 4333 1101 4403 jumentum
1156 4349 1338 4389 unum
1379 4333 1704 4389 alterumve
1751 4339 2238 4406 superoneratum
2285 4350 2436 4402 esse,
2475 4332 2606 4390 illos
2651 4331 2901 4387 fustibus
2959 4327 3238 4399 caedendi,
3269 4327 3370 4401 qui
3415 4327 3576 4383 oneri
3629 4342 3778 4398 pris-

359 4418 576 4491 scripto
610 4419 739 4491 plus
769 4423 1106 4494 adjecerint,
1138 4427 1194 4480 et
1222 4423 1350 4496 ipsa
1392 4422 1766 4496 superaddita
1796 4439 1975 4480 onera
2003 4424 2336 4496 dejiciendi.
2370 4423 2442 4480 Ut
2471 4421 2934 4480 combinationes
2956 4420 3364 4492 jumentorum
3398 4416 3636 4474 tandem
3669 4415 3779 4472 rite

359 4506 593 4566 fuerunt
622 4510 871 4568 reductis
895 4513 1001 4585 [sc.
1032 4529 1064 4570 e
1094 4513 1372 4587 pascuis],
1408 4513 1670 4586 precipit
1698 4512 2032 4586 imperator,
2065 4515 2114 4570 si
2145 4513 2252 4586 ipsi
2279 4513 2487 4586 placet,
2520 4512 2858 4568 alterutram
2891 4515 3108 4568 cortem
3131 4512 3188 4566 et
3217 4507 3520 4564 dimidiam
3555 4513 3773 4579 partem

358 4603 649 4657 tantarum
708 4608 885 4674 atque
944 4603 1254 4662 ministerii
1307 4604 1589 4661 culinaria
1651 4605 1970 4677 praecedere
2027 4609 2086 4661 et
2142 4609 2277 4661 ante
2335 4605 2650 4660 adventum
2698 4617 2870 4659 suum
2913 4603 3070 4674 regia
3110 4599 3399 4673 applicata
3429 4611 3772 4669 praeparare.

360 4687 430 4744 Et
489 4689 674 4747 donec
716 4708 844 4750 sese
896 4693 1235 4765 adjunxerit
1265 4693 1628 4751 thematibus
1669 4710 1771 4750 seu
1831 4694 2158 4766 pervenerit
2212 4695 2284 4750 ad
2344 4693 2625 4766 legiones,
2692 4693 3035 4749 observatur
3089 4691 3246 4746 idem
3309 4694 3476 4746 tenor
3527 4691 3585 4744 et
3631 4686 3774 4744 ordo

364 4781 760 4852 processionis
787 4783 849 4840 in
881 4784 1088 4842 itinere
1110 4787 1430 4843 secundum
1464 4788 1711 4844 formam
1739 4792 2074 4842 consuetam
2105 4791 2302 4858 notus,
2333 4786 2390 4842 id
2422 4790 2512 4842 est
2541 4784 2929 4857 expeditionis
2959 4782 3198 4839 bellicae.

901 4876 1028 4951 Περὶ
1061 4880 1167 4932 τῶν
1199 4875 1483 4952 κερκὲτων.

440 4960 660 5030 Ἰστέον,
720 4964 825 5032 ὅτι,
884 4964 972 5019 ὅτε
1039 4967 1339 5040 κερκετεύει
1399 4967 1426 5021 6
1481 4962 1840 5042 δρουγγάριος
1914 4967 2014 5030 τῆς

365 5045 571 5122 βίγλης
627 5049 721 5113 τὰς
771 5051 1021 5126 ἑσπέρας,
1099 5051 1368 5128 λαμϐάνει
1445 5051 1670 5133 φατλίον
1743 5052 1848 5108 ἀπὸ
1911 5056 2014 5108 τοῦ

355 5134 588 5208 εἷ’δικοῦ,
644 5141 731 5196 καὶ
782 5141 838 5196 οἱ
871 5150 914 5216 ρ’
978 5145 1298 5222 σχολάριοι,
1359 5146 1450 5208 οὕς
1492 5141 1631 5220 ἔχει,
1663 5147 1882 5200 ποιοῦσι
1912 5144 2011 5213 τήν

2436 4881 2519 4934 De
2555 4876 2902 4934 circitoribus
2930 4880 2981 4932 et
3009 4873 3452 4931 circitatz'onibu:

2189 4966 2432 5031 Quando
2459 4965 3052 5037 circitatdrungarius
3071 4963 3279 5036 vigilia:
3319 4960 3770 5036 singulisvespe-

2127 5055 2418 5124 ris,sumit
2431 5055 2504 5112 ab
2517 5055 2669 5112 idico
2684 5054 2912 5112 fatlium
2927 5071 3026 5112 seu
3043 5069 3271 5112 cereum
3288 5050 3764 5115 unum.Centum,

2125 5161 2269 5218 quos
2300 5145 2396 5202 ille
2425 5145 2536 5203 sub
2564 5161 2628 5202 se
2666 5145 2864 5217 habet,
2896 5145 3168 5204 scholarii
3200 5142 3420 5201 faciunt
3449 5141 3629 5197 ﬂnam
3660 5153 3762 5196 seu

1381 5325 1577 5383 JOAN.
1618 5325 1762 5384 JAC.
1808 5325 2073 5384 REISKII
2113 5324 2694 5384 COMMENTARIUS.

425 5499 537 5571 (75)
588 5500 660 5557 Ut
707 5499 906 5556 divina
960 5500 1158 5556 omnia
1212 5503 1377 5556 erant
1427 5499 1870 5571 imperatorum,
1928 5497 2008 5554 ita

354 5568 618 5643 quoque
662 5573 957 5642 mandata,
1001 5571 1192 5628 edicta
1248 5579 1408 5627 erant
1457 5568 1818 5643 (θεσπίσματα,
1876 5585 2005 5643 ora-

357 5641 539 5769 gilii;
569 5642 688 5700 vid.
739 5643 999 5717 Theopb.
1033 5661 1089 5717 p.
1135 5644 1226 5711 22,
1257 5643 1328 5699 80
1357 5648 1414 5701 et
1463 5643 1551 5713 86,
1585 5641 1663 5701 ut
1696 5642 1840 5700 alios
1868 5641 2004 5699 mit-

2185 5498 2299 5571 (76)
2332 5500 2421 5578 ita
2470 5499 2857 5578 membranae:
2887 5498 3002 5578 Sed_
3035 5498 3250 5578 rectius
3281 5498 3608 5578 χαριστικην
3628 5512 3758 5578 _pro

2118 5567 2485 5699 χῖςιεάτέκιον,
2518 5571 2632 5628 υἱεῖ
2657 5571 2800 5628 forte
2830 5567 3035 5644 δωρεάν
3069 5569 3259 5643 priore
3285 5567 3520 5628 'i'n'casu
3552 5567 3755 5625 subin-

2118 5651 2172 5699 te
2223 5658 2316 5699 iga
2349 5659 2438 5699 ur.

2116 5651 2172 5700 te

2223 5644 2438 5716 igatur.
