4060 6214
337 384 457 448 929

950 385 1051 447 DE
1094 385 1565 450 CEBIMONIIS
1613 386 1850 451 AULE
1894 387 2376 453 BYZANTINIE
2420 393 2566 454 LIB.
2615 391 2662 453 Ι.
2715 424 2790 437 —-
2837 391 3172 455 APPEND.

3623 395 3744 460 930

329 535 497 603 μητες
547 520 649 584 τῆς
703 515 928 589 κόρτης,
985 516 1077 572 καὶ
1133 515 1469 594 παρέχουσιν
1534 517 1834 597 ἄγγαρίδια
1897 523 1976 594 τῷ

2095 522 2338 587 Quando
2371 525 2430 583 in
2481 527 2707 585 deserta
2754 529 3158 600 penetraverit,
3206 527 3501 601 accipiunt
3544 530 3742 603 quavis

328 602 678 681 δρουγγαρίῳ
731 611 832 674 τῆς
893 603 1091 680 βίγλης
1148 606 1224 669 εἰς
1253 608 1355 662 τασ
1382 606 1670 683 βασιλικάς
1703 605 1976 674 δουλείας.

321 695 445 749 Ὅτε
476 693 535 749 δὶ
595 695 832 769 ὑπάρχει
864 695 893 748 6
951 691 1311 772 δρουγγάριος
1363 695 1444 759 εἲς
1507 695 1799 772 βασιλιγήν
1851 694 1980 752 δου-

325 782 500 849 λείαν,
549 781 897 859 ἐκπροσωπεῖ
953 783 1117 840 αύτὸτ
1175 785 1204 840 6
1273 783 1544 847 ἱκανᾶτος.
1578 789 1709 844 Ὅτε
1748 783 1807 841 δὲ
1846 786 1978 842 ἀπο-

326 867 470 945 ϐάλῃ
538 872 566 927 ὁ
635 870 890 948 βασιλεὺς
958 872 1035 936 εἷς
1088 874 1184 936 τάς
1241 873 1508 948 ἐρήμους,
1569 875 1687 931 οῧτι
1734 877 1768 945 ἡ
1803 875 1972 949 κόρτη

325 955 730 1035 προλαμϐάνει,
781 958 905 1018 οὔτε
976 963 1043 1018 τὰ
1121 962 1382 1038 βασιλικά
1443 965 1758 1041 πράγματα,
1849 965 1976 1022 οὕτε

325 1046 501 1104 ἄλλου
529 1050 674 1114 τινὸς
727 1048 1052 1121 οἱονδήποτε
1090 1057 1335 1129 πρᾶγμα,
1388 1053 1535 1122 πλὴν
1569 1054 1665 1114 οὕς
1696 1050 1814 1128 ἔχει
1845 1051 1973 1130 ὁρί-

331 1159 438 1193 σειν
489 1140 516 1195 6
569 1136 933 1216 δρουγγάριος
988 1147 1091 1210 τῆς
1131 1141 1332 1216 βίγλης
1362 1142 1472 1198 ἀπὸ
1501 1143 1845 1217 προστάξεως
1875 1146 1973 1199 τοῦ

330 1228 601 1306 βασιλέως
651 1231 710 1286 ἐκ
763 1235 873 1287 τῶν
932 1233 1202 1307 θεμάτων,
1245 1233 1688 1312 προφυλάττουσι
1727 1235 1817 1290 καὶ
1875 1255 1973 1290 πε-

330 1318 640 1393 ριπατοῦσιν
699 1319 1003 1395 ἔμπροσθεν
1047 1327 1144 1378 τοῦ
1196 1320 1467 1398 βασιλέως
1507 1324 1583 1388 ὡς
1629 1323 1735 1379 ἀπὸ
1770 1321 1971 1398 μιλίων

329 1405 422 1464 δύο
481 1409 696 1483 ἀκρίται
745 1412 859 1482 (98)
889 1411 960 1489 φ’,
992 1408 1182 1484 ἄνδρες
1221 1410 1731 1486 ἐξωπλισμένοι,καί
1782 1410 1966 1486 ἕτερον

326 1501 484 1573 θὲμα,
517 1501 633 1555 οἶον
689 1499 880 1575 ὁρίσει,
933 1498 1024 1556 ἵνα
1070 1501 1170 1557 ὦσι
1228 1501 1673 1580 πλαγιοφύλακες
1728 1503 1802 1565 ὡς
1861 1503 1967 1558 ἀπὸ

328 1587 696 1662 διαστήματος
741 1594 838 1646 τοῦ
897 1588 1169 1666 βασιλέως
1240 1591 1440 1665 μιλίων
1497 1590 1619 1661 δύο,
1668 1592 1756 1647 καὶ
1811 1592 1969 1668 ἓτερα

328 1673 422 1732 δύο
471 1678 697 1751 θέματα,
755 1679 845 1734 οἶα
899 1679 1070 1755 ὁρίσει
1121 1681 1150 1735 6
1208 1678 1574 1758 δρουγγάριος
1630 1688 1730 1751 τῆς
1764 1680 1964 1756 βίγλης

323 1765 382 1822 ἇκ
436 1769 776 1841 προστάξεως
815 1771 910 1823 αοῦ
967 1767 1254 1844 βαςιλέως,
1300 1767 1392 1824 ’ἱνα
1457 1769 1589 1824 ὦσιν
1675 1769 1968 1849 ὀπισθοφύ-

2086 613 2180 683 die
2209 612 2513 673 Dominica
2535 618 2956 689 majumam,et
2973 617 3192 690 singuli
3218 618 3452 691 singula
3483 619 3738 676 miliare-

2087 701 2194 758 sia.
2254 705 2363 770 Qui
2421 707 2491 762 ad
2553 707 2733 763 finam
2813 723 2915 763 seu
2991 708 3317 763 custodiam
3378 715 3740 764 castrensem

2083 801 2394 865 utramque
2426 796 2742 866 pertinent,
2762 796 3102 853 interiorem
3128 807 3265 868 puta
3287 802 3344 852 et
3373 795 3738 866 exteriorem,

2083 880 2354 936 scholarii
2385 885 2548 951 (nam
2581 899 2651 940 ex
2683 899 2796 952 quo
2827 883 3150 955 imperator
3171 884 3230 940 in
3263 884 3489 956 Syriam
3523 890 3740 954 movet,

2088 968 2278 1026 ambit
2305 976 2526 1027 cortem
2564 972 2782 1044 regiam
2818 988 2932 1028 non
2976 972 3106 1044 jam
3139 973 3412 1045 simplex,
3468 982 3528 1029 ut
3571 972 3739 1040 alias,

2080 1057 2180 1112 sed
2215 1059 2444 1128 gemina
2473 1059 2897 1116 scholariorum
2934 1059 3178 1133 vigilia),
3211 1061 3269 1116 hi
3293 1077 3430 1133 ergo
3462 1061 3758 1118 scholarii'

2082 1145 2382 1218 accipiunt
2410 1152 2629 1222 pariter
2657 1149 2883 1222 singuli
2915 1149 3145 1220 singula
3177 1149 3513 1206 miliaresia.
3546 1150 3736 1206 Etiam

2079 1237 2384 1294 archontes
2419 1253 2520 1294 seu
2554 1241 2730 1294 duces
2779 1239 3085 1304 militares,
3119 1243 3401 1312 quotquot
3444 1238 3600 1294 circa
3629 1239 3741 1294 im-

2079 1330 2407 1396 peratorem
2431 1331 2763 1396 versantur,
2786 1327 3081 1399 accipiunt
3114 1343 3371 1398 persaepe
3400 1326 3737 1400 largitiones

2078 1413 2137 1469 in
2184 1414 2544 1482 miliaresiis,
2593 1416 2644 1473 si
2694 1416 2937 1472 libuerit
2989 1416 3330 1488 imperatori
3392 1416 3739 1472 beneﬁcium

2077 1503 2195 1574 illis
2224 1510 2282 1560 et
2311 1504 2810 1576 gratificationem
2843 1511 3138 1575 praestare.
3185 1504 3476 1576 Majorum
3506 1503 3740 1576 quidem

2077 1593 2350 1649 ordinum
2395 1599 2666 1664 rectores,
2717 1595 2835 1650 sive
2884 1595 2953 1649 ad
2998 1599 3280 1665 tagmata,
3322 1595 3444 1648 sive
3484 1593 3558 1648 ad
3609 1592 3736 1648 the-

2079 1689 2236 1737 mata
2268 1683 2624 1754 pertineant.
2655 1683 2866 1738 debent
2888 1697 2954 1738 eo
2977 1699 3133 1748 casu,
3159 1682 3207 1737 si
3234 1697 3444 1754 nempe
3462 1697 3738 1737 numma-

2078 1773 2233 1827 rium
2264 1778 2354 1828 est
2411 1773 2786 1842 beneficium,
2838 1773 3100 1844 accipere
3149 1772 3364 1828 viritim
3419 1770 3736 1828 miliaresia

324 1853 510 1918 λακες,
572 1857 669 1913 Καὶ
731 1855 1066 1913 ὑπαλλάσσει
1145 1859 1274 1921 τούς
1360 1858 1698 1936 ἀμφοτέρους
1774 1861 1968 1935 ἑκάστῃ

2089 1862 2248 1928 bina,
2278 1867 2380 1918 aut
2410 1869 2596 1929 terna,
2629 1863 2749 1918 imo
2770 1868 2829 1918 et
2859 1869 3164 1934 quaterna,
3187 1861 3386 1917 habita
3417 1877 3626 1931 nempe
3648 1877 3738 1916 ra-

327 1948 528 2021 ἡμέρᾳ.
607 1947 710 2004 Καὶ
793 1942 1215 2021 παραλαμϐάνει
1299 1949 1326 2003 6
1415 1945 1777 2026 δρουγγάριος
1850 1949 1980 2010 τοὺς

329 2036 578 2109 κόμητας
619 2043 717 2105 τῆς
774 2037 978 2110 κόρτης
1022 2041 1128 2091 τῶν
1172 2037 1444 2110 θεμάτων,
1487 2039 1578 2093 καὶ
1637 2036 1754 2117 ἔχει
1786 2038 1980 2100 αὐτοὺς

330 2124 407 2188 εἷς
429 2126 750 2200 παραμονὴν
779 2129 875 2180 τοῦ
918 2123 1189 2200 βασιλέως
1231 2126 1306 2187 εἰς
1335 2128 1400 2182 τὸ
1431 2129 1598 2182 θεῖναι
1627 2130 1727 2196 τήν
1777 2129 1979 2200 κόρτην

329 2214 421 2271 καί
448 2214 524 2276 εἷς
554 2215 617 2270 τὸ
649 2213 801 2290 ῥίψαι
835 2215 969 2288 μετὰ
998 2219 1108 2270 τῶν
1132 2217 1512 2290 κορτιναρίων,
1563 2217 1660 2272 Διᾶ
1689 2221 1848 2272 τοῦτο
1877 2217 1980 2291 γάρ

327 2303 418 2359 καὶ
465 2301 763 2359 καλοῦνται
815 2299 1060 2377 κόμητες
1123 2311 1225 2374 τῆς
1280 2305 1502 2382 κόρτης.
1540 2306 1649 2362 Καὶ
1701 2305 1792 2362 ὅτε
1835 2305 1978 2362 θέλει

329 2396 674 2470 κερκετεῦσαι
728 2393 757 2448 6
813 2390 1174 2470 ὃρουγγάριος
1232 2395 1299 2450 τὰ
1355 2395 1582 2468 θὲματα,
1644 2396 1816 2472 ἤγουν
1845 2395 1982 2451 κατὰ

329 2484 514 2553 νύκτα,
572 2478 689 2558 ἔχει
728 2484 845 2556 μεθ’
904 2483 1101 2539 ἑαυτοῦ
1145 2485 1277 2547 τοὺς
1334 2484 1532 2550 αὐτοὺς
1587 2485 1835 2558 κόμη-,τας
1877 2493 1980 2557 τῆς

326 2574 528 2648 κόρτης
576 2578 685 2627 τῶν
754 2573 1001 2646 θεμάτων
1050 2575 1139 2628 καὶ
1207 2571 1550 2650 μανδάτορας
1606 2575 1696 2630 καὶ
1749 2573 1845 2630 δύο
1886 2596 1982 2653 φας

324 2662 452 2718 τλία
499 2662 605 2717 ἀπὸ
654 2667 753 2718 τοῦ
824 2660 1115 2736 βασιλικοῦ
1201 2664 1532 2739 βεστιαρίου,
1585 2665 1673 2719 καὶ
1760 2684 1978 2740 περιγυ-

328 2751 468 2828 ρεύει
525 2753 592 2808 τά
636 2750 863 2827 θέματα,
911 2753 1002 2807 καὶ
1066 2759 1260 2827 θεωρεῖ
1322 2753 1417 2816 τὰς
1483 2752 1823 2829 πεδητούρας
1888 2755 1977 2810 καὶ

327 2843 393 2896 τά
448 2836 767 2918 ὲξωὸίγλια,
825 2842 916 2897 καὶ
975 2844 1034 2896 ἂν
1095 2843 1227 2917 εὕρῃ
1283 2845 1430 2906 τινας
1500 2848 1608 2898 τῶν
1690 2843 1978 2920 ἀρχόντων

330 2929 668 3004 ἀμελοῦντας
694 2929 753 2984 ἐκ
779 2933 888 2986 τῶν
934 2930 1202 3003 μενόντων
1235 2929 1310 2992 εἰς
1342 2931 1442 2999 τὴν
1501 2927 1841 3002 πεδητούραν
1890 2931 1978 2986 καὶ

330 3020 410 3083 εἰς
440 3021 506 3076 τὰ
565 3015 882 3095 ἐξωϐίγλια,
915 3018 1006 3074 καὶ
1066 3018 1172 3074 ἀπὸ
1207 3020 1303 3093 μὶν
1353 3023 1724 3094 τουρμαρχῶν
1761 3019 1851 3074 καὶ
1881 3040 1978 3074 κα-

330 3109 555 3184 τωτέρω
609 3109 797 3165 τύπτει
857 3108 1058 3171 αὐτοὺς
1110 3108 1375 3184 ἰσχυρῶς,
1435 3107 1524 3162 καὶ
1582 3109 1761 3174 καθὼς
1817 3109 1976 3184 εὕρῃ-

334 3196 662 3272 ἆναγγὲλλει
708 3203 788 3270 τῷ
849 3198 1082 3274 βασιλεῖ.
1144 3198 1206 3255 Ὀ
1263 3195 1321 3253 6's
1383 3199 1822 3274 πρωτοστράτωρ
1881 3203 1978 3254 τοῦ

2091 1952 2248 2006 tione
2277 1967 2502 2021 eorum,
2534 1952 2752 2024 quibus
2780 1952 3016 2007 dantur.
3045 1950 3241 2023 Neque
3272 1950 3382 2022 ipsi
3408 1956 3635 2006 tantum
3669 1964 3736 2006 eo

2090 2039 2374 2097 beneﬁcio
2410 2042 2708 2109 fruuntur,
2741 2043 2837 2097 sed
2892 2041 3071 2096 etiam
3114 2057 3227 2112 quo
3258 2045 3516 2111 tempore
3547 2037 3736 2111 gravis

2091 2128 2356 2199 supellex
2388 2130 2445 2184 in
2482 2128 2775 2185 hosticum
2828 2129 3184 2198 immittitur,
3222 2135 3512 2200 quotquot
3542 2127 3736 2199 magi-

2090 2223 2348 2273 strorum
2384 2217 2722 2274 militarium
2754 2218 2931 2290 regiis
2963 2221 3247 2274 vehuntur
3271 2218 3440 2289 equis
3465 2225 3519 2273 et
3561 2216 3737 2288 regiis

2091 2311 2343 2363 utuntur
2370 2308 2704 2380 sagmariis,
2737 2307 2947 2363 horum
3000 2307 3102 2362 illa
3148 2307 3273 2377 ipsa
3317 2321 3548 2378 quoque
3579 2303 3738 2377 regia

2091 2396 2369 2452 animalia
2399 2397 2611 2452 debent
2641 2402 2778 2453 tunc
2810 2397 3069 2468 accipere
3098 2396 3296 2452 hordei
3331 2395 3553 2452 modios
3583 2411 3737 2466 qua-

2088 2489 2287 2542 ternos
2318 2487 2376 2540 in
2401 2501 2650 2558 pensum
2683 2485 2959 2541 diarium.
3013 2486 3303 2556 Quotquot
3333 2491 3471 2540 sunt
3500 2482 3736 2540 sellaria

2091 2572 2247 2628 nuda
2271 2589 2372 2629 seu
2405 2574 2540 2646 equi
2573 2574 2917 2646 equitationi
2975 2573 3214 2645 quidem
3266 2572 3568 2637 destinati,
3594 2577 3736 2626 tunc

2089 2666 2281 2718 tamen
2306 2661 2581 2734 ephippia
2605 2679 2719 2718 non
2739 2662 3010 2718 instructi
3043 2677 3231 2733 neque
3252 2661 3506 2717 insessui
3524 2658 3734 2732 parati,

2089 2749 2148 2806 hi
2181 2751 2292 2807 sub
2324 2751 2598 2822 stragulis
2648 2768 2714 2808 eo
2745 2757 3007 2823 tempore
3037 2751 3206 2807 debet
3236 2760 3477 2806 octonos
3508 2749 3734 2806 modios

2089 2838 2288 2895 hordei
2323 2845 2552 2911 portare
2577 2865 2591 2904 ς
2615 2845 2898 2912 quotquot
2926 2845 3120 2895 autem
3147 2854 3343 2894 comes
3373 2836 3590 2894 stabuli
3625 2835 3734 2892 sub

2089 2943 2151 2984 se
2183 2928 2357 2984 habet
2385 2931 2545 3000 regia
2577 2929 2885 3002 parhippia
2931 2933 2990 2984 et
3031 2928 3346 3000 sagmaria,
3389 2926 3492 2983 illa
3533 2928 3739 2983 onerat

2089 3017 2256 3073 denis
2280 3017 2492 3073 modiis
2515 3019 2737 3074 hordei.
2760 3017 3066 3073 Prmlectus
3090 3033 3304 3073 mensa:
3325 3017 3499 3072 debet
3523 3015 3738 3072 habere

2089 3109 2398 3161 excusatus
2445 3121 2476 3160 e
2522 3107 2777 3161 themate
2823 3105 3028 3177 opsicii
3073 3115 3129 3160 et
3179 3104 3412 3174 quidem
3452 3119 3484 3160 e
3525 3101 3736 3175 praedio

2091 3193 2430 3250 Tembrium
2453 3195 2630 3260 dicto,
2651 3194 2878 3250 retibus
2904 3195 3246 3261 instructos,
3273 3197 3336 3247 ut
3352 3193 3539 3264 pisces
3569 3208 3600 3247 e
3629 3190 3734 3246 ﬂu-

338 3287 612 3363 βασιλέως
676 3290 810 3362 μετὰ
865 3290 955 3344 καὶ
1033 3288 1344 3363 στρατόρῶν
1426 3293 1594 3364 τριῶν
1679 3287 1976 3364 βασιλικῶν

2092 3284 2204 3340 viis
2225 3285 2437 3340 deserti
2461 3283 2710 3356 capiant.
2743 3280 3418 3354 Quandiuimperatorin
3449 3279 3737 3337 Romanis

332 3378 446 3451 ἅμα
497 3381 576 3450 τῷ
625 3377 830 3452 κόμητι
885 3382 981 3434 τοῦ
1040 3376 1279 3434 στάϐλου
1317 3377 1408 3434 καὶ
1474 3376 1647 3453 τρισὶν
1697 3377 1982 3453 ἱππαρίοις

327 3469 693 3542 ἐστρωμένοις
741 3472 963 3523 ποιοῦσι
1019 3467 1377 3543 παραμόνιμα
1435 3468 1654 3522 ὄπισθεν
1730 3472 1828 3523 τοῦ
1880 3468 1979 3542 βα-

330 3555 544 3612 σιλικοῦ
611 3556 820 3632 πύργου
873 3559 1006 3629 (99),
1063 3553 1170 3620 ἕως
1209 3557 1271 3612 οὗ
1324 3551 1458 3630 ἐκϐῇ
1491 3557 1519 3611 6
1567 3555 1820 3632 βασιλεὺς
1874 3557 1978 3611 ἀπὸ

330 3647 553 3721 Συρίας.
602 3649 680 3703 Τά
732 3643 789 3701 δὲ
841 3647 1080 3719 ἱππάρια
1121 3647 1189 3701 τά
1235 3641 1590 3722 σεσαγισμένα
1645 3647 1738 3701 καὶ
1809 3667 1980 3720 παρα-

331 3735 599 3807 συρόμενα
657 3733 838 3790 οὐκέτι
868 3739 1262 3808 ποριπατοῦσιν
1319 3731 1644 3808 ἔμπροσθεν,
1675 3733 1806 3789 ἀλλ’
1837 3734 1979 3790 ὅπου

330 3821 473 3878 ἐστὶν
522 3825 556 3892 ἠ
615 3820 975 3897 προμοσέλλα
1026 3825 1062 3893 ἡ
1149 3821 1432 3897 βασιλικὴ,
1490 3821 1602 3877 ἐκεῖ
1689 3823 1979 3896 βόσκονται

333 3916 470 3988 μετᾶ
523 3919 630 3970 τῶν
681 3913 911 3977 λοιπῶν,
966 3915 1057 3970 καὶ
1107 3913 1356 3988 ἐπιτήρεῖ
1417 3915 1554 3969 αὐτὰ
1612 3914 1640 3968 6
1694 3912 1980 3988 βασιλικὸς

331 3999 746 4078 σταϐλοκέμης,
805 4009 976 4060 ποιῶν
1045 4004 1146 4073 τήν
1187 4004 1445 4079 πρόνοιαν
1500 4003 1700 4060 αὐτῶν.
1740 4009 1867 4060 Ὂτε
1925 4001 1983 4058 δὶ

331 4093 608 4165 ἀπόληται
651 4098 722 4166 (1)
773 4093 834 4150 ἐκ
887 4097 983 4149 τοῦ
1046 4093 1183 4150 λαοῦ
1249 4089 1578 4164 οἱονδήποτε
1650 4098 1894 4168 πρᾶγμα,
1953 4094 1982 4148 6

333 4181 578 4253 εύσηκὼς
638 4185 788 4259 φέρει
847 4182 999 4254 αὐτὸ,
1032 4183 1122 4238 καὶ
1155 4179 1346 4237 δίδωσι
1376 4185 1456 4254 τῷ
1501 4179 1849 4258 δρουγγαρίῳ
1881 4187 1982 4251 τῆς

337 4270 561 4347 βίγλης,
594 4274 682 4328 καὶ
741 4277 769 4329 6
798 4271 1070 4334 ἆπολὲσας
1127 4269 1348 4351 ἔρχεται
1385 4271 1522 4345 πρὸς
1569 4271 1661 4326 τὸν
1714 4267 1982 4346 δρουγγά-

345 4381 484 4434 ριον,
516 4361 606 4416 καὶ
657 4357 925 4434 λαμϐάνει
965 4363 1027 4417 τὸ
1061 4358 1197 4417 ἰδιον
1231 4361 1496 4437 εὐχερῶς.
1532 4360 1624 4423 Εἰς
1657 4358 1714 4416 δὲ
1757 4360 1784 4414 6
1815 4359 1981 4435 εὑρη-

340 4453 448 4513 κὼς
512 4452 575 4508 τὸ
627 4457 851 4529 πρᾶγμα
917 4453 1216 4528 ἀποκρύψει
1277 4452 1408 4508 αὑτὸ
1457 4451 1547 4507 καὶ
1606 4452 1690 4507 ἐπ’
1736 4449 1984 4526 ἐσχάτων

341 4539 548 4614 εὑρεθῇ,
606 4542 682 4605 ὡς
752 4539 994 4612 κλέπτης
1057 4539 1494 4612 καταδικάζεται.
1572 4541 1794 4611 Ἰστέον,
1875 4538 1982 4609 ὅτι,

2091 3382 2202 3440 est,
2231 3374 2444 3430 debent
2492 3374 2551 3429 in
2606 3388 2959 3445 unoquoque
3007 3371 3264 3428 themate
3311 3386 3412 3426 seu
3443 3369 3734 3435 districta,

2090 3465 2190 3535 qui
2213 3463 2501 3535 cujusque
2522 3467 2684 3528 sunt,
2700 3463 3075 3534 protonotarii
3101 3461 3315 3516 servire
3336 3467 3391 3515 et
3411 3457 3737 3515 necessaria

2089 3554 2548 3610 subministrare.
2581 3552 2803 3609 Pariter
2831 3567 3068 3624 quoque
3106 3550 3257 3607 282
3288 3549 3532 3606 comites
3560 3547 3738 3605 cortis

2089 3649 2367 3715 praestant
2413 3644 2714 3716 angaridia
2753 3659 2854 3699 seu
2897 3644 3156 3713 jumeota
3203 3642 3480 3698 coacticia
3528 3654 3737 3695 cursus

2089 3733 2307 3806 publici
2362 3751 2462 3805 pro
2513 3750 2652 3789 casu
2700 3733 3065 3790 necessitatis
3119 3731 3377 3802 urgentis
3422 3728 3737 3800 drungario

2089 3823 2320 3894 vigiliae,
2352 3823 2656 3894 quandois
2679 3823 2900 3879 regium
2925 3821 3163 3892 aliquod
3195 3819 3540 3875 mandatum
3571 3833 3740 3889 expe-

2092 3911 2278 3966 ditum
2313 3912 2375 3964 it.
2410 3911 2495 3965 0b
2552 3910 2708 3982 quod
2743 3909 3162 3980 perﬁciendum
3205 3908 3347 3962 dum
3380 3906 3430 3962 is
3461 3922 3495 3960 a
3523 3905 3737 3961 castris

2091 4001 2277 4065 abest,
2303 4000 2548 4055 sustinet
2577 4000 2705 4068 ejus
2727 3998 2880 4053 vices
2900 4003 3076 4068 atque
3103 4011 3410 4066 personam
3428 3994 3740 4050 hicanatus

2093 4105 2192 4145 seu
2227 4089 2532 4161 praefectus
2563 4088 2988 4143 hicanatorum.
3031 4086 3277 4152 Quando
3310 4091 3510 4140 autem.
3541 4084 3600 4139 in
3639 4084 3739 4140 de-

2093 4185 2246 4235 serta
2291 4194 2353 4234 se
2384 4177 2694 4250 projecerit
2721 4191 2939 4244 suaque
2984 4179 3175 4232 castra
3212 4174 3544 4245 imperator,
3596 4179 3738 4230 tunc

2093 4283 2283 4340 neque
2312 4266 2487 4324 cortis
2519 4263 2787 4339 prmcedit
2817 4263 3024 4320 itinere
3069 4264 3302 4330 diurno,
3334 4279 3525 4334 neque
3555 4276 3648 4318 res
3677 4266 3736 4318 et

2094 4355 2354 4428 supellex
2403 4355 2563 4426 regia
2609 4352 2922 4410 alteriusve
2969 4350 3258 4421 alicujus;
3305 4350 3402 4406 sed
3443 4349 3528 4404 illi
3573 4349 3739 4420 quin-

2093 4445 2251 4518 genti
2304 4442 2513 4500 delecti
2561 4442 2690 4513 viri,
2763 4457 2910 4514 quos
2982 4438 3338 4510 drungarius
3397 4437 3606 4510 vigilite
3668 4453 3738 4494 ex

2094 4536 2437 4593 auctoritate
2483 4533 2640 4606 regia
2670 4532 3066 4604 designaverit
3095 4537 3152 4586 et
3179 4546 3211 4586 e
3242 4529 3569 4603 legionibus
3598 4544 3736 4585 evo-

338 4631 434 4683 τοῦ
501 4629 772 4705 βασιλέως
812 4630 864 4686 ἰν
924 4633 1096 4707 Συρίᾳ
1131 4627 1303 4701 ὄντος,
1365 4625 1733 4705 λαμϐάνουσιν
1791 4629 1843 4684 οἱ
1887 4629 1976 4704 μά-

2092 4625 2328 4690 caverit,
2359 4624 2564 4680 armati
2605 4623 2896 4679 excubant
2936 4637 3040 4693 pro
3087 4619 3316 4688 castris,
3368 4624 3424 4675 et
3470 4624 3733 4675 antever-

336 4739 549 4794 γιστροι
598 4720 688 4776 καὶ
746 4721 796 4776 οἱ
845 4721 1123 4797 πατρίκιοι
1195 4722 1286 4776 καὶ
1365 4721 1416 4777 οἱ
1501 4718 1976 4798 πρωτοσπαθάριοι

2097 4719 2230 4770 tunt
2259 4731 2328 4770 ea
2357 4714 2426 4769 ad
2451 4714 2702 4770 duorum
2733 4710 3079 4768 milliarium
3111 4710 3471 4766 distantiam.
3498 4707 3627 4764 Alia
3655 4707 3738 4764 le-

335 4807 680 4886 ὀφιρικιάλιοι
737 4810 1028 4885 μαῖουμάνο
1087 4811 1138 4867 o't
1201 4811 1294 4884 μὶν
1366 4810 1658 4886 μάγιστροι
1717 4809 1816 4864 ἀνὰ
1882 4805 1978 4862 δύο

336 4903 605 4977 σαρακτῶν,
665 4901 716 4954 οἱ
785 4897 844 4955 δὲ
883 4899 1172 4976 πατχίκιοι
1228 4899 1330 4955 ἀνὰ
1376 4903 1613 4978 σφακτοῦ
1670 4898 1780 4967 ὲνὸ,
1820 4898 1872 4951 οἱ
1921 4892 1980 4950 δὲ

332 4989 834 5062 πρωτοσπαθάριοι,
895 4987 1236 5066 ὀφφικιάλιοι
1286 4988 1379 5043 σὺν
1443 4985 1538 5042 δύο
1613 4988 1675 5042 τὸ
1744 4986 1975 5062 σφακτὸν

333 5074 527 5148 ἑκάστῃ
599 5079 862 5150 Κυριακῇ,
907 5079 971 5132 τὸ
1017 5075 1071 5132 δὲ
1128 5081 1283 5152 χῦμα
1337 5081 1435 5132 τοῦ
1493 5074 1655 5144 λαοῦ,
1713 5071 1882 5151 ἤγουν
1923 5073 1977 5129 οἱ

337 5158 616 5236 βασιλικοὶ
677 5163 902 5238 ἄγουροι
957 5166 1048 5219 καὶ
1081 5166 1132 5220 οἱ
1190 5165 1276 5220 ἐπὶ
1333 5167 1430 5234 τῆς
1487 5163 1754 5239 ἑταιρείας
1785 5163 1877 5218 καὶ
1924 5163 1975 5218 οἳ

331 5249 526 5308 λοιποὶ
574 5251 667 5307 σὺν
727 5248 854 5308 δὲκα
904 5254 967 5309 τὸ
998 5254 1256 5329 σφακτόν·
1291 5255 1342 5310 οἱ
1384 5251 1441 5310 δὲ
1471 5252 1673 5319 ἕθνικοὶ
1706 5255 1800 5308 σὺν
1822 5250 1870 5308 λ’
1912 5251 1974 5308 τὸ

2089 4805 2207 4877 gio,
2221 4804 2711 4876 qualemcumque
2724 4801 2962 4857 tandem
2979 4797 3733 4872 deputaveritdrungarius,

2089 4893 2413 4965 expeditur,
2447 4902 2506 4947 ut
2537 4895 2606 4947 ab
2643 4896 2888 4962 utroque
2919 4894 3100 4946 latere
3137 4890 3208 4945 ad
3241 4890 3486 4944 duorum
3520 4886 3736 4942 millia-

2088 4983 2241 5038 rium
2274 4983 2346 5037 ab
2377 4982 2726 5052 imperatore
2756 4979 3097 5035 distantiam
3130 4979 3411 5043 excubet;
3440 4977 3566 5031 alite
3593 4980 3732 5031 tan-

2086 5074 2218 5128 dem
2250 5072 2380 5127 dua.I
2412 5071 2667 5143 legiones
2689 5087 2722 5126 a
2746 5070 3062 5142 drungario
3085 5086 3152 5124 ex
3175 5066 3549 5140 imperatoris
3573 5080 3734 5119 man-

2087 5163 2224 5217 dato
2255 5161 2601 5232 ablegantur
2631 5175 2778 5232 pone
2808 5167 3020 5227 castra,
3054 5163 3135 5225 ut,
3171 5174 3298 5229 qua;
3319 5174 3352 5210 a
3383 5161 3544 5226 tergo
3575 5161 3734 5221 sunt,

2089 5250 2438 5307 custodiant.
2471 5248 2688 5306 Omnes
2736 5247 2848 5304 illae
2895 5247 3149 5304 excubiae
3198 5241 3734 5314 ευιίοω,1ειῑθιιοὶεε

1330 5409 1528 5467 JOAN.
1568 5411 1711 5468 JAC.
1755 5409 2021 5466 REISKII
2058 5401 2648 5464 COMMENTARIUS.

402 5558 1974 5650 ίθδπθτίῖἒίεέῗῗῖίὲἶίέῗῗξῖέθῗθῗίῗΕυεὶῗξτῗῗέἲξὲξλέἳῗὲξὲ

331 5631 381 5686 si
411 5626 650 5703 ἔκκριτοι
681 5626 1372 5703 εοτὶριυηιλίηγοηίεεοαὶ.
1405 5631 1514 5686 Sed
1547 5628 1778 5703 vulgata
1810 5626 1976 5703 lectio

331 5717 478 5758 lana
507 5697 592 5760 est
623 5707 679 5776 et
710 5697 876 5776 notat
903 5700 1030 5776 τοὺς
1061 5700 1115 5757 ἐν
1157 5698 1344 5776 ἄκροις
1373 5697 1758 5776 τεταγμὲνᾶυς,
1790 5697 1973 5776 aciem

332 5787 461 5849 quae
491 5774 782 5832 exercitus
821 5773 886 5828 τὰ
934 5771 1070 5852 ἄκρα
1120 5771 1362 5847 obtinet,
1395 5771 1668 5840 extrema,
1706 5773 1974 5837 frontem,

2087 5551 2234 5609 alias
2265 5550 2581 5620 prodromi,
2615 5549 2821 5622 lr'avant
2850 5548 3054 5622 garde.

2159 5615 2279 5694 I99)'
2302 5622 2402 5678 Hic
2441 5622 2548 5694 loci
2571 5615 2729 5677 nihil
2760 5615 2919 5678 aliud
2950 5625 3249 5692 estquam
3290 5615 3605 5675 tentorium
3641 5625 3734 5669 re-

2087 5693 2270 5767 siam.
2289 5693 2662 5767 praeteritam:

2161 5757 2431 5842 (1)'C'onl‘.
2465 5765 2764 5839 Polybius.
2793 5781 2850 5840 p.
2886 5762 3014 5836 678,
3037 5761 3166 5822 init.
3199 5762 3291 5823 ed.
3323 5757 3581 5819 Wechel.
