4060 6214
384 332 505 416 ’931

1466 350 1998 411 CONSTANTINI
2046 348 2734 413 PORPHYROGENITI

3681 358 3815 418 932

392 494 450 546 et
476 488 734 562 posticis,
766 484 1025 557 quotidie
1049 486 1383 556 permutant
1398 483 1572 541 vices.
1601 482 1865 540 Assumit
1893 499 2031 554 quo-

2146 479 2435 555 ἀγελάδιον
2491 482 2555 538 τὸ
2609 489 2675 540 α’.
2733 484 2859 540 Ὀτι
2927 480 2984 537 δί
3038 480 3183 537 ἔστιν
3252 483 3329 545 εἰς
3393 485 3712 557 Ῥωμανξαν
3790 490 3821 543 ὁ

392 593 503 649 que
554 577 904 647 drungarius
949 590 982 631 e
1028 573 1385 630 tbematibus
1434 574 1675 630 comites
1734 574 1908 629 cortis
1948 573 2032 628 sic

391 667 599 732 dictos,
634 674 694 721 ut
723 666 983 737 proxime
1013 664 1160 721 circa
1186 666 1593 737 imperatorem
1625 668 1950 730 versentur,
1976 666 2035 718 et

383 758 777 832 depangendas
808 758 1022 831 pariter
1070 762 1240 829 atque
1293 757 1637 815 revellendae
1666 756 1837 825 corti,
1872 756 2032 827 quod

387 847 835 905 cortinariorum
868 864 1017 919 opus
1037 852 1148 913 est,
1174 848 1408 904 adsint:
1434 849 1589 905 unde
1609 848 1783 903 etiam
1817 861 2032 903 nomen

386 940 667 995 comitum
692 938 870 995 cortis
883 938 1077 1010 adepti
1106 943 1263 994 sunt.
1285 939 1567 1007 Hosipsos
1589 939 1833 995 comites
1855 937 2032 993 cortis

384 1027 710 1086 theinatum
773 1028 941 1084 habet
992 1029 1341 1099 drungarius
1398 1044 1622 1094 secum,
1682 1028 1917 1099 quando
1961 1026 2034 1083 de

388 1126 553 1175 nocte
582 1118 849 1175 circitare
878 1117 1023 1186 vult,
1055 1118 1194 1174 item
1226 1118 1600 1174 mandatores
1634 1122 1690 1173 et
1721 1118 1836 1173 duo
1867 1115 2033 1172 fallia

387 1225 488 1265 seu
512 1226 706 1266 cereos
738 1225 768 1265 e
797 1210 956 1281 regio
989 1208 1254 1266 vestiario
1285 1210 1642 1281 depromtos,
1676 1208 2031 1279 quibuscum

388 1300 615 1356 circitat
650 1298 915 1355 themata
944 1315 1046 1355 seu
1078 1297 1353 1367 legiones,
1388 1303 1444 1354 et
1476 1300 1686 1354 lustrat
1716 1297 2033 1370 pedaluras

388 1404 488 1444 seu
540 1387 844 1454 stationes,
896 1392 954 1443 et
1001 1387 1289 1459 exobiglia
1330 1403 1431 1443 seu
1481 1386 1727 1442 extimas
1778 1385 2027 1457 vigilias.

386 1477 508 1541 Quo
532 1485 786 1549 tempore
817 1478 861 1532 si
895 1493 1041 1548 quos
1058 1482 1308 1533 rectores
1334 1476 1620 1533 militares
1651 1474 1907 1531 inveniat
1937 1475 2032 1529 in-

384 1566 614 1623 curiose
645 1582 816 1621 suum
860 1566 1119 1621 officium
1173 1566 1448 1621 facientes
1478 1570 1579 1620 aut
1608 1580 1852 1636 prorsus
1883 1564 2030 1618 defi-

392 1654 631 1723 cientes,
663 1670 863 1711 eorum
897 1655 995 1727 qui
1029 1656 1234 1710 adesse
1267 1654 1564 1726 pedaturis
1596 1658 1653 1709 et
1682 1652 1917 1708 extimis
1945 1650 2032 1707 vi-

392 1744 545 1816 giliis
565 1744 850 1801 debebant
869 1761 969 1800 eos
990 1746 1112 1815 ipse
1126 1746 1336 1816 partim
1354 1745 1724 1799 vehementer
1747 1742 2031 1808 verberat,

2145 570 2424 647 βασιλεὺς,
2474 567 2846 643 λαμϐάνουσιν
2913 578 3188 645 μαίὀυμᾶν
3263 574 3314 627 οἱ
3398 577 3819 649 προειρημένοι

2140 658 2201 716 ἐκ
2242 682 2348 716 των
2408 661 2686 731 ξεναλίων.
2723 662 2783 718 Εἰ
2836 658 2893 717 δὲ
2946 662 3162 734 εενάλια
3211 661 3313 717 οὐκ
3350 662 3479 732 εἰσὶ,
3514 671 3822 740 χορηγοῦ-

2144 771 2225 805 σιν
2271 752 2323 805 οἱ
2377 751 2834 826 πρωτονοτάριοι⁹
2894 754 2959 810 Ὀ
3019 748 3076 808 δὲ
3132 750 3220 807 ἐπὶ
3250 759 3350 823 τῆς
3391 754 3672 829 τραπέζης
3710 757 3812 809 καὶ

2144 841 2173 895 ὁ
2240 837 2562 913 δομέστικος
2609 848 2709 910 τῆς
2779 841 3077 916 ὑπουργίας
3158 840 3443 919 ὀφείλουσι
3510 845 3815 919 βαστάζείν

2146 929 2444 1005 ὑπηρεσίαν
2500 928 2789 1003 βασιλικὴν
2840 930 3155 1005 τραπεζίου,
3191 929 3455 1002 δηλονότι
3498 939 3601 989 τοῦ
3637 935 3813 1009 βασι·

2154 1018 2293 1080 λέως
2322 1017 2374 1073 ἒν
2409 1019 2579 1092 Συρίᾳ
2609 1019 2787 1088 ὐντος,
2821 1020 2897 1084 εἷς
2948 1020 3143 1081 ἀσκοὺς
3174 1021 3317 1076 οἶνον
3370 1024 3627 1078 Νικαινὸν
3699 1045 3821 1080 πα-

2146 1107 2297 1164 λαιὸν
2327 1108 2492 1181 μέτρα
2517 1109 2687 1183 ρ’,καὶ
2719 1104 2909 1163 ἕλιιον
2942 1110 3200 1166 Νικαινὸν
3237 1111 3409 1185 μέτρα
3435 1110 3503 1182 λ’,
3535 1112 3626 1167 καὶ
3652 1114 3687 1167 ὁ
3712 1118 3822 1168 τοῦ

2145 1195 2414 1271 βασιλέως
2473 1196 2732 1271 οἰνοχόος
2785 1199 2929 1252 οἶνον
2987 1194 3303 1255 δεσποτικὸν
3356 1202 3447 1255 τὸν
3493 1200 3804 1275 ἀρκοῦντα·

2138 1288 2206 1341 τὰ
2236 1284 2293 1341 δὲ
2335 1285 2511 1341 λοιπά
2564 1299 2738 1341 παντα
2785 1285 3099 1363 ὀφείλουσιν
3160 1285 3629 1362 ἀναλαμϐάνεσθαι
3702 1292 3818 1347 ἀπὸ

2142 1382 2241 1445 τῆς
2274 1375 2552 1451 χορηχίας
2583 1381 2693 1431 τῶν
2759 1379 3239 1453 πρωτονοταρίων,
3311 1376 3481 1456 ἤγουν
3521 1380 3627 1435 ἀπὸ
3656 1382 3819 1438 Ῥω-

2146 1465 2356 1539 μανίας.
2408 1467 2532 1521 ’Ὁτι
2582 1466 2647 1520 τὰ
2697 1466 2932 1539 ἱππάρια
2978 1469 3045 1521 τὰ
3098 1466 3430 1541 ἐστρωμένα,
3473 1470 3561 1524 ὅτε
3662 1469 3817 1525 εἷσίν

2144 1556 2196 1611 ἐν
2252 1554 2423 1630 Συρίᾳ
2476 1560 2862 1629 περιπατοῦσιν
2908 1554 3209 1631 ἔμπροσθεν
3259 1559 3394 1630 μετά
3438 1563 3546 1613 τῶν
3631 1561 3814 1633 βασι-

2144 1644 2312 1700 λικῶν
2360 1644 2686 1719 σελλαρίων,
2726 1646 2814 1699 καὶ
2878 1646 3165 1720 βόσκονται
3219 1643 3411 1702 ἔσωθεν
3471 1654 3570 1717 τῆς
3613 1650 3810 1722 φίνας.

2140 1734 2257 1789 Ἔτι
2298 1734 2384 1788 καὶ
2419 1737 2584 1789 ταῦτα
2619 1734 2751 1809 πρὸς
2783 1740 2900 1799 τοῖς
2930 1734 3260 1808 εἰρημένοις,
3304 1737 3384 1791 υἱὲ
3430 1735 3811 1812 πολυέραστε,

388 1834 787 1888 turmarcham
824 1848 1033 1903 nempe
1082 1838 1139 1888 et
1167 1832 1449 1903 quidquid
1486 1848 1553 1887 eo
1582 1830 1855 1901 deinceps
1887 1830 2031 1885 infe-

2145 1821 2309 1879 καλὸν
2361 1823 2437 1886 εἷς
2491 1828 2687 1899 γνῶσιν
2755 1824 2982 1895 ἀνήκειν
3036 1826 3135 1894 τὴν
3197 1828 3315 1896 σήν.
3382 1828 3440 1882 ’Π
3504 1827 3605 1902 γὰρ
3699 1832 3812 1898 τῆς

390 1921 557 1977 rioris
588 1922 811 1976 ordinis
835 1921 1031 1984 fuerit,
1056 1923 1264 1992 partim
1297 1922 1365 1975 ad
1398 1920 1802 1992 imperatorem
1837 1917 2031 1987 refert,

388 2014 559 2082 prout
590 2009 672 2066 rei
711 2010 1102 2065 conditionem
1154 2009 1619 2079 deprehenderit.
1650 2008 2037 2064 Protostrator

388 2101 584 2173 regius
615 2116 745 2155 cum
770 2099 960 2155 tribus
992 2098 1169 2170 regiis
1199 2099 1549 2155 stratoribus
1580 2102 1637 2154 et
1664 2097 1878 2153 comite
1908 2100 2035 2152 sta-

316 2170 325 2183 ’
390 2170 512 2243 1)υῂΙί
531 2194 587 2244 et
601 2188 789 2244 tribus
810 2187 977 2259 equis
1000 2186 1219 2243 sellatis
1241 2188 1554 2259 stratisque
1578 2187 1863 2243 excubant
1886 2201 2035 2258 pone

385 2277 611 2348 regium
638 2277 912 2349 burgum,
946 2277 1131 2334 donec
1169 2276 1480 2347 imperator
1510 2292 1539 2332 e
1581 2277 1741 2349 Syria
1775 2275 2028 2331 redierit.

2144 1910 2398 1975 πλείονος
2440 1913 2690 1989 γνώσεως
2734 1918 2916 1985 πεῖρα,
2969 1912 3192 1978 εἰωθυῖα
3247 1920 3474 1990 τεχνοῦν
3519 1917 3621 1985 τήν
3680 1914 3808 1972 Etu-

2142 2024 2289 2058 νοιαν
2348 2008 2454 2057 τῶν
2526 2002 2766 2077 ἐχὸντων
2816 1999 2903 2057 διὰ
2964 2000 3205 2073 σπουδῆς
3260 2008 3367 2059 τῶν
3400 2006 3806 2079 προσηκόντων

2146 2089 2314 2165 μηδὲν
2375 2091 2609 2166 ἀγνοεῖν,
2656 2089 2873 2166 ὕστερον
2926 2090 3117 2153 αὐτοὺς
3172 2093 3307 2166 πρὸς
3372 2096 3498 2156 τοὺς
3578 2094 3805 2171 ἀγῶνας

2143 2180 2571 2256 εὖτολμοτέρους
2659 2180 2935 2255 ἐργάζεται
3034 2178 3234 2253 πολλῷ
3353 2183 3442 2237 καὶ
3551 2184 3799 2264 ἀσφαλε-

2142 2268 2379 2344 στέρους.

389 2366 530 2436 Equi
564 2368 749 2426 strati.
783 2366 882 2437 qui
931 2370 1101 2422 antea
1140 2382 1335 2422 coram
1368 2366 1603 2421 domino
1654 2364 1908 2435 prieduci
1976 2361 2256 2431 solebant,
2310 2378 2421 2417 non
2462 2360 2715 2432 amplius
2776 2361 3128 2433 praecedunt,
3173 2361 3277 2419 sed
3344 2362 3547 2419 ubiubi
3614 2364 3797 2421 fuerit

390 2456 551 2528 regia
583 2455 952 2528 promosella,
1002 2456 1083 2510 ibi
1117 2464 1431 2527 pascuntur
1473 2472 1591 2511 una
1620 2471 1754 2511 cum
1798 2456 2023 2511 caeteris
2070 2453 2239 2524 equis
2270 2452 2381 2508 sub
2430 2451 2826 2508 observatione
2875 2451 3110 2509 comitis
3159 2453 3395 2509 stabuli.
3441 2453 3499 2507 8i
3546 2455 3686 2525 quid
3723 2457 3787 2511 in

387 2547 599 2617 papulo
639 2562 741 2601 seu
785 2546 939 2601 inter
987 2545 1206 2600 milites
1256 2545 1541 2600 amissum
1587 2545 1970 2611 desideretur,
2021 2543 2077 2597 id
2129 2540 2399 2613 quisquis
2446 2540 2734 2597 invenerit
2763 2542 2946 2597 defert
2994 2542 3064 2597 ad
3113 2541 3495 2613 drungarium
3544 2543 3775 2614 vigilia,

387 2634 553 2702 eique
585 2632 861 2700 exhibet;
923 2649 957 2688 a
1016 2648 1132 2703 quo
1164 2649 1372 2688 rursus
1430 2633 1557 2702 ejus
1589 2648 1759 2687 verus
1809 2646 2113 2702 possessor
2150 2630 2247 2700 qui
2301 2628 2602 2697 amiserat,
2652 2629 2822 2685 facile
2880 2634 3201 2699 recuperat.
3258 2630 3315 2684 Si
3364 2635 3546 2686 autem
3591 2646 3776 2702 quam

386 2722 519 2793 quis
554 2723 835 2778 invenerit
864 2738 987 2778 rem
1018 2723 1183 2788 celet,
1223 2726 1280 2776 at
1329 2722 1600 2790 deinceps
1646 2728 1837 2777 tamen
1895 2721 2114 2777 amissa
2144 2736 2235 2776 res
2268 2736 2444 2791 penes
2488 2735 2621 2776 eum
2674 2719 3058 2777 nihilominus
3110 2720 3170 2776 in
3218 2721 3336 2777 fine
3365 2723 3705 2793 reperiatur,
3734 2721 3795 2777 is

385 2810 544 2867 velut
595 2813 687 2867 lur
735 2828 938 2883 pmnas
992 2814 1107 2867 dat.
1164 2811 1317 2867 283
1372 2812 1718 2881 lmperatore
1765 2810 1823 2865 in
1883 2811 2040 2881 Syria
2086 2810 2354 2878 haerente,
2414 2809 2710 2880 accipiunt
2762 2810 2962 2882 quavis
3020 2811 3113 2867 die
3170 2811 3471 2869 Dominica
3528 2811 3792 2884 magistri

388 2901 638 2974 patricii,
671 2901 889 2973 singuli
924 2900 1213 2972 singulas,
1258 2900 1707 2973 protospatharii
1753 2900 2032 2956 ofﬁciales
2072 2899 2195 2955 bini
2226 2900 2442 2972 quique
2463 2900 2743 2972 singulas.
2789 2901 2917 2957 erx
2963 2907 3155 2957 autem
3208 2902 3409 2973 populi
3459 2918 3562 2958 seu
3596 2903 3789 2958 famu-

386 2991 494 3046 litii
529 2991 694 3063 regii,
727 2992 892 3062 aguri
935 2997 1075 3062 puta
1113 2996 1171 3047 et
1199 2992 1270 3046 ad
1306 2990 1600 3046 hetaeriam
1650 2992 2001 3063 pertinentes
2032 2995 2203 3063 atque
2234 2989 2466 3062 reliqui,
2518 3006 2620 3062 per
2648 2990 2911 3061 singulas
2953 2991 3219 3048 decurias
3262 2991 3561 3064 accipiunt
3591 2993 3797 3065 singu-

387 3080 474 3137 las
505 3080 777 3154 capellas.
812 3081 997 3138 Exteri
1037 3096 1141 3138 seu
1174 3085 1460 3153 quotquot
1498 3080 1841 3153 alienigenas
1893 3081 1954 3138 in
2002 3082 2209 3137 castris
2267 3080 2524 3136 militant
2570 3080 2864 3150 accipiunt
2916 3097 3018 3152 per
3065 3086 3261 3138 ternas
3307 3099 3573 3154 quasque
3621 3083 3797 3139 decu-

388 3172 508 3229 rias
548 3172 808 3245 singulas
855 3188 1083 3230 vaccas.
1140 3172 1409 3237 Quandiu
1462 3178 1653 3229 autem
1699 3171 1759 3228 in
1813 3172 2095 3228 Romanis
2142 3171 2331 3228 adhuc
2362 3180 2621 3227 versatur
2665 3170 3001 3242 imperator,
3053 3174 3353 3245 accipiunt
3384 3174 3645 3245 praedicti
3678 3192 3805 3231 ma-

380 3268 611 3339 jumam
660 3280 690 3319 e
734 3262 962 3320 muneri
1014 3264 1206 3331 datis;
1258 3278 1381 3334 quae
1423 3262 1471 3317 si
1521 3261 1686 3317 nulla
1734 3262 1955 3329 adsint,
2004 3263 2215 3319 debent
2263 3260 2639 3332 protonotarii
2686 3260 2843 3318 dicta
2892 3278 3097 3335 pecora
3156 3269 3440 3335 praestare.
3496 3265 3805 3322 Praefectus

392 3371 608 3411 mensa:
637 3360 693 3411 et
738 3354 1099 3411 domesticus
1143 3354 1439 3426 hypurgiae
1485 3369 1589 3408 sou
1644 3352 1953 3407 ministerii
1995 3352 2275 3408 culinaris
2320 3352 2535 3408 debent
2582 3352 2641 3408 in
2675 3354 3007 3411 ministerio
3065 3370 3281 3412 mensae
3312 3355 3506 3427 regiae,
3540 3356 3805 3429 quandiu

391 3444 714 3515 imperator
744 3444 802 3498 in
844 3444 1013 3515 Syria
1044 3444 1177 3509 agit,
1221 3458 1413 3497 secum
1465 3442 1609 3497 ferre
1644 3441 1763 3496 vini
1794 3442 2017 3513 antiqui
2064 3441 2279 3497 Nicaani
2316 3458 2618 3499 mensuras
2665 3449 2899 3501 centum
2934 3445 2995 3501 in
3049 3448 3299 3514 utribus,
3333 3452 3390 3502 et
3429 3447 3540 3503 olei
3580 3447 3801 3503 Nicami

392 3548 699 3587 mensuras
739 3531 1001 3601 triginta.
1052 3533 1339 3585 Pincerna
1394 3530 1591 3600 regius
1631 3546 1863 3601 quoque
1903 3530 2020 3585 vini
2072 3531 2347 3586 dominici
2409 3531 2798 3590 sufficientem
2852 3534 2957 3590 fert
2999 3536 3244 3607 capiam.
3297 3536 3532 3603 Cretera,
3583 3537 3803 3607 quibus

387 3637 529 3691 Opus
561 3625 668 3686 est,
710 3619 909 3675 omnia
942 3620 1056 3691 peti
1088 3620 1297 3674 debent
1326 3636 1394 3674 ex
1423 3635 1488 3674 eo
1518 3627 1823 3691 apparatu,
1875 3635 2044 3689 quem
2094 3621 2471 3691 protonotarii
2516 3623 2785 3679 sufficere
2816 3628 3113 3691 tenentur,
3164 3641 3195 3682 e
3241 3626 3526 3682 Romania
3558 3642 3794 3699 nempe.

384 3710 529 3782 Equi
562 3708 729 3765 strati
763 3708 870 3779 [illi
904 3714 1136 3764 centum
1182 3713 1239 3763 et
1283 3708 1575 3778 quatuor],
1626 3709 1886 3779 quandiu
1935 3712 2128 3763 castra
2176 3708 2396 3764 herent
2451 3709 2509 3765 in
2560 3711 2747 3781 Syria,
2807 3714 3144 3784 praecedunt
3199 3732 3315 3770 una
3367 3732 3499 3771 cum
3548 3714 3802 3771 sellariis

381 3800 578 3873 regiis,
630 3803 687 3855 et
719 3803 1037 3871 pascuntur
1083 3799 1233 3853 intra
1289 3798 1437 3853 finas
1485 3814 1589 3853 seu
1622 3796 1847 3868 vigilias
1876 3802 2227 3855 castrenses.
2262 3798 2407 3854 Cum
2462 3799 2740 3856 hactenus
2772 3802 2941 3858 dictis
2992 3804 3169 3859 etiam
3220 3804 3341 3861 hec
3391 3804 3661 3875 protinus
3706 3805 3801 3860 di-

381 3891 565 3948 cenda
596 3889 770 3963 digna
801 3898 961 3959 sunt,
991 3905 1119 3961 qua
1173 3892 1332 3944 tuam
1368 3888 1438 3943 ad
1490 3887 1879 3958 cognitionem
1915 3889 2171 3957 veniant,
2213 3890 2293 3945 {ili
2339 3891 2739 3949 dilectissime.
2774 3894 3142 3965 Experientia
3180 3896 3338 3952 enim
3394 3895 3796 3955 humanorum

379 3997 621 4039 casuum
654 3980 933 4052 ampliore
962 3978 1315 4051 cognitione,
1346 3977 1543 4049 qualis
1572 3995 1670 4049 per
1716 3978 2036 4035 doctrinam
2072 3980 2415 4052 acquiritur,
2469 3984 2776 4052 instructa,
2812 4000 2991 4055 quum
3025 3985 3209 4041 soleat
3246 3986 3502 4041 habilem
3536 3989 3799 4059 agendo—

380 4088 508 4129 sum
543 4078 894 4145 repertorem
928 4075 1382 4143 promptumque
1411 4075 1467 4124 et
1495 4068 1761 4125 dextrum
1782 4069 2011 4127 efficere
2042 4071 2396 4128 intellectum
2421 4075 2876 4145 eorum,quibus
2904 4093 3093 4133 rerum
3127 4077 3591 4134 necessariarum
3620 4084 3800 4150 atque

380 4180 442 4221 se
472 4163 804 4221 decentium
837 4160 983 4219 nihil
1013 4161 1279 4233 ignorare
1311 4176 1465 4216 curae
1512 4162 1791 4232 cordique
1823 4167 1931 4230 est,
1966 4163 2120 4229 facit,
2157 4171 2235 4233 ut,
2271 4164 2369 4235 qui
2401 4180 2466 4220 ea
2518 4164 2732 4233 pollent
2783 4172 2840 4222 et
2887 4168 3217 4238 praemuniti
3264 4174 3427 4237 sunt,
3475 4171 3545 4225 ad
3588 4170 3804 4227 discri-

379 4252 540 4309 mina
586 4254 860 4326 deinceps
910 4252 1114 4319 multo,
1162 4268 1339 4323 quam
1389 4254 1601 4307 natura
1649 4267 1757 4307 sua
1795 4252 2005 4308 facturi
2036 4258 2252 4321 essent,
2296 4254 2631 4312 audaciores
2672 4255 2851 4313 simul
2903 4262 3078 4330 atque
3128 4258 3371 4316 tutiores
3427 4267 3481 4315 et
3531 4275 3565 4315 a
3594 4258 3795 4332 lapsi-

380 4340 492 4397 bus
524 4343 850 4398 securiores
881 4342 1176 4398 accedant.

378 4457 859 4529 Quandoquidem
892 4474 1024 4529 ergo
1057 4459 1455 4531 praescriptam
1494 4459 1601 4515 tibi
1633 4476 1666 4515 a
1716 4458 1884 4515 nobis
1913 4476 2015 4516 ex-
2048 4468 2093 4532 ο

376 4549 727 4623 positionem
745 4549 1039 4622 regiarum
1059 4551 1490 4619 expeditionum
1516 4550 1861 4607 militarium
1880 4552 2027 4607 bene

376 4636 734 4709 solliciteque
777 4637 990 4709 legisti,
1043 4639 1196 4694 filius
1240 4638 1393 4711 patri
1439 4640 1612 4696 rebus
1652 4640 1711 4695 in
1753 4638 2024 4696 omnibus

376 4728 734 4800 obsequens:
760 4734 1158 4801 opportunum
1193 4744 1348 4785 nunc
1380 4733 1471 4786 est
1501 4729 1783 4802 decetque
1804 4745 1894 4785 me
1917 4730 2022 4786 do-

373 4833 521 4887 cere,
556 4823 613 4874 et
643 4830 698 4875 te
729 4819 932 4877 audire
962 4837 1049 4891 ea,
1102 4836 1228 4893 quae
1279 4826 1410 4877 ante
1455 4819 1850 4893 expeditiones
1898 4820 2022 4879 fieri

2203 4460 2353 4517 Ἐπεὶ
2387 4461 2476 4516 οὖν
2534 4462 2633 4531 τὴν
2665 4464 2770 4537 πρὸ
2803 4464 2962 4537 ἡμῶν
3021 4484 3106 4520 σοι
3162 4468 3575 4541 προεκτεθεῖσαν
3629 4465 3796 4543 βασι-

2138 4548 2309 4605 λικῶν
2358 4548 2637 4620 ταξειδίων
2678 4549 2902 4623 ἔκθεσιν,
2963 4554 3127 4631 πατρῖ
3185 4556 3325 4611 κατὰ
3380 4556 3550 4613 πάντα
3599 4558 3797 4623 πειθό-

2140 4660 2322 4714 μενος,
2381 4639 2616 4715 ἀνέγνως
2667 4642 2872 4714 καλῶς,
2932 4646 3207 4719 προσῆκον
3266 4642 3369 4720 ἄρα
3439 4667 3523 4701 σοι
3572 4646 3664 4701 καὶ
3722 4650 3795 4703 τὰ

2136 4733 2241 4804 πρὸ
2297 4733 2405 4784 τῶν
2458 4728 2737 4801 ταξειδίων
2792 4732 3053 4809 γινόμενα
3101 4732 3333 4799 διελθεῖν
3392 4757 3449 4791 τε
3496 4735 3795 4810 καὶἐκμαο

2136 4826 2269 4891 θεῖν,
2306 4819 2454 4883 ὅπως
2507 4817 2594 4876 διὰ
2654 4826 2832 4899 φανῶν
2866 4824 2941 4897 (2)
2980 4845 3139 4880 τινων
3179 4824 3269 4879 καὶ
3321 4822 3626 4899 λαμπαδων
3680 4830 3796 4883 τῶν

1434 5024 1633 5084 JOAN.
1672 5026 1819 5083 JAC.
1862 5026 2123 5084 REISKII
2161 5026 2745 5088 COMMENTARIUS.

451 5212 531 5281 (2)
562 5211 643 5267 De
678 5210 891 5284 phanis
938 5206 1333 5284 seulaternis,
1366 5207 1821 5284 depraedationis
1862 5214 2035 5268 Sara-

495 5214 531 5293 ς)
562 5211 645 5293 De
678 5211 891 5293 phariis
938 5211 1333 5293 seu_1aternis,
1366 5211 1821 5293 deprsgdationis
1862 5214 2035 5293 Sara:
2146 5214 2395 5293 nunc‘de
2416 5211 2958 5293 ignibustalibuset
2982 5230 3180 5293 eorum
3198 5216 3559 5293 diversitate,
3586 5214 3798 5293 φιλίοις

380 5279 592 5338 conicae
632 5279 949 5350 indicibus,
1001 5282 1327 5337 observatio
1375 5279 1495 5334 haec
1541 5280 1788 5335 trivialis
1845 5288 1935 5336 est
1982 5287 2038 5337 et

1428 5296 1495 5363 eo
1541 5282 1788 5362 trivialis
1845 5288 1935 5336 est
1982 5287 2031 5337 et

2146 5290 2201 5363 et
2229 5282 2524 5363 πολεμέοις
2559 5286 2635 5363 [v_.
2686 5286 2974 5363 _Aristides
3002 5286 3141 5363 ’1.Α1,
3196 5305 3248 5357 p.
3282 5289 3409 5353 225.
3445 5288 3483 5344 l.
3512 5282 3645 5363 _6iet
3688 5290 3796 5363 Po-

379 5356 535 5425 apud
563 5356 884 5429 Scriptores
906 5354 1540 5429 iHistorimﬁxzarltinae
1569 5354 1791 5429 passim
1827 5368 2035 5429 occur-
2146 5354 2525 5429 lxanus‘584,
2551 5354 2703 5428 i_nit.]
2726 5358 2976 5429 aliisque
3002 5358 3177 5427 hujus
3195 5354 3799 5427 argumenti.Vastior

379 5372 535 5425 npua
563 5372 884 5425 acriptores
916 5372 1177 5409 umorue
1208 5372 1540 5423 byzanunae
1569 5372 1791 5422 passm)
1827 5372 2035 5408 occur-
2150 5372 2370 5479 liraenus
2397 5372 2976 5429 064,1n1t.Jalllsque
3002 5372 3177 5427 nuJus
3195 5372 3545 5427 argumenti.
3569 5372 3799 5415 Vasttor

376 5432 474 5506 rit,
508 5431 572 5481 ut
602 5426 761 5506 apud
809 5426 1075 5506 Cedre_n_.‘
1104 5442 1159 5496 p.
1192 5425 1333 5506 552._
1369 5424 1575 5491 Zonar,
1610 5427 1674 5506 ι..
1712 5422 1780 5489 II,
1819 5440 1875 5493 p.
1910 5425 2033 5506 i62,
2144 5425 2161 5480 i
2191 5425 2242 5481 le
2274 5434 2358 5483 est
2397 5444 2660 5506 campus,
2708 5445 2884 5506 quam
2933 5446 3034 5500 pro
3075 5433 3298 5506 nostris
3337 5432 3799 5506 commentariis,

380 5496 668 5575 Symeone
700 5497 853 5575 Meg:
888 5498 1249 5575 ρη45οηῃριι
1284 5496 2031 5575 absquehnugis,_omni_um
2144 5513 2335 5575 neque
2420 5496 2650 5575 animus
2706 5496 2853 5575 mihi
2922 5496 3011 5556 est
3082 5518 3215 5557 eum
3284 5502 3537 5574 ingredi,
3607 5496 3800 5575 neque

377 5566 595 5649 optime
627 5566 1147 5649 apudicontinuat.
1176 5567 1437 5649 Theoph.
1484 5566 2032 5649 gonstapt.p.1_22,
2145 5566 2446 5649 sulliciens
2493 5571 2685 5629 adhuc
2732 5572 2792 5629 in
2846 5588 2987 5629 eam.
3020 5589 3143 5631 rem
3190 5566 3619 5649 apparatus'ad
3670 5566 3800 5632 ma-

376 5637 535 5698 unde
567 5637 819 5713 possunt
848 5642 1039 5713 Grazea
1072 5646 1271 5713 nostra
1300 5637 1610 5713 emendari
1646 5638 1715 5693 ad
1741 5637 1883 5713 eum
1919 5642 2035 5713 fere

377 5708 643 5784 modum,
669 5728 841 5787 quem
878 5714 935 5769 in
962 5712 1187 5769 Latinis
1208 5710 1529 5769 observavi.
1564 5708 1690 5766 Non
1724 5712 2034 5785 disputabo

2144 5658 2287 5700 num
2319 5647 2426 5700 est.
