4060 6214
265 350 411 410 933
894 346 998 407 DE
1041 345 1505 409 GERIMONIIS
1548 347 1781 409 AUL/E
1822 347 2306 410 BYZAN'I‘IN/E
2352 349 2496 410 LIB.
2547 349 2594 410 I.
2641 383 2716 397 —
2759 351 3094 414 APPEND.

3581 362 3701 422 934

264 479 338 536 ἐκ
376 477 647 555 διαδοχῆς
695 481 824 554 πρὶν
872 479 1201 554 ἀνημμένων
1231 481 1260 536 6
1295 478 1553 566 βασιλεὺς
1599 479 1652 535 ἐν
1697 485 1794 554 μιᾷ
1819 479 1931 555 ὥρᾳ

2049 483 2345 554 quondam
2403 483 2687 556 solebant,
2721 486 2947 544 scilicet
3001 489 3296 561 quomodo
3327 507 3428 564 per
3473 493 3698 566 phanes

260 571 391 641 τήν
441 575 550 626 τῶν
599 568 814 646 ἐχθρῶν
873 568 1024 632 εὐθὺς
1082 569 1473 643 κατεμάνθανεν
1527 564 1740 648 ἔφοδον.
1790 569 1929 628 Ἀλλ

2053 587 2155 628 seu
2185 573 2462 643 latcrnas,
2493 580 2550 631 et
2579 590 2675 646 per
2705 574 3006 648 lampades
3045 584 3146 634 aut
3186 580 3410 638 faculas
3439 564 3698 642 seriatim

265 660 342 716 ἐκ
397 666 507 716 τῶν
550 659 928 735 προκειμένων
978 679 1064 713 σοι
1109 655 1422 736 κεφαλαίων
1468 663 1637 714 ταῦτα
1675 661 1931 736 τρανώτιι

2054 661 2660 736 dispositas,singulis
2690 679 2889 722 earum
2917 667 3162 724 ardendi
3193 669 3344 726 vices
3371 687 3399 725 ε
3433 673 3700 743 proxima

268 768 384 824 ρον
467 747 871 821 δηλωθήσεται.
953 749 1170 817 Ἰστέον,
1239 748 1320 803 ὅτι
1397 749 1460 804 τὸ
1534 748 1768 805 παλαιὸν
1841 751 1931 806 ἀπὶ

2053 759 2320 826 acceptas
2346 755 2620 827 proximae
2659 757 3065 828 reddentibus,
3107 759 3449 817 brevissimo
3479 767 3698 834 tempo-

261 841 510 916 Ταρσοῦ
577 842 912 912 Σαρακηνῶν
983 837 1121 892 κατά
1193 837 1483 912 Ῥωμαίων
1543 837 1931 914 ἐξερχομένων

2053 842 2135 899 ris
2181 843 2400 900 ambitu
2432 845 2747 916 imperator
2786 845 2858 901 de
2899 847 3155 903 hostium
3192 849 3492 906 invasioue
3523 849 3698 907 modo

264 931 490 993 εὗθέως
517 931 580 986 τὸ
610 931 842 1004 κάστρον
888 929 950 984 τὸ
999 927 1290 1004 λεγόμενον
1341 929 1553 986 Λοῦλον
1587 933 1662 1005 (3)
1693 929 1746 986 ἐν
1780 951 1931 1008 περι-

2055 931 2206 988 facta
2235 932 2586 1003 cognoverit.
2617 935 3041 1003 Argumentum
3074 935 3182 991 hoc
3203 937 3422 994 clarius
3450 954 3519 994 ex
3548 939 3700 995 infra

264 1021 444 1093 όπτῳ
501 1019 890 1094 προσκείμενον
949 1017 1142 1091 ἐξῆπτε
1199 1020 1380 1098 φανὸν,
1439 1017 1497 1075 ὅν
1555 1017 1615 1075 ἐκ
1677 1017 1931 1096 διαδοχῆς

2052 1020 2286 1091 scriptis
2317 1020 2608 1093 capitibus
2646 1037 2748 1078 seu
2768 1024 3082 1080 momentis
3109 1023 3308 1082 licebit
3337 1026 3441 1083 tibi
3473 1029 3696 1101 perspi-

265 1110 299 1163 6
368 1108 718 1182 καλούμενος
773 1105 998 1183 Ἀργέας
1061 1108 1256 1181 βουνὸς
1304 1105 1604 1184 διεδέχετο,
1661 1110 1750 1165 καὶ
1805 1112 1931 1178 ἧπτε

2054 1127 2201 1168 cere.
2234 1111 2538 1168 Saracenis
2568 1111 2766 1182 itaque
2810 1115 3194 1173 Tarsensibus
3225 1116 3366 1173 olim
3415 1118 3697 1176 adversus

265 1195 338 1254 δὲ
406 1198 496 1254 καὶ
571 1196 753 1258 αὐτός.
815 1197 916 1254 Καὶ
975 1197 1076 1261 εἷθ’
1135 1197 1305 1261 οὕτως
1356 1198 1462 1254 ἀπὸ
1519 1203 1627 1254 τῶν
1686 1198 1856 1255 ἐκεῖσε
1914 1200 1931 1255 ἑ

2053 1201 2348 1259 Romanos
2368 1203 2822 1273 egredientibus,
2838 1203 3402 1276 protinuslaternam
3423 1210 3699 1266 accende-

269 1288 490 1364 βουνὸς
542 1288 570 1342 6
621 1286 807 1360 Σάμος
861 1285 1089 1356 ἀνῆπτε.
1147 1286 1256 1343 Καὶ
1315 1287 1450 1361 μετὰ
1501 1292 1663 1344 τοῦτο
1721 1285 1931 1364 ἐδέχετο

2055 1291 2151 1348 bat
2195 1298 2454 1349 castrum
2486 1293 2699 1350 Lulum
2742 1293 2987 1362 dictum,
3019 1296 3078 1352 in
3110 1297 3266 1354 edito
3296 1301 3353 1353 et
3381 1301 3697 1371 conspicuo

261 1380 338 1435 τὸ
372 1379 614 1454 κάπρον
663 1378 726 1432 τὸ
775 1375 1034 1454 Αἴγιλον,
1083 1378 1174 1433 καὶ
1227 1381 1367 1448 ἧπτε
1411 1379 1502 1434 καὶ
1533 1378 1686 1436 αὐτό.
1721 1379 1819 1434 Καὶ
1849 1379 1931 1434 ἀπ

2049 1380 2174 1437 loco
2195 1382 2394 1438 situm.
2428 1383 2769 1440 Immediate
2791 1383 3107 1456 accipiebat
3134 1387 3206 1442 ab
3228 1403 3294 1443 eo
3314 1389 3696 1446 accendenda:

265 1468 421 1524 αὐτὸ
480 1467 700 1543 ἐδέχετο
765 1467 792 1520 6
854 1466 1042 1541 βουνὸς
1097 1467 1126 1522 6
1183 1465 1498 1540 Ὄλυμπος,
1555 1467 1645 1523 καὶ
1693 1470 1859 1536 ἦπτεν
1888 1466 1931 1522 ἐν

2048 1467 2282 1526 Ιοῑθηιω
2311 1471 2466 1527 vices
2486 1470 2652 1528 collis
2682 1478 2878 1545 Argeas
2906 1473 3118 1531 dictus.
3151 1475 3306 1532 284
3326 1476 3410 1532 Ab
3439 1493 3504 1534 eo
3536 1477 3696 1534 collis

264 1560 524 1634 κορυφῇ.
577 1556 678 1610 Καὶ
733 1555 849 1628 μετ’
909 1552 1111 1610 ἐκεῖνον
1161 1552 1381 1630 ἐδέχετο
1438 1557 1466 1611 6
1519 1557 1710 1632 βουνὸς
1757 1557 1785 1611 6
1835 1555 1931 1614 Κύ-

2049 1560 2279 1618 lsamus
2311 1562 2526 1618 dictus.
2551 1563 2637 1618 Ab
2659 1577 2724 1619 eo
2749 1571 3006 1620 castrum
3037 1565 3306 1636 Egilum.
3333 1568 3416 1623 Ab
3447 1583 3513 1624 eo
3535 1567 3699 1624 collis

270 1651 465 1718 ριζος,
497 1644 588 1700 καί
637 1645 776 1712 ἧπτε
832 1641 923 1698 καὶ
980 1639 1162 1705 αὐτός.
1221 1645 1327 1700 Καὶ
1387 1644 1485 1698 εἶθ’
1517 1644 1689 1707 οὕτως
1723 1643 1931 1719 ἐδέχετε

2047 1648 2362 1722 Olympus,
2392 1649 2494 1722 qui
2525 1667 2556 1707 e
2585 1667 2820 1708 summo
2843 1669 2950 1710 suo
2972 1655 3227 1712 culmine
3247 1672 3550 1714 accensam
3572 1673 3700 1730 pro-

266 1737 301 1791 6
341 1736 548 1810 βουνὸς
602 1733 631 1788 6
695 1732 980 1796 Μούκιλος
1017 1732 1196 1789 ἐπάνω
1240 1737 1350 1790 τῶν
1402 1733 1626 1807 Πυλῶν,
1665 1735 1754 1790 καὶ
1805 1737 1931 1804 ἧπτε

2045 1739 2322 1795 tendebat
2367 1739 2680 1797 laternam.
2730 1742 2816 1797 Ab
2847 1757 2914 1798 eo
2969 1743 3138 1800 collis
3195 1746 3453 1815 Cyrizus.
3497 1749 3584 1803 Ab
3628 1762 3695 1803 eo

265 1825 374 1880 καὶ
413 1823 598 1886 αὐτός.
659 1821 758 1878 Καὶ
818 1823 952 1895 μετὰ
989 1826 1180 1878 τοῦτον
1241 1820 1460 1899 ἐδέχετο
1520 1825 1548 1879 6
1604 1828 1700 1878 τοῦ
1755 1825 1931 1900 Ἀγίου

2044 1829 2212 1884 collis
2268 1827 2542 1897 Mucilus,
2575 1829 2677 1901 qui
2733 1837 2824 1886 est
2871 1847 3048 1904 supra
3079 1833 3265 1906 Pylas.
3299 1836 3386 1892 Ab
3432 1852 3499 1893 eo
3530 1836 3697 1892 collis

263 1912 577 1986 Αὐξεντίου
607 1913 685 1984 (4)
732 1911 925 1987 βουνὸς
967 1913 995 1967 6
1036 1913 1237 1974 σκοπὸς
1269 1914 1344 1985 (5)
1375 1912 1931 1990 προσαγορευόμενος,

2045 1917 2233 1974 sancti
2271 1918 2568 1987 Auxentii,
2603 1919 2703 1990 qui
2735 1936 2944 1991 scopus
2966 1939 3067 1978 seu
3095 1930 3249 1979 meta
3273 1924 3698 1983 observationis

266 2003 374 2058 καὶ
436 2004 576 2070 ἧπτε
621 2000 710 2055 καὶ
771 1999 956 2064 αὐτός.
1017 2001 1119 2057 Καὶ
1180 2002 1294 2074 μετ’
1335 2003 1496 2057 αὑτὸν
1564 2000 1783 2077 ἐδέχετο
1823 2003 1850 2058 6
1891 2002 1931 2059 Et

2046 2005 2394 2078 appellatur.
2442 2007 2527 2063 Ab
2577 2024 2644 2064 eo
2673 2011 2911 2066 tandem
2943 2010 3206 2068 heliacus
3244 2029 3348 2069 seu
3390 2015 3696 2085 prefectus

265 2096 362 2164 τῷ
397 2089 653 2162 παλατίῳ
681 2093 778 2144 τοῦ
809 2089 996 2164 Φάρου
1025 2089 1282 2160 ἡλιακὸς,
1313 2090 1401 2146 καὶ
1440 2093 1577 2160 ἧπτε
1624 2091 1713 2147 καὶ
1754 2092 1931 2153 αὐτός.

2048 2095 2255 2152 beliaci
2304 2097 2362 2151 in
2413 2096 2630 2168 palatio
2662 2097 2851 2154 Phari.
2885 2099 3140 2156 Diaetarii
3171 2103 3328 2159 enim
3360 2103 3439 2160 ibi
3471 2121 3698 2176 semper

270 2180 601 2252 Διαιτάριοι
677 2179 782 2254 γὰρ
857 2177 1028 2234 ἐκεῖσε
1123 2179 1318 2257 βίγλας
1394 2179 1474 2236 ἀεὶ
1550 2180 1638 2236 καὶ
1711 2181 1931 2238 πάντοτε

2048 2186 2356 2241 continuas
2384 2187 2637 2259 agebant
2657 2187 2908 2259 vigilias,
2930 2189 3314 2263 solliciteque,
3338 2209 3410 2249 ne
3433 2211 3696 2266 unquam

266 2277 617 2348 κρατοῦντες
683 2272 820 2347 πρὸς
885 2271 947 2327 τὸ
1026 2272 1102 2346 μὴ
1167 2271 1348 2328 λαθεῖν
1410 2271 1627 2344 αὐτοὺς,
1701 2268 1931 2348 ἀκριϐῶς

2050 2290 2112 2330 se
2142 2274 2383 2330 ﬂamma
2419 2275 2623 2332 lateret
2655 2293 2768 2333 non
2802 2278 3227 2348 animadversa,
3253 2297 3458 2338 versus
3487 2283 3696 2340 collem

273 2363 636 2418 ἀπεσκόπουν
684 2363 821 2436 πρὸς
868 2362 961 2416 τὸν
1015 2361 1205 2437 βουνὸν
1251 2365 1347 2416 τοῦ
1393 2362 1582 2437 Ἀγίου
1631 2363 1931 2435 Αὐξεντίου.

2049 2363 2108 2419 S.
2145 2364 2409 2421 Auxentii
2441 2366 2845 2437 respiciebant.
2877 2367 3136 2425 Laternis
3158 2369 3275 2425 illis
3296 2371 3574 2428 omnibus
3600 2389 3694 2428 ac-

277 2450 518 2521 Ἰστέον,
578 2450 684 2519 ὅτι,
740 2456 850 2505 τῶν
909 2455 1092 2525 φανῶν
1148 2451 1356 2506 τούτων
1407 2451 1623 2505 πάντων
1669 2451 1942 2524 ἁψάντων,

272 2540 445 2603 εὐθὺς
483 2541 534 2595 οἱ
569 2539 967 2617 χαρτουλάριοι
1007 2543 1120 2596 τῶν
1170 2538 1272 2610 ἔξω
1320 2537 1570 2595 στάόλων
1616 2540 1704 2595 καὶ
1737 2561 1944 2619 σαφρα-

278 2631 580 2706 μεντάριοι
635 2628 929 2705 ἐκαλίγουν
1002 2629 1071 2683 τά
1147 2626 1405 2704 βασιλικὰ
1484 2627 1676 2704 ἄλογα,
1733 2630 1823 2684 καὶ
1878 2629 1945 2684 τά

275 2718 558 2792 βασιλικᾶ
623 2719 897 2796 σαγμάρια
987 2719 1392 2793 εὖτρεπίσαντες
1478 2718 1634 2782 εὐθὺς
1716 2717 1942 2786 ἐκίνουν,

276 2809 376 2864 καὶ
430 2810 778 2884 κατήρχοντο
828 2808 904 2870 εἰς
953 2809 1054 2876 τήν
1106 2812 1202 2862 τοῦ
1263 2807 1532 2883 βασιλέως
1561 2809 1858 2879 ἀπάντησιν
1889 2809 1942 2863 ἐν

279 2896 524 2960 Πύλαις.
556 2899 618 2956 Ὀ
649 2896 706 2952 δὲ
757 2895 1016 2974 βασιλεὺς
1066 2895 1329 2972 ἐξήρχετο
1384 2898 1549 2973 μέχρι
1578 2903 1688 2952 τῶν
1722 2897 1943 2968 Πυλῶν,

273 2987 346 3043 τὰ
382 2985 445 3044 δὶ
480 2986 739 3063 βασιλικά
778 2984 1042 3059 σελλάρια
1088 2987 1180 3042 καὶ
1231 2987 1283 3041 οἱ
1330 2984 1588 3062 ἄρχοντες
1618 2988 1708 3042 καὶ
1741 2988 1792 3042 οἱ
1825 2987 1944 3042 λοι-

2050 2453 2267 2523 censis,
2299 2454 2570 2525 protinus
2601 2453 2930 2527 caligabunt
2974 2473 3075 2512 seu
3133 2459 3340 2530 caligis
3376 2459 3698 2518 induebant

2051 2543 2242 2614 regios
2288 2559 2469 2614 equos
2525 2543 2859 2600 chartularii
2910 2546 3299 2615 stabulorum,
3358 2565 3482 2618 quae
3541 2559 3699 2607 extra

2050 2629 2262 2686 Urbem
2303 2636 2608 2702 augustam
2644 2638 2803 2704 sunt,
2835 2639 2892 2689 et
2922 2630 3373 2705 saframentarii,
3405 2638 3697 2709 mulisque

2050 2721 2375 2776 necessario
2423 2721 2784 2785 sarcinarum
2833 2735 3115 2796 apparatu
3174 2727 3446 2794 oneratis,
3491 2743 3694 2784 move-

2050 2809 2190 2865 bant
2218 2814 2276 2865 et
2318 2810 2748 2866 descendebant
2777 2812 2848 2866 ad
2882 2814 3049 2885 Pylas
3091 2813 3427 2884 imperatori
3481 2814 3561 2870 ibi
3596 2831 3698 2874 oc-

2053 2914 2289 2954 cursum
2337 2897 2508 2970 eique
2552 2916 2680 2956 sese
2729 2901 3095 2972 adjunctum.
3131 2901 3450 2974 Imperator
3498 2910 3692 2962 autem

2050 2989 2246 3045 exibat
2296 3004 2364 3044 ex
2414 2989 2578 3058 urbe,
2612 2998 2917 3062 postquam
2950 2993 3107 3063 regia
3136 2993 3374 3050 sellaria
3417 3000 3472 3050 et
3519 2999 3695 3052 duces

274 3078 378 3134 ποὶ
418 3079 475 3133 οἱ
505 3078 611 3133 ἀπὸ
638 3085 738 3148 τῆς
770 3076 988 3140 πόλεως
1039 3076 1388 3152 ἐξερχόμενοι
1435 3084 1537 3147 τῆς
1585 3078 1774 3151 ξηρᾶς,
1805 3099 1931 3154 προ·

2053 3077 2337 3134 militares
2369 3081 2424 3132 et
2453 3077 2684 3150 reliqui,
2728 3095 2874 3150 quos
2905 3095 2972 3136 ex
3001 3081 3144 3136 urbe
3176 3081 3234 3136 in
3269 3087 3459 3138 castra
3483 3099 3696 3141 convc-

274 3162 603 3241 ελάμϐανον
656 3168 747 3222 τὸν
810 3165 1037 3240 βασιλέα
1090 3165 1165 3229 εἷς
1227 3164 1430 3239 Πύλας,
1486 3166 1575 3222 καὶ
1625 3166 1714 3222 ὅτε
1741 3167 1804 3222 τὸ
1833 3172 1931 3222 τῶν

2053 3167 2176 3222 nire
2220 3166 2546 3239 oportebat,
2579 3183 2680 3239 per
2728 3183 2923 3223 xeram
2956 3168 3036 3239 [id
3066 3174 3264 3240 ,portae
3311 3169 3546 3227 CPtanaa
3589 3189 3695 3229 no-

274 3260 618 3330 Σαρακηνῶν
678 3257 945 3332 φοσσάτον
1001 3250 1157 3332 ὤφθη
1215 3256 1320 3310 τισὶ
1380 3255 1518 3330 πρὸς
1565 3256 1632 3312 τά
1661 3263 1759 3326 τῆς
1790 3258 1931 3312 Ῥω-

2051 3272 2184 3312 men
2216 3256 2324 3327 est]
2355 3255 2573 3328 egressi
2603 3255 2662 3312 in
2697 3255 2863 3328 Pylas
2894 3257 3340 3328 praevertissenl.
3381 3259 3698 3332 Imperator

273 3344 480 3419 μανίας
524 3347 826 3418 σῦστάμενα
867 3348 965 3419 (6),
1013 3347 1079 3414 ἦν
1131 3345 1160 3400 6
1217 3345 1469 3419 βασιλεὺς
1519 3346 1675 3410 εὐθὺς
1723 3346 1798 3408 εἰς
1835 3346 1931 3402 άπ-

2049 3345 2246 3417 itaque
2275 3345 2415 3400 illuc
2447 3345 2697 3414 delatus,
2725 3345 2775 3401 si
2805 3346 3024 3418 quibus
3058 3347 3253 3418 aliqua
3281 3347 3340 3404 in
3383 3354 3545 3420 parte
3583 3349 3698 3406 Ro-

270 3435 506 3505 άντησιν
567 3435 761 3490 αὐτοῦ’
819 3437 1040 3504 Ἰστέον,
1089 3435 1174 3490 ’ὸτι
1229 3435 1280 3489 οἱ
1328 3433 1723 3510 προῤῥηθέντες
1779 3437 1938 3506 φανοὶ

273 3520 603 3598 διεκράτουν
665 3523 834 3604 μέχρι
910 3528 1018 3579 τῶν
1073 3525 1294 3599 ἡμερῶν
1358 3523 1591 3602 Μιχαὴλ
1663 3523 1938 3599 βασιλέως

269 3618 372 3669 τοῦ
422 3613 484 3668 ἐκ
532 3614 819 3687 Θεοφίλου.
871 3617 1067 3672 Ὀντος
1116 3611 1173 3668 δὲ
1225 3614 1389 3668 αὐτοῦ
1437 3634 1570 3669 ποτε
1618 3613 1670 3669 ἐν
1721 3615 1799 3686 τῷ
1837 3618 1937 3669 τοῦ

270 3705 472 3782 Ἀγίου
507 3707 804 3777 Μάμαντος
837 3709 912 3778 (7)
945 3706 1222 3778 προκένσῳ
1252 3704 1342 3760 καὶ
1377 3703 1678 3777 μὲλλοντος
1710 3712 1936 3774 ποιῆσαι

271 3790 678 3867 ἱπποδρόμιον,
730 3793 782 3847 ἐν
841 3793 886 3864 ᾦ
939 3792 1028 3846 καὶ
1060 3793 1173 3847 ἀντὶ
1209 3791 1478 3868 βασιλέως
1505 3791 1736 3867 ἡνίοχος
1769 3792 1934 3867 ἐγνωο

275 3879 464 3955 ρίζετο
506 3879 618 3951 (καὶ
673 3880 773 3953 γάρ
843 3878 894 3933 ἐν
947 3884 1067 3940 ταῖς
1123 3876 1490 3949 ἱππηλασίαις
1547 3879 1661 3934 ἀντὶ
1700 3879 1935 3956 ἡνιόχου

271 3966 630 4041 ἱππηλάτει),
661 3963 856 4038 συνέϐη
916 3967 1043 4032 τοὺς
1099 3969 1348 4032 συνήθεις
1407 3969 1536 4042 ἅψαι
1586 3967 1806 4044 φανοὺς,
1844 3967 1934 4022 καὶ

272 4058 392 4112 εἶπε
423 4060 589 4112 τοῦτο
639 4054 1112 4134 διαλογισάμενος,
1161 4057 1244 4112 ὅτι
1297 4081 1324 4108 ‹‹
1371 4057 1436 4113 Εἰ
1488 4054 1800 4128 κατάδηλος
1846 4055 1935 4130 γέ-

270 4168 434 4217 νηται
493 4149 528 4216 ἡ
583 4142 766 4218 ἔξοδος
822 4151 931 4203 τῶν
989 4151 1340 4222 Σαρακηνῶν,
1408 4144 1822 4217 λυπηθήσονται
1881 4147 1933 4200 οἱ

271 4233 527 4304 πολῖται,
584 4237 674 4291 καὶ
733 4235 795 4292 οὐ
853 4237 928 4310 μὴ
982 4235 1271 4310 ἐξέλθωσιν
1328 4235 1404 4300 εἰς
1450 4236 1514 4291 τὸ
1562 4233 1934 4311 ἱπποδρόμιον

272 4328 408 4402 πρὸς
467 4329 530 4382 τὸ
584 4330 681 4397 τὴν
741 4327 881 4401 ἐμὴν
940 4327 1282 4401 ἱππηλασίαν
1340 4329 1649 4399 θεάσασθαι,
1685 4353 1704 4380 ι
1745 4329 1840 4384 Καὶ
1875 4328 1934 4383 ἐκ

2051 3435 2208 3491 mani
2264 3435 2421 3491 orbis
2469 3436 2761 3507 conspecti
2813 3435 3059 3492 fuissent
3102 3432 3396 3505 Saraceni,
3429 3438 3696 3510 protinus

2049 3540 2114 3580 eo
2165 3524 2432 3580 movebat
2477 3523 2622 3596 ipsis
2671 3523 2926 3581 obviam.
2960 3524 3082 3580 Mos
3133 3525 3229 3582 ille
3289 3543 3390 3597 per
3442 3529 3695 3584 laternas

2047 3630 2324 3670 accensas
2372 3629 2402 3668 e
2443 3613 2734 3684 praedictis
2764 3615 3020 3686 speculis
3058 3603 3561 3674 delincursatioue
3592 3617 3697 3674 bo-

2045 3703 2226 3758 stium
2273 3703 2640 3773 signiIICandi
2689 3703 2991 3759 obtinebat
3021 3721 3206 3776 usque
3246 3707 3316 3761 ad
3351 3707 3694 3763 Michaelem

2044 3790 2476 3861 imperatorem,
2507 3791 2811 3861 Theophili
2839 3792 3024 3847 filium
3055 3817 3069 3859 ;
3105 3794 3204 3864 qui
3233 3809 3366 3848 eum
3399 3795 3696 3866 abrogavit

2043 3878 2151 3932 hac
2183 3877 2253 3933 de
2283 3893 2458 3932 causa
2491 3895 2504 3932 :
2538 3878 2923 3950 Coulingebat
2952 3880 3286 3951 aliquando,
3321 3881 3422 3938 illo
3456 3898 3692 3953 proces-

2042 3967 2264 4022 sionem
2295 3967 2354 4022 S.
2381 3966 2696 4022 Mamantis
2725 3974 2929 4038 agente
2949 3969 3029 4037 [id
3063 3969 3225 4024 estin
3251 3970 3464 4040 palatio
3482 3972 3542 4029 S.
3571 3972 3693 4027 Ma-

2045 4055 2257 4111 mentis
2307 4055 2676 4126 rusticante],
2707 4060 2764 4111 et
2793 4061 3086 4112 certamen
3137 4064 3403 4129 equestre
3435 4075 3534 4130 per
3580 4063 3692 4118 cir-

2043 4163 2176 4203 cum
2208 4145 2329 4218 [qui
2379 4145 2460 4201 ibi
2498 4150 2600 4213 est]
2653 4147 2899 4215 edituro,
2932 4146 2994 4203 in
3043 4163 3154 4218 quo
3192 4147 3369 4204 etiam
3401 4166 3503 4221 pro
3556 4166 3691 4224 rege

2039 4237 2243 4308 auriga
2271 4241 2623 4308 conspectus
2669 4235 2798 4303 fuit,
2831 4234 3066 4308 qualem
3097 4253 3404 4308 personam
3445 4239 3690 4296 induere

2040 4341 2295 4398 persaepe
2325 4323 2550 4382 solebat
2579 4323 2639 4380 in
2662 4323 2918 4381 editione
2939 4324 3146 4382 talium
3173 4329 3644 4398 spectaculorum
3670 4343 3683 4383 :

1314 4459 1518 4516 JOAN.
1538 4459 1685 4518 JAC.
1728 4456 1995 4516 REISKII
2026 4452 2620 4515 COMMENTARIUS.

275 4646 591 4794 Erat
619 4723 770 4794 apud
806 4722 1046 4779 Prusam
1078 4727 1134 4780 et
1163 4723 1494 4794 Olympum.
1530 4727 1926 4794 Damascepus

275 4787 504 4883 Studita
559 4787 767 4879 llorhil.
805 4795 1084 4883 25‘(a'pud
1125 4796 1204 4850 Du
1234 4787 1521 4883 Oangium
1551 4787 1924 4883 v.‘I]at.0‘a.605-

274 4863 350 4932 νι)
381 4879 401 4918 :
430 4868 794 4936 κυνηγοῦντας
839 4863 921 4936 με
943 4864 1150 4927 ἄλλους
1180 4863 1428 4928 πολλοῦς
1458 4863 1535 4936 εἰς
1574 4865 1666 4936 τὸν
1704 4864 1924 4936 Ὀλυμ·

271 4952 376 5014 πον
415 4939 517 5000 τῆς
556 4933 805 5009 ΙῙροόσας
833 4933 970 5010 πρὸς
1001 4938 1062 4991 τὸ
1092 4941 1189 4992 τοῦ
1220 4936 1410 5011 Ἀγίου
1442 4933 1728 5005 Αὖξεντίου
1759 4933 1926 5009 παρα-

272 4998 478 5081 ξουνιν.
521 5020 574 5060 v.
627 5014 706 5081 Du
753 5008 1039 5081 Cangium
1083 5011 1154 5066 ad
1197 5010 1458 5065 Cinnam.
1505 5025 1559 5078 p.
1609 5008 1734 5063 435.
1765 5014 1824 5064 et
1852 5008 1924 5064 ad

270 5076 508 5142 Zonar.,
543 5091 598 5145 p.
632 5080 722 5133 81.
880 5076 909 5081 “
1508 5076 1519 5078 “

344 5147 422 5218 (5)
459 5149 623 5222 forte
660 5165 739 5222 ex
769 5167 856 5218 eo,
903 5153 1052 5222 quod
1090 5151 1404 5207 admodum
1454 5149 1720 5208 excelsus
1750 5155 1919 5218 esset,

270 5216 412 5276 tcstc
471 5216 794 5295 Nicepho‘ro
846 5216 1026 5295 Ῥείη-.-
1063 5222 1290 5295 CPtano
1331 5227 1509 5295 Brev.
1558 5240 1612 5295 p.
1661 5223 1787 5295 2'23,
1821 5216 1916 5278 ubi

271 5296 560 5385 memorat
600 5289 834 5385 οἰκίδιον
872 5293 1210 5385 στενώπατῖον
1247 5292 1369 5385 ὑετὸ-
1389 5294 1489 5362 τὴν
1525 5289 1622 5385 τοῦ
1659 5293 1918 5385 μιεγίστσυ

270 5360 432 5491 ipso?
476 5359 770 5490 ἱδρέμένον
810 5363 1111 5441 ἀκρώρειαν
1143 5363 1170 5419 5'
1198 5362 1428 5419 καλοῦσι
1447 5359 1555 5420 -τοῦ
1586 5359 1778 5442 Ἀγίου
1817 5365 1922 5423 Αὖ-

301 5454 388 5490 εντ
423 5452 488 5486 ου
603 5456 725 5491 00v.

271 5435 488 5506 ξεντίου
532 5435 725 5513 λόφον.
883 5435 893 5440 ⁷
967 5435 976 5441 ’
1666 5435 1677 5442 '

340 5507 531 5582 (6)_Ita
564 5511 940 5578 membranas,
975 5515 1033 5567 et
1082 5509 1298 5579 patitur
1346 5509 1788 5582 expositionem.
1838 5510 1921 5582 Τὰ

273 5577 570 5656 συστάμενα
653 5585 781 5656 (pro
873 5577 1250 5656 συνιστάμενα)
1311 5577 1436 5656 ζωι-
1487 5582 1554 5635 τὰ
1619 5581 1921 5653 συπαμὲνα

273 5651 398 5774 {Ero
456 5651 847 5728 συνεστῐμένα)
911 5659 1012 5723 τῆς
1075 5651 1386 5726 Ῥωμανίας
1462 5658 1748 5737 possunt.
1791 5651 1922 5710 esse

275 5731 419 5774 tem
501 5729 672 5774 atoue
753 5726 816 5774 τὸ
875 5726 1145 5774 σύστημα-
1214 5731 1399 5774 totum
1463 5741 1675 5774 cornus
1733 5741 1918 5774 Imna-

275 5726 419 5778 idem
501 5726 696 5800 atque
753 5726 816 5780 τὸ
875 5726 1145 5800 σύστημα,
1214 5731 1400 5783 totum
1463 5741 1675 5799 corpus
1733 5726 1918 5799 impe-

347 4573 427 4662 (3)
461 4577 560 4632 Est
587 4581 844 4635 castrum
865 4577 1162 4635 Elmacino
1183 4577 1494 4651 aliquoties
1515 4582 1928 4648 memoratum,
1962 4579 2007 4646 ι)
2039 4574 2109 4662 rii
2153 4589 2287 4632 cum
2317 4573 2445 4630 suis
2482 4572 2904 4644 appendicibus
2936 4589 2950 4642 ;
2985 4572 3220 4631 mallem
3265 4578 3461 4634 tamen
3502 4596 3690 4633 συστα-

2043 4665 2538 4791 wz‘g’lmperator
2581 4716 2764 4791 victor
2808 4715 2868 4772 in
2905 4717 3285 4791 circensibus
3332 4719 3489 4777 ludis
3525 4723 3594 4778 ad
3623 4727 3682 4780 Β.

2035 4787 2363 4861 Mamantis.
2417 4788 2623 4860 Georg.
2689 4787 2962 4861 Monach.
3015 4807 3072 4861 p.
3120 4791 3248 4858 541,
3306 4792 3430 4848 ulbi
3475 4794 3682 4852 multa.

2036 4863 2264 4934 Bulgari
2299 4859 2624 4934 Mamantis
2653 4859 2941 4934 palatium,
2968 4859 3234 4934 aliasque
3281 4865 3434 4920 mdes
3491 4877 3684 4924 vasta-

2036 4932 2191 5010 runt.
2241 4939 2506 5010 S_y_me_on.
2575 4932 2722 5003 Meg.
2774 4948 2829 5003 p.
2887 4932 3010 5010 408..
3074 4932 3381 5000 Palatium,
3440 4936 3680 5010 iniquo

2032 5005 2273 5087 Michael
2288 5003 2570 5088 Ebriosus
2601 5019 2752 5088 saepe
2780 5005 3108 5088 aurigabat,
3138 5013 3453 5088 erateatra
3482 5003 3680 5088 QPIin.

2034 5093 2134 5133 seu
2183 5077 2242 5131 in
2301 5075 2584 5130 suburbio
2645 5073 2802 5129 Pera.
2836 5073 2965 5130 Vid.
3008 5075 3307 5136 Constant.
3358 5078 3469 5133 Vit.
3503 5079 3677 5135 Basil.

2033 5150 2249 5232 M_aced.
2280 5163 2354 5232 'p.
2405 5145 2715 5232 1523fi‘nfra
2756 5162 2838 5232 pL
2864 5147 2990 5202 290.
3021 5147 3165 5204 Hinc
3194 5150 3412 5204 dicitur
3440 5144 3593 5232 ὄντος
3627 5149 3678 5204 ἐν

2028 5224 2109 5290 τῷ
2128 5215 2406 5290 προκένσῳ
2435 5219 2530 5270 τοῦ
2547 5214 2736 5290 Ἁγίου
2757 5214 3075 5290 Μάμαντος,
3093 5237 3223 5275 cum
3250 5223 3679 5291 processionem

2030 5295 2099 5347 ad
2132 5294 2190 5348 S.
2232 5291 2534 5346 Mamautis
2585 5290 2813 5350 laceret.
2850 5290 2948 5345 ubi
2997 5293 3344 5348 rusticatum
3395 5298 3453 5348 et
3499 5294 3678 5350 simul

2030 5310 2099 5347 80
2132 5310 2190 5348 δ.
2232 5310 2534 5346 Μειωυιιιιε
2585 5310 2813 5358 ιυεστθι,
2850 5310 2948 5345 υοι
2997 5310 3344 5348 Γυειισαῑυω
3395 5310 3453 5348 et
3499 5310 3678 5350 81ml.“

2031 5364 2241 5449 festum
2287 5363 2419 5449 ejus,
2451 5358 2844 5449 celebratum,
2889 5364 3042 5432 quod
3095 5365 3149 5418 in
3182 5365 3356 5449 .diem
3393 5366 3678 5449 gnJunii

2030 5436 2346 5500 incidebat,
2409 5439 2471 5487 ut
2529 5448 2559 5488 e
2622 5433 2974 5504 The0phane
3031 5439 3258 5490 constat
3293 5453 3346 5506 p.
3392 5437 3516 5502 398,
3575 5439 3676 5508 qui

2030 5516 2206 5564 etiam
2243 5525 2298 5575 p.
2353 5506 2478 5570 363,
2512 5504 2596 5558 ait
2645 5504 2703 5559 in
2753 5504 2860 5559 isto
2905 5509 3050 5561 l'esto
3107 5523 3207 5575 per
3238 5517 3523 5575 peractam
3583 5525 3678 5564 so-

2030 5516 2206 5564 etiam
2243 5525 2298 5577 p.
2353 5516 2478 5570 303,
2512 5516 2596 5585 ait
2645 5520 2703 5559 In
2753 5516 2860 5559 Isto
2905 5516 3050 5586 testo
3107 5523 3207 5575 per
3234 5517 3523 5586 peractam
3583 5525 3674 5564 σοι

2030 5583 2284 5635 lemnem
2323 5590 2770 5659 .pro‘ceestonem
2831 5592 2925 5647 agt
2973 5593 3346 5659 consuewsse
3383 5590 3674 5638 certamen

2029 5658 2296 5723 equestre
2321 5646 2380 5704 in
2414 5646 3138 5722 Blachernarum’palatio.
