4060 6214
370 351 489 411 935

1389 336 1929 403 CONSTANTINI
1976 333 2669 403 PORPHYROGENITI

3647 337 3760 398 936

371 480 746 552 contingebat
785 477 967 549 igitur
1015 490 1083 533 eo
1114 482 1394 548 tempore,
1426 478 1494 531 ut
1524 479 1804 531 consueto
1836 474 2008 530 modo

2140 472 2245 527 τότε
2330 468 2605 541 διετάξατο
2676 471 2752 544 μὴ
2820 469 3006 526 ἃπτειν
3067 466 3198 531 τοὺς
3260 463 3486 542 φανούς.
3556 462 3766 536 Ἰστέον,

368 572 603 627 laternaa
636 568 745 623 illa;
794 565 929 622 belli
971 565 1189 621 indices
1222 580 1475 622 accensa;
1517 565 2010 637 conspicerentur.

369 656 840 715 Ratiocinahatur
866 656 1061 727 itaque
1111 671 1309 712 secum
1342 654 1449 711 hoc
1481 656 1651 710 mado
1684 671 1697 709 :
1732 677 1760 705 «
1795 655 1852 711 Si
1886 671 2014 726 per-

370 747 603 816 misero,
638 751 701 803 ut
757 762 955 801 rumor
1009 744 1081 802 de
1125 748 1542 802 Saracenorum
1599 744 1897 800 invasione
1954 744 2015 799 in

369 837 525 894 cives
561 842 813 901 emanet,
841 834 1139 891 tristitiam
1192 834 1328 891 inde
1377 834 1709 906 concipient
1742 849 1930 905 neque
1958 834 2013 888 in

369 927 588 983 circum
620 942 781 982 meas
813 925 1208 998 aurigationes
1239 928 1561 991 spectatum
1592 922 1951 979 convenient.
1987 944 2016 974 »

369 1016 439 1072 Et
488 1021 785 1087 propterea
833 1014 1084 1080 vetabat,
1144 1014 1527 1083 imposterum
1586 1012 1839 1069 laternas
1888 1013 2019 1069 illas

370 1105 670 1162 acceundi.
702 1104 853 1161 Olim
889 1108 1061 1176 typus
1093 1119 1196 1159 seu
1228 1108 1392 1159 tenor
1421 1103 1508 1159 vel
1543 1104 1728 1159 forma
1756 1104 1878 1159 hinc
1916 1104 2021 1159 ob-

371 1195 713 1252 servabatur
755 1194 813 1250 in
847 1192 1001 1265 rogis
1033 1198 1133 1248 aut
1162 1192 1469 1264 stipendiis
1501 1192 1854 1248 militaribus
1899 1193 2020 1249 sol-

371 1285 596 1342 vendis.
649 1282 921 1339 Bolebant
976 1281 1232 1337 themata
1290 1298 1391 1337 seu
1462 1281 1715 1353 legiones
1780 1281 2019 1353 singulas

373 1378 577 1447 quarto
594 1374 800 1445 quovis
831 1387 985 1427 anno
1017 1378 1380 1426 reccurrente
1405 1384 1539 1425 suas
1561 1387 1732 1442 rogas
1763 1375 2023 1442 accipere

372 1463 483 1520 hoc
530 1462 790 1518 modulo.
824 1461 941 1516 Hoc
972 1462 1158 1531 primo
1197 1476 1351 1515 anno
1391 1458 1753 1530 accipiebant
1783 1460 2022 1533 strateg'i

372 1552 434 1608 h‘i
468 1568 482 1609 :
516 1550 874 1616 Anatolicus,
921 1549 1322 1613 Armeniacus,
1351 1548 1719 1605 Thracesius.
1756 1551 2022 1607 Secundo

374 1657 527 1697 anno
568 1640 626 1695 hi
661 1657 675 1697 :
708 1639 1080 1709 Opsicianus,
1115 1637 1490 1701 Bucellarius,
1523 1637 1856 1709 Cappadox.
1880 1640 2024 1695 Ter-

372 1730 450 1786 tio
498 1729 554 1785 hi
597 1746 610 1787 :
658 1729 985 1795 Chrasiani,
1028 1728 1295 1789 Colonia.
1349 1728 1775 1799 Paphlagoniae.
1810 1732 2024 1795 Quarto

2124 562 2301 616 ὅτιτὸ
2331 560 2563 616 παλαιὸν
2612 559 2781 622 τύπος
2826 562 2915 629 ἧν,
2968 560 3033 613 τὰ
3083 557 3291 631 θέματα
3330 558 3642 634 ῥογεῦεσθαι
3670 579 3773 612 και-

2122 650 2190 705 τᾶ
2218 650 2448 723 τέσσαρα
2503 646 2619 721 ἔτη,
2671 649 2836 705 οἱονεὶ
2883 654 2963 723 τῷ
3011 654 3184 722 καιρῷ
3230 651 3409 721 τούτῳ
3462 649 3490 703 6
3553 648 3774 703 ’Λνατο-

2127 738 2303 808 λικὸς,
2337 741 2364 794 ὁ
2396 740 2773 813 Ἀρμενιακὸς,
2807 739 2835 794 6
2876 741 3181 814 Θρᾳκήσιος
3226 740 3326 811 (8)·
3373 742 3454 809 τῷ
3507 735 3565 792 δὲ
3611 738 3773 811 ἑτέρῳ

2125 828 2314 908 χρόνῳ
2353 829 2380 882 6
2428 828 2766 903 Ὀψικιανὸς,
2818 829 2846 883 6
2889 827 3314 903 Βουκελλάριος,
3374 828 3403 882 6
3465 824 3769 899 Καππάδοξ*

2126 924 2207 992 τῷ
2251 916 2309 974 δὲ
2350 917 2509 991 ἄλλῳ
2559 918 2745 995 χρόνῳ
2795 919 2822 974 6
2866 918 3257 995 Χαρσιανίτης,
3302 919 3331 973 6
3384 916 3717 989 Κολωνείας,
3747 920 3775 974 6

2129 1006 2543 1087 Παφλαγωνίας·
2594 1006 2684 1062 καὶ
2733 1006 2895 1062 παλιν
2953 1012 3032 1079 τῷ
3098 1006 3264 1083 ἑτέρῳ
3314 1007 3341 1061 6
3388 1013 3489 1076 τῆς
3539 1006 3779 1082 θρέκης,

2129 1099 2158 1153 6
2190 1093 2553 1164 Μακεδονίας,
2603 1096 2631 1151 6
2677 1094 2940 1159 Χαλδίας.
2993 1097 3090 1153 Καὶ
3138 1101 3245 1152 τῶν
3295 1094 3338 1151 δ’
3383 1095 3599 1172 χρόνων
3632 1094 3785 1151 διελ-

2128 1186 2355 1256 θόντων,
2413 1184 2579 1240 πάλιν
2640 1184 2988 1262 ἐῤῥογεύοντο
3064 1187 3131 1241 τὰ
3208 1184 3526 1262 ῥογευθὲντα
3582 1185 3789 1258 θέματα

2126 1275 2207 1347 τῷ
2265 1275 2469 1349 πρώτῳ
2528 1275 2739 1353 χρόνῳ.
2800 1275 2951 1344 Δέον,
3008 1277 3211 1337 πάντας
3260 1276 3389 1337 τοὺς
3444 1275 3789 1349 στρατηγοῖκ

2128 1370 2305 1422 ποιεῖν
2354 1386 2412 1420 τε
2459 1366 2829 1441 παραγγελίαν
2892 1366 2967 1428 εἰς
3014 1365 3143 1427 τοὺς
3191 1366 3550 1439 τουρμὰρχας
3592 1364 3797 1445 αὐτῶν,

2129 1453 2365 1511 κάκεῖνοι
2412 1453 2487 1518 εἷς
2533 1456 2658 1517 τοὺς
2728 1452 3315 1533 δρουγγαροκόμητας,
3386 1455 3477 1509 ἳνα
3540 1454 3616 1510 ἐνὶ
3668 1455 3803 1509 ἑκά-

2132 1566 2241 1618 στῳ
2292 1545 2473 1618 βάντῳ
2521 1539 2696 1623 ἔχωσι
2755 1546 2848 1601 τὸν
2918 1543 3280 1620 κομοδρόμον
3332 1543 3526 1615 αὐτῶν,
3579 1544 3800 1618 ὁμοίως

2132 1633 2222 1688 καὶ
2278 1634 2627 1709 τζαγγάριον·
2699 1634 2793 1688 καὶ
2849 1634 2988 1690 κατά
3048 1634 3244 1708 βάντον
3295 1630 3466 1709 ἔχωσι
3515 1634 3657 1711 πρὸς
3708 1630 3800 1688 ἕνα

2135 1724 2296 1778 ἀσκὸν
2350 1724 2553 1796 βόειον,
2601 1722 2691 1777 καὶ
2740 1723 2840 1777 ᾶνά
2889 1720 2985 1778 δύο
3034 1723 3215 1779 ἀσκῶν
3261 1722 3496 1778 ἀπισίων
3546 1724 3688 1798 πρὸς
3735 1724 3798 1778 τὸ

371 1820 606 1875 tandem
626 1819 908 1884 Thraciae,
933 1816 1279 1872 Macedoniae
1304 1820 1359 1871 et
1379 1815 1647 1871 tthaldizs.
1671 1816 2023 1874 Recurrebat

2140 1810 2379 1873 εὐκόλως
2429 1810 2685 1887 διαπερᾷν
2744 1812 2941 1875 αὐτοὺς
3006 1814 3136 1875 τοὺς
3206 1813 3389 1887 βαθεῖς
3442 1812 3533 1867 καὶ
3593 1812 3799 1868 δυσκό-

369 1909 580 1965 deinde
600 1908 749 1965 285
779 1908 936 1965 orbis
961 1909 1363 1979 erogationum
1384 1907 1453 1961 ad
1476 1908 1626 1962 idem
1645 1907 2019 1979 principium.

2140 1901 2265 1962 λους
2306 1864 2611 1974 uorago-5c:
2671 1898 2845 1979 ἔχωσι
2900 1898 2956 1956 δὲ
3009 1902 3098 1956 καὶ
3156 1864 3234 1957 τί
3277 1899 3554 1977 ἐργαλεῖα,
3616 1902 3795 1958 αὐτῶν

370 1997 825 2069 decurrebatque
875 1998 1085 2053 iterum
1119 2002 1297 2067 atque
1332 1997 1542 2052 iterum
1576 1999 1810 2053 easdem
1845 1998 2022 2066 vices,

369 2085 587 2143 Debent
619 2086 854 2157 strategi
878 2084 1216 2141 mandatum
1251 2086 1309 2140 in
1344 2085 1615 2141 subditos
1640 2086 1751 2141 sibi
1775 2090 2025 2142 turmar-

367 2175 532 2243 chas,
592 2180 649 2233 et
706 2175 764 2230 hi
829 2176 888 2231 in
948 2176 1215 2231 subditos
1278 2175 1390 2230 sibi
1486 2176 2024 2246 drungarocomites

372 2264 563 2333 edere,
599 2268 660 2319 ut
690 2265 1155 2336 unumquodque
1180 2264 1434 2319 handum
1467 2281 1568 2320 seu
1602 2264 1876 2321 vexillum
1927 2269 2029 2320 aut

377 2352 584 2411 cohors
604 2352 811 2410 habeat
844 2370 1017 2409 suum
1038 2354 1478 2409 comodromum
1511 2370 1612 2410 seu
1654 2355 1883 2410 fabrum
1911 2355 2025 2410 ter-

369 2442 615 2512 rarium,
640 2449 704 2499 ut
721 2449 778 2499 et
794 2450 1050 2500 sutorem
1076 2443 1448 2512 calcearium,
1466 2443 1849 2517 singulosque
1874 2452 2026 2499 utres

369 2534 642 2605 bovillos,
666 2540 723 2592 et
756 2535 923 2591 binos
952 2540 1112 2591 utres
1132 2552 1200 2591 ex
1226 2536 1406 2603 aluta,
1428 2551 1539 2607 quo
1563 2534 1769 2591 fluvios
1792 2536 2031 2606 profun-

372 2625 479 2682 dos
530 2630 588 2680 et
633 2625 876 2694 trajectu
907 2625 1180 2680 difficiles
1214 2624 1377 2680 facile
1408 2624 1705 2695 trajiciant
1735 2640 1748 2691 ;
1786 2624 1923 2680 item
1967 2629 2031 2681 ut

371 2729 554 2787 penes
603 2730 665 2769 se
717 2731 1017 2785 nunquam
1064 2730 1178 2769 non
1221 2714 1475 2768 habeant
1504 2713 1895 2769 instrumenta
1925 2729 2030 2770 sua

373 2805 595 2875 absque
625 2801 809 2858 ullius
841 2804 1095 2869 defectu,
1130 2819 1362 2859 secures
1393 2810 1532 2874 puta
1554 2802 1817 2874 singulas
1849 2807 1905 2858 et
1934 2803 2032 2858 do-

2133 1988 2464 2058 ἀνελλιπῶς,
2514 1992 2685 2065 ἤγουν
2738 1990 3009 2065 ἁξινάριον
3058 1991 3139 2062 ἓν,
3192 1992 3482 2066 σκεπάριον
3542 1992 3608 2065 α’,
3663 2012 3792 2065 σμι-

2135 2083 2324 2159 λαριον
2380 2084 2423 2137 α’
2474 2083 2610 2157 μετὰ
2659 2085 2756 2138 τοῦ
2814 2079 3156 2161 ξυλοσιρύρου
3206 2083 3389 2138 αὑτοῦ·
3455 2085 3558 2153 τήν
3622 2083 3791 2153 αὐτὴν

2132 2171 2503 2248 παραγγελίαν
2558 2175 2733 2227 ποιεῖν
2783 2172 2873 2227 καὶ
2924 2172 2952 2226 6
3005 2169 3328 2246 δομέστικος
3388 2175 3495 2227 τῶν
3564 2170 3791 2248 σχολῶν

2133 2264 2220 2318 καὶ
2277 2262 2356 2325 είς
2403 2263 2497 2318 τὸν
2548 2262 2945 2337 τοποτηρητήν
2990 2267 3098 2317 τῶν
3150 2259 3401 2340 σχολῶν,
3445 2259 3538 2316 ἵνα
3593 2262 3684 2317 καὶ
3743 2261 3795 2316 οἱ

2133 2354 2374 2427 κόμητες
2432 2354 2568 2409 κατὰ
2629 2352 2751 2428 μίαν
2803 2351 3018 2429 σχολὴν
3074 2355 3174 2423 τὴν
3236 2352 3404 2422 αὐτὴν
3467 2350 3798 2418 ἀκολουθίαν

2136 2439 2361 2518 ἔχωσιν.
2397 2442 2639 2515 Ὁμοίως
2685 2442 2775 2496 καὶ
2827 2442 2855 2497 6
2904 2436 3214 2511 ἐξκούϐιτος
3265 2441 3341 2505 είς
3382 2440 3508 2503 τοὺς
3555 2437 3801 2517 αρίόω-

2136 2552 2227 2595 νας
2275 2530 2439 2586 αὐτοῦ
2498 2533 2722 2601 ποιήσει
2787 2533 2887 2601 τὴν
2938 2530 3108 2601 αὐτὴν
3169 2531 3555 2607 παραγγελίαν,
3609 2532 3699 2586 καὶ
3763 2532 3793 2585 6

2137 2618 2502 2697 δρουγγάριος
2546 2626 2648 2689 τῆς
2703 2619 2907 2697 βίγλης
2952 2620 3027 2684 εἰς
3076 2619 3205 2683 τοὺς
3255 2621 3497 2695 κόμητας
3531 2624 3627 2675 τοῦ
3659 2620 3795 2695 ἄρι-

2138 2712 2303 2783 θμοῦ,
2333 2711 2423 2765 καὶ
2482 2710 2510 2764 6
2558 2710 2812 2773 ἱκανάτος
2858 2708 2936 2773 είς
2982 2714 3108 2773 τοὺς
3140 2707 3393 2785 κόμητας
3425 2710 3586 2766 αὐτοῦ
3616 2708 3795 2785 ἒχιτω

2138 2799 2205 2855 τὰ
2227 2796 2361 2854 αὒτὰ
2395 2798 2672 2875 ἐργαλεῖα.

366 2894 560 2951 labras
600 2894 864 2966 singulas
895 2902 949 2950 et
997 2894 1215 2950 cultros
1246 2911 1455 2951 curvos
1484 2894 1842 2966 scalptorios
1888 2893 2149 2967 singulas
2179 2904 2233 2950 et
2264 2893 2453 2950 clavas
2482 2893 2725 2967 ligneas.
2756 2894 3148 2952 Domesticum
3180 2911 3411 2968 quoque
3441 2894 3784 2951 scholarum

369 2988 596 3057 Oportet
650 2985 868 3041 vicario
925 2983 1260 3041 scholarum
1310 2986 1609 3057 imperare,
1664 2989 1727 3040 ut
1760 2994 1922 3042 curet
1970 2985 2044 3041 ab
2103 2986 2569 3056 uniuscujusque
2606 2984 2824 3042 schola
2871 2986 3084 3042 comite
3130 2985 3252 3042 baro
3306 2988 3428 3057 ipsa
3474 2985 3535 3042 in
3589 2985 3792 3042 schola

368 3092 477 3133 sua
508 3081 778 3149 prompta
806 3080 863 3132 et
894 3082 1098 3148 parata
1128 3076 1348 3132 haberi.
1386 3079 1662 3133 Mandata
1690 3078 1893 3133 eadem
1924 3077 2056 3133 edet
2086 3074 2397 3131 excubitus
2426 3075 2484 3130 in
2518 3091 2654 3132 suos
2677 3075 2996 3146 scribones,
3021 3082 3078 3132 et
3094 3075 3453 3150 drungarius
3499 3076 3712 3149 vigilis
3732 3075 3792 3132 in

371 3166 614 3223 comites
643 3166 901 3233 arithmi,
933 3172 989 3222 et
1018 3166 1328 3222 hicanatus
1358 3166 1417 3221 in
1440 3168 1682 3223 comites
1714 3166 1804 3221 sui
1838 3165 2084 3222 ordinis.

371 3255 744 3345 Observqrzda,
807 3255 1022 3345 quu'ri‘do
1054 3258 1391 3345 .imperatqr
1448 3256 1515 3311 ab
1561 3255 1828 3345 leui-aedito
1924 3270 2022 3345 seu

2140 3253 2276 3309 Ὅσα
2307 3249 2389 3306 δεῖ
2414 3253 2679 3345 γίνεσῳαι,
2709 3252 2836 3345 ’όταν
2856 3250 2984 3345 ιέταν
3014 3250 3290 3345 ἒξπεδίξου
3316 3254 3357 3345 ᾗ
3392 3258 3603 3345 μακρᾶς
3636 3250 3796 3310 ὁδοι-

439 3329 779 3398 cxpeditz'one
820 3328 1081 3391 militari,
1121 3327 1301 3382 aliove
1334 3329 1494 3397 longo
1524 3336 1573 3382 et
1610 3329 1876 3381 diuturno
1920 3330 2017 3381 iti-

438 3414 572 3453 nere
602 3400 659 3453 in
693 3399 887 3452 urbem
917 3402 1240 3453 revertatur.

438 3484 737 3539 Redeunte
769 3485 1139 3554 imperatore,
1176 3488 1322 3538 ttunt
1352 3483 1550 3539 eadem
1575 3485 1770 3539 omnia
1798 3486 2001 3541 eodem

351 3578 569 3638 tenore,
603 3588 731 3642 quas
764 3571 908 3637 ﬁeri,
941 3588 1005 3627 eo
1036 3576 1308 3635 abeunte,
1342 3572 1599 3627 diximus
1640 3572 1700 3628 in
1739 3576 1998 3644 superio-

346 3658 531 3716 ribus.
570 3657 674 3714 Ubi
700 3669 894 3714 autem
925 3660 996 3714 ad
1030 3658 1570 3731 Cinstantinopolin
1604 3663 1865 3728 accessit,
1899 3679 1999 3719 oc-

347 3754 592 3805 currunt
648 3749 756 3820 ipsi
817 3765 1106 3819 proceres,
1139 3748 1240 3820 qui
1296 3750 1453 3804 domi
1515 3756 1870 3820 manserant,
1942 3751 1999 3807 in

349 3839 582 3911 Rhegio
620 3837 881 3912 [navali].
916 3838 979 3894 Et
1021 3838 1299 3894 tribunus
1345 3838 1580 3910 quidem
1625 3841 2007 3910 praesentalis,

361 3930 459 3999 qui
503 3932 863 3984 remanserat
899 3928 958 3983 in
993 3929 1151 3996 urbe,
1183 3929 1571 3984 custodiendas
1605 3929 1762 3985 illius
1813 3947 2012 3997 causa,

358 4018 612 4074 occurrit
658 4017 770 4087 ipsi
802 4018 861 4073 in
896 4018 1115 4073 mantio
1161 4034 1262 4073 seu
1315 4034 1456 4089 sago
1489 4034 1677 4084 russo,
1711 4021 1909 4075 statim
1945 4036 2013 4076 ex

358 4121 471 4179 quo
505 4106 676 4164 modo
708 4106 1026 4178 imperator
1056 4107 1209 4178 apud
1244 4106 1529 4178 Rhegium
1565 4108 1769 4179 pedem
1816 4125 1846 4165 e
1880 4110 2009 4165 navi

2455 3324 2672 3398 πορίας,
2714 3322 3070 3404 ἐπανέρχεται
3111 3326 3139 3380 6
3188 3322 3465 3401 βασιλεῦς.

2216 3489 2697 3563 Ἐπανερχομὲνου
2762 3494 2861 3545 τοῦ
2922 3491 3216 3566 βασιλέως,
3290 3490 3357 3546 τὰ
3423 3490 3556 3546 αὐτὰ
3624 3491 3802 3546 πάντα

2136 3577 2344 3650 γίνεται
2374 3577 2511 3632 κατᾶ
2548 3580 2646 3647 τὴν
2680 3576 2827 3636 ὁδὸν.
2861 3580 2959 3634 ὅσα
3008 3579 3063 3635 ἐν
3098 3584 3175 3653 τῷ
3203 3580 3419 3636 ἀπιέναι
3449 3579 3614 3635 αὐτὸν
3646 3580 3807 3652 εἰρὴ-

2135 3685 2324 3737 καμεν.
2390 3665 2683 3741 Γινομένου
2764 3670 2933 3724 αὐτοῦ
2999 3669 3124 3745 περὶ
3193 3666 3801 3736 Κωνσταντινούπολιν,

2144 3754 2195 3808 οἱ
2227 3754 2618 3828 ὰπομείναντες
2666 3756 2929 3837 ἄρχοντες
2976 3759 3301 3815 ἆπαντοῦσιν
3348 3759 3400 3815 ἐν
3442 3763 3523 3831 τῷ
3564 3758 3799 3833 Ῥηγίῳ·

2123 3840 2249 3898 ἀλλ’
2286 3845 2314 3899 6
2350 3846 2445 3918 μὲν
2506 3841 2799 3920 τριϐοὖνος
2858 3848 3276 3923 πραισεντάλιος
3308 3849 3336 3904 6
3368 3847 3669 3921 ἀπομείνας
3720 3846 3800 3909 εἷς

2130 3934 2529 4008 παραφυλακήν
2582 3943 2687 4006 τῆς
2762 3936 2983 4001 πόλεως
3059 3938 3269 4010 ἀπαντᾷ
3339 3938 3470 4012 μετᾶ
3530 3938 3789 4011 μαντίου,

2126 4018 2255 4091 ἤτοι
2304 4022 2492 4096 σαγίου
2540 4026 2618 4097 (9)
2669 4025 2922 4099 ῥουσέου,
2972 4027 3130 4089 εὐθὺς
3181 4028 3315 4101 μετᾶ
3344 4028 3404 4082 τὸ
3434 4022 3642 4082 κατάϐα
3672 4028 3801 4096 (10)

2141 4114 2239 4166 τοῦ
2266 4111 2517 4188 Ῥηγίου,
2550 4113 2637 4168 καὶ
2666 4117 2977 4189 καθήμενος
3025 4117 3054 4171 6
3104 4115 3363 4191 βασιλεὺς
3391 4114 3467 4179 εἷς
3494 4117 3584 4172 τὸν
3615 4113 3795 4170 ’ίππον

1408 4231 1614 4288 JOAN.
1648 4232 1787 4289 JAC.
1830 4232 2093 4293 REISKll
2143 4236 2739 4298 COMMENTARIUS.

436 4336 511 4406 (8)
544 4336 646 4392 Est
680 4334 987 4406 praefectus
1042 4332 1290 4406 themati
1314 4331 1761 4388 Thracesiorum
1809 4349 1913 4389 seu
1945 4350 2032 4391 ve-

2142 4341 2434 4414 Barthius,
2458 4344 2692 4414 quando
2716 4348 2905 4400 locum
2934 4342 3099 4399 illum
3124 4343 3418 4401 sollicitat.
3450 4344 3667 4400 Thema
3687 4359 3797 4400 seu

366 4405 473 4459 ῑθτί
532 4405 703 4461 Ionia?
750 4410 840 4461 νθι
889 4406 1041 4461 AB“!
1087 4405 1320 4467 ῐῐιίηονίο
1375 4420 1556 4474 mque
1615 4420 1729 4461 non
1780 4407 2030 4462 confun-
2064 4454 2106 4474 η
2140 4412 2288 4470 legio
2320 4405 2761 4470 Thracesiorum
2803 4415 2893 4470 vel
2923 4414 3448 4472 Thracesionorum
3478 4422 3603 4471 erat
3632 4414 3795 4468 inm-

373 4476 764 4559 d,enduslcuni.
796 4482 1075 4559 sequente
1106 4475 1135 4559 ᾇ
1161 4480 1273 4559 γῆς,
1307 4454 1549 4559 δρςίκῖις,
1581 4481 1831 4559 struis-":80
1848 4480 2028 4559 Thra-
2062 4454 2109 4516 Ῑ)
2138 4454 2288 4559 ξεῖν’,ν
2330 4454 3603 4559 tzt.“”;.§i."é.‘1}‘;,'E‘gaii;;"i’i.i"“;.‘;.‘;;i3'{;'
3638 4454 3797 4558 ἐἶξὲ-

370 4545 689 4619 cias_vulgo
721 4550 805 4603 sic
849 4545 1013 4603 dicta:
1037 4548 1201 4619 aqvid.
1235 4545 1536 4602 Constant.
1592 4548 1663 4603 de
1694 4545 1936 4605 thémat.
1972 4567 2029 4619 p.

369 4617 424 4672 7.
474 4616 739 4692 Fabella,
790 4636 968 4692 quam
1004 4617 1079 4692 ibi
1113 4619 1363 4686 infercit,
1399 4634 1513 4673 non
1566 4619 1689 4692 sine
1721 4620 1894 4692 nugis
1930 4616 2032 4692 pro

374 4704 535 4745 more
565 4691 735 4746 istius
765 4691 962 4748 saeculi
991 4690 1197 4755 relata,
1229 4695 1523 4745 auctorem
1568 4690 1744 4746 habet
1774 4690 2033 4747 Herodo-

373 4768 517 4817 tum.
550 4764 594 4817 A
619 4761 943 4819 Thracibus
988 4761 1281 4833 appellata
1310 4767 1399 4817 est
1449 4778 1516 4817 ea
1548 4763 1727 4833 regio,
1752 4762 1850 4832 qui
1902 4778 2031 4819 eam

373 4833 737 4906 sequioribus
783 4835 1143 4903 temporibus
1183 4838 1546 4906 occuparunt
1582 4833 1681 4906 vel
1726 4834 1920 4906 potius
1953 4834 2034 4906 Aab

373 4904 533 4976 omni
564 4921 680 4961 aevo
714 4906 1066 4974 habuerunt,
1096 4906 1183 4960 vel
1218 4904 1529 4976 antequam
1566 4904 1742 4961 Graeci
1776 4904 2035 4962 colonias

373 4975 513 5048 illuc
534 4977 832 5032 ducerent.
856 4975 1515 5048 Protendebaturusque
1536 4982 1603 5031 ad
1629 4978 1842 5033 ostium
1865 4976 2034 5033 Ponti

375 5047 891 5120 Euxini,adeoque
913 5051 1089 5120 etiam
1119 5047 1437 5119 Trojanum
1472 5065 1675 5118 agrum
1711 5050 1768 5103 in
1803 5066 1864 5103 se
1883 5065 2036 5104 com-

376 5119 908 5187 prehendvbatIAd
946 5119 1302 5191 Hellesponti
1338 5126 1646 5190 utramque
1677 5136 1833 5175 oram
1868 5121 2032 5175 babi-

373 5192 581 5247 tahant
631 5192 1040 5249 vetustissimis
1071 5191 1432 5259 temporibus
1467 5191 1739 5255 Thraces,
1782 5208 2034 5258 quorum

377 5261 641 5334 Europaei
691 5282 862 5322 suum
918 5280 1127 5319 nomen
1179 5279 1477 5333 nunquam
1532 5279 1645 5317 non
1708 5268 2033 5329 servarunt,

380 5335 650 5393 Asiastici
700 5344 895 5391 autem
932 5353 1034 5407 pro
1084 5336 1280 5405 aliquo
1328 5340 1590 5403 tempore
1633 5335 2032 5407 perdiderunt,

377 5407 564 5462 donec
613 5408 696 5465 sic
749 5403 975 5464 volo'nt'e
1009 5403 1200 5461 nescio
1233 5422 1352 5475 qua
1383 5410 1611 5459 tortuna
1635 5403 2032 5460 revivisceret.

378 5478 653 5551 Adeoque
684 5486 839 5535 recte
870 5476 1377 5551 GuilelmuaBrito
1401 5475 1716 5551 Philipp._l,
1738 5492 1786 5530 ν.
1820 5475 2035 5551 10,116-

378 5548 607 5607 mcrum
644 5552 981 5607 describens
1020 5552 1101 5605 ait
1133 5567 1145 5605 :
1181 5550 1289 5617 Qui
1316 5566 1440 5617 sum
1464 5555 1609 5604 omni
1642 5548 1927 5603 Thraciam
1953 5550 2033 5603 vi-

374 5621 616 5696 ctoribus
648 5623 833 5696 Argis,
857 5623 912 5678 id
942 5628 1053 5696 est.
1075 5624 1246 5696 cujus
1279 5620 1539 5677 carmina
1568 5625 1851 5696 vastatum
1887 5618 2036 5675 Grac-

374 5695 459 5755 cis
510 5698 689 5752 armis
726 5692 949 5770 'agrum
1001 5693 1319 5767 Trojanum
1376 5696 1635 5757 narrant,
1697 5692 2036 5764 falliturque

2141 4557 2304 4629 bant,
2356 4564 2430 4629 ut
2469 4558 2766 4629 colligitur
2814 4574 2844 4613 θ
2869 4557 3172 4629 Constant.
3208 4560 3280 4615 de
3318 4557 3561 4615 themat.
3608 4575 3664 4629 p.
3701 4557 3796 4613 18.

2214 4627 2503 4701 (9)”Sitne
2555 4626 2645 4684 hic
2704 4629 2813 4684 loci
2848 4626 2982 4701 ἤτοι
3032 4631 3315 4701 particula
3358 4626 3801 4701 interpretativa

2144 4716 2215 4755 an
2249 4699 2632 4773 disiunctiva,
2680 4716 2792 4755 non
2844 4699 3063 4773 liquet.
3090 4701 3331 4757 Videtur
3385 4699 3578 4773 tamen
3634 4701 3800 4773 prius

2144 4770 2359 4845 potius.
2392 4774 2515 4836 Quo
2545 4772 2802 4845 admisso
2836 4770 3015 4845 fuerit
3050 4771 3203 4845 idem
3239 4770 3457 4844 μαντίον
3486 4780 3544 4829 et
3572 4770 3791 4845 σαγίον.

2144 4843 2295 4915 Sane
2325 4858 2440 4899 nou
2474 4845 2722 4915 multum
2744 4844 2972 4899 diversa
2995 4843 3176 4899 fuisse
3205 4843 3470 4900 mentum
3500 4850 3559 4900 et
3578 4843 3793 4915 sagum

2144 4914 2315 4970 credo
2362 4929 2431 4970 ex
2481 4914 2885 4986 iisconstare,
2945 4931 3073 4985 quis
3121 4916 3192 4970 ad
3243 4933 3295 4986 p.
3327 4917 3435 4971 255
3470 4914 3792 4985 disputavi.

2143 4986 2420 5059 Praeterea
2471 4985 2671 5041 malim
2706 4986 2764 5042 in
2809 4987 3029 5059 La_tinis
3057 5002 3184 5041 cum
3231 4985 3481 5059 supponi
3516 5003 3621 5058 pro
3679 4987 3742 5041 in
3777 5004 3791 5041 :

2144 5057 2464 5112 adorantem
2510 5074 2635 5112 cum
2663 5074 2820 5129 sago.
2867 5057 2968 5112 Est
3005 5063 3200 5113 autem
3240 5057 3480 5115 adorare
3504 5057 3632 5113 cum
3659 5073 3797 5127 sago

2145 5130 2772 5202 motitattonequadam
2808 5129 2925 5196 sagi
2953 5130 3007 5183 in
3025 5130 3265 5200 figuram
3286 5130 3545 5202 aliquam
3569 5139 3793 5185 certam

2146 5199 2554 5255 submissionis
2582 5200 2827 5271 dignum
2862 5199 3168 5269 facere,’ut
3197 5219 3300 5257 nos
3332 5199 3500 5258 hodie
3541 5208 3702 5257 motu
3736 5205 3793 5256 et

2146 5272 2336 5343 positu
2371 5273 2624 5342 quodam
2658 5273 2790 5342 pilei
2820 5272 3119 5334 solemus;
3160 5275 3271 5330 vid.
3306 5275 3456 5343 dicta
3477 5274 3545 5329 ad
3578 5288 3710 5343 pag.
3734 5272 3791 5329 8.

2218 5291 2336 5325 situ
2371 5291 2624 5342 quonam
2658 5291 2790 5342 puer
2820 5291 3119 5334 sciemus;
3160 5291 3271 5330 vro.
3306 5291 3456 5328 uicta
3477 5291 3545 5329 au
3619 5291 3710 5343 ag.
3734 5291 3791 5329 δ.

2218 5341 2332 5413 (10)
2371 5344 2471 5399 Est
2524 5350 2790 5399 truncata
2845 5360 2952 5400 vox
3015 5362 3115 5412 pro
3166 5337 3460 5405 κατάϐασις
3500 5291 3613 5400 ver
3636 5362 3800 5397 κατα-

2146 5404 2401 5487 ξάσιμίον,
2435 5416 2586 5484 quod
2648 5416 2811 5487 novis
2832 5404 3055 5487 graecis
3102 5416 3255 5473 idem
3297 5429 3377 5473 est
3410 5404 3583 5487 atque
3626 5434 3797 5468 κατα·

2147 5476 2332 5560 ϐασιςἱ
2357 5476 2476 5560 Ρεή
2530 5492 2690 5544 modo
2729 5481 2891 5541 διάϐα
2921 5487 3223 5560 dicunt_(v.
3277 5476 3590 5560 l)u__Cange
3621 5488 3680 5542 h.
3713 5488 3796 5556 v.)

2146 5572 2248 5626 pro
2309 5549 2582 5632 διάϐασις,
2636 5562 2923 5632 transitus,
2970 5565 3028 5614 et
3063 5549 3195 5614 ἔκὸα
3248 5560 3333 5616 vel
3367 5549 3554 5632 ἔμπαῖ
3591 5549 3801 5632 intra}

2146 5623 2231 5685 ius
2268 5646 2364 5702 ;Av.
2424 5635 2509 5688 bu
2560 5631 2747 5697 Canae
2777 5648 2829 5687 ν.
2887 5623 3055 5702 ἔμπα.
3114 5638 3201 5690 Ita
3258 5623 3444 5690 Latini
3475 5630 3652 5689 medii
3682 5629 3795 5689 aevi

2145 5700 2377 5760 camilla
2408 5718 2512 5778 pro
2542 5700 2935 5779 capillacium.
