4060 6214
285 337 403 398 937

892 335 992 396 DE
1035 336 1498 398 CEltIMONIIS
1544 338 1777 399 AUL/E
1819 338 2302 400 BYZANTINJE
2347 340 2491 402 LIB.
2539 341 2586 403 Ι.
2645 374 2718 389 —-
2762 344 3092 407 APPEND.

3566 348 3686 410 938

282 466 498 546 δέχεται
565 466 752 525 αὐτόν.
814 468 880 526 Ὀ
931 466 989 524 δὶ
1044 474 1339 546 προσκυνεῖ
1388 471 1523 543 μετὰ
1570 475 1668 525 τοῦ
1745 470 1911 546 σαγίοι

2046 472 2339 546 prolatum
2372 476 2433 534 in
2454 478 2786 538 continente
2815 482 3119 553 posuerit;
3172 498 3342 555 quem
3373 484 3684 558 imperator

281 558 470 633 μόνον,
502 558 595 614 καὶ
643 558 885 632 ὀψιγεύει
929 556 1081 614 αὐτό.
1123 560 1191 616 Οἱ
1240 557 1298 614 δὲ
1346 565 1586 633 κόμητες
1630 581 1911 617 κονσιστω·

2038 563 2100 620 in
2139 581 2286 638 equo
2322 568 2607 638 residens,
2657 570 3000 629 adorantem
3045 572 3105 628 in
3147 589 3282 646 sago
3313 556 3681 632 solummodo

277 646 457 723 ριανοὶ
513 646 604 703 καὶ
659 642 940 721 τριϐοῦνοι
993 648 1181 709 πάντες
1242 645 1729 727 λευχειμονοῦντες
1793 649 1911 707 κατέ

2039 653 2260 711 salutat
2288 660 2345 713 et
2364 656 2779 731 obsequentem
2802 659 2974 717 habet
3000 677 3013 715 :
3037 642 3279 719 comites
3309 667 3506 720 autem
3540 680 3681 721 con-

272 737 339 792 τὸ
388 736 521 793 αὐτὸ
566 739 763 813 σχῆμα
799 741 1191 812 προσκυνοῦσιν
1259 737 1349 792 καὶ
1382 737 1749 811 ὁψικεύουσιν.
1782 746 1930 816 Παρ⁶

278 826 486 885 ίσταται
520 826 577 883 δὲ
606 828 790 890 αὐτοῖς
832 825 1192 904 σιλεντιάριος
1231 829 1319 883 καὶ
1356 827 1524 905 λέγει’
1567 855 1593 881 ‹‹
1629 829 1927 905 Φύλαρχος

273 916 600 990 παρουσίας,
655 919 897 989 κόμητες
948 918 1320 991 συστατήριοι,
1364 918 1644 997 φύλαρχοι
1684 938 1925 994 πραιτω-

277 1004 417 1081 ρίου,
446 1029 475 1057 ››
524 1006 587 1063 Ὀ
637 1003 694 1060 at
734 1001 976 1080 ἔπαρχος
1022 1012 1122 1076 τῆς
1165 1005 1382 1070 πόλεως
1426 1007 1516 1062 καὶ
1562 1009 1614 1063 οἱ
1675 1008 1923 1064 ὑπατικοὶ

273 1095 391 1168 καὶ,
426 1094 514 1150 ἐὰν
546 1095 765 1170 εὑρεθῇ,
792 1094 885 1150 καὶ
914 1094 1199 1170 πατρίκιος
1254 1094 1464 1170 ἐμπρὸς
1508 1102 1605 1152 τοῦ
1652 1096 1926 1154 παλατίου

266 1178 638 1251 ἵστανται,καί
668 1183 743 1245 ὡς
772 1181 1011 1257 κατέλθῃ
1042 1187 1141 1239 τοῦ
1159 1180 1363 1254 ἵππου,
1385 1189 1803 1259 προσκυνοῦσιν,
1833 1184 1924 1240 καὶ

273 1268 497 1350 δέχεται
529 1270 724 1335 αὐτοὺς
756 1272 785 1327 6
819 1270 1073 1348 βασιλεὺς
1102 1271 1209 1328 ἀπὸ
1245 1272 1535 1346 στόματος·
1569 1273 1656 1329 ἐὰν
1703 1271 1761 1329 6‘s
1795 1273 1925 1350 βοός

274 1358 466 1419 λονταί
490 1381 630 1424 τινες
656 1365 762 1417 τῶν
794 1361 1081 1437 ἀρχόντων
1095 1363 1186 1418 καὶ
1209 1362 1285 1425 εἰς
1312 1361 1637 1436 Ἡράκλειαν
1666 1362 1921 1419 ἀπελθεῖν

269 1450 430 1506 κάκεῖ
460 1448 705 1521 δέξασθαι
732 1452 822 1506 τὸν
860 1449 1111 1526 βασιλέα,
1140 1452 1229 1507 καὶ
1262 1456 1427 1509 τοῦτο
1478 1451 1679 1524 ἔξεστιν
1712 1453 1919 1517 αὐτοῖς.

266 1539 337 1597 Οἱ
370 1537 429 1595 δὲ
487 1538 873 1618 συγκλητικοὶ,
926 1540 1015 1596 ἐὰν
1071 1544 1210 1615 πεζῇ
1241 1535 1461 1617 ἔρχεται
1502 1543 1530 1596 6
1556 1541 1811 1618 βασιλεὺς
1842 1543 1920 1606 εἰς

262 1629 330 1684 τὸ
355 1624 659 1703 Ἕϐδομον,
689 1627 1013 1685 ἆπαντοῦσιν
1043 1628 1095 1685 ἐν
1126 1633 1196 1704 τῇ
1238 1629 1506 1703 ἐκκλησίᾳ
1532 1634 1641 1687 τῶν
1691 1633 1917 1702 Νηπίων

258 1715 473 1793 ἐμπρὸς
512 1721 610 1773 τοῦ
656 1719 981 1794 μαρτυρίου,
1021 1718 1113 1773 καὶ
1164 1718 1490 1793 κατέρχεται
1549 1720 1578 1774 6
1620 1717 1916 1792 δεσπότης,

258 1805 351 1862 καὶ
404 1803 625 1887 δέχεται
674 1807 872 1870 αὐτοὺς
895 1806 1002 1873 ἀπὸ
1044 1807 1339 1883 στόματος,
1370 1807 1459 1863 καὶ
1501 1808 1806 1885 εἰσέρχεται
1837 1811 1915 1875 εἰς

254 1896 320 1950 τὸ
362 1899 661 1972 μαρτύριον
704 1897 794 1952 καὶ
836 1894 1076 1973 εὔχεται.
1106 1903 1212 1953 Καί
1261 1898 1288 1952 6
1322 1899 1416 1971 μὲν
1452 1897 1719 1969 δεσπότης
1739 1899 1905 1974 ἀπέρ-

255 2003 420 2061 χεται
460 1984 536 2048 εἷς
562 1986 625 2041 τὸ
654 1980 954 2059 Ἕϐδομον,
986 1987 1038 2041 οἳ
1067 1983 1126 2041 δὲ
1176 1988 1556 2061 συγκλητικοὶ,
1610 1987 1748 2044 ὅπου
1784 1989 1912 2065 βού-

256 2076 474 2135 λονται.
523 2078 588 2133 Εἰ
647 2075 704 2133 δὲ
760 2078 919 2155 πγόῳ
965 2072 1186 2157 ἔρχεται
1235 2079 1265 2133 6
1320 2075 1611 2151 δεσπότης,
1666 2078 1909 2139 ἵστανται

253 2166 399 2241 πρὸς
448 2171 528 2239 τῷ
571 2165 834 2244 αἰγιαλῷ,
900 2168 991 2223 καὶ
1047 2165 1255 2239 ἐξιόντα
1301 2166 1460 2223 αὐτὸν
1505 2174 1602 2224 τοῦ
1644 2166 1911 2245 δρόμονος

252 2260 653 2331 προσκυνοῦσιν
696 2258 772 2319 ὡς
803 2257 857 2312 ἐν
907 2256 1479 2316 Κωνσταντινουπόλει
1515 2260 1544 2315 6
1574 2260 1910 2334 ἆπομονεὺς,

259 2346 351 2402 καὶ
393 2343 608 2420 δέχεται
663 2347 859 2408 αὐτοὺς
915 2345 1021 2402 ἀπὸ
1080 2347 1371 2420 στόματος,
1426 2348 1516 2403 καὶ
1567 2349 1909 2423 ὀψικεύουσιν

263 2435 440 2510 μέχρι
471 2442 571 2505 τῆς
599 2436 829 2512 πόρτης,
861 2437 950 2491 καὶ
975 2436 1085 2491 ἐκεῖ
1106 2438 1242 2509 μετᾶ
1270 2459 1378 2493 των
1407 2434 1593 2495 ἄλλων
1626 2438 1908 2515 ἀργόντῶν

259 2526 607 2605 ἀφίστανται.
643 2523 817 2583 Ἀλλὰ
846 2530 1032 2597 ταῦτα,
1064 2526 1153 2582 ἒάν
1185 2527 1292 2583 ἀπὸ
1349 2526 1633 2598 ὲξπεδίτου
1690 2528 1909 2607 ἔρχεται

258 2619 295 2687 ἢ
324 2623 539 2693 μακρᾶς
581 2615 916 2692 ὁδοιπορίας·
968 2617 1109 2689 ἐπεὶ,
1150 2618 1240 2675 ἐὰν
1298 2619 1504 2696 ἀπὲλθῃ
1553 2620 1658 2683 ἓως
1691 2621 1912 2697 Σαλαμ-

263 2701 445 2782 ϐρίας,
476 2708 511 2776 ἢ
544 2705 894 2782 Ἡρακλείας,
922 2706 956 2778 ἢ
989 2706 1172 2783 ἀλίγῳ
1200 2707 1556 2784 ποῤῥωτῖρω,
1589 2712 1681 2766 καὶ
1720 2709 1908 2787 ὀλίγας

260 2795 483 2870 ἡμέρας
519 2798 750 2870 ποιήσῃ,
782 2796 873 2852 καὶ
930 2795 1088 2860 εὐθὺς
1135 2797 1465 2872 ὑποστρέψῃ,
1513 2799 1652 2855 ὅπου
1690 2800 1910 2857 συνετά-

260 2884 419 2953 ξαντο
453 2886 505 2939 οἱ
533 2881 822 2960 ἄρχοντες,
849 2883 958 2940 ἐκεῖ
986 2886 1075 2940 καὶ
1108 2884 1361 2965 δέχονται
1410 2886 1592 2945 αὐτόν.
1626 2887 1691 2945 Εἰ
1736 2890 1838 2963 γὰρ
1879 2890 1908 2946 6

264 2972 525 3054 βασιλεὺς
556 2974 617 3030 ἔκ
643 2978 741 3030 τοῦ
760 2969 1037 3048 Ἑϐδόμου
1067 2974 1288 3050 ἐξῆλθεν
1320 2977 1411 3031 καὶ
1434 2976 1511 3040 εἰς
1541 2978 1602 3033 τὸ
1632 2974 1911 3053 Ἕϐδομον

264 3064 613 3140 ὑποστρέφει,
662 3063 777 3120 ἐκεῖ
844 3066 1189 3120 ἁπαντοῦσινο
1259 3065 1306 3121 εἰ
1369 3062 1427 3121 δὲ
1499 3067 1590 3122 καὶ
1653 3066 1909 3142 βούλεται

263 3149 642 3229 ὀρθοποὸῆσαι
703 3153 780 3215 είς
832 3155 931 3224 τήν
982 3153 1170 3225 πόλιν,
1220 3151 1331 3209 ἐκεῖ
1377 3152 1542 3209 πάλιν
1581 3155 1906 3212 ἆπαντοῦσιν

2038 743 2330 801 sistoriani
2378 751 2435 805 et
2478 747 2693 804 tribuni
2750 766 2954 807 omnes
3003 750 3063 806 in
3111 752 3378 808 candidis
3426 752 3682 810 vestibus

2037 833 2285 891 adorant
2313 836 2517 893 eodem
2550 854 2754 895 omnes
2773 841 2942 896 modo
2963 849 3018 896 et
3042 841 3468 913 obsequuntur,
3500 843 3679 899 silen-

2039 920 2203 981 tiario
2233 930 2477 994 astante,
2509 927 2611 999 qui
2641 943 2740 984 eos
2784 944 2853 985 ex
2902 930 3103 987 ordine
3144 929 3227 987 sic
3254 933 3426 988 citat:
3469 954 3498 983 «
3531 932 3682 1003 Phy-

2034 1009 2263 1068 larchus
2293 1016 2541 1086 parusie
2574 1040 2597 1070 ι
2654 1016 2734 1089 [id
2773 1024 2864 1074 est
2911 1018 3182 1076 tribunus
3221 1023 3539 1091 praesentiae
3579 1027 3681 1079 aut

2037 1103 2421 1176 presentalis,
2453 1105 2676 1163 scilicet
2722 1108 2996 1179 procedat
3043 1109 3448 1181 imperatorem
3477 1113 3680 1169 adora-
3790 1138 3793 1141 λ

2036 1187 2209 1259 tum],
2242 1192 2367 1246 tum
2392 1212 2421 1242 «
2444 1191 2697 1248 Comites
2727 1194 3021 1266 systaterii
3046 1216 3074 1245 ››
3107 1212 3209 1252 seu
3243 1198 3677 1267 consistoriani,

2034 1277 2318 1335 adoranto
2339 1280 2875 1340 scilicetdominum
2903 1300 2918 1354 ;
2943 1286 3177 1342 tandem
3201 1302 3215 1340 :
3241 1309 3269 1336 «
3288 1285 3615 1361 Phylarchi,
3644 1308 3672 1338 ››

2033 1382 2135 1423 seu
2166 1368 2404 1439 tribuni,
2440 1393 2470 1423 κ
2521 1373 2794 1442 praetorii,
2826 1394 2852 1423 ν»
2895 1390 3100 1447 nempe
3148 1374 3407 1432 officium
3455 1375 3675 1434 faciant

2030 1457 2226 1513 velim.
2264 1458 2568 1520 Praefectus
2600 1463 2762 1520 urbis
2791 1471 2981 1521 autem
3022 1469 3082 1521 et
3106 1465 3470 1533 consulares,
3502 1470 3581 1533 et,
3613 1465 3665 1523 si

2032 1547 2129 1617 qui
2161 1547 2338 1606 etiam
2374 1549 2434 1606 in
2467 1551 2608 1608 urbe
2637 1556 2778 1610 tunc
2822 1553 3018 1611 adsint
3058 1555 3309 1627 patricii,
3343 1556 3673 1613 consistunt

2029 1650 2224 1693 coram
2265 1638 2484 1710 palatio
2527 1640 2758 1714 [Rhegii
2806 1644 3058 1716 nempe],
3106 1643 3671 1718 descendentemque

2029 1739 2098 1781 ex
2138 1742 2290 1798 equo
2332 1730 2738 1801 imperatorem
2785 1731 3050 1801 adorant,
3101 1734 3200 1805 qui
3250 1750 3349 1791 eos
3398 1734 3670 1807 benignis

2028 1815 2219 1873 verbis
2268 1817 2509 1876 salutat.
2562 1821 2721 1877 Licet
2767 1821 3031 1894 quoque,
3066 1823 3112 1879 si
3169 1825 3304 1895 quis
3359 1840 3667 1896 procerum

2021 1902 2353 1963 Heracleam
2395 1907 2556 1965 adire
2604 1910 2804 1982 ibique
2851 1911 3074 1968 cultum
3124 1929 3298 1969 suum
3330 1912 3669 1983 imperatori

2023 1999 2342 2053 monstrare
2360 1996 2517 2054 velit.
2548 2000 2710 2065 Quod
2738 2001 2787 2056 si
2810 2018 2944 2057 vero
2974 2017 3078 2072 per
3106 2002 3503 2059 continentem
3537 2019 3668 2073 pro-

2022 2084 2208 2142 fectus
2255 2087 2574 2160 imperator
2625 2091 2697 2146 ad
2745 2091 3107 2149 Hebdomum
3157 2092 3311 2150 286
3354 2093 3666 2165 appulerit,

2021 2176 2376 2234 conveniunt
2420 2187 2718 2237 senatores
2772 2180 2834 2238 in
2891 2182 3198 2239 ecclesiam
3262 2184 3666 2239 Innocentium

2020 2267 2343 2323 Puerorum
2376 2266 2966 2338 Bethleemiticorum,
2999 2271 3199 2343 ibique
3226 2287 3420 2327 coram
3454 2278 3666 2341 marty-

2021 2369 2117 2411 reo
2147 2354 2274 2426 [seu
2305 2356 2507 2428 tymbo
2537 2357 2772 2415 illorum
2805 2364 3129 2433 martyrum
3161 2362 3458 2417 memoriae
3498 2376 3664 2416 sacro

2019 2441 2133 2512 ipsi
2182 2449 2533 2501 occurrunt:
2572 2462 2719 2516 quos
2756 2446 3071 2519 imperator
3116 2447 3368 2521 benigno
3413 2447 3665 2519 alloquio

2018 2532 2252 2604 excipit,
2292 2550 2476 2605 eoque
2523 2536 2697 2604 facto,
2728 2536 2785 2591 in
2834 2542 3184 2610 martyreum
3216 2537 3420 2606 intrat,
3448 2542 3507 2593 et
3535 2554 3664 2609 pre-

2019 2636 2114 2676 ces
2144 2622 2216 2677 ad
2253 2623 2431 2679 Deum
2465 2624 2674 2680 fundit.
2724 2625 2793 2680 Et
2819 2626 2943 2696 ipse
2974 2625 3212 2697 quidem
3244 2625 3517 2695 deinceps
3544 2627 3667 2681 abit

2018 2707 2078 2767 in
2121 2712 2484 2769 Hebdomum
2544 2713 2671 2786 [seu
2731 2714 3013 2785 palatium
3070 2714 3326 2772 tribunal
3377 2713 3664 2771 Hebdomi

2019 2800 2617 2873 dictum]:senatorii
2646 2808 2840 2861 autem
2891 2805 3128 2873 abeunt,
3190 2820 3306 2877 quo
3356 2804 3663 2861 voluerint.

2019 2889 2081 2946 Si
2111 2893 2240 2946 navi
2274 2891 2357 2963 [in
2406 2891 2797 2964 Hebdomum]
2846 2894 3108 2966 appellit,
3160 2899 3316 2949 stant
3357 2893 3416 2949 in
3450 2893 3663 2963 littore,

2019 2985 2078 3037 et
2106 2986 2406 3037 exeuntem
2453 2997 2484 3037 e
2513 2982 2789 3038 dromone
2836 2983 3100 3052 adorant,
3135 2984 3663 3054 quemadmodum,

2020 3070 2118 3141 qui
2160 3069 2218 3125 in
2276 3070 2420 3126 urbe
2476 3072 2777 3138 remansit,
2836 3087 3198 3142 apomoneus
3254 3088 3357 3128 seu
3417 3071 3667 3128 vicarius

2021 3158 2238 3231 regius,
2269 3158 2395 3230 ipsa
2414 3156 2474 3213 in
2498 3158 2641 3213 urbe
2671 3158 2846 3223 facit;
2879 3175 3022 3230 quos
3051 3158 3366 3231 imperator
3391 3158 3667 3215 humanis

262 3225 437 3314 αὖτῷ,
491 3242 544 3296 οἱ
593 3238 651 3296 δὶ
707 3241 1064 3318 συγκλητικοὶ
1122 3238 1598 3318 προλαμϐάνουσι.
1657 3244 1761 3301 Καὶ
1821 3245 1909 3301 ἐὰν

2024 3225 2211 3303 verbis
2243 3225 2534 3319 appellat;
2574 3245 2689 3318 ipsi
2738 3225 2933 3303 autem
2977 3225 3153 3320 porro
3195 3248 3461 3320 pergenti
3493 3248 3667 3305 obse-

261 3334 401 3405 πεζῇ
446 3329 754 3408 εἲσέρχεται
805 3332 833 3388 6
882 3331 1157 3408 βασιλεὺς,
1188 3332 1515 3389 ἀπαντοῦσιν
1546 3333 1695 3407 αὐτῷ
1750 3332 1803 3390 ἐν
1831 3338 1910 3410 τῷ

261 3420 420 3500 φόρῳ
451 3418 745 3477 Θεοδοσίου
775 3426 857 3496 τῷ
911 3421 1235 3496 καλουμένῳ
1287 3424 1491 3497 ταύρῳ,
1551 3423 1640 3479 καὶ
1679 3423 1913 3501 προσφέ-

262 3530 449 3586 ρουσιν
482 3509 631 3584 αότῷ
668 3512 984 3591 στεφάνους,
1019 3510 1110 3567 ’ὲνα
1145 3512 1242 3585 μὲν
1273 3518 1533 3587 χρυσοῦν,
1596 3511 1804 3576 ἄλλους
1852 3511 1909 3570 δὲ

257 3596 364 3655 ἄπὸ
397 3596 633 3676 δαφνῶψ
668 3600 695 3655 ὁ
738 3597 794 3655 δὲ
839 3600 1099 3676 βασιλεὺς
1151 3598 1491 3657 ἀντιδίδιυσιν
1530 3603 1720 3667 αὐτοῖς
1748 3604 1910 3677 νομί-

257 3710 440 3765 σματα
473 3690 605 3763 ὑπὲρ
634 3694 731 3745 τοῦ
764 3695 970 3765 χρυσοῦ
992 3691 1275 3768 στεφάνου,
1308 3690 1444 3748 ὥστε
1467 3693 1544 3764 μή
1580 3692 1778 3766 ζημίαν
1813 3694 1907 3749 αὗ-

254 3778 385 3841 τοός
423 3779 734 3851 ὑπομεῖναι.
756 3780 879 3835 Ἐὰν
911 3776 969 3834 δὲ
996 3779 1105 3835 ἀπὸ
1131 3780 1378 3851 Ἀσίας,ἢ
1404 3780 1678 3852 Βιθυνίας,
1707 3783 1742 3851 ἢ
1767 3788 1909 3857 Περ-

258 3871 416 3923 σικοῦ
445 3864 698 3940 πολέμου
727 3865 1082 3943 ἐπανέρχεται
1113 3869 1142 3923 6
1176 3868 1457 3943 βασιλεὺς,
1489 3870 1519 3923 6
1545 3864 1790 3945 ἔπαρχος
1808 3876 1909 3940 τῆς

255 3953 478 4019 πόλεως
498 3955 707 4027 ἀπαντᾷ
736 3953 858 4011 ἔνθα
888 3954 949 4010 ἂν
983 3953 1172 4032 συνίδῃ
1206 3957 1233 4012 6
1270 3954 1523 4031 βασιλεὺς
1559 3955 1907 4036 μεσάλλαγον

256 4053 510 4117 ποιῆσαι,
539 4042 648 4101 εἴτε
685 4043 740 4102 ἐν
771 4049 839 4121 τῇ
875 4045 1103 4121 Σατύρῳ
1134 4045 1239 4101 εἶ’τε
1264 4044 1316 4102 ἐν
1339 4050 1417 4117 τῷ
1456 4045 1786 4120 Ππλεατικῷ
1807 4047 1841 4118 ἢ
1860 4047 1912 4103 ἐν

254 4136 641 4210 Ῥοφηνιαναῖς
671 4138 807 4209 (11),
840 4136 875 4206 ἢ
916 4133 968 4190 ἐν
1000 4138 1068 4210 τῇ
1107 4134 1315 4211 Ἱερείᾳ·
1368 4132 1479 4192 εἶδε
1499 4135 1720 4207 θελήσει
1748 4137 1777 4192 6
1811 4138 1910 4211 βα-

258 4223 445 4287 σιλεὺς
470 4222 561 4281 διὰ
603 4230 700 4282 τοῦ
749 4226 1083 4305 στρατηγίου
1112 4226 1381 4297 ἀνελθεῖν,
1430 4221 1910 4302 προλαμϐάνουσιν

258 4313 311 4367 οἱ
342 4313 711 4390 συγκλητικοὶ
751 4316 844 4372 τὸν
892 4315 1059 4395 φόρον
1104 4320 1202 4371 τοῦ
1233 4315 1561 4392 στρατηγίου
1593 4318 1725 4390 (12),
1757 4315 1912 4371 κάκεῖ

254 4403 382 4467 τοὺς
446 4406 742 4481 στεφάνους
777 4405 1197 4485 προσφέρουσιν.
1228 4405 1295 4464 Εἰ
1346 4404 1405 4461 δὲ
1452 4403 1613 4479 πλόῳ
1646 4403 1910 4482 βούλεσαι

260 4491 630 4568 ὀρθοποδῆσαι
690 4496 767 4560 εἷς
824 4498 888 4552 τὸ
944 4495 1233 4569 παλάτιον,
1282 4496 1499 4553 ’ίσταται
1549 4494 1759 4572 ἐμπρὸς
1804 4503 1906 4566 τῆς

2022 3345 2285 3409 quuntur
2330 3334 2668 3410 imperatori
2707 3352 2895 3409 usque
2942 3337 3010 3393 ad
3063 3341 3286 3409 portam
3333 3335 3665 3403 tribunalis,

2024 3426 2120 3483 ubi
2150 3442 2281 3482 cum
2313 3425 2537 3483 cmteris
2567 3426 2907 3498 proceribus
2951 3426 3076 3498 [qui
3124 3442 3258 3483 cum
3304 3426 3434 3499 ipso
3464 3427 3537 3483 ab
3569 3441 3665 3483 ex-

2019 3517 2314 3589 peditione
2352 3516 2644 3585 redeunt],
2689 3532 2822 3573 eum
2873 3516 3135 3572 mittunt.
3168 3516 3238 3573 Et
3285 3515 3381 3573 hic
3426 3516 3665 3589 quidem

2019 3608 2251 3662 tenetur
2298 3607 2531 3674 modus,
2582 3607 2817 3678 quando
2865 3605 3142 3662 dominus
3182 3607 3253 3662 ab
3303 3606 3665 3679 expeditione

2019 3702 2118 3750 aut
2146 3693 2353 3750 itinere
2378 3693 2692 3766 longinquo
2725 3693 2893 3749 redit.
2914 3695 3075 3760 Quod
3102 3692 3153 3750 si
3182 3710 3313 3751 vero
3337 3698 3566 3751 tantum
3592 3693 3663 3751 ad

2018 3782 2421 3854 Sclymbriam,
2478 3786 2580 3837 aut
2624 3781 2982 3848 Heracleam,
3028 3787 3132 3839 aut
3180 3781 3354 3854 paulo
3406 3783 3652 3839 ulterius

2019 3870 2345 3937 excesserit,
2385 3874 2443 3925 et
2473 3886 2685 3941 paucos
2732 3871 3141 3926 tantummodo
3187 3870 3309 3926 dies
3347 3870 3428 3924 ibi
3472 3871 3657 3942 egerit

2019 3958 2245 4028 citoque
2294 3958 2511 4026 redeat,
2553 3963 2873 4014 occurrunt
2920 3958 3032 4031 ipsi
3080 3974 3346 4030 proceres
3402 3958 3482 4013 ibi
3524 3958 3658 4029 loci,

2022 4045 2122 4101 ubi
2153 4045 2203 4101 ei
2237 4046 2357 4101 vale
2386 4044 2557 4117 paulo
2607 4049 2741 4102 ante
2771 4046 3057 4102 dixerant.
3110 4048 3209 4101 Ex.
3244 4063 3295 4102 ο.
3339 4045 3389 4102 si
3421 4046 3477 4101 in
3510 4045 3659 4102 Heb-

2017 4138 2189 4194 domo
2228 4133 2550 4191 deseruerit
2605 4150 2704 4191 eos
2759 4134 3099 4208 imperator,
3150 4135 3304 4192 redit
3350 4136 3555 4191 iterum
3603 4136 3661 4191 in

2018 4226 2405 4293 Hebdomum,
2454 4225 2713 4295 adeoque
2770 4223 2853 4279 ibi
2908 4240 3141 4296 quoque
3188 4228 3501 4280 occurrunt
3550 4224 3665 4295 ipsi

2020 4331 2308 4389 proceres.
2342 4313 2502 4380 Quod
2537 4313 2586 4369 si
2617 4330 2749 4371 vero
2781 4314 3085 4371 deflectere
3132 4314 3384 4371 noluerit
3412 4313 3665 4386 impera-

2016 4412 2127 4477 tor,
2183 4407 2283 4463 sed
2340 4414 2496 4463 recta
2539 4406 2732 4478 potius
2796 4406 2891 4463 via
2962 4405 3022 4461 in
3091 4406 3274 4462 urben
3329 4408 3661 4476 contendat,

2017 4502 2226 4553 coeunt
2255 4495 2491 4567 quidem
2516 4495 2857 4566 proceresin
2887 4495 3152 4551 eamdem
3172 4493 3397 4551 locum:
3430 4498 3665 4551 senato-

261 4582 497 4655 σκάλης,
528 4586 618 4641 καὶ
658 4583 781 4652 ἔνθα
822 4583 1042 4662 δέχεται
1080 4586 1217 4643 κατά
1243 4587 1308 4643 τὸ
1355 4585 1475 4650 ἔθος
1520 4569 1613 4643 τὸν
1667 4569 1909 4664 ἔπαρχον

2024 4583 2089 4640 rii
2122 4588 2317 4640 autem
2349 4582 2410 4638 in
2441 4581 2644 4639 urbem
2694 4585 3052 4655 praevertunt
3106 4581 3398 4639 salutandi
3440 4581 3667 4639 domini

1288 4730 1493 4789 JOAN.
1534 4734 1678 4790 JAC.
1727 4729 1990 4788 REISKII
2030 4723 2629 4785 COMMENTARIUS.

324 4862 438 4948 (Αί)
468 4859 595 4948 Νριι
626 4865 768 4948 ενοι
796 4860 1181 4948 "latitantes
1226 4859 1586 4948 Ψέιιιωηψ
1614 4858 1816 4948 (ἕξεων,
1835 4859 1910 4948 9°

256 4929 475 5016 quibus
505 4933 592 4990 Du
623 4934 819 5006 Gange
846 4933 973 4989 CPli
993 4933 1204 5017 Christ.
1234 4932 1279 5015 ι,
1305 4930 1348 4998 l,
1383 4949 1435 5003 p.
1470 4931 1541 4986 93
1567 4931 1720 5012 {sed
1755 4929 1914 5002 pala-

258 5012 399 5061 tium
453 5006 858 5061 suburbanum
906 5004 1222 5061 Asiaticum
1263 5019 1325 5058 in
1365 5002 1647 5059 suburbto
1677 5000 1913 5058 Chalce-

257 5075 505 5147 donensi
537 5075 739 5142 situm,
772 5077 844 5131 de
875 5091 988 5147 quo
1021 5076 1178 5147 idem
1208 5074 1255 5147 l.
1280 5090 1357 5141 tv,
1388 5090 1445 5147 p.
1484 5073 1909 5147 175Acpnferenj

256 5146 394 5218 dus,
448 5145 547 5201 ubi
606 5161 834 5217 quoque
890 5141 1164 5218 pluribus
1227 5146 1301 5201 de
1358 5141 1772 5218 p'alatiou'Hpttp
1818 5144 1906 5200 vel

260 5215 638 5290 tepstacagit,
686 5215 857 5287 cujus
886 5215 1193 5290 antiquum
1243 5215 1459 5290 nomen
1502 5215 1910 5290 mihi‘videtur

257 5286 441 5346 fuisse
468 5286 716 5361 Ἡραῖον,
748 5286 1049 5359 ίοωρὶυαί
1077 5289 1352 5356 Junonis,
1403 5286 1560 5361 quod
1601 5287 1750 5361 idem
1783 5286 1909 5361 Ale-

259 5375 477 5445 manno
509 5359 583 5445 ad
616 5361 1152 5445 Prpcopiump.
1181 5359 1629 5445 quoque‘visum
1662 5360 1785 5442 fuit.
1824 5359 1907 5415 De

257 5438 451 5506 satyro
501 5437 559 5490 et
601 5429 1082 5506 poleaticoAnihil
1121 5429 1615 5506 iuvenibuNeque
1663 5431 1900 5487 mirum.

259 5501 486 5562 Dudum
519 5501 676 5562 enim
710 5510 845 5561 ante
893 5503 1345 5559 Constantinum
1378 5501 1900 5572 Porphyrogenne-

257 5577 380 5631 tum
408 5581 677 5633 nostrum
699 5577 996 5633 desierant
1019 5574 1286 5646 quedam
1315 5573 1526 5646 horum
1552 5573 1902 5646 palatiorum

260 5648 669 5720 et‘nominum,
699 5653 766 5704 ut
793 5643 1170 5720 strategicum
1212 5660 1263 5703 e.
1296 5660 1348 5702 ο.
1382 5643 1712 5720 denter-um,
1755 5644 1907 5720 capi-

257 5716 486 5791 tolium,
542 5714 794 5794 saty'rus,
842 5714 1218 5793 poleaticum,
1276 5722 1387 5775 etc.
1433 5715 1727 5773 Particula
1779 5714 1902 5773 beo

529 5846 787 5909 PATROL.
836 5850 950 5910 GR.
999 5848 1180 5910 CXII.

2019 4859 2137 4912 tota
2169 4856 2241 4910 de
2293 4852 2481 4909 reditu
2535 4852 2908 4924 imperatoris
2955 4853 3017 4909 in
3047 4854 3253 4911 urbem
3300 4868 3418 4910 non
3463 4851 3663 4909 seculi

2021 4926 2258 4989 decimi,
2290 4926 2386 4981 sed
2416 4924 2560 4981 sexti
2589 4929 2714 4990 est;
2747 4941 2862 4982 non
2915 4925 3280 4981 Constantini
3326 4925 3527 4995 hujus,
3560 4925 3663 4981 sed

2019 4997 2174 5055 Petri
2212 4996 2490 5068 Magistri,
2521 4996 2746 5068 ecujus
2776 4996 2946 5054 toties
2977 4996 3211 5053 laudato
3242 4995 3392 5054 libro
3421 4996 3491 5052 de
3520 4997 3665 5051 Con-

2020 5066 2331 5125 stitutioneﬁ
2368 5066 2716 5138 Reipublicae
2763 5068 2886 5125 haec
2933 5068 3282 5126 verbotenus
3314 5068 3665 5137 transcripta

2019 5142 2285 5206 fuerunt;
2318 5144 2385 5195 ut
2414 5155 2483 5195 ex
2511 5154 2577 5195 eo
2608 5154 2836 5211 quoque
2887 5139 3033 5196 colle
3080 5140 3118 5208 i,
3161 5140 3313 5212 quod
3347 5140 3424 5196 im
3473 5143 3664 5194 erator

2019 5212 2076 5267 in
2107 5210 2205 5267 SS.
2231 5210 2560 5267 Apostolus.
2594 5227 2710 5267 non
2741 5212 2802 5267 in
2837 5211 2897 5267 S.
2932 5155 3206 5267 Soniiam
3248 5155 3470 5267 ἰοειτοιὲ
3503 5209 3664 5266 dica-

2016 5212 2076 5268 in
2107 5210 2205 5267 SS.
2231 5210 2560 5282 Apostolos,
2594 5227 2710 5267 non
2741 5212 2802 5267 in
2837 5211 2897 5268 S.
2932 5210 3206 5283 Sophiam
3248 5210 3470 5283 ingredi
3503 5210 3664 5283 dica-

2014 5288 2132 5349 tur,
2164 5289 2227 5338 ut
2274 5279 2400 5353 dum
2453 5286 2578 5337 tum
2631 5285 2888 5339 nondum
2939 5279 3159 5339 structa
3204 5279 3379 5338 esset.
3416 5279 3663 5353 [Palatia

2015 5355 2196 5411 Eritea
2216 5353 2905 5427 Constant_.APo_rpbyrog.
2938 5358 3251 5423 exstructa,
3284 5353 3497 5425 Script.
3530 5357 3663 5424 post

2011 5425 2349 5494 Theophan.
2374 5441 2441 5497 7p.
2473 5424 2636 5497 481.]

2110 5498 2200 5569 t2)
2260 5496 2842 5569 Designatur'forum
2870 5496 3208 5569 Theodosii,
3255 5497 3412 5569 quod
3460 5496 3519 5553 in
3592 5510 3661 5569 ea

2013 5565 2188 5624 urbis
2204 5568 2456 5651 regione,
2489 5584 2613 5651 quae
2643 5568 2997 5640 Strategium
3030 5565 3456 5652 appellabatur,
3489 5565 3660 5622 exsti-

2012 5640 2156 5697 tisse
2182 5640 2433 5709 dicitur;
2479 5640 2596 5696 vnd.
2627 5639 2714 5696 Du
2745 5640 2941 5712 Cange
2980 5639 3089 5697 CPl
3135 5641 3351 5698 Christ.
3403 5639 3446 5707 Ι,
3480 5655 3533 5708 p.
3565 5636 3655 5694 80.

2418 5683 2433 5709 ς
2486 5677 2596 5696 Vl“.
2627 5677 2714 5696 υιι
2746 5677 2941 5709 ναι-ιον
2982 5677 3048 5697 νι.
3070 5677 3089 5697 Ι
3136 5677 3351 5698 νμιιῠυο
3403 5677 3446 5707 ι)
3480 5677 3533 5708 νο
3565 5677 3655 5694 vv.

3252 5843 3333 5903 30
