4060 6214
304 384 305 387 ¹
403 394 519 453 955

1446 380 1965 446 CONSTANTINI
2009 375 2705 439 PORPHYROGENITI
2996 431 3001 436 .
3684 371 3820 432 956

407 523 589 579 cereis
619 521 772 591 apud
803 519 1055 574 mediam
1078 534 1377 575 sacrarum
1400 523 1731 591 portarum,
1750 512 2049 570 intrabant

2175 511 2319 561 πᾶσιν
2384 504 2520 561 κατὰ
2582 506 2645 559 τὸ
2694 502 2915 561 δυνατὸν
2964 510 3081 569 τοῖς
3136 528 3196 562 τε
3230 506 3346 579 μετ’
3376 505 3544 560 αὐτοῦ
3577 510 3820 567 κιιτοῖς

406 612 673 678 deinceps
703 610 760 663 in
792 608 961 662 bema
992 623 1126 662 cum
1162 607 1507 679 patriarcha,
1541 612 1597 663 et
1626 607 1709 663 sic
1742 619 1911 677 porro
1956 616 2046 655 re-

2175 617 2208 649 ;v
2234 599 2302 669 τῇ
2332 594 2495 651 πύλει
2526 592 2792 652 ἐδίδοντο.

403 700 560 770 liqua
588 697 768 753 divini
795 697 969 752 officii
1002 702 1059 752 et
1090 697 1390 769 ingressus
1420 698 1479 753 in
1520 696 1799 769 palatium
1842 689 2267 765 peragebantur
2306 687 2509 743 eodem
2549 688 2744 754 modo,
2788 704 2904 759 quo
2947 688 3149 759 peragi
3188 687 3378 744 solent
3420 687 3481 743 in
3530 686 3817 743 solemni-

400 789 512 843 bus
544 785 883 843 formalibus
924 787 1411 856 processionibus.
1460 786 1525 844 In
1562 788 1678 842 fine
1717 780 2154 854 eXponebantur
2190 777 2389 847 dapes,
2441 780 2498 833 et
2542 777 2718 832 ﬁebat
2765 776 3093 833 convivium
3135 776 3455 833 maximum
3493 777 3553 832 in
3602 792 3809 848 magno

395 878 719 936 Justiniani
798 878 1077 946 triclinio,
1151 894 1336 950 eaque
1397 879 1560 933 ﬁnita
1617 874 1932 938 hilaritate,
1984 869 2283 925 donabant
2327 866 2550 923 domini
2601 868 2832 923 senatui
2880 873 3066 924 vestes
3113 877 3167 923 et
3218 867 3561 923 miliaresia.
3608 866 3807 922 Adhuc

395 969 743 1036 notandum,
793 967 1222 1023 cerimonialem
1268 968 1505 1039 quidem
1553 962 1973 1037 apparitionem
2011 964 2067 1014 et
2108 957 2542 1012 inundationem
2581 956 2743 1011 urbis
2782 972 2930 1027 opus
2971 957 3150 1012 fuisse
3182 957 3435 1027 praefecti
3466 956 3633 1012 urbis
3665 972 3681 1023 ;
3712 973 3809 1011 or-

394 1059 749 1115 dinationem
801 1074 927 1114 vero
974 1058 1372 1129 processionis
1429 1062 1486 1113 et
1527 1056 1684 1113 290
1739 1065 2050 1109 occursum
2101 1051 2340 1103 senatus
2390 1054 2444 1102 et
2495 1046 2817 1103 factionum
2866 1047 3152 1103 clamores
3201 1046 3592 1119 triumphales
3638 1051 3810 1118 atque

396 1166 705 1220 processus
756 1157 809 1204 et
868 1149 990 1204 loca
1032 1149 1433 1219 receptionum
1479 1165 1512 1203 a
1561 1144 1870 1218 preposito
1923 1138 2238 1196 constituta
2276 1136 2479 1205 fuisse,
2520 1136 2615 1192 cui
2644 1153 2771 1193 eam
2814 1137 2870 1192 in
2906 1153 3027 1193 rem
3061 1138 3509 1193 cerimoniarius
3539 1143 3599 1192 et
3636 1136 3806 1193 silen-

396 1238 549 1294 tiarii
596 1243 902 1309 totumque
954 1238 1293 1293 cubiculum
1348 1236 1662 1307 adjutrices
1707 1247 1915 1288 manus
1965 1226 2321 1300 prestabant
2374 1231 2430 1282 et
2476 1227 2753 1281 mandata
2803 1226 3206 1298 perficiebant.
3260 1226 3478 1297 Regius
3524 1225 3807 1295 vicarius,

396 1328 519 1399 qui,
550 1327 898 1399 imperatore
926 1326 985 1381 in
1022 1327 1306 1382 Orientem
1344 1343 1411 1383 ea
1445 1325 1568 1381 vice
1604 1323 1883 1397 profecto,
1923 1335 2042 1375 una
2088 1333 2223 1373 cum
2268 1316 2550 1387 magistro
2588 1324 2642 1371 et
2690 1316 2961 1388 prafecto
3010 1316 3171 1371 urbis
3222 1316 3282 1371 in
3327 1315 3470 1371 urbe
3519 1320 3811 1371 manserat

395 1422 452 1471 et
498 1416 620 1472 loco
666 1415 1033 1485 imperatoris
1081 1415 1415 1485 imperium,
1461 1414 1562 1470 sed
1615 1417 1676 1468 ut
1728 1409 2025 1470 subditus,
2073 1404 2606 1472 administraverat,
2650 1405 2701 1460 is
2754 1406 2977 1461 Baanes
3024 1412 3168 1471 erat,
3225 1406 3530 1477 patricius,
3583 1421 3809 1476 prapo-

399 1506 552 1560 situs
614 1504 950 1561 sacellarius
996 1521 1010 1571 ;
1062 1504 1238 1575 idque
1285 1521 1354 1560 ex
1400 1506 1641 1574 antiquo
1694 1501 2101 1571 imperatorum
2155 1511 2336 1560 more,
2387 1495 2487 1567 qui
2536 1496 2593 1550 in
2618 1502 2806 1551 castra
2862 1501 3135 1551 exeuntes
3194 1494 3509 1567 praeposito
3564 1494 3805 1566 quidem

396 1597 958 1653 administrationem
990 1596 1219 1667 imperii
1271 1596 1360 1651 sui
1401 1593 1805 1665 permittebant
1845 1597 1900 1645 et
1940 1586 2451 1651 commendabant,
2500 1586 2781 1657 magistro
2828 1592 3026 1641 autem
3074 1589 3133 1642 et
3181 1586 3450 1657 praefecto
3496 1584 3662 1640 urbis
3710 1600 3813 1641 cu-

396 1705 521 1744 ram
576 1687 761 1744 civilis
813 1687 1116 1759 regiminis
1172 1690 1229 1741 et
1290 1701 1483 1740 rerum
1552 1680 1975 1740 communium.
2027 1676 2256 1732 Beduce
2306 1674 2367 1730 in
2418 1674 2573 1731 hunc
2626 1676 2865 1731 modum
2918 1691 2948 1731 e
2996 1676 3205 1732 castris
3248 1676 3399 1731 facto
3439 1675 3814 1746 imperatore,

398 1779 816 1849 contingebant
868 1776 1205 1847 largitiones
1252 1776 1538 1848 plurimis,
1589 1777 1665 1841 et,
1716 1774 1887 1843 prout
1931 1768 2061 1838 ejus
2111 1764 2236 1821 fieri
2286 1768 2533 1835 poterat,
2585 1764 3073 1836 impertiebantur
3120 1766 3271 1821 dona
3301 1773 3356 1821 et
3400 1764 3642 1837 premis
3691 1772 3811 1820 tam

404 1868 544 1933 illis,
578 1868 679 1937 qui
712 1866 1059 1936 expeditioni
1091 1881 1222 1921 cum
1256 1866 1382 1937 ipso
1407 1862 1834 1929 interfuissent,
1858 1873 2035 1929 quam
2068 1854 2165 1926 qui
2188 1854 2347 1910 domi
2378 1870 2478 1909 seu
2506 1854 2564 1909 in
2611 1855 2755 1909 urbe
2786 1853 3165 1910 mansissent.

404 1959 624 2014 Redilus
663 1972 692 2011 θ
728 1959 929 2025 fossato
974 1956 1252 2027 TheOphlli
1290 1955 1662 2027 imperatoris,
1704 1967 1829 2006 cum
1870 1948 2050 2027 Sara-
2079 1949 2125 2014 Β

470 2023 735 2084 cenarum
778 2029 1030 2096 Cilicum,
1074 2023 1169 2099 qui
1206 2044 1234 2083 θ
1286 2023 1468 2091 Tarso,
1522 2042 1551 2081 ε
1590 2023 1936 2099 Mopsuestia,
1981 2035 2051 2099 ea:

469 2103 692 2167 Adana,
727 2117 798 2155 ex
830 2090 1125 2173 Ινεηοροιῖ,
1170 2116 1243 2155 ex
1282 2098 1567 2154 Anazarbo
1605 2090 1919 2151 et'aliunde
1944 2090 2050 2173 ad-

472 2162 867 2242 versus'ipsum
913 2162 1191 2227 coicerent
1257 2176 1307 2226 el
1355 2173 1817 2225 consurrexeranl
1869 2162 2051 2219 valida

473 2261 663 2314 manu,
706 2246 927 2317 viginti
949 2244 1131 2298 millia
1160 2242 1453 2298 cecidisset.

476 2406 722 2463 Rediens
748 2407 947 2477 itaque
976 2405 1309 2475 TheOphius
1331 2420 1362 2461 e
1393 2402 1569 2470 bello,
1595 2401 1751 2473 quod
1786 2397 1897 2468 ipsi
1919 2410 2052 2454 cum

400 2495 681 2564 Agarenis
725 2496 783 2551 in
826 2494 1022 2550 Cilicia
1057 2496 1265 2559 fuerat,
1308 2492 1565 2547 intrabat
1604 2491 1665 2544 in
1701 2488 1901 2545 urbem
1945 2486 2054 2542 hoc

402 2584 595 2637 modo.
638 2583 709 2638 Ut
752 2587 1091 2655 pervenerat
1130 2582 1187 2637 in
1235 2580 1517 2652 palatium
1555 2577 1780 2649 Hierisa,
1820 2576 2055 2632 exibant

403 2670 475 2725 ad
506 2670 699 2739 ipsum
734 2688 802 2726 ex
834 2673 976 2726 urbe
1014 2674 1279 2742 Augusta
1308 2676 1363 2724 et
1406 2668 1621 2739 Diepon
1662 2684 1763 2724 seu
1803 2666 2054 2723 vicarius

404 2758 562 2825 regni
610 2774 705 2827 per
745 2758 1115 2828 imperatoris
1156 2758 1481 2812 absentiam
1519 2756 1957 2813 administrator
1998 2756 2056 2810 et

406 2848 683 2920 magister
727 2853 783 2904 et
825 2848 1126 2920 praefectus
1167 2848 1329 2903 urbis
1370 2851 1428 2903 et
1468 2850 1640 2916 totus,
1682 2845 1781 2918 qui
1829 2850 1952 2900 tum
1994 2844 2053 2899 in

400 2936 542 2991 urbe
584 2936 804 3002 aderat,
845 2940 1106 3003 senatus,
1159 2935 1378 2990 relictis
1429 2934 1590 2989 intus
1644 2932 1908 2989 exarchis
1949 2947 2052 2988 seu

400 3025 683 3097 praefectis
712 3032 1035 3098 tagmatum
1070 3042 1171 3097 pro
1200 3024 1361 3080 urbis
1392 3024 1677 3080 custodia.
1714 3024 1781 3079 Et
1811 3027 2051 3079 senatus

398 3116 659 3189 quidem,
685 3121 749 3172 ut
771 3132 978 3188 parum
1000 3116 1199 3171 aberat
1222 3114 1541 3186 imperator
1560 3131 1594 3169 a
1618 3112 1853 3185 palatio,
1883 3112 2049 3168 humi

399 3208 702 3278 procidens
732 3208 1006 3263 adorabat
1035 3223 1202 3276 eum;
1239 3211 1500 3277 Augusta
1540 3221 1673 3260 vero
1712 3205 2055 3261 occurrebat

398 3296 531 3368 ipsi,
576 3305 636 3352 ut
677 3298 846 3353 modo
885 3314 954 3352 ex
984 3313 1129 3367 equo
1178 3296 1581 3363 descenderat,
1618 3293 1775 3349 intra
1813 3293 2042 3349 caucel-
2080 3312 2123 3379 ε

398 3385 519 3441 lum
558 3386 1023 3441 cbammtriclinii
1078 3402 1179 3440 seu
1237 3382 1479 3439 triclinii
1528 3381 1772 3436 humilis
1817 3386 1877 3437 et
1925 3381 2049 3436 solo

400 3474 671 3544 proximi,
688 3475 1003 3528 etadorans
1023 3472 1218 3543 ipsum
1234 3487 1367 3526 cum
1382 3469 1579 3527 osculo
1603 3470 2051 3526 beneventabat.

398 3561 720 3632 Imperator
765 3560 900 3616 dein
952 3560 1285 3625 mandabat,
1340 3564 1403 3613 ut
1453 3563 1692 3614 senatus
1740 3574 1942 3614 secum
1990 3558 2050 3614 in

399 3649 587 3704 Hieria
625 3665 730 3703 seu
771 3648 972 3703 Hieriae
1027 3648 1273 3719 palatio,
1334 3646 1493 3703 velut
1541 3647 1598 3702 in
1636 3662 1905 3719 processu
1948 3663 2050 3703 seu

401 3736 778 3793 rusticatione
806 3737 1161 3805 suburbana,
1187 3735 1244 3790 in
1268 3735 1598 3807 septiduuin
1621 3740 1835 3807 ageret,
1868 3736 2053 3793 donec

398 3830 795 3899 Agarenorum
828 3826 981 3882 bello
1011 3829 1316 3897 captorum
1355 3841 1633 3881 numerus
1672 3826 2051 3895 compedibus

401 3913 667 3988 illigatus
710 3915 1038 3972 advenisset
1080 3920 1187 3982 ;et
1226 3918 1291 3970 ut
1338 3918 1676 3973 senatorum
1728 3930 1933 3971 uxores
1986 3930 2054 3971 ex

400 4006 546 4061 urbe
591 4006 797 4062 eodem
841 4003 1217 4062 convenirent
1276 4006 1660 4076 Augustusque
1711 4003 2048 4060 sodalitium

401 4100 763 4168 prastarent.
795 4098 914 4160 Quo
951 4094 1119 4162 facto,
1153 4093 1403 4165 septimo
1442 4093 1535 4149 die
1576 4097 1705 4164 post
1741 4094 2052 4149 excedebat

398 4202 469 4242 ex
510 4185 712 4253 Hieria,
754 4189 811 4241 et
863 4182 1245 4240 transferebat
1282 4200 1342 4238 se
1403 4200 1505 4251 per
1552 4183 1760 4239 fretum
1819 4183 1877 4238 in
1921 4181 2049 4237 navi

400 4274 472 4331 ad
523 4276 582 4331 S.
632 4273 938 4329 Mamantis
987 4272 1290 4343 palatium,
1344 4272 1402 4327 in
1445 4288 1557 4341 quo
1601 4272 1866 4327 triduum
1915 4287 2049 4327 cum

399 4366 604 4419 senatu
636 4362 921 4433 exigebat.
955 4361 1096 4416 Inde
1122 4376 1321 4416 rursus
1361 4362 1681 4432 enavigans
1720 4360 2051 4433 appellebat

402 4451 474 4507 ad
524 4451 871 4507 Blachernas
911 4474 925 4516 ;
968 4450 1116 4506 291
1188 4464 1577 4521 egressusque
1627 4450 1906 4506 dronione
1957 4448 2047 4505 in-

401 4540 709 4597 scendebat
757 4541 815 4597 in
857 4555 1075 4612 equum
1120 4556 1133 4607 ;
1175 4538 1233 4594 in
1276 4555 1390 4611 quo
1436 4539 1588 4595 intra
1625 4556 1860 4596 murum
1903 4543 2053 4595 exte-

2153 1940 2421 2029 'Hn&n§'
2469 1948 2601 2029 1:06”
2646 1945 2921 2029 φοσσάτου
3007 1946 3115 2017 (40)

3192 1941 3459 2022 ἐπάνοδος
3539 1951 3681 2022 Bson.
3693 1943 3812 2022 ίλου

2234 2013 2531 2142 gaudium,
2571 2013 2668 2071 ὅτε
2722 2014 2962 2085 ἐνίκησεν
3015 2013 3178 2071 ’κατὰ
3244 2016 3445 2087 κράτος
3510 2013 3670 2077 τοὺς’
3702 2016 3811 2071 ἀπὸ

2288 2084 2487 2142 ιλικίας
2592 2085 3151 2142 στρατοπεδεύσαντας
3226 2089 3340 2142 κατ’
3415 2088 3587 2142 αὐτοῦ
3672 2089 3811 2142 Tae-

2288 2084 2487 2163 ιλικίας
2539 2085 3179 2163 --στρατοπεδεύσαντας
3209 2084 3340 2163 ’κατ’
3415 2088 3617 2163 αύτοξ-
3672 2089 3815 2163 Ταρ-

2236 2156 2412 2232 σίτας,
2536 2156 3012 2232 Μομψονεστίτας)
3137 2156 3442 2232 Ἀδανίτας,
3554 2156 3821 2231 Εἰρηνου-

2231 2226 2656 2355 alga-{(41),
2687 2226 2696 2232 ’
2732 2226 3173 2305 Ἀπαζαρϐήτας,
3231 2232 3323 2285 καὶ
3404 2226 3658 2301 λοιποὺς,
3684 2226 3695 2230 ⁷
3720 2253 3817 2311 χι-

2279 2307 2427 2363 ιάδας
2451 2307 2516 2357 κ’.

2235 2387 2659 2452 Ἐπανελθόντος
2705 2390 2888 2446 τοίνυν
2932 2392 3203 2470 Θεοφίλου
3247 2396 3345 2448 τοῦ
3388 2389 3657 2466 βασιλέως
3707 2391 3818 2446 ἀπὸ

2162 2482 2260 2532 τοῦ
2300 2478 2552 2552 πολέμου
2582 2484 2691 2534 τῶν
2742 2480 2848 2535 ἀπὸ
2898 2480 3148 2543 Κιλικίας
3206 2483 3326 2537 κατ’
3373 2482 3538 2536 αὐτοῦ
3582 2501 3819 2553 στρατο-

2162 2566 2534 2625 πιδευσάντων
2592 2572 2931 2646 ’Δγαρηνῶν,
2987 2572 3201 2649 ἐγένετο
3259 2576 3294 2643 ἡ
3348 2573 3479 2646 πρὸς
3504 2574 3597 2640 τήν
3639 2572 3815 2645 βασι-

2164 2657 2427 2713 λεύουσαν
2462 2657 2641 2727 πόλιν
2701 2658 2911 2722 εἱσοδος
2966 2660 3131 2717 αὐτοῦ
3176 2662 3431 2732 τοιαύτη,
3494 2660 3809 2723 Φθάσαντος

2162 2745 2329 2801 αὐτοῦ
2385 2745 2437 2801 ἐν
2484 2752 2552 2822 τῇ
2604 2748 2814 2821 Ἱερείᾳ,
2863 2748 3084 2820 ἐξῆλθεν
3140 2753 3176 2819 ἠ
3222 2749 3509 2824 Αύγούστα
3544 2749 3649 2804 ἀπὸ
3705 2756 3815 2818 τῆς

2162 2833 2380 2898 πόλεως
2410 2836 2503 2891 καὶ
2535 2837 2562 2891 ὁ
2606 2834 2805 2892 διὲπων
2840 2838 2930 2894 σὺν
2981 2843 3061 2911 τῷ
3096 2841 3381 2915 μαγίστρῳ
3435 2840 3524 2894 καὶ
3564 2842 3645 2911 τῷ
3713 2837 3812 2894 ἑπ-

2163 2926 2323 3001 ἀρχῳ
2370 2932 2469 2995 τῆς
2525 2924 2765 2999 πόλεως,
2815 2928 2904 2982 καὶ
2963 2931 2998 2997 ἡ
3049 2927 3101 2983 ἐν
3160 2932 3229 3003 τῇ
3287 2928 3449 2984 πόλει
3499 2927 3816 3004 σύγκλητος

2165 3014 2364 3079 ἅπασα,
2423 3014 2785 3089 παρεάσαντες
2835 3015 2963 3080 τοὺς
3019 3020 3126 3072 τῶν
3181 3017 3475 3092 ταγμάτων
3545 3015 3817 3093 ἐξάρχους

2163 3101 2240 3163 εἷς
2293 3100 2542 3181 φυλακὴν
2580 3110 2680 3173 τῆς
2737 3103 2975 3169 πόλεως.
3037 3106 3138 3163 Καὶ
3205 3108 3241 3175 ἠ
3320 3106 3416 3179 μὲν
3503 3106 3820 3180 σύγκλητος

2165 3192 2481 3264 ὑπήντησαν
2511 3198 2591 3266 τῷ
2630 3193 2850 3269 βασιλεῖ
2889 3197 2965 3260 ὡς
3014 3197 3119 3251 ἀπὸ
3183 3194 3553 3270 διαστήματος
3615 3201 3821 3273 μικροῦ

2165 3282 2270 3356 πρὸ
2302 3287 2401 3338 τοῦ
2432 3283 2627 3359 φθάσαι
2683 3284 2761 3347 εἰς
2800 3289 2864 3339 τὸ
2911 3285 3204 3354 παλάτιον,
3228 3286 3318 3341 καὶ
3358 3286 3613 3351 πεσόντες
3643 3307 3820 3361 προσ-

2163 3370 2319 3441 εκύνη
2335 3392 2452 3429 σαν.
2486 3377 2548 3427 Ἠ
2607 3370 2665 3427 δὶ
2709 3374 2999 3451 Αὐγούστα
3044 3374 3199 3430 ἔνδον
3234 3380 3329 3431 τοῦ
3362 3375 3680 3451 καγκέλλου
3720 3382 3821 3433 τοῦ

2171 3459 2646 3535 χαμαιτρικλίνου
2697 3467 2890 3519 τοῦτον
2981 3466 3284 3535 ὑπήντησεν
3362 3459 3631 3520 ἀποϐάντι
3722 3469 3822 3521 τοῦ

2160 3549 2359 3619 Ἱππου,
2418 3551 2510 3604 καὶ
2559 3556 2977 3626 προσκυνήσασα
3032 3560 3223 3611 τοῦτον
3282 3556 3586 3625 ἠσπάσατο·
3651 3556 3680 3610 ὁ
3761 3552 3820 3611 δὶ

2167 3637 2422 3713 βασιλεὺς
2480 3637 2772 3715 διωρίσατο
2826 3643 2902 3706 ὡς
2953 3642 3039 3698 ἐπὶ
3093 3644 3394 3719 προκὲνσου
3440 3645 3540 3712 τήν
3570 3644 3817 3718 σύγκλη-

2159 3749 2251 3783 τον
2295 3725 2494 3804 διάγειν
2546 3729 2640 3784 σὺν
2691 3732 2842 3804 αὐτῷ
2901 3731 2953 3788 ὲν
3007 3736 3075 3808 τῇ
3118 3735 3309 3807 Ἱερείᾳ
3342 3735 3539 3809 μέχρις
3584 3737 3815 3807 ἡμερῶν

2161 3818 2313 3887 ἑπτὰ,
2338 3820 2487 3881 ὅπως
2506 3821 2595 3874 καὶ
2627 3821 2683 3874 οἱ
2709 3818 2925 3895 δέσμιοι
2945 3827 3053 3877 τῶν
3076 3822 3459 3898 αἰχμαλώτων
3480 3824 3809 3898 ’Δγαρηνῶν

2161 3908 2455 3980 φθάσωσιν.
2505 3907 2785 3966 Ἐκὲλευσι
2843 3908 2901 3967 δὲ
2953 3911 3043 3967 καὶ
3091 3913 3186 3974 τὰς
3226 3918 3486 3988 γυναῖκας
3530 3918 3642 3967 τῶν
3674 3933 3809 3988 συγ-

2159 3994 2436 4067 κλητικῶν
2494 3996 2812 4068 ἐξελθούσας
2879 4007 2980 4070 τῆς
3036 4001 3254 4063 πόλεως
3322 3998 3526 4077 διάγειν
3591 4001 3686 4057 σὺν
3736 4006 3810 4076 τῇ

2161 4085 2450 4162 Αύγούστῃ
2488 4086 2682 4146 ἐκεῖσε.
2715 4089 2864 4145 Μετὰ
2893 4087 2949 4146 δὲ
2979 4091 3079 4162 τήν
3124 4087 3366 4165 ἑϐδόμην
3416 4092 3626 4167 ἡμέραν
3656 4090 3809 4149 ἄπο-

2159 4174 2395 4239 πλεύσας
2432 4182 2539 4232 τῶν
2591 4177 2763 4234 ἐκεῖσε
2810 4178 2975 4249 ἦλθεν
3025 4181 3100 4242 εἰς
3135 4182 3227 4237 τὸν
3274 4184 3466 4258 Ἀγιον
3506 4182 3808 4255 Μάμαντα,

2159 4266 2249 4319 καὶ
2301 4263 2551 4336 ἐποίησεν
2602 4268 2715 4339 ἅμα
2766 4272 2834 4341 τῇ
2882 4268 3175 4343 συγκλήτῳ
3221 4270 3435 4344 ἡμέρας
3466 4273 3531 4348 γ’.
3576 4273 3719 4329 Ἀπὸ
3749 4270 3810 4329 δί

2158 4358 2264 4409 τῶν
2324 4355 2495 4412 ἐκεῖτε
2553 4354 2881 4421 διαπλεύσας
2949 4356 3171 4438 ἔφθασεν
3214 4360 3266 4416 ἐν
3321 4361 3683 4437 Βλαχὲρναις,
3713 4364 3810 4417 καὶ

2159 4444 2387 4517 ἐξελθὼν
2416 4452 2512 4502 τοῦ
2570 4444 2842 4522 δρόμονος
2875 4445 3070 4514 ἐπιϐὰς
3113 4449 3273 4524 ἵππῳ
3314 4450 3405 4507 διὰ
3436 4456 3534 4508 τοῦ
3564 4449 3667 4523 ἔξω
3696 4453 3814 4509 τεί-

2163 4554 2299 4612 χους
2345 4534 2511 4605 ἦλθεν
2570 4538 2645 4602 εἰς
2692 4540 2791 4609 τὴν
2838 4542 3358 4615 πρὸετοιμασθεῖσαν
3416 4540 3614 4617 κόρτην
3644 4540 3699 4599 ἓν
3731 4548 3814 4616 τῷ

1467 4666 1661 4723 JOAN.
1686 4666 1832 4723 JAC.
1862 4665 2119 4723 REISKII
2151 4664 2739 4723 COMMENTARIUS.

472 4801 584 4882 (ζιΟ)
614 4799 738 4882 Non
773 4799 974 4882 dubito
1007 4803 1299 4882 auctorem
1331 4804 1603 4882 Nostrum
1634 4800 1705 4855 de
1736 4799 1837 4882 illa
1860 4815 2045 4882 expc:

2175 4798 2498 4882 ιστέφανώθη
2543 4802 2650 4854 τῶν
2696 4797 2891 4882 δῄμων
2934 4797 3284 4857 ἐπιϐοώντων
3330 4824 3343 4837 ’
3379 4801 3573 4867 Καλῶς
3610 4801 3811 4872 ἦλθες.

402 4870 623 4945 ditioue
655 4871 837 4945 loqui,
871 4888 1049 4945 quam
1080 4871 1192 4945 ipsi
1224 4888 1457 4945 quoque
1474 4872 1730 4945 Arabum
1760 4870 2046 4945 historici,

404 4949 467 5000 ut
498 4943 838 5000 Elmacinus
881 4943 1008 5010 pag.
1057 4944 1179 5004 142.
1212 4948 1269 4999 et
1310 4943 1597 4999 Abulleda
1645 4943 1712 4999 ad
1760 4948 1825 4996 A.
1861 4943 1921 4999 C.
1953 4943 2055 4997 838

403 5014 723 5082 celebrant,
776 5016 912 5088 (vid.
960 5014 1151 5088 Leon._
1201 5014 1522 5088 Grammat.
1575 5032 1628 5084 p.
1680 5014 1805 5079 453,
1854 5019 1910 5070 et
1949 5014 2057 5088 Sy:-

405 5105 595 5145 meon.
631 5084 933 5160 Logo'thet.
968 5085 1176 5142 Annal.
1212 5103 1265 5155 p.
1302 5087 1451 5157 441,)
1482 5104 1599 5158 qua
1626 5088 1925 5157 Zapetram
1968 5084 2053 5141 vel

403 5162 778 5229 Sozopetram
815 5162 873 5214 et
899 5158 1013 5214 alia
1042 5159 1413 5229 expugnavit,
1448 5160 1546 5213 sed
1580 5158 1838 5213 vicissim
1873 5159 1952 5211 ita
1994 5157 2052 5212 in

404 5178 778 5230 aozopeiram
815 5178 873 5214 ei
899 5178 1013 5214 aiia
1042 5178 1413 5229 expugnavu,
1448 5178 1546 5213 seu
1580 5178 1838 5213 Vicissim
1873 5178 1952 5211 ira
1994 5178 2052 5212 in

403 5234 551 5287 iram
583 5232 898 5287 concitavit
926 5229 1269 5300 Chalipham
1294 5231 1711 5301 Bagdadicum,
1738 5229 2056 5301 Almotase-

404 5320 593 5381 mum,
625 5302 987 5381 Almamonis
1014 5299 1248 5381 fratrem
1277 5308 1334 5358 et
1357 5299 1777 5381 successorem,
1804 5306 1867 5354 ut
1889 5299 2053 5381 bien-

403 5375 500 5451 i_iio
534 5380 684 5451 post,
717 5376 1021 5451 ne_mpe_A.
1141 5374 1269 5451 838,
1294 5373 1772 5451 numerosissimo
1804 5372 2051 5451 exercitu

403 5442 743 5530 Rom—auiam
776 5442 1101 5530 invaderet,
1134 5451 1190 5501 et
1226 5446 1520 5530 Amorium
1555 5442 2055 5530 deleret.‘Triu‘rn:-

404 5519 586 5588 phum
620 5518 730 5574 hoc
760 5517 946 5587 capite
992 5523 1323 5573 enarratum
1364 5514 1737 5588 breviter_sic
1775 5513 2054 5588 describit

402 5581 611 5679 $ymeo
670 5591 684 5644 Ι
770 5581 896 5679 0.":
954 5588 1189 5675 ’βκεῖθεν
1249 5590 1301 5661 [e
1346 5587 1535 5679 n85ya]
1596 5583 1687 5679 εἷςι
1729 5581 2052 5679 τήνῃπόλιν

400 5656 731 5740 ᾁῴικόμενος
786 5659 884 5740 καὶ,
933 5660 996 5714 τὸ
1054 5656 1269 5740 πρῶτον
1314 5656 1532 5740 βαΐρνή
1564 5656 1777 5740 παίξας,
1850 5656 2049 5740 δέρματι

406 5724 583 5806 λὲυκῷ
640 5730 1056 5807 ἔποχησάμενος
1097 5724 1204 5785 ’καὶ
1271 5724 1355 5785 rei
1404 5728 1617 5807 λάφυρα
1675 5724 2051 5805 ’θριαμϐεύσας

2158 4868 2451 4996 ἀσύγκριτε
2481 4868 2839 4949 φακτιονάρη.

2235 4943 2251 4996 (
2299 4944 2351 4996 1)
2401 4943 2487 4996 Ita
2538 4945 2839 4996 menbrani

2235 4943 2351 5013 (41)
2401 4943 2504 4998 Ita"
2538 4943 2893 5017 menbranm.
2954 4945 3282 5017 lrenopolin
3324 4946 3654 5016 designant,
3707 4948 3814 5004 sed

2164 5013 2448 5086 incertum
2482 5032 2676 5086 quam,
2716 5016 2955 5072 illamne
2991 5013 3225 5085 Cilicia,
3269 5013 3815 5076 Neroniadem'alias

2166 5084 2405 5162 dictam,
2431 5084 2709 5162 anlaliam
2753 5088 3009 5162 Isauria},
3052 5107 3125 5145 an
3166 5091 3414 5162 denique
3450 5089 3715 5162 Medium
3747 5107 3814 5162 as

2163 5156 2403 5234 Salami,
2461 5158 2716 5228 (Medina
2744 5160 2900 5234 Cosli,
2926 5156 3423 5234 ut'cognomin'em
3446 5160 3505 5216 in
3528 5161 3815 5233 Hispania

2162 5226 2662 5305 vulgusﬁOstrate
2689 5226 2991 5305 appellat,)
3022 5226 3162 5289 urbe
3196 5235 3353 5305 pacis
3383 5252 3397 5301 ;
3433 5250 3548 5305 quo
3573 5226 3813 5305 nomine

2163 5298 2523 5383 Bagdadum‘,
2573 5298 2882 5383 capitalem
2929 5298 3177 5383 Assyriis
3196 5298 3274 5383 '_et_
3304 5298 3530 5383 imperii
3570 5304 3813 5383 Satrice-

2165 5374 2297 5451 nici
2334 5374 2648 5451 scriptores
2704 5374 2884 5430 Greci
2944 5382 3002 5432 et
3045 5374 3277 5451 λι·υοίφί
3323 5374 3637 5451 celebrant.
3689 5376 3812 5447 Ego

2162 5441 2394 5566 quidem
2432 5441 2500 5498 de
2541 5445 2646 5500 hac
2686 5452 2973 5516 postrema
3015 5453 3153 5519 puto
3193 5448 3288 5503 hic
3326 5447 3436 5503 loci
3470 5441 3810 5505 sermonem

2182 5515 2308 5566 ieri.
2344 5516 2833 5566 auamvisvicinia
2853 5518 3202 5566 ralimmrnm
3232 5518 3457 5566 urbium
3479 5519 3574 5566 hic
3591 5534 3810 5566 mamn.

2182 5515 2308 5577 ieri,
2344 5516 2610 5585 quamvis
2626 5515 2834 5572 vicinia
2853 5515 3203 5587 reliquarum
3232 5518 3459 5575 urbium
3479 5519 3574 5575 hic
3591 5534 3813 5575 memo-

2162 5590 2444 5659 ratarum,
2477 5587 2882 5659 Mopsuhestia
2924 5592 3008 5647 vel
3051 5590 3328 5657 Massisaa,
3370 5591 3609 5657 Adsum,
3638 5592 3807 5646 Ana-

2160 5658 2340 5735 zarbi.
2372 5658 2555 5735 Tarsi,
2588 5658 2795 5735 Cilicia
2837 5662 3035 5732 totius,
3075 5662 3267 5735 potius
3303 5662 3563 5721 indicare
3604 5661 3805 5719 lreno-

2160 5729 2338 5803 polim
2371 5730 2635 5789 Cilissam
2669 5733 2949 5792 videatur.
