4060 6214
355 324 472 386 959

1436 316 1957 377 CONSTANTINI
1996 312 2692 377 PORPHYROGENITI

3645 314 3771 374 960

351 458 594 514 ﬂoribus
624 454 812 522 indui,
843 451 1105 508 coronari
1152 454 1210 506 et
1260 449 1566 506 illustrari.
1619 448 1897 504 Militibus
1937 448 1996 505 in

2117 449 2321 520 Καῖσαρ
2345 445 2594 524 ἐφόρεσεν
2631 450 2870 524 χρυσοῦν
2916 442 3197 503 κλιϐάνιον
3246 445 3337 502 σὺν
3392 447 3777 521 μανικελλὶων

347 544 645 615 triumpho
679 544 879 597 urbem
912 540 1213 612 ingressis,
1246 540 1595 609 exsurgebat
1626 539 1945 609 imperator
1974 553 2004 593 θ

349 639 525 700 certe,
558 633 795 687 indutus
829 629 1028 686 tunica
1052 646 1195 684 auro
1228 631 1503 700 pertexta,
1526 628 1679 684 loros
1729 626 2000 695 habente,

348 722 575 796 qualem
610 720 1003 789 rhodobotryn
1028 720 1155 790 [seu
1180 718 1504 787 rosuveam]
1528 715 1842 788 appellant,
1875 734 2001 788 spa-

345 813 506 868 tham
539 811 609 865 ad
643 810 799 865 latus
833 809 1054 864 habens
1104 824 1134 863 e
1181 807 1416 877 cingulo
1468 807 1913 876 dependentem,
1945 811 2003 861 et

345 905 405 961 in
438 904 629 974 capite
650 903 861 957 tiaram
889 918 1015 970 seu,
1038 906 1103 955 ut
1125 900 1352 971 vulgari
1383 915 1654 955 sermone
1684 898 1999 970 appellant,

343 996 522 1050 tufam
553 1016 567 1058 ;
618 1008 803 1063 eoque
833 991 890 1046 in
942 992 1223 1062 apparatu
1276 989 1653 1044 inscendebat
1691 988 1750 1042 in
1784 1004 1999 1059 equum

344 1082 681 1149 candidum,
727 1079 821 1134 cui
874 1079 1124 1150 phalerae
1173 1078 1558 1148 stragulisque
1596 1080 1901 1148 gemmatis
1932 1077 2002 1132 de

341 1172 662 1228 cervicibus
709 1178 762 1226 et
801 1171 974 1225 dorso
1026 1167 1449 1239 dependebant,
1484 1168 1544 1222 in
1576 1183 1689 1238 quo
1721 1166 2000 1237 provehe-

347 1262 540 1330 batur,
576 1261 773 1315 dextra
808 1275 985 1314 manu
1019 1262 1313 1328 sceptrum
1347 1272 1579 1327 gerens.
1606 1256 1712 1321 Qui
1747 1256 1818 1311 ad
1848 1255 2003 1311 latus

344 1350 459 1422 ipsi
490 1349 789 1420 equitabat
822 1348 1032 1413 Cassar,
1068 1346 1327 1417 [Atexius
1374 1344 1590 1411 Moseli,
1622 1361 1798 1417 gener
1827 1344 2002 1415 ejus,]

344 1440 524 1495 etiam
558 1439 615 1492 in
649 1454 799 1509 equo
831 1436 1078 1491 candido
1128 1435 1441 1506 gemmatis
1474 1433 1729 1503 phaleris
1760 1432 2000 1500 illustri,

345 1530 580 1602 gerebat
610 1543 850 1599 corpore
897 1526 1137 1581 loricam
1185 1540 1442 1591 auream,
1493 1522 1748 1578 armillas
1798 1539 2003 1578 aureas

342 1618 405 1673 in
440 1617 733 1684 manibus,
769 1615 1106 1687 podopsella
1141 1629 1242 1667 seu
1273 1611 1545 1684 genualia
1580 1627 1753 1667 aurea
1779 1611 1838 1666 in
1871 1628 2000 1665 cru-

347 1708 526 1775 ribus,
561 1706 620 1761 in
652 1704 838 1777 capite
869 1703 1155 1759 cassidem
1185 1716 1317 1756 cum
1358 1699 1586 1771 capitali
1632 1716 1733 1754 seu
1767 1699 2001 1755 redimi-

347 1798 478 1854 culo
511 1813 704 1865 aureo,
760 1796 831 1849 ad
881 1794 1033 1848 lalus
1094 1793 1384 1864 spatham,
1415 1794 1470 1845 et
1501 1791 1560 1844 in
1590 1792 1790 1845 dextra
1825 1806 1999 1845 manu

347 1887 571 1940 hastam
605 1900 862 1939 auream.
888 1883 973 1936 Ad
997 1882 1265 1953 exiguam
1291 1880 1361 1934 ab
1387 1886 1577 1936 Aurea
1602 1883 1767 1949 porta
1788 1879 2007 1934 distan-

350 1976 492 2029 tiam
517 1973 744 2029 delatus
767 1972 1156 2026 descendebat
1180 1970 1495 2041 imperator
1520 1984 1590 2023 ex
1618 1985 1788 2040 equo,
1826 1969 2007 2039 proci-

347 2064 521 2119 debat
553 2061 740 2131 humi,
779 2060 940 2115 vultu
992 2060 1062 2114 ad
1115 2058 1396 2115 orientem
1448 2074 1749 2123 converso,
1780 2062 1837 2112 et
1864 2058 2005 2113 ado-

349 2152 516 2206 rabat
548 2154 726 2205 Deum
762 2154 869 2207 ter.
894 2149 1113 2205 Deinde
1145 2164 1458 2221 resurgens
1490 2164 1693 2203 rursus
1724 2162 2003 2203 conscen-

348 2242 523 2295 debat
568 2255 807 2311 equum,
864 2244 920 2294 et
978 2238 1062 2293 sic
1120 2239 1355 2293 tandem
1386 2237 1645 2293 intrabat
1677 2238 1739 2292 in
1771 2252 2005 2292 auream

348 2334 601 2400 portam.
641 2328 747 2384 Per
775 2328 942 2398 cujus
991 2343 1232 2399 magnas
1284 2326 1505 2382 medias
1536 2325 1733 2382 valvas
1764 2323 2007 2381 intranti

350 2418 691 2485 aﬂ'erebant,
726 2416 1005 2487 magister
1035 2422 1091 2471 et
1119 2416 1329 2488 diepon
1361 2432 1459 2471 seu
1492 2414 1746 2471 vicarius
1778 2412 2006 2486 imperii

345 2506 789 2563 administrator
820 2514 873 2561 et
907 2506 1209 2577 praefectus
1241 2504 1405 2559 urbis
1437 2520 1673 2559 auream
1706 2519 2004 2572 coronam,

352 2596 604 2668 gemmis
634 2600 692 2650 et
721 2594 1050 2666 margaritis
1073 2593 1270 2665 magni
1294 2592 1461 2665 pretii
1496 2597 1797 2653 ornatam:
1830 2608 2006 2663 quam

353 2689 664 2757 acceptans
715 2685 919 2739 dextro
968 2700 1075 2738 suo
1129 2682 1368 2738 brachio
1408 2682 1906 2753 circumponebat.
1940 2681 2010 2736 Et

354 2775 623 2846 protinus
668 2772 1065 2828 obventabant
1120 2772 1234 2844 ipsi
1292 2771 1572 2827 factiones
1630 2771 1786 2825 haud
1818 2770 2007 2841 aliter,

354 2879 533 2935 quam
565 2862 621 2917 in
654 2860 1123 2932 processionibus
1168 2859 1394 2915 dierum
1448 2860 1724 2914 festorum
1757 2858 1883 2913 ﬁeri
1915 2874 2006 2913 so-

348 2952 452 3019 let,
484 2951 812 3008 accinentes
846 2949 1099 3022 hymnos
1131 2947 1535 3019 triumphales.
1564 2948 1703 3003 Inde
1736 2952 2010 3020 pergente

351 3043 698 3112 imperatore
747 3057 846 3111 per
891 3041 1080 3112 sigma
1135 3048 1190 3095 et
1247 3038 1515 3111 plateam,
1570 3056 1695 3111 quas
1727 3040 1799 3094 ad
1830 3040 2009 3096 (adem

351 3131 549 3186 Sancti
576 3130 743 3186 Mocii
774 3130 958 3199 ducit,
983 3144 1169 3201 usque
1192 3130 1262 3185 ad
1288 3127 1560 3194 millium,
1583 3130 2008 3185 descendebant

2111 536 2201 590 καὶ
2253 534 2618 610 ποδοψέλλων
2665 536 2754 591 καὶ
2803 537 2981 591 αὐτῶν
3025 540 3268 613 χρυσῶν,
3316 536 3500 611 βαλὼν
3546 535 3638 592 ἐπὶ
3672 544 3783 606 τῆς

2111 624 2356 704 κεφαλῆς
2403 626 2568 680 αὐτοῦ
2617 625 2707 679 καὶ
2756 622 2948 681 κασίδα
2980 625 3073 681 σὺν
3111 626 3510 700 περικεφαλαίᾳ
3557 630 3780 701 χρυσῇ,

2115 720 2423 789 ζωσάμενος
2481 714 2571 770 καί
2640 715 2885 786 σπαθέον,
2958 711 3148 778 ἐπιϐὰς
3229 716 3317 771 καὶ
3384 716 3547 777 αὐτὸς
3611 714 3781 788 ἶππῳ

2112 806 2322 881 ὁμοίως
2354 807 2534 876 λευκῷ
2574 803 2667 859 σὺν
2696 806 2945 883 χιώματι
2998 802 3273 860 διαλίθου.
3299 800 3533 861 Ἔλαϐεν
3563 803 3628 861 δὲ
3682 806 3779 859 καὶ

2110 900 2178 969 τῇ
2246 894 2395 970 χειρὶ
2456 891 2676 969 λόγχην
2737 898 2965 969 χρυσᾶν·
3023 897 3216 969 μικρὸν
3274 893 3333 950 δὲ
3380 902 3481 965 τῆς
3550 894 3783 968 πόρτης

2111 983 2403 1061 πεφθακὼς
2458 985 2567 1055 (44)
2606 977 2808 1052 κατέϐη
2870 987 2965 1038 τοῦ
3016 981 3192 1039 Ἵππου
3262 985 3289 1038 6
3351 983 3641 1053 βασιλεὺς,
3682 985 3779 1038 καὶ

2110 1069 2293 1129 ἓπεσεν
2336 1070 2474 1145 πρὸς
2532 1070 2804 1133 ἀνατολὰς
2864 1074 3248 1147 προσκυνήσας
3295 1072 3495 1146 τρίτον.
3527 1073 3651 1129 Εἶθ’
3685 1070 3787 1125 οῦ-

2111 1183 2219 1225 τως
2251 1162 2482 1224 ἀναστὰς
2513 1156 2680 1231 ἐπέϐη
2730 1165 2809 1233 τῷ
2847 1161 3023 1235 ἳππῳ.
3070 1162 3171 1219 Καὶ
3207 1161 3580 1241 εἱσερχομένῳ
3616 1161 3786 1234 αὐτῷ

2110 1253 2208 1320 τήν
2263 1249 2509 1327 μεγάλην
2569 1252 2793 1323 Χρυσῆν
2844 1251 3072 1325 πόρταν,
3110 1254 3486 1327 προσήνεγκαν
3534 1251 3703 1323 αύτῷ
3754 1253 3786 1305 ὁ

2116 1342 2415 1415 μάγιστρος
2447 1340 2537 1394 καὶ
2570 1340 2597 1394 6
2656 1337 2855 1395 διέπων
2908 1341 2999 1396 καὶ
3031 1341 3059 1395 6
3108 1335 3349 1418 ἔπαρχος
3403 1347 3506 1411 τῆς
3540 1340 3784 1400 πόλεως

2112 1434 2352 1505 χρυσοῦν
2396 1428 2652 1503 στέφανον
2683 1430 3181 1504 κατεσκευασμένον
3222 1428 3283 1485 ὲκ
3337 1427 3510 1493 λίθων
3555 1428 3782 1501 τιμίων

2111 1519 2198 1575 καί
2236 1520 2529 1594 μαργάρων
2559 1516 2904 1591 πολυτίμων,
2938 1520 2995 1573 δν
3034 1520 3125 1575 καὶ
3182 1515 3488 1593 λαϐόμενος
3531 1521 3559 1574 6
3612 1521 3785 1593 βασι-

2113 1608 2263 1677 λεὺς,
2310 1608 2558 1687 ἐφόρεσεν
2607 1608 2766 1664 αὐτὸν
2816 1606 2901 1663 ἐπὶ
2960 1612 3062 1663 τοῦ
3111 1606 3286 1682 δεξιοῦ
3321 1608 3645 1684 βραχίονος,
3682 1607 3782 1663 καὶ

2112 1698 2262 1761 εὐθὺς
2307 1699 2373 1753 τὰ
2407 1697 2544 1773 μέρη
2596 1697 2759 1753 αὐτὸν
2808 1697 3119 1769 ὑπήντησαν
3169 1697 3518 1773 ἐμπραττως,
3561 1699 3643 1760 ὡς
3680 1697 3777 1753 ἐπὶ

2112 1787 2440 1861 έορτασίμου
2506 1788 2830 1862 προκένσου,
2900 1786 3271 1866 εὐφημοῦντες
3340 1787 3597 1843 ἐπινίκια.
3673 1787 3780 1844 Καὶ

2113 1873 2393 1937 διοδεύσας
2443 1876 2547 1931 ἀπὸ
2607 1881 2714 1931 τῶν
2761 1875 2930 1930 ἐκεῖσε
2964 1873 3053 1930 διὰ
3099 1880 3194 1931 τοῦ
3226 1876 3488 1950 σίγματος
3536 1876 3627 1931 καὶ
3669 1883 3775 1946 τῆς

2111 1969 2248 2039 πρὸς
2269 1970 2363 2024 τὸν
2397 1970 2585 2044 Ἀγιον
2636 1969 2858 2026 Μώκιον
2893 1966 3057 2044 μέχρι
3087 1971 3183 2023 τοῦ
3212 1967 3423 2040 μιλίου.
3456 1970 3546 2025 Ἐν
3586 1970 3635 2040 ᾧ
3672 1991 3774 2042 μι-

2114 2057 2221 2129 λίῳ
2277 2054 2552 2128 ἄπέϐησαν
2583 2062 2689 2113 τῶν
2721 2056 2913 2113 ’ίππων
2967 2058 3017 2111 οἱ
3064 2064 3164 2128 τῆς
3197 2056 3510 2133 συγκλήτου
3539 2058 3632 2112 καὶ
3667 2078 3772 2113 πε-

2116 2147 2357 2217 ζεύοντες
2401 2144 2722 2224 δηρίγευσαν
2763 2144 3067 2222 ἔμπροσθεν
3138 2150 3237 2203 τοῦ
3308 2145 3575 2223 βασιλέως
3665 2145 3775 2210 ’ἕως

2113 2241 2211 2291 τοῦ
2242 2236 2471 2315 φρέατος
2500 2244 2601 2306 τῆς
2632 2237 2818 2313 Ἀγίας
2848 2237 3077 2316 Σοφὶας.
3110 2234 3265 2307 Πλὴν
3303 2236 3396 2291 οὖν
3435 2238 3487 2291 οἱ
3519 2237 3625 2292 ἀπὸ
3658 2242 3771 2293 τῶν

2116 2321 2216 2397 ἔξω
2267 2326 2696 2391 συνεισελθόντες
2743 2331 2824 2399 τῷ
2875 2324 3095 2399 βασιλεῖ
3136 2325 3188 2381 ὲν
3233 2330 3302 2400 τῇ
3370 2323 3555 2391 πόλει,
3624 2325 3769 2398 μετὰ

2119 2419 2338 2490 χρυσῶν
2382 2410 2677 2470 κλιϐανίῶν
2746 2416 2839 2469 καὶ
2888 2415 3132 2479 σπαθίων
3182 2414 3270 2471 καὶ
3322 2416 3615 2490 κονταρίων
3650 2415 3757 2470 εἰσ-

2115 2503 2289 2573 ῆλθον
2320 2499 2570 2581 ἔφιπποι,
2606 2502 2754 2575 τάξις
2787 2505 2982 2575 ἑκάστη
3018 2501 3127 2576 ἰδίᾳ
3162 2504 3253 2559 καὶ
3282 2503 3478 2579 χωρίς·
3512 2499 3750 2577 ἔμπροσ-

2118 2596 2202 2650 θεν
2244 2598 2340 2649 τοῦ
2375 2593 2648 2669 βασιλέως
2679 2595 2729 2649 οἱ
2760 2594 3111 2669 πραιπόσιτοι
3152 2594 3240 2649 καὶ
3272 2595 3335 2651 τὸ
3357 2588 3750 2663 κουϐούκλειον,

2118 2677 2571 2758 χρυσοκλίϐανοι·
2622 2679 2840 2738 ὄπισθεν
2892 2681 2949 2739 δὲ
2999 2684 3073 2746 ὡς
3124 2685 3227 2740 ἀπὸ
3298 2684 3525 2759 ὀργυιῶν
3602 2684 3759 2739 πέντε

2116 2773 2595 2847 πρωτοσπαθάριοι
2667 2774 2924 2849 εὐνοῦχοι
2988 2774 3121 2847 μετὰ
3197 2777 3416 2848 χρυσῶν
3467 2768 3764 2828 κλιϐανὶων

2118 2862 2206 2916 καὶ
2260 2857 2701 2920 σπαθοϐακλίων.
2760 2863 2849 2919 Ἐν
2887 2859 2943 2918 δὲ
2998 2866 3067 2929 τῆ
3128 2860 3314 2938 χαλκῇ
3354 2867 3453 2917 τοῦ
3492 2861 3762 2918 παλατὶοο

2116 2947 2244 3023 ἔστη
2299 2950 2602 3027 ἔμπροσθεν
2650 2958 2752 3022 τῆς
2802 2951 2985 3023 πύλης
3026 2950 3329 3007 πούλπιτον
3377 2954 3515 3026 (45),
3570 2952 3661 3006 καὶ
3693 2953 3767 3013 εἷς

2115 3044 2178 3099 τὸ
2203 3039 2258 3097 ’έν
2314 3042 2476 3117 μέρος
2517 3043 2580 3097 τὸ
2610 3045 2848 3120 χρυσοῦν
2901 3038 3122 3119 ὄργανον
3171 3043 3235 3098 τὸ
3274 3040 3569 3116 λεγόμενον
3611 3061 3766 3115 πρω-

2116 3132 2382 3204 τόθαυμα,
2407 3130 2481 3193 εἷς
2516 3127 2573 3185 δὲ
2601 3132 2662 3186 τὸ
2692 3129 2814 3205 ἓτερ
2827 3153 2885 3187 ον
2940 3130 3102 3206 μέρος
3134 3134 3346 3202 σέντζον
3403 3134 3648 3206 χρυσοῦν
3675 3133 3767 3185 καὶ

348 3224 653 3276 senatores
684 3220 743 3274 in
774 3218 957 3274 millio
992 3235 1059 3273 ex
1088 3219 1271 3290 equis,
1304 3221 1361 3273 et
1390 3218 1782 3290 procedebant
1813 3234 2005 3276 coram

2122 3218 2388 3293 διάλιθον,
2435 3222 2596 3295 μέσον
2653 3220 2711 3277 δὲ
2766 3222 2978 3277 τούτων
3026 3222 3054 3277 6
3115 3226 3352 3299 χρυσοῦς
3403 3222 3629 3296 σταυρὸς
3677 3219 3767 3275 καὶ

343 3308 471 3378 ipso
531 3310 591 3363 in
649 3308 895 3378 pedibus
934 3308 1005 3362 ad
1064 3324 1249 3378 usque
1301 3314 1540 3378 puteum
1571 3306 1659 3361 vel
1693 3307 2003 3362 cisternam

351 3397 652 3452 Iustralem
686 3397 907 3451 Sancta:
938 3395 1182 3466 Sophizs.
1216 3398 1291 3449 At
1341 3396 1444 3465 qui
1494 3410 1628 3449 cum
1658 3393 2009 3465 imperatore

349 3486 409 3539 in
472 3485 674 3539 urbem
734 3499 763 3538 e
822 3484 1032 3538 castris
1084 3489 1143 3538 et
1198 3483 1566 3552 expeditione
1606 3483 1892 3551 redibant,
1926 3482 2009 3537 illi

346 3574 538 3629 aureis
568 3589 701 3627 cum
736 3571 933 3628 loricis
983 3576 1041 3627 et
1086 3570 1315 3642 spathis
1365 3576 1423 3627 et
1469 3571 1661 3626 contis
1692 3588 1792 3627 seu
1830 3572 2009 3627 hastis

348 3662 648 3717 intrabant
679 3659 928 3733 equites,
962 3662 1116 3717 292
1142 3660 1282 3716 ordo
1308 3662 1559 3733 quisque
1602 3660 1869 3727 seorsim,
1903 3661 2010 3717 hoc

350 3752 573 3809 ordine.
606 3754 805 3807 Coram
857 3752 1211 3823 imperatore
1247 3749 1664 3823 praecedebant
1711 3750 2007 3823 praepositi

347 3846 406 3897 et
462 3844 530 3897 ad
591 3840 929 3897 cubiculum
990 3840 1349 3913 pertinentes
1416 3841 1474 3896 in
1534 3842 1726 3897 aureis
1773 3840 2006 3910 loricis;

352 3948 499 4004 pone
530 3947 627 3987 eos
657 3934 848 3987 autem
902 3934 957 3986 et
1006 3944 1154 4001 pone
1204 3930 1613 4003 imperatorem
1647 3932 1718 3986 ad
1752 3932 2009 4004 quinque

344 4022 527 4077 ferme
548 4036 856 4093 orgyarum
886 4020 1221 4075 distantiam
1248 4020 1700 4092 protospatbarii
1731 4020 2006 4090 eunuchi,

346 4111 543 4167 itidem
567 4127 699 4166 cum
732 4110 927 4166 aureis
958 4109 1159 4166 loricis
1187 4114 1243 4165 et
1292 4109 1731 4180 spathobacliis.
1772 4108 1840 4166 Ut
1871 4127 2008 4182 ergo

348 4201 409 4256 in
439 4218 505 4257 ea
537 4200 906 4274 processione
938 4208 1275 4269 provenerat
1304 4200 1620 4271 imperator
1663 4198 1740 4255 ad
1786 4200 1846 4255 S.
1899 4201 2008 4256 Sa-

349 4291 572 4363 phiam,
604 4290 996 4347 descendebat
1025 4306 1093 4345 ex
1145 4305 1315 4361 equo,
1348 4288 1600 4345 intrabat
1629 4289 1687 4344 in
1719 4290 2006 4362 templum

350 4396 454 4450 per
483 4394 676 4435 aream
709 4378 894 4435 sancti
926 4378 1106 4450 putei,
1140 4378 1387 4435 faciebat
1440 4378 1519 4434 ibi
1560 4394 1778 4450 preces,
1812 4378 2008 4435 factis—

2118 3308 2362 3373 διάλιθος
2411 3310 2438 3364 ὁ
2475 3309 2664 3384 μέγας·
2712 3312 2769 3368 'O
2823 3308 2880 3365 δὲ
2915 3308 3171 3385 βασιλεὺς
3214 3304 3425 3373 ἀποϐὰς
3454 3314 3550 3365 τοῦ
3585 3307 3764 3365 ἵππου

2118 3396 2368 3468 εἰσῆλθεν
2402 3395 2490 3453 διὰ
2518 3402 2616 3453 τοῦ
2654 3398 2885 3477 φρέατος
2932 3398 3010 3461 εἷς
3057 3400 3157 3469 τὴν
3198 3397 3382 3473 Ἀγὶαν
3415 3398 3639 3476 Σοφίαν,
3672 3398 3767 3454 καὶ

2119 3486 2407 3560 εὐξάμενος
2466 3484 2685 3557 ἐξῆλθεν
2740 3486 2906 3543 πάλιν
2966 3485 3055 3542 διὰ
3079 3495 3181 3556 τῆς
3226 3488 3394 3557 αὐτῆς
3423 3486 3629 3559 πύλης,
3673 3485 3767 3543 καί

2118 3576 2355 3646 πεζεύων
2423 3576 2588 3646 ἦλθεν
2656 3576 2707 3632 ἐν
2768 3582 2836 3651 τῇ
2900 3575 3112 3650 Χαλκῆ,
3171 3576 3260 3632 καὶ
3329 3576 3569 3633 ἀνελθὼν
3647 3580 3763 3647 (46)

2118 3666 2576 3746 κατεσφραγίσατο
2626 3666 2715 3721 ἐπὶ
2764 3671 2859 3722 τοῦ
2927 3668 3167 3737 σέντζου,
3227 3668 3317 3722 καὶ
3397 3662 3620 3743 ἔκραξαν
3708 3668 3775 3722 τὰ

2124 3758 2284 3831 μέρη·
2341 3781 2370 3808 κ
2432 3756 2529 3819 Εἷς
2574 3754 2729 3832 ἅγιος
2776 3760 2912 3830 (47).
2956 3780 2985 3809 ››
3034 3758 3138 3813 Καὶ
3176 3755 3420 3823 καθίσας,
3462 3758 3770 3833 προσήνεγ-

2118 3866 2214 3900 καν
2268 3846 2414 3919 αὐτῷ
2460 3847 2523 3901 τὸ
2579 3845 2901 3919 πολίτευμα
2958 3853 3057 3916 τῆς
3106 3843 3325 3910 πόλεως
3354 3851 3598 3921 χρυσοῦς
3644 3847 3781 3921 βρα-

2119 3934 2377 4010 χιὸλους,
2417 3934 2507 3988 καὶ
2563 3929 2748 3989 λαϐὼν
2776 3935 3008 3997 τούτους
3050 3935 3077 3989 6
3113 3933 3366 4009 βασιλεὺς
3400 3934 3647 4015 ἐφόρεσεν
3681 3932 3775 3989 ἐπὶ

2117 4028 2225 4079 τῶν
2269 4023 2576 4101 βραχιόνων
2630 4023 2817 4093 αὐτοῦ,
2877 4026 2966 4080 καί
3027 4021 3322 4095 ἀπεδέξατο
3359 4023 3553 4086 αὐτοὺς
3600 4023 3776 4098 εὐχα-

2121 4118 2341 4187 ριστῶν,
2393 4110 2796 4189 δημηγορήσας
2848 4112 2940 4191 ἀφ’
2988 4113 3182 4167 ἑαυτοῦ
3240 4113 3306 4166 τὰ
3361 4113 3483 4187 περὶ
3527 4120 3626 4182 τῆς
3656 4111 3775 4168 ἐπι·

2116 4200 2314 4275 τυχίας
2370 4205 2466 4257 τοῦ
2508 4202 2781 4275 πολέμου.
2839 4202 2938 4256 Καὶ
2997 4205 3189 4264 πάντες
3264 4201 3542 4262 ἒπινικὶως
3606 4200 3772 4256 αὐτὸν

2120 4288 2253 4368 εὒφή
2268 4312 2466 4365 μησανο
2501 4292 2733 4356 ἀναστὰς
2783 4290 2840 4347 δὲ
2882 4295 2980 4347 τοῦ
3033 4293 3253 4363 σέντζου
3284 4285 3450 4361 ἐπέϐη
3481 4295 3561 4364 τῷ
3584 4288 3770 4364 ἵππῳ,

2119 4380 2210 4434 καὶ
2252 4377 2446 4449 διῆλθε
2476 4377 2565 4436 διά
2596 4401 2654 4435 τε
2683 4385 2793 4436 τῶν
2825 4376 3156 4437 διαϐατικῶν
3189 4385 3286 4438 τοῦ
3316 4380 3628 4455 Ἀχιλλέως
3676 4379 3771 4434 καὶ

1402 4492 1601 4549 JOAN.
1643 4493 1787 4550 JAC.
1832 4495 2095 4554 REISKII
2135 4496 2725 4555 COMMENTARIUS.

421 4601 537 4680 (44)
568 4601 667 4656 Est
723 4618 921 4680 parum
982 4603 1139 4680 ultra
1199 4606 1678 4680 portam_ev_eclas_.
1729 4602 2004 4680 Eamdem

2119 4606 2231 4680 [loc
2260 4609 2348 4661 est
2379 4604 2520 4662 illud
2551 4605 2862 4680 παράθυρίον
2896 4608 3250 4680 προσκήνιον,
3293 4607 3776 4680 quod_m_em_orat

354 4674 590 4745 quidem
610 4675 981 4741 sententiam,
1001 4674 1102 4731 sed
1119 4675 1388 4745 ambigue
1409 4675 1467 4729 in
1493 4673 1708 4729 Latinis
1729 4676 2005 4745 expressi.

355 4744 505 4818 Illud
525 4744 807 4818 alterum,
843 4751 907 4802 ut
936 4746 1175 4812 clarius,
1208 4744 1455 4818 supponi
1500 4745 1721 4800 malim.

426 4815 541 4891 (45)
572 4818 717 4891 _Ante
752 4818 1026 4890 palatium
1059 4823 1180 4874 erat
1212 4815 1503 4891 pulpitum
1535 4834 1638 4873 seu
1671 4821 2007 4891 suggestus,

357 4888 779 4964 etiamHZosim'i
805 4891 931 4961 jam
964 4888 1242 4964 tempore,
1294 4888 1394 4961 qui
1446 4888 1485 4946 l.
1538 4906 1610 4957 iv,
1644 4906 1693 4945 c.
1726 4888 1873 4959 ϐξτὸ
1904 4890 2009 4964 πρὸ

355 4956 661 5034 τῆςναύλῆς
696 4956 849 5034 βῆμά
878 4956 1152 5034 appellit-

428 5032 538 5103 (46)
574 5032 787 5105 Nempe
820 5034 877 5089 in
916 5032 1227 5103 pulpitum,
1255 5033 1411 5105 quod
1444 5048 1639 5089 coram
1690 5033 1886 5105 cbalce
1918 5050 2012 5091 ex-

354 5107 644 5177 structum
676 5104 799 5161 erat
829 5110 885 5159 et
908 5106 963 5159 in
990 5104 1467 5177 thronum’super
1491 5106 1604 5160 isto
1636 5104 1860 5177 pulpito
1892 5106 2011 5163 col-

356 5174 636 5231 locatum.
688 5178 789 5233 Est
834 5181 1018 5250 autem
1070 5174 1382 5250 pulpitum‘
1414 5176 1593 5245 idem,
1636 5174 1796 5250 quod
1835 5177 2009 5250 βῆμα,

355 5254 668 5316 suggestus
692 5249 1012 5315 excelsus,e
1036 5264 1150 5319 quo
1175 5247 1551 5318 magistratus
1576 5254 1677 5302 aut
1698 5247 2012 5318 imperator

354 5318 529 5391 verba
561 5319 827 5376 faciebat.
861 5318 1175 5376 Latini’me
1198 5320 1261 5376 lii
1292 5320 1393 5374 aevi
1423 5320 2013 5391 arengarz’amgappel-

354 5389 557 5463 labant
587 5392 658 5445 ab
690 5392 1001 5463 arengando
1047 5407 1147 5446 seu
1194 5391 1751 5463 perorando._Luogc
1779 5389 2012 5447 diaanzi

352 5462 407 5535 al
438 5463 691 5531 palamne,
722 5461 873 5531 dové,
916 5464 1132 5535 quando
1179 5461 1404 5520 énb'ava
1436 5464 1490 5517 la
1522 5461 1801 5531 Signoria,
1835 5465 1876 5520 il
1908 5465 2009 5521 Po-

352 5534 704 5608 desta_satito
749 5540 803 5588 in
856 5534 1128 5608 bigoncia,
1177 5538 1272 5591 chc
1320 5538 1430 5591 cost
1476 5536 1524 5589 si
1570 5534 1854 5589 chiamava
1884 5536 2011 5608 ῳιεί

349 5604 571 5679 pulpito
594 5606 652 5659 di
674 5624 942 5679 pergama
972 5607 1207 5663 d’entrel
1235 5609 1397 5679 quale
1426 5622 1701 5679 arengava
1750 5622 1778 5662 ε
1824 5604 2012 5677 facetia

356 5676 451 5732 un’
482 5676 797 5737 ονιιπίοηρ.⁷
823 5679 947 5738 Vid.
1000 5680 1085 5735 Du
1137 5676 1327 5753 Cange
1376 5680 1462 5735 Gl.
1498 5678 1556 5733 L.
1592 5696 1641 5733 ν.
1676 5676 2008 5750 Arengaria.

2120 4676 2352 4753 Nicetes
2376 4674 2639 4753 pag.‘203'
2660 4697 2677 4753 :_
2698 4674 3041 4753 Ὀβοισιλεὺς
3061 4674 3401 4753 τραπόμενος
3432 4675 3506 4737 εἷς
3535 4674 3773 4753 ξστίασιν

2119 4750 2292 4824 πᾶσαν
2345 4746 2481 4802 τῶν“
2510 4746 2969 4824 ἀρχαίων-’ἀνῆκε
3010 4746 3191 4824 πύλην
3224 4746 3441 4824 αὔλειον
3474 4748 3562 4802 καὶ
3582 4748 3778 4824 Δπαρὰ·

2121 4821 2278 4909 Ουρον
2305 4814 2693 4909 ’προσκῇνιοῃ
2750 4814 2903 4877 ὥστε
2944 4820 3070 4886 τοὺς
3093 4814 3503 4909 ἠβουλομένους
3554 4814 3773 4873 εἰσιέναι

2120 4892 2208 4967 καὶ
2244 4892 2460 4956 θεᾶσθαι
2489 4893 2649 4949 αὐτὸν
2673 4897 3060 4967 τροπαιοῦχον.
3091 4892 3536 4967 Cbrampalatip
3567 4906 3773 4964 regum

2122 4965 2485 5039 Persicorum
2517 4982 2646 5023 esse
2690 4963 2805 5039 tale
2853 4963 3168 5037 pulpitum,
3201 4963 3430 5039 asylum
3462 4963 3603 5039 illuc
3634 4963 3775 5019 con-

2122 5036 2504 5109 fugientibus,
2531 5038 2771 5094 memini
2791 5035 3292 5109 ap‘ud’Sansonum
3314 5037 3526 5109 legere.
3562 5035 3629 5091 Et
3648 5051 3774 5091 mo-

2120 5122 2244 5180 rem
2260 5108 2440 5164 fuisse
2455 5111 2787 5165 Latinorum
2800 5107 3024 5180 quoque
3036 5109 3208 5165 medii
3222 5108 3326 5166 αξνί
3340 5107 3563 5180 pulpita
3574 5122 3776 5163 coram

2122 5178 2341 5252 foribus
2390 5182 2598 5237 aedium
2631 5178 2874 5237 suarum
2922 5178 3206 5248 struendi,
3238 5178 3394 5252 patet
3423 5196 3454 5235 e
3482 5178 3773 5252 Chronico

2122 5250 2487 5309 Laurisham.
2544 5270 2696 5309 anno
2752 5254 2894 5309 948:
2949 5250 3270 5322 paradisum
3318 5256 3495 5308 totum
3547 5250 3772 5320 plumbo

2118 5322 2421 5448 imperatu,
2468 5326 2687 5397 pulpita
2737 5330 2866 5382 ante
2909 5335 3098 5394 portas
3133 5323 3377 5397 ejusdem
3402 5322 3652 5395 paradisi
3679 5325 3771 5393 [a-

2156 5410 2330 5448 rzcavz
2359 5435 2372 5448 .

2156 5402 2372 5449 rz'cavz't.

2189 5465 2303 5536 (47)
2338 5466 2419 5521 Ila
2449 5466 2593 5522 mihi
2632 5468 2796 5526 visus
2846 5469 2923 5523 fui
2975 5467 3035 5523 in
3075 5466 3428 5524 membranis
3460 5466 3769 5536 reperisse.

2122 5538 2182 5592 In
2216 5538 2611 5613 superioribus
2639 5556 2792 5610 saepe
2829 5544 2918 5596 est
2961 5541 3037 5599 εἷς
3087 5539 3265 5613 ἅγιος,
3304 5555 3360 5595 es
3403 5547 3647 5613 sanctus,
3679 5536 3771 5613 νει

2117 5608 2484 5684 venerabilis,
2516 5613 2666 5682 quod
2719 5608 2863 5668 forte
2912 5608 3375 5682 praeferendum;
3421 5609 3577 5684 ἅγιος
3607 5608 3768 5666 enim

2119 5688 2202 5737 est
2235 5681 2439 5739 titulus
2473 5681 2809 5755 imperatori
2839 5681 3192 5756 competens.
