4060 6214
200 346 342 410 965
1067 345 1170 404 DE
1213 341 1682 406 CERIMONIIS
1727 338 1919 402 AULI

2084 337 2489 402 {ZANTINE
2533 339 2684 400 LIB.
2732 343 2810 402 II.
3537 347 3658 407 966

241 479 328 554 γ’.
396 478 544 536 Ὅσα
603 473 686 532 δεῖ
739 471 1201 550 παραφυλάττειν,
1255 477 1357 529 τοῦ
1430 470 1699 549 βασιλέως
1758 491 1898 548 προ-

2139 471 2506 540 Obseruando,
2536 473 2754 546 quando
2783 475 3086 546 imperator
3109 474 3466 534 domesticum
3495 479 3657 537 scho-

376 563 742 640 ϐαλλομένου
846 563 1172 637 δομέστικον
1293 566 1401 618 τῶν
1513 561 1755 642 σχολῶν,
1858 559 1894 629 ἢ

2084 561 2260 617 larum
2289 570 2386 617 aut
2434 565 2698 632 strategos
2725 569 2824 618 aut
2869 562 3244 632 drungarium
3287 566 3510 634 classis,
3560 576 3659 623 aut

383 656 755 732 στρατηγοὺς,
813 655 847 725 ἢ
908 650 1267 730 δρουγγάριον
1337 655 1446 706 τῶν
1524 649 1806 724 πλοΐμων,
1860 648 1895 718 ἢ

2084 651 2566 717 sacellarium,aut
2594 649 2829 708 saeellio
2849 656 3171 724 praelectum
3193 653 3505 727 reliquosve
3532 657 3658 727 ofﬁ-

382 743 772 820 σακελλάριον,
875 742 910 812 ἢ
985 747 1082 798 τοῦ
1157 739 1472 810 σακελΛίου,
1550 737 1587 809 ἤ
1666 736 1902 800 λοιποὺς

2084 740 2251 796 ciales
2276 747 2448 795 creat.

385 833 796 914 ὀφφικιαλίους.

259 937 338 996 δ’.
378 943 527 999 ’Ὀσα
603 937 687 995 δεῖ
757 937 1198 1018 παραφυλάττειν
1254 935 1342 993 ἐπὶ
1402 938 1706 1011 προαγωγῇ
1783 933 1904 1012 ῥαί-

2147 939 2504 996 0bservanda
2534 940 2598 996 in
2625 943 2968 1014 promotione
2997 944 3243 1000 rectoris.

394 1048 627 1105 κτωρος.

264 1138 334 1198 ε’.
373 1139 518 1196 ’Όσα
595 1133 677 1192 δεῖ
749 1133 1188 1216 παραφυλάττειν
1261 1133 1350 1190 ἐπὶ
1433 1138 1734 1211 προαγωγῇ
1810 1154 1905 1187 συ-

2145 1135 2493 1194 Observanda
2522 1137 2582 1194 in
2611 1138 2958 1210 promotione
2983 1139 3241 1212 syncetli.

394 1225 615 1302 γκέλου.

2015 1331 2070 1386 6.
2148 1333 2489 1390 Obseruando
2520 1334 2582 1390 in
2611 1352 2821 1404 annua,
2853 1337 3032 1408 qualis
3061 1353 3206 1393 nunc
3231 1337 3550 1410 peragitur,
3571 1353 3662 1394 ce-

2089 1422 2394 1481 lebratione
2419 1427 2711 1482 memoria?
2751 1427 2934 1481 sancti
2959 1430 3016 1482 et
3061 1427 3256 1497 magni
3287 1427 3664 1495 Constantini,

2089 1515 2138 1566 et
2167 1513 2228 1566 in
2257 1513 2524 1570 encaeniis
2552 1518 2874 1570 sanctarum
2901 1517 3150 1572 crucium
3190 1517 3249 1572 in
3278 1531 3415 1574 novo
3441 1515 3666 1588 palatio

2091 1602 2232 1656 Boni
2253 1602 2524 1670 ﬁxarum.

267 1337 342 1398 ς’.
380 1337 524 1393 ’Όσα
598 1330 680 1389 δεῖ
751 1331 1213 1410 παραφυλάττειν,
1291 1331 1365 1393 ὡς
1438 1332 1505 1386 τὰ
1575 1335 1666 1386 νῦν
1735 1330 1909 1386 ἐπιτε-

399 1430 575 1480 Λεῖται
627 1425 663 1494 ἡ
730 1427 831 1478 τοῦ
905 1422 1056 1496 ἁγίου
1113 1422 1203 1477 καὶ
1264 1421 1507 1498 μεγάλου
1566 1420 1906 1478 Κωνσταντί-

395 1535 494 1569 νου
569 1511 785 1583 έτήσιος
863 1513 1078 1586 μνήμη,
1152 1511 1243 1566 καὶ
1333 1512 1400 1566 τὰ
1482 1508 1723 1588 έγκαίνια
1797 1512 1905 1564 τῶν

397 1600 722 1678 ἱδρυνθένων
779 1601 980 1676 τιμίων
1046 1606 1292 1675 σταυρῶν
1353 1598 1405 1654 ἐν
1479 1604 1557 1672 τῷ
1631 1598 1736 1673 νέῳ
1808 1620 1911 1654 πα-

401 1690 580 1764 λατίῳ
650 1694 749 1746 τοῦ
825 1692 1016 1746 Βόνου.

279 1799 354 1870 ζ’.
385 1801 526 1858 Ὅσα
603 1797 684 1854 δεῖ
757 1796 1193 1874 παραφυλάττειν
1286 1795 1337 1851 έν
1429 1799 1497 1870 τῇ
1573 1797 1736 1870 ἑορτῇ
1811 1796 1904 1852 καὶ

402 1887 722 1964 προελεύσει
794 1891 902 1942 τῶν
975 1886 1142 1963 άγίων
1215 1887 1454 1942 πάντων.

2016 1803 2071 1856 7.
2151 1801 2497 1860 Observanda
2529 1805 2590 1860 in
2639 1807 2778 1876 festo
2816 1805 2979 1880 eique
3023 1806 3282 1877 adiuncta
3325 1807 3671 1878 processione

2090 1897 2405 1950 sanctorum
2432 1897 2707 1951 omnium.

2019 1999 2075 2054 8.
2152 1999 2502 2057 Observanda
2531 2002 2803 2060 Kalendis
2834 2002 3083 2075 Augusti,
3125 2003 3341 2077 quando
3388 2003 3672 2061 venerabi-

2095 2089 2166 2144 lis
2192 2094 2245 2146 et
2272 2089 2495 2160 vivi/ica
2521 2107 2662 2148 crux
2689 2093 2891 2164 prodit.

283 1997 368 2068 η’.
399 1997 538 2053 Ὀσα
596 1991 680 2050 δεῖ
751 1991 1188 2074 παραφυλάττειν
1253 1997 1323 2068 τῇ
1381 1993 1572 2069 πρώτῃ
1647 1999 1746 2049 τοῦ
1812 1993 1914 2051 Αὖ-

406 2085 640 2162 γούστου
719 2085 916 2158 μηνὸς,
999 2088 1097 2139 τοῦ
1185 2083 1374 2158 τιμίου
1471 2085 1561 2140 καὶ
1637 2089 1913 2154 ζωοποιοῦ

405 2179 640 2251 σταυροῦ
713 2173 1096 2250 ἐξερχομένου.

288 2281 362 2340 θ’.
397 2283 539 2339 Ὅσα
607 2279 689 2336 δεῖ
744 2281 1180 2362 παραφυλάττειν
1225 2286 1294 2358 τῇ
1352 2283 1514 2359 ἑορτῇ
1569 2289 1669 2353 τῆς
1708 2285 1914 2357 κοιμήο

2157 2267 2512 2324 Observanda
2542 2271 2604 2324 in
2619 2271 2761 2339 [esto
2790 2269 3144 2327 dormitionis
3163 2273 3523 2327 sanctissima:
3556 2272 3675 2327 Dein

404 2391 542 2434 σεως
587 2377 688 2441 τῆς
748 2370 1044 2447 ὑπεραγίας
1107 2371 1375 2428 Θεοτόκου
1450 2370 1502 2427 ἰν
1579 2370 1916 2448 Βλαχέρναις

409 2460 542 2533 μηνὶ
599 2457 900 2535 Αὐγούστῳ
933 2460 1011 2518 ιε’.

293 2568 350 2625 ι’.
383 2567 524 2625 “Ὀσα
626 2564 709 2622 δεῖ
807 2565 1242 2646 παραφυλάττειν
1323 2573 1392 2644 τῇ
1496 2567 1717 2644 δευτέρᾳ
1817 2575 1917 2639 τῆς

409 2657 636 2734 πρώτης
710 2653 1041 2731 ἑϐδομάδος,
1116 2662 1214 2713 τοῦ
1314 2658 1583 2734 βασιλέως
1657 2655 1919 2731 δημηγο-

416 2751 638 2822 ροῦντος
729 2744 817 2802 ἐπὶ
908 2751 1007 2804 τοῦ
1099 2745 1368 2804 σιλεντίου
1475 2754 1577 2818 τῆς
1682 2746 1917 2822 μανναύ-

415 2857 531 2911 ρας.

259 2945 360 3003 ια’.
391 2945 530 3002 Ὀσα
605 2940 687 2998 δεῖ
757 2941 1218 3023 παραφυλάττειν,
1292 2945 1402 2998 τῶν
1476 2942 1677 3016 τιμίων
1754 2963 1921 3000 σταυ-

417 3038 522 3111 ρῶν
599 3031 916 3107 μελλόντων
987 3031 1182 3106 ἐξιέναι
1274 3034 1345 3106 τῇ
1443 3031 1580 3108 μέσῃ
1656 3027 1921 3106 έϐδομάδι

415 3123 516 3192 τῆς
591 3120 742 3199 ἁγίας
819 3123 888 3196 μό

2095 2371 2252 2430 para?
2297 2357 2356 2413 in
2388 2357 2718 2416 Blachernis
2763 2361 2967 2416 mensis
3008 2361 3236 2432 Augusti
3284 2361 3382 2416 die
3431 2359 3672 2416 decimo-

2097 2450 2308 2518 quinto.

2029 2554 2115 2609 10.
2193 2555 2540 2611 Observanda
2570 2557 2628 2611 in
2659 2555 2803 2626 [cria
2833 2556 3070 2612 secunda
3116 2559 3445 2628 septimana:
3471 2558 3675 2628 prima:

2098 2643 2328 2714 (sanctae
2373 2644 2870 2717 quadragesimae),
2901 2646 3118 2716 quando
3159 2648 3466 2717 imperator
3512 2645 3574 2700 in
3601 2648 3679 2700 si-

2100 2731 2268 2788 lentio
2298 2747 2394 2788 seu
2428 2740 2700 2789 conventu
2725 2748 3014 2805 procerum
3043 2735 3105 2788 in
3153 2750 3468 2805 magnaura
3508 2734 3673 2790 verba

2099 2824 2253 2893 facit.

2031 2929 2118 2984 11.
2194 2929 2574 2998 Observanda,
2625 2930 2844 3002 quando
2885 2938 3094 2987 sancte
3139 2945 3336 2986 cruces
3384 2931 3445 2985 in
3493 2927 3678 2986 media

2099 3021 2405 3091 septimana
2438 3023 2810 3076 tessaracostae
2835 3035 2933 3077 seu
2963 3020 3405 3091 quadragesimae
3433 3018 3678 3075 circum-

2102 3107 2340 3178 ferendae
2371 3107 2431 3164 in
2464 3108 2686 3179 publica
2715 3114 2870 3164 sunt.

275 3229 372 3306 ιβ’.
401 3230 538 3287 Ὀσα
577 3226 659 3284 δεῖ
696 3228 1154 3306 παραφυλάττειν,
1197 3232 1307 3286 τῶν
1346 3226 1620 3286 δεσποτῶν
1657 3227 1919 3286 ἀπιόντων

2084 3217 2120 3270 Ξ.
2200 3215 2569 3282 Observanda,
2602 3214 2818 3287 quando
2849 3215 3076 3271 Domini
3113 3216 3287 3272 lotum
3315 3214 3386 3272 ad
3416 3215 3678 3272 Blacher-

416 3315 712 3382 λούσασθαι
770 3315 825 3372 ἐν
877 3314 1237 3397 Βλαχέρναις.

268 3409 364 3484 ιγ’.
397 3409 538 3464 Ὅσα
611 3404 695 3462 δεῖ
765 3407 1202 3486 παραφυλάττειν
1280 3407 1369 3464 ἐπὶ
1433 3412 1652 3487 παγανῇ
1729 3415 1928 3486 Κυρια-

412 3517 506 3588 κῇ,
581 3515 616 3584 ἤ
694 3513 746 3570 έν
837 3512 988 3590 ἄλλῃ
1075 3520 1233 3591 κοινῇ
1321 3516 1524 3592 ἡμέρᾳ,
1605 3515 1925 3592 μελλόντων

412 3607 522 3659 τῶν
565 3600 841 3659 δεσποτῶν
875 3603 1094 3659 άπιέναι
1133 3605 1209 3666 εἰς
1238 3605 1367 3668 τοὺς
1397 3605 1622 3682 Ἃγίόυς
1663 3607 1928 3663 ’Λποστό-

418 3692 552 3754 λους
593 3690 700 3748 ε’ἰτε
738 3693 815 3755 είς
853 3689 1034 3766 ἓτερον
1075 3695 1203 3748 ναὸν
1243 3691 1510 3768 εὔξασθαι.

281 3864 371 3926 ιδ’.
402 3869 542 3926 Ὅσα
627 3866 708 3924 δεῖ
791 3867 1228 3950 παραφυλαττειν
1295 3869 1384 3927 ἐπὶ
1450 3872 1764 3951 χειροτονίᾳ
1826 3893 1930 3928 πα-

427 3957 695 4033 τριάρχου
749 3958 1394 4024 Κωνσταντινουπόλεως.

285 4053 362 4103 ιε’.
395 4047 536 4105 Ὅσα
601 4043 683 4102 δεῖ
749 4050 859 4120 (54)
933 4048 1389 4129 παραφυλάττειν,
1466 4045 1643 4125 δοχῆς
1708 4051 1931 4126 γινομέ-

423 4157 524 4208 νης
579 4135 634 4191 έν
691 4140 771 4209 τῷ
829 4135 1055 4214 μεγάλῳ
1111 4137 1376 4213 τρικλίνῳ
1430 4145 1532 4210 τῆς
1603 4139 1930 4215 μανναύρας,

420 4231 530 4284 τῶν
609 4227 884 4285 δεσποτῶν
957 4231 1334 4304 καθεζομένων
1407 4229 1495 4287 ἒπὶ
1579 4235 1675 4288 τοῦ
1750 4231 1934 4289 Σολο-

424 4318 692 4391 μωντείου
767 4319 984 4395 θρόνου.
1064 4321 1194 4396 Περὶ
1247 4322 1347 4390 τῆς
1405 4317 1583 4396 δοχῆς
1640 4329 1739 4392 τῆς
1779 4343 1933 4398 γενο-

425 4407 591 4480 μένης
649 4405 702 4462 έν
758 4412 838 4480 τῷ
894 4409 1044 4481 αὐτῷ
1119 4407 1379 4484 τρικλίνῳ
1453 4408 1542 4466 ἐπὶ
1602 4412 1934 4468 Κωνσταντί-

421 4515 517 4550 νου
571 4497 662 4551 καὶ
717 4501 1004 4570 Ῥωμανοῦ
1057 4495 1144 4552 ἐπὶ
1200 4501 1268 4572 τῇ
1325 4500 1598 4574 παρουσίᾳ
1640 4505 1750 4556 τῶν
1788 4501 1934 4577 παρὰ

423 4588 521 4640 τοῦ
595 4585 874 4662 άμεριμνῆ
971 4587 1076 4642 ἀπὸ
1171 4589 1388 4663 Ταρσοῦ
1463 4586 1734 4654 ἐλθόντων
1807 4590 1932 4665 πρέ-

421 4669 597 4730 σϐεων
671 4678 796 4751 περὶ
859 4679 957 4732 τοῦ
1030 4675 1300 4753 ἀλλαγίου
1372 4680 1459 4734 καὶ
1536 4686 1636 4750 τῆς
1687 4680 1928 4755 εἰρήνης,

425 4765 558 4837 μηνὶ
599 4763 766 4839 Μαΐῳ
829 4765 913 4822 λα’
988 4769 1171 4842 ἡμέρᾳ
1244 4770 1290 4824 α’
1365 4766 1664 4826 ἶνδικτιῶνι
1733 4768 1796 4825 δ”
1839 4773 1928 4828 Ἐν

420 4853 467 4926 ᾧ
542 4855 633 4910 καὶ
711 4856 834 4932 περὶ
909 4864 1008 4927 τῆς
1079 4861 1186 4912 τῶν
1263 4859 1521 4915 Ἰσπανῶν
1590 4857 1766 4938 δοχῆς
1836 4862 1926 4916 καὶ

420 4943 683 5016 περὶτοῦ
737 4945 1022 5020 γεγονότος
1088 4946 1211 5003 τότε
1276 4945 1668 5023 ἱπποδρομίου.
1737 4948 1928 5004 Ὡσαύ-

419 5052 530 5094 τως
604 5033 695 5088 καὶ
762 5035 887 5105 περὶ
954 5042 1053 5106 τῆς
1122 5037 1318 5112 ἑορτῆς
1381 5040 1480 5106 τῆς
1552 5043 1648 5094 τοῦ
1724 5038 1927 5115 Κυρίου

421 5122 902 5199 μεταμορφώσεως
972 5123 1062 5178 καὶ
1135 5132 1237 5194 τῆς
1301 5130 1400 5180 τοῦ
1481 5123 1750 5199 Δελεμίκη
1837 5125 1928 5182 δο-

416 5209 550 5283 χῆς.
589 5211 711 5268 Ἔτι
777 5217 880 5280 τῆς
945 5213 1214 5286 ἡγεμόνος
1276 5213 1367 5268 καὶ
1433 5220 1531 5284 τῆς
1597 5214 1928 5291 ἀρχοντίσης

417 5295 628 5375 Ἐλγας
730 5303 841 5354 τῶν
927 5301 1084 5364 Ῥῶς.
1176 5301 1415 5364 Ὀποίως
1506 5307 1672 5362 ταῦτα
1756 5307 1928 5362 πάντα

415 5385 790 5462 έτελέσθησαν.

2103 3320 2204 3360 nas
2232 3310 2389 3360 eunt.

2037 3408 2122 3463 13.
2203 3405 2557 3464 Observanda
2585 3408 2646 3464 in
2675 3423 2896 3480 pagana
2925 3407 3212 3464 Dominica
3243 3407 3324 3480 [id
3351 3411 3433 3464 est
3462 3407 3586 3477 tali,
3616 3405 3680 3463 in

2103 3513 2269 3570 quam
2297 3514 2561 3566 magnum
2608 3497 2815 3570 festum
2844 3500 2939 3553 aut
2967 3499 3237 3569 processio
3265 3497 3524 3554 solemnis
3571 3513 3682 3554 non

2105 3585 2348 3656 incidit,]
2380 3586 2554 3641 aliove
2581 3585 2670 3641 die
2695 3587 2956 3658 profesto,
3003 3585 3308 3641 volentibus
3335 3585 3578 3642 dominis
3611 3585 3682 3642 ad

2107 3674 2329 3730 Sanctos
2360 3675 2638 3746 Apostolos
2669 3675 2886 3732 aliudve
2913 3675 3179 3747 templum
3224 3673 3524 3732 devotionis
3552 3691 3683 3744 gra-

2106 3766 2192 3820 tia
2224 3765 2326 3821 ire.

2038 3871 2126 3925 14.
2205 3869 2558 3926 Observanda
2606 3871 2668 3925 in
2699 3871 2957 3926 electione
3001 3870 3338 3942 patriarcha?
3363 3870 3680 3926 Constanti-

2109 3959 2436 4031 nopotitani.

2041 4049 2312 4106 29415.
2365 4047 2721 4104 Obseruantia
2761 4049 2822 4103 in
2866 4050 3186 4119 exceptione
3231 4047 3322 4103 vel
3363 4047 3683 4119 audientia,

2110 4155 2237 4213 qua
2263 4139 2431 4196 datur
2461 4141 2520 4195 in
2545 4154 2744 4208 magno
2786 4137 3034 4193 triclinio
3063 4153 3409 4210 magnam-ae,
3449 4138 3686 4194 dominis

2110 4233 2309 4288 throno
2349 4231 2672 4287 Salomoneo
2718 4229 3119 4285 insidentibus.
3169 4231 3231 4285 In
3279 4231 3458 4300 specie
3501 4244 3690 4301 excep-

2113 4324 2260 4379 tione
2306 4320 2434 4385 itta,
2465 4336 2590 4376 cum
2640 4319 3025 4375 Constantinus
3065 4326 3116 4374 et
3162 4320 3437 4375 Romanus
3486 4318 3686 4390 legatos

2113 4413 2468 4478 Amerimna,
2502 4411 2601 4482 qui
2630 4409 2792 4464 Tarso
2817 4408 3321 4480 permutandorum
3343 4408 3688 4479 captivorum

2111 4506 2163 4556 et
2193 4499 2580 4556 constituenda
2608 4500 2760 4571 pacis
2787 4499 2971 4570 gratia
2999 4498 3058 4554 in
3086 4498 3274 4553 urbem
3323 4498 3684 4562 advenerant,

2111 4591 2202 4647 die
2230 4589 2366 4646 Maii
2404 4588 2683 4660 trigesimo
2708 4589 2911 4660 primo,
2941 4586 3088 4656 feria
3112 4587 3300 4658 prima
3327 4603 3423 4644 seu
3469 4587 3567 4643 die
3595 4587 3684 4642 lu-

2110 4695 2223 4747 nae,
2282 4679 2582 4735 indictione
2629 4687 2826 4749 quarta
2863 4686 3215 4747 exceperunt.
3259 4676 3460 4732 Eodem
3509 4676 3688 4748 capite

2111 4783 2322 4842 quoque
2351 4769 2538 4837 agitur
2564 4765 2629 4822 de
2675 4765 3009 4820 udmissione
3043 4765 3414 4836 Hispanorum
3442 4773 3492 4820 et
3539 4765 3684 4820 edito

2109 4863 2227 4914 tum
2259 4857 2384 4913 ludo
2403 4854 2642 4928 equestri
2662 4855 2885 4916 curuli;
2907 4856 3037 4910 item
3067 4854 3130 4910 de
3153 4857 3289 4918 [esto
3317 4853 3686 4923 transﬁgura-

2110 4949 2278 5004 tionis
2307 4943 2574 5012 Domini;
2617 4960 2716 5000 nec
2743 4959 2852 4998 non
2897 4945 2964 5000 de
3009 4942 3344 4999 admissione
3386 4943 3683 5005 Delemici;

2109 5039 2328 5094 tandem
2357 5045 2408 5091 et
2449 5035 2514 5090 de
2552 5032 2857 5104 receptione
2887 5031 3064 5103 Elgac,
3095 5046 3221 5103 quae
3265 5032 3377 5103 fuit
3423 5033 3684 5102 hegemon

2107 5144 2203 5184 seu
2233 5126 2449 5181 ducissa
2477 5131 2529 5180 et
2577 5121 2910 5196 principissa
2957 5124 3279 5178 Russorum.
3314 5123 3448 5189 Quae
3495 5135 3683 5176 omnes

2107 5216 2177 5272 ad
2205 5215 2533 5287 colloquium
2565 5213 2910 5284 imperatoris
2941 5211 3322 5278 admissiones,
3363 5213 3682 5280 exponitur,

2109 5305 2313 5376 quibus
2342 5321 2466 5360 cum
2497 5301 2812 5361 cerimoniis
2835 5301 3189 5370 contigerint.

1301 5543 1506 5602 JOAN.
1543 5545 1690 5603 JAC.
1725 5546 1987 5606 REISKII
2025 5545 2628 5606 COMMENTARIUS.

347 5679 462 5755 (54)
489 5681 719 5743 Titulus
748 5685 928 5761 hujus
957 5687 1169 5762 capitis
1199 5687 1260 5746 in
1292 5689 1420 5766 ipso
1451 5691 1643 5751 medio
1671 5708 1845 5768 opere
1875 5694 1948 5752 ab
1981 5693 2088 5754 hoc
2118 5693 2324 5766 variat,
2358 5693 2456 5750 ubi
2487 5691 2737 5751 conferri
2766 5695 2972 5766 potest.
