4060 6214
251 331 370 398 969

251 469 361 540 λη’.
408 459 546 538 Περί
584 464 687 530 τῆς
743 452 1093 534 χειροτονίας
1151 445 1532 527 Θεοφυλάκτου
1588 449 1686 502 τοῦ
1742 447 1918 522 ἁγιω-

321 558 494 614 τάτου
524 548 896 625 πατριάρχου.

253 628 362 708 λθί.
396 645 531 720 Περὶ
565 646 662 699 τοῦ
687 637 1060 715 πατριάρχου,
1093 633 1178 690 ὅτι
1222 630 1286 687 τὸ
1327 628 1559 687 παλαιὸν
1611 625 1750 684 ἴδιον
1803 626 1918 703 εἶχε

324 734 715 811 πραιπῦσιτον.

260 834 332 903 μ’.
369 806 502 901 Περὶ
561 825 657 876 τοῦ
711 816 817 874 τίνι
875 815 1064 892 τρόπῳ
1105 810 1348 903 τῇᾲὸιγίᾳ
1394 807 1485 864 καὶ
1537 806 1767 903 μεγάλῃ.
1804 811 1913 860 Κυ-

331 895 497 994 ριακῇ
563 916 660 968 τοῦ
726 909 924 986 Πάσχα
989 899 1417 980 περιϐάλλονται
1509 900 1639 962 τοὺς
1695 895 1911 969 λώρους

332 990 460 1065 δτε
530 1002 785 1083 βασιλεὺς
851 1000 945 1056 καὶ
1010 998 1064 1054 οἱ
1125 996 1418 1073 μάγιστροι
1474 991 1564 1047 καὶ
1618 990 1913 1054 ἀνθύπατοι

328 1097 422 1154 καὶ
453 1093 752 1168 πατρίκιοι.

262 1190 359 1263 μ’”.
422 1186 503 1242 Τὰ
563 1167 616 1238 ἐν
662 1185 742 1253 τῷ
804 1182 918 1250 ναῷ
973 1183 1073 1246 τῆς
1141 1171 1430 1248 ὑπεραγίας
1487 1167 1760 1226 Θεοτόκου
1815 1169 1914 1221 τοῦ

335 1275 526 1351 Φάρου
555 1270 779 1344 κείμενα
817 1266 980 1338 σκεύη
1021 1264 1114 1320 καὶ
1173 1261 1363 1333 λοιπὰ,
1421 1259 1512 1315 καὶ
1565 1259 1634 1314 τα
1689 1257 1766 1319 εἷς
1818 1255 1912 1311 τὸν

333 1364 490 1442 ἃγιον
525 1361 786 1438 Στέφανον
820 1357 872 1412 ἐν
903 1359 972 1429 τῇ
996 1355 1199 1442 Δάφνῃ.

261 1456 372 1530 μα’.
406 1458 544 1507 ’Ὀσα
575 1447 695 1520 εἷ’δη
727 1452 836 1503 τῶν
868 1441 1217 1516 ἀλλαξίμων.

268 1525 386 1620 μβ’.
439 1540 770 1614 ’Υπόμνημα
835 1538 949 1608 (57)
1022 1532 1074 1588 ἐν
1140 1530 1398 1620 συντόμῳ
1469 1532 1577 1584 τῶν
1630 1525 1917 1620 νλβασιλευῖ

336 1632 546 1689 σάντων
629 1625 894 1705 βασιλέων
969 1621 1022 1679 ἐν
1115 1618 1248 1696 τῇδε
1336 1623 1406 1694 τῇ
1504 1616 1719 1694 μεγάλῃ
1823 1615 1912 1670 καὶ

333 1719 706 1797 εὐτυχεστάτῃ
811 1709 1384 1771 Κωνσταντινουπόλει
1478 1706 1586 1762 ἀπὸ
1685 1709 1786 1760 τοῦ
1829 1725 1917 1779 με·

331 1811 515 1888 γάλου
611 1806 701 1863 καὶ
778 1801 1159 1861 εὐσεϐεστάτου
1233 1799 1323 1855 καὶ
1398 1798 1554 1876 ἁγίου
1628 1805 1918 1856 Κωνσταν-

333 1901 513 1958 τίνυυ.

264 1993 381 2067 μγ’.
417 1989 550 2060 Περὶ
587 1990 692 2043 τῶν
749 1983 932 2062 τάφων
992 1984 1104 2055 (58)
1163 1985 1274 2036 τῶν
1337 1976 1606 2055 βασιλίων
1663 1981 1770 2032 τῶν
1825 1973 1915 2067 ὅν-

333 2101 448 2136 των
515 2076 567 2134 ἒν
631 2079 710 2148 τῷ
772 2078 886 2147 ναῷ
950 2076 1059 2128 τῶν
1134 2069 1337 2145 Ἀγίων
1425 2067 1775 2126 Ἀποστόλων
1861 2066 1912 2122 ἐν

333 2173 416 2240 τῷ
485 2168 657 2241 ἡρῴῳ
722 2167 818 2219 τοῦ
882 2160 1038 2239 ἆγίου
1104 2160 1195 2214 καὶ
1267 2157 1508 2233 μεγάλου
1574 2156 1918 2214 Κωνσταντί-

329 2277 454 2313 νου·
533 2258 718 2331 ἡρῷον
795 2255 891 2307 τοῦ
969 2248 1214 2328 μεγάλου
1317 2251 1720 2304 Ἰουστινιανοῦ.
1796 2247 1914 2304 Εὐ-

333 2348 528 2427 φημία
641 2344 745 2400 ὑπὸ
844 2347 952 2397 τῶν
1056 2335 1461 2414 στρατοπέδων,

332 2423 628 2509 θριάμϐων
694 2427 1001 2506 ἀγομένων.
1064 2426 1280 2501 (Ἱστέον
1365 2423 1442 2497 δὲ,
1527 2425 1608 2480 ὁτι
1675 2427 1710 2494 ἡ
1778 2423 1914 2494 αὐτὴ

331 2522 587 2601 εὐφημία
661 2517 843 2592 ᾅδεται
903 2516 993 2572 καὶ
1059 2516 1206 2588 παρά
1290 2517 1386 2569 τοῦ
1479 2510 1678 2568 λοιποῦ
1754 2533 1917 2588 στρα-

325 2609 591 2680 τοπέδου,
668 2607 826 2678 ἡνίκα
925 2605 1219 2683 φιλοτιμίᾳ
1306 2624 1411 2674 τις,
1641 2607 1916 2676 μαϊουμᾶς

331 2703 490 2777 παρὰ
561 2703 659 2755 τοῦ
749 2693 1016 2772 βασιλέως
1108 2693 1294 2756 αὐτοῖς
1387 2694 1758 2768 παρασχεθῇ.)
1855 2693 1917 2749 'H

330 2791 486 2866 παρὰ
543 2793 650 2846 τῶν
711 2783 935 2862 Σάρδων
993 2781 1234 2858 ᾁδομὲνη
1292 2780 1534 2861 εὐφημία
1587 2786 1704 2842 τοῖς
1766 2783 1920 2856 βασι-

333 2881 548 2938 λεῦσιν.

267 2969 374 3045 μδ’.
421 2971 489 3027 Ἡ
537 2967 800 3045 γενομένη
853 2963 1128 3039 ἐξόπλισις
1183 2963 1274 3018 καὶ
1327 2958 1508 3033 ἔξοδος
1545 2962 1638 3017 καὶ
1694 2963 1757 3017 τὸ
1815 2983 1920 3016 που

339 3060 439 3116 σὺν
497 3065 599 3128 τῆς
667 3055 835 3133 ρόγας
898 3055 990 3110 καὶ
1056 3057 1154 3108 τοῦ
1222 3051 1358 3106 λαοὶ)
1423 3055 1521 3107 τοῦ
1587 3051 1922 3107 ἀποσταλέν-

337 3169 438 3211 τος
510 3145 650 3202 κατᾶ
721 3151 822 3214 τῆς
897 3141 1187 3198 θεολέστου
1275 3142 1500 3215 Κρήτης
1601 3140 1734 3212 μετὰ
1824 3143 1921 3194 τοῦ

344 3235 640 3311 πατρικίου
714 3229 973 3306 Ἦμερίου
1046 3229 1136 3285 καὶ
1221 3226 1515 3304 λογοθέτου
1605 3229 1702 3283 τοῦ
1795 3225 1923 3303 δρό-

347 3345 458 3400 μου
556 3321 644 3378 ἐπὶ
745 3319 978 3381 Λέοντος

335 3436 459 3474 του.

269 3512 367 3578 με’.
431 3505 498 3562 Ἠ
539 3501 679 3559 κατᾶ
731 3506 833 3571 τῆς
899 3500 1072 3568 αὐτῆς
1140 3494 1427 3553 θεολὲστου
1485 3497 1703 3572 Κρήτης
1764 3516 1924 3573 γενο-

341 3592 481 3668 μένη
551 3588 865 3665 ἐκστρατεία
925 3588 1016 3642 καὶ
1083 3583 1263 3659 ἔξοδος
1349 3583 1438 3641 ἐπὶ
1514 3585 1922 3643 Κωνσταντίνου

347 3685 441 3739 καὶ
490 3684 779 3755 Ῥωμανοῦ
835 3683 943 3736 τῶν
1022 3677 1557 3752 Πορφυρογενντςτων
1615 3675 1691 3738 εἷς
1752 3673 1924 3732 ίνδικ-

1564 2337 1721 2407 νίκης
1824 2335 1916 2391 καὶ

1076 3321 1172 3374 τοῦ
1266 3313 1632 3396 φιλοχρίστου
1729 3312 1924 3371 δεσπό-

342 3773 502 3829 τίονα
534 3772 595 3840 ζ’.

276 3863 393 3936 μς’.
442 3862 542 3921 Οἷς
585 3856 794 3938 ὀφείλει
861 3857 890 3911 ὁ
961 3854 1214 3932 βασιλεὺς
1283 3853 1512 3930 ὀνόμασι
1577 3859 1742 3927 τιμᾷν
1806 3859 1922 3915 τοῖς

355 3953 675 4028 μεγιστᾶσιν
713 3946 804 4003 καὶ
841 3947 1084 4019 πρώτοις
1120 3947 1230 4000 τῶν
1271 3942 1461 3999 ἐθνῶν.

285 4046 392 4115 μς.
433 4040 501 4097 Οἱ
550 4041 656 4093 τῶν
705 4035 809 4092 ἀπὸ
868 4031 1142 4111 διαφόρων
1197 4030 1364 4097 ἐθνῶν
1421 4029 1737 4108 ἐρχομένων
1795 4032 1924 4107 πρέ-

351 4125 526 4185 σϐεων
557 4127 694 4202 πρὸς
723 4125 814 4180 τὸν
849 4121 1076 4199 βασιλέα
1116 4121 1486 4198 χαιρετισμοί.

282 4221 376 4291 μη⁹
443 4218 522 4276 Τὰ
580 4215 714 4271 ἅκτα
772 4218 876 4269 τῶν
957 4211 1034 4277 εἰς
1105 4210 1233 4274 τοὺς
1307 4210 1549 4276 ἐθνικοὺς
1619 4212 1923 4289 γενομένων

347 4288 692 4383 ἐτξιγραφῶν.

286 4398 395 4468 μθ’.
454 4396 609 4454 Εἰσὶν
672 4394 740 4450 τὰ
794 4393 1070 4450 ἐκτεθέντα
1128 4390 1369 4448 δίδοσθαι
1422 4393 1568 4468 παρὰ
1623 4396 1728 4448 τῶν
1788 4394 1931 4471 ὀφει-

351 4485 568 4542 λόντων
646 4485 910 4557 τιμᾶσθαι
987 4485 1100 4557 (59)
1185 4479 1237 4537 ἔν
1330 4503 1388 4538 τε
1478 4481 1747 4556 ἀξιώμασι
1840 4485 1928 4538 καὶ

354 4573 658 4651 ὀφφικίοις.
737 4575 926 4638 Καθὼς
1024 4572 1275 4648 ὑπῆρχον
1359 4568 1448 4627 ἐπὶ
1525 4571 1755 4636 Λέοντος
1831 4577 1929 4629 τοῦ

353 4666 724 4743 φιλοχρίστου
755 4662 1040 4721 δεσπότου.

281 4761 342 4811 ν’.
385 4755 533 4812 Είσίν
575 4756 632 4810 αἱ
675 4754 812 4810 κατᾶ
848 4755 1016 4809 τύπον
1075 4753 1231 4832 ῥόγαι
1287 4759 1394 4809 τῶν
1453 4757 1776 4830 στρατηγῶν
1841 4752 1931 4808 καὶ

352 4846 826 4922 κλεισουραρχῶν,
883 4846 1064 4910 καθὼς
1121 4843 1476 4923 ἐρῥογεύοντο
1532 4843 1621 4901 ἐπὶ
1705 4843 1930 4908 Λέοντος

352 4939 450 4991 τοῦ
489 4932 857 5014 φιλοχρίστου
897 4930 1181 4992 δεσπότου.

1103 315 1211 380 DE
1253 309 1706 378 CERIMONIIS
1749 311 1983 374 ΑΙ]ιῶ
2026 312 2505 375 ΒΥΖΑΝΤΙΝᾸΞ
2542 313 2695 374 LIB.
2741 314 2822 376 Il.
3550 316 3670 378 9'70

2023 448 2114 504 38.
2138 449 2212 507 De
2231 449 2490 507 electione
2521 448 2931 522 Theophytacti,
2954 450 3295 508 sanctissimi
3309 452 3668 526 patriarcha.

2026 631 2116 687 39.
2151 630 2306 700 Quod
2335 630 2654 704 patriarcha
2695 646 2856 686 suum
2888 630 3200 702 antiquitus
3247 630 3496 689 habuerit
3525 651 3672 707 prx-

2088 717 2355 791 positum.

2020 807 2107 862 40.
2143 807 2412 876 Quomodo
2449 811 2502 863 et
2532 823 2704 879 quare
2735 808 2795 863 in
2825 812 3012 864 sancta
3042 812 3095 864 et
3124 826 3330 878 magna
3377 810 3670 869 Dominica

2093 895 2380 952 Paschalis
2406 896 2663 952 dominus
2683 900 2733 952 et
2756 898 3020 967 magistri
3047 905 3213 970 atque
3239 901 3599 971 proconsules
3620 904 3671 958 et

2091 983 2324 1056 patricii
2353 985 2498 1042 toros
2528 985 2788 1042 induant.

2023 1167 2130 1222 40⁸.
2185 1167 2257 1222 De
2313 1166 2466 1223 vasis
2519 1176 2572 1223 et
2603 1168 2860 1239 reliquiis
2903 1170 2964 1222 in
3004 1170 3368 1228 sanctissima:
3414 1171 3674 1244 Deiparw

2095 1254 2269 1311 Phari
2315 1257 2514 1324 templo
2560 1255 2814 1312 conditis.
2845 1259 2979 1312 Item
3017 1257 3082 1313 de
3119 1258 3258 1329 illis,
3290 1275 3409 1333 quae
3451 1261 3508 1316 in
3555 1261 3674 1318 sede

2095 1344 2149 1400 S.
2181 1345 2453 1416 Stephani
2481 1345 2730 1418 Daphnes
2757 1347 2957 1416 iacent.

2023 1437 2113 1490 41.
2146 1435 2221 1491 De
2250 1437 2422 1491 variis
2449 1439 2743 1507 generibus
2774 1440 3214 1496 mutatoriorum.

2025 1524 2113 1580 42.
2148 1523 2436 1579 Indiculus
2478 1525 2905 1597 imperatorum,
2935 1530 3031 1600 qui
3057 1546 3095 1585 a
3124 1546 3324 1603 magno
3350 1532 3597 1603 piissimo
3622 1536 3675 1588 et
3709 1581 3716 1584 _

2093 1616 2280 1668 sancto
2314 1612 2673 1670 Constantino
2696 1614 2823 1671 inde
2845 1617 2903 1670 in
2925 1615 3028 1672 hac
3046 1635 3252 1690 magna
3275 1623 3326 1676 et
3344 1619 3673 1692 felicissima

2099 1701 2575 1774 Constantinopoli
2599 1703 2788 1759 aulam
2818 1706 3135 1763 tenuerunt.

2023 1970 2114 2030 43.
2147 1977 2223 2032 De
2272 1972 2538 2045 sepulcris
2585 1974 3006 2047 imperatorum,
3055 1992 3181 2048 quae
3221 1983 3349 2035 sunt
3380 1980 3443 2036 in
3473 1983 3676 2053 tempto

2095 2065 2191 2123 SS.
2224 2065 2620 2135 Apostolorum.
2680 2066 2919 2122 IIeroum
2973 2066 3032 2125 S.
3075 2077 3128 2124 et
3167 2068 3232 2123 Μ.
3310 2071 3673 2140 Constantini,

2095 2155 2322 2210 heroum
2365 2153 2675 2208 Justiniani
2717 2153 2782 2208 Μ.
2820 2158 2981 2213 Laeta
3023 2159 3074 2212 et
3119 2157 3443 2228 honoriﬁce
3483 2162 3672 2218 accla-

2095 2245 2365 2299 mationes
2392 2250 2557 2314 atque
2588 2242 2988 2300 benedictiones
3015 2247 3367 2303 exercituum
3397 2250 3455 2304 in
3476 2252 3674 2306 trium-

2089 2333 2219 2404 phis
2300 2331 2364 2388 ob
2444 2332 2619 2388 hostes
2699 2331 2935 2389 devictos
3013 2337 3270 2405 peractis.
3345 2338 3676 2409 (Tenendum

2088 2420 2310 2479 easdem
2355 2421 2629 2490 formulas
2675 2438 2942 2494 quoquea
2971 2427 3080 2480 toto
3126 2428 3375 2482 exercitu
3427 2432 3672 2495 cantari,

2098 2510 2316 2582 quando
2359 2512 2658 2582 imperator
2696 2511 2833 2583 ipsis
2862 2515 3183 2570 munusculi
3210 2517 3453 2585 gratuiti
3480 2534 3674 2590 eroga-

2101 2603 2303 2656 tionem
2332 2609 2425 2655 aut
2452 2601 2751 2672 majumam
2802 2605 3075 2676 prastat.)
3122 2605 3326 2662 Fausta
3371 2601 3675 2664 Sardorum

2098 2705 2230 2760 ergo
2257 2691 2612 2762 imperatores
2637 2690 2982 2748 acclamatio.

2028 2961 2117 3016 44.
2153 2961 2222 3017 De
2251 2967 2561 3030 armatura,
2591 2962 2851 3032 impensis
2881 2965 2940 3016 in
2970 2977 3090 3018 eam
3127 2965 3292 3034 factis
3341 2980 3678 3039 numeroque

2101 3064 2253 3118 νοσῶ
2303 3065 2400 3105 seu
2445 3050 2848 3120 stipendiorum
2893 3055 2946 3106 et
2990 3053 3182 3123 populi
3224 3056 3378 3108 missi
3422 3053 3679 3111 adversus

2104 3139 2339 3206 Cretam,
2373 3155 2537 3210 quam
2593 3139 2731 3196 Deus
2783 3141 3004 3211 perdat,
3035 3142 3169 3197 duce
3214 3143 3403 3199 classis
3439 3145 3678 3202 Himerio

2100 3229 2333 3298 patricio
2363 3231 2416 3284 et
2454 3228 2724 3299 logotheta
2779 3229 2980 3298 dromi,
3011 3231 3112 3287 sub
3167 3233 3346 3290 Leone
3401 3234 3676 3290 Christum

2104 3325 2323 3374 amante
2351 3317 2592 3376 domino.

2030 3503 2119 3560 45.
2164 3503 2237 3559 De
2293 3501 2651 3575 expeditione
2703 3503 2969 3562 adversus
3023 3506 3270 3564 eamdem
3323 3511 3681 3570 maledictum

2102 3592 2362 3649 instituta
2413 3593 2516 3649 sub
2565 3593 2928 3655 Constantino
2968 3601 3022 3654 et
3061 3599 3302 3658 Romano
3356 3601 3676 3676 Porphyro-

2100 3682 2320 3755 genitis,
2354 3681 2552 3741 indici.
2582 3700 2662 3740 vn
2675 3724 2688 3744 .

2032 3861 2121 3916 46.
2181 3861 2386 3930 Quibus
2438 3862 2900 3934 appellationibus
2957 3867 3260 3938 imperator
3299 3878 3585 3946 magnates
3627 3886 3678 3935 et

2101 3949 2366 4021 primates
2395 3951 2637 4007 aliarum
2667 3956 2915 4021 gentium
2944 3955 3218 4015 honorare
3245 3960 3418 4018 debet.

2034 4039 2188 4095 296
2237 4041 2327 4096 47.
2367 4039 2662 4109 Formulae,
2702 4042 2899 4114 quibus
2927 4061 2963 4100 a
3001 4048 3168 4102 variis
3211 4051 3466 4120 gentibus
3504 4054 3678 4112 adve-

2105 4129 2316 4186 nientes
2345 4129 2515 4198 legati
2540 4130 2927 4201 imperatorem
2958 4137 3224 4196 salutant.

2035 4217 2124 4274 48.
2175 4218 2443 4274 Formulae
2491 4217 2787 4275 titulorum
2837 4225 3010 4281 sacris
3072 4224 3274 4284 litteris
3319 4232 3394 4287 ad
3437 4232 3682 4292 aliarum

2106 4308 2354 4378 gentium
2374 4309 2657 4379 principes
2687 4308 3076 4372 inscribenda.

2037 4396 2124 4452 49.
2159 4395 2439 4486 Expositio
2487 4406 2636 4454 taxa:
2679 4415 2776 4455 seu
2813 4405 3140 4462 statutorum
3166 4407 3528 4485 tributorum,
3561 4431 3684 4486 quae

2104 4485 2338 4558 pendere
2368 4486 2562 4543 debent
2604 4488 2685 4544 ad
2720 4491 3009 4549 axiomata
3046 4511 3142 4552 seu
3181 4497 3498 4572 dignitates,
3530 4485 3585 4560 et
3611 4507 3686 4562 ad

2107 4575 2288 4645 ofﬁcia
2311 4591 2402 4632 seu
2421 4575 2735 4646 functiones
2759 4581 3039 4650 palatinas
3063 4588 3326 4656 promoti,
3349 4590 3542 4662 qualis
3568 4603 3688 4652 erat

2110 4667 2347 4724 tempore
2375 4667 2585 4736 Leonis,
2615 4667 2894 4727 Christum
2922 4675 3162 4731 amantis
3189 4677 3423 4737 domini.

2037 4751 2128 4810 50.
2162 4755 2442 4827 Expositio
2472 4773 2734 4827 rogaram
2759 4777 2858 4817 seu
2885 4765 3304 4840 stipendiorum,
3324 4788 3449 4844 quae
3470 4779 3690 4833 statuta

2110 4864 2179 4905 ex
2207 4851 2449 4917 [ormuta
2476 4851 2743 4924 strategis
2762 4860 2814 4910 et
2833 4855 3217 4919 cleisurarchis
3245 4863 3530 4924 dabantur
3559 4877 3690 4927 tem-

2111 4953 2244 5007 pore
2272 4940 2468 4997 Leonis
2496 4941 2760 5009 eiusdem.

1315 5097 1512 5154 JOAN.
1554 5097 1704 5156 JAC.
1752 5097 2013 5157 REISKII
2061 5097 2656 5164 COMMENTARIUS.

360 5249 470 5320 (57)
506 5248 725 5306 Totum
766 5249 879 5320 hoc
917 5252 1092 5320 caput
1129 5249 1307 5305 deest.
1340 5249 1502 5313 Quod
1536 5247 1934 5318 suspicionem

287 5326 480 5377 movet
507 5321 582 5376 ab
612 5319 855 5376 homine
886 5319 1002 5376 non
1033 5320 1270 5376 indocto
1302 5322 1484 5377 fuisse
1514 5321 1799 5382 ablatum,
1835 5322 1938 5392 qui

288 5393 772 5449 membranarum
816 5409 1058 5449 suarum
1091 5409 1282 5448 veram
1315 5398 1543 5448 aetatem
1575 5391 1820 5448 voluerit
1849 5391 1939 5449 ce-

290 5463 432 5520 lare.
475 5465 848 5521 Conetitiseet
892 5464 1049 5519 enim
1100 5464 1204 5520 hoc
1244 5481 1312 5519 ex
1350 5464 1563 5531 indice,
1603 5480 1717 5519 non
1767 5481 1939 5518 avum

293 5535 764 5609 Constantinum,
791 5537 998 5609 Leonis,
1016 5535 1222 5609 filium,
1244 5539 1344 5591 sed
1379 5540 1670 5609 nepotem,
1694 5534 1942 5592 Romani

294 5605 506 5674 ﬁlium,
536 5608 647 5680 hoc
676 5625 829 5680 opus,
857 5608 1212 5680 condidisse.

368 5679 481 5748 (58)
512 5677 761 5736 Exhibui
794 5679 1028 5736 titulum
1065 5678 1240 5747 hunc,
1262 5678 1490 5751 qualem
1515 5677 1725 5736 inveni.
1751 5677 1944 5734 Alium

577 5807 835 5868 ΡΑτιιοι.
883 5811 998 5869 Gn.
1045 5807 1231 5869 CXII.

2046 5252 2472 5346 enipjsoarnedio
2493 5269 3089 5346 opemqenprlgmptum
3115 5269 3252 5346 dare
3277 5271 3484 5346 maluit
3508 5275 3693 5346 Mujus

2049 5326 2570 5418 gggarapricium
2618 5326 2772 5418 nus];
2808 5326 3008 5392 Crmcze
3049 5346 3086 5394 t.
3122 5341 3210 5396 vn.
3237 5326 3300 5413 ’p.
3333 5326 3694 5418 6183636;

2047 5397 2359 5521 igitioncm
2392 5401 2600 5459 horum
2634 5404 2938 5464 litulorum
2969 5427 3102 5466 cum
3137 5397 3696 5488 nostraioompnizu'ri

2147 5485 2246 5521 im.

2049 5484 2246 5524 velim.

2051 5540 2408 5669 mgggzdtgedi
2453 5549 2712 5618 promoti.
2746 5550 3018 5611 Strictius
3047 5553 3122 5612 ad
3150 5554 3404 5618 litteram
3451 5565 3540 5617 est
3567 5577 3694 5633 pro-

3295 5831 3371 5892 31
