4060 6214
239 359 2462 392 W

2465 367 3628 401 Ἦ

863 518 2435 729 CONSTANTINI
2521 526 3009 729 IMP.

1584 885 2288 951 PORPHYROGENITI

403 1135 637 1272 DE
707 1134 1770 1276 CERIMONIIS
1848 1138 2326 1274 AULAE
2442 1137 3490 1278 ΒΥΖΑΝΤΙΝᾸΕ

1269 1353 1273 1356 ι
1417 1443 1752 1556 LIBER
1833 1441 2453 1564 SECUNDUS.

852 1907 1276 1966 llPOOIMION.

314 2003 376 2058 Ὀ
407 2001 533 2076 περὶ
592 2007 692 2070 τῆς
752 1996 1040 2073 βασιλικῆς
1092 1995 1184 2052 καὶ
1242 1994 1612 2072 συγκλητικῆς
1692 1993 1890 2066 τάξεως

243 2091 442 2164 λόγος,
483 2091 704 2165 ἐπείπερ
762 2085 1118 2165 πολυσχεδὴς
1141 2087 1222 2148 τίς
1254 2085 1398 2141 ἐστιν
1428 2085 1517 2140 καὶ
1579 2085 1655 2159 μὴ
1684 2082 1887 2161 ῥᾳδίως

242 2185 362 2238 τοῖς
453 2179 692 2242 πολλοῖς
790 2171 1370 2249 καταλαμϐανόμενος,
1444 2173 1893 2250 μεταπιπτόντων

239 2274 462 2333 πάντως
519 2269 607 2323 καί
671 2263 1174 2342 μεταϐαλλομένων
1207 2270 1326 2327 ταῖς
1357 2267 1490 2320 κατᾶ
1529 2263 1756 2339 καιρούς
1786 2267 1893 2318 τῶν

238 2361 579 2435 πραγμάτων
624 2359 1017 2432 μεταποιήσεσι
1075 2355 1163 2409 καὶ
1218 2360 1325 2410 τῶν
1380 2356 1598 2425 τάξεων·
1635 2352 1734 2408 ὅσα
1795 2353 1888 2425 μὲν

237 2446 422 2505 αὸτῶν
454 2455 794 2526 συγγραφῆς,
835 2445 983 2520 παρά
1031 2465 1171 2499 τισιν
1229 2440 1441 2519 ἔτυχεν,
1494 2443 1594 2498 οὐκ
1633 2441 1892 2516 ἐμμελῶς

238 2539 360 2598 οὐδὲ
394 2539 759 2615 κεκριμένως,
792 2537 938 2594 ἀλλά
969 2533 1146 2612 χύδην
1182 2557 1242 2591 τε
1272 2535 1360 2591 καὶ
1410 2533 1686 2608 σποράδην
1742 2534 1894 2589 ἐκτε-

237 2633 388 2705 θειμέ
405 2652 489 2702 να,
520 2628 741 2700 ἐξίτηλά
789 2648 846 2683 τε
886 2622 1012 2682 ὄντα
1063 2623 1172 2695 ἤδη
1206 2625 1296 2681 καὶ
1339 2624 1418 2698 τῷ
1461 2624 1674 2700 γέροντι
1705 2621 1893 2701 χρόνῳ

237 2719 718 2799 συγγεγηρακότα,
772 2718 860 2772 καὶ
914 2714 1038 2770 ὅσον
1116 2715 1268 2770 οὔπω
1350 2716 1486 2790 πρὸς
1571 2714 1895 2790 ἀνυπαρξίαν

237 2813 666 2880 περιστήσεσθαι
713 2805 1008 2879 μέλλοντα,
1065 2803 1358 2880 ἡμετέραις
1418 2803 1756 2879 ἐπιμελείαις
1807 2826 1893 2880 φι.

239 2871 505 2960 Iertes/ui:
570 2895 1012 2970 συναθροισθέντα
1071 2893 1122 2948 ἐν
1183 2897 1252 2967 τῇ
1319 2893 1424 2968 πρὸ
1481 2890 1649 2962 τῆσδε
1712 2887 1890 2967 βίϐλῳ

249 2993 430 3066 εἱρμῷ
458 3008 567 3043 τινι
594 2985 681 3042 καὶ
715 2985 877 3057 ιτάξει
919 2981 1279 3057 λελογισμένῃ
1320 2980 1661 3059 περιελήφθη
1693 3003 1752 3036 τε
1808 2981 1897 3036 καὶ

252 3081 620 3134 συντέτακται.
654 3077 792 3132 Ὅσα
840 3070 897 3128 δὲ
928 3075 962 3142 ἡ
1021 3076 1270 3144 παροῦσα
1304 3067 1499 3146 βίϐλος
1558 3069 1897 3147 ἐμπεριέχει,

251 3168 447 3241 ἓτυχεν
482 3166 577 3239 μὲν
620 3169 934 3242 συγγραφῆς
987 3161 1090 3216 ὑπό
1132 3181 1279 3223 τινος
1329 3157 1584 3234 οὐδαμῶς
1626 3163 1759 3234 (65),
1792 3157 1898 3214 εἴτε

253 3255 487 3330 ἀμελείᾳ
515 3258 620 3309 τῶν
671 3251 843 3307 πάλαι
884 3249 980 3306 εἴτ’
1009 3247 1148 3311 ’ίσως
1187 3249 1279 3305 καὶ
1335 3254 1414 3322 τῷ
1467 3251 1542 3323 μή
1573 3245 1898 3319 ἐπιτηδείως

253 3342 402 3426 ἔχειν
431 3346 568 3422 πρὸς
595 3345 664 3398 τὰ
694 3344 945 3416 ιτοιαῦτα.
977 3342 1111 3403 Ταῖς
1153 3342 1394 3414 μνήμαις
1455 3339 1637 3411 μέντοι
1698 3335 1900 3394 διασω-

257 3424 456 3509 ζόμενα
503 3434 594 3490 καὶ
651 3433 801 3507 παρὰ
855 3435 962 3486 τῶν
1005 3424 1382 3506 πρεσϐυτέρων
1419 3428 1737 3492 ἀκολούθως
1783 3433 1900 3490 τοῖς

254 3528 541 3600 νεωτέροις
597 3521 1072 3598 παραπεμπόμενα
1101 3520 1193 3575 τὸν
1246 3519 1441 3599 φθόνον
1470 3522 1580 3594 (64)
1623 3517 1733 3589 ἤδη
1783 3515 1899 3573 δια-

257 3617 495 3693 φυγόντα
530 3611 727 3688 μέχρις
756 3613 790 3680 ἠ
803 3616 919 3683 μῶν
971 3609 1164 3684 ἴσχυσε
1192 3615 1543 3678 καταντῆσαι.
1583 3608 1658 3665 Οὐ
1693 3606 1898 3663 δίκαιον

255 3706 348 3760 οὖν
406 3705 668 3776 ᾠήθημεν
725 3701 931 3772 κόσμον
998 3704 1260 3754 τοσοῦτον
1313 3699 1514 3769 τάξεων
1576 3697 1903 3753 ἀσύντακτον

257 3791 531 3868 παριδεῖν,
562 3789 651 3845 καὶ
683 3791 807 3844 ὀσον
837 3787 1016 3860 δήπου
1066 3790 1128 3843 τὸ
1171 3785 1252 3875 ἐφ’
1282 3789 1440 3859 ἡμῖν,
1474 3787 1540 3841 τὰ
1589 3792 1689 3855 τῆς
1751 3787 1906 3862 βασι-

257 3881 424 3952 λικῆς
480 3879 642 3953 δόξης
705 3877 1026 3934 καταλιπεῖν
1113 3874 1613 3951 ἀκρωτηριάζεσθαι
1699 3874 1902 3950 καίρια.

260 3973 349 4036 ,Ως
387 3973 516 4046 γὰρ,
550 3969 602 4025 ἐν
659 3967 872 4041 σώματί
902 3987 1004 4021 τινι
1045 3971 1143 4035 τῆς
1180 3964 1424 4045 κεφαλῆς
1455 3969 1712 4040 πονηρῶς
1744 3963 1908 4040 ἐχού-

261 4082 383 4131 σης,
417 4061 446 4116 ὃ
475 4081 538 4134 γε
570 4060 646 4131 μή
687 4057 754 4112 τὰ
782 4056 918 4130 πρὸς
967 4054 1248 4128 θεραπείαν
1307 4055 1480 4109 πάντα
1528 4051 1906 4129 προσαγαγὼν

260 4149 394 4204 κατά
423 4152 521 4204 τοῦ
551 4147 747 4208 παντὸς
791 4141 950 4221 ἔτυχε
978 4145 1069 4199 τὸν
1111 4141 1359 4199 κίνδυνον
1419 4143 1706 4220 ίπιφέρων,
1740 4142 1912 4202 οὔτως

262 4240 415 4310 οἶμαι
468 4237 557 4292 καὶ
608 4239 636 4290 ὁ
685 4239 782 4290 τοῦ
826 4239 1012 4290 κοινοῦ
1052 4230 1211 4304 τοῦδε
1259 4240 1359 4303 τῆς
1406 4235 1525 4288 καθ’
1569 4235 1716 4305 ἡμᾶς
1749 4232 1912 4286 πολι-

260 4327 407 4388 τείας
439 4331 695 4399 σώματος
725 4325 803 4397 τῷ
852 4322 1258 4399 μεγαλειοτέρῳ
1295 4322 1444 4397 μέρει
1474 4323 1563 4377 καὶ
1589 4321 1911 4396 ὑπερέχοντι

262 4420 445 4478 κακῶς
479 4411 664 4490 ἔχοντι
701 4415 777 4487 μή
809 4415 877 4467 τὰ
923 4413 1060 4487 πρὸς
1110 4413 1398 4486 θεραπείαν
1439 4432 1499 4466 τε
1545 4412 1636 4467 καὶ
1669 4408 1910 4480 ὁλοκλη-

267 4505 382 4578 ρίαν
425 4504 793 4579 προσενεγκὼδ
826 4503 915 4557 καὶ
943 4502 1011 4557 τὰ
1040 4502 1185 4574 παρά
1229 4503 1329 4570 τήν
1370 4501 1584 4571 ἀταξίαν
1634 4500 1910 4575 κάμνοντα

266 4595 512 4670 συνάγων
540 4595 630 4648 καὶ
680 4596 990 4669 συγκροτῶν
1035 4595 1129 4645 τοῦ
1171 4611 1229 4646 τε
1282 4588 1464 4664 δήμου
1505 4595 1659 4665 κοινῇ
1691 4589 1909 4660 καὶτῆς

1916 1912 1970 1979 Α

2606 1911 3046 1973 PROOEMIUM.

2072 1997 2223 2054 297
2257 1998 2401 2055 Cum
2443 1999 2751 2073 multiplex
2797 2008 2856 2060 et
2895 2004 3187 2064 multifida
3222 2007 3303 2066 sit
3342 2009 3414 2068 de
3456 2011 3659 2072 ordine

2005 2088 2159 2157 regio
2187 2092 2362 2159 atque
2393 2091 2686 2148 senatorio
2705 2095 2974 2151 tractatio
2992 2094 3284 2169 vulgoque
3305 2098 3461 2156 haud
3488 2102 3659 2158 facile

2002 2176 2377 2249 percipienda
2426 2178 2950 2253 (quandoquidem,
2992 2187 3054 2239 ut
3093 2191 3310 2242 cetera
3350 2203 3446 2245 res
3491 2206 3526 2245 a
3565 2192 3661 2247 de-

2002 2282 2178 2321 cursu
2197 2270 2533 2338 temporum
2554 2269 2699 2324 aliae
2717 2270 3032 2328 identidem
3051 2273 3318 2347 aliasque
3333 2277 3552 2336 formas
3569 2280 3662 2337 in-

2003 2356 2216 2428 duunt,
2261 2356 2346 2412 sic
2386 2358 2559 2414 etiam
2603 2359 2993 2419 humanarum
3033 2363 3386 2436 dignitatum
3428 2371 3664 2428 ordines

2002 2446 2157 2502 vices
2211 2463 2348 2502 suas
2389 2449 2693 2518 patiuntur
2731 2453 3138 2525 terminosque
3177 2470 3318 2512 suos
3358 2458 3658 2532 migrant),

2003 2535 2344 2591 studuimus
2375 2536 2561 2607 primo
2583 2538 2821 2609 quidem
2845 2540 3018 2612 hujus
3035 2543 3249 2613 operis,
3272 2549 3349 2614 et,
3375 2547 3474 2618 qui
3499 2548 3656 2605 hunc

2005 2624 2297 2695 praecedit,
2315 2625 2462 2680 libro
2486 2631 2753 2682 contexta
2767 2630 3015 2700 quodam
3039 2631 3198 2688 velut
3219 2632 3316 2690 ﬁlo
3342 2635 3662 2704 sapienter-

2005 2729 2116 2783 que
2157 2717 2214 2769 et
2250 2713 2514 2769 consulte
2564 2714 2790 2788 digesta
2837 2721 3274 2779 coordinatione
3321 2725 3544 2782 tradere
3607 2730 3666 2782 et

2005 2804 2311 2876 complecti
2341 2820 2406 2860 ea
2437 2806 2656 2874 omnia,
2686 2824 2814 2880 quas
2846 2812 3110 2868 studium
3129 2818 3397 2872 nostrum
3423 2833 3665 2890 congre-

2005 2909 2138 2963 gare
2169 2902 2221 2948 et
2246 2909 2447 2950 eruere
2477 2911 2507 2950 e
2529 2900 2784 2953 veterum
2809 2902 3206 2958 monumentis
3227 2903 3438 2976 scripto
3465 2907 3661 2963 consi-

2006 2981 2200 3053 gnatis
2223 2983 2290 3036 ad
2316 2981 2424 3037 hoc
2446 2990 2856 3055 argumentum
2881 2990 3205 3059 spectantia
3229 2993 3437 3062 potuit.
3464 2995 3663 3067 Neque

2007 3069 2165 3124 enim
2197 3068 2337 3125 illud
2369 3087 2402 3126 a
2430 3074 2683 3129 vetustis
2709 3090 2945 3145 prorsus
2967 3077 3310 3136 derelictum
3329 3081 3442 3138 fuit
3465 3103 3480 3152 ;
3504 3089 3560 3139 at
3581 3085 3663 3141 ita

2007 3162 2204 3213 tamen
2236 3162 2573 3228 tractatum,
2615 3166 2702 3227 ut,
2743 3179 2878 3218 cum
2919 3164 3003 3220 illi
3036 3182 3224 3238 neque
3262 3185 3428 3236 cura,
3471 3188 3659 3245 neque

2009 3247 2234 3304 delectu
2275 3255 2331 3305 et
2367 3249 2598 3319 judicio
2648 3251 2738 3308 usi
2787 3253 3055 3324 fuissent,
3101 3272 3292 3329 neque
3339 3261 3492 3317 serio
3541 3279 3664 3318 rem

2011 3339 2402 3410 egissent,sed
2426 3355 2528 3395 sua
2546 3341 2758 3412 potius,
2782 3345 2847 3398 ut
2865 3343 3098 3415 tulerat,
3124 3347 3470 3406 eil'udissent
3489 3358 3663 3424 atque

2012 3429 2390 3501 sparsissent,
2422 3430 2785 3488 obsolescere
2816 3431 3139 3506 inciperent
3170 3436 3242 3492 ab
3272 3438 3420 3509 ipsis
3450 3443 3664 3498 tradita

2009 3518 2374 3591 temporique
2403 3521 2728 3576 senescenti
2751 3538 3188 3593 consenescere,
3213 3531 3267 3582 et
3292 3531 3522 3586 tantum
3547 3549 3662 3589 non

2011 3625 2081 3666 ex
2109 3624 2215 3664 usu
2248 3608 2548 3666 hominum
2580 3625 2897 3685 rerumque
2927 3613 3144 3672 circulo
3176 3617 3442 3677 excidere
3470 3621 3661 3678 mina-

2014 3704 2237 3756 rentur.
2271 3699 2406 3764 Qua
2437 3715 2566 3755 vero
2596 3699 2764 3772 liber,
2797 3718 2968 3773 quem
3001 3720 3156 3760 nunc
3188 3707 3469 3779 ordimur,
3502 3726 3667 3768 com-

2014 3785 2309 3858 plectitur,
2342 3802 2409 3840 ea
2437 3785 2646 3844 litteris
2676 3789 2914 3860 quidem
2940 3808 2973 3847 a
2993 3792 3224 3850 nemine
3249 3797 3526 3855 mandata
3549 3800 3669 3856 fue-

2015 3878 2172 3940 runt,
2189 3874 2310 3929 sive
2330 3873 2386 3928 id
2407 3873 2632 3930 incuria
2653 3877 2980 3947 priscorum
3005 3880 3311 3939 hominum
3335 3886 3668 3959 contigerit,

2015 3963 2137 4018 sive
2169 3966 2378 4016 natura
2408 3963 2606 4018 minus
2635 3964 2831 4020 idonei
2850 3966 3067 4023 talibus
3097 3975 3667 4032 commentandisilli

2014 4050 2234 4107 iuerint
2259 4066 2271 4103 :
2295 4058 2351 4105 at
2383 4051 2664 4107 memoria
2692 4056 2889 4109 tamen
2908 4071 2977 4111 ea
3006 4060 3374 4116 conservavit
3401 4067 3460 4118 et
3490 4081 3524 4120 a
3549 4081 3666 4121 ma-

2009 4141 2239 4212 joribus
2268 4141 2337 4195 ad
2365 4140 2631 4211 juniores
2659 4147 3017 4216 propagavit,
3043 4147 3345 4221 potiorque
3375 4152 3590 4211 invidia
3611 4160 3669 4212 et

2015 4231 2276 4287 adversis
2307 4231 2539 4287 casibus
2571 4234 2638 4287 ad
2674 4239 2867 4290 nostra
2898 4253 3080 4308 usque
3109 4243 3372 4313 tempora
3392 4247 3669 4303 transmi-

2017 4321 2112 4378 sit.
2134 4321 2408 4391 Iniquum
2432 4322 2969 4391 ergojudicavimus
2985 4331 3302 4401 nostraque
3319 4336 3666 4404 personain-

2019 4411 2265 4480 dignum
2299 4410 2648 4480 permittere,
2683 4417 2746 4466 ut
2768 4417 2968 4470 tantus
2999 4421 3056 4471 et
3078 4422 3194 4472 tam
3222 4421 3467 4490 pulcher
3487 4441 3668 4482 mun-
3767 4415 3780 4422 ’

2019 4499 2130 4554 dus
2162 4504 2338 4570 atque
2368 4503 2505 4554 ordo
2527 4501 3072 4560 subordinationum
3101 4511 3157 4561 et
3177 4511 3665 4572 constitutionum

2021 4588 2389 4661 politicarum
2423 4590 2785 4647 inordinatus
2829 4610 2994 4662 porro
3033 4595 3268 4666 iaceret,
3299 4605 3356 4654 et
3389 4606 3451 4656 ut
3487 4603 3665 4675 (quod

265 4683 548 4747 πολιτείας
595 4683 900 4756 ἠμεληκὼς
947 4675 1092 4735 ἔσται
1139 4680 1230 4735 καὶ
1283 4681 1345 4735 τὸ
1379 4679 1592 4753 σύμπαν
1622 4681 1734 4752 ἅμα
1779 4680 1903 4734 καθ-

2021 4679 2299 4735 socordia:
2321 4695 2434 4735 non
2459 4679 2636 4735 dediti
2664 4687 3039 4750 potueramus
3064 4686 3390 4761 impedire),
3410 4666 3672 4751 membra

264 4774 510 4848 ῃρηκώς.
552 4773 650 4827 Διὰ
706 4776 873 4826 ταῦτα
922 4768 989 4839 δή
1038 4769 1292 4844 καὶπρὸς
1321 4771 1418 4838 τήν
1458 4773 1732 4841 παροῦσαν
1777 4767 1910 4823 συλ-

264 4861 443 4937 λογὴν
474 4862 676 4931 ταύτην
709 4861 799 4916 καὶ
837 4862 911 4933 μή
943 4880 1050 4914 τισι
1081 4865 1406 4928 πονηθεῖσαν
1440 4857 1634 4920 ἄλλοις
1665 4865 1765 4925 τῆς
1809 4877 1907 4912 τα-

263 4957 458 5019 κτικῆς
498 4947 852 5020 διανέστημεν
880 4949 992 5019 (65)
1045 4943 1300 5020 μεθόδου,
1331 4952 1431 5016 τῆν
1481 4946 1575 5018 μὲν
1629 4942 1909 5019 βασιλείαν

2022 4770 2176 4822 velut
2206 4767 2476 4838 capitalia
2505 4769 2824 4840 imperialis
2855 4773 3075 4844 gloriae,
3111 4792 3427 4850 necemque
3457 4788 3516 4838 et
3547 4785 3668 4840 rui-

2021 4874 2154 4912 nam
2180 4857 3173 4928 imperio,sivulnerentur,illatura
3187 4873 3670 4929 contrucarentur

2018 4961 2317 5016 unumque
2341 4953 2474 5018 post
2496 4948 2750 5006 alterum
2771 4953 3111 5010 deﬂuerent.
3137 4957 3287 5014 298
3325 4962 3390 5015 Ut
3412 4961 3587 5032 enim,
3615 4963 3664 5018 si

1333 5071 1533 5129 JOAN.
1573 5071 1719 5127 JAC.
1744 5070 2002 5126 REISKII
2033 5069 2620 5130 COMMENTARIUS.

343 5207 454 5279 (63)
477 5205 613 5279 Haec
630 5220 746 5260 non
771 5203 948 5259 nimis
971 5203 1171 5279 stricte
1190 5199 1534 5279 adlitteram
1559 5198 1922 5279 accipienda.

271 5272 477 5333 Insunt
525 5277 680 5353 enim
721 5291 952 5353 quoque
998 5272 1493 5353 volumini,__qute
1549 5277 1778 5353 auctor.
1806 5287 1919 5325 non

273 5349 343 5405 de
376 5365 484 5404 suo
517 5347 692 5412 dedit,
727 5342 918 5425 sedex
949 5344 1531 5425 antiquis-codicibus
1554 5342 1919 5425 diplinthecee

272 5421 549 5476 Palatina:
582 5419 883 5496 excerpsit,
916 5424 978 5496 ut
1007 5413 1680 5496 estfpiphaniidﬁotitia
1701 5415 1922 5496 episco-

277 5485 1371 5566 patuum,__Cle_torpIogium__Philpti1ei
1419 5485 1734 5566 érticline,
1783 5486 1919 5566 item

274 5558 464 5633 capita
507 5564 596 5632 27,
635 5564 726 5632 28,
767 5562 858 5632 29,
906 5563 994 5631 37,
1035 5561 1122 5628 44,
1167 5558 1258 5625 49,
1291 5558 1382 5627 50,
1432 5558 1497 5613 51
1544 5562 1602 5612 et
1629 5559 1770 5612 forte
1809 5558 1923 5613 alia

319 5635 560 5693 uedam.

278 5649 562 5776 θυῶἳῗῗὰ
608 5711 696 5764 est
732 5705 824 5761 τὸν
865 5709 1073 5782 φθῖνον,
1115 5709 1182 5765 ut
1220 5706 1302 5761 ita
1351 5702 1562 5770 dicam,
1617 5703 1920 5757 interitum.

2033 5197 2318 5276 Quidquid
2351 5199 2506 5255 enim
2535 5203 2844 5276 vetustatis
2873 5206 3118 5276 interiit,
3140 5211 3196 5266 id
3230 5213 3460 5271 fortuua
3487 5233 3683 5275 rerum

2029 5270 2415 5348 humanarum
2452 5274 2621 5348 nobis
2650 5274 2870 5332 invidet
2900 5286 2958 5334 et
2987 5270 3284 5340 subtrahit
3313 5270 3381 5342 ex
3403 5270 3606 5348 oculis:

2102 5341 2353 5426 (65)““10‘
2381 5345 2748 5426 accgnximus'
2767 5356 3270 5426 .copsurreximuS,
3312 5341 3644 5426 attre'ssi'svu
3657 5392 3679 5404 -

2031 5429 2182 5489 r_n_us.
2217 5417 2565 5489 [frequentes
2595 5429 2735 5489 sunt
2764 5419 2822 5474 in
2859 5422 2964 5476 hac
2993 5440 3127 5478 voce
3151 5417 3279 5482 novi
3305 5417 3482 5486 (Irasci
3511 5453 3525 5489 :
3553 5433 3670 5488 vid.

2031 5484 2566 5568 Theophan._p._78,
2599 5487 2837 5568 Cedren.
2868 5494 3296 5558 591,593,601.
3323 5484 3679 5568 ess—mide}.

2031 5573 2087 5627 p.
2290 5555 2723 5646 Illab’etitamen‘
2751 5563 2905 5646 inter
2941 5555 3159 5627 veteres
3200 5555 3373 5646 etiam
3407 5555 3688 5646 Ρὸιάιῐίῦὲ

2031 5644 2087 5704 p_.
2122 5628 2374 5704 158_._ed.
2407 5627 2589 5704 Gron.
2618 5638 2675 5687 et
2702 5629 3082 5702 ἐπανίστασθαι
3126 5627 3692 5704 οοάθαίηεέῃξᾶᾌξξ

2031 5698 2182 5757 rian.
2216 5698 2458 5758 Dissert.
2492 5701 2676 5773 Epict.
2710 5722 2765 5778 p.
2797 5707 2925 5765 233.
3003 5698 3017 5702 ⁷
3137 5698 3168 5732 ³
