4060 6214
479 306 597 369 975

1546 299 2067 365 CONSTANTINI
2111 298 2802 363 POBPHYROGENITI

3774 306 3881 369 916

478 446 612 519 quis
643 443 820 518 capiti
850 443 1003 499 male
1022 442 1225 499 affecto
1249 439 1562 511 medelam,
1584 454 1760 512 quam
1785 440 2000 512 potest,
2021 452 2112 494 om

2253 434 2424 510 ταύτῃ
2485 433 2918 511 βασιλικωτέραν
2968 434 3061 491 καὶ
3123 431 3498 511 φοδερωτέραν
3540 434 3883 496 ἀποδεικνύν-

473 552 610 593 nem
642 551 757 591 non
786 533 1008 600 all‘erat,
1042 535 1230 587 totum
1262 547 1477 601 corpus
1499 530 1558 586 in
1580 528 1788 585 excidii
1814 525 2136 598 periculum

481 624 746 693 conjicit:
776 622 855 676 ita
877 622 1052 676 etiam
1077 621 1343 691 quisquis
1370 621 1699 675 communis
1724 618 1905 689 hujus
1927 624 2137 672 nostra:

482 729 678 770 rerum
711 710 965 766 civilium
989 710 1432 781 gubernationis
1459 724 1667 779 corpus
1686 709 1765 763 ita
1790 706 2053 778 negligit,
2077 710 2138 759 ut

478 804 606 873 ejus
634 800 1006 857 eminentiori
1030 810 1200 870 atque
1219 798 1543 870 cspitaliori
1569 800 1716 869 parti
1740 796 2044 868 aegrotanti
2069 811 2137 849 ea

472 894 691 959 omnia,
726 907 851 962 quas
884 890 1088 943 vilium
1130 904 1337 943 sanare
1377 892 1435 942 et
1474 887 1866 957 integritatem
1897 900 2133 941 conser-

2244 544 2351 589 τες·
2406 529 2487 597 τῷ
2535 522 2593 580 δὲ
2658 529 3018 600 συγκλητικῷ
3068 522 3407 601 πληρώματι
3464 527 3553 581 καὶ
3612 528 3882 603 παντὶτῷ

2250 614 2478 686 ὑπηκόῳ
2507 614 2597 669 τὸν
2636 614 2772 687 μετά
2826 621 2927 683 τῆς
2976 613 3223 685 εὐταξίας
3264 614 3384 689 βίον
3426 615 3516 670 καὶ
3545 617 3649 685 τήν
3699 614 3879 693 διαγω-

2246 704 2349 779 γὴν
2383 705 2656 777 νέμοντες,
2700 704 2787 779 ὑφ’
2828 704 2896 773 ἧς
2936 703 3254 778 σεμνότεροί
3298 725 3358 760 τε
3386 706 3476 759 καὶ
3523 711 3877 781 κοσμιῶτεροι

2244 794 2627 864 καθιστάμενοι
2662 793 2795 847 εἶναι
2834 792 2894 847 ἃν
2946 794 3036 847 καὶ
3097 790 3411 867 βασιλεῦσιν
3461 792 3771 869 ἐπέραστοι,
3806 799 3873 851 αἶ-

2244 878 2459 951 δέσιμοί
2498 902 2558 936 τε
2625 879 2902 952 ἀλλήλοις
2930 883 3020 936 καὶ
3051 882 3213 936 παντὶ
3262 879 3399 946 ἔθνει
3448 885 3757 958 Θαυμαστοί
3798 887 3875 940 καὶ

2243 968 2540 1046 περίδοξοι.

471 997 603 1038 vare
632 979 849 1045 valent,
883 994 999 1034 non
1028 976 1297 1049 applicet,
1322 976 1749 1045 deﬂuviumque
1772 973 2057 1029 minantia
2074 977 2130 1029 et

470 1073 543 1129 ob
574 1071 877 1126 turbatum
910 1068 1172 1124 ordinem
1207 1066 1463 1139 resoluta
1494 1066 1806 1137 pendentia
1837 1080 1952 1120 non
1981 1068 2153 1135 cogat
2192 1068 2249 1118 et
2279 1064 2656 1135 compingat:
2691 1063 2789 1120 ille
2821 1080 2948 1120 meo
2980 1065 3460 1137 quidemjudicio
3484 1066 3769 1139 populum
3798 1068 3877 1124 de-

470 1164 663 1219 struit.
696 1160 876 1215 Primi
911 1174 1015 1213 nos
1047 1158 1239 1229 itaque
1271 1157 1341 1211 ad
1374 1156 1526 1211 hanc
1559 1162 1838 1211 tentatam
1872 1154 2158 1210 hactenus
2189 1154 2412 1210 nemini
2442 1159 2668 1225 partem
2700 1156 2829 1227 ejus
2860 1155 3205 1228 disciplinas,
3239 1174 3366 1229 qua:
3400 1157 3469 1213 de
3501 1157 3734 1214 vicibus
3764 1175 3874 1215 mu-

473 1254 704 1321 niisque
735 1247 995 1305 civilium
1028 1246 1304 1301 ordinum
1339 1246 1535 1313 tradit,
1568 1261 1675 1301 nos
1705 1245 2088 1312 accinximus,
2121 1260 2188 1300 ea
2210 1244 2433 1300 ratione
2466 1246 2711 1317 imperio
2739 1245 2975 1317 quidem
2999 1263 3065 1303 eo
3089 1247 3221 1319 plus
3240 1249 3568 1318 majestatis
3587 1258 3643 1305 et
3660 1251 3873 1307 terroris

470 1339 725 1397 addituri
774 1363 790 1407 ;
843 1337 1131 1393 senatorio
1173 1340 1367 1391 autem
1408 1335 1586 1391 cmtui
1624 1334 1844 1406 totique
1875 1334 1935 1389 in
1977 1335 2314 1390 universum
2365 1335 2590 1406 parenti
2640 1334 3005 1391 multitudini
3056 1339 3188 1391 vitae
3231 1341 3403 1409 atque
3446 1339 3873 1395 consuetudinis

472 1432 689 1485 mutuas
728 1427 789 1482 in
828 1427 1035 1482 decoro
1083 1424 1289 1480 ordine
1330 1428 1500 1495 atque
1537 1422 1953 1495 tranquillitate
1993 1422 2378 1496 transigenda
2421 1424 2646 1495 copiam
2685 1423 2915 1491 facturi,
2961 1440 3074 1497 quo
3115 1424 3556 1497 spectabiliores
3596 1426 3873 1483 honestio-

471 1532 676 1589 resque
729 1515 960 1584 redditi,
1004 1513 1338 1586 principum
1385 1528 1622 1569 suorum
1662 1528 1918 1570 amorem
1958 1511 2286 1583 civiumque
2326 1516 2384 1569 et
2425 1512 2739 1584 mquaiium
2785 1513 3215 1571 venerationem
3266 1518 3629 1587 mereantur,
3681 1517 3869 1573 exteris

469 1609 664 1663 autem
702 1604 764 1661 in
795 1620 892 1661 ore
922 1610 1094 1675 atque
1125 1601 1514 1659 admiratione
1543 1601 1677 1657 sint.

914 1720 1068 1776 που
1100 1705 1330 1774 CAPUT
1364 1716 1672 1773 PRIMUM.

472 1830 841 1896 Observanda,
891 1827 1108 1898 quando
1151 1824 1429 1898 palatium
1480 1823 1720 1898 quotidie
1771 1839 1889 1879 sese
1936 1823 2127 1898 reclu-

540 1902 644 1964 dit,
690 1908 741 1954 et
776 1895 1047 1969 processio
1090 1896 1149 1951 in
1195 1895 1471 1965 palatium
1510 1895 1699 1951 diebus
1732 1897 1997 1966 pro/esti:
2033 1910 2129 1951 seu

540 1972 875 2044 quotidiana
905 1969 1143 2026 orditur.

541 2078 675 2134 Post
702 2076 1041 2133 absolutum
1074 2074 1339 2131 orthrum
1368 2090 1469 2130 seu
1513 2072 1769 2131 ofﬁcium
1812 2074 2128 2130 matutina-

468 2184 600 2225 rum
632 2165 933 2222 descendit
963 2163 1343 2221 hetaeriarcha
1372 2179 1504 2219 cum
1532 2163 1751 2219 caeteris
1781 2163 2125 2235 magistrati-

469 2258 579 2312 bus
611 2254 860 2310 hetaeriss
889 2257 945 2309 et
973 2269 1107 2309 cum
1139 2252 1402 2324 ejusdem
1435 2251 1828 2308 hebdomariis
1860 2253 1980 2325 [seu
2024 2267 2127 2323 per

463 2353 607 2410 llam
640 2351 1040 2425 septimanam
1072 2350 1297 2407 servitii
1330 2349 1484 2407 vices
1531 2350 1937 2421 obeuntibus],
1974 2355 2039 2406 ut
2067 2354 2126 2406 et

466 2442 671 2516 papias
700 2456 826 2497 cum
860 2438 1249 2495 hebdomariis
1277 2438 1674 2495 diaetariorum
1704 2438 1814 2512 [vel
1847 2439 2121 2510 septima-

467 2531 649 2588 nariis
671 2528 1034 2603 atriensium]
1050 2528 1377 2598 horumque
1404 2528 1758 2599 primicerio,
1774 2535 1828 2583 et
1852 2530 2121 2599 aperiunt

470 2625 700 2695 portam
732 2618 1050 2675 eburneam
1094 2635 1109 2685 ;
1143 2621 1199 2673 et
1228 2618 1449 2673 intrant
1493 2616 1964 2689 parhehdomarii
1997 2618 2120 2688 [seu

470 2709 670 2767 vicarii
732 2706 1299 2780 septimanariornm]
1359 2706 1630 2774 hetaerias,
1684 2714 1737 2762 et
1795 2708 2121 2762 ascendunt

470 2814 575 2873 per
623 2797 939 2863 cochleam,
991 2800 1046 2852 et
1087 2795 1449 2852 descendunt
1482 2811 1589 2867 per
1628 2794 1951 2863 cochleam,
1994 2811 2119 2867 quas

469 2890 629 2946 ducit
659 2889 730 2945 ad
765 2892 991 2959 portam
1022 2889 1295 2957 ganotam
1327 2884 1455 2957 [seu
1486 2884 1664 2957 polita
1694 2884 1914 2940 lamina
1965 2901 2119 2940 mar-

468 2996 667 3037 morea
695 2976 1127 3049 incrustatam],
1159 2990 1262 3047 per
1282 2991 1457 3047 quam
1481 2974 1675 3031 aditus
1696 2975 1765 3029 ad
1789 2973 2117 3030 lausiacum

465 3073 642 3141 patet.
658 3068 726 3123 Et
748 3082 849 3139 per
869 3066 1020 3122 hanc
1042 3069 1269 3137 portam
1294 3064 1514 3120 intrant
1534 3064 1592 3120 in
1608 3064 1952 3122 lausiacum.
1967 3066 2113 3122 Tum

462 3158 715 3215 induunt
737 3154 1115 3213 hetmriarcha
1136 3160 1311 3227 atque
1342 3154 1537 3227 papias
1559 3171 1668 3211 sua
1688 3156 2109 3226 scaramangia,

461 3255 925 3320 prastereunlque
975 3261 1108 3301 cum
1151 3244 1425 3299 diastariis
1481 3243 2013 3315 chryeotriclinium
2055 3251 2110 3300 et

459 3336 849 3406 horologium,
881 3340 937 3389 et
966 3334 1240 3405 aperiunt
1272 3339 1521 3401 portam,
1554 3348 1680 3403 quae
1711 3348 1779 3386 ex
1812 3332 2109 3404 horologio

459 3424 859 3480 inlausiacum
885 3423 1063 3476 ducit.
1093 3422 1302 3476 Deinde
1324 3419 1593 3491 aperiunt
1614 3437 1747 3474 cum
1774 3421 2110 3491 maglabitis

459 3520 509 3567 et
539 3510 1033 3581 parhebdomariis
1066 3509 1312 3563 hetaerias
1342 3507 1661 3562 Justiniani
1694 3507 2013 3563 triclinium
2051 3514 2110 3565 et

458 3599 613 3671 scyla
629 3608 683 3654 et
704 3604 953 3669 portam,
979 3614 1106 3668 qua:
1130 3596 1188 3651 in
1212 3599 1430 3650 circum
1456 3600 1631 3667 patet.
1666 3596 1729 3651 Et
1752 3596 1830 3651 ibi
1868 3598 2104 3669 quidem

456 3688 517 3743 in
549 3686 722 3759 scylis
752 3686 1025 3741 sinuntur
1055 3700 1353 3741 remanere
1393 3689 1563 3755 atque
1604 3683 1874 3751 residere,
1904 3688 2003 3756 qui
2037 3687 2107 3742 ad

456 3776 707 3833 mediam
732 3774 1025 3832 hetaeriam
1045 3773 1352 3847 pertinent.
1378 3773 1763 3830 Heteriarcha
1784 3790 1914 3830 vero
1936 3779 2108 3848 atque

453 3867 658 3939 papias
689 3871 747 3922 et
776 3864 876 3938 qui
904 3864 974 3920 ad
998 3880 1273 3935 magnam
1300 3862 1593 3918 hetaeriam
1618 3862 1909 3934 pertinent
1930 3870 2106 3936 atque

456 3957 701 4013 dietarii
741 3960 1137 4013 revertuntur.
1180 3954 1572 4010 Hetaariarcha
1608 3954 1844 4026 quidem
1888 3955 2105 4011 residet

450 4048 510 4103 in
556 4046 808 4103 lausiaco
848 4055 978 4101 ante
1018 4052 1243 4117 portam
1289 4060 1532 4112 aeneam,
1575 4060 1701 4115 qua:
1742 4042 1804 4098 in
1844 4044 2101 4099 culinam

449 4139 628 4195 ducit.
663 4137 867 4209 Papias
897 4141 1091 4192 autem
1124 4135 1301 4190 intrat
1332 4134 1388 4189 in
1422 4133 1953 4205 chrysotriolinium
1991 4132 2105 4189 cla-

447 4243 665 4299 vesque
701 4225 936 4299 deponit
979 4225 1035 4279 in
1080 4240 1342 4293 scamno,
1379 4224 1531 4294 quod
1564 4225 1676 4277 stat
1723 4221 1877 4277 intra
1905 4220 2098 4277 velum

446 4332 688 4373 camarae
719 4317 804 4371 vel
838 4314 1077 4369 fornicis
1107 4314 1177 4368 ad
1211 4312 1568 4368 occidentem
1601 4310 1917 4381 spectantis
1947 4309 2097 4365 sini-

446 4407 603 4459 stra.
630 4406 750 4461 Duo
775 4408 969 4459 autem
994 4401 1232 4458 diastarii
1255 4417 1522 4471 unusque
1541 4399 1855 4470 maglabita
1875 4400 2094 4455 abeun-

2147 1718 2196 1784 B

2663 1720 3061 1777 ΚΕΦΑΛΑΙΟΝ
3142 1722 3436 1777 ΠΡΩΤΟΝ.

2310 1825 2449 1914 ’ίΟσρι
2502 1820 2585 1879 δεῖ
2629 1823 3066 1914 παραφυλάττειν
3148 1830 3284 1914 καθ’ε
3351 1825 3582 1913 ἑκάστην
3646 1829 3863 1903 ἡμέραν,

2308 1896 2621 1976 άνοίγοντος
2685 1896 2801 1976 τοῦς
2848 1896 3120 1976 παλατίου
3195 1899 3286 1956 καὶ
3350 1902 3448 1969 τῆς
3507 1896 3864 1976 καθημερινῆς

2310 1967 2608 2040 ἱσταμένης
2637 1967 3038 2042 προελεύσεως.

2310 2072 2463 2129 Μετᾶ
2491 2075 2589 2143 την
2622 2078 2720 2129 τοῦ
2751 2069 2951 2151 ὄρθρου
2983 2074 3251 2131 ἀπόλυσιν
3286 2077 3612 2153 κατέρχεται
3655 2080 3683 2132 ὁ
3738 2080 3863 2136 ἑται-

2235 2161 2498 2238 ρειάρχης
2534 2163 2668 2235 μετά
2721 2168 2831 2218 τῶν
2888 2164 3170 2240 ἀρχόντων
3217 2172 3318 2235 τῆς
3350 2167 3617 2239 ἑταιρείας
3650 2168 3737 2223 καὶ
3773 2174 3862 2223 τῶν

2232 2256 2331 2319 τῆς
2366 2250 2631 2325 ἑταιρείας
2684 2248 3053 2327 ὲϐδομαρίων,
3084 2253 3294 2328 ὁμοίως
3333 2255 3423 2310 καὶ
3451 2255 3477 2310 ὁ
3509 2258 3718 2320 παπίας
3746 2258 3862 2329 μετὰ

2232 2342 2340 2393 τῶν
2403 2336 2741 2415 ἐδδομαρίων
2801 2339 3117 2417 διαιταρίων
3174 2344 3265 2399 καὶ
3336 2349 3434 2399 τοῦ
3514 2347 3859 2420 πριμικηρίον

2234 2427 2431 2494 αὐτῶν,
2494 2428 2583 2483 καὶ
2641 2428 2951 2506 ἀνοίγουσιν
2997 2432 3097 2502 τὴν
3148 2429 3520 2511 ἰλειραντίνην,
3559 2434 3654 2489 καὶ
3709 2434 3859 2508 εἰσέρ-

2231 2535 2423 2591 χονται
2455 2518 2506 2572 o't
2554 2514 2990 2595 παρεϐδομάριοι
3021 2527 3121 2592 τῆς
3167 2522 3455 2598 ἑταιρείας,
3484 2524 3576 2579 καὶ
3616 2524 3856 2599 ἀνερχον-

2229 2625 2318 2659 ται
2351 2602 2440 2659 διὰ
2466 2610 2562 2660 τοῦ
2593 2605 2852 2682 κοχλιυῦ,
2888 2610 2973 2665 καὶ
3006 2608 3363 2685 κατέρχονται
3393 2617 3492 2666 τοῦ
3524 2611 3855 2687 κοχλιοῦτοῦ

2230 2693 2564 2769 κατάγοντος
2615 2694 2691 2759 εἷς
2748 2698 2847 2766 τήν
2897 2701 3148 2774 γωωτην
3196 2698 3378 2769 πύλην
3431 2701 3529 2769 τήν
3560 2700 3852 2778 εῗσάγουσαν

2229 2779 2305 2843 εἷς
2363 2783 2455 2837 τὸν
2518 2783 2836 2855 λαυσιακὸν,
2868 2785 2959 2840 καὶ
3016 2784 3087 2841 δι’
3135 2786 3303 2857 αὐτῆς
3331 2794 3432 2856 τῆς
3468 2789 3653 2859 πύλης
3700 2788 3851 2863 εἰσέρ-

2229 2890 2420 2946 χονται
2453 2873 2529 2936 εἰς
2586 2875 2678 2930 τὸν
2736 2875 3052 2933 λαυσιακόν.
3089 2879 3149 2935 Ὀ
3201 2874 3258 2933 δὲ
3289 2878 3681 2955 ἑταιρειάρχης
3734 2878 3849 2952 μετὰ

2224 2964 2320 3015 τοῦ
2378 2961 2581 3018 παπίου
2640 2962 3003 3020 ἀλλάσσουσιν
3061 2966 3130 3022 τὰ
3184 2968 3388 3023 ἑαυτῶν
3467 2970 3843 3044 σκαραμάγγια,

2224 3048 2315 3104 καὶ
2344 3052 2482 3123 μετὰ
2511 3049 2824 3127 διαιταρίων
2864 3050 3173 3131 διέρχονται
3204 3053 3294 3111 διὰ
3349 3060 3447 3112 τοῦ
3476 3056 3841 3133 χρυσοτρικλί-

2224 3162 2319 3196 νου
2352 3143 2438 3197 καὶ
2469 3147 2567 3198 τοῦ
2598 3143 2936 3221 ὡρολογίου,
2966 3146 3058 3201 καὶ
3095 3147 3407 3222 ἄνοίγουσιν
3446 3149 3547 3218 τὴν
3580 3149 3840 3223 ἑξάγουσον

2216 3229 2398 3299 πύλην
2447 3233 2551 3288 άπὸ
2600 3238 2697 3289 τοῦ
2746 3233 3052 3311 ὡρολογίου
3110 3235 3185 3299 εἷς
3237 3236 3327 3292 τὸν
3380 3236 3699 3297 λαυσιακόν.
3735 3238 3836 3299 Εἶθ’

2216 3317 2389 3379 οὕτως
2426 3321 2561 3393 μετὰ
2624 3328 2731 3377 τῶν
2796 3320 3151 3401 μαγλαϐιτῶν
3205 3327 3295 3380 καὶ
3343 3330 3452 3382 τῶν
3507 3323 3835 3403 παρεὸὂομα·

2218 3406 2347 3479 ρίων
2404 3415 2504 3478 τῆς
2572 3410 2836 3487 ἑταιρείας
2866 3412 3142 3487 ἀνοίγουσι
3180 3415 3275 3471 τὸν
3328 3417 3712 3472 Ἰουστινιανοῦ
3737 3414 3837 3489 τρί-

2214 3494 2400 3582 κλινον
2427 3498 2516 3552 καὶ
2546 3500 2611 3554 τά
2644 3502 2815 3558 σκύλα
2842 3503 2933 3558 καὶ
2962 3505 3060 3571 τήν
3104 3504 3393 3582 ἐξάγουσαν
3422 3504 3500 3569 εἷς
3546 3505 3643 3561 τὸν
3698 3503 3836 3561 ἱππό·

2216 3580 2422 3658 δρόμον
2454 3586 2660 3658 πύλην,
2692 3592 2780 3644 καὶ
2812 3592 2864 3645 οἱ
2907 3592 3001 3665 μὲν
3034 3594 3130 3664 τῆς
3165 3580 3334 3666 μέσης
3366 3594 3634 3667 ἑταιρείας
3668 3592 3833 3650 ἐῶνται

2215 3674 2527 3744 καθέζεσθαι
2582 3677 2656 3740 εἷς
2686 3681 2751 3734 τὰ
2818 3679 2990 3736 σκύλα
3046 3682 3089 3741 ⁴.
3134 3683 3192 3740 Ὀ
3226 3680 3284 3738 δὲ
3340 3684 3727 3764 ἑταιρειάρχης
3757 3683 3833 3736 καὶ

2214 3768 2242 3821 ὁ
2292 3766 2497 3827 παπίας
2546 3770 2635 3821 καὶ
2685 3769 2737 3822 οἱ
2786 3775 2884 3839 τῆς
2938 3768 3184 3847 μεγάλης
3232 3772 3500 3846 ἑταιρείας
3551 3774 3690 3847 μετᾶ
3745 3776 3834 3827 τῶν

2213 3854 2527 3931 διαιταρίων
2586 3856 3036 3935 ὑποστρέφουσιν,
3076 3861 3166 3915 καὶ
3225 3861 3252 3916 ὁ
3313 3862 3409 3935 μὲν
3467 3860 3832 3938 ἐταιρειάρχης

2211 3944 2506 4020 ἐρχόμενος
2535 3948 2810 4016 καθέζεται
2844 3948 2920 4010 εἰς
2949 3949 3040 4004 τὸν
3075 3947 3369 4005 λαυσιακὸν
3410 3952 3515 4025 πρὸ
3554 3958 3658 4021 τῆς
3711 3964 3832 4027 χαλ-

2207 4042 2310 4103 κῆς
2343 4035 2523 4105 πύλης
2573 4043 2673 4105 τῆς
2731 4035 3058 4112 ἀνοιγούσης
3091 4039 3167 4103 είς
3211 4039 3275 4094 τὸ
3310 4045 3644 4115 μαγειρεῖον.
3695 4042 3748 4099 Ὀ
3785 4036 3832 4093 δὲ

2205 4123 2407 4178 παπίας
2440 4125 2744 4200 εἰσέρχεται
2795 4125 2870 4188 είς
2919 4128 3010 4183 τὸν
3044 4128 3514 4205 χρυσοτρίκλινον,
3553 4131 3648 4184 καὶ
3671 4130 3829 4199 τίθησι

2203 4213 2271 4267 τὰ
2308 4211 2521 4268 κλειδία
2551 4214 2625 4275 εἲς
2682 4216 2741 4269 τὸ
2795 4215 3034 4290 σκάμνον
3085 4219 3148 4272 τὸ
3208 4218 3494 4289 ἱστάμενον
3544 4214 3695 4275 ἔνδον
3744 4221 3828 4273 τοῦ

2208 4301 2385 4375 βήλου
2442 4309 2541 4373 τῆς
2580 4304 2715 4377 πρὸς
2770 4302 2919 4361 δύσιν
2980 4307 3263 4382 ἀριστερᾶς
3317 4308 3583 4383 καμάρας.
3636 4309 3737 4364 Δύο
3780 4303 3827 4359 δὲ

2204 4388 2500 4467 διαιτάριοι
2560 4393 2695 4466 μετὰ
2749 4390 3092 4470 μαγλαϐίτου
3152 4397 3507 4472 ἀπέρχονται,
3556 4398 3650 4453 καὶ
3696 4394 3825 4453 ιῖινοί⁸

442 4496 531 4549 tes
570 4492 731 4547 illinc
771 4492 1042 4563 aperiunt
1084 4490 1426 4547 secretarias
1467 4498 1521 4546 et
1560 4494 1808 4562 portam,
1853 4505 1979 4559 quas
2024 4489 2093 4543 ad

2226 4502 2386 4536 νουσιν
2425 4481 2490 4537 τά
2534 4503 2592 4537 τε
2650 4483 2983 4559 άσηκρητεῖα
3029 4483 3119 4540 καὶ
3160 4487 3259 4555 τήν
3310 4485 3601 4562 ἐξάγουσαν
3660 4487 3731 4548 εἰς
3772 4486 3825 4541 τὸ

442 4582 661 4637 idieum
695 4596 798 4636 seu
831 4580 1036 4635 fiscum
1067 4579 1290 4636 domini
1334 4578 1681 4650 peculiarem
1715 4578 1893 4633 ducit.
1937 4577 2091 4632 Heb-

441 4669 685 4727 domarii
718 4674 911 4725 autem
946 4669 1187 4726 coetonis
1219 4673 1522 4736 acceptum
1547 4683 1580 4722 ο.
1607 4666 1880 4722 vestiario
1901 4681 2089 4724 scara-

440 4758 741 4831 mangium
798 4759 1159 4831 imperatoris
1205 4758 1507 4830 deponunt
1537 4756 1597 4812 in
1639 4772 1893 4822 scamno,
1932 4757 2087 4827 quod

438 4852 528 4903 est
558 4854 717 4904 extra
748 4853 975 4919 portam
1017 4856 1342 4919 argenteam
1382 4845 1614 4902 caelonis
1643 4844 1827 4913 illam,
1861 4860 1983 4916 quae
2026 4844 2085 4900 in

437 4936 966 5008 cbrysotriclinium
1048 4937 1259 4993 educit.
1343 4940 1595 4992 Deeursa
1664 4934 1847 5007 prima
1919 4933 2084 5000 hora,

432 5027 592 5086 venit
621 5027 1019 5084 diaetariorum
1051 5024 1443 5098 primicerius,
1476 5029 1533 5081 et
1564 5040 1698 5081 cum
1721 5022 1878 5080 clave
1902 5022 2084 5081 obicis

2201 4568 2401 4626 είὸικὸν
2452 4571 2653 4643 πύλην’
2700 4573 2750 4627 οἱ
2794 4570 2849 4629 δὲ
2876 4578 2973 4629 τοῦ
3013 4578 3279 4636 κοιτῶνος
3310 4570 3632 4651 ἑϐδομάριοι
3660 4576 3824 4651 α’ίρου-

2201 4680 2283 4714 σιν
2315 4657 2420 4715 eius
2466 4664 2563 4715 τοῦ
2617 4660 2924 4736 βεστιαρίου
2968 4662 3030 4718 τὸ
3077 4667 3175 4718 τοῦ
3219 4661 3490 4738 βασιλέως
3522 4664 3824 4739 σκαραμάγ-

2197 4771 2335 4827 γιον,
2385 4749 2473 4804 καὶ
2524 4748 2883 4829 ἀποφέροντες
2930 4751 3163 4807 τιθέασιν
3213 4751 3344 4808 αὐτὸ
3398 4752 3476 4815 εἷς
3505 4754 3567 4809 τὸ
3592 4756 3820 4829 σκάμνον

2195 4839 2258 4895 τὸ
2289 4836 2389 4909 ἔξω
2419 4844 2524 4893 τῶν
2564 4840 2813 4913 ἀργυρῶν
2848 4841 3036 4896 πυλῶν
3090 4846 3187 4898 τοῦ
3238 4847 3497 4905 κοιτῶνος
3529 4843 3821 4917 ἱστάμενον,

2197 4926 2449 5001 δηλονότι
2511 4933 2619 4984 τῶν
2676 4926 2973 5003 ἐξαγόντων
3032 4931 3107 4995 εἰς
3183 4932 3274 4988 τὸν
3354 4932 3817 5012 χρυσοτρίκλινον.

2195 5017 2299 5076 Καὶ
2346 5025 2448 5088 τῆς
2481 5019 2705 5094 πρώτης
2757 5018 2901 5093 ὣρας
2949 5019 3367 5095 πληρουμένης,
3410 5021 3630 5100 ἔρχεται
3672 5026 3700 5079 ὁ
3728 5023 3820 5079 τῶν

1805 5178 2039 5235 νΑΗΙᾸΞ
2079 5175 2493 5233 LECTIONES.

494 5311 519 5345 ⁴
550 5313 765 5386 ΣΧΟΛ,
798 5311 1021 5385 Ἰστέον,
1054 5310 1137 5366 ὅτι
1166 5316 1265 5382 τῆς
1301 5307 1550 5387 μεγάλης
1583 5306 1849 5382 ἑταιρείας
1869 5301 2192 5379 ἐϐδομάριοι
2232 5301 2423 5358 ἒῶνται
2452 5303 2763 5375 καθέζεσθαι
2808 5306 2895 5364 ἐπὶ
2929 5313 3026 5364 τοῦ
3058 5309 3281 5388 ῥαφείου

1472 5465 1669 5523 JOAN.
1711 5462 1855 5521 JAC.
1898 5463 2164 5521 REISKII
2203 5462 2777 5524 COMMENTARIUS.

490 5619 603 5689 (63)
648 5618 708 5696 I_d
756 5621 852 5696 est
887 5616 1131 5696 ραιρείου.
1182 5617 1328 5696 _Puto
1359 5614 1562 5696 locum
1606 5612 1808 5680 fuisse,
1852 5609 1950 5668 ubi
1997 5616 2247 5668 sartores
2286 5609 2618 5685 imperiales
2661 5613 2956 5673 ofﬁcinam
2998 5615 3311 5689 habebant,
3355 5618 3451 5674 ubi
3492 5621 3678 5676 vestes
3720 5631 3814 5673 au-

416 5690 540 5752 lica
572 5688 624 5749 et
653 5688 906 5750 donariis
935 5688 1468 5751 cbnsarciebantur.
