4060 6214
271 323 388 386 993

1150 319 1252 381 DE
1294 315 1754 382 CERIMONIIS
1793 315 2030 380 AULE
2071 315 2549 379 ΒΥΖΑΝΤΙΝᾸΞ
2590 319 2742 380 LIB.
2785 320 2863 382 ll.

278 454 408 530 μνὸν
451 449 882 531 χρυσοῦφαντον,
932 447 1141 514 πλάτος
1191 447 1320 525 ἔχον
1367 451 1498 505 ὡσεὶ
1547 446 1833 506 δακτύλων
1866 446 1930 520 δ’,

2065 452 2338 518 nentum,
2368 450 2526 524 quod
2554 451 2922 510 rectoricium
2953 453 3304 526 appellatur,
3335 456 3449 529 ipsi
3477 461 3679 518 tradit.

274 544 364 600 καὶ
419 543 613 619 μικρόν
656 543 709 597 τί
759 537 847 596 ἒπὶ
895 545 1014 602 τοῖς
1071 536 1250 615 ὤμοις
1308 538 1750 612 ἐπεκτεινόμενον
1798 538 1934 611 μετὰ

279 635 370 689 καὶ
429 630 812 708 άκρομανίκων
869 629 1301 705 χρυσοῦφάντων
1367 632 1579 702 σεμνῶν
1623 629 1714 684 καὶ
1772 627 1935 703 ὅρνας

277 724 748 803 χρυσοῦφάντους.
812 720 1066 776 Γονάτεια
1096 717 1154 774 δὲ
1191 718 1292 774 οὐκ
1338 716 1478 798 ἔχει,
1527 720 1708 783 καθὼς
1753 718 1938 773 καὶτὰ

279 818 389 870 τῶν
439 810 718 887 εὐνούχων
785 808 1285 884 πρωτοσπαθαρίων
1335 809 1424 862 καὶ
1489 809 1554 863 τὰ
1601 813 1710 863 τῶν
1773 806 1937 883 μαγί-

283 924 456 979 στρων
491 901 768 976 στιχάρια.
819 899 920 956 Καὶ
969 901 1132 954 τοῦτο
1181 896 1240 953 ἐκ
1294 898 1480 973 χειρὸς
1519 901 1618 952 τοῦ
1664 895 1938 972 βασιλέως

285 991 572 1065 δεξάμενος
602 990 690 1046 ἐπὶ
719 996 819 1058 τῆς
849 995 956 1065 γῆς
986 993 1296 1063 προσκυνεῖ,
1325 988 1414 1042 καὶ
1437 987 1590 1066 φιλεῖ
1607 985 1732 1050 τοὺς
1764 984 1935 1049 πόδας

287 1086 381 1137 τοῦ
417 1078 687 1155 βασιλέως
734 1079 824 1134 καὶ
877 1077 944 1132 τά
983 1079 1202 1153 γόνατα,
1245 1076 1452 1152 ὁμοίως
1483 1077 1572 1132 καὶ
1607 1081 1702 1132 τοῦ
1737 1079 1934 1151 μικροῦ

291 1167 583 1249 βασιλέως·
633 1169 722 1224 καὶ
779 1169 914 1241 μετά
959 1169 1125 1222 ταῦτα
1171 1165 1446 1243 ἐξάγουσιν
1494 1165 1655 1222 αὐτὸν
1694 1167 1746 1220 οἱ
1776 1185 1942 1241 πραι-

287 1261 501 1316 πόσιτοι
534 1258 610 1320 εἷς
650 1257 712 1312 τὸ
763 1255 938 1332 βῆλον
981 1256 1044 1312 τὸ
1094 1257 1228 1331 πρὸς
1271 1256 1336 1311 τὸ
1382 1256 1769 1330 ἀριστητήριον
1801 1257 1941 1328 (87),

287 1349 454 1426 ἤγουν
513 1346 816 1425 ἔμπροσθεν
889 1350 986 1401 τοῦ
1055 1349 1336 1413 κοιτῶνος,
1398 1344 1614 1401 κάκεῖσε
1669 1341 1945 1400 ένδόουσιν

291 1439 448 1494 αὐτὸν
475 1437 540 1493 τὸ
568 1440 816 1492 τοιοῦτον
867 1435 1112 1510 ἱμάτιον,
1152 1433 1242 1489 καὶ
1284 1432 1450 1490 πάλιν
1505 1433 1808 1511 εἷ’σάγουσιν
1846 1432 1943 1488 αὖ·

289 1529 381 1583 τὸν
415 1529 491 1590 εἷς
521 1526 614 1582 τὸν
647 1523 897 1602 βασιλέα,
945 1526 1036 1580 καὶ
1086 1524 1300 1580 πίπτων
1350 1528 1644 1599 προσκυνεῖ
1670 1524 1760 1577 καὶ
1793 1526 1944 1597 φιλεῖ

292 1616 420 1680 τοὺς
467 1613 636 1678 πόδας
685 1614 775 1670 καὶ
823 1615 890 1669 τά
935 1613 1136 1690 γόνατα
1201 1617 1299 1669 τοῦ
1352 1610 1595 1688 μεγάλου
1651 1609 1944 1688 βασιλέως,

295 1705 501 1780 ὁμοίως
550 1703 640 1760 καί
689 1708 788 1759 τοῦ
841 1707 1064 1778 μικροῦ,
1113 1703 1200 1758 καὶ
1252 1699 1483 1757 ἰπιδίδει
1530 1702 1690 1757 αὐτὸν
1719 1702 1748 1756 6
1792 1702 1945 1765 βασι-

2043 538 2142 595 Est
2168 545 2364 597 autem
2398 541 2543 598 illud
2593 543 2927 611 candidum,
2960 543 3181 600 habens
3213 545 3502 617 pbialium
3551 550 3680 621 [seu

2042 633 2274 702 tegmen
2305 633 2534 704 capitis]
2560 648 2838 704 perquam
2863 632 3404 705 splendidum,auro
3433 641 3680 709 textum,

2043 721 2114 776 ad
2148 727 2399 793 quatuor
2427 722 2744 794 digitorum
2768 723 3224 792 latitudinem,in
3259 726 3517 785 humeris
3541 746 3685 786 non-

2047 809 2192 864 nihil
2223 809 2444 881 largius
2473 827 2809 869 excurrens.
2833 813 3018 869 Habet
3047 813 3198 872 idem
3229 832 3463 889 quoque
3493 818 3683 874 mani-

2046 914 2245 954 carum
2276 900 2694 968 extremitates,
2724 917 2865 958 auro
2895 907 3079 960 textas
3111 919 3390 977 perquam
3420 907 3685 978 splendi-

2047 988 2176 1054 das,
2206 996 2260 1044 et
2308 988 2520 1046 limbos
2567 990 2748 1046 vestis
2794 1006 2933 1047 auro
2983 995 3191 1049 textos.
3238 994 3520 1053 Genualia
3566 1013 3685 1054 non

2046 1077 2740 1150 babet,quemadmodum
2761 1096 2951 1152 neque
2967 1083 3367 1140 cunuchorum
3390 1091 3687 1157 protospa—

2045 1166 2394 1234 tbariorum,
2445 1184 2634 1241 neque
2674 1169 3085 1242 magistrorum
3143 1173 3426 1230 sticharia
3469 1191 3535 1231 ea
3583 1175 3686 1232 ha-

2049 1254 2626 1314 bentJndumentum
2653 1258 2758 1314 hoc
2788 1275 2820 1315 e
2846 1274 3019 1315 manu
3052 1260 3415 1333 imperatoris
3444 1264 3688 1321 senioris

2048 1348 2490 1408 nactus.adorat
2517 1363 2652 1403 eum
2685 1348 3171 1421 bumi,pedesque
3192 1355 3250 1407 et
3279 1367 3470 1423 genua
3497 1352 3688 1426 ipsius

2049 1434 2365 1504 osculatur,
2393 1440 2450 1491 et
2481 1435 2754 1509 deinceps
2797 1437 2953 1493 idem
2985 1453 3217 1511 quoque
3239 1439 3458 1510 juniori
3492 1441 3689 1514 impe-

2051 1525 2229 1581 ratori
2282 1524 2458 1591 facit;
2496 1532 2553 1581 et
2598 1525 2684 1582 sic
2733 1527 2993 1582 educunt
3039 1528 3230 1598 ipsum
3289 1529 3578 1602 prapositi
3629 1529 3691 1587 in

2051 1613 2267 1684 velum,
2297 1614 2453 1687 quod
2485 1616 2556 1670 ad
2587 1615 2977 1672 aristeterium
3021 1632 3122 1674 seu
3154 1619 3525 1689 pransorium
3554 1635 3693 1692 spe-

2053 1707 2192 1769 ctat,
2226 1706 2328 1759 aut
2375 1704 2530 1775 quod
2580 1710 2712 1760 ante
2758 1708 3045 1762 catonem
3093 1711 3201 1764 est.
3244 1707 3331 1764 Ibi
3379 1714 3693 1782 postquam

295 1794 420 1858 λεὺς
467 1795 530 1850 τὸ
575 1791 1134 1870 χρυσοπερίκλειστον
1181 1791 1426 1865 μαντίον,
1483 1791 1572 1846 καὶ
1610 1785 1944 1866 περιϐάλλε-

2065 1793 2377 1890 induerunt
2425 1793 2558 1890 ipsi,
2615 1793 2770 1866 quod
2817 1794 2990 1851 modo
3035 1795 3473 1869 descripsimus,
3521 1799 3698 1856 indu-

295 1905 384 1941 ται
431 1883 561 1940 αὐτὸ
607 1884 754 1958 παρά
798 1885 896 1938 τοῦ
949 1881 1334 1956 πραιποσίτου,
1387 1879 1475 1936 καὶ
1522 1878 1688 1936 πάλιν
1733 1880 1949 1936 πίπτων

2065 1882 2731 1951 mentum,introducunt
2758 1898 2895 1939 eum
2925 1899 3133 1941 rursus
3153 1885 3225 1941 ad
3257 1884 3694 1958 imperatorem.

301 1976 591 2049 προσκυνεῖ
635 1971 725 2028 καὶ
775 1971 927 2051 φιλεῖ
976 1968 1103 2033 τοὺς
1152 1967 1322 2032 πόδας
1363 1969 1454 2024 καὶ
1504 1969 1570 2025 τὰ
1617 1970 1821 2044 γόνατά
1854 1972 1951 2024 τοῦ

309 2061 546 2138 μεγάλου
581 2059 870 2138 βασιλέως,
903 2059 1110 2133 ὁμοίως
1153 2059 1244 2114 καὶ
1290 2063 1388 2114 τοῦ
1421 2062 1639 2134 μικροῦ.
1672 2058 1806 2115 Εἶτα
1836 2057 1952 2114 ἐπι-

307 2149 526 2208 δίδωσιν
562 2151 722 2206 αὖτὸν
751 2151 779 2204 6
814 2147 1066 2225 βατιλεὺς
1115 2148 1379 2227 μαφόριον
1432 2150 1542 2222 (88)
1590 2147 1710 2217 ὀξὺν
1742 2168 1953 2226 πορφυο

305 2245 451 2318 ροῦν,
483 2237 612 2316 ἔχον
653 2237 722 2294 δι’
776 2237 910 2295 ὅλου
962 2239 1368 2314 χρυσοκέντητα
1397 2235 1530 2316 ῥόδα
1557 2235 1715 2308 δίκην
1747 2236 1959 2308 λουπη-

302 2329 519 2403 ναρίων.
569 2327 789 2396 ’1στὲον,
839 2327 922 2383 ὅτι
971 2328 1061 2383 καὶ
1106 2328 1169 2383 τὸ
1223 2326 1438 2401 μαντίον
1471 2325 1562 2382 καὶ
1591 2328 1654 2382 τὸ
1688 2325 1955 2404 μαφόριον

305 2420 333 2475 6
364 2416 724 2496 πραιπόσιτος
779 2413 1010 2473 ἐπιδίδει
1060 2418 1152 2472 τὸν
1218 2414 1465 2492 βασιλέα.
1495 2417 1565 2470 Τὸ
1615 2413 1673 2470 δὲ
1708 2419 1959 2472 τοιοῦτον

307 2507 579 2584 μαφόριον
629 2505 682 2560 ἐν
729 2509 799 2580 τῇ
853 2501 1108 2581 προϐολῇ
1152 2505 1290 2581 πρὸς
1340 2506 1474 2575 ἅπαξ
1523 2505 1614 2560 καὶ
1663 2504 1848 2578 μόνον.
1882 2503 1960 2562 Οὐ

304 2593 694 2672 περιϐάλλεται
725 2593 782 2651 δὲ
813 2592 936 2651 οὔτε
983 2594 1034 2650 ἐν
1073 2598 1141 2669 τῇ
1193 2594 1538 2671 προελεύσει,
1570 2593 1695 2650 ὀῦτε
1725 2593 1776 2650 ἐν
1810 2592 1958 2668 ἄλλῃ

305 2691 452 2761 ᾔτινι
499 2685 559 2742 ἂν
591 2688 615 2722 ⁸
646 2684 738 2742 οὖν
790 2685 989 2761 ἡμέρᾳ.
1041 2684 1148 2741 Καὶ
1197 2680 1592 2759 περιϐάλλεται
1638 2685 1702 2740 τὸ
1746 2687 1962 2740 τοιοῦτο

316 2777 580 2854 μαφόριον
629 2775 776 2850 παρὰ
821 2778 930 2829 τῶν
981 2773 1353 2847 πραιποσίτων
1403 2773 1509 2828 ἀπὸ
1557 2779 1656 2842 τῆς
1695 2772 1964 2852 κεφαλῆς,

315 2864 455 2922 ὥστε
498 2865 562 2920 τὸ
609 2869 712 2918 πᾶν
747 2863 918 2919 αὐτοῦ
967 2866 1127 2935 σῶμα
1175 2859 1678 2936 συγκαλύπτεσθααι
1737 2862 1840 2917 ὑπὸ
1869 2865 1966 2916 τοῦ

315 2952 570 3012 τοιούτου
605 2951 894 3030 μαφορίου.
949 2950 1050 3009 Καὶ
1100 2949 1265 3007 πάλιν
1311 2950 1524 3006 πίπτων
1563 2956 1851 3026 προσκυνεῖ
1878 2949 1968 3005 καὶ

321 3044 472 3120 φιλεῖ
495 3044 622 3104 τοὺς
659 3040 831 3104 πόδας
878 3041 971 3096 καὶ
1017 3041 1084 3095 τὰ
1130 3042 1330 3118 γόνατα
1377 3044 1473 3094 τοῦ
1524 3039 1765 3116 μεγάλου
1817 3040 1970 3115 βασι-

323 3132 488 3202 λέως,
520 3131 726 3204 ὁμοίως
758 3130 846 3186 καὶ
879 3133 975 3185 τοῦ
1010 3133 1231 3204 μικροῦ,
1278 3130 1368 3184 καὶ
1419 3129 1516 3184 εἶθ’
1546 3129 1718 3190 οὕτως
1750 3127 1971 3204 ἐξάγου-

319 3245 400 3278 σιν
433 3221 593 3276 αὐτὸν
645 3221 697 3275 οἱ
745 3219 1100 3294 πραιπόσιτοι
1150 3216 1240 3274 διὰ
1284 3216 1383 3274 τοῦ
1431 3218 1740 3294 ὡρολογίου
1773 3216 1849 3281 εἷς
1876 3216 1966 3271 τὸν
2001 3202 2045 3271 C

320 3312 631 3384 λαυσιακὸν,
688 3309 778 3366 καὶ
832 3310 1220 3387 ἀπευχαριστεῖ
1273 3314 1418 3365 πᾶσα
1465 3311 1500 3379 ἡ
1545 3307 1848 3382 σύγκλητος
1875 3306 1966 3363 τὸν

325 3400 570 3479 βασιλέα,
642 3400 732 3456 καὶ
799 3400 1091 3472 ἀσπάζεται
1141 3401 1324 3469 αὐτὸν,
1397 3399 1485 3455 καὶ
1557 3397 1968 3474 συγκαθέξεσοαι

322 3491 405 3550 δεῖ
451 3493 608 3549 αὐτὸν
660 3491 712 3548 ἐν
759 3498 839 3567 τῷ
884 3491 1167 3566 λαυσιακῷ
1210 3496 1331 3554 τοῖς
1377 3490 1760 3567 πραιποσέτοις
1811 3488 1862 3545 ἐν
1900 3494 1971 3564 τῇ

324 3582 433 3656 ἰδίᾳ
486 3584 650 3639 αὐτοῦ
697 3585 865 3657 τάξει.
915 3581 1132 3650 Ἰστέον,
1200 3581 1283 3638 ὅτι
1333 3581 1416 3636 άεὶ
1475 3582 1504 3636 6
1564 3580 1798 3656 ῥαίκτωρ
1854 3584 1971 3641 τοῖς

321 3673 704 3749 πραιποσίτοις
732 3672 1114 3748 συγκαθέζεται
1144 3670 1197 3725 έν
1246 3674 1316 3744 τῇ
1367 3668 1688 3744 προελεύσει
1717 3671 1814 3723 τοῦ
1844 3666 1976 3723 λαυ-

325 3760 514 3818 σιακοῦ
543 3760 632 3816 καὶ
675 3758 728 3815 ἒν
757 3766 876 3823 ταῖς
910 3759 1130 3822 λοιπαῖς
1160 3757 1531 3837 προελεύσεσι.

2059 1975 2234 2043 Cujus
2265 1972 2384 2040 ille,
2418 1971 2584 2028 humi
2608 1972 2838 2044 jacens,
2871 1974 3046 2046 pedes
3077 1973 3373 2033 osculatur
3401 1980 3574 2048 atque
3605 1992 3700 2050 ge-

2062 2077 2201 2127 nua,
2255 2059 2498 2117 senioris
2555 2061 2814 2133 primum
2870 2065 2928 2119 et
2982 2073 3403 2136 consequenter
3444 2065 3700 2136 junioris

2063 2164 2316 2222 quoque.
2346 2149 2495 2205 Tum
2527 2149 2706 2206 tradit
2735 2149 2848 2222 ipsi
2899 2150 3172 2208 dominus
3221 2169 3364 2210 auro
3393 2153 3705 2211 circumse-

2067 2247 2230 2312 plum
2264 2238 2554 2294 mentium
2594 2239 2684 2296 vel
2733 2238 3000 2310 pallium,
3027 2242 3184 2314 quod
3232 2241 3344 2313 ipsi
3373 2242 3638 2314 protinus
3669 2260 3704 2300 a

2067 2328 2377 2400 praposito
2405 2327 2844 2400 circumjicitur.
2877 2331 2999 2396 Quo
3039 2331 3210 2399 facto,
3238 2331 3490 2402 procidit
3517 2331 3702 2402 humi,

2069 2419 2295 2487 adorat,
2327 2421 2386 2474 et
2428 2417 2726 2474 osculatur
2769 2418 2946 2489 pedes
2993 2427 3166 2492 atque
3215 2435 3408 2493 genus.
3455 2422 3706 2479 senioris

2068 2505 2440 2580 imperatoris
2471 2510 2528 2562 et
2563 2507 2815 2577 junioris
2850 2508 3082 2580 pariter.
3114 2508 3334 2566 Deinde
3376 2511 3551 2567 tradit
3594 2511 3708 2584 ipsi

2069 2596 2390 2668 imperator
2420 2594 2787 2668 mapborium
2821 2596 2944 2667 [seu
2991 2596 3311 2670 bumerale]
3344 2615 3710 2673 purpureum

2070 2686 2251 2742 vividi
2317 2684 2586 2750 luminis,
2647 2689 2834 2740 totum
2889 2687 3042 2742 rosis
3107 2689 3297 2760 aureis
3351 2704 3459 2745 acu
3519 2688 3708 2761 pictis,

2071 2773 2231 2832 velut
2260 2773 2484 2846 lupinis
2510 2774 2774 2843 totidem,
2807 2775 3081 2834 obsitum.
3109 2775 3228 2834 Hoc
3259 2778 3628 2851 mapborium
3658 2787 3712 2837 et

2076 2864 2362 2922 mentium
2394 2863 2574 2919 tradit
2599 2865 2948 2936 praepositus
2993 2865 3369 2939 imperatori;
3404 2869 3712 2943 induitque

2075 2953 2389 3010 honoratus
2419 2952 2791 3024 mapborium
2823 2957 3233 3013 tantummodo
3262 2957 3465 3027 semel,
3494 2958 3554 3014 in
3587 2975 3716 3032 pro-

2079 3044 2337 3098 motione
2376 3039 2700 3109 nimirum;
2733 3042 3007 3114 deinceps
3038 3049 3229 3101 autem
3271 3062 3458 3118 neque
3489 3047 3548 3103 in
3584 3065 3715 3120 pro-

2081 3130 2368 3198 cessione,
2401 3145 2590 3201 neque
2619 3129 2740 3185 ullo
2770 3129 2884 3187 alio
2932 3131 3025 3188 die
3055 3133 3110 3188 id
3144 3132 3358 3190 induit.
3391 3135 3487 3191 Sic
3517 3142 3715 3193 autem

2081 3220 2140 3276 id
2171 3220 2283 3292 ipsi
2317 3227 2454 3276 tunc
2502 3218 2961 3276 circumvolvunt
2990 3221 3276 3292 propositi
3326 3223 3480 3280 circa
3520 3231 3718 3296 caput,

2080 3317 2142 3366 ut
2172 3315 2357 3365 totum
2387 3308 2516 3379 ejus
2547 3325 2760 3380 corpus
2789 3324 2856 3366 eo
2883 3309 3128 3366 veletur.
3158 3311 3276 3369 Hoc
3303 3312 3477 3381 facto,
3511 3329 3718 3372 rursus

2081 3398 2330 3473 procidit
2355 3403 2413 3455 et
2442 3397 2744 3454 osculatur
2772 3399 2950 3472 pedes
2982 3404 3038 3456 et
3065 3417 3254 3472 genua
3301 3401 3719 3475 imperatorum

2081 3488 2408 3547 successive
2457 3487 2765 3544 amborum
2807 3505 2822 3558 ;
2881 3493 2940 3544 et
2991 3493 3118 3546 tum
3177 3489 3415 3548 tandem
3465 3494 3721 3550 educunt

2080 3578 2278 3652 ipsum
2335 3577 2631 3652 praepositi
2689 3593 2788 3649 per
2857 3577 3222 3652 horologium
3269 3581 3328 3637 in
3377 3581 3718 3640 lausiacum.

2081 3667 2259 3724 Totus
2291 3671 2525 3724 senatus
2557 3667 2712 3723 806
2743 3667 2816 3724 ad
2847 3667 2971 3724 hanc
2991 3670 3210 3741 gratias
3239 3671 3361 3743 agit
3391 3671 3720 3743 imperatori

2085 3773 2189 3829 pro
2220 3757 2355 3812 dato
2384 3761 2625 3825 rectore,
2651 3763 2706 3812 et
2735 3755 2948 3812 salutat
2997 3756 3366 3824 honoratum,
3395 3760 3494 3829 qui
3524 3777 3630 3816 sua
3659 3761 3721 3817 in

327 3853 465 3910 sede
521 3856 578 3909 et
630 3851 834 3907 ordine
881 3851 1214 3924 praepositis
1245 3851 1306 3906 in
1353 3848 1612 3906 lausiaco
1671 3847 1910 3904 assidet.
1941 3848 2183 3918 Semper
2237 3842 2391 3901 enim
2435 3843 2656 3900 assidet
2699 3849 2886 3902 rector
2931 3846 3277 3918 praepositis,
3310 3849 3432 3905 tam
3482 3847 3540 3904 in
3588 3863 3724 3904 con-

329 3949 502 4002 ventu
530 3944 590 4000 in
621 3943 966 4013 lausiacum,
999 3958 1174 4014 quam
1204 3941 1266 3998 in
1298 3940 1426 3997 aliis
1453 3939 1947 4013 processionibus.

961 4033 1221 4091 ΚΕΦΑΛ.
1274 4032 1346 4088 E’.

328 4126 470 4185 Ὅσα
516 4122 599 4180 δεῖ
645 4121 1080 4199 παραφυλάττειν
1149 4121 1236 4178 ἐπὶ
1300 4122 1600 4196 προαγωγῇ
1651 4115 1976 4193 συγκέλλου.

401 4213 627 4271 Κελεύει
693 4214 721 4268 ὁ
800 4211 1056 4288 βασιλεὺς
1131 4215 1211 4284 τῷ
1275 4208 1822 4285 παραδυναστεῦοντι,
1889 4206 1978 4262 καὶ

2734 4025 2964 4082 CAPUT
3001 4028 3072 4084 ν.

2389 4115 2742 4177 Observanda
2772 4118 2832 4171 in
2860 4115 3133 4173 creatione
3159 4117 3426 4190 Syncelli.

2157 4207 2327 4264 Jussu
2349 4205 2718 4279 imperatoris
2739 4205 3053 4262 introducit
3075 4208 3252 4278 parad
3261 4211 3583 4279 ynastenon
3599 4209 3727 4282 [seu

333 4303 534 4379 εἰσάγει
607 4303 699 4359 τὸν
772 4284 1131 4378 όιρειλὸμενον
1188 4284 1574 4377 προϐληθῆναι
1652 4295 1951 4374 σῦγκελλον

2087 4297 2316 4370 imperii
2347 4295 2606 4369 consors]
2637 4311 2796 4367 eum,
2840 4296 2942 4369 qui
2971 4295 3144 4353 debet
3186 4295 3480 4369 syncellus
3523 4297 3728 4359 creari.

1689 4446 1929 4504 VARle
1969 4442 2385 4502 LEGTIONES.

403 4553 425 4590 ⁸
453 4553 564 4613 Sic.
591 4553 742 4626 conj.
773 4553 864 4620 3.,
897 4546 1045 4624 ἄλλῃ
1075 4548 1257 4604 τοίνυν
1287 4548 1349 4604 ἃν
1379 4550 1504 4607 cod.

1365 4668 1566 4726 JOAN.
1605 4667 1754 4727 JAC.
1805 4662 2066 4723 REISKII
2105 4659 2704 4719 COMMENTARIUS.

338 4787 450 4836 tur.
483 4807 550 4820 -
583 4779 846 4847 Amictus,
881 4792 984 4848 quo
1014 4777 1266 4833 sacerdos
1289 4781 1452 4848 caput
1481 4773 1985 4848 obnubilat.Corri-

339 4857 511 4924 gatur
532 4849 689 4924 binc
709 4845 868 4924 locus
888 4845 1213 4924 ‘In-nocenti
1245 4845 1771 4924 Ill,’de_myst_eriis
1798 4845 1984 4924 Missis

341 4914 492 4993 apud
530 4922 608 4977 Du
653 4921 939 4992 Cangium
969 4920 1008 4976 l.
1050 4935 1102 4978 ο.
1156 4920 1389 4993 Legitur
1435 4919 1513 4975 ibi
1544 4914 1565 4972 Ξ
1597 4917 1708 4993 duo
1751 4914 1982 4993 vasculi,

345 4987 809 5067 quibusamictus'
825 5003 973 5067 _ante
1011 4999 1202 5067 pectus
1233 4987 1468 5067 figatur,
1509 4993 1620 5067 etc.
1673 4987 1984 5067 Durandus

343 5059 630 5136 funiculo:
657 5059 1080 5136 autichordulos
1099 5059 1524 5134 appellat.Ergo
1556 5059 1868 5136 legendum
1898 5060 1988 5136 est

346 5129 452 5193 duo
482 5135 907 5192 nastuliﬂastel
930 5140 1020 5206 est
1052 5129 1294 5206 longum
1324 5141 1385 5206 et;
1409 5129 1788 5206 tenuelorum
1809 5129 1987 5186 coria-

345 5222 659 5280 ceum,quo
687 5222 738 5263 e.
772 5222 824 5262 c.
855 5205 1034 5280 calcei
1060 5203 1221 5280 apud
1243 5204 1517 5280 rusticos,
1548 5203 1690 5259 item
1722 5207 1986 5280 pectora-

346 5273 1047 5354 lia_juvénum_et__mitraa
1079 5273 1258 5354 o'ostis
1305 5275 1666 5354 balaenarum
1718 5273 1985 5354 ditl'ertes,

342 5345 560 5424 quibus
591 5348 915 5424 domicellaa
947 5348 1238 5424 mamillae
1265 5349 1576 5424 castigant,
1609 5347 1696 5424 die
1725 5345 1990 5424 Schm'er-

345 5418 535 5488 l'eiber,
569 5438 670 5491 per
699 5420 989 5478 foramina
1021 5420 1301 5491 utrinque
1347 5421 1550 5476 crebra
1580 5418 1823 5491 trajecta
1848 5432 1991 5491 con-

344 5487 762 5568 stringuntur:
793 5492 940 5568 Hinc
969 5492 1144 5549 Nam!
1192 5487 1480 5568 Knapfen,
1512 5487 1730 5568 nodum
1777 5489 1835 5568 in
1867 5487 1989 5568 loro

347 5558 533 5622 facere
557 5583 574 5633 ;
603 5564 694 5621 die
713 5563 899 5622 Neue!
930 5579 1046 5635 pro
1065 5569 1215 5621 reste
1251 5558 1562 5635 patibulari
1591 5561 1732 5635 olim
1764 5558 1994 5635 d_ic_eb_a-

346 5629 621 5708 tur._Vid.
645 5636 732 5694 Du
765 5629 958 5708 Gange
984 5633 1175 5708 Gloss.
1194 5629 1320 5695 Lat.
1346 5650 1403 5694 v.
1435 5633 1657 5692 Nauali
1687 5636 1745 5689 et
1773 5629 1988 5688 Friscb.

352 5706 543 5764 Lexic.
579 5707 855 5766 German.
884 5706 939 5764 ὗ.
970 5707 1166 5764 Nemi.

2165 4768 2276 4837 (87)
2332 4763 3198 4838 Pransoriumdpmgpvaut
3251 4766 3400 4837 apud
3461 4771 3544 4823 Du
3595 4766 3740 4824 Can-

2095 4836 2357 4913 giuggag
2391 4838 2554 4913 Alex.
2583 4853 2638 4908 p.
2673 4836 2797 4904 tu,
2817 4843 2874 4893 et
2903 4836 3032 4913 om,
3065 4836 3484 4913 Cbr_ist.’p._t21
3523 4841 3580 4894 et
3611 4840 3736 4895 123.

2163 4910 2280 4984 (88)
2310 4910 2412 4966 Est
2459 4907 2830 4984 depravatum
2877 4923 2945 4964 ex
2991 4907 3329 4984 ὠμοφόριον.
3360 4911 3624 4984 ΔΑρριιιηᾷῤ
3670 4927 3740 4966 ex

2093 4979 2270 5055 paulo
2303 4984 2436 5054 post
2463 4979 3092 5055 seduentibusmestem
3122 4979 3270 5055 hanc
3295 4979 3479 5036 fuisse
3499 4982 3738 5055 pallam,

2095 5049 2223 5126 qua
2255 5049 2431 5109 totum
2455 5049 2672 5126 corpus
2696 5051 2966 5126 ambiret,
2995 5049 3104 5126 ἀπὸ
3133 5054 3235 5116 τῆς
3264 5049 3518 5126 κεφαλῆςῖ
3537 5051 3600 5106 τὸ
3633 5055 3736 5126 πᾶν

2095 5119 2273 5196 αὐτοῦ,
2293 5127 2455 5195 σῶμα
2484 5119 2974 5196 συγκαλύπτεσθαι.
3007 5125 3279 5196 Adeoque
3326 5119 3547 5196 fuitgid,
3582 5124 3738 5194 quod

2094 5195 2280 5253 Latini
2308 5193 2986 5266 ﬂaccum—appellabant.
3018 5195 3124 5251 Est
3172 5193 3366 5251 autem
3409 5193 3743 5251 clocca’vox

2096 5266 2463 5338 Germanica,
2489 5281 2834 5338 campanam
2868 5271 3167 5333 notans,et
3187 5266 3260 5322 ad
3289 5267 3418 5337 ejus
3448 5267 3634 5338 instar
3664 5267 3743 5323 fa-

2097 5349 2252 5396 ctum
2282 5337 2514 5412 pallium
2543 5337 2698 5412 circa
2727 5339 2939 5412 collum
2971 5338 3461 5412 angustius,inf_ra
3488 5337 3664 5412 latius
3687 5343 3744 5412 et
3841 5395 3846 5400 .

2097 5409 2440 5484 peerrbenir
2479 5410 2782 5484 ambiens;
2814 5410 2928 5484 vid.
2970 5415 3059 5466 Du
3091 5413 3290 5484 _Cang_e
3335 5410 3407 5466 ad
3459 5409 3616 5484 Alex.
3667 5410 3740 5484 a_d

2100 5479 2158 5552 ᾖ.
2190 5480 2583 5557 329,__330,ubi
2613 5483 2767 5557 quod
2795 5480 2926 5557 aliis
2956 5479 3390 5557 est‘dipozpo'ptov
3419 5479 3741 5557 {1796;036-

2100 5531 3298 5628 ξδυῖείιτίίξῖέέῖζμξξέιδνῖιιξᾱττέιιῐιιιέῑ
3317 5531 3391 5611 εδ
3423 5531 3639 5624 ὲὸἱίριξ
3664 5531 3738 5606 ιι.

2103 5626 2245 5698 Aug.
2288 5629 2330 5682 t.
2367 5624 2438 5691 ll,
2471 5624 2685 5697 p.542.

3561 326 3684 388 994
3797 357 3816 371 ο
