4060 6214
432 347 552 409 999

1479 336 1997 399 CONS'I‘ANTINI
2043 331 2755 400 PORPHYROGENITI

3666 338 3801 401 1000

362 518 365 521 -
434 482 536 540 SS.
569 478 978 551 Apostolorum
1007 491 1109 549 per
1134 473 1530 547 viam,quae[ad
1545 474 1701 531 mdes
1716 477 1772 531 8.
1805 473 2075 544 Joannis,

2192 477 2335 528 κεῖσε
2372 476 2481 528 τῶν
2521 471 2711 529 ’ίππων
2758 466 3062 536 ἀποϐάντες
3112 472 3450 549 εἰσέρχονται
3483 470 3571 529 διὰ
3599 478 3685 543 τῆς
3717 499 3804 550 με-

435 571 494 627 in
524 567 820 639 xeroeepio
851 566 1034 622 ducit.
1068 563 1144 621 Ut
1174 579 1350 637 prepe
1379 568 1663 619 venerunt
1693 564 1764 619 ad
1797 563 1899 621 SS.
1933 565 2080 637 Apo-

433 658 637 724 stolos,
669 657 1027 714 descendunt
1057 671 1125 710 ex
1151 654 1334 726 equis,
1364 661 1417 708 et
1436 654 1658 709 intrant
1681 670 1780 725 per
1805 670 2078 725 magnam

437 755 655 821 portam
694 745 1012 818 baptisterii
1044 745 1101 800 in
1128 743 1489 809 narthecem,
1512 741 1988 816 declinantesque
2006 744 2078 799 ad

430 838 729 894 sinistram
767 851 970 891 versus
1005 835 1285 890 orientem
1332 832 1597 903 ejusdem
1650 832 1940 888 narthecia
1989 832 2078 887 in-

431 932 589 985 trant
616 928 770 984 intra
798 926 992 983 velum
1019 922 1097 979 ibi
1130 938 1500 994 suspensum,
1535 925 1688 976 retro
1730 923 1884 993 quod
1925 921 2078 977 sellae

429 1015 764 1089 imperiales
800 1015 1000 1086 posite
1041 1017 1222 1077 stant,
1267 1016 1326 1066 et
1356 1015 1678 1082 praeparata
1708 1009 1854 1082 ipsis
1881 1010 2080 1082 jacent

431 1123 539 1163 sua
569 1098 903 1173 mutatoria,
928 1104 1296 1173 induuntque
1324 1099 1401 1155 ibi
1425 1100 1705 1155 dibetesia
1725 1116 1833 1155 sua
1854 1105 1910 1155 et
1926 1099 2079 1156 chla-

432 1197 657 1269 mydes,
689 1199 747 1250 et
778 1194 862 1249 sic
893 1192 1165 1263 deinceps
1197 1190 1416 1245 intrant
1447 1188 1506 1243 in
1540 1205 1714 1244 neum
1749 1204 1851 1244 seu
1884 1188 2077 1244 navim

430 1287 529 1341 SS.
560 1282 995 1356 Apostolorum.
1029 1280 1112 1337 lbi
1146 1284 1280 1335 ante
1299 1282 1562 1334 sanctam
1589 1282 1814 1349 portam
1839 1286 1921 1334 ter
1942 1294 2074 1334 cum

430 1376 614 1432 cereis
645 1375 887 1430 adorant
916 1370 1303 1437 laudibusque
1341 1367 1637 1423 celebrant
1666 1368 1849 1423 Deum
1896 1384 2076 1440 genu-

432 1464 544 1520 bus
577 1463 760 1532 ﬂexis,
786 1466 911 1517 tum
934 1458 1232 1515 declinant
1252 1456 1320 1513 ad
1343 1456 1642 1513 sinistram
1667 1472 1866 1512 versus
1888 1455 2076 1512 orien-

414 1557 552 1610 ‘tem
586 1551 830 1609 bematis
856 1565 958 1606 seu
978 1546 1313 1615 tribunalis,
1334 1546 1489 1617 quod
1519 1544 1576 1599 in
1606 1544 1704 1601 illo
1726 1546 1946 1617 templo
1968 1549 2075 1616 est,

431 1648 488 1700 et
516 1643 835 1715 procedunt
864 1655 1067 1697 versus
1096 1635 1387 1710 sepulcra,
1420 1635 1478 1690 id
1510 1638 1596 1691 est
1624 1651 1826 1691 versus
1855 1638 1911 1691 S.
1937 1636 2078 1692 Con-

431 1732 776 1790 stantinum.
811 1729 915 1798 Ibi,
950 1730 1105 1785 intra
1136 1730 1359 1799 portam
1392 1726 1460 1780 ad
1492 1741 1559 1781 ea
1581 1725 1845 1797 sepulcra
1864 1725 2080 1781 ducen-

432 1830 568 1886 tem,
601 1820 815 1892 excipit
843 1833 940 1873 eos
977 1814 1306 1888 patriarcha
1338 1834 1352 1882 ;
1389 1830 1709 1884 rursusque
1739 1817 1851 1869 Deo
1884 1815 1941 1868 in
1983 1813 2079 1868 be-

433 1915 609 1981 mate,
652 1908 810 1982 quod
849 1906 929 1962 ibi
968 1909 1074 1977 est,
1129 1904 1284 1959 trina
1332 1919 1464 1959 cum
1520 1902 1696 1959 cereis
1744 1902 2083 1959 adoratione
2111 1874 2158 1940 Β

432 2005 659 2075 gratum
678 2005 731 2055 et
755 1999 1026 2053 devotum
1051 1998 1336 2051 testantur
1359 1993 1625 2049 animum
1646 1992 1967 2064 ;traditque
1992 2009 2088 2065 pa-

435 2088 681 2146 triarcha
702 2085 914 2144 seniori
937 2083 1173 2141 domino
1195 2082 1543 2155 thymiatum
1560 2097 1661 2138 seu
1682 2081 2081 2151 thuribulum;

433 2179 674 2252 quicum
707 2176 804 2233 ille
834 2183 887 2232 et
906 2177 1176 2231 sanctum
1200 2173 1373 2229 bema
1403 2174 1459 2228 et
1480 2171 1744 2244 tymbum
1772 2171 1973 2229 Leonis
1995 2189 2085 2228 or-

432 2269 667 2329 thodoxi
696 2266 920 2325 domini
944 2264 1150 2338 [patris
1173 2262 1539 2321 Constantini
1554 2262 2080 2335 Porphyrogeniti],

433 2366 488 2416 et
531 2361 745 2415 sanctas
792 2352 1182 2424 imperatricis
1229 2349 1684 2422 Theophanonis
1735 2349 1888 2405 808
1939 2351 2085 2421 [quas

434 2447 647 2505 Leonis
679 2461 821 2501 uxor
853 2444 1009 2514 fuit],
1034 2449 1085 2497 et
1108 2440 1329 2505 Basilii,
1370 2440 1514 2511 imp.
1554 2437 1861 2494 orthodoxi
1910 2443 2085 2510 atque

433 2538 589 2607 boni,
622 2544 675 2591 et
708 2534 939 2590 tandem
971 2527 1478 2602 primiCbristiani
1511 2528 1826 2598 magnique
1846 2526 2088 2599 impera-

435 2627 573 2682 toris
601 2621 987 2687 Constantini,
1022 2618 1207 2676 sancti
1237 2618 1398 2674 illius
1427 2622 1484 2673 et
1513 2616 1752 2689 gloriosi
1776 2616 2080 2689 principis,

434 2714 704 2787 tymhum
729 2713 1011 2768 incensat.
1037 2708 1169 2763 Post
1191 2706 1313 2762 haec
1338 2710 1567 2777 peracta
1588 2704 2085 2778 revertiturimpe-

435 2808 593 2861 rator
621 2817 752 2858 cum
772 2797 1127 2873 patriarcha.
1154 2796 1221 2851 Et
1249 2795 1341 2851 hic
1363 2793 1597 2866 quidem
1619 2794 1801 2850 intrat
1827 2793 1886 2850 in
1909 2794 2083 2850 bema

434 2893 534 2952 SS.
560 2888 995 2964 Apostolorum,
1022 2886 1272 2958 facitque
1294 2882 1781 2954 benedictionem,
1805 2887 1862 2941 et
1882 2883 2081 2956 psaltis

435 2984 729 3056 incipiunt
757 2978 1109 3051 troparium,
1155 2975 1312 3048 quod
1340 2975 1412 3031 ab
1442 2974 1535 3031 his
1579 2974 1770 3031 verbis
1808 2974 2036 3030 orditur
2067 2991 2081 3031 :

436 3096 466 3126 ι(
496 3072 698 3129 Crucis
728 3074 841 3126 tua
874 3066 1191 3139 imaginem
1215 3064 1273 3121 in
1295 3064 1438 3121 cmlo
1457 3063 1900 3136 contemplatus,
1927 3084 1954 3113 »
1970 3068 2081 3120 etc.

436 3166 758 3236 Imperator
782 3162 978 3216 autem
1008 3154 1279 3213 valedicit
1302 3160 1359 3210 et
1386 3153 1648 3210 osculum
1682 3153 1843 3226 pacis
1876 3154 2087 3224 imper-

2189 562 2369 638 γάλης
2399 561 2584 634 πύλης
2612 568 2709 620 τοῦ
2750 562 2989 639 λουτροῦ
3037 563 3088 619 έν
3124 569 3205 637 τῷ
3253 564 3513 638 νάρθηκι,
3540 566 3625 619 καὶ
3654 564 3814 622 ἐκνεύ-

2190 672 2340 707 ουσιν
2372 653 2623 727 ἀριστερὰ
2654 653 2788 727 πρὸς
2829 651 3105 723 ἆνατολήν
3137 657 3235 708 τοῦ
3289 652 3453 708 αὐτοῦ
3504 655 3747 727 νάρθηκος
3771 656 3812 711 ἐν

2187 746 2268 813 τῷ
2317 741 2487 797 ἐκεῖσε
2537 743 2864 815 κρεμαμένῳ
2920 742 3100 817 βήλῳ.
3151 743 3356 799 Ἐκεῖσε
3382 743 3488 817 γὰρ
3521 745 3610 797 καὶ
3636 747 3697 798 τὰ
3732 747 3810 820 βα.

2190 829 2376 885 σιλικᾶ
2418 828 2663 886 ἵστανται
2705 830 2900 886 «aut:
2955 833 3045 886 καὶ
3104 831 3171 887 τᾶ
3226 832 3437 888 τούτων
3492 833 3811 907 ηὐτρέπισται

2188 916 2487 991 ἀλλάξιμα,
2528 920 2616 974 καὶ
2674 917 3035 976 ἀλλάσσουσιν
3086 920 3153 975 τὰ
3208 942 3267 976 τε
3323 916 3621 991 διϐητήσια
3668 923 3810 978 αὐτῶν

2186 1009 2279 1063 καὶ
2326 1008 2420 1070 τὰς
2470 1006 2785 1083 χλαμύδας,
2834 1012 2925 1065 καὶ
2974 1010 3317 1087 εἰσέρχονται
3365 1010 3416 1065 έν
3468 1015 3552 1082 τῷ
3591 1017 3698 1083 ναῷ
3728 1019 3814 1067 τῶν

2187 1095 2385 1173 Ἀγίων
2440 1098 2815 1168 Ἀποστόλων,
2864 1104 2951 1155 καὶ
3003 1101 3109 1175 πρὸ
3158 1106 3267 1156 τῶν
3322 1101 3493 1177 ἁγίων
3544 1108 3711 1176 θυρῶν
3746 1100 3817 1157 διὰ

2186 1192 2286 1256 τῆς
2332 1191 2557 1261 τρισσῆς
2612 1189 2745 1262 μετά
2790 1194 2897 1244 τῶν
2946 1194 3132 1265 κηρῶν
3205 1192 3625 1263 προσκυνήσεως
3678 1191 3817 1247 ἀπευ-

2188 1280 2537 1351 χαριστοῦσιν
2585 1281 2665 1349 τῷ
2714 1282 2850 1349 Θεῷ,
2900 1279 2985 1333 καὶ
3043 1278 3349 1334 έκνεύουσιν
3400 1278 3654 1353 ἀριστερᾷ
3706 1282 3817 1349 πρὸς

2187 1362 2461 1435 ἀνατολὴν
2510 1370 2607 1420 τοῦ
2662 1366 2829 1421 αὐτοῦ
2882 1368 3155 1443 βήματος,
3210 1369 3301 1423 καὶ
3344 1367 3681 1444 ἀπέρχονται
3706 1372 3818 1445 πρὸς

2185 1453 2313 1517 τοὺς
2343 1454 2543 1532 τάφους
2578 1458 2712 1530 (99),
2739 1458 2909 1533 ἤγουν
2941 1458 3016 1519 εἲς
3044 1458 3135 1513 τὸν
3171 1461 3365 1533 ’Ἃγιον
3411 1465 3817 1518 Κωνσταντῑνον,

2188 1546 2414 1601 Κάκεῖσε
2444 1538 2594 1599 ἔνδον
2625 1552 2727 1615 τῆς
2771 1544 3093 1621 εἷ’σαγούσης
3137 1546 3320 1619 πύλης
3363 1544 3588 1624 δέχεται
3618 1549 3814 1611 τούτους

2188 1632 2215 1685 6
2263 1633 2637 1709 πατριάρχης,
2668 1634 2759 1688 καὶ
2808 1634 2973 1690 πάλιν
3034 1633 3087 1689 ἐν
3146 1636 3226 1707 τῷ
3276 1634 3448 1691 ἐκεῖσε
3504 1636 3705 1712 βήματι
3747 1634 3817 1690 διὰ

2186 1726 2285 1790 τῆς
2332 1728 2559 1796 τρισσῆς
2622 1723 2757 1794 μετὰ
2812 1727 2919 1778 τῶν
2968 1728 3154 1798 κηρῶν
3209 1727 3640 1798 προσκυνήσεως
3678 1724 3818 1780 ἀπευ-

2187 1815 2539 1885 χαριστοῦσιν
2582 1816 2661 1884 τῷ
2709 1818 2847 1886 Θεῷ,
2896 1814 2987 1868 καὶ
3051 1811 3365 1869 ἐπιδίδωσιν
3420 1815 3449 1868 6
3501 1815 3820 1889 πατριάρχης

2192 1900 2453 1973 θυμιατὸν
2483 1905 2562 1973 τῷ
2618 1902 2822 1975 πρώτῳ
2883 1900 3121 1976 βασιλεῖ,
3182 1904 3273 1957 καί
3334 1906 3509 1976 Θυμιᾷ
3556 1902 3633 1965 εἴς
3680 1924 3729 1959 τε
3766 1914 3814 1957 τό

2193 1987 2344 2063 ἅγιον
2377 1990 2530 2064 βῆμα
2587 1990 2677 2044 καὶ
2724 1991 2818 2045 τὸν
2884 1990 3052 2067 τάφον
3102 1991 3335 2055 Λέοντος
3392 1996 3494 2048 τοῦ
3555 1990 3815 2067 ὀρθοδόξοο

2195 2075 2459 2133 δεσπότου
2488 2078 2575 2133 καὶ
2608 2085 2707 2149 τῆς
2737 2080 2895 2156 ἁγίας
2927 2080 3013 2135 καὶ
3064 2079 3345 2157 βασιλίδος
3394 2086 3701 2162 θεοφανοῦς
3742 2083 3811 2136 καὶ

2194 2165 2482 2224 Βατιλείου
2554 2171 2655 2223 τοῦ
2728 2166 3025 2243 ὁρθοδόξου
3101 2171 3193 2225 xvi
3273 2171 3486 2248 ἀγαθοῦ
3557 2170 3815 2246 βασιλέως,

2192 2254 2279 2311 καὶ
2356 2255 2452 2311 εἶθ’
2529 2256 2705 2320 οὕτως
2779 2257 2854 2320 εἷς
2929 2261 3026 2312 τοῦ
3100 2257 3323 2333 πρώτου
3417 2260 3511 2314 καί
3603 2259 3815 2333 μεγάλου

2192 2346 2602 2401 Κωνσταντίνου
2674 2350 2771 2401 τοῦ
2846 2345 3001 2425 ἁγίου
3075 2346 3166 2402 καὶ
3241 2348 3463 2419 ἐνδόξου
3556 2347 3815 2424 βασιλέως.

2193 2436 2291 2489 Καὶ
2370 2435 2505 2507 μετᾶ
2576 2440 2746 2490 ταῦτα
2840 2437 3146 2509 ἐπιστρέφει
3243 2437 3271 2491 6
3367 2436 3627 2511 βασιλεὺς
3704 2437 3817 2509 μετὰ

2188 2528 2288 2579 τοῦ
2353 2526 2721 2600 πατριάρχου,
2797 2524 2891 2580 καὶ
2968 2526 2996 2580 6
3077 2527 3172 2599 μὲν
3247 2528 3606 2602 πατριάρχης
3670 2523 3815 2600 εἰσέρ-

2192 2631 2347 2688 χεται
2415 2612 2469 2668 ἐν
2510 2618 2591 2685 τῷ
2653 2614 2861 2689 βήματι
2907 2619 3081 2669 ποιῶν
3133 2618 3232 2683 τήν
3286 2614 3485 2690 εὐχὴν,
3537 2616 3623 2669 καὶ
3672 2615 3817 2688 ἀπάρ-

2190 2723 2386 2779 χονται
2452 2704 2502 2758 οἱ
2571 2702 2776 2777 ψάλται
2840 2704 2902 2759 τὸ
2968 2704 3289 2780 τροπάριονο
3354 2728 3383 2757 (ι
3440 2708 3559 2763 Τοῦ
3616 2708 3814 2779 σταυροῦ

2192 2817 2291 2850 σου
2320 2795 2412 2852 τὸν
2440 2794 2609 2851 τύπον
2639 2794 2691 2851 έν
2744 2795 2958 2871 οὐρανῷ
3008 2798 3353 2870 θεασάμενος.
3390 2822 3419 2848 ››
3472 2798 3537 2855 Ὀ
3588 2794 3641 2851 δὲ
3683 2798 3811 2872 βασι-

2192 2882 2319 2946 λεὺς
2360 2884 2783 2960 ἀποχαιρετίσας
2815 2886 2905 2941 τὸν
2951 2887 3323 2962 πατριάρχην,
3372 2891 3573 2943 τοῦτον
3619 2885 3815 2955 ἀσπάζε-

2189 2994 2299 3043 ται,
2330 2975 2420 3029 καὶ
2452 2973 2821 3030 λιτανεύουσιν
2853 2979 2937 3049 (1)
2974 2976 3109 3048 μετά
3135 2997 3194 3031 τε
3224 2981 3331 3032 τῶν
3389 2978 3700 3052 μαγίστρων
3740 2974 3814 3028 καὶ

2189 3062 2489 3138 πατρικίων
2518 3063 2607 3118 καὶ
2655 3068 2761 3119 τῶν
2810 3063 3023 3120 λοιπῶν
3079 3070 3178 3135 τῆς
3237 3062 3581 3141 συγκλήτου,
3630 3062 3814 3141 διέρχεο

2189 3174 2276 3208 ται
2310 3150 2400 3208 διὰ
2428 3158 2523 3208 τοῦ
2555 3153 2770 3227 έξαέρου
2798 3161 2898 3224 τῆς
2948 3154 3161 3233 κόγχης
3212 3158 3322 3209 τῶν
3372 3154 3579 3229 Ἀγίων
3626 3153 3815 3211 Πάντων

433 3252 505 3309 tit
533 3247 896 3325 patriarchas,
928 3246 1149 3303 etinter
1176 3242 1634 3315 supplicationes
1654 3248 1830 3312 atque
1850 3242 2077 3298 cantica

2196 3242 2285 3297 καὶ
2332 3245 2431 3311 τῆς
2480 3241 2649 3298 ἐκεῖσε
2696 3243 3016 3318 ἀπαγούσης
3066 3241 3216 3311 ὁδοῦ,
3268 3242 3357 3298 καὶ
3414 3243 3715 3318 είσέρχεται
3757 3241 3817 3299 εἷς

433 3341 694 3414 procedit
731 3355 849 3393 una
878 3351 1010 3392 cum
1042 3334 1335 3405 magistris
1368 3337 1426 3386 et
1455 3330 1713 3403 patriciis
1738 3329 2080 3401 reliquoque

435 3432 665 3498 senatu,
698 3424 1024 3495 transitque
1055 3438 1157 3494 per
1187 3420 1404 3476 atrium
1449 3419 1690 3474 fornicis
1732 3417 2080 3475 Sanctorum

435 3517 698 3575 omnium
730 3518 788 3569 et
818 3529 917 3584 per
946 3510 1127 3576 viam,
1152 3525 1282 3580 quae
1305 3507 1468 3563 illinc
1508 3508 1567 3561 in
1604 3505 1886 3578 palatium
1935 3506 2080 3563 Boni

434 3605 614 3673 ducit,
652 3604 831 3658 intrat
878 3601 938 3656 in
978 3599 1171 3655 aulam
1218 3595 1440 3669 palatii.
1473 3595 1755 3651 Resident
1790 3594 1872 3651 ibi
1908 3596 2082 3653 ambo

434 3698 821 3770 imperatores
850 3692 912 3749 in
944 3690 1107 3748 sellis
1144 3705 1249 3763 per
1294 3687 1929 3759 arcliontogennemata
1974 3703 2077 3746 seu

432 3787 651 3845 valetos
681 3782 873 3841 allatis
903 3786 961 3840 et
992 3780 1073 3837 ibi
1100 3777 1400 3851 depositis,
1433 3780 1858 3850 exspectantes,
1887 3778 2079 3849 quoad

432 3874 763 3951 patriarcha
791 3889 923 3930 cum
948 3868 1340 3929 ecclesiastica
1360 3865 1824 3939 supplicabunda
1846 3883 2079 3939 proces-

2188 3331 2290 3399 τήν
2320 3329 2496 3400 αὐλὴν
2530 3336 2637 3386 τῶν
2664 3330 2971 3405 παλατίων,
3004 3332 3095 3387 καὶ
3124 3330 3358 3387 σελλίων
3389 3332 3686 3406 τιθεμένων
3721 3334 3810 3385 τῶν

2192 3418 2296 3474 ὑπὸ
2370 3424 2475 3475 τῶν
2553 3421 3156 3499 ἀρχοντοφεννημάτων
3243 3425 3321 3497 (2)
3398 3421 3811 3497 βασταςομένων,

2190 3510 2528 3580 καθέζονται,
2584 3513 2781 3587 μέχρις
2832 3510 2894 3567 ἄν
2944 3514 2971 3567 6
3022 3513 3372 3591 πατριάρχης
3426 3513 3566 3584 μετᾶ
3611 3519 3705 3581 τῆς
3744 3510 3817 3565 ἐκ·

2188 3598 2587 3669 κλησιαστικῆς
2639 3600 2798 3671 λιτῆς
2845 3597 3170 3659 καταλάϐοι.
3224 3602 3442 3671 Ἰστέον,
3492 3600 3580 3657 ὅτι
3613 3603 3646 3671 ἡ
3679 3599 3807 3666 λιτὴ,

2194 3689 2394 3765 μέχρις
2428 3687 2486 3744 ἄν
2520 3689 2735 3767 εἰσέλθῃ
2768 3692 2866 3760 τήν
2896 3690 3078 3762 πύλην
3139 3698 3239 3760 τῆς
3287 3691 3459 3761 αὐλῆς
3507 3695 3620 3747 τῶν
3668 3690 3814 3745 παλα-

2189 3777 2339 3849 τίων,
2392 3778 2594 3853 ψάλλει
2646 3780 2708 3836 τὸ
2754 3780 3074 3855 τροπάριον·
3109 3804 3138 3831 ‹‹
3171 3784 3277 3838 Τοῦ
3322 3784 3554 3854 σταυροῦ
3605 3800 3697 3835 σου
3735 3776 3811 3831 τὸν

2186 3865 2357 3923 τύπον
2382 3866 2434 3923 ἐν
2478 3869 2695 3945 οὐρανῷ
2748 3868 3091 3945 Θεασάμενος·
3150 3892 3176 3925 ι
3229 3870 3322 3925 καὶ
3369 3870 3507 3943 μετᾶ
3552 3867 3619 3925 τὸ
3664 3864 3815 3922 εἴσελ-

1462 3991 1667 4050 JOAN.
1707 3991 1857 4049 JAC.
1900 3991 2165 4050 REISKlI
2204 3993 2794 4053 COMMENTARIUS.

430 4102 676 4172 Cedren.
735 4096 1000 4172 ιιι-493)
1059 4091 1176 4172 ἐπὶ.
1232 4093 1446 4172 ξηροῖσι
1536 4090 1809 4172 καθῆσθαι
1872 4104 2082 4172 nempe

434 4171 636 4241 λίθοις,
669 4159 870 4245 ld'yllio
905 4159 1091 4245 primo
1120 4159 1436 4245 Theocriti,
1462 4178 1635 4243 super
1680 4161 1844 4245 duris
1874 4159 2081 4245 lapidi-

431 4232 545 4303 hu's
574 4232 796 4310 sedere,
827 4232 985 4297 nullo
1017 4237 1297 4310 stragulo,
1328 4232 1547 4310 vellere
1570 4232 1909 4310 virgultisve
1938 4233 2079 4310 sub-

432 4301 653 4373 stratis.
686 4301 907 4371 Clo'ss.:
968 4301 1238 4383 χαμευᾮία
1269 4308 1314 4383 ἡ.
1363 4301 1700 4383 ξηροχοιτίιιζ,
1750 4304 2077 4383 Ιιιιγῃίειιὸιι-

431 4387 529 4454 lio,
560 4386 795 4443 cubatio
824 4384 883 4438 in
916 4373 1245 4454 sie'cadura
1294 4373 1504 4444 humo,
1564 4375 1726 4454 nulla
1783 4373 2080 4454 substrata

432 4445 1283 4529 stragulaxSicunigvehiculurn
1342 4456 1441 4529 est-
1475 4448 1626 4529 apud
1663 4446 1891 4529 _Script.
1924 4445 2074 4529 Hist.

433 4517 589 4600 Aug:
615 4533 659 4583 t.
692 4526 769 4593 Il,
802 4524 1002 4600 p.37,
1031 4521 1450 4600 stragulis_aut
1471 4517 1754 4576 stramine
1784 4533 1906 4600 non
1931 4521 2079 4572 stra-

434 4590 598 4668 tum;
627 4590 843 4669 πνεῦμα
872 4592 1036 4668 ξηρόν
1079 4590 1236 4669 apud
1295 4592 1643 4669 cinnamum
1673 4605 1806 4669 pag.
1842 4590 1909 4644 12

434 4606 598 4668 tum;
627 4604 843 4669 πνεῦμα
872 4604 1036 4668 ξηρόν
1079 4604 1236 4665 apud
1295 4604 1643 4647 Cinnamuni
1673 4605 1806 4660 pag.
1842 4604 1909 4644 tz
1935 4604 2074 4643 ven-

434 4675 522 4727 tus
568 4670 1061 4737 solitarius,quem
1117 4664 1275 4721 nulla
1311 4664 1509 4737 pluvia
1535 4661 1843 4737 comitatur
1877 4629 2076 4737 ςλόςεοι
2109 4630 2157 4696 D

432 4740 614 4818 ξήρᾷἰ,
646 4731 1005 4818 collcstefrei
1035 4740 1134 4818 aut
1165 4731 1451 4818 arenacej,
1485 4732 1663 4818 nullis
1690 4731 1865 4797 saxis,
1899 4731 2078 4818 nullis

430 4807 937 4871 venis'metallicis
968 4807 1305 4869 intermisti.
1328 4807 1426 4861 sed
1462 4822 1621 4861 mera
1650 4812 1799 4859 terra
1830 4807 2076 4874 aggesti,

432 4902 462 4914 ,ι
497 4885 709 4914 κηξιυ...
746 4886 1019 4914 διημιιιιπη
1039 4895 1246 4914 αηιηιπι
1266 4878 1640 4914 ῐ-ῐίηηηιοιηοίιοα
1663 4874 1916 4914 mntimn
1947 4890 2080 4914 nm.

432 4902 462 4941 e
495 4885 712 4956 quibus
746 4886 1022 4939 tluentem
1038 4895 1250 4951 aquam
1265 4878 1640 4949 Hippocrates
1663 4878 1917 4930 maxime
1946 4890 2075 4947 pro-

432 4958 573 5025 hat;
604 4957 722 5012 vid.
757 4953 1084 5025 Casaubon.
1114 4951 1189 5025 _ad
1249 4948 1459 5025 Athon.
1520 4947 1559 5004 l.
1586 4946 1689 5025 “ll.
1723 4962 1774 5003 c.
1807 4948 1864 5025 8_,
1895 4963 1953 5025 p_.
1975 4946 2075 5025 93.

434 5013 646 5087 Shidas
675 5044 730 5084 v.
788 5024 1069 5085 Διονύσιος
1107 5017 1417 5145 θεοφάντωρ
1450 5038 1464 5077 :
1527 5015 1765 5089 μάλιστα
1822 5013 2077 5089 Πρόκλος

434 5101 751 5145 annm/uani
784 5093 1056 5145 πολλάκις
1084 5094 1180 5145 τοῦ
1200 5109 1373 5145 μακαο
1403 5110 1466 5145 ου
1496 5088 1780 5145 Διονυσίου
1810 5088 2077 5145 κέγρηται

433 5101 751 5191 θεωρήμασι
774 5093 1056 5191 ἱπολλάκις
1084 5094 1180 5178 τος)
1199 5088 1466 5191 μριῆαρίου
1480 5088 1780 5191 ἐιονυσίου
1810 5088 2079 5191 κέχρηται

430 5160 519 5227 καὶ
545 5160 743 5235 ἀύταῖς
772 5168 829 5226 δὲ
857 5169 1049 5241 ξηραῖς
1079 5160 1209 5225 ταῖς
1229 5160 1421 5232 λέξεσι.
1479 5160 2078 5286 Ξηροπυρῖταιίιᾱθω

431 5261 612 5289 ηηηρςι
662 5254 833 5289 ιιιηιιρ
882 5240 933 5289 οἱ
1008 5234 1326 5289 αὐτόπυροι.
1402 5234 1595 5289 tritico
1650 5248 1715 5287 so
1743 5248 1797 5289 ο.
1858 5231 2081 5289 absque

430 5261 612 5315 panes
662 5254 833 5317 atque
882 5240 938 5294 oi
1008 5240 1326 5307 αύτόπυροι,
1402 5240 1595 5289 tritico
1650 5240 1797 5297 solo,
1858 5240 2079 5301 absque

432 5316 674 5372 alterius
727 5310 1104 5387 admixtione.
1164 5306 1447 5387 Ceterum
1507 5302 1695 5360 adhuc
1756 5302 2079 5387 notandum

427 5370 863 5460 τοίξηρόκήπιν,
923 5384 1008 5440 sic
1068 5378 1241 5459 nudo.
1280 5377 1531 5460 positum
1593 5390 1718 5457 esse
1778 5388 1877 5441 pro
1910 5370 1986 5432 είς
2008 5370 2078 5454 τὸ

432 5459 763 5517 ξηροκῆπιν.
796 5455 950 5517 quod
1005 5452 1065 5509 in
1125 5450 1343 5507 Latinis
1402 5460 1679 5517 expressi.
1702 5444 1873 5517 ,Saape
1904 5452 2079 5517 omit-

432 5461 763 5533 ξηροκὴπιν,
796 5461 950 5529 quod
1005 5461 1065 5509 in
1125 5461 1343 5507 Latinis
1402 5461 1679 5526 expressi.
1700 5461 1873 5526 Saepe
1904 5461 2079 5526 omit-

432 5534 574 5588 titur
622 5529 698 5585 εἰς
761 5530 851 5586 vel
904 5526 960 5581 ὶν
1020 5528 1079 5581 et
1134 5520 1355 5578 similes
1421 5520 1905 5592 prasposrtiones;
1963 5515 2079 5573 νιά.

430 5603 819 5748 ad(t:339o)8.ltiam
852 5671 911 5728 in
944 5668 1063 5728 ade
1086 5666 1184 5743 SS.
1224 5662 1637 5794 Apostolorum
1670 5658 1883 5734 sepulti
1914 5661 2079 5716 erant

430 5746 668 5794 τι]ιηίώί
699 5746 1081 5794 imnamtores
1111 5742 1167 5794 et
1196 5736 1259 5794 in
1321 5736 1388 5794 is.
1432 5734 1535 5794 cui
1567 5734 1675 5791 hoc
1709 5734 1832 5792 loco
1863 5746 2078 5789 memo-

430 5734 670 5817 plurimi
699 5746 1081 5821 imperatores
1110 5742 1167 5797 et
1196 5736 1259 5795 in
1275 5734 1388 5807 his,
1432 5734 1535 5809 qui
1567 5734 1675 5791 hoc
1709 5734 1832 5792 loco
1863 5746 2078 5789 memo-

2190 4096 2412 4168 rantur,
2438 4094 2569 4168 Leo,
2594 4095 2863 4161 Basilius,
2887 4094 3310 4152 Constantinus
3340 4095 3445 4164 M.,
3470 4100 3534 4153 ut
3556 4095 3737 4168 capite
3756 4092 3809 4147 42

2185 4162 2321 4220 libri
2354 4162 2593 4221 secundi
2624 4172 2867 4223 constat.

2260 4236 2337 4307 (1)
2369 4237 2470 4311 Est
2514 4254 2615 4307 pro
2666 4234 2952 4311 λιτανεύει.
2984 4238 3078 4294 Sic
3112 4238 3284 4307 paulo
3333 4242 3465 4311 post
3512 4237 3809 4311 καθέζονται

2185 4305 2290 4381 pro
2319 4305 2635 4381 καθέζεται.
2670 4310 2747 4365 De
2791 4310 2901 4381 hoc
2946 4305 3269 4366 desultorio
3313 4305 3633 4377 schemate,
3661 4305 3815 4381 quod

2186 4378 2554 4454 singularem,
2566 4385 2628 4454 et
2658 4380 2947 4454 pluralem
2977 4383 3305 4454 promiscue
3334 4381 3529 4450 habet,
3552 4378 3811 4451 alibi—jam

2184 4449 2241 4505 in
2270 4449 2674 4524 superioribus
2693 4452 2802 4524 egi.

2254 4521 3150 4598 (2)“δραι-ἄρχοντογεννήματα,
3180 4542 3332 4598 quos
3376 4525 3662 4598 posterior
3694 4531 3814 4581 aetas

2188 4590 2680 4667 ἀρχοντοπούλόυξ
2711 4590 3055 4664 ηοώὶηιινὶι,
3098 4590 3214 4653 filii
3244 4590 3611 4667 magnetem,
3652 4597 3813 4667 inter-

2190 4664 2331 4740 dum
2373 4682 2603 4738 quoque
2644 4668 2946 4740 sanguinis
2972 4668 3112 4740 regii
3137 4664 3386 4740 juvenes
3410 4669 3479 4724 ad
3507 4664 3814 4740 ministeria

2191 4734 2438 4812 minora,
2473 4734 2583 4812 non
2611 4734 2803 4812 tamen
2835 4734 3495 4812 ignobilia-peragenda
3533 4734 3807 4812 destinati.

2187 4798 2446 4883 Vi_d;_Du
2497 4810 2781 4883 Gangeih.
2813 4798 2891 4865 v7
2917 4816 2974 4866 et
3011 4813 3079 4866 ad
3120 4798 3375 4867 Alexiad.
3426 4827 3481 4883 p.
3523 4811 3650 4879 337,
3692 4816 3811 4883 etv.

2187 4878 2461 4948 Adelingi'.
2494 4880 2586 4935 Sic
2619 4878 2777 4937 enim
2817 4898 2939 4949 eos,
2971 4883 3107 4938 item
3137 4878 3508 4953 scutiferos'et
3535 4878 3813 4953 seruientes

2187 4967 2483 5033 armorum_
2517 4953 2916 5024 appellabant;
2948 4954 3086 5010 item
3135 4951 3575 5026 paedagogianos,
3611 4954 3681 5009 de
3709 4951 3813 5031 qui:

2188 5021 2297 5078 bus
2327 5023 2605 5080 omnibus
2649 5026 2800 5082 conf.
2838 5026 2918 5081 Du
2969 5028 3158 5082 Canae
3192 5026 3277 5082 Gl.
3313 5027 3437 5082 Lat.
3470 5029 3545 5081 Ut
3573 5025 3667 5081 hic
3715 5024 3809 5077 loct

2190 5041 2297 5078 nus
2327 5041 2605 5080 omninus
2649 5041 2800 5082 cont.
2838 5041 2918 5081 uu
2969 5041 3158 5098 Lange
3192 5041 3277 5082 ω.
3313 5041 3437 5082 Lat.
3474 5041 3545 5081 υι
3573 5041 3667 5081 nic
3715 5041 3809 5077 lOCl

2188 5093 2821 5174 archonlogennemata
2840 5095 3011 5174 sellas
3010 5096 3440 5174 jmperatorijn
3465 5096 3812 5174 processione

2188 5165 2542 5232 deferebant,
2575 5167 2661 5223 sic
2709 5169 2879 5224 etiam
2914 5168 2971 5222 in
3003 5165 3306 5225 Cerémon.
3357 5165 3619 5225 Romano
3658 5165 3812 5238 [aldi-

2187 5238 2417 5293 stort‘um
2438 5254 2559 5294 cum
2588 5241 2704 5295 suis
2732 5241 3046 5295 attinentiis
3073 5244 3299 5311 portant
3327 5244 3619 5297 servientes
3645 5250 3816 5293 ανηιοο

2189 5314 2429 5384 ruma;
2476 5316 2646 5384 moris
2687 5316 2787 5368 est.
2837 5314 3111 5384 Veterum
3168 5328 3402 5384 quoque
3455 5317 3813 5384 tyrannorum

2189 5378 2839 5459 αἰξαυξιὴνάγκαζονῌτῶν
2858 5458 2863 5459 7
2878 5380 3118 5437 πολιτῶν
3164 5378 3294 5459 τους
3306 5378 3425 5455 ’μὲν
3459 5378 3813 5459 ὃίιρροιρορεῖν,

2189 5401 2364 5441 uuam
2397 5401 2701 5451 ηναγκαςον
2731 5402 2839 5437 των
2878 5401 3118 5437 ποΛιτων
3164 5402 3294 5443 τους
3332 5401 3425 5455 μεν
3459 5401 3617 5459 οιφρο
3660 5401 3813 5454 ορειν›

2187 5447 2315 5534 τοὺς
2348 5446 2405 5505 δὲ
2436 5448 2784 5534 ῥαϐδουχεῖν.
2817 5458 2951 5534 etc.,
2991 5459 3139 5534 teste
3166 5455 3439 5510 Athenaeo
3470 5472 3526 5527 p.
3557 5401 3815 5534 253._9“°

2189 5522 2248 5576 in
2283 5522 2405 5579 loco
2438 5522 2793 5605 διφροφορεῖν
2815 5522 2973 5605 sitne
2998 5525 3199 5605 sellam
3231 5522 3487 5605 gestare;
3514 5534 3573 5582 ut
3601 5524 3815 5605 pedise-

2191 5609 2368 5677 quus,
2389 5597 2563 5677 quain
2588 5597 2915 5677 procedenti
2940 5597 3178 5677 domino
3199 5603 3256 5653 et
3274 5598 3488 5677 alicubi
3515 5601 3710 5677 sedere
3732 5608 3816 5675 cu-

2229 5667 2371 5723 ienti
2402 5667 2742 5730 substernat'
2762 5669 2836 5725 ad
2865 5670 3231 5735 mandatum,
3256 5687 3329 5727 an
3354 5669 3430 5728 sit
3452 5670 3735 5726 dominum
3759 5667 3810 5718 in

2213 5739 2396 5797 ectica
2427 5744 2591 5812 ferre,
2623 5740 2683 5799 in
2714 5741 2905 5799 medio
2938 5741 3225 5813 relinquo.
