4060 6214
523 338 681 397 1003

1562 324 2097 389 CONSTANTINI
2140 325 2842 388 PORPHYROGENITI

3703 338 3821 400 1004

522 489 637 543 quo
669 485 820 525 nunc
863 466 1223 522 celebrantur
1262 471 1376 520 tam
1407 463 1667 521 secunda
1698 462 1841 518 feria
1880 461 2152 517 diacaenet

2280 478 2384 531 μου
2415 460 2502 512 καὶ
2538 460 2573 528 ἡ
2609 459 2851 533 Κυριακὴ
2883 461 2980 512 τοῦ
3040 458 3395 535 Ἀντίπασχα.
3436 462 3744 539 Κατέρχονται
3782 469 3824 525 δὲ

519 560 655 617 simi
686 556 773 614 vel
804 555 1143 627 septimanae
1179 551 1592 620 renovationis,
1624 552 1683 607 id
1711 558 1800 607 est
1837 548 2160 615 Paschalis,

518 663 696 720 quam
729 644 1031 701 Dominica
1065 643 1431 716 antipascha,
1477 642 1565 698 vel
1621 658 1745 713 quae
1795 640 2053 712 proxime
2084 638 2163 694 fe-

514 742 669 795 stum
716 733 1013 791 Paschalis
1068 733 1351 803 sequitur.
1410 731 1780 788 Descendunt
1835 728 2057 786 domini
2097 744 2166 784 ex

512 826 677 898 equis
706 824 767 880 in
798 827 960 895 porta
995 826 1334 879 sanctorum
1364 818 1778 892 Apostolorum
1818 818 1887 874 ad
1929 815 2164 874 horolo-

512 916 677 988 gium
708 914 972 985 ejusdem
1013 910 1271 969 ecclesiae
1303 911 1575 978 ducente,
1616 913 1674 965 et
1712 908 1867 976 inde,
1898 905 2098 979 stipati
2130 922 2165 961 a

512 1002 779 1061 cubiculo
809 1006 867 1060 et
898 1001 1195 1058 consuetis
1225 998 1582 1072 proceribus,
1614 997 1910 1054 declinant
1959 1011 2165 1051 versus

510 1093 1186 1164 dextram,trajectoque
1235 1091 1512 1146 narthece
1564 1087 1767 1160 templi
1820 1091 2158 1144 sanctorum

511 1185 799 1254 omnium,
828 1180 1229 1239 ascenduntin
1261 1177 1703 1235 catechumenia
1733 1176 1995 1249 ejusdem
2027 1179 2165 1231 tem-

510 1274 614 1347 pli,
646 1278 704 1331 et
730 1273 952 1329 intrant
979 1271 1136 1327 intra
1163 1271 1355 1326 velum
1388 1267 1468 1323 ibi
1500 1283 1877 1339 suspensum,
1905 1266 2164 1337 ﬁuntque

509 1367 737 1430 cetera,
796 1360 1285 1433 quemadmodum
1342 1373 1469 1413 mos
1521 1360 1610 1413 est
1668 1355 1791 1412 fieri
1831 1355 1890 1410 in
1923 1353 2163 1425 reliquis

508 1451 1005 1526 processionibus,
1039 1464 1141 1521 per
1170 1464 1317 1520 quas
1347 1446 1569 1504 domini
1602 1446 1673 1501 ad
1723 1448 1959 1502 sanctos
2008 1448 2159 1515 Apo-

511 1540 695 1597 stolos
726 1540 783 1595 in
827 1540 993 1610 equis
1026 1537 1336 1593 vehuntur.
1378 1533 1704 1590 Adveniens
1752 1533 1985 1589 interim
2028 1546 2159 1587 cum

506 1631 672 1685 turba
698 1626 1123 1701 processionale
1148 1623 1477 1697 patriarcha
1503 1621 1769 1679 consistit
1798 1622 1951 1677 intra
1979 1620 2159 1676 aedem

509 1719 605 1775 SS.
640 1714 1040 1789 Apostolorum
1073 1718 1235 1769 extra
1255 1709 1549 1767 cancellos
1572 1709 1995 1773 sacriﬁcatorii,
2019 1711 2163 1763 tem-

506 1821 761 1878 poreque
791 1808 1116 1876 opportuno
1147 1803 1474 1873 ingruente,
1507 1801 1727 1855 intrant
1759 1798 2054 1871 praepositi
2086 1797 2157 1853 ad

501 1899 823 1969 Augustos,
838 1900 894 1950 et
913 1893 1199 1949 amiciunt
1218 1907 1316 1947 eos
1333 1891 1592 1961 ipsorum
1617 1888 1848 1944 tunicis.
1871 1888 2156 1944 Exeuntes

508 1991 671 2044 extra
717 1982 908 2040 velum
941 1980 1208 2037 dominos
1236 1979 1533 2052 excipiunt
1563 1981 1619 2034 et
1650 1980 1997 2032 venerantur
2028 1991 2152 2029 ma-

502 2074 670 2147 gistri
719 2078 778 2129 et
826 2071 1078 2145 patricii,
1114 2070 1289 2140 ﬁtque
1319 2068 1398 2125 ibi
1431 2066 1615 2124 doche
1656 2082 1759 2122 seu
1809 2064 2069 2137 exceptio
2098 2068 2157 2121 et

499 2162 895 2221 consalutatio
918 2161 1289 2217 dominorum
1320 2162 1376 2215 et
1407 2172 1737 2229 procerum,
1760 2172 1876 2227 qua
1906 2161 2152 2227 peracta,

501 2253 712 2310 clamat
750 2249 1223 2319 cerimoniarius,
1263 2254 1405 2304 nutu
1440 2246 1735 2320 praepositi
1770 2244 2103 2301 admonitus
2136 2259 2149 2299 :

505 2366 534 2395 ιι
567 2343 863 2400 Celeusate
889 2364 917 2391 »
946 2339 1064 2413 [seu
1100 2355 1114 2394 :
1143 2361 1170 2390 ιι
1206 2336 1391 2393 velitis
1424 2350 1651 2391 movere
1684 2334 1758 2406 n].
1788 2333 1879 2389 Sic
1910 2333 2151 2389 descen-

500 2434 648 2489 dunt
679 2448 780 2503 per
809 2430 1107 2487 cochleam
1140 2431 1197 2483 et
1229 2426 1560 2481 narthecem
1596 2442 1609 2492 ;
1643 2428 1699 2479 et
1728 2422 2092 2495 egredientes
2123 2438 2154 2478 θ

499 2521 773 2577 narthece
802 2521 1145 2572 Sanctorum
1179 2514 1442 2570 omnium
1475 2511 1690 2584 excipit
1719 2516 1889 2582 atque
1910 2526 2153 2566 venera-

499 2614 596 2663 tur
625 2606 919 2679 peraticus
952 2605 1161 2660 demus
1193 2604 1319 2673 [seu
1352 2602 1689 2657 suburbana
1717 2617 1747 2655 e
1778 2599 1919 2655 Pera
1956 2598 2151 2669 factio]

498 2695 856 2752 Venetorum
888 2708 1018 2749 cum
1048 2691 1371 2746 domestico
1393 2690 1725 2746 scholarum
1748 2686 2001 2742 dominis
2019 2688 2152 2742 udo-

500 2789 627 2841 rata
648 2790 805 2839 serta
834 2782 984 2838 rosis
1014 2779 1263 2851 implexa
1285 2778 1567 2835 tradente.
1600 2775 1779 2832 Paulo
1810 2774 1973 2831 illinc
1994 2778 2152 2831 ante-

495 2889 673 2946 quam
700 2869 1102 2943 ingrediantur
1119 2866 1340 2923 domini
1366 2868 1422 2923 in
1448 2864 1835 2937 horologium,
1854 2863 2151 2935 excipiunt

496 2978 595 3018 eos
643 2960 701 3016 in
747 2959 893 3016 atrio
930 2957 1283 3014 demarchus
1322 2959 1675 3013 Venetorum
1718 2969 1853 3010 cum
1903 2953 2149 3009 factione

497 3052 652 3122 alba,
679 3057 833 3109 serta
858 3055 915 3107 et
944 3050 1065 3122 ipse
1088 3063 1318 3121 quoque
1359 3046 1680 3119 porrigens.
1717 3044 1989 3101 Dominus
2023 3044 2145 3116 jam

498 3142 687 3214 ipsam
724 3138 1001 3211 horologii
1033 3138 1129 3195 SS.
1166 3136 1573 3210 Apostolorum
1606 3139 1833 3207 portam
1866 3135 2148 3190 intrantes

500 3230 712 3302 excipit
742 3230 1051 3286 excubitus
1082 3230 1201 3299 (seu
1236 3227 1537 3299 praefectus
1566 3225 1991 3284 excubitorum)
2012 3239 2146 3277 cum

501 3323 671 3376 demo
706 3320 956 3391 peratico
988 3318 1387 3384 Prasinorum,
1416 3322 1472 3371 et
1501 3315 1626 3386 ipse
1648 3329 1878 3384 quoque
1899 3312 2147 3368 corollas

498 3410 757 3463 tradens.
794 3412 859 3463 Et
910 3407 1146 3462 tandem
1195 3405 1479 3460 intrantes
1530 3402 1799 3457 dominos
1832 3401 1887 3455 in
1923 3404 2144 3472 portam

494 3496 871 3567 gynaeconitis
890 3511 993 3550 seu
1018 3493 1281 3549 stationis
1308 3490 1619 3547 mulierum
1649 3490 1708 3545 in
1740 3489 1859 3544 (ede
1885 3488 1985 3545 SS.
2005 3492 2147 3561 Apoc

494 3586 801 3656 stolarum,
832 3584 1045 3656 excipit
1073 3582 1421 3639 demarchus
1453 3579 1821 3635 Prasinorum
1854 3595 1987 3634 cum
2021 3579 2142 3635 fac-

492 3674 650 3731 tione
681 3689 866 3742 russa,
908 3673 1143 3729 tradens
1173 3676 1231 3729 et
1270 3671 1417 3743 ipse,
1441 3686 1569 3742 qua
1600 3668 1810 3725 ceteri.
1845 3668 1940 3724 Sic
1971 3684 2141 3740 porro

492 3763 674 3821 libere
721 3764 943 3836 absque
982 3762 1402 3833 impedimento
1448 3760 1825 3832 procedentes
1873 3757 2141 3815 dominos

491 3854 708 3927 excipit
756 3852 1079 3926 patriarcha
1122 3856 1286 3909 extra
1331 3849 1619 3907 cancellos
1673 3847 1856 3904 sancti
1898 3847 2140 3903 bematis

489 3942 602 4012 (vel
630 3942 991 4014 tribunalis),
1021 3941 1343 4013 osculoque
1373 3939 1533 4012 pacis
1568 3938 1820 3994 invicem
1853 3938 2009 4004 dato,
2040 3937 2139 3992 in-

487 4036 646 4090 trant
692 4032 870 4088 simul
914 4032 973 4087 in
1004 4030 1510 4097 sacriﬁcatorium,
1557 4028 1711 4083 310
1763 4026 1863 4083 ubi
1912 4025 2135 4081 domini

486 4124 761 4193 endytam
812 4138 915 4179 seu
963 4124 1216 4193 tapetem
1261 4117 1425 4175 altari
1475 4117 1787 4173 instratum
1820 4123 1874 4172 et
1904 4132 2132 4172 sacrum

483 4211 862 4283 Evangelium
893 4210 1254 4278 osculantur,
1286 4206 1612 4280 patriarcha
1641 4208 1957 4276 utrumque
1999 4220 2135 4277 pro-

2278 547 2329 600 οἱ
2361 543 2616 602 δεσπόται
2666 548 2771 602 ἀπὸ
2818 552 2927 602 τῶν
2969 546 3155 603 ἳππων
3189 546 3242 604 ἒν
3282 553 3351 615 τῆ
3399 550 3536 625 πόλῃ
3560 557 3652 607 τῶν
3676 556 3827 631 Ἀγὶων

2277 636 2629 691 ’Λποστόλων
2682 642 2751 711 τῇ
2810 637 3096 711 εἷσαγοέσῃ
3132 640 3273 712 πρὸς
3330 640 3392 693 τὸ
3449 641 3713 715 ὡρολόγιον
3752 655 3824 715 τῆς

2274 723 2443 793 αὐτῆς
2502 724 2816 795 ἐκκλησίας,
2873 727 3116 789 κάκεῖθεν
3177 724 3588 804 δηριγευόμενος
3638 734 3701 804 (8)
3754 736 3825 790 ὑπὸ

2273 817 2374 866 τοῦ
2404 809 2801 869 κουῦουκλείου
2830 813 2921 869 καὶ
2966 820 3076 869 τῶν
3116 815 3167 889 ἒξ
3209 814 3363 878 ἔθους
3400 817 3655 892 ἀρχόντων
3693 821 3827 877 ἐλιτεῦ-

2275 923 2393 957 ουσι
2452 901 2617 974 δεξιὰ,
2674 905 2765 959 καὶ
2832 901 3143 983 διέρχονται
3203 902 3295 961 διὰ
3344 910 3437 960 τοῦ
3472 911 3705 983 νάρθηκος
3748 918 3825 967 τῶν

2273 990 2477 1069 Ἄγίων
2509 992 2746 1061 πάντων,
2790 995 2879 1049 καὶ
2924 993 3244 1074 ἆνέρχονται
3278 995 3329 1051 ἓν
3388 1003 3498 1059 τοῖς
3546 1020 3831 1075 κατηχουμε-

2271 1080 2405 1143 νίοις
2431 1089 2532 1151 τῆς
2564 1081 2731 1152 αὐτῆς
2763 1082 3077 1153 ἐκκλησίας,
3116 1083 3208 1138 καὶ
3241 1084 3568 1160 εἰσέρχονται
3596 1082 3720 1143 ἔνδον
3762 1094 3829 1144 τοῦ

2272 1168 2442 1226 ἐκεῖσε
2472 1173 2816 1246 κρεμαμένου
2852 1171 3051 1247 βήλου,
3084 1175 3173 1228 καὶ
3206 1175 3275 1228 τὰ
3313 1175 3434 1243 ἑξῆς
3462 1173 3745 1231 ἐπιτελεῖται
3767 1199 3831 1233 κα·

2272 1259 2379 1320 θὼς
2408 1258 2497 1313 καί
2527 1259 2577 1313 ἐν
2599 1266 2718 1322 ταῖς
2760 1259 2981 1323 λοιπαῖς
3009 1260 3415 1337 προελεύσεσιν,
3444 1262 3493 1318 ἐν
3519 1265 3598 1326 αἶς
3625 1264 3831 1341 ἀπέρχον-

2270 1370 2357 1403 ται
2390 1350 2441 1404 οἱ
2475 1347 2729 1405 δεσπόται
2756 1346 2982 1425 ἔφιπποι
3017 1351 3094 1413 εἷς
3122 1353 3252 1415 τοὺς
3278 1354 3485 1428 Ἀγίους
3509 1355 3828 1418 Ἀποστόλους.

2270 1442 2331 1499 Ὀ
2363 1439 2420 1497 δὲ
2449 1444 2798 1521 πατριάρχης
2843 1446 2977 1517 μετά
3003 1447 3101 1513 τῆς
3130 1444 3295 1516 λιτῆς
3345 1441 3643 1501 καταλαϐὼν
3668 1445 3829 1503 ἵσταται

2270 1526 2421 1585 ἔνδον
2452 1535 2559 1585 τῶν
2593 1530 2796 1606 Ἀγίων
2826 1532 3189 1589 Ἀποστύλων
3211 1529 3314 1605 ἔξω
3342 1538 3445 1588 τῶν
3474 1533 3734 1610 κιγκλίδων
3763 1541 3830 1590 τοῦ

2270 1620 2676 1695 θυσιαστηρίου,
2709 1622 2796 1677 καὶ
2830 1626 2927 1677 τοῦ
2956 1621 3147 1699 καιροῦ
3186 1618 3831 1699 καταλαϐόντος,εἷσέρχον-

2268 1729 2357 1763 ται
2380 1709 2431 1763 οἱ
2462 1709 2812 1784 πραιπόσιτοι
2836 1709 2924 1765 καὶ
2947 1706 3347 1787 περιϐάλλουσι
3376 1711 3496 1776 τοὺς
3526 1709 3747 1774 δεσπότας
3761 1712 3829 1774 τὰς

2189 1820 2236 1886 Β
2269 1795 2470 1853 ὶαυτῶν
2503 1796 2808 1886 χλανίδας·
2849 1798 3223 1876 ἐξερχομένων
3266 1799 3323 1856 δὲ
3352 1807 3454 1857 τῶν
3494 1800 3729 1858 δεσποτῶν
3763 1805 3828 1856 τοῦ

2268 1886 2470 1962 βήλου,
2494 1885 2749 1963 δέχονται
2770 1888 2996 1954 τούτους
3017 1888 3071 1945 ο⁴ἷ
3097 1912 3157 1946 τε
3176 1892 3466 1968 μάγιστροι
3487 1892 3569 1946 καὶ
3596 1891 3824 1966 πατρίκιοι,

2263 1976 2352 2031 καὶ
2382 1980 2586 2054 γίνεται
2616 1976 2788 2034 ἐκεῖσε
2818 1976 2989 2055 δοχή,
3017 1979 3108 2036 καὶ
3140 1979 3249 2035 ἀπὸ
3269 1980 3527 2053 νεόματος
3548 1985 3633 2036 τοῦ
3657 2000 3827 2055 apam-

2264 2066 2413 2121 σίτου
2444 2065 2593 2143 λέγει
2616 2067 2644 2122 ὁ
2674 2073 2775 2138 τῆς
2801 2068 3198 2132 καταστάσεως.
3234 2095 3263 2122 ‹‹
3300 2069 3718 2127 Κέλεὸσατε,ι›Καί
3737 2090 3824 2124 κατ-

2264 2154 2523 2235 έρχονται
2556 2156 2643 2211 διά
2685 2178 2743 2212 τε
2770 2162 2867 2213 τοῦ
2897 2157 3136 2234 κοχλιοῦ
3166 2160 3257 2215 καὶ
3288 2164 3385 2215 τοῦ
3413 2155 3825 2234 νάρθηκος,καίἐκ-

2262 2240 2554 2303 ϐαινόντων
2589 2247 2681 2304 τὸν
2752 2250 2996 2325 νάρθηκα
3034 2254 3143 2305 τῶν
3195 2250 3401 2326 Ἃγίων
3432 2245 3733 2308 Ἀποστὸλων
3753 2250 3822 2321 (9),

2264 2332 2479 2411 δέχεται
2520 2337 2746 2402 τούτους
2776 2339 2804 2393 ὁ
2833 2340 3121 2413 περατικὸς
3161 2336 3341 2413 δῆμος
3369 2344 3474 2394 τῶν
3506 2338 3702 2394 Βενὲτων
3729 2336 3822 2409 μετὰ

2261 2428 2349 2482 καὶ
2399 2431 2497 2483 τοῦ
2556 2424 2880 2501 δομεστίκου
2936 2433 3043 2484 τῶν
3096 2426 3352 2508 σχολῶν,
3401 2430 3487 2485 καὶ
3516 2425 3819 2484 ἐπιδίδωσινό

2262 2513 2589 2589 δομέστικος
2617 2522 2729 2572 τῶν
2768 2516 2991 2593 σχολῶν
3022 2524 3140 2581 τοῖς
3173 2515 3462 2581 δεσπόταις
3491 2520 3551 2573 τὰ
3578 2514 3821 2595 ῥοδὸπλακα

2261 2601 2548 2680 ὀσφράδιῖ.
2583 2606 2686 2662 Καὶ
2731 2609 2848 2679 μετ’
2903 2605 3096 2684 ὀλίγον
3127 2608 3238 2683 πρό
3285 2612 3383 2664 τοῦ
3432 2605 3666 2672 εἰσελθεῖν
3698 2604 3753 2664 εἷς
3774 2603 3818 2658 τὸ

2260 2690 2567 2769 ὡρολόγιον
2614 2692 2830 2769 δέχεται
2890 2695 2966 2760 είς
3020 2697 3083 2751 τὸ
3142 2696 3357 2771 ἐξάερον
3390 2697 3418 2751 ὁ
3462 2694 3711 2770 δήμαρχος
3745 2695 3820 2745 τῶν

2260 2782 2493 2838 Βενὲτων
2526 2785 2662 2857 μετὰ
2689 2789 2787 2840 τοῦ
2819 2782 2884 2856 δή
2899 2807 3003 2859 μου
3034 2790 3127 2841 τοῦ
3173 2784 3399 2857 λευκοῦ,
3446 2786 3529 2842 καὶ
3580 2785 3711 2846 αὐτὸς
3733 2781 3817 2837 ἔτι·

2260 2868 2444 2936 διδοὺς
2464 2873 2675 2945 ὁμοίως
2706 2878 2821 2936 τοῖς
2872 2870 3182 2937 δεσπόταις.
3214 2877 3320 2931 Καὶ
3359 2875 3616 2931 εῗσιὸντων
3638 2877 3723 2927 τῶν
3758 2868 3816 2924 δε·

2261 2965 2474 3016 σποτῶν
2524 2959 2601 3023 εἷς
2657 2964 2758 3032 τήν
2814 2963 2978 3038 θύραν
3035 2963 3110 3025 ὡς
3164 2965 3307 3039 πρὸς
3343 2965 3405 3020 τὸ
3444 2961 3707 3040 ὡρολόγιον
3739 2963 3814 3014 τῶν

2258 3050 2460 3127 Ἃγίων
2500 3051 2878 3122 Ἀποστόλων,
2912 3049 3127 3128 δέχεται
3179 3054 3207 3109 ὁ
3259 3051 3557 3124 ἐξκούόιτοι.
3604 3061 3713 3125 μετα
3749 3050 3816 3102 τοῦ

2259 3144 2549 3214 περατικοῦ
2581 3137 2764 3213 δήμου
2821 3146 2929 3196 τῶν
2982 3141 3288 3219 Ιῐρασίνων,
3319 3144 3409 3198 καὶ
3468 3138 3714 3198 ἐπιδίδωσι
3752 3137 3812 3190 καὶ

2258 3228 2420 3292 αὐτὸς
2467 3229 2693 3303 ὁμοίως.
2745 3229 2844 3285 Καὶ
2901 3229 3068 3286 πάλιν
3127 3232 3406 3289 εἰσιόντων
3449 3236 3549 3288 τῶν
3604 3228 3813 3285 δεσποτῶν

2256 3316 2332 3378 εἷς
2369 3318 2470 3386 τήν
2511 3320 2673 3393 Θόραν
2712 3323 2810 3375 τοῦ
2858 3320 3170 3396 γυναικίτου
3218 3328 3330 3378 τῶν
3380 3323 3568 3398 ’Λγίων
3614 3314 3815 3373 ’Δποστόο

2258 3402 2393 3473 λων,
2427 3402 2648 3481 δέχεται
2679 3408 2709 3460 ὁ
2735 3405 3032 3485 δήμαρχος
3060 3415 3167 3464 τῶν
3202 3411 3479 3485 Πρασίνων
3513 3410 3631 3483 μετᾶ
3655 3406 3726 3462 καὶ
3746 3406 3814 3459 τοῦ

2254 3489 2436 3567 δήμου
2464 3500 2562 3552 τοῦ
2593 3495 2837 3572 ρουσίου,
2860 3499 2950 3552 καὶ
2985 3496 3275 3555 ὶπιδίδωσι
3303 3501 3391 3556 καὶ
3441 3501 3591 3561 αὐτὸς
3638 3496 3810 3569 ὁμοίως.

2252 3584 2351 3638 Καὶ
2384 3585 2483 3651 εἶθ’
2519 3584 2693 3648 οὕτως
2730 3586 3065 3663 ἀπέρχονται
3105 3590 3158 3643 οἱ
3216 3587 3491 3658 δεσπόται,
3521 3590 3599 3643 καὶ
3651 3584 3811 3658 δέχεται

2248 3675 2474 3737 τούτους
2499 3675 2528 3730 ὁ
2573 3675 2922 3753 πατριάρχης
2963 3675 3064 3749 ἔξω
3112 3683 3218 3733 τῶν
3269 3677 3556 3757 κιγκλίδων
3594 3679 3676 3732 τοῦ
3702 3670 3811 3747 ἁγίου

2252 3764 2526 3840 βήματος,
2558 3765 2649 3819 καὶ
2707 3766 3030 3835 ἀσπάζονται
3082 3766 3394 3841 ἀλλήλους,
3425 3770 3509 3824 καὶ
3546 3766 3810 3840 εἰσέρχονται

2248 3853 2361 3926 ἅμα
2391 3853 2465 3916 εἰς
2490 3853 2553 3909 τὸ
2592 3855 2993 3930 Θυσιαστνςριον,
3025 3856 3116 3911 καὶ
3166 3856 3492 3929 ἀσπάζονται
3537 3857 3583 3911 οἱ
3619 3850 3811 3908 δεσπόται

2244 3943 2345 4010 τὴν
2373 3940 2597 4012 ἐνδυτήν
2624 3944 2715 3999 καὶ
2753 3943 2816 3999 τὸ
2872 3946 3029 4019 ἅγιον
3078 3946 3436 4023 Εὐαγγέλιον,
3476 3942 3701 4017 δηλονότι
3738 3937 3810 3992 ὑπὸ

2244 4032 2343 4084 τοῦ
2370 4031 2715 4105 πατριάρχου
2747 4032 3182 4111 προσφερόμενα,
3215 4036 3307 4090 καὶ
3347 4034 3579 4111 αἴρουσιν
3622 4030 3707 4084 ἀπὸ
3733 4028 3809 4079 τῶν

2244 4116 2415 4174 ἐκεῖσε
2444 4119 2543 4188 τήν
2591 4117 2773 4191 λιτὴν,
2805 4118 3114 4193 ψάλλοντος
3160 4127 3260 4178 τοῦ
3317 4124 3524 4199 κλήρου
3547 4122 3622 4190 τὸ,
3650 4141 3671 4172 ι
3713 4112 3811 4182 Δόξα

2244 4206 2351 4275 σοὶ,
2385 4208 2587 4283 Χριστὶ
2617 4208 2645 4263 ὁ
2685 4209 2837 4271 Θεός.
2873 4230 2898 4262 ι
2939 4214 3060 4265 Τῶν
3098 4208 3155 4267 8‘s
3187 4209 3463 4270 δεσποτῶν
3507 4201 3809 4285 ἐξερχομένων

482 4299 759 4354 tendente
787 4302 847 4355 et
890 4298 975 4354 ori
1008 4300 1368 4353 admovente.
1402 4294 1620 4350 Exinde
1650 4293 1959 4349 ordiuntur
1987 4309 2133 4364 sup-

2260 4295 2302 4351 εὸ
2341 4297 2517 4373 βῆμα,
2568 4292 2902 4370 λαμϐάνουσι
2957 4299 3105 4375 παρᾶ
3140 4306 3249 4356 τῶν
3290 4301 3648 4379 πραιποσίτων
3686 4290 3810 4379 κηρία

483 4384 898 4456 plicahundam
950 4386 1404 4456 processionem,
1449 4382 1600 4439 clero
1644 4386 1887 4438 canente
1935 4381 2127 4438 illud:

2260 4387 2537 4457 ttravixta,
2567 4387 2657 4443 καὶ
2716 4389 2828 4461 ἅμα
2855 4393 2953 4444 τοῦ
2996 4378 3347 4467 πατριάρχου
3394 4389 3696 4449 λιτανεύουσι
3738 4378 3809 4454 μέ·

483 4496 513 4524 ‹‹
544 4474 738 4530 Gloria
767 4476 896 4544 tibi,
927 4476 1153 4533 Christe
1198 4474 1373 4532 Deus.
1407 4495 1435 4526 υ
1488 4473 1720 4530 Domini
1754 4472 1859 4528 hac
1898 4471 1958 4527 in
1998 4487 2129 4543 pro-

2260 4495 2338 4554 (ρι
2396 4480 2503 4531 τῶν
2554 4477 2749 4554 Ἀγίων
2807 4479 3042 4549 πάντων,
3101 4481 3192 4537 καὶ
3238 4489 3344 4552 τῆς
3402 4475 3695 4538 ἀκολουθίας
3732 4472 3809 4525 τῶν

479 4565 745 4622 cessione
785 4582 815 4622 e
855 4566 1085 4623 hemate
1115 4564 1478 4638 egredientes
1509 4562 1805 4635 accipiunt
1835 4578 1868 4616 a
1897 4578 2122 4634 praepo-

2260 4565 2479 4650 ,νοίξεων
2534 4566 2901 4639 τελεσθείσης,
2970 4566 3140 4645 ἤγουν
3210 4576 3318 4627 τῶν
3396 4569 3681 4650 ἐγκαινίων,
3727 4556 3807 4650 sic:

478 4654 605 4711 sitis
622 4669 817 4712 cereos
841 4656 1322 4727 processionales,
1342 4658 1398 4710 et
1419 4653 1522 4721 sic,
1546 4652 1860 4709 comitante
1882 4651 2126 4723 patriar-

2260 4649 2484 4708 ιδεύουσι
2535 4654 2625 4709 καὶ
2666 4644 3032 4735 εἰσέρχονται
3063 4656 3117 4714 ἐν
3171 4664 3252 4732 τῷ
3316 4644 3541 4737 βήματι,
3594 4644 3804 4711 καθὼςῆ

477 4743 606 4811 cha,
625 4744 947 4815 procedunt
964 4749 1262 4801 cantantes
1278 4747 1507 4813 Deoque
1519 4740 1919 4813 supplicantes
1943 4756 2127 4811 usque

2260 4745 2492 4813 υνήθεια
2521 4738 2659 4819 ἔχει,
2692 4744 2783 4800 καὶ
2834 4746 2940 4801 ἀπὸ
2967 4751 3073 4803 τῶν
3117 4746 3287 4804 ὶκεῖσε
3331 4747 3421 4805 διὰ
3447 4753 3538 4804 τοῦ
3564 4743 3681 4819 πρὸς
3705 4738 3805 4792 ἀπ’

473 4835 543 4890 ad
576 4835 760 4890 mdem
807 4840 1151 4891 Sanctorum
1190 4834 1455 4890 omnium
1489 4850 1504 4902 ;
1536 4833 1635 4887 ubi
1668 4835 1798 4902 post
1832 4836 2125 4901 peractum

2260 4830 2405 4903 ίολὴν
2456 4829 2631 4902 δεξιοῦ
2681 4836 2881 4909 μέρους
2929 4835 3265 4914 εῗσέρχονται
3326 4840 3381 4894 ἐν
3447 4843 3524 4910 τῷ
3590 4823 3805 4901 εὐκτηρίφ

476 4940 754 4981 anmxeon
794 4942 895 4981 seu
929 4925 1317 4997 apertionum,
1358 4922 1469 4991 vel,
1504 4923 1657 4994 quod
1690 4921 1846 4976 idem
1877 4925 1985 4991 est,
2017 4937 2127 4977 en-

2260 4928 2332 4991 ῆς
2366 4921 2535 4993 αὐτῆς
2580 4921 2874 4995 ἐκκλησίας
2929 4930 3025 4982 τοῦ
3080 4927 3239 5004 ἁγίου
3299 4930 3565 5004 μάρτυρος
3603 4922 3801 5004 Λέοντος,

475 5016 790 5071 caeniorum
824 5015 1104 5077 olﬁcium,
1138 5015 1217 5083 (id
1251 5018 1339 5069 est
1372 5017 1502 5084 post
1532 5012 1719 5066 dictas
1748 5026 1969 5083 preces,
1997 5025 2123 5081 quas

2260 5012 2444 5067 ,ἀκεῖσε
2475 5009 2563 5067 διὰ
2607 5020 2707 5083 τῆς
2738 5015 2964 5089 τρίσσῆς
3009 5019 3143 5090 μετὰ
3184 5022 3291 5074 τῶν
3348 5022 3527 5093 κηρῶν
3565 4998 3804 5086 προσκυνήο

468 5104 528 5159 in
556 5106 858 5161 annuatim
888 5104 1217 5161 renovanda
1238 5103 1515 5158 dedicatis
1539 5102 1708 5157 istius
1730 5099 1872 5155 tedis
1903 5114 2124 5154 memo-

2260 5119 2367 5163 ἐως
2425 5101 2919 5177 ἀπευχαριστοῦσιν
2974 5109 3054 5178 τῷ
3110 5110 3247 5178 Θεῷ,
3278 5106 3367 5163 καὶ
3400 5101 3588 5170 εὐθέως
3613 5100 3801 5178 ἀποχαιτ

468 5195 556 5250 ria
577 5194 689 5250 dici
714 5194 922 5265 solent,
943 5199 999 5252 et
1019 5210 1123 5267 per
1143 5208 1292 5266 quas
1314 5190 1534 5249 nemini
1555 5190 1628 5246 ad
1651 5188 1914 5244 clausam
1938 5188 2122 5244 eadem

2260 5188 2502 5259 ηετίζουσι
2550 5173 2653 5247 et;
2698 5173 3073 5270 πατριάρχην,
3101 5173 3297 5253 τοῦτον
3338 5192 3693 5267 ἀσπαζόμενοι.
3727 5173 3802 5238 Καὶ

1504 5340 1707 5401 JOAN.
1747 5344 1890 5398 JAC.
1933 5342 2193 5399 REISKII
2235 5344 2814 5407 COMMENTARIUS.

538 5476 615 5552 (8)
646 5477 733 5537 Ita
761 5483 850 5535 est
877 5479 937 5535 in
968 5475 1322 5534 membranis
1354 5488 1455 5547 pro
1488 5466 1927 5545 δηριγευόμενοι,
1960 5467 2111 5539 quod

538 5552 849 5598 mandentia
876 5554 935 5598 et
964 5550 1269 5598 mentientia
1300 5545 1547 5598 nluralia
1578 5542 1862 5598 flagitant.

2260 5475 2543 5595 mperator
2571 5489 2637 5529 ex
2676 5476 2798 5532 aede
2828 5476 2924 5535 SS.
2954 5477 3231 5536 Omnium
3270 5478 3331 5537 in
3357 5442 3802 5598 edam
3764 5538 3767 5539 ν

2260 5547 2311 5596 ιο
2337 5558 2500 5598 orum
2537 5547 2902 5598 nrocedebat-
2928 5549 3258 5598 natrinmhn
3280 5562 3473 5598 manus
3498 5563 3569 5598 ιιι

462 5543 850 5623 priecedentia
876 5554 935 5606 et
964 5550 1269 5621 sequentia
1300 5543 1862 5623 pluraliailagitant.
1977 5615 1987 5623 .
2075 5620 2083 5623 Α
2223 5543 2500 5623 stolarum
2537 5547 2903 5623 procedebat,
2928 5549 3258 5623 patriarcha
3280 5562 3473 5623 veroo
3498 5563 3569 5620 ps

535 5622 611 5694 (9)
644 5622 735 5698 I_ta
790 5612 1165 5698 membra-nis.
1206 5612 1537 5698 Contextus_
1558 5612 1757 5698 tamen
1793 5615 2109 5698 .mgns‘trat,
2221 5612 2308 5670 vel
2340 5614 2400 5671 S.
2432 5612 2648 5688 Sophia
2674 5612 2946 5693 protinus
2969 5622 3042 5681 ad
3056 5623 3168 5682 χοε.
3200 5612 3523 5698 Δροηοιοσζ
3722 5632 3783 5665 ..γρ

461 5681 781 5769 legendum
829 5709 956 5755 esse
988 5693 1257 5765 ἁπάντων,
1288 5698 1352 5749 ut
1404 5690 1463 5748 in
1511 5686 1729 5746 Latinis
1777 5682 1929 5742 dedi.
1962 5681 2109 5741 Nam

2509 5681 2529 5688 -
2674 5681 2695 5693 ,
3158 5681 3162 5682 ν
3254 5681 3274 5698 ι
3303 5681 3350 5682 κέ
3675 5681 3683 5685 -

3570 5718 3577 5727 .
3636 5702 3809 5753 ,γιιυοσι

3472 5868 3475 5875 ι
3536 5870 3543 5881 ,
3724 5866 3741 5881 η

3588 5906 3861 5971 ναίὴ.

3582 5968 3595 5977 _

3556 5992 3617 6047 1-3
