4060 6214
242 415 391 476 1003

1086 413 1186 472 DE
1227 411 1676 473 CERIMONIIS
1720 409 1950 473 AULJE
1993 409 2460 471 BYZAN'l‘lNzE
2503 411 2646 472 LlB.
2695 414 2772 473 Il.

3476 416 3629 478 1006

238 548 263 601 ὁ
297 549 391 621 μὶν
427 544 778 621 πατριάρχης
834 543 1130 617 ἀπέρχεται
1170 543 1245 603 είς
1304 541 1429 604 τοὺς
1486 541 1702 617 Ἀγίους
1741 543 1872 598 πάνυ

2007 543 2176 597 iditus
2207 546 2411 613 patet,)
2442 543 2699 598 inferunt
2739 544 2965 615 pellem,
2999 550 3056 600 et
3090 547 3536 618 progrediuntur
3565 550 3624 606 in

233 656 345 696 τας.
377 637 445 694 Οἱ
492 632 550 690 δὲ
582 633 837 690 δεσπόται
870 630 960 688 διά
1005 637 1104 687 τοῦ
1143 628 1292 687 ἔνδον
1341 635 1438 686 τοῦ
1499 633 1746 706 βήματος
1787 653 1880 686 κυ-

234 724 393 780 κλίου
453 723 787 802 ἀπέρχονται
841 721 916 784 εἰς
971 723 1034 776 τὸ
1083 720 1368 795 εύκτήρ”ιον
1417 727 1518 789 τῆς
1577 722 1730 795 ἁγίας
1786 720 1878 775 καὶ

241 811 522 889 βασιλίδος
554 816 879 890 Θεοφανοῦς.
941 811 1167 868 Κάκεὶσε
1196 808 1611 865 ἀπαλλάσσουσι
1640 811 1705 864 τὰ
1729 810 1877 884 χλα-

235 901 394 971 νίδια,
440 903 532 957 καὶ
589 901 907 971 καθέζονται
977 896 1332 974 ἐκδεχόμενοι
1388 900 1488 968 τήν
1567 904 1664 954 τοῦ
1723 900 1878 975 ἁγίου

239 989 572 1066 Εὗαγγελίου
623 990 941 1064 ἀνάγνωσιν.
1014 993 1122 1043 ’1ὀῦ
1191 985 1248 1042 δὲ
1317 986 1472 1062 ἁγίου
1539 987 1880 1064 Εὐαγγελίου

244 1079 543 1153 μέλλοντος
573 1079 1042 1153 ἀναγινώσκεσθαι,
1074 1077 1386 1152 ἐξέρχονται
1425 1075 1527 1150 ἔξω
1570 1082 1666 1132 τοῦ
1714 1075 1881 1133 αὺτοῦ

242 1169 548 1242 εὐκτηρίου,
606 1169 696 1225 καὶ
748 1167 1002 1224 ’ίστανται
1057 1170 1170 1241 (10)
1199 1164 1350 1222 ἔνδον
1377 1171 1475 1223 τοῦ
1522 1165 1698 1222 ἐλεῖσε
1743 1166 1882 1222 ἀπο-

241 1260 584 1334 κρεμαμένου
625 1258 802 1333 βήλου
833 1259 908 1320 ὡς
951 1257 1090 1332 πρὸς
1119 1257 1182 1311 τὸ
1244 1257 1420 1331 βῆμα,
1451 1257 1539 1310 καὶ
1597 1260 1881 1312 ποιοῦνται

243 1349 340 1415 τήν
387 1351 490 1402 τοῦ
537 1347 696 1423 ἁγίου
743 1344 1075 1421 Εύαγγελίου
1124 1344 1404 1419 ἀκρόασιν,
1457 1345 1547 1399 καὶ
1600 1346 1735 1417 μετὰ
1780 1345 1879 1412 τήν

243 1434 524 1491 τελείωσιν
552 1440 650 1492 τοῦ
669 1434 828 1510 ἁγίου
869 1431 1210 1509 Εὐαγγελίου
1259 1434 1594 1509 εἰσέρχονται
1627 1432 1795 1488 πάλιν
1827 1432 1881 1488 ἐν

245 1529 322 1596 τῷ
371 1525 519 1598 αὐτῷ
571 1524 847 1600 εὖκτηρίῳ
892 1530 992 1592 τῆς
1050 1523 1202 1598 ἁγίας
1248 1526 1574 1598 Θεοφανοῦς,
1624 1523 1715 1576 καὶ
1758 1533 1887 1586 καθ-

249 1615 492 1686 εζόμενοι
523 1617 804 1687 ποχιοῦσι
834 1613 896 1667 τὸ
926 1611 1258 1684 κλητώριον,
1289 1611 1379 1665 καὶ
1429 1612 1530 1674 εἷθ’
1579 1612 1755 1672 οὕτως
1795 1630 1884 1666 πι-

247 1697 604 1777 ριϐάλλονται
633 1703 701 1758 τὰ
732 1700 1264 1781 χρυσοπερίκλειστα
1294 1702 1472 1776 σαγία,
1502 1702 1595 1756 καὶ
1626 1698 1888 1776 διέρχον-

241 1812 326 1847 ται
386 1789 476 1846 διὰ
529 1797 628 1847 τοῦ
673 1792 942 1865 νάρθηκος
1001 1795 1098 1844 τοῦ
1149 1789 1440 1864 εύκτηρίου
1515 1794 1613 1845 τοῦ
1690 1792 1884 1866 Ἀγίου

242 1880 495 1936 Ὑπατίου
540 1881 630 1936 καὶ
684 1885 782 1935 τοῦ
814 1880 984 1934 ἐκεῖσε
1037 1879 1312 1952 ἐξάγοντος
1365 1879 1606 1952 ἐζαὲρου,
1637 1880 1728 1934 καὶ
1779 1879 1886 1934 άπὸ

243 1974 349 2026 τῶν
374 1967 546 2024 ἐκεῖσε
606 1969 931 2044 ἀνέρχονται
976 1965 1067 2022 διὰ
1112 1975 1214 2037 τῆς
1262 1966 1484 2041 ξυλίνης
1543 1967 1746 2029 σκάλας
1787 1975 1887 2036 τῆς

244 2057 541 2133 ἐξαγούσης
569 2055 670 2128 ἔξω
697 2062 796 2112 τοῦ
829 2057 1021 2132 Ἀγίου
1071 2057 1480 2113 Κωνσταντίνου
1527 2063 1626 2126 τῆς
1659 2055 1888 2130 ἀναγού-

245 2168 340 2218 σης
389 2146 465 2209 εἷς
523 2147 593 2202 τά
644 2145 1038 2224 κατηχούμενα
1073 2151 1181 2200 τῶν
1245 2145 1446 2222 ⁸Λγίων
1505 2144 1881 2215 Ἀποστόλων,

244 2236 332 2292 καὶ
363 2237 470 2292 ἀπὸ
528 2240 636 2292 τῶν
689 2235 859 2291 ἐκεῖσε
907 2233 1218 2310 διέρχονται
1259 2233 1348 2290 διὰ
1377 2239 1485 2290 τῶν
1533 2255 1887 2313 κατηχούμε-

243 2327 369 2381 νίων
425 2329 535 2380 τῶν
585 2325 784 2398 Ἁγίων
845 2323 1216 2390 Ἀποστόλων,
1278 2323 1369 2378 καὶ
1409 2323 1747 2398 εἰσέρχονται
1807 2322 1885 2385 εἷς

241 2415 308 2470 τὰ
351 2411 610 2469 παλάτια.
673 2414 904 2471 Κάκεῖσε
953 2414 1308 2486 ηὐτρέπισται
1369 2414 1404 2481 ἡ
1480 2412 1640 2485 τιμία
1706 2412 1882 2468 αὐτῶν

241 2504 497 2578 τράπεζαο
540 2503 620 2560 Τὰ
651 2499 708 2557 δὲ
764 2501 852 2557 ἐπὶ
905 2508 1005 2570 τῆς
1043 2499 1317 2576 τραπέζης
1361 2499 1667 2574 τελούμενα
1697 2501 1785 2555 καὶ
1817 2503 1884 2556 τὰ

242 2599 339 2662 τῆς
365 2590 607 2660 δειλινῆς
638 2590 1037 2666 προελεύσεως,
1068 2591 1249 2654 καθὼς
1286 2589 1632 2666 προείρηται,
1673 2590 1885 2662 ὁμοίως

243 2689 339 2752 τῆς
378 2679 628 2758 δευτέρας
671 2685 771 2746 τῆς
824 2677 1246 2752 διακαινησίμου
1303 2678 1390 2734 καὶ
1437 2685 1538 2748 τῆς
1595 2678 1717 2743 νέας
1773 2683 1886 2737 Κυ-

245 2778 456 2847 ριακῆς,
487 2771 688 2838 καθὼς,
717 2771 788 2826 τὰ
815 2775 908 2824 νῦν
941 2767 1338 2826 ἐπιτελοῦνται.

1987 631 2116 700 ejus
2145 630 2286 686 aedis
2318 632 2507 697 bema,
2540 636 2712 702 prout
2737 648 2859 687 mos
2887 637 3012 700 est;
3041 637 3098 688 et
3125 635 3332 689 exinde
3364 652 3464 706 per
3495 639 3629 693 dex-

1988 722 2137 774 tram
2170 719 2474 775 tribunalis
2504 719 2848 776 orientalem
2893 721 3123 792 plagam
3153 723 3373 780 intrant
3403 724 3462 780 in
3497 743 3624 780 ora-

1987 808 2227 872 torium,
2260 809 2413 879 quod
2463 807 2679 864 ibidem
2728 813 2838 875 est,
2881 811 2940 866 S.
2995 810 3196 867 Leonis
3243 814 3533 886 martyris,
3574 820 3634 871 et

1985 898 2143 952 trina
2172 911 2307 952 cum
2339 897 2519 953 cereis
2549 897 2887 954 adoratione
2913 901 3089 955 Deum
3113 901 3192 956 ibi
3217 904 3635 976 venerati,pro-

1986 985 2146 1040 tinus
2175 983 2506 1041 valedicunt
2535 991 2591 1041 et
2606 987 2869 1042 osculum
2901 987 3061 1059 pacis
3091 989 3234 1045 dant
3264 991 3628 1061 patriarcbaz.

1988 1073 2055 1128 Et
2085 1073 2409 1142 patriarcha
2438 1074 2673 1146 quidem
2705 1076 2823 1132 abit
2845 1077 2902 1132 in
2929 1077 3110 1133 aedem
3135 1079 3476 1136 Sanctorum
3509 1098 3631 1138 om-

1990 1163 2153 1219 nium
2188 1179 2203 1218 :
2253 1163 2476 1220 domini
2506 1173 2698 1221 autem
2750 1183 2852 1238 per
2881 1167 3153 1239 cyclium,
3185 1184 3313 1240 quae
3363 1175 3448 1226 est
3478 1171 3633 1228 intra

1991 1252 2183 1318 bema,
2235 1255 2451 1310 abeunt
2489 1255 2560 1309 ad
2610 1255 2932 1311 eucterium
2978 1261 3198 1313 sanctae
3246 1258 3634 1331 imperatricis

1989 1340 2437 1414 Theophanonis
2468 1343 2647 1414 [quod
2679 1349 2768 1400 est
2797 1344 2858 1400 in
2888 1345 3008 1401 aede
3036 1345 3140 1403 SS.
3181 1348 3633 1421 Apostolorum],

1992 1431 2189 1503 ibique
2234 1431 2512 1503 depositis
2559 1431 2794 1501 tunicis,
2845 1438 3184 1506 exspectant
3230 1439 3487 1509 tempus,
3521 1455 3634 1510 quo

1992 1520 2222 1578 recitari
2265 1525 2535 1577 sanctum
2585 1522 2964 1594 Evangelium
3013 1524 3201 1580 debet.
3235 1528 3314 1581 Eo
3363 1527 3638 1596 instante,

1994 1614 2207 1668 exeunt
2257 1609 2532 1678 oratorio,
2577 1614 2634 1666 et
2664 1615 2821 1666 stant
2862 1612 3017 1668 intra
3059 1613 3253 1670 velum
3310 1615 3522 1673 ibidem
3573 1635 3641 1674 ea

1995 1705 2178 1772 parte,
2209 1715 2340 1771 quas
2369 1699 2541 1756 bema
2579 1699 2832 1772 respicit,
2865 1717 3238 1773 suspensum,
3270 1705 3638 1778 audiuntque

2003 1793 2053 1855 [υ.
2113 1787 2345 1844 nemine
2393 1788 2714 1860 conspecti]
2745 1788 3051 1845 lectionem
3093 1792 3280 1847 sancti
3322 1793 3638 1867 Evangelii.

1922 1903 1966 1967 Β
1997 1879 2120 1943 Qua
2149 1877 2335 1967 ﬁnita,
2368 1879 2612 1967 redeunt
2641 1877 2698 1932 in
2735 1879 2887 1967 idem
2920 1883 3137 1935 sancte
3187 1881 3641 1954 Theophanonis

1996 1965 2342 2034 eucterium,
2394 1966 2592 2036 ibique
2637 1965 2960 2023 residentes
3003 1969 3278 2025 ordinant
3333 1971 3641 2028 cletorium

1997 2056 2078 2126 [id
2109 2060 2198 2110 est
2228 2055 2577 2110 nominatim
2609 2055 2918 2128 designant
2946 2063 3002 2114 et
3032 2075 3066 2113 a
3095 2059 3525 2117 nomenclatore
3555 2063 3642 2119 ci-

1995 2143 2359 2213 tarijubent,
2411 2158 2557 2214 quos
2597 2159 2662 2198 eo
2693 2143 2785 2199 die
2823 2144 2934 2200 sibi
2979 2145 3184 2201 volunt
3227 2150 3497 2205 convivas
3547 2166 3642 2206 ac-

1995 2233 2312 2299 cumbere].
2344 2232 2493 2287 Tum
2543 2230 2736 2288 induti
2763 2233 2922 2305 sagis
2952 2251 3093 2290 auro
3126 2236 3304 2306 septis
3336 2245 3642 2296 transeunt

1996 2337 2098 2393 per
2129 2320 2466 2378 narthecem
2498 2321 2736 2376 eucterii
2767 2337 2868 2378 seu
2901 2323 3097 2379 sacelli
3130 2325 3424 2398 S.Hypatii
3457 2335 3511 2384 et
3543 2346 3644 2400 per

1997 2413 2212 2469 atrium
2245 2410 2329 2467 illi
2362 2414 2711 2483 praetensum
2738 2430 2753 2481 ;
2777 2413 2912 2469 inde
2941 2416 3267 2473 escendunt
3293 2434 3395 2488 per
3425 2419 3642 2476 scalam

1996 2501 2272 2573 ligneam,
2304 2516 2436 2572 quea
2486 2517 2553 2556 ex
2582 2502 2702 2557 aede
2725 2506 2779 2556 8.
2833 2503 3201 2559 Constantini
3251 2511 3530 2564 exeuntes
3585 2508 3643 2564 in

1996 2591 2435 2650 catechumenia
2465 2590 2562 2647 SS.
2595 2591 3003 2663 Apostolorum
3036 2593 3234 2664 ducit;
3265 2597 3634 2669 traiectisque

1997 2680 2171 2736 modo
2191 2680 2361 2736 dictis
2381 2679 2899 2750 SS.Apostolorum
2931 2681 3640 2754 catechumeniis,intrant

1996 2771 2056 2826 in
2090 2769 2365 2842 palatium
2399 2769 2517 2840 [isti
2542 2770 2652 2824 aedi
2677 2770 3065 2843 adstructum]
3092 2789 3105 2840 ;
3133 2773 3231 2828 ubi
3265 2780 3466 2846 parata
3498 2777 3640 2847 ipsis

245 2870 332 2920 est
361 2881 531 2920 sacra
563 2879 785 2920 mensa.
820 2863 984 2918 Ritus
1017 2871 1213 2917 autem
1246 2863 1304 2916 in
1338 2862 1602 2932 prandio,
1634 2861 1772 2918 item
1802 2861 1862 2918 in
1911 2860 2278 2935 processione
2304 2859 2719 2929 pomeridiana,
2770 2862 3108 2918 observandi
3157 2869 3314 2933 sunt,
3367 2871 3432 2922 ut
3484 2885 3640 2926 nunc

246 2953 480 3024 quidem
513 2953 683 3019 ﬁunt,
717 2951 964 3023 [similes
996 2949 1156 3021 illis,]
1190 2967 1334 3021 quos
1364 2952 1423 3005 in
1453 2949 1844 3022 descriptione
1875 2948 2257 3023 processionis
2286 2948 2441 3004 feria:
2478 2951 2743 3005 secundas
2773 2952 3161 3008 diacaenesimi
3208 2954 3334 3025 [seu
3366 2957 3641 3028 proxima

247 3060 281 3099 a
310 3041 612 3098 Paschatis
644 3041 833 3113 festo],
868 3046 926 3096 et
954 3057 1113 3096 novatI
1147 3039 1458 3096 Dominicis
1492 3040 1644 3112 [seu,
1671 3040 1819 3112 ejus,
1850 3057 1976 3113 quae
2006 3040 2066 3095 in
2099 3038 2250 3094 albis
2285 3037 2546 3109 dicitur,]
2577 3039 2970 3108 eXposuimus.

868 3141 1131 3195 ΚΕΦΑΛ.
1167 3138 1247 3196 II'.

249 3234 386 3288 Ὅσα
433 3227 516 3284 δεῖ
578 3227 1018 3308 παραφυλάττειν
1074 3232 1142 3302 τῇ
1209 3229 1402 3308 πρώτῃ

321 3322 452 3375 στου
513 3301 706 3375 μηνὸς,
741 3301 850 3356 ’τοῦ
897 3302 1086 3375 τιμίου
1121 3301 1244 3355 ίκαί

324 3373 437 3448 ἐξερ
446 3391 516 3448 χο
524 3374 618 3447 μὲν
628 3394 710 3428 ου.

321 3463 538 3535 Ἰπὲον,
571 3464 676 3534 ὅτι,
708 3462 761 3518 αἶ
798 3463 892 3536 μὲν
916 3462 1068 3541 λάχῃ
1102 3464 1136 3532 ἡ
1173 3464 1365 3538 πρώτη
1422 3466 1521 3518 τοῦ
1571 3463 1893 3537 Αὐγούστου

253 3550 304 3608 ἐν
333 3559 603 3628 Κυριακῇ,
637 3553 844 3632 ὀφείλει
893 3553 1216 3627 ἐξέὦχεσθαι
1247 3553 1354 3608 ἀπὸ
1420 3557 1516 3608 τοῦ
1556 3553 1894 3630 σκευοφυλα-

254 3642 373 3698 κίου
394 3646 491 3698 τοῦ
535 3640 780 3716 μεγάλου
813 3641 1084 3696 παλατίου
1112 3643 1226 3714 (11)
1285 3642 1313 3696 ὁ
1352 3640 1536 3714 τίμιος
1567 3643 1797 3717 σταυρὸς
1823 3644 1893 3715 τῇ

256 3731 478 3788 ὄπισθεν
509 3735 774 3804 Κυριακῇ,
807 3731 978 3806 ἤγουν
1021 3731 1126 3805 πρὸ
1177 3730 1311 3784 ἑπτὰ
1369 3732 1592 3804 ἡμερῶν
1625 3737 1726 3799 τῆς
1755 3728 1901 3802 πρώ-

253 3841 355 3892 της
386 3823 485 3875 τοῦ
517 3818 856 3894 Αὐγούστου,
887 3817 1201 3893 Ἐξέρχεται
1232 3817 1290 3873 δὲ
1327 3816 1638 3892 ψάλλοντος
1677 3821 1775 3872 τοῦ
1806 3813 1902 3891 ὅρ-

259 3913 390 3987 θρου
420 3908 546 3984 περὶ
577 3908 767 3982 τρίτην
800 3908 836 3978 ἢ
863 3909 951 3963 καὶ
999 3904 1163 3978 ἕκτην
1212 3905 1384 3980 ᾠδὴν,
1449 3906 1539 3961 καὶ
1583 3905 1898 3971 ἀποτίθεται

260 3999 311 4055 ἐν
358 4003 438 4072 τῷ
495 3996 933 4072 σκευοφυλακίῳ,
964 3996 1053 4052 καὶ
1100 3997 1203 4052 ὑπὸ
1258 4000 1350 4052 τοῦ
1387 3996 1732 4072 πρωτοπάπα
1766 3992 1904 4071 βαλ-

261 4087 628 4162 σαμιζόμενος
686 4089 800 4161 (12)
849 4087 1163 4160 προτίθεται
1210 4085 1263 4140 ἐν
1338 4089 1408 4151 τῆ
1484 4083 1749 4157 ἐκκλησίᾳ
1828 4084 1905 4146 εἰς

258 4177 624 4253 προσκύνησιν
674 4177 914 4232 πάντων.
968 4174 1072 4231 Καὶ
1137 4174 1274 4248 μετά
1322 4176 1424 4244 τὴν
1482 4172 1747 4230 ἀπόλυσιν
1809 4177 1906 4228 τοῦ

260 4267 461 4342 δρθρου
495 4265 819 4340 παρίσταται
851 4266 988 4327 ἅπας
1022 4266 1050 4319 ὁ
1103 4262 1378 4326 Βασιλειος
1417 4261 1626 4338 κλῆρος
1675 4261 1904 4337 ψάλλων

257 4356 326 4411 τὰ
378 4358 585 4427 συνήθη
637 4355 1012 4429 σταυρώσιμα,
1044 4355 1134 4409 καὶ
1187 4353 1276 4408 ὅτε
1322 4351 1670 4409 κελεύσουσιν
1729 4353 1781 4408 οἱ
1823 4349 1905 4407 δε·

261 4443 478 4510 σπόται,
537 4443 876 4519 εῗσέρχονται
950 4441 1040 4497 καὶ
1126 4442 1455 4510 ἀσπάζονται
1543 4441 1729 4508 αὐτὸν,
1816 4439 1907 4495 καὶ

1496 3232 1594 3284 τοῦ
1673 3228 1855 3304 Αύγού
1867 3259 1889 3271 ο

1319 3305 1594 3370 ζωοποιοῦ
1657 3304 1891 3374 σταυροῦ

2525 3136 2618 3191 al
2633 3138 2673 3190 ‘l
2720 3137 2958 3194 CAPUT
3002 3139 3122 3195 VIII

2000 3224 2653 3302 ObservanddKaieudz}
2682 3226 3252 3302 Augusti,_prodcunlc
3281 3232 3342 3286 in
3362 3231 3646 3302 publicum

2072 3296 2378 3375 uenerabili
2405 3301 2459 3353 et
2485 3297 2706 3368 viviﬁca
2733 3314 2892 3355 cruce
2924 3300 3005 3370 [in
3034 3316 3148 3372 qua
3171 3296 3428 3359 Christus
3455 3320 3649 3375 passu:

2071 3369 2226 3442 fuit].

2074 3460 2134 3515 Si
2165 3458 2458 3515 Kalendas
2489 3458 2711 3516 mensis
2738 3461 2986 3530 Augusti
3018 3460 3078 3516 in
3101 3461 3256 3518 diem
3275 3462 3645 3522 Dominicum

2008 3548 2263 3606 incidere
2304 3549 2792 3620 contingat,debet
2820 3559 3022 3607 sancta
3051 3568 3192 3607 crux
3222 3555 3481 3625 proxime
3513 3572 3654 3627 prae-

2007 3639 2244 3694 cedente
2273 3637 2366 3694 die
2395 3638 2697 3695 Dominica
2725 3655 2828 3695 seu
2851 3639 2946 3696 die
2968 3646 3120 3697 retro
3151 3643 3401 3714 septimo
3433 3661 3465 3700 e
3493 3661 3656 3701 sceu-

2008 3725 2311 3797 opbylacio
2343 3727 2452 3796 [vel
2485 3726 2840 3782 custodiario
2873 3730 3260 3799 pretiosorum
3291 3748 3560 3788 vasorum
3595 3739 3653 3790 et

2009 3829 2307 3870 sacrarum
2357 3814 2756 3884 reliquiarum]
2814 3817 3013 3888 magni
3063 3818 3260 3887 palatii
3309 3821 3559 3891 expromi
3601 3831 3656 3877 et

2010 3901 2394 3972 produci,quo
2408 3906 2670 3973 tempore
2684 3905 3006 3960 matutinas
3020 3907 3420 3975 canunt,intra
3434 3909 3657 3965 tertiam

2011 3995 2306 4046 sextamve
2336 3989 2525 4044 odam.
2561 3993 2626 4045 Et
2649 3991 2894 4060 primum
2923 3994 3304 4066 depromptus
3326 4012 3355 4050 e
3380 3996 3518 4051 sede
3549 4014 3658 4053 sua

2012 4083 2069 4136 et
2097 4077 2394 4149 depositus
2427 4077 2589 4133 bumi
2624 4079 2681 4134 in
2731 4081 3202 4156 scequhylacio,
3236 4083 3657 4141 balsamisatur

2012 4169 2100 4226 vel
2129 4169 2435 4240 inungitur
2463 4169 2643 4225 sacris
2667 4172 2984 4243 unguentis
3014 4190 3048 4228 a
3077 4173 3238 4244 [cleri
3268 4175 3436 4246 regii]
3469 4183 3660 4247 proto-

2016 4275 2161 4331 papa
2186 4277 2202 4328 ;
2234 4259 2365 4314 dein
2389 4261 2728 4329 proponitur
2743 4261 2828 4316 sic
2848 4262 2907 4316 in
2930 4261 3172 4318 ecclesia
3193 4262 3409 4334 [magni
3434 4264 3658 4336 palatii,

2016 4349 2274 4422 Deiparae
2310 4349 2503 4415 Phari,
2555 4354 2615 4405 ut
2665 4351 2913 4419 videtur,
2965 4359 3066 4408 aut
3095 4356 3153 4408 et
3200 4353 3331 4425 nea]
3364 4356 3657 4411 communi

2018 4439 2281 4496 omnium
2312 4438 2814 4495 adorationi.Tum
2845 4446 2974 4512 post
3005 4441 3230 4498 ﬁnitum
3249 4444 3509 4500 ofﬁcium
3543 4461 3662 4501 ma-

261 4514 996 4607 ἆπερχόμενοίκαθέζονται
1037 4530 1123 4586 ἐπὶ
1175 4534 1272 4586 τοῦ
1327 4528 1789 4606 χρυσοτρικλίνου
1829 4528 1893 4588 εἷς

2013 4529 2269 4584 tulinum
2302 4528 2526 4584 accedit
2556 4529 2629 4584 ad
2663 4545 2793 4584 eam
2814 4537 3083 4587 sanctam
3119 4538 3434 4604 crucem,et
3463 4548 3658 4590 coram

1301 4631 1505 4691 JOAN.
1545 4631 1693 4689 JAC.
1735 4628 2003 4688 REISKII
2041 4625 2621 4684 COMMENTARIUS

336 4721 733 4796 (tO)ASte_tisse
755 4724 824 4796 ad
851 4723 1143 4796 Evangelii
1166 4722 1473 4796 lectionem
1507 4723 1910 4796 imperatpres,

263 4810 296 4850 e
325 4793 501 4850 variis
548 4793 740 4850 Nostri
781 4795 924 4851 locis
956 4793 1149 4866 patet;
1181 4794 1303 4851 vid.
1354 4812 1409 4866 p.
1457 4795 1560 4850 308
1598 4793 1908 4866 ‘ﬁin.’Fide-r

263 4866 350 4921 les
379 4881 611 4937 quoque
641 4867 794 4922 idem
828 4865 1056 4928 fecisse,
1090 4865 1514 4923 demonstravit
1544 4865 1808 4920 Valesius
1838 4865 1909 4919 ad

263 4937 635 5008 Pbilostorg.
657 4939 756 5003 Ill,
785 4938 1129 4994 6.Conf.Leo
1162 4937 1410 4994 Allatius
1431 4938 1502 4993 de
1533 4937 1700 4992 libris
1729 4937 1906 4992 Graec.

266 5007 666 5090 Ecc_les.__Bibl.
697 5013 793 5065 Gr.
828 5010 997 5090 Febr.
1031 5014 1073 5066 t.
1105 5009 1264 5090 V,_p.
1293 5009 1383 5090 2i.
1500 5079 1510 5090 _
1694 5078 1744 5090 η
1833 5076 1870 5090 η

338 5082 454 5150 (tt)
484 5079 754 5152 Magnum
798 5081 1078 5152 palatium
1124 5079 1224 5136 est
1260 5079 1552 5136 ordinaria
1597 5079 1912 5152 residentia

265 5149 685 5223 imperatorum
720 5157 776 5207 et
790 5149 1103 5223 opponitur
1128 5152 1256 5208 aliis
1288 5152 1529 5207 urbanis
1550 5155 1606 5206 et
1634 5149 1910 5204 suburba-

267 5223 382 5279 nis.
433 5222 581 5286 Quia
625 5239 757 5280 vero
806 5223 1318 5294 sceuophylacium
1367 5227 1458 5278 est
1505 5221 1909 5294 tantummodo

268 5295 485 5366 aedium
510 5291 1010 5360 sacrarum,debet
1041 5291 1632 5366 bicquoqueecclesia
1654 5291 1911 5366 palatina

265 5365 540 5437 intelligi,
589 5372 648 5422 et
694 5368 933 5439 quidem
978 5364 1232 5439 [Deipara
1269 5364 1461 5439 Phari,
1512 5371 1578 5439 ut
1607 5364 1742 5439 ejp.
1782 5364 1906 5439 312,

262 5442 445 5508 patet.
464 5435 842 5510 Quapropter
868 5437 1046 5494 verba
1074 5435 1169 5494 aut
1197 5446 1250 5494 et
1279 5441 1402 5494 Nec
1449 5438 1509 5492 in
1543 5435 1764 5493 Latinis
1795 5435 1907 5490 hu-

255 5511 361 5580 jus
392 5512 616 5580 paginae
641 5509 767 5578 311,
801 5509 978 5566 deleri
1009 5510 1206 5566 velim.

335 5576 447 5654 (12)
469 5576 760 5654 Magnam
803 5598 1005 5654 curam
1037 5582 1278 5637 adhibet
1307 5581 1501 5654 Graeca
1549 5577 1817 5654 Ecclesia
1849 5576 1910 5632 in

263 5649 555 5724 idolorum
576 5649 829 5710 'suorum
861 5653 1041 5721 cultu,
1077 5669 1262 5724 neque
1292 5653 1489 5708 minus
1522 5651 1738 5707 Latina.
1771 5649 1910 5704 Ter.

264 5721 501 5806 ﬁebant,
534 5726 830 5806 ungebant
852 5721 1194 5806 pa‘singulis
1215 5724 1418 5806 annis,
1437 5733 1913 5806 novamnquoque

265 5791 485 5852 stolam
516 5791 820 5854 annuatim
850 5791 1443 5870 induunt,concedere
1464 5791 1780 5870 gentilibus
1808 5791 1914 5848 im-

2020 4718 2182 4792 pium
2241 4719 2534 4792 ducentes.
2582 4718 2735 4792 Ordo
2785 4719 3027 4777 Roman.
3079 4737 3135 4792 p.
3193 4723 3299 4777 572
3349 4739 3362 4776 :
3414 4723 3566 4779 Crux
3605 4741 3662 4782 es

2019 4790 2252 4858 desuper
2300 4791 2526 4845 inuncta
2582 4790 2822 4863 balsamo
2865 4799 2916 4847 et
2963 4790 3200 4863 singulis
3249 4795 3416 4850 armis
3471 4796 3665 4853 eadem

2019 4864 2205 4934 unctio
2237 4870 2554 4929 renovatur,
2581 4861 2796 4932 quando
2837 4861 3092 4920 dominus
3122 4870 3274 4934 Papa
3320 4882 3445 4922 cum
3473 4868 3663 4924 cardi-

2018 4933 2240 4987 naltbus
2269 4934 2408 5002 facit
2445 4935 2846 5004 processionem
2879 4936 2937 4989 in
2967 4933 3320 4993 Bxallatione
3346 4938 3404 4993 S.
3449 4939 3660 4994 Crucis.

2018 5004 2372 5081 Bichuoque
2411 5005 2648 5081 pagani,
2682 5007 2805 5081 qui,
2854 5009 3396 5081 testeArtemidoro
3448 5027 3502 5081 p.
3539 5011 3660 5076 122,

2019 5089 2068 5150 ρ.
2101 5074 2191 5150 34,
2224 5075 2380 5131 idola
2406 5074 2829 5150 _'_sua_solebant
2874 5074 3182 5150 ἐκμάσσειν,
3223 5081 3396 5136 siccis
3448 5074 3664 5150 pannis

2019 5146 2206 5201 laneis
2256 5151 2357 5223 aut
2394 5144 2602 5223 linteis
2647 5144 2959 5223 extergere,
3008 5144 3514 5223 xatizipezmaqu'a,
3566 5169 3664 5208 sa-

2021 5233 2190 5290 pone,
2225 5217 2511 5290 scalptris,
2545 5223 2684 5275 setis
2717 5217 2973 5290 por'cinis
2997 5217 3198 5278 sordes
3231 5217 3463 5290 ablue—re
3489 5231 3541 5279 et
3576 5241 3662 5280 re-

2017 5285 2246 5365 vellere,
2275 5285 2537 5365 ἀλείφειν,
2583 5285 2820 5365 ungere,
2864 5295 3014 5362 quod
3047 5293 3254 5365 Noster
3304 5289 3662 5365 βαλσαμίζειν

2019 5360 2295 5438 appellat,
2329 5358 2638 5438 cap05v__ta‘r
2669 5358 2936 5438 inperii—av
2977 5367 3124 5438 ,νεῶν
3163 5363 3253 5416 καὶ
3283 5358 3350 5418 τὰ
3397 5358 3504 5438 πρὸ
3552 5358 3660 5420 τῶν

2019 5429 2781 5506 ἀγαλμάτωνξΟυ-ἱὺυεάοίη
2819 5436 3066 5506 [gentilis
3126 5453 3193 5491 ea
3242 5442 3364 5492 erat
3412 5429 3664 5506 dignitas

2020 5502 2078 5558 et
2106 5519 2247 5581 cura
2269 5503 2854 5581 ungendietlavandi
2889 5506 3167 5581 idola.Sic
3197 5507 3417 5581 Phidias
3446 5502 3662 5581 ἔκγονοι

2019 5579 2185 5649 erant
2232 5570 2548 5649 φαιδρυνταί
2587 5577 2744 5632 Jovis
2789 5577 3061 5649 Olympii,
3108 5584 3255 5636 teste
3279 5570 3565 5635 Pausania
3595 5580 3653 5634 in

2023 5644 2446 5717 Eleis,quorum
2481 5651 2602 5703 erat
2634 5644 2883 5703 statuam
2917 5644 3075 5704 illam
3109 5650 3538 5708 celeberrimam
3573 5666 3659 5706 se.

2025 5715 2137 5773 mel
2168 5715 2271 5789 per
2301 5735 2522 5775 annum
2554 5720 2886 5792 abstergere
2913 5723 2973 5776 et
3005 5737 3232 5781 ornare.
