4060 6214
329 281 482 346 1013

1168 284 1270 344 DE
1312 281 1765 344 CERIMONIIS
1825 282 2058 344 AULE
2102 281 2571 342 BYZANTINIE
2617 281 2762 342 LIB.
2806 279 2888 340 ll.

3569 269 3728 336 1014

328 415 463 490 μετὰ
492 415 582 470 καὶ
616 421 717 484 τῆς
749 414 929 485 λιτῆς.
963 408 1156 470 Λαϐὼν
1191 411 1248 470 δὲ
1293 413 1458 491 κηρία
1506 417 1652 491 παρὰ
1691 419 1790 470 τοῦ
1819 434 1963 490 πραι-

2089 416 2404 489 imperator
2450 416 2524 471 ab
2553 414 2759 472 iisdem
2799 413 3054 486 stipatus
3083 427 3270 484 usque
3307 409 3726 483 propemodum

324 503 551 561 ποσίτου
610 503 699 558 καὶ
759 502 1065 578 εὐξάμενος,
1118 500 1434 558 ἐπιδίδωσιν
1491 503 1627 560 αότᾶ
1679 502 1844 560 πάλιν
1896 508 1974 576 τῷ

323 593 690 668 πραιποσίτῳ,
747 594 1127 667 προσκυνήσας
1169 589 1228 648 δὲ
1269 593 1332 648 τὸ
1393 591 1668 667 ἄχραντον
1727 591 1977 669 Εὐαγγέ-

324 685 443 740 λιον
489 681 579 739 καί
627 684 720 739 τὸν
759 683 1031 753 ζωοποιὸν
1079 682 1328 758 σταυρὸν,
1359 685 1749 757 προσκυνοῦσιν
1793 682 1974 760 ἀμφό-

318 791 468 846 τεροι
498 770 809 842 ἀλλήλους,
833 771 862 825 6'
892 791 950 826 τε
979 767 1236 845 βασιλεὺς
1268 769 1357 825 καὶ
1403 771 1431 825 6
1480 770 1852 847 πατριάρχης,
1881 769 1973 825 καὶ

320 859 712 934 ἀσπασάμενοι,
769 853 1036 931 Ααμϐάνει
1086 859 1115 914 6
1163 857 1419 934 βασιλεὺς
1465 861 1610 934 παρὰ
1658 863 1756 914 τοῦ
1813 879 1972 934 πραι-

317 947 543 1004 ποσίτου
598 947 791 1026 κηρίον
843 946 1163 1018 λιτανίκιον,
1211 948 1301 1004 καὶ
1356 947 1693 1023 ὑποστρέψας
1755 945 1970 1027 διέρχε-

317 1059 409 1095 ται
439 1037 527 1094 διὰ
574 1043 672 1095 τοῦ
720 1038 886 1094 αὐτοῦ
935 1033 1200 1111 ἐμϐόλου.
1233 1045 1498 1115 ’Ἂρχεται
1532 1037 1589 1093 δὲ
1619 1039 1648 1093 6
1676 1045 1778 1108 τῆς
1803 1058 1972 1094 καταο

318 1129 554 1190 στάσεως
601 1129 920 1202 τροπάριον.
981 1150 1010 1180 ι(
1062 1127 1149 1184 Ἐν
1198 1131 1268 1202 τῇ
1317 1129 1562 1204 γεννήσει
1618 1128 1717 1197 τὴν
1774 1129 1972 1203 παρθε-

319 1215 433 1272 νίαν
486 1215 771 1291 ἐφύλαξας.
824 1239 853 1269 η
906 1213 1227 1279 Ψάλλοντες
1278 1213 1336 1272 δὲ
1382 1217 1445 1271 τὸ
1487 1214 1617 1272 αὐτὸ
1674 1217 1968 1292 τροπάριον

321 1306 374 1361 οἱ
420 1311 521 1375 τῆς
561 1303 938 1380 προελεύσεως
986 1306 1232 1377 ἅπαντες,
1267 1303 1610 1384 εῗσὲρχονται
1651 1303 1704 1361 ἰν
1733 1327 1814 1378 τῳ
1843 1307 1971 1380 νάρ-

321 1406 449 1466 θηκι
504 1399 602 1451 τοῦ
660 1392 919 1472 Μεγάλου
975 1398 1130 1450 ναοῦ.
1189 1393 1267 1453 Τὰ
1324 1392 1382 1450 δὲ
1440 1393 1610 1451 λοιπὰ
1654 1395 1826 1450 πάντα
1869 1401 1972 1464 τῆς

318 1485 518 1555 τάξεως
550 1482 910 1562 φυλάττονται
950 1483 1003 1538 ἐν
1047 1487 1117 1558 τῇ
1166 1484 1306 1558 αὐτῇ
1354 1485 1538 1559 ἑορτῇ,
1569 1484 1747 1547 καθὼς
1778 1483 1866 1539 καὶ
1899 1487 1968 1559 τῇ

321 1573 628 1648 ὑπαπαντῇ.
676 1571 890 1643 Ἰστέον,
941 1573 1024 1628 ὅτι
1075 1575 1104 1628 6
1145 1569 1445 1649 λογοθὲτης
1493 1577 1590 1628 τοῦ
1630 1569 1840 1647 δρόμου
1877 1572 1968 1628 καὶ

317 1663 346 1718 ὁ
375 1661 610 1738 ραίκτωρ
641 1662 734 1717 καὶ
763 1663 790 1718 6
822 1663 1336 1738 πρωτοασηκρήτης
1379 1662 1472 1718 καὶ
1503 1662 1532 1716 6
1569 1663 1825 1735 μυστικὸς
1856 1665 1968 1738 (20)

321 1751 459 1826 μετᾶ
499 1757 610 1809 τῶν
659 1751 1187 1831 χρυσοτρικλινιτῶν
1234 1753 1736 1828 πρωτοσπαθαρίων
1789 1749 1966 1807 ’ίσταν-

312 1860 400 1896 ται
431 1841 485 1896 ἐν
514 1845 593 1913 τῷ
624 1845 973 1915 Ἰωσηφιακῷ
1002 1841 1245 1916 πόρτικι.

2084 505 2156 562 ad
2188 506 2521 562 columnam
2553 504 2931 561 transversim
2954 501 3200 574 positam
3223 500 3282 555 in
3301 498 3418 555 ﬁne
3449 499 3725 570 porticus,

2082 595 2284 668 ibique
2311 595 2524 666 excipit
2553 593 2938 667 patriarcham
2963 607 3094 647 cum
3120 589 3222 646 lite
3251 604 3352 644 seu
3385 588 3560 643 turba
3590 603 3728 658 sup-

2083 683 2427 757 plicantium
2452 699 2586 740 eum
2610 684 2917 739 comitante
2936 706 2952 750 ;
2971 679 3328 752 sumptisque
3342 677 3524 733 cereis
3539 692 3572 731 a
3590 693 3728 748 prae-

2083 773 2269 846 posito
2285 773 2588 845 porrectis,
2604 772 2740 828 facit
2753 787 2947 842 preces
2962 769 3247 840 factisque
3260 783 3463 822 rursus
3476 782 3575 822 eos
3589 783 3728 837 pre-

2083 863 2268 935 posito
2287 862 2500 928 reddit;
2523 861 2777 918 adoratis
2795 861 3071 931 deinceps
3085 854 3466 913 immaculato
3482 857 3726 927 Evange-

2079 950 2157 1007 lio
2188 956 2243 1007 et
2274 951 2703 1015 vivificacruce,
2726 950 2973 1005 adorant
2987 947 3158 1003 ambo
3178 962 3303 1003 sese
3325 945 3590 1011 invicem,
3616 945 3727 999 im-

2082 1043 2315 1112 perator
2337 1037 2620 1096 scilicetet
2635 1037 2981 1111 patriarcha,
2996 1036 3274 1109 pacisque
3287 1033 3552 1091 osculum
3575 1033 3729 1089 inter

2081 1145 2140 1185 se
2152 1131 2538 1196 commutant,
2558 1132 2756 1186 ettum
2781 1126 3072 1198 accipiens
3103 1142 3136 1182 a
3159 1124 3468 1198 praeposito
3491 1139 3723 1180 cereum

2081 1218 2568 1291 processionalem
2585 1217 2902 1290 imperator
2915 1215 3058 1288 legit
3072 1215 3317 1286 vestigia
3337 1229 3444 1270 sua
3460 1228 3561 1284 per
3571 1228 3727 1269 eam-

2081 1308 2213 1364 dem
2239 1308 2522 1380 porticum
2545 1327 2559 1377 ;
2583 1305 3027 1364 cerimoniarius
3050 1307 3243 1360 autem
3261 1303 3333 1360 ad
3347 1303 3468 1358 hac
3501 1302 3724 1359 intonat

2080 1397 2403 1469 troparium
2422 1413 2434 1452 :
2451 1419 2478 1446 ι(
2495 1400 2560 1452 In
2583 1400 2683 1452 tuo
2702 1399 2867 1467 partu
2882 1394 3239 1450 conservasti
3262 1392 3675 1465 virginitatem.
3695 1414 3716 1443 ι

2080 1485 2318 1554 Omnes,
2344 1485 2442 1558 qui
2469 1483 2826 1558 processioni
2848 1484 2985 1541 huic
3014 1484 3328 1547 intersunt,
3353 1482 3505 1536 idem
3527 1487 3722 1552 tropa-

2078 1574 2232 1631 rium
2266 1579 2538 1632 canentes
2565 1574 2788 1630 intrant
2816 1574 2875 1629 in
2918 1573 3256 1630 narthecem
3289 1571 3485 1643 Magni
3519 1568 3724 1641 templi

2077 1663 2597 1736 [blachernarum].
2621 1661 2849 1734 Reliqui
2864 1663 3012 1717 ritus
3039 1664 3234 1718 autem
3253 1675 3320 1716 eo
3341 1659 3434 1715 die
3453 1659 3599 1714 festo
3612 1657 3724 1713 ob-

2081 1752 2353 1810 servandi
2393 1756 2533 1809 sunt
2579 1751 2802 1808 similes
2833 1751 3045 1806 ritibus
3074 1749 3422 1822 hypapantas
3453 1763 3557 1803 seu
3591 1746 3721 1803 festi

1996 1816 2046 1882 Β
2075 1842 2508 1900 Puriﬁcationis
2539 1843 2727 1898 Beata:
2751 1840 3030 1913 Virginis.
3050 1816 3254 1895 Adnue
3286 1837 3346 1892 id
3376 1836 3719 1904 tenendum,

314 1929 672 2003 logothetam
703 1931 896 1988 dromi
926 1936 983 1988 et
1029 1935 1311 1989 rectorem
1342 1939 1398 1990 et
1441 1936 1929 2006 protoasecretam
1973 1935 2033 1989 et
2061 1932 2378 2004 mysticum
2429 1947 2542 1988 una
2579 1946 2716 1989 cum
2757 1925 3212 2002 protospatharii
3260 1923 3719 1999 cbrysotriclinii

314 2020 375 2076 in
408 2020 635 2091 porticu
653 2020 962 2093 Josephica
991 2025 1162 2079 stare.

949 2117 1211 2170 ΚΕΦΔΛ.
1265 2112 1323 2170 I'.

209 2261 211 2264 ,
312 2203 425 2256 Οσα
453 2195 541 2277 δεῖ
566 2198 1006 2277 παραφυλάττειν
1055 2205 1137 2277 τῇ,
1242 2208 1345 2272 τῆς
1375 2202 1610 2277 ,πρώτης
1642 2197 1966 2277 ἑϐδομάδος,

381 2274 478 2325 τοῦ
513 2267 784 2349 βασιλέως
815 2267 1271 2349 δημηγοροῦντος
1298 2267 1536 2346 ⁷(21)ἰέπῖ
1565 2267 1663 2329 τοῦ
1693 2267 1965 2330 σιλιντίου

381 2349 481 2411 τῆς
514 2345 837 2417 μανναύρας.

382 2430 512 2508 Περὶ
545 2431 688 2508 ὥραν
720 2434 911 2508 τρίτην
962 2429 1172 2489 δίδοται
1217 2432 1636 2508 μεταστάσιμον,
1666 2435 1757 2489 καὶ
1797 2433 1964 2508 άπὲρ-

312 2541 469 2598 χεται
500 2523 677 2578 ἅπασα
732 2525 768 2593 ἡ
831 2521 1165 2597 σύγκλητος,
1223 2524 1314 2579 καὶ
1365 2521 1611 2579 ἵστανται
1656 2524 1807 2579 κάτω
1853 2526 1962 2578 τῶν

311 2609 630 2688 γραδηλίων
681 2619 783 2682 τῆς
836 2611 1137 2686 μανναῦρας
1184 2610 1236 2668 ο⁹ί
1281 2633 1339 2667 τε
1399 2613 1691 2687 μάγιστροι
1722 2612 1814 2667 καὶ
1857 2631 1960 2666 πα-

308 2700 508 2777 τρίκιοι
548 2701 638 2756 καὶ
689 2702 740 2756 οἱ
791 2699 1069 2775 βασιλικοῖ
1125 2702 1320 2763 πάντες
1369 2699 1644 2776 ἄνθρωποι
1675 2701 1764 2754 καὶ
1795 2703 1901 2762 πᾶς
1933 2699 1960 2754 6

309 2789 595 2853 πολιτικὸς
647 2785 847 2866 ὄχλος,
896 2789 928 2845 6'
965 2809 1022 2844 τε
1067 2786 1420 2866 δρουγγάριος
1453 2795 1554 2858 τῆς
1589 2786 1794 2863 βίγλης
1828 2789 1961 2862 μετὰ

308 2880 397 2934 καὶ
446 2883 544 2935 τοῦ
591 2880 868 2956 τάγματος
915 2877 1080 2934 αὐτοῦ
1126 2878 1218 2934 καὶ
1265 2884 1365 2948 τῆς
1417 2877 1708 2954 βασιλικῆς
1739 2897 1962 2952 περιου-

307 2968 426 3031 σίας
458 2971 591 3041 (22),
634 2967 725 3024 καὶ
775 2969 802 3023 ὁ
853 2965 1218 3045 δρουγγάριος
1264 2971 1363 3024 τοῦ
1409 2967 1654 3041 πλοΐμου
1707 2966 1842 3040 μετᾶ
1869 2965 1959 3022 καὶ

304 3062 412 3112 τῶν
465 3057 553 3113 ὑπ’
610 3056 758 3131 αὐτῷ
815 3059 1055 3115 πάντων.
1115 3058 1181 3116 Οἱ
1235 3054 1293 3113 δὲ
1340 3055 1594 3113 δεσπόται
1647 3054 1960 3132 ἐξέρχονται

305 3145 414 3251 ἀπὸ
469 3147 923 3251 σκαρμμαγγίωγ,
994 3151 1284 3251 φοροὲῖντες
1358 3147 1448 3202 καὶ
1483 3145 1572 3251 ,τὰ
1627 3147 1956 3251 χρυσοπξρίο
1990 3181 2033 3251 C

305 3234 530 3290 κλειστα
559 3233 733 3291 αὖτῶν
766 3234 949 3313 σαγία,
981 3236 1072 3291 καὶ
1121 3233 1428 3311 διέρλονται
1480 3233 1570 3291 διὰ
1597 3255 1655 3290 τε
1695 3239 1804 3290 τῶν
1837 3233 1958 3290 δια-

306 3317 544 3382 ϐατίκῶν
574 3331 682 3381 τῶν
714 3325 886 3402 ἁγίων
940 3333 993 3398 μ’
1043 3326 1134 3380 καὶ
1186 3329 1280 3382 τοῦ
1311 3325 1577 3402 σίγματος
1609 3325 1699 3381 καὶ
1731 3332 1832 3394 τῆς
1862 3328 1958 3380 τοῦ

307 3413 505 3486 Κυρίου
560 3412 876 3486 ἐκκλησίας,
932 3415 1022 3471 καὶ
1075 3415 1334 3470 ἅπτουσιν
1391 3413 1563 3472 ἐκεῖσε
1608 3413 1955 3490 κηροὺς,καὶ

303 3501 410 3559 ἀπὸ
440 3507 546 3558 τῶν
587 3503 757 3560 ἇκεῖσε
807 3501 1123 3580 διέρχονται
1173 3503 1261 3560 διὰ
1303 3525 1362 3559 τε
1411 3507 1509 3574 τῆς
1559 3503 1835 3576 σακὲλλης
1865 3504 1956 3560 καὶ

302 3596 398 3648 τοῦ
446 3592 626 3648 ὠάτου
676 3593 766 3646 καὶ
811 3597 912 3648 τοῦ
959 3592 1247 3668 ἀνάγοντος
1295 3593 1570 3649 στενωποῦ
1616 3593 1693 3658 εἷς
1728 3593 1821 3649 τὸν
1853 3597 1954 3659 τῆς

308 3680 612 3754 μανναῦρας
653 3679 910 3750 ἡλιακὸν,
959 3681 1049 3735 καὶ
1109 3679 1448 3756 εἰσέρχονται
1499 3680 1551 3737 ἰν
1595 3687 1674 3753 τῷ
1727 3681 1954 3758 μεγάλῳ

300 3766 594 3843 τρικλίνῳ,
645 3766 904 3838 δηλονότι
959 3765 1378 3845 δηριγευόμενοι
1429 3771 1532 3826 ὑπό
1579 3791 1638 3826 τε
1682 3775 1778 3826 τοῦ
1825 3791 1955 3826 κου-

304 3853 596 3914 6ουκλείου
641 3858 733 3914 καὶ
797 3863 905 3915 τῶν
976 3855 1326 3934 μαγλαϐιτῶν
1372 3859 1460 3914 καὶ
1507 3861 1606 3929 τῆς
1665 3858 1952 3936 ἑταιρείας.

302 3949 511 4005 Ἐκεῖσε
566 3947 671 4024 γὰρ
729 3946 780 4002 ἐν
839 3953 916 4021 τῷ
976 3947 1203 4022 μέγάλφ
1271 3947 1534 4023 τρικλίνῳ
1591 3949 1830 4013 κάτωθεν
1853 3955 1953 4019 τῆς

301 4035 536 4112 πλαγίας
581 4037 832 4112 καμάρας
889 4043 990 4106 τῆς
1039 4033 1214 4108 δεξιᾶς
1269 4037 1406 4111 πρὸς
1463 4036 1735 4107 ἀνατολὴν
1766 4037 1984 4093 ’ίστανο’

302 4147 388 4182 ται
418 4130 526 4180 τῶν
578 4122 856 4181 δεσποτῶν
914 4130 1094 4202 χρυσᾶ
1147 4124 1360 4182 σελλία.
1424 4127 1645 4183 Κάκεῖσε
1677 4127 1872 4204 μικρόν
1902 4148 1954 4183 τι

300 4215 681 4290 καθεζόμενοι,
710 4212 814 4278 ἓως
849 4214 906 4270 ἂν
952 4216 1055 4271 ὑπὸ
1094 4219 1192 4272 τοῦ
1239 4217 1601 4290 πραιποσίτου
1647 4217 1819 4272 πάντα
1856 4239 1955 4273 κα-

303 4301 413 4366 λῶς
469 4304 893 4380 εὐτρεπισθῶσιν
955 4305 1164 4378 (ἐκνικᾷ
1202 4305 1226 4341 9
1284 4307 1385 4381 γὰρ
1441 4306 1504 4362 τὸ
1560 4308 1774 4364 καθῖσαι
1828 4308 1955 4371 τοὺς

2728 2109 2963 2168 CAPUT
2999 2109 3066 2165 Χ.

2079 2199 2429 2260 Observanda
2468 2200 2558 2272 die
2600 2200 2834 2272 secundo
2881 2200 3084 2272 prima:
3128 2197 3450 2272 septimanae
3499 2195 3724 2268 [jejunii

2147 2271 2689 2345 quadragesimalis].
2739 2269 2960 2327 domino
3003 2273 3064 2326 in
3109 2269 3338 2325 silentio
3393 2281 3720 2339 magnaurz

2146 2360 2452 2400 sermonem
2478 2345 2898 2416 pronuntiante.

2147 2433 2312 2490 Circa
2351 2432 2580 2489 tertiam
2630 2433 2835 2488 horam
2882 2433 3056 2488 datur
3101 2427 3569 2488 metastasimum
3613 2442 3716 2484 seu

2074 2523 2327 2579 abeundi
2358 2537 2428 2578 ex
2465 2520 2598 2578 aula
2622 2525 2681 2577 et
2718 2521 2967 2593 negotiis
3007 2518 3324 2576 curialibus
3371 2514 3624 2584 licentia,
3656 2519 3717 2571 et

2073 2611 2195 2668 abit
2226 2616 2384 2668 totus
2415 2616 2676 2678 senatus,
2714 2609 3101 2681 consistitque
3139 2609 3295 2664 intra
3332 2607 3550 2677 gradus
3589 2619 3719 2659 ma-

2071 2717 2328 2774 gnaurar,
2345 2699 2569 2757 scilicet
2586 2698 2846 2770 magistri
2870 2703 2928 2756 et
2949 2696 3178 2770 patricii
3193 2701 3248 2752 et
3265 2694 3494 2752 basilici
3516 2709 3718 2751 omnes

2070 2791 2329 2847 etomnis
2343 2789 2592 2864 p0pulus
2607 2790 2882 2860 urbanus,
2897 2787 3246 2860 drungarius
3270 2784 3479 2857 vigilias
3491 2798 3616 2839 cum
3627 2798 3719 2840 co-

2070 2881 2237 2937 horte
2256 2896 2358 2935 sua
2391 2885 2449 2937 et
2495 2895 2658 2935 sacra
2703 2876 2958 2951 periusia
2998 2878 3124 2950 [seu
3167 2873 3508 2932 comitativa
3546 2888 3718 2944 pecu-

2070 2971 2257 3045 liare],
2287 2973 2428 3027 item
2451 2971 2804 3043 drungarius
2834 2969 3036 3041 ploimi
3066 2968 3152 3026 vel
3183 2967 3389 3024 classis
3419 2982 3554 3023 cum
3587 2980 3714 3021 om-

2068 3060 2244 3116 nibus
2267 3060 2339 3115 ab
2362 3075 2532 3116 suam
2563 3058 2990 3130 inspectionem
3008 3056 3457 3130 pertinentibus.
3483 3053 3711 3110 Domini

2070 3154 2266 3208 autem
2298 3149 2587 3222 prodeunt
2611 3148 2665 3220 [e
2687 3163 2898 3220 magno
2929 3146 3166 3220 palatio]
3197 3145 3257 3201 in
3288 3141 3713 3216 scaramangiis

2070 3244 2127 3297 et
2156 3240 2311 3311 sagis
2341 3238 2467 3296 suis
2508 3254 2648 3295 auro
2697 3237 2912 3310 septis;
2964 3235 3343 3308 trajectisque
3391 3231 3711 3305 porticibus

2065 3332 2415 3389 Sanctorum
2449 3329 2838 3404 quadraginta
2887 3329 3255 3400 [martyrum]
3292 3331 3349 3382 et
3379 3325 3625 3398 sigmate
3655 3327 3713 3380 et

2065 3421 2299 3478 Domini
2330 3420 2594 3486 ecclesia,
2616 3419 2676 3476 in
2709 3436 2825 3493 qua
2845 3433 3040 3476 cereos
3070 3416 3417 3485 accendunt,
3449 3418 3506 3471 et
3535 3412 3716 3470 sacel-

2067 3510 2122 3568 lo
2153 3514 2210 3568 et
2239 3515 2404 3568 ovato
2435 3514 2492 3567 et
2522 3509 2831 3582 angiportu
2860 3507 3122 3577 tandem,
3173 3505 3275 3578 qui
3322 3504 3394 3560 ad
3427 3502 3709 3560 solarium

2066 3615 2397 3673 magunum
2443 3599 2624 3668 ducit,
2676 3599 2900 3655 intrant
2947 3597 3009 3654 in
3060 3610 3334 3668 magnum
3389 3591 3711 3650 triclinium

2065 3690 2215 3746 815
2251 3688 2446 3760 stipati
2477 3693 2535 3744 et
2582 3687 2856 3744 conducti
2886 3704 2919 3743 a
2957 3685 3247 3754 cubiculo,
3289 3681 3625 3756 maglabitis
3655 3685 3713 3738 et

2068 3777 2323 3844 hetmria.
2359 3777 2440 3832 lbi
2491 3792 2806 3849 parumper
2854 3774 3121 3830 desident
3166 3773 3225 3828 in
3272 3770 3568 3828 collocatis
3599 3769 3709 3824 sub

2066 3865 2291 3922 laterali
2324 3865 2527 3921 dextro
2551 3865 2623 3919 ad
2650 3864 2934 3919 orientem
2968 3862 3184 3918 fornice
3214 3859 3414 3933 magni
3444 3855 3707 3926 triclinii,

2065 3953 2226 4010 sellis
2256 3951 2467 4019 aureis,
2499 3953 2658 4022 (nam
2686 3951 2888 4007 stricte
2919 3951 2972 4005 id
3004 3950 3452 4013 observandum,
3484 3950 3540 4003 et
3579 3961 3707 4001 mos

2061 4050 2326 4114 receptus
2355 4042 2553 4114 exigit,
2579 4047 2640 4097 ut
2663 4040 3041 4112 imperatores
3059 4054 3361 4109 nunquam
3395 4035 3497 4091 diu
3528 4038 3702 4090 stent.

2063 4133 2164 4189 sed
2197 4147 2427 4203 semper
2457 4129 2745 4201 sedeant,)
2771 4130 2954 4185 donec
2983 4145 3016 4183 a
3047 4125 3354 4199 praposito
3388 4127 3706 4196 praeparata

2063 4220 2271 4278 fuerint
2291 4221 2503 4277 omnia.
2531 4219 2634 4275 Hic
2652 4218 2806 4274 enim
2839 4220 2955 4274 exit
2985 4234 3104 4272 una
3132 4231 3266 4272 cum
3297 4211 3704 4270 cerimoniario

2065 4311 2137 4367 ad
2161 4310 2518 4367 ordinandas
2539 4311 2898 4367 asecretaset
2922 4306 3145 4379 reliqua
3164 4302 3381 4365 omnia.
3414 4317 3539 4374 quae
3559 4301 3703 4358 ceri-

1647 4434 1888 4494 VABIIE
1930 4436 2232 4496 LECTION
2238 4437 2344 4495 ES.

372 4537 397 4574 ο
424 4537 605 4609 ἐκνικᾷ
633 4542 786 4614 conj.
820 4544 911 4612 ιι,
942 4541 1106 4610 ἡνίκα
1133 4543 1261 4600 cod.

1346 4669 1550 4728 JOAN.
1588 4671 1729 4728 JAC.
1762 4671 2023 4730 REISKII
2058 4671 2645 4730 COMMENTARIUS.

367 4781 484 4854 (20)
515 4780 1124 4869 F‘ueritnepeculisris
1164 4785 1352 4869 aulica
1381 4785 1640 4869 dignitas
1663 4786 1932 4869 .Mystici,
1966 4792 2013 4857 Β
2045 4789 2310 4869 ρειωδθιξ.
2343 4789 2533 4869 Jurid.
2565 4790 2656 4869 7_7.
2692 4805 2732 4859 ι,
2781 4789 2842 4844 L.
2875 4787 3045 4860 VII.)’
3084 4787 3251 4844 Conf.
3290 4786 3374 4842 Du
3414 4785 3607 4860 Gange
3636 4801 3688 4841 v.

299 4851 385 4935 an
405 4851 730 4935 appellatus
760 4851 909 4935 sicut:
938 4854 1108 4935 vulgo
1145 4860 1203 4913 et
1227 4851 1557 4935 historicis,
1577 4851 1935 4935 quiamicus

299 4925 668 5007 imperatoris
704 4924 1066 5007 famil‘iarior'
1092 4931 1265 5007 esset,
1302 4924 1940 5007 interioris-admissio-

301 4996 414 5074 nis,
445 5011 564 5074 non
595 4997 756 5074 novi.
779 4996 933 5074 S_atis
953 4998 1283 5074 frequenter
1311 5008 1670 5057 memoratur
1697 5001 1944 5074 Scripto-

299 5067 462 5141 ribus
526 5067 879 5141 Byzantinis.
947 5067 1113 5141 Apud
1179 5070 1426 5127 Leonem
1484 5074 1808 5128 Grammat.

298 5139 422 5221 589,
472 5139 713 5221 retinuit
750 5140 936 5221 “Goer.
997 5139 1192 5198 vocem
1234 5141 1539 5221 Graecam“
1564 5143 1822 5221 Mysticus
1879 5139 1940 5221 in

298 5211 541 5286 Latinis,
580 5211 671 5286 _ad
743 5212 1065 5268 Cedrenum
1123 5229 1256 5269 vero
1316 5231 1369 5277 p.
1436 5213 1562 5281 599,
1604 5211 1942 5286 adscripsit

295 5281 356 5337 in
408 5281 692 5347 margine,
741 5286 1050 5338 senatorem
1098 5287 1402 5340 secretioris
1460 5285 1726 5341 consilii:
1787 5281 1936 5343 esse.

297 5353 460 5430 ggnf.
513 5353 752 5430 βοτῆρι.
829 5360 961 5422 post
1018 5355 1353 5430 Tbeophan.
1432 5373 1489 5427 p.
1564 5358 1691 5430 224,
1761 5365 1818 5430 et
1880 5375 1936 5430 p.

295 5425 424 5499 25!,
470 5423 568 5478 ubi
612 5423 986 5499 memoratur
1039 5423 1248 5499 aliquis
1305 5425 1333 5481 6
1395 5423 1794 5499 μυστικὸςκαὶ
1842 5423 1940 5483 πα-

301 5491 728 5572 ραδυναστεύων.
797 5497 1038 5572 Ibidem
1095 5491 1152 5569 p:
1203 5499 1330 5566 276,
1370 5491 1684 5572 _bccurritA
1723 5499 1938 5572 aliquis

304 5564 696 5642 μυστικὸς-καὶ
763 5564 1241 5642 καθηγητήςίτῶν
1274 5564 1614 5642 ,φιλοσόσων
1650 5570 1686 5642 γ’
1737 5564 1937 5642 (Ιοὶῐι-

303 5652 406 5694 nes
437 5638 706 5696 Nicolaus
737 5638 1083 5712 cognomine
1114 5638 1392 5714 Mystic'us
1436 5641 1691 5700 occurrit
1720 5638 1776 5700 in
1807 5643 1934 5702 cod.

2055 4860 2333 4922 Μυστικὸς
2365 4866 2423 4917 et
2454 4859 2682 4916 Mistico.

2123 4932 2234 4999 (21)
2253 4931 2332 4988 De
2346 4931 2454 4988 hac
2475 4930 2719 4988 selemni
2742 4930 3002 4987 oratione
3017 4947 3070 4986 v.
3087 4929 3244 4985 dicta
3255 4929 3590 5001 superiusp.
3604 4927 3695 4983 91.

2122 5004 2236 5080 (22)
2267 5004 2518 5068 Quinam
2553 5003 2612 5058 bi
2634 5003 2776 5068 sint,
2807 5019 2923 5080 non
2957 5000 3448 5080 expu_to.__Debent
3476 5000 3548 5080 de
3568 5014 3701 5080 pro-

1884 5090 1940 5147 p.
2051 5071 2333 5147 tectorum
2363 5089 2576 5147 genere
2605 5090 2759 5147 esse,
2791 5073 2911 5130 sive
2959 5071 3231 5131 scholarii
3256 5073 3382 5142 jam
3405 5071 3542 5137 sint,
3575 5071 3698 5147 sive

2051 5145 2318 5218 Barangi,
2349 5143 2470 5202 sive
2498 5147 2569 5202 de
2597 5145 2710 5203 alio
2742 5161 3094 5217 quocunque
3123 5158 3355 5218 genere,
3395 5157 3544 5218 quos
3583 5143 3696 5195 im-

2050 5213 2282 5289 perator
2305 5213 2552 5288 elegerit
2582 5217 2694 5274 sibi
2751 5213 3059 5289 perpetuos
3089 5213 3333 5289 comites
3361 5213 3693 5289 scutiferos,

2047 5281 2144 5358 qui
2179 5289 2332 5344 circa
2353 5281 2574 5361 sevsint,
2600 5281 2974 5361 quocum-que
2994 5292 3108 5343 eat.
3141 5286 3286 5361 Hinc
3316 5281 3448 5345 λαὸς
3465 5281 3687 5361 περιου-

2048 5356 2164 5420 σιος
2209 5365 2298 5416 est
2345 5359 2552 5415 militia
2598 5356 2795 5427 chara,
2838 5356 3056 5416 delecta
3093 5362 3150 5412 et
3195 5356 3424 5425 dilecta,
3471 5356 3680 5411 militia

2045 5435 2145 5505 τῇς
2178 5429 2512 5505 περιουσίας.
2548 5433 2762 5505 peculii
2809 5427 3268 5505 s_eu_pec_ul‘iaris
3291 5445 3325 5505 ;_
3340 5428 3454 5505 vid.
3487 5430 3675 5484 Theo-

2047 5499 2314 5571 phanfp.
2347 5503 2473 5570 305,
2516 5499 2617 5571 ubi
2662 5504 2742 5556 ait
2806 5499 3683 5571 de,Justiniano‘Rhinutmeto:

2047 5568 2399 5647 Ἑστράτευσε
2437 5568 2697 5647 χιλιάδας
2731 5571 2778 5627 λ’
2814 5570 2912 5647 ,καὶ
2953 5570 3183 5633 ὁπλίσας
3231 5569 3425 5632 αὐτοὺς
3474 5568 3684 5624 επωνό-

2051 5641 2216 5717 μασέν
2249 5641 2611 5710 αὐτοὺςλαὸν
2639 5641 2972 5721 περιούσιον.
