4060 6214
473 364 630 425 1015

1484 357 2013 419 CONSTANTINI
2061 356 2759 418 PORPHYltOGENlTI

3704 364 3825 425 1016

472 496 727 553 moniale
758 494 1052 564 importat.
1096 494 1244 549 Sunt
1274 496 1469 548 autem
1502 508 1569 547 ea
1616 492 1757 546 hac.
1780 490 2106 562 Explicatur

2223 485 2524 558 δεσπότας),
2584 485 2856 562 ἐξέρχεται
2912 489 2939 542 6
2995 489 3380 564 πραιπόσιτος
3443 489 3573 561 μετᾶ
3629 490 3703 544 καί
3753 500 3829 549 τοῦ

472 603 577 659 per
606 586 824 657 gradus
856 598 1187 652 magnauraa
1219 599 1251 637 a
1274 598 1508 637 summo
1538 582 1719 653 gradu
1746 582 1813 635 ad
1839 580 2112 636 intimum

474 689 661 744 usque
693 671 1037 743 epeuchium
1062 686 1156 725 seu
1175 676 1359 741 tapes,
1384 686 1561 741 super
1591 685 1699 740 quo
1714 668 1930 723 domini
1949 684 2111 739 pero-

472 765 665 818 rantes
696 766 874 816 stant.
907 760 1054 815 Hinc
1086 766 1281 814 autem
1314 764 1371 814 et
1400 758 1581 823 illinc,
1616 776 1645 813 a
1677 760 1877 813 dextra
1908 774 2114 828 nempe

473 855 529 907 et
550 867 584 905 a
607 850 869 919 sinistra,
886 856 1038 905 stant
1060 849 1117 903 in
1134 850 1340 904 seriem
1373 846 1634 903 collocati
1662 864 1695 901 a
1726 847 1913 919 primo
1935 847 2113 917 gradu

474 940 549 996 ad
578 940 849 995 intimum
902 953 1083 1009 usque
1133 941 1399 993 asecretae
1432 941 1488 991 et
1528 936 1759 1003 notarii,
1805 936 1973 991 verba
2011 935 2113 991 do-

477 1030 622 1086 mini
654 1028 967 1100 excepturi.
995 1030 1055 1082 ln
1085 1026 1273 1098 primo
1300 1030 1491 1082 autem
1526 1026 1708 1097 gradu
1744 1026 1813 1079 ad
1847 1026 2112 1080 dextram

472 1119 813 1179 orientalem
846 1123 1060 1191 partem
1094 1117 1551 1189 stantlogotbeta
1581 1120 1637 1172 et
1674 1115 2113 1188 protoasecretis

472 1212 530 1265 et
556 1206 1009 1280 protonotarius.
1034 1210 1261 1263 Interea
1281 1208 1420 1261 dum
1444 1205 1665 1261 domini
1692 1204 1775 1261 sic
1809 1203 1868 1259 in
1902 1219 2111 1275 magno

469 1297 723 1354 triclinio
736 1313 1057 1369 magnauraa
1079 1297 2113 1367 sedent,exspectantesopportunum

469 1386 790 1459 prodeundi
830 1390 1082 1457 tempus,
1118 1390 1308 1441 astant
1358 1384 1505 1455 ipsis
1537 1382 1879 1440 cubicularii
1909 1398 2113 1437 omnes

468 1480 523 1531 et
555 1474 883 1545 maglabitae
914 1482 969 1529 ct
1004 1474 1237 1529 hetazria
1265 1480 1321 1529 et
1350 1473 1873 1545 cbrysotriclinitaa.
1906 1471 2107 1526 Omni-

469 1562 581 1617 bus
612 1568 803 1617 autem
836 1564 1212 1634 comparatis,
1246 1563 1420 1616 intrat
1451 1564 1793 1634 praepositus
1826 1567 1882 1615 et
1912 1561 2115 1616 adorat

470 1652 777 1707 dominum
810 1657 966 1707 certo
1010 1653 1261 1723 quodam
1296 1656 1462 1721 gestu
1505 1658 1679 1721 caput
1710 1652 1996 1705 inclinans
2026 1667 2111 1704 sa-

470 1758 724 1814 gumque
772 1758 946 1796 suum
1013 1741 1280 1796 manibus
1327 1740 1593 1795 nonnihil
1652 1739 1935 1794 attollens.
1989 1740 2111 1803 Quo

470 1832 605 1885 dato
636 1832 827 1899 signo,
854 1829 1118 1899 protinus
1141 1828 1401 1899 exsurgit
1432 1829 1703 1883 dominus
1724 1844 2113 1899 egressusque

472 1928 634 1973 extra
664 1917 952 1972 cancellos
985 1922 1100 1971 stat
1148 1918 1206 1971 in
1243 1934 1475 1971 summo
1505 1919 1685 1989 gradu
1718 1932 1894 1987 super
1923 1919 2111 1971 orario

476 2006 556 2060 ibi
587 2022 876 2074 expanso;
911 2008 1291 2077 protinusque
1313 2008 1379 2061 ad
1412 2013 1617 2061 nutum
1650 2006 1940 2078 praepositi
1973 2005 2113 2059 dicit

473 2095 661 2149 omnis
692 2095 943 2166 populus
975 2095 1417 2167 polychronium
1453 2110 1552 2151 seu
1590 2100 1786 2151 votum
1821 2094 2111 2149 diuturnae

470 2189 524 2238 et
551 2199 837 2255 prosperae
866 2184 1016 2238 vitae.
1052 2184 1296 2238 Reddito
1324 2183 1575 2253 silentio,
1607 2183 1811 2256 incipit
1840 2184 2111 2239 dominus

467 2287 754 2342 perorare.
790 2273 912 2337 Quo
944 2272 1027 2326 sic
1050 2274 1117 2327 ad
1136 2272 1367 2329 teletam
1401 2289 1504 2328 seu
1529 2273 1963 2343 perfectionem,
1996 2272 2107 2342 vel,

467 2361 620 2431 quod
657 2361 807 2416 idem
843 2366 950 2429 est,
983 2364 1053 2417 ad
1088 2362 1269 2417 stasin
1312 2378 1413 2418 seu
1448 2379 1714 2433 pausam,
1756 2360 1945 2417 delato
1977 2362 2109 2433 [hoc

465 2460 550 2505 est
584 2468 852 2508 sermone
900 2452 1087 2523 ﬁnito]
1138 2456 1287 2508 tacet
1350 2452 1475 2524 ipse
1524 2452 1799 2523 quidem;
1858 2452 2108 2522 populus

464 2545 661 2594 autem
696 2540 988 2611 praepositi
1020 2544 1165 2595 nutu
1216 2541 1470 2595 monitus
1498 2543 1696 2595 recitat
1725 2539 2105 2609 canticulum,

464 2643 579 2697 quo
630 2628 860 2697 longam
904 2630 1013 2697 ipsi
1061 2629 1236 2684 vitam
1279 2634 1336 2683 et
1381 2629 1515 2683 felix
1565 2630 1874 2700 imperium
1927 2646 1960 2683 a
1991 2629 2107 2683 Deo

466 2718 755 2785 precatur.
790 2717 868 2771 Eo
900 2716 1085 2782 ﬁnito,
1120 2718 1311 2787 signat
1352 2718 1666 2787 imperator
1696 2717 1972 2788 populum
1998 2722 2105 2788 ter,

464 2806 519 2858 et
579 2803 833 2870 primum
883 2803 1118 2875 quidem
1173 2820 1369 2859 coram
1420 2822 1479 2859 se
1524 2806 1582 2859 in
1625 2805 1813 2860 medio
1862 2810 2106 2874 stantes,

462 2891 736 2963 deinceps
769 2894 839 2947 ad
868 2887 1150 2960 dextram,
1187 2897 1242 2947 et
1274 2894 1510 2948 tandem
1555 2896 1622 2949 ad
1656 2894 1973 2951 sinistram.
2007 2894 2106 2950 His

469 2982 738 3050 peractis,
798 2986 1165 3038 revertuntur
1208 2982 1429 3038 domini
1476 2984 1544 3038 ad
1590 2983 1848 3051 easdem,
1890 2985 2106 3055 quibus

468 3073 640 3126 antea
682 3072 974 3141 sederant,
1017 3072 1188 3129 sellas
1222 3088 1447 3143 aureas,
1502 3072 1700 3144 ibique
1728 3074 2021 3142 resident;
2051 3077 2109 3129 et

471 3158 668 3215 statim
699 3159 989 3232 incipiunt
1028 3160 1234 3216 milites
1278 3162 1347 3216 ad
1382 3162 1700 3217 aritbmum
1753 3163 2107 3233 pertinentes

468 3254 775 3305 consuetas
790 3249 993 3306 laudes
1013 3250 1220 3306 dicere.
1238 3252 1475 3306 Interim
1500 3252 1802 3322 digressus
1823 3252 1897 3307 ab
1920 3253 2104 3322 impe-

464 3344 654 3393 ratore
678 3338 1022 3409 praepositus
1046 3339 1271 3410 reliqua
1292 3339 1518 3394 ordinat
1545 3340 1829 3395 discessui
1852 3356 2111 3396 necessa-

461 3426 547 3482 ria
577 3434 631 3480 et
662 3441 918 3495 congrua
944 3444 957 3493 ;
993 3427 1254 3497 magistri
1286 3444 1491 3500 nempe
1517 3436 1571 3483 et
1602 3428 1826 3500 patricii
1858 3433 1915 3483 et
1940 3445 2110 3484 sena-

458 3518 615 3569 tores
667 3515 923 3569 seriatim
968 3517 1298 3572 consistunt
1338 3518 1396 3571 in
1438 3516 1663 3571 laterali
1711 3517 1928 3587 porticu
1962 3518 2106 3573 sini-

460 3610 590 3658 stt-ae
643 3603 1023 3659 occidentalis
1080 3605 1283 3676 plagae,
1357 3606 1725 3663 dominorum
1792 3608 2106 3663 adventum

458 3697 879 3763 exspectantes.
913 3694 1068 3748 316
1100 3693 1381 3751 Omnibus
1412 3696 1559 3752 bene
1586 3696 1888 3763 ordinatis,
1913 3696 2103 3769 ingre-

460 3781 621 3836 ditur
638 3798 842 3838 rursus
863 3784 1232 3855 prtepositus,
1257 3785 1574 3857 adoratque
1604 3786 1876 3842 dominos
1908 3787 2101 3856 modo,

460 3882 577 3937 quo
628 3868 801 3940 paulo
852 3875 985 3925 ante
1034 3870 1310 3937 diximus,
1368 3872 1658 3945 simulque
1696 3874 1774 3929 sic
1826 3875 2104 3931 admonet

458 3956 655 4025 tacite,
689 3964 891 4028 parata
902 3960 1028 4029 jam
1052 3961 1251 4015 omnia
1279 3977 1429 4016 esse.
1461 3962 1718 4033 Surgunt
1746 3978 1883 4035 ergo
1914 3964 2099 4019 domi-

461 4045 521 4100 ni
556 4048 835 4117 protinus,
856 4057 909 4102 et
934 4055 1241 4105 transeunt
1272 4066 1370 4119 per
1390 4050 1692 4106 sinistram
1726 4050 1955 4122 plagam
1978 4070 2103 4123 gra-

458 4135 638 4191 duum
690 4137 1023 4209 dictamque
1075 4155 1176 4210 per
1217 4139 1523 4210 porticum,
1575 4157 1688 4212 qua
1736 4142 1996 4212 magistri
2044 4146 2101 4196 et

456 4226 684 4296 patricii
718 4228 1056 4298 ordinisque
1078 4228 1352 4284 senatorii
1383 4228 1485 4283 viri
1519 4233 1709 4295 stant;
1740 4237 1793 4284 et
1814 4231 1897 4285 sic
1927 4246 2098 4301 porro

455 4330 558 4385 per
579 4321 827 4387 portam,
853 4334 979 4388 qum
1003 4318 1073 4371 ad
1102 4317 1421 4372 triclinium
1454 4318 1883 4374 canditatorum
1915 4318 2098 4389 ducit,

452 4403 671 4470 egressi
723 4410 971 4474 pergunt
1026 4404 1186 4472 illuc,
1218 4414 1272 4461 et
1320 4406 1483 4461 illinc
1538 4408 1948 4463 continuantes
1999 4424 2099 4480 per

455 4490 747 4559 excubita,
782 4509 882 4562 per
927 4492 1177 4562 scholas,
1214 4510 1319 4565 per
1342 4496 1579 4565 chytum
1624 4495 1874 4567 cbalces,
1920 4497 2093 4553 deve-

2220 585 2321 646 τῆς
2354 576 2725 639 καταστάσεως
2783 577 2920 651 πρὸς
2966 578 3027 632 τὸ
3079 577 3405 652 εὐτρεπίσαι
3460 578 3584 641 τους
3635 602 3683 634 τε
3728 583 3827 652 ἄση.

2220 670 2423 741 κρήτας
2468 668 2574 739 (23)
2622 666 2711 720 καὶ
2762 667 2957 735 πάντα,
3012 668 3118 721 ὅσα
3166 670 3203 736 ἠ
3262 668 3521 736 συνήθεια
3571 665 3829 743 ἕχει.Ἀνω

2220 757 2322 832 γὰρ
2370 761 2479 809 τῶν
2530 753 2849 831 γραδηλίων
2911 757 3079 832 μέχρι
3141 760 3246 811 τοῦ
3318 754 3626 811 τελευταίου
3669 760 3827 815 τίθεται

2220 843 2497 920 ἐπεύχιον,
2558 844 2608 898 ἐν
2659 845 2704 915 ᾧ
2747 842 2990 900 ’ἵστανται
3033 846 3087 899 o't
3142 842 3433 900 δεσπόται·
3492 843 3626 901 ἔνθεν
3679 845 3725 901 δὲ
3761 850 3832 902 κᾶ-

2220 940 2383 1004 κεῖσε,
2415 934 2586 1008 ἤγουν
2632 930 2776 1004 δεξιὰ
2805 934 2894 988 καὶ
2944 935 3233 1008 ἀριστερὰ,
3266 932 3441 1009 ἤγουν
3475 934 3576 989 απὸ
3602 940 3689 990 τοῦ
3714 937 3831 1009 πρώ-

2219 1046 2315 1081 του
2367 1023 2670 1101 γραδηλίου
2726 1026 2894 1100 μέχρι
2937 1032 3035 1080 τοῦ
3078 1023 3441 1091 τελευταίου,
3486 1027 3713 1081 ἳστανται
3742 1033 3833 1081 στῐο

2221 1112 2393 1189 χηδὸν
2426 1114 2476 1169 οἳ
2512 1135 2571 1169 τε
2618 1115 2917 1189 ἇσηκρῆται
2967 1116 3056 1169 καὶ
3101 1116 3357 1188 νοτάριοι
3408 1112 3691 1187 μέλλοντες
3718 1114 3836 1170 ἐκλα-

2220 1200 2405 1268 6έσθαι
2452 1205 2518 1259 τὰ
2568 1204 2669 1257 ὑπὸ
2718 1207 2812 1258 τοῦ
2865 1202 3139 1278 βασιλέως
3202 1201 3685 1281 δημηγορούμενα.
3724 1206 3832 1260 Ἀνω

2220 1291 2277 1348 δὲ
2326 1294 2401 1355 εἷς
2450 1296 2511 1349 τὸ
2559 1298 2776 1366 πρῶτον
2831 1290 3141 1371 γραδήλιον
3198 1292 3253 1348 ἐν
3306 1297 3388 1364 τῷ
3436 1294 3571 1367 πρὸς
3623 1293 3834 1355 ἀνατολὰς

2220 1380 2378 1455 δεξιῷ
2435 1382 2585 1456 μέρει
2636 1382 2880 1438 ’ίστανται
2948 1384 2975 1437 6
3038 1403 3093 1437 τε
3161 1382 3474 1458 λογοθέτης
3528 1382 3614 1436 καὶ
3665 1387 3833 1456 πρῶτος

2219 1472 2535 1547 ἆσηκρτςτης
2593 1473 2684 1525 καί
2736 1474 2763 1526 6
2817 1472 3295 1545 πρωτονοτάριος.
3362 1470 3576 1541 Ἰστέον,
3623 1467 3716 1542 ὅτι,
3758 1476 3836 1526 τῶν
3954 1464 3955 1521 l

2220 1559 2493 1617 δεσποτῶν
2541 1560 2941 1633 καθεζομένων,
2990 1561 3363 1630 παρίστανται
3412 1559 3465 1615 ο⁹ί
3506 1581 3563 1615 τε
3603 1565 3690 1615 τοῦ
3738 1581 3833 1613 κους

2221 1647 2513 1706 ϐουκλείου
2543 1649 2737 1712 πάντες
2768 1652 2860 1705 καὶ
2910 1651 2962 1705 o't
3008 1656 3110 1705 τοῦ
3149 1646 3464 1725 μαγλεόίου
3492 1649 3578 1703 καὶ
3604 1656 3695 1716 τῆς
3719 1649 3830 1703 ἑται-

2221 1740 2363 1813 ρείας
2414 1740 2526 1814 ἅμα
2570 1742 2658 1794 καί
2709 1745 2814 1793 τῶν
2866 1738 3425 1815 χρυσοτρικλινιτῶν.
3465 1739 3592 1795 ’Ότε
3618 1736 3670 1792 δὲ
3695 1738 3826 1791 πάντα

2144 1850 2188 1914 Β
2218 1828 2403 1892 καλῶς
2451 1829 2891 1903 εύτρεπισθῶσιν,
2940 1828 3255 1903 εἰσέρχεται
3297 1829 3327 1882 6
3366 1828 3729 1902 πραιπόσιτος,
3761 1824 3825 1878 καί

2222 1924 2530 1992 προσκυνεῖ,
2579 1914 3004 1996 σχηματοειδῶς
3052 1939 3175 1979 πως
3223 1919 3329 1986 τήν
3378 1916 3613 1992 κεφαλὴν
3645 1913 3824 1969 ὑποχλί-

2220 2030 2326 2063 νων
2393 2008 2482 2061 καὶ
2539 2012 2658 2069 ταῖς
2716 2007 2873 2082 χερσὶ
2926 2006 3167 2082 μετρίως
3227 2005 3508 2084 κουφίζων
3561 2007 3620 2059 τὸ
3681 2004 3826 2057 ἑαυτοῦ

2224 2097 2430 2171 σαγίον,
2462 2096 2552 2150 καὶ
2585 2094 2781 2159 ευθέως
2829 2095 3137 2150 ἀνίστανται
3192 2096 3247 2150 οἱ
3300 2091 3575 2159 δεσπόται,
3603 2093 3681 2147 καί
3706 2090 3819 2164 ἐξερ-

2222 2187 2452 2261 χόμενοι
2509 2183 2608 2255 ἔξω
2666 2189 2762 2240 τοῦ
2830 2182 3141 2260 καγκὲλλου
3217 2184 3468 2239 ἳστανται
3526 2181 3628 2237 ἅνω
3678 2181 3740 2241 είς
3780 2180 3822 2232 τὸ

2220 2279 2435 2350 πρῶτον
2491 2271 2812 2348 γραδήλιον,
2862 2274 2913 2328 ἐν
2956 2275 3001 2346 ᾧ
3039 2275 3130 2328 καὶ
3180 2274 3247 2329 τὸ
3299 2272 3550 2347 ἐπεύχιον
3596 2268 3818 2339 ἧπλωται,

2218 2365 2308 2419 καὶ
2370 2364 2565 2428 εὐθέως
2638 2360 2726 2418 διὰ
2790 2362 3061 2436 νεύματος
3132 2369 3237 2419 τοῦ
3312 2362 3661 2437 πραιποσίτου
3711 2355 3819 2430 λέγει

2221 2454 2357 2513 ἅπας
2417 2453 2444 2506 6
2504 2451 2637 2514 λαὸς
2691 2450 3087 2526 πολυχρόνιον.
3163 2450 3266 2506 Καὶ
3337 2450 3475 2523 μετᾶ
3528 2448 3584 2503 τὸ
3643 2451 3813 2519 σιγῆσαι

2220 2542 2419 2602 πάντας
2448 2541 2676 2615 ἄρχεται
2725 2539 3060 2615 δημηγορεῖν
3110 2542 3139 2595 6
3196 2537 3485 2615 βασιλεύς.
3540 2530 3811 2599 Ἰστὲον,δτι

2218 2635 2319 2685 τοῦ
2380 2628 2647 2705 βασιλέως
2716 2627 3200 2705 δημηγοροῦντος,
3264 2629 3404 2685 κατὰ
3459 2626 3670 2692 τελείαν,
3719 2621 3810 2689 ἤτοι

2219 2720 2427 2788 στάσιν,
2458 2726 2557 2788 τῆς
2606 2717 2773 2789 αὒτῆς
2824 2717 3172 2794 δημηγορίας
3223 2722 3353 2795 σιγᾷ
3402 2717 3495 2791 μὲν
3536 2716 3562 2769 6
3595 2710 3813 2789 βασιλεὺς,

2220 2811 2248 2863 6
2280 2806 2337 2863 δὲ
2369 2807 2500 2871 λαὸς
2533 2806 2621 2864 διὰ
2650 2810 2911 2881 νεύματος
2944 2814 3039 2863 τοῦ
3069 2809 3447 2885 πραιποσίτου
3488 2804 3643 2877 λὲγει·
3680 2825 3703 2853 α
3734 2804 3810 2853 llo-

2222 2900 2516 2974 λυχρόνιον
2546 2901 2763 2969 ποιήσει
2788 2902 2897 2972 (24)
2919 2898 2947 2953 6
2971 2900 3099 2961 Θεὸς
3130 2901 3234 2968 τὴν
3272 2894 3549 2973 βασιλείαν
3579 2893 3707 2965 ὑμῶν
3722 2890 3809 2974 ιο.»

2222 2973 2330 3043 Kai
2356 2987 2492 3062 μετᾶ
2518 2987 2580 3043 τό
2627 2986 2922 3061 πληρῶσαι
2968 2988 3060 3043 τὸν
3116 2986 3253 3042 λαὸν
3303 2973 3809 3062 κατασφραγίζειτρίέ

2221 3061 2373 3133 τον
2409 3075 2683 3153 βασιλεὺς,
2741 3076 2925 3149 μέσον,
2972 3074 3115 3149 δεξιὰ
3163 3076 3257 3131 καὶ
3325 3070 3590 3149 ἀριστερά.
3631 3066 3711 3124 Καὶ
3734 3061 3807 3124 εἶθ’

2222 3166 2393 3229 οὕτως
2444 3166 2867 3241 ὑποστρέψαντες
2909 3166 2961 3220 οἱ
3006 3164 3265 3221 δεσπόται
3314 3163 3612 3232 καθέζονται
3650 3154 3693 3210 ἐν
3723 3156 3809 3241 τοῖς

2220 3261 2449 3333 χρυσοῖς
2501 3254 2708 3312 τούτων
2775 3253 3036 3324 σελλίοις,
3096 3255 3239 3310 ὅπου
3305 3253 3394 3310 καὶ
3460 3239 3806 3333 “Paw”?

2218 3327 2411 3407 εδθέως
2470 3344 2740 3423 ἄρχονται
2798 3346 3063 3423 εὐφημεῖν
3123 3346 3177 3400 οἱ
3256 3348 3354 3400 τοῦ
3412 3341 3633 3414 ἀριθμοῦ
3678 3327 3806 3423 τᾶΔέξ

2216 3429 2393 3503 ἔθους,
2452 3418 2629 3488 καὶ-τὸ
2687 3418 3048 3506 πραιπόσιτος
3126 3433 3491 3510 ἐξερχόμενος
3560 3418 3803 3519 εὐτρεπίζεξ

2214 3523 2388 3576 πάντα
2443 3521 2647 3583 καλῶς·
2710 3522 2761 3575 οἱ
2815 3523 2920 3596 γὰρ
2973 3523 3268 3596 μάγιστροι
3328 3519 3419 3575 καὶ
3471 3513 3802 3585 πατρίκιοικαί

2215 3610 2568 3686 συγκλητικοί
2614 3611 2861 3666 ’ίστανται
2921 3608 3011 3666 διὰ
3064 3614 3160 3666 τοῦ
3219 3608 3463 3685 πλαγίου
3492 3599 3705 3677 ἐμϐόλου
3728 3597 3797 3650 τοῦ

2212 3700 2346 3774 πρὸς
2390 3697 2540 3755 δύσιν
2600 3700 2885 3775 ἀριστεροῦ
2948 3699 3169 3776 μέρους,
3233 3698 3581 3777 ἐκδεχόμενοι
3606 3690 3688 3759 τήν
3718 3686 3795 3738 τῶν

2212 3787 2485 3845 δεσποτῶν
2548 3786 2742 3866 ἄφιξιν.
2805 3787 2899 3843 Καὶ
2959 3788 3049 3843 ὅτε
3114 3788 3292 3844 πάντα
3364 3783 3541 3844 καλῶς
3597 3776 3794 3866 εὐτρεπι-

2211 3880 2429 3948 σθῶσιν,
2480 3878 2783 3952 εἰσέρχεται
2834 3878 2862 3931 6
2910 3878 3300 3951 πραιπόσιτος,
3352 3876 3438 3931 καὶ
3486 3862 3798 3962 προσκυνςίξθῖς

2208 3972 2287 4039 τῷ
2334 3951 2716 4041 προειρημένῳ
2766 3967 3037 4040 σχήματι,
3091 3966 3298 4030 εύοέως
3354 3962 3640 4019 ἀνίστανται
3665 3951 3706 4041 οἱ
3731 3951 3792 4000 δε-

2210 4056 2425 4123 σπόται,
2489 4054 2580 4109 καὶ
2636 4051 2944 4130 διέρχονται
2994 4052 3083 4109 διὰ
3138 4059 3233 4109 τοῦ
3309 4051 3580 4130 ἀριστεροῦ
3639 4038 3791 4130 μέῆουε

2205 4149 2315 4199 τῶν
2340 4142 2657 4219 γραδηλίων
2698 4125 2795 4199 καὶ.
2836 4147 2932 4199 τοῦ
2981 4140 3249 4217 ἐμϐόλου,
3284 4125 3412 4215 ἐνἰῖ)
3438 4139 3657 4195 ’ίστανται
3682 4125 3790 4219 oti-ti

2210 4215 2493 4308 μᾶγιστροι
2534 4234 2625 4288 καὶ
2673 4234 2953 4308 πατρίκιοι
2999 4215 3089 4288 καὶ
3137 4229 3511 4307 συγκλητικοὶ,
3564 4221 3641 4280 καὶ
3677 4215 3789 4308 ἐξέέν

2207 4305 2518 4397 χονταινδιὰ
2545 4325 2643 4391 τῆς
2685 4305 2977 4396 ἐξαγούσης
3027 4305 3281 4393 τῑύλης-Η
3332 4321 3409 4382 είς
3444 4318 3528 4374 τὸν
3567 4305 3786 4404 τρίκλιῖοτς

2206 4417 2312 4465 τῶν
2342 4408 2697 4481 κανδιδάτων,
2746 4410 2835 4465 καὶ
2884 4409 2990 4465 ἀπὸ
3039 4418 3149 4468 τῶν
3198 4409 3371 4467 ἐκεῖσε
3417 4406 3691 4478 διέρχονται
3723 4402 3788 4487 διξ

2207 4520 2264 4554 τε
2294 4505 2400 4554 τῶν
2435 4494 2757 4569 ἒξκουϐίτων
2815 4500 2904 4554 καὶ
2962 4505 3069 4553 τῶν
3131 4498 3353 4575 σχολῶν
3408 4496 3492 4551 καί
3546 4492 3630 4544 τοῦ
3656 4495 3783 4575 χυξου

457 4578 631 4635 niunt
659 4580 732 4635 ad
758 4586 1028 4638 sanctum
1044 4589 1283 4654 puteum
1307 4585 1431 4657 {seu
1456 4585 1709 4657 phialam
1741 4586 1800 4641 S.
1824 4586 2093 4659 Sephiaa].

2214 4597 2304 4658 τῆς
2352 4567 2590 4663 χαλκῆς,
2639 4588 2727 4643 καὶ
2778 4588 3110 4664 ἀπέρχονται
3155 4567 3321 4664 μ’ἑχρι
3368 4590 3460 4643 τοῦ
3496 4578 3633 4655 ἁγίου
3658 4567 3784 4664 φρέας

457 4667 543 4725 Ibi
570 4671 892 4725 accendunt
923 4688 1142 4741 cereos,
1182 4677 1238 4729 et
1283 4678 1636 4730 venerantur
1684 4679 1951 4731 sanctum
1985 4692 2095 4747 pu-

456 4761 637 4829 teum,
672 4777 1003 4833 magnaque
1034 4762 1092 4818 in
1142 4769 1322 4834 porta,
1357 4781 1477 4837 quae
1510 4765 1673 4822 illinc
1704 4767 1761 4823 in
1795 4765 2095 4823 ecclesiam

456 4846 635 4917 ducit,
668 4852 919 4906 occurrit
967 4852 1075 4923 ipsi
1109 4854 1434 4924 patriarcha
1482 4855 1562 4911 ibi
1602 4855 1735 4927 loci,
1770 4857 1861 4913 ubi
1893 4861 2099 4912 sancta

458 4950 599 4993 crux
660 4938 965 4995 adoratum
1014 4944 1343 5013 exponitur.
1404 4945 1633 5002 Domini
1705 4947 2095 5019 patriarcham

2206 4700 2321 4741 τος.
2382 4678 2603 4733 Κάκεῖσε
2659 4679 2919 4742 ἃπτοντες
2973 4678 3179 4753 κηροὺς
3225 4678 3314 4733 καὶ
3371 4670 3696 4758 ἀσπαζόμενοι
3736 4670 3780 4758 ξο

2208 4768 2356 4843 ἅγιον
2407 4767 2597 4844 φρέαρ,
2650 4767 2851 4838 ὑπαντᾷ
2895 4751 3122 4831 τούτους
3166 4768 3193 4822 6
3244 4764 3575 4841 πατριάρχης
3618 4751 3681 4844 εἷς
3708 4751 3781 4844 ’ξῆν

2206 4854 2388 4927 πύλην
2441 4858 2540 4926 τήν
2582 4854 2825 4933 μεγάλην
2880 4858 2979 4927 τήν
3042 4856 3354 4933 εἰσάγουσαν
3409 4851 3507 4908 ἀπὸ
3550 4846 3633 4900 τοῖ’
3661 4830 3777 4935 ᾇγίορδ

2206 4948 2455 5025 φρέατος,
2505 4926 2848 5018 ἐντῷ-τόπῳ
2908 4945 2982 5008 εἷς
3034 4926 3393 5022 προσκύνησιν
3437 4940 3619 4996 τίθεται
3666 4926 3779 4980 ὁτί’

1798 5081 2041 5138 νΑΒιιΕ
2078 5081 2490 5139 LECTIONES.

524 5190 569 5229 ιο
596 5192 818 5262 ποιήσει
850 5223 915 5237 -
949 5192 1102 5265 ὑμῶν
1134 5208 1249 5251 em.
1280 5199 1372 5263 R.,
1405 5196 1531 5253 cod.
1564 5197 1723 5266 ποιή.
1801 5197 1844 5233 ίί
1872 5196 2083 5266 πυίλης
2118 5198 2247 5255 cod.

1479 5315 1682 5373 JOAN.
1721 5316 1866 5373 JAC.
1910 5316 2199 5374 REISKII.
2242 5316 2840 5376 COMMENTARIUS.

523 5418 639 5494 (23)
674 5418 763 5474 llli
797 5435 1005 5492 nempe
1035 5420 1501 5494 tachygraphicis
1534 5422 1688 5478 notis
1718 5421 1981 5493 excipere
2008 5422 2102 5478 de-

458 5490 677 5566 hebant
725 5490 1062 5566 sermonem
1115 5490 1191 5548 ab
1215 5490 1579 5566 imperatore
1619 5490 2097 5565 pronuntiatum;

454 5563 570 5617 vid.
606 5561 778 5632 paulo
803 5572 931 5634 post
963 5564 1003 5619 Β
1032 5565 1087 5618 9.

530 5634 817 5707 (24)_Cod.
846 5636 1009 5707 muﬁ.
1043 5636 1173 5707 Non
1201 5636 1404 5693 dubito
1436 5637 1492 5694 id
1525 5636 1935 5707 compendium
1969 5652 2099 5693 esse

459 5704 724 5766 formum
770 5706 1035 5766 usitate:
1085 5704 1451 5784 πολυχρόνιον
1500 5704 1719 5782 ποιήσει
1760 5708 1788 5763 6
1820 5707 1948 5770 Θεὸς
1996 5709 2095 5779 τὴν

2217 5420 2495 5499 βασιλείςιν
2520 5422 2690 5499 ὑμῶν·
2722 5427 2938 5499 Auctor
2967 5425 3305 5499 artigraphi.
3338 5414 3618 5499 ιὲῑαυδίυὶν
3638 5396 3773 5499 ἐθέῗῖ

2212 5473 2309 5551 ξεί
2722 5473 3438 5589 ’ἰιὶῖῑέιῖε“ῖίιέἓι’ί’⁸ἱιῖὶἀιῧέιῐ
3452 5473 3777 5589 gstitat;

2214 5550 2506 5651 maga;
2536 5577 2589 5623 et
2630 5550 3734 5641 ina;anguimanuscantantum

2208 5644 2498 5712 exprimit.
