4060 6214
284 378 434 437 1017

1164 378 1261 439 DE
1305 379 1762 440 GERIMONIIS
1811 379 2046 440 AULIE
2086 379 2572 442 BYZANTINIE
2613 381 2760 442 LIB.
2805 383 2878 443 ll.

3538 381 3694 444 1018

288 529 418 581 μιος
475 508 727 584 σταυρός.
801 509 898 567 Καὶ
955 506 1024 580 δὴ
1071 513 1168 564 106
1232 510 1577 585 πατριάρχου
1627 511 1936 583 θυμιῶντος

2066 512 2193 568 dum
2224 513 2296 569 ab
2322 513 2450 585 ipso
2473 530 2542 569 ex
2574 530 2731 570 more
2761 514 3166 582 ineensantur,
3189 514 3388 571 osculo
3418 514 3582 585 pacis
3609 530 3697 570 ve-

286 597 422 653 κατὰ
453 598 545 653 τὸν
604 595 772 652 τύπόν
833 600 960 660 τοὺς
1021 595 1306 664 δεσπότας,
1365 597 1692 667 ἀσπάζονται
1751 599 1936 669 αὐτὸν,

289 687 379 742 καὶ
430 688 529 742 εἶθ’
569 687 742 750 οὕτως
795 686 1136 763 εἰσέρχονται
1187 684 1274 741 διὰ
1326 693 1430 756 τῆς
1469 686 1640 742 ἐκεῖσε
1661 687 1941 765 εἰσφερού-

289 799 392 849 σης
446 779 628 849 πύλης
687 779 826 852 πρὸς
881 779 945 833 τὸ
1001 775 1171 848 δεξιὸν
1252 777 1416 850 μέρος
1499 782 1595 832 τοῦ
1665 779 1938 853 βήματος.

289 868 507 926 Ἐκεῖσε
545 869 649 943 γὰρ
684 869 735 923 οἱ
763 874 864 937 τῆς
897 865 1213 945 συγκλήτου
1261 867 1456 930 πάντες
1501 866 1748 924 ἵστανται
1807 870 1941 943 μετὰ

291 959 381 1011 καὶ
411 961 524 1012 τῶν
586 956 890 1031 βασιλικῶν
916 958 1006 1010 καὶ
1062 961 1158 1012 τοῦ
1205 952 1586 1027 κουόουλείου,
1626 957 1940 1033 ἐπευχόμε-

290 1065 375 1100 νοι
423 1045 552 1109 τοὺς
600 1043 882 1109 δεσπότας.
916 1046 1016 1100 Καὶ
1063 1045 1171 1100 ἀπὸ
1226 1049 1334 1100 τῶν
1385 1043 1555 1101 ἐκεῖσε
1602 1045 1940 1122 εἰσέρχονται

293 1133 369 1197 εἰς
397 1136 464 1190 τὰ
501 1134 568 1189 τὰ
626 1136 749 1211 ἅγια
779 1135 959 1210 θόρια.
999 1133 1090 1189 καὶ
1146 1135 1406 1190 ἅπτουσιν
1461 1134 1666 1211 κηροὺς
1715 1136 1850 1192 κατὰ
1879 1137 1941 1191 τὸ

295 1225 509 1296 εἰωθὸς,
567 1226 658 1280 καὶ
714 1227 782 1281 τὰ
839 1227 962 1296 ἑξῆς
1016 1227 1154 1282 κατᾶ
1183 1225 1273 1280 τὸν
1301 1226 1471 1282 τύπον
1513 1225 1788 1286 τελοῦσιν.
1838 1227 1943 1283 Καὶ

294 1315 394 1370 εἶθ’
425 1315 602 1376 οὕτως
631 1310 1050 1388 παραλαμϐάνει
1092 1314 1198 1370 ἀπὸ
1249 1316 1435 1390 χειρὸς
1471 1320 1568 1372 τοῦ
1610 1315 1944 1391 καστρησίου

297 1404 326 1458 6
384 1403 738 1480 πατριάρχης
791 1404 886 1458 τὸν
957 1403 1245 1476 θυμιατὸν,
1330 1404 1423 1458 καὶ
1502 1401 1789 1459 ἐπιδίδωσι
1865 1409 1946 1477 τῷ

185 1494 188 1496 ⁷
298 1491 535 1567 βασιλεῖ,
565 1491 656 1547 καὶ
687 1497 858 1566 θυμιᾷ
890 1493 921 1546 ἀ
954 1490 1211 1568 βασιλεὺς
1241 1492 1394 1565 πέριξ
1451 1500 1552 1563 τῆς
1601 1494 1761 1568 ἁγίας
1810 1513 1946 1568 τρα-

297 1582 489 1652 πέζης,
529 1580 617 1635 καὶ
648 1580 747 1636 εἶθ’
804 1580 980 1643 οὕτως
1012 1579 1101 1636 διὰ
1129 1585 1228 1636 τοῦ
1272 1579 1448 1652 δεξιοῦ
1484 1583 1681 1658 μέρους
1710 1586 1808 1637 τοῦ
1842 1583 1948 1658 βή-

305 1689 474 1744 ματος
503 1669 610 1724 ἆπὸ
638 1673 745 1724 τῶν
805 1668 977 1726 ἐκεῖσε
1011 1674 1219 1745 μικρῶν
1260 1669 1430 1745 ἁγίων
1473 1672 1652 1745 θυρῶν
1693 1670 1949 1748 ἐξέρχον-

298 1779 387 1814 ται
409 1759 467 1813 οἱ
525 1756 782 1815 δεσπόται
824 1761 936 1832 ἅμα
983 1763 1079 1815 106
1136 1760 1482 1835 πατριάρχου
1536 1756 1642 1823 ἷως
1669 1765 1775 1815 τῶν
1808 1781 1948 1835 πορ-

303 1850 486 1927 φυρῶν
566 1847 762 1903 κιόνων
773 1889 787 1915 ,

305 1935 678 2012 πατριάρχην,
707 1940 898 1992 τοῦτον
938 1936 1327 2010 ἀσπαζόμενοι.
1361 1937 1462 1994 Καὶ
1496 1939 1524 1993 6
1558 1939 1652 2012 μὲν
1684 1939 1954 2013 πατριάρ-

310 2045 421 2104 χης
461 2025 763 2101 εἰσέρχεται
809 2024 886 2088 εἰς
935 2026 998 2080 τὸ
1039 2027 1196 2100 βῆμα
1240 2024 1536 2082 ἐκτελέσων
1571 2029 1671 2097 τὴν
1714 2029 1954 2103 τριτοέκ-

307 2131 427 2185 την*
473 2115 526 2169 οἰ
566 2111 623 2169 δὶ
670 2111 923 2170 δεσπόται
973 2114 1314 2193 εἰσέρχονται
1365 2114 1416 2170 έν
1461 2121 1542 2189 τῷ
1594 2117 1951 2193 μητατωρίῳ,

309 2203 400 2258 καὶ
455 2204 590 2276 μετὰ
632 2205 734 2274 τὴν
801 2211 906 2274 τῆς
941 2202 1258 2279 τριτοέκτης
1314 2205 1580 2261 ἄπόλυσιν
1628 2207 1955 2286 ἆνέρχονται

315 2297 589 2367 μυστικῶς
622 2289 713 2347 διὰ
741 2297 839 2348 106
879 2293 1050 2348 έκεῖσε
1103 2297 1202 2348 106
1257 2296 1668 2370 μητατωρικίου
1716 2295 1955 2371 κοχλιοῦ

313 2381 476 2444 εἰςτᾶ
516 2382 929 2458 κατηχούμενα,
962 2381 1052 2436 καὶ
1104 2380 1194 2438 διὰ
1237 2387 1348 2438 τῶν
1414 2379 1742 2439 διαϐατικῶν
1784 2383 1954 2457 εἰσέρ-

312 2491 507 2547 χονται
557 2475 830 2545 μυστικῶς
891 2468 1312 2547 δηριγευόμενοι
1361 2471 1466 2528 ὑπό
1514 2493 1574 2528 τε
1601 2479 1708 2528 τῶν
1754 2473 1960 2549 μαγλα-

314 2556 481 2616 ϐιτῶν
528 2560 619 2616 καὶ
665 2567 764 2630 τῆς
813 2559 1077 2635 ἑταιρείας
1126 2561 1202 2623 εἰς
1254 2561 1317 2616 τὸ
1367 2561 1733 2641 θεοφύλακτον
1779 2562 1958 2619 παλάο

311 2668 450 2706 τιον⁶
501 2650 556 2706 οἰ
583 2647 641 2706 δὶ
680 2657 780 2720 τῆς
838 2650 1154 2725 συγκλήτου
1191 2650 1385 2713 πάντες
1435 2651 1526 2706 καὶ
1585 2653 1636 2707 οἰ
1692 2656 1789 2707 106
1827 2674 1960 2708 κου-

314 2734 610 2795 ϐουκλείου
657 2739 747 2794 καὶ
793 2739 846 2794 οἰ
901 2737 1182 2815 βασιλικοὶ
1231 2738 1503 2812 ἅνθρωποι
1549 2740 1685 2812 μετὰ
1714 2741 1812 2808 τήν
1857 2747 1958 2810 τῆς

313 2827 632 2904 τριτοέκτης
683 2825 948 2882 ἀπόλυσιν
986 2827 1091 2882 ἂπὸ
1139 2831 1246 2882 τῶν
1297 2826 1494 2900 ὶκεῖσε,
1524 2825 1690 2902 ἤγουν
1723 2829 1830 2884 ἀπὸ
1859 2836 1960 2898 τῆς

315 2916 473 2992 ἁγίας
521 2915 744 2994 Σοφίας,
790 2916 1086 2992 ἀπέρχεται
1136 2913 1360 2978 ἕκαστος
1413 2915 1490 2978 εἰς
1545 2917 1614 2971 τὰ
1678 2914 1812 2973 ἴδια.
1865 2919 1962 2973 Διὰ

315 3006 418 3082 γὰρ
461 3007 524 3062 τὸ
578 3007 717 3062 εἶναι
766 3007 865 3075 τήν
916 3006 1126 3080 ἡμέραν
1180 3005 1382 3077 ταύτην
1436 3008 1685 3081 παγανήν
1735 3005 1813 3070 εἷς
1859 3009 1959 3078 τήν

319 3097 669 3174 ὑποστροφήν
693 3095 754 3150 οὗ
786 3092 1162 3172 δηριγεὺουσιν
1193 3096 1344 3150 οὗτοι
1364 3094 1492 3158 τοὺς
1524 3093 1807 3160 δεσπότας.

955 3187 1188 3242 ΚΕΦΑΛ
1228 3185 1336 3243 ΙΑ’.

321 3275 434 3332 Οσα
517 3271 600 3329 δεῖ
683 3273 1142 3368 παραῗυλάττειν,
1228 3278 1336 3330 τῶν
1428 3273 1630 3348 τιμίων
1725 3280 1966 3349 σταυρῶν

418 3343 568 3368 ,-\\I
605 3366 687 3368 _,,,
773 3346 835 3368 ’ἡ
916 3367 924 3368 ,
1056 3349 1084 3362 ~
1199 3345 1273 3368 1,,
1343 3341 1438 3368 ιβιδ
1537 3344 1585 3368 ιθ
1703 3355 1731 3366 σ-
1819 3350 1831 3368 ε
1885 3349 1896 3368 ο

394 3343 707 3420 μελλόντων
766 3341 962 3426 ξξιέναι
1019 3349 1088 3420 τῇ
1128 3341 1287 3420 ’μέσῃ
1343 3341 1611 3421 ἑϐδομάδι
1665 3355 1767 3418 τῆς
1808 3341 1966 3426 ἁγίας

388 3422 850 3494 τεσσαρακοστῆς.

390 3508 612 3576 Ἰστέον,
635 3506 720 3563 ὅτι
749 3512 819 3582 τῇ
851 3507 1009 3583 τρίτῃ
1046 3509 1288 3582 κυριακῇ
1323 3514 1427 3578 τῆς
1478 3508 1632 3584 ἁγίας
1675 3509 1754 3582 μ’,
1803 3506 1972 3584 ἤγουν

319 3594 424 3652 ἀπὸ
471 3599 570 3666 τῆς
621 3594 960 3672 ὀρθοδοξίας,
1017 3596 1151 3670 μετὰ
1190 3597 1380 3669 τρίτην
1414 3597 1448 3666 ἢ
1501 3597 1592 3652 καὶ
1619 3595 1784 3667 ἕκτην
1818 3596 1968 3672 ᾠδὴν

317 3689 415 3742 106
453 3681 674 3760 ὄρθρου,
723 3684 1005 3760 ἆξάγονται
1063 3685 1115 3739 οἱ
1181 3685 1359 3758 τίμιοι
1387 3686 1478 3741 καὶ
1532 3687 1796 3757 ζωοποιοὶ
1825 3692 1974 3762 τρεῖς

320 3775 567 3848 σταυροὶ,
616 3777 703 3828 καὶ
766 3773 1109 3838 αποτίθενται
1156 3773 1209 3828 ἐν
1248 3777 1328 3829 τῶ
1396 3774 1832 3854 σκευοφυλακίῳ,
1881 3776 1974 3831 καὶ

321 3865 418 3921 εἶθ’
448 3863 626 3925 οὕτως
658 3863 762 3918 61:6
814 3867 914 3918 106
967 3863 1313 3936 πρωτοπάπα
1344 3861 1806 3937 βαλσαμιζόμενοι
1838 3884 1974 3938 προ-

321 3953 560 4009 τίθενται
590 3949 642 4007 ἒν
673 3955 744 4026 τῇ
775 3949 1042 4022 ἐκκλησίᾳ
1073 3950 1152 4014 εἷς
1196 3950 1559 4026 προσκύνησιν
1592 3953 1805 4008 πάντων
1834 3956 1973 4029 (25),

317 4041 409 4097 καὶ
462 4043 597 4116 μετὰ
637 4042 737 4110 τὴν
793 4039 1060 4096 ἀπόλυσιν
1126 4043 1228 4096 106
1283 4035 1487 4116 ὄρθρου
1540 4039 1741 4117 ἀνοίγει
1770 4043 1834 4098 τὸ
1873 4051 1972 4114 τῆς

321 4130 441 4194 νέας
489 4125 802 4198 ἀναϐάσιον,
859 4130 951 4184 καὶ
1007 4128 1296 4205 ἀνέρχεται
1345 4130 1375 4184 6
1424 4135 1525 4200 τῆς
1573 4129 1695 4194 νέας
1739 4128 1972 4208 κλῆρος,

321 4222 412 4276 καὶ
443 4219 557 4294 ἅμα
612 4224 708 4274 τοῦ
768 4219 1052 4295 βασιλείου
1099 4217 1313 4294 κλήρου
1360 4223 1458 4274 106
1515 4218 1786 4276 παλατίου
1834 4242 1976 4297 παρ-

322 4310 565 4366 ίστανται
622 4307 932 4383 ψάλλοντες
975 4310 1044 4365 τὰ
1093 4310 1301 4380 συνήθη
1345 4309 1718 4384 σταυρώσιμα.
1745 4309 1850 4367 Καὶ
1881 4310 1973 4368 ὅτε

321 4396 638 4453 κελεύουσιν
671 4398 726 4452 οἱ
785 4395 1066 4464 δεσπόται,
1110 4396 1447 4472 εἰσέρχονται
1500 4396 1593 4451 καὶ
1644 4397 1972 4468 ἀσπάζονται

321 4486 449 4547 τοὺς
503 4484 720 4558 τιμίους
758 4485 848 4540 καὶ
905 4483 1210 4555 ζωοποιοῦς
1273 4483 1559 4557 σταυρούς.
1627 4485 1744 4542 Εἶθ’
1792 4487 1971 4552 οὑτως

2047 611 2340 658 nerantur.
2369 603 2517 658 Tum
2576 609 2827 675 pergunt
2877 620 2979 674 per
3028 609 3252 674 portam
3310 604 3382 659 ad
3425 604 3694 660 dextram

2047 691 2276 763 plagam
2308 693 2594 762 bematis;
2630 694 2728 749 ubi
2762 694 3038 750 senatorii
3086 709 3291 750 omnes
3343 698 3401 748 et
3449 693 3695 765 palatini

2047 780 2305 835 ministri
2327 785 2384 836 et
2404 781 2743 837 cubicularii
2768 787 2959 837 astant
2981 782 3240 837 dominis
3264 783 3694 841 benedicentes.

2047 867 2115 923 Hi
2149 884 2250 940 per
2279 885 2476 924 sacras
2499 870 2652 926 tores
2673 870 3062 926 cancellorum
3088 870 3340 942 ingressi
3365 872 3699 928 accendunt

2047 972 2265 1025 cereos,
2301 962 2366 1012 ut
2398 974 2524 1014 mos
2571 963 2677 1020 est,
2710 964 2768 1014 et
2807 962 3011 1016 caetera
3040 976 3272 1032 quoque
3302 976 3368 1016 ex
3418 961 3529 1014 ritu
3565 967 3706 1032 per-'

2049 1049 2244 1118 agunt.
2279 1047 2537 1103 Tandem
2571 1053 2875 1119 acceptum
2907 1064 2937 1104 e
2969 1065 3143 1104 manu
3177 1050 3498 1104 castrensia
3520 1053 3701 1122 patri-

2049 1135 2226 1191 archa
2247 1135 2614 1193 thuribulum
2639 1137 2820 1194 tradit
2837 1137 3190 1210 imperatori.
3215 1137 3319 1194 Hic
3343 1142 3522 1194 totam
3546 1139 3700 1198 circa

2047 1240 2277 1280 sacram
2304 1241 2564 1281 mensam
2597 1226 2854 1283 incensa!
2881 1245 2895 1295 ;
2928 1232 2985 1284 et
3015 1231 3138 1282 tum
3169 1231 3381 1283 exeunt
3411 1227 3632 1283 domini
3665 1245 3699 1285 a

2049 1316 2250 1373 dextra
2281 1316 2529 1374 bematis
2561 1334 2680 1374 una
2709 1334 2843 1374 cum
2893 1318 3225 1391 patriarcha
3267 1335 3372 1391 per
3419 1319 3694 1390 minores,

2051 1422 2179 1477 quas
2209 1406 2288 1462 ibi
2319 1412 2474 1477 sunt,
2503 1423 2690 1464 sacras
2725 1409 2896 1478 fores,
2927 1413 2984 1464 et
3014 1423 3202 1480 usque
3231 1409 3299 1463 ad
3333 1408 3696 1481 porphyreti-

2051 1511 2148 1552 cas
2168 1495 2468 1552 columnas
2490 1498 2807 1568 procedunt
2829 1499 3021 1554 ambo.
3044 1498 3128 1554 Ibi
3152 1501 3346 1554 autem
3369 1497 3701 1554 valedicunt

2051 1591 2106 1640 et
2161 1586 2425 1641 osculum
2465 1586 2624 1658 pacis
2667 1587 3013 1659 impertiant
3074 1587 3440 1659 patriarchae.
3486 1588 3558 1643 Et
3605 1586 3699 1642 hic

2053 1673 2288 1746 quidem
2321 1675 2472 1730 redit
2506 1677 2564 1730 in
2597 1675 2790 1741 bema,
2816 1675 3191 1744 tritobecten,
3218 1676 3274 1730 id
3307 1679 3397 1732 est
3437 1674 3698 1732 ofﬁcium

2053 1764 2203 1820 inter
2234 1764 2463 1820 tertiam
2514 1769 2569 1820 et
2614 1771 2833 1821 sextam
2877 1765 3077 1822 horam
3127 1766 3699 1839 peragendum,per-

889 1847 980 1902 καί
1049 1846 1221 1903 ἐκεῖσε
1303 1849 1784 1924 ἀποχαιρετίζουσι
1855 1850 1947 1906 τὸν

2066 1859 2334 1923 acturus;
2369 1853 2592 1910 domini
2624 1859 2821 1910 autem
2851 1855 3075 1911 intrant
3114 1856 3171 1910 in
3218 1855 3614 1922 metatoriam,
3645 1857 3703 1910 et

2058 1943 2220 2001 illinc
2251 1948 2382 2015 post
2413 1943 2838 2001 absolutionem
2872 1945 2960 2000 vel
3011 1944 3185 2000 finem
3229 1943 3565 2000 tritobectes
3611 1959 3700 1999 as-

2058 2033 2317 2088 cendunt
2345 2033 2591 2106 mystice
2619 2032 2707 2088 vel
2748 2032 2895 2089 clam
2928 2033 3158 2089 arbitris
3185 2037 3243 2089 et
3288 2048 3424 2088 cum
3473 2031 3704 2089 intimis

2060 2121 2264 2178 amicis
2295 2125 2354 2176 et
2383 2121 2728 2178 custodibus
2760 2139 2863 2193 per
2891 2121 3186 2178 cochleam
3220 2137 3252 2178 e
3301 2121 3601 2178 metalorio
3630 2120 3704 2176 ad

2059 2209 2500 2266 catechumenia
2526 2211 2863 2277 ducentem;
2892 2214 2949 2266 at
2977 2210 3227 2282 denique
3267 2224 3369 2281 per
3415 2208 3706 2265 diabatica

2059 2299 2148 2355 vel
2174 2303 2355 2356 tectas
2385 2301 2644 2372 porticus
2675 2301 3000 2356 redeuntin
3032 2300 3332 2372 palatium,
3366 2299 3517 2372 quod
3550 2299 3705 2356 Deus

2063 2390 2372 2460 custodiat,
2406 2390 2602 2462 stipati
2629 2407 2662 2446 a
2696 2389 3026 2463 maglabitis
3057 2397 3109 2446 et
3137 2389 3395 2446 hetmria.
3415 2388 3707 2446 Senatorii

2063 2481 2258 2534 autem
2314 2494 2517 2535 omnes
2570 2483 2627 2534 et
2655 2477 2994 2534 cubicularii
3052 2482 3109 2534 ct
3165 2477 3405 2548 palatini
3446 2477 3705 2533 ministri

2064 2573 2193 2639 post
2223 2566 2549 2623 absolutam
2580 2566 2950 2623 tritobectam
2983 2567 3200 2622 abeunt
3243 2565 3424 2632 illinc,
3453 2565 3513 2620 id
3557 2570 3646 2621 est
3676 2580 3707 2622 θ

2063 2659 2268 2713 sancta
2298 2655 2534 2726 Sophia,
2567 2657 2638 2710 ad
2671 2673 2779 2712 sua
2808 2656 3074 2727 quisque.
3109 2659 3344 2726 Pagana
3382 2654 3538 2710 enim
3573 2669 3708 2710 cum

2064 2747 2144 2802 sit
2173 2744 2274 2801 illa
2303 2745 2428 2801 dies
2480 2745 2558 2817 [id
2590 2748 2680 2801 est
2728 2745 2976 2800 solemni
3011 2749 3068 2799 et
3114 2743 3452 2799 solemniter
3480 2741 3713 2799 indicta

2067 2833 2423 2907 processioni
2457 2850 2571 2889 non
2600 2833 2836 2905 dicata},
2889 2849 3007 2891 non
3057 2833 3411 2889 comitantur
3440 2831 3710 2887 dominos

2065 2925 2126 2981 in
2157 2922 2434 2996 palatium
2464 2923 2794 2979 redeuntes.

2618 3177 2768 3233 817
2804 3174 3040 3231 CAPUT
3078 3176 3181 3232 XI.

1995 3224 2040 3292 Ο
2132 3267 2507 3337 Obseruando,
2539 3266 2754 3339 quando
2784 3281 2974 3339 cruces
3002 3266 3293 3339 efferatas:
3324 3267 3453 3320 sunt
3481 3262 3662 3320 media

2367 3337 2677 3412 septiniana
2703 3344 2906 3394 sancta
2937 3337 3420 3408 Quadragesimae.

2149 3505 2446 3563 Dominica
2477 3510 2689 3561 sanctae
2720 3501 3186 3576 quadragesima
3215 3499 3384 3556 tertia
3416 3514 3543 3565 seu,
3566 3498 3720 3569 quod

2076 3597 2230 3653 idem
2261 3601 2371 3665 est,
2407 3595 2577 3652 tertia
2606 3611 2640 3650 a
2669 3596 2817 3650 festo
2846 3593 3200 3650 orthodoxia
3231 3600 3285 3647 et
3317 3590 3720 3646 restituturum

2076 3701 2377 3742 sacrarum
2409 3684 2764 3756 imaginum,
2795 3691 2924 3756 post
2955 3682 3189 3739 tertium
3213 3685 3562 3752 sextumque
3592 3695 3724 3736 can-

2076 3775 2255 3830 ticum
2287 3773 2531 3830 canonis
2577 3773 3001 3828 matutinarum
3035 3773 3456 3841 expromuntur
3503 3772 3723 3824 sanctas

2075 3868 2133 3918 et
2162 3862 2400 3917 viviﬁcae
2434 3865 2554 3917 tres
2585 3876 2786 3916 cruces
2816 3861 2872 3932 [e
2901 3861 3040 3915 sede
3067 3867 3124 3914 et
3153 3858 3275 3914 basi
3304 3873 3411 3912 sua
3456 3857 3515 3912 in
3563 3855 3725 3927 pala-

2079 3951 2181 4022 tio]
2214 3957 2269 4006 et
2299 3951 2679 4021 deponuntur
2709 3949 2768 4002 in
2800 3945 3115 4018 [ejusdem]
3168 3942 3636 4015 sceuopbylaeio,
3670 3950 3725 3998 et

2077 4037 2356 4110 deinceps
2378 4037 2768 4093 balsamisataa
2791 4035 2876 4090 vel
2903 4035 3158 4090 inunctis
3188 4049 3222 4087 a
3252 4035 3570 4104 protopapa
3602 4047 3725 4103 pro-

2077 4131 2378 4199 ponuntur
2436 4125 2494 4180 in
2551 4124 2796 4180 ecclesia
2862 4120 3085 4196 [palatii
3147 4137 3249 4176 seu
3311 4119 3441 4190 nea]
3498 4119 3726 4190 vulgari

2077 4216 2339 4274 omnium
2362 4213 2706 4271 adorationi.
2722 4213 2862 4270 Post
2879 4209 3217 4267 absolutum
3236 4216 3431 4265 autem
3453 4207 3722 4264 ortbrum

2077 4321 2176 4362 seu
2205 4305 2462 4361 ofﬁcium
2498 4303 2855 4359 matutinum
2879 4299 3197 4356 recluditur
3218 4296 3564 4354 anabasium
3595 4297 3724 4369 [seu

2076 4396 2314 4467 gradus,
2360 4411 2464 4466 per
2512 4409 2662 4465 quos
2726 4393 2796 4448 ad
2855 4387 3299 4447 catechumenia
3346 4385 3725 4458 ascenditur,]

2077 4500 2197 4541 ηοω
2257 4485 2388 4557 [seu
2447 4483 2618 4541 Nova:
2663 4482 2724 4536 in
2769 4480 2984 4553 palatio
3029 4477 3332 4549 ecclesias],
3366 4479 3423 4532 et
3462 4475 3728 4531 ascendit

329 4572 701 4649 ἀπερχόμενοι
745 4573 1061 4643 καθέζονται
1106 4573 1194 4630 επὶ
1242 4579 1340 4628 106
1387 4573 1847 4650 χρυσοτρικλίνου
1880 4578 1960 4640 εἰς

2074 4573 2215 4629 illuc
2249 4589 2366 4628 nete
2397 4571 2590 4629 clerus
2621 4587 2739 4626 una
2764 4585 2892 4624 cum
2922 4569 3076 4624 clero
3102 4565 3399 4639 palatino;
3443 4567 3499 4620 et
3531 4566 3728 4620 astant

324 4663 424 4732 τήν
467 4664 672 4733 συνήθη
704 4663 792 4718 καὶ
840 4665 1211 4737 καθημερινὴν
1251 4663 1595 4738 προέλευσιν.
1647 4664 1749 4722 Καὶ
1799 4667 1828 4720 6
1871 4669 1966 4738 μὲν

325 4753 402 4816 εἷς
459 4749 749 4827 αἰρόμενος
796 4751 900 4808 ὑπὸ
954 4756 1052 4808 106
1110 4751 1358 4815 διάκονος
1404 4759 1507 4823 τῆς
1563 4755 1684 4816 νέας
1723 4755 1813 4810 καὶ
1846 4756 1970 4830 ὀψι-

321 4842 614 4916 κευόμενος
672 4841 780 4896 ὑπὸ
817 4838 914 4896 106
944 4841 1159 4914 ,ταύτης
1219 4841 1456 4917 κλήρου,
1508 4843 1831 4918 κατέρχεται
1881 4845 1971 4900 καὶ

323 4929 637 5005 προτίθεται
674 4926 728 4983 ἐν
771 4931 841 5003 τῇ
891 4929 1030 5004 αὐτῇ
1089 4930 1202 5000 Νέᾳ
1260 4929 1551 5002 ὶκκλησίᾳ.
1583 4929 1649 4986 Ὀ
1699 4927 1756 4985 δὲ
1781 4927 1969 5006 ἓτερος

325 5017 619 5093 αἰρόμενος
694 5016 783 5072 καὶ
852 5019 1256 5094 βασταζόμενος
1307 5019 1411 5074 ὑπὸ
1470 5021 1569 5073 106
1618 5017 1823 5074 παπίου
1870 5025 1970 5075 106

325 5104 583 5184 Μεγάλου
643 5105 940 5180 παλατίου,
998 5113 1296 5189 φοροῦντος
1344 5109 1514 5165 αὑτοῦ
1561 5110 1969 5185 σκαραμάγγιον

325 5196 416 5252 καὶ
435 5194 624 5272 σαγίον
674 5193 960 5266 ἀληθινὸν,
991 5197 1388 5273 ὀψικευόμενος
1417 5197 1522 5254 61:6
1550 5201 1650 5253 106
1684 5198 1970 5270 βασιλείου

324 5285 538 5363 κλήρου
582 5288 672 5343 καί
711 5288 810 5341 106
856 5286 1200 5362 πρωτοπάπα
1245 5294 1346 5360 τῆς
1385 5287 1600 5363 Δαφνης
1645 5293 1747 5344 106
1788 5289 1970 5358 Ἀγίου

2081 4667 2356 4718 canentes
2372 4666 2659 4718 consueta
2678 4658 3037 4715 staurosima
3052 4670 3152 4711 seu
3174 4653 3403 4710 cantica
3420 4652 3478 4707 in
3493 4651 3725 4707 laudem

2081 4751 2292 4809 erucis.
2326 4749 2576 4818 Domini,
2613 4750 2662 4805 si
2693 4748 2872 4816 lubet,
2906 4746 3130 4802 intrant
3166 4743 3250 4815 [in
3285 4739 3588 4797 ecclesiam
3621 4755 3725 4810 pa-

2086 4843 2204 4898 latii
2238 4857 2446 4898 novam
2479 4845 2537 4898 et
2566 4841 2914 4896 venerantur
2943 4839 3180 4892 sanctas
3210 4841 3264 4890 et
3291 4832 3546 4888 viviﬁcas
3588 4846 3726 4887 cru-

2083 4949 2178 4988 cas
2202 4950 2218 5002 ;
2251 4931 2463 4988 deinde
2492 4929 2741 5003 digressi
2764 4926 3019 4984 resident
3040 4925 3100 4980 in
3123 4920 3563 4996 chrysotriclino
3593 4936 3730 4976 con-

2083 5025 2262 5078 sueta
2285 5019 2637 5093 quotidiana
2658 5014 3048 5089 processionis
3069 5012 3277 5086 gratia.
3305 5010 3505 5068 Trium
3533 5012 3726 5065 autem

2082 5110 2316 5167 illarum
2345 5108 2606 5166 crucium
2633 5123 2747 5163 una
2769 5105 3008 5178 quidem
3031 5120 3065 5160 a
3095 5103 3336 5158 diacono
3363 5115 3481 5155 nec
3503 5096 3730 5153 sublata

2081 5199 2378 5258 descendit
2411 5199 2466 5272 [ο
2495 5193 2954 5254 catechumeniis
2973 5192 3138 5264 nem],
3162 5189 3374 5247 comite
3391 5187 3544 5243 clero
3574 5186 3728 5257 ejus-

2079 5291 2211 5348 dem
2257 5305 2378 5346 neaa
2421 5304 2524 5345 seu
2569 5287 2739 5344 Nova
2769 5282 3049 5352 ecclesias,
3099 5285 3156 5338 et
3184 5276 3494 5352 exponitur
3521 5275 3580 5332 in
3631 5290 3727 5331 ea-

1363 5445 1561 5504 JOAN.
1600 5445 1748 5504 JAC.
1790 5446 2059 5504 REISKII
2097 5442 2683 5504 COMMENTARIUS.

396 5593 508 5664 (25)
539 5593 839 5650 Dominica
883 5593 1060 5665 tertia
1104 5592 1706 5665 quadragesimeseu
1758 5589 1970 5665 jejunii

328 5661 878 5791 guadra‘gesimalis,
909 5664 1066 5751 Quod
1104 5661 1311 5734 incipit
1331 5661 1392 5719 ἀ
1422 5663 1724 5720 Dominica
1756 5661 1971 5752 Qrtbo-

371 5751 510 5791 one
582 5741 718 5791 tota.
749 5738 963 5791 Grecis
1004 5735 1334 5791 annellatur
1377 5751 1968 5791 σταυροπροσκυνησις.

371 5735 510 5792 oxie
541 5735 718 5807 dicta,
749 5735 963 5796 Grecis
1004 5735 1334 5810 appellatur
1377 5735 1968 5810 σταυροπροσκύνησις,

2081 5591 2221 5665 (vid.
2280 5591 2366 5645 Du
2425 5588 2620 5665 Gange
2794 5584 2874 5638 v.l
2933 5589 2990 5637 et
3046 5598 3280 5665 κυριακη
3340 5591 3726 5665 της-προσκυ-

2081 5648 2310 5731 νήσεως,
2342 5661 2480 5732 quia
2509 5648 2689 5732 Graeci
2721 5661 2864 5713 tunc
2896 5648 3253 5727 propositam
3287 5648 3513 5723 publice
3543 5648 3600 5703 in
3634 5660 3725 5702 ec-

2081 5729 2278 5794 clesiis
2305 5729 2536 5792 crucem
2570 5729 2829 5789 adorant.
