4060 6214
471 333 623 393 1019

1537 321 2050 385 CONSTANTINI
2095 320 2843 384 PHORPHYROGENITI

3694 335 3815 396 1020

468 470 598 526 dem
628 469 756 541 ipsa
779 466 936 522 Nova
984 464 1248 527 ecclesia.
1282 462 1477 521 Altera
1502 476 1634 516 vero
1684 458 1915 516 sublata
1941 474 1974 513 a
2007 474 2106 530 pa-

2226 455 2500 531 Στεφάνου
2530 454 2618 509 καὶ
2653 451 2965 531 διαιταρίων
2996 459 3095 510 τοῦ
3147 454 3448 526 παλατίου,
3504 457 3691 515 πάντων
3738 486 3815 535 κη.

468 561 565 632 pia
595 555 783 627 magni
816 554 1033 626 palatii,
1060 554 1154 623 qui
1182 551 1655 623 scaramaugium
1680 554 1735 605 et
1755 564 1958 619 sagum
1984 563 2114 619 pur-

468 662 715 719 pureum
747 660 982 715 corpore
1014 642 1180 713 gerit,
1213 647 1269 697 et
1315 641 1527 713 stipata
1574 657 1608 694 a
1654 639 1807 695 clero
1854 636 2110 708 palatino

467 744 521 790 et
548 754 575 787 a
609 742 928 807 protopapa
957 732 1016 787 S.
1052 730 1333 803 Stephani
1370 730 1638 801 Daphnes
1668 733 1725 784 et
1773 746 1805 783 a
1836 726 2111 783 diaztariis

465 824 686 896 palatii,
720 824 996 879 omnibus
1029 822 1148 877 illis
1182 837 1377 877 cereos
1428 818 1818 891 gestantibus,
1852 821 2111 887 permeat

462 931 564 986 per
612 914 898 970 heliacum
941 914 1072 985 [seu
1132 910 1433 981 solarium]
1464 914 1520 964 et
1576 906 2108 979 chrysotriclinum,

461 1008 517 1060 et
546 1003 706 1059 illinc
758 1020 927 1074 porro
978 1002 1170 1057 ablata
1215 998 1522 1070 exponitur
1564 995 1885 1052 adorationi
1933 993 2111 1050 totius

464 1098 704 1150 senatus
758 1094 816 1148 in
875 1091 1132 1147 lausiaco
1190 1090 1261 1145 ad
1314 1087 1633 1154 sinistram,
1703 1101 1894 1141 coram
1946 1088 2110 1156 porta

464 1182 704 1239 eucterii
739 1181 848 1253 [vel
882 1180 1102 1252 sacelli]
1132 1184 1189 1234 S.
1218 1178 1440 1234 Basilii.
1478 1176 1583 1233 Ubi
1625 1180 1936 1249 postquam
1967 1175 2109 1231 satis

467 1273 704 1328 adorata
734 1273 930 1339 fuerit,
958 1270 1213 1326 aufertur
1252 1283 1453 1323 rursus
1502 1284 1535 1322 a
1574 1266 1743 1337 papia
1788 1266 1849 1320 in
1907 1265 2109 1321 eodem

465 1362 769 1429 comitatu,
802 1369 852 1417 et
885 1359 1194 1430 exponitur
1223 1357 1282 1411 in
1314 1355 1529 1428 palatio
1556 1354 1827 1427 Daphnes
1865 1354 1924 1409 in
1956 1358 2107 1409 tem-

467 1450 587 1522 plo,
616 1451 773 1521 quod
808 1449 887 1506 ibi
909 1453 1016 1516 est,
1059 1449 1117 1504 S.
1162 1444 1608 1517 Protomartyris
1629 1442 1906 1516 Stephani
1931 1442 2114 1514 [illius

467 1554 687 1609 nempe,
722 1538 822 1609 qui
859 1537 1081 1609 primus
1118 1539 1437 1606 martyrum
1470 1532 1737 1588 omnium
1770 1546 2108 1602 supremum

464 1627 824 1700 supplicium
857 1626 1086 1697 subiit].
1120 1625 1311 1680 Altero
1342 1623 1434 1678 die
1465 1622 1731 1693 ejusdem
1766 1624 2107 1691 septimanae

464 1721 596 1789 post
628 1717 809 1773 factas
838 1717 1050 1772 missas
1080 1715 1198 1769 exit
1221 1712 1420 1784 papias
1453 1720 1504 1766 et
1534 1709 1687 1765 tollit
1716 1725 1845 1765 eam
1878 1725 2108 1765 crucem

2216 546 2343 618 ρους
2384 542 2783 618 βασταζόντων,
2840 541 3119 618 διέρχεται
3183 541 3275 598 δια
3303 564 3363 598 τε
3391 548 3485 599 τοῦ
3516 548 3719 615 ἡλιακοῦ
3744 555 3813 607 καὶ

2211 634 2308 685 τοῦ
2364 631 2842 707 χρυσοτρικλίνου,
2883 631 2973 686 καὶ
3022 631 3379 706 ἀπαγόμενος
3438 634 3720 709 προτίθεται
3755 640 3812 702 εἷς

2213 724 2578 797 προσκύνησιν
2636 723 2814 792 πάσης
2842 729 2941 793 τῆς
2991 722 3311 797 συγκλήτου
3354 722 3405 778 ἐν
3460 729 3535 796 τῷ
3589 724 3815 803 humani)

2214 810 2265 866 ἐν
2297 817 2377 884 τῷ
2408 812 2678 888 ἀριστερῷ
2712 814 2861 887 μὲρει
2893 813 2998 886 πρὸ
3028 820 3129 883 τῆς
3184 811 3381 884 πύλης
3427 815 3520 868 τοὺ
3572 815 3814 891 εὖκτηρίου

2210 906 2307 955 τοῦ
2363 901 2547 975 Ἀγίου
2609 900 2914 974 βασιλείου,
2975 901 3064 955 καὶ
3128 902 3272 975 μετὰ
3332 903 3432 971 τήν
3511 905 3817 977 ηροσκῦνησιν

2212 988 2379 1044 πάλιν
2441 989 2761 1065 βαστάζεται
2812 989 2958 1066 παρᾶ
3011 994 3110 1044 τοῦ
3167 989 3405 1060 παπίου,
3439 987 3682 1062 δηλονότι
3717 995 3813 1068 ὀψι-

2212 1078 2504 1152 κευόμενος
2564 1079 2666 1135 ὑπὸ
2732 1083 2843 1133 τῶν
2902 1077 3355 1153 προειρημένων,
3424 1081 3511 1134 καὶ
3578 1080 3817 1147 ἀποτίθεται

2213 1167 2267 1224 ἐν
2296 1173 2374 1240 τῷ
2429 1167 2683 1241 παλατίῳ
2748 1171 2845 1238 τῆς
2895 1168 3105 1247 Δάφνης
3152 1168 3206 1224 ἐν
3264 1174 3346 1241 τῷ
3395 1173 3502 1242 ναῷ
3547 1174 3635 1225 τοῦ
3664 1172 3815 1248 ’Δγίου

2213 1257 2688 1333 Πρωτομάρτυρος
2724 1258 3011 1335 Στεφάνου.
3046 1258 3153 1315 Καὶ
3186 1261 3259 1331 τῇ
3293 1255 3515 1333 δευτέρᾳ
3549 1266 3641 1329 τῆς
3691 1260 3821 1330 αὐτῆς

2213 1341 2519 1419 ἑϐδομάδος
2551 1346 2685 1418 μετᾶ
2714 1345 2777 1401 τὸ
2820 1348 3057 1421 γενεσθαι
3096 1347 3295 1419 μίνσας
3356 1346 3623 1426 ἐξέρχεται
3674 1350 3698 1403 ὁ
3734 1370 3811 1404 πα-

2212 1436 2361 1507 πίας,
2392 1436 2479 1492 καὶ
2509 1436 2645 1510 α’ίρει
2675 1436 2768 1491 τόν
2802 1437 3030 1510 σταυρὸν
3090 1438 3202 1493 ὰπὸ
3253 1441 3354 1492 τοῦ
3404 1439 3588 1513 Ἀγίου
3643 1440 3813 1516 Στεφάο

2212 1550 2330 1596 νου,
2369 1528 2457 1583 καὶ
2490 1528 2747 1603 ἀποφέρει
2781 1528 2938 1584 αὐτὸν
2968 1527 3018 1584 ἐν
3058 1532 3127 1603 τῇ
3183 1530 3407 1607 μεγάλῃ
3458 1527 3701 1601 ἐκκλησίᾳ
3738 1536 3814 1598 τῆς

2214 1620 2387 1694 Δγίας
2430 1617 2653 1695 Σοφίας.
2712 1620 2773 1676 Ὀ
2807 1618 2864 1673 δὲ
2918 1618 3104 1693 ’ἔτερος
3175 1620 3412 1694 σταυρὸς
3468 1617 3811 1691 ἐναπομένειὲν

2214 1713 2294 1780 τῷ
2337 1709 2469 1783 ἱερῷ
2517 1706 2787 1779 παλατίῳ.
2847 1707 3063 1776 Ἰστέον,
3107 1706 3197 1764 ὅτι
3248 1713 3321 1782 τῇ
3387 1711 3680 1780 παρασκευῇ
3738 1712 3814 1780 τῇς

463 1824 494 1862 e
523 1808 576 1861 S.
611 1806 930 1878 Stephano,
958 1810 1013 1859 et
1036 1805 1393 1875 proferteam
1418 1800 1477 1854 in
1506 1814 1778 1870 magnam
1805 1797 2106 1854 ecclesiam

2219 1796 2388 1866 αὐτῆς
2455 1796 2623 1871 μέσης
2683 1792 2990 1870 ἑϐδομάδος
3053 1802 3156 1871 τῇς
3212 1797 3369 1873 ἁγίας
3428 1800 3815 1870 Τεσσαρακοστῆς

465 1895 523 1950 S.
558 1895 807 1965 Sophiae.
838 1894 1032 1949 Tertia
1063 1907 1269 1963 nempe
1300 1905 1437 1945 crux
1470 1904 1500 1945 e
1531 1904 1694 1943 sacro
1745 1886 1956 1959 palatio
1990 1902 2105 1942 non

460 1985 714 2040 effertur.
748 1987 1065 2037 Parasceve
1096 1986 1290 2036 autem
1322 1994 1421 2034 seu
1453 1980 1615 2033 sexta
1650 1975 1789 2031 feria
1832 1974 2096 2046 ejusdem

464 2072 667 2128 media:
709 2072 767 2126 in
819 2075 1024 2127 sancta
1070 2067 1529 2138 Quadragesima
1575 2066 1938 2136 septimanae,
1983 2072 2108 2136 post

463 2160 885 2217 absolutionem
912 2175 1077 2215 nonae
1100 2159 1246 2231 [odaa
1269 2156 1491 2235 scilicet
1520 2152 1693 2210 ofﬁcii
1715 2153 1869 2209 circa
1890 2169 2102 2209 nonam

464 2251 661 2307 horam
695 2248 918 2305 cantari
968 2247 1169 2319 soliti],
1204 2246 1357 2303 318
1416 2246 1587 2301 infert
1639 2259 1847 2300 rursus
1905 2243 2107 2315 papias

461 2344 723 2395 sanctam
751 2354 982 2395 crucem
1013 2354 1043 2394 e
1075 2338 1134 2394 S.
1172 2336 1390 2408 Sophia
1438 2334 1496 2389 in
1538 2350 1771 2390 sacrum
1804 2332 2105 2403 palatium.

458 2428 736 2484 Similiter
758 2443 993 2500 quoque
1043 2442 1163 2482 nea:
1212 2424 1407 2481 clerici
1452 2423 1709 2479 inferunt
1741 2437 1938 2479 rursus
1963 2422 2109 2478 alte-

460 2533 585 2572 ram
616 2533 848 2573 crucem
899 2533 931 2571 e
960 2532 1072 2571 sua
1120 2515 1365 2571 ecclesia
1412 2514 1613 2569 eodem
1639 2512 1730 2568 die
1758 2520 1930 2583 atque
1959 2515 2110 2567 tem-

2223 1885 2357 1957 μετᾶ
2388 1886 2486 1954 τὴν
2540 1882 2803 1940 ἀπόλυσιν
2878 1887 2977 1954 τῆς
3006 1884 3207 1956 ἐνάτης
3254 1885 3461 1959 εἰσάγει
3491 1885 3517 1939 ὁ
3546 1883 3725 1944 παπίας
3749 1883 3814 1938 τὸν

2214 1975 2399 2048 τίμιον
2458 1974 2683 2048 σταυρὸν
2722 1974 2776 2031 ἐν
2819 1980 2898 2047 τῷ
2929 1977 3062 2048 ἱερῷ
3106 1975 3386 2048 παλατίῳ.
3420 1972 3647 2047 Ὁμοίως
3690 1972 3817 2026 misi

2214 2072 2316 2133 τῆς
2362 2062 2481 2125 νέας
2537 2063 2811 2139 κληρικοὶ
2863 2064 3175 2141 εῗσάγουσιν
3227 2063 3321 2118 καὶ
3383 2062 3531 2117 αὐτοὶ
3585 2064 3645 2134 τῇ
3710 2058 3811 2130 αὐτῇ

2214 2152 2398 2228 ἡμέρᾳ
2462 2153 2554 2208 τὸν
2617 2150 2799 2229 ἕτερον
2862 2154 3089 2228 σταυρὸν
3133 2154 3273 2228 μετὰ
3327 2154 3427 2224 τὴν
3461 2150 3698 2209 ἀπόλυσιν
3743 2157 3815 2218 τῆς

2218 2241 2429 2313 ἐνάτης.
2484 2242 2581 2299 Καὶ
2645 2246 2714 2317 τῇ
2784 2244 3026 2316 κυριακῇ
3060 2245 3203 2315 μετὰ
3232 2242 3426 2318 τρίτην
3459 2240 3560 2297 ε’ίτε
3586 2240 3665 2295 καὶ
3690 2239 3811 2309 ἕκτην

2217 2329 2366 2405 ᾠδὴν
2414 2336 2509 2387 τοῦ
2559 2328 2756 2407 ὄρθρου
2826 2332 2928 2387 ὑπὸ
2992 2335 3097 2387 ιτοῦ
3175 2331 3525 2407 πρωτοπάπα
3600 2328 3675 2384 καὶ
3739 2331 3810 2382 τοῦ

2221 2418 2626 2499 σκευοφύλακος
2694 2420 3094 2495 ἐκμασσόμενοι
3174 2420 3547 2486 κατατίθενται
3638 2417 3681 2473 ἐν
3752 2418 3810 2485 τῷ

2220 2511 2371 2583 αὐτῷ
2394 2509 2830 2589 σκευοφυλακίῳ’

464 2623 623 2677 pore.
641 2606 913 2661 Proxima
933 2609 1128 2661 autem
1149 2604 1455 2661 Dominica
1471 2603 1625 2659 intra
1646 2601 1871 2657 tertiam
1895 2605 1951 2657 et
1973 2606 2198 2659 sextam
2230 2603 2401 2658 edam
2432 2602 2616 2658 ortbri
2648 2610 3010 2675 reponuntur
3038 2620 3253 2661 rursus
3281 2618 3484 2661 cruces
3500 2618 3532 2657 a
3551 2600 3808 2673 protopepa

469 2701 525 2751 et
582 2694 999 2767 sceuopbylace
1054 2693 1113 2749 in
1161 2693 1389 2761 eodem,
1449 2708 1561 2763 quo
1597 2693 1761 2763 prius
1806 2692 2370 2762 asservataaf'ueraut,
2426 2692 2775 2749 custodiario
2833 2708 3123 2763 vasorum,
3151 2694 3322 2767 prius
3376 2693 3519 2748 bene
3567 2688 3806 2763 probeque

468 2788 726 2840 extersae.

1093 2868 1328 2927 CAPUT
1368 2868 1491 2925 XII.

540 2959 915 3028 Observanda,
939 2959 1159 3032 quando
1186 2959 1400 3086 domini
1428 2960 1599 3015 totum
1625 2958 1695 3015 ad
1718 2958 2042 3016 blachorna:

1210 3048 1314 3086 eun
1344 3075 1359 3086 .

1210 3048 1359 3089 eum.

533 3118 846 3175 Parasceve
876 3134 979 3175 seu
1012 3117 1155 3175 feria
1181 3122 1346 3174 sexta
1371 3133 1540 3174 mane
1556 3117 1816 3190 procedit
1837 3133 1939 3173 seu
1970 3132 2111 3174 con-

459 3208 611 3264 venit
633 3208 1057 3281 scaramangiis
1082 3208 1494 3264 indutustotus
1519 3212 1758 3264 senatus
1780 3208 1837 3262 in
1858 3206 2115 3264 blacher-

2827 2871 3089 2926 ΚΕΦΛΔ.
3155 2872 3260 2928 ΙΒ’.

2220 2958 2360 3014 Ὅσα
2447 2954 2530 3012 δεῖ
2602 2955 3253 3035 παραφυλᾴττεινμτῶν
3333 2955 3597 3035 δεσποτῶν
3661 2946 3803 3005 ἀπιόν*

2514 3050 2623 3083 των
2654 3027 2949 3084 λούσασθαι
2980 3028 3032 3085 ἐν
3053 3027 3409 3107 Βλαχέρναις
3439 3030 3562 3103 (26).

2293 3120 2377 3191 Τῇ
2417 3122 2728 3193 παρασκευῇ
2755 3116 2921 3184 ἕωθεν
2969 3119 3303 3197 προέρχεται
3334 3118 3508 3175 ἅπασα
3553 3119 3585 3185 ἡ
3614 3107 3802 3197 σύγκλη-

2220 3224 2313 3266 τος
2354 3204 2459 3261 ἀπὸ
2499 3208 2929 3282 σκαραμαγγίων
2979 3207 3033 3263 ἐν
3078 3196 3414 3286 βλαχέρναις
3459 3206 3555 3277 ’ἐξω
3593 3205 3678 3266 τῆς
3706 3196 3803 3270 πόρ-

462 3299 552 3354 nis
582 3306 743 3354 extra
773 3306 997 3368 portam
1030 3296 1227 3367 palatii
1253 3297 1333 3351 ibi
1367 3296 1500 3357 loci.
1529 3296 1630 3352 ubi
1661 3294 1881 3351 domini
1913 3295 2106 3367 appel-

2216 3317 2334 3365 τας,
2371 3294 2425 3351 ἒν
2456 3297 2502 3369 ᾦ
2544 3297 2699 3371 τόπῳ
2733 3299 2976 3373 ὁρμῶσιν
3009 3299 3060 3355 οἱ
3102 3298 3385 3357 δεσπόταν
3418 3300 3467 3354 οἱ
3507 3294 3561 3352 δὶ
3601 3287 3801 3348 δεσπόται

461 3385 577 3440 lere
592 3402 724 3441 cum
741 3387 1007 3440 dromone
1021 3384 1228 3440 solent.
1240 3385 1468 3439 Pariter
1480 3383 1671 3439 induti
1687 3384 2108 3455 scaramangiis

461 3471 687 3527 intrant
730 3471 954 3527 domini
985 3472 1044 3527 in
1077 3473 1423 3528 dromonem
1456 3487 1569 3527 una
1599 3486 1731 3527 cum
1762 3470 1983 3542 privato
2014 3472 2108 3527 sui

461 3560 715 3630 corporis
745 3560 1069 3617 ministerio
1100 3569 1156 3617 et
1182 3560 1478 3633 iogotbeta
1507 3560 1693 3617 dromi
1724 3565 1780 3618 et
1811 3565 2106 3633 protoase-

462 3648 637 3705 cretis
669 3655 723 3704 et
756 3648 1023 3717 praefecto
1068 3648 1584 3721 supplicationum,
1639 3648 2024 3708 hetmriarcha
2052 3656 2109 3708 et

461 3737 776 3810 drungario
808 3737 1036 3810 vigilias.
1070 3738 1389 3811 Appellunt
1417 3742 1614 3795 autem
1654 3740 1729 3797 ad
1760 3744 2009 3811 portam,
2034 3742 2103 3797 ad

462 3842 641 3899 quam
668 3836 907 3884 senatus
936 3844 1036 3884 eos
1065 3830 1395 3900 exspectat;
1428 3833 1485 3884 et
1517 3828 1689 3900 primi
1720 3830 1957 3901 quidem
1992 3847 2108 3887 ma-

462 3915 654 3988 gistri,
687 3917 917 3988 patricii
964 3922 1021 3974 et
1067 3916 1349 3974 officiales
1399 3925 1552 3974 extra
1584 3923 1813 3988 portam
1844 3936 1879 3975 a
1906 3920 2106 3978 dextra

463 4010 623 4076 parte
651 4006 779 4075 vias,
801 4022 920 4078 qua
941 4007 1159 4064 domini
1178 4010 1485 4063 transeunt
1508 4025 1523 4076 ;
1545 4009 1614 4063 ad
1644 4008 1940 4065 sinistram
1971 4026 2105 4066 vero

459 4095 614 4167 regia
647 4100 805 4152 stant
826 4096 1061 4153 sellaria
1082 4097 1205 4169 [seu
1228 4097 1363 4169 equi
1392 4096 1653 4153 sellatiet
1676 4099 1746 4154 ad
1770 4098 2103 4172 inequitan-

458 4186 602 4240 rlum
636 4185 929 4258 accincti].
965 4190 1253 4253 Proceres,
1287 4186 1387 4241 ubi
1421 4186 1675 4243 dominis
1724 4204 1902 4260 prope
1932 4189 2101 4256 ﬁunt,

460 4275 705 4331 adorant
732 4274 896 4330 humi
931 4274 1331 4346 procideutes;
1372 4275 1585 4331 domini
1615 4280 1811 4333 autem
1840 4278 2039 4348 stipati
2070 4295 2104 4333 a

460 4364 788 4435 praepositis
809 4363 1059 4419 cubiculi
1107 4368 1164 4420 et
1207 4364 1560 4435 maglabitis,
1610 4365 1865 4422 basilicis
1912 4370 1969 4423 et
1999 4366 2105 4424 he-

462 4452 642 4516 taaria,
666 4451 885 4507 intrant
914 4451 972 4506 in
1003 4452 1311 4509 ecclesiam
1360 4453 1444 4526 [S.
1476 4453 1579 4510 Dei
1621 4454 1944 4527 genitricis]
2002 4473 2105 4529 per

462 4539 642 4606 viam,
662 4556 791 4611 quae
812 4538 951 4596 illuc
973 4539 1153 4596 ducit.
1168 4540 1444 4598 Dominos
1466 4558 1569 4613 per
1585 4547 1808 4614 portam
1830 4544 2102 4602 extimam

461 4629 765 4701 ingressos
786 4629 1224 4701 subsequuntur
1245 4630 1535 4704 magistri,
1559 4632 1786 4703 patricii
1809 4636 1864 4690 et
1884 4633 2102 4691 ofﬁcia-

459 4717 566 4774 les.
592 4717 657 4774 In
678 4718 961 4792 propylaao
984 4718 1440 4793 seufauteportali
1460 4725 1655 4778 autem
1674 4722 1928 4779 ecclesiae
1950 4723 2103 4780 exci-

461 4806 543 4879 pit
565 4806 837 4864 domiuos
861 4806 1256 4881 sceuophylax
1276 4809 1403 4881 [seu
1422 4810 1815 4867 custodiarius
1827 4827 2102 4869 vasorum

456 4900 514 4953 et
534 4912 837 4955 sacrarum
856 4896 1231 4969 reliquiarum
1253 4898 1314 4955 in
1330 4914 1398 4955 ea
1408 4899 1528 4956 aede
1545 4901 1951 4974 repositarum]
1973 4918 2107 4959 cum

2218 3383 2560 3463 εἰσέρχονται
2629 3388 2734 3441 ἀπὸ
2812 3390 3241 3465 σκαραμαγγίων
3320 3390 3396 3450 εἰς
3448 3387 3536 3441 τὸν
3613 3378 3799 3465 δρόμονα

2220 3474 2357 3545 μετά
2394 3462 2512 3543 τῆς
2580 3474 2784 3537 οἰκείας
2845 3478 3022 3532 αὐτῶν
3065 3462 3379 3554 θεραπείας,
3415 3478 3508 3531 τοῦ
3541 3492 3595 3528 τε
3631 3462 3802 3541 λογοθέ·

2214 3581 2311 3616 του
2358 3566 2455 3617 τοῦ
2514 3559 2725 3637 δρόμου
2776 3566 2867 3621 καὶ
2924 3570 3025 3621 τοῦ
3082 3566 3584 3642 πρωτοασηκρήτου
3626 3553 3799 3612 καὶτοῦ

2216 3646 2305 3705 ἐπὶ
2354 3654 2461 3705 τῶν
2514 3648 2752 3722 δεήσεων
2815 3654 2949 3726 μετᾶ
3001 3658 3100 3709 τοῦ
3164 3653 3542 3731 ἐταιρειάρχου
3603 3645 3679 3703 καὶ
3725 3641 3799 3695 τοῦ

2217 3736 2583 3817 δρουγγαρίου
2641 3749 2744 3811 τῆς
2807 3742 3019 3818 βίγλας.
3081 3730 3363 3821 Ὀρμῶσιν
3402 3741 3457 3800 δὲ
3486 3740 3557 3803 εἷς
3583 3737 3667 3804 τήν
3692 3730 3798 3821 πόδ’

2215 3812 2335 3896 ταν,
2366 3812 2512 3886 Vibii:
2578 3833 2613 3899 ἡ
2674 3812 2982 3906 σύγκλητος
3039 3812 3271 3897 τούτους
3335 3830 3616 3905 ἐκδέχεται.
3657 3821 3711 3880 ί)ἱ
3756 3812 3796 3869 δῖ

2217 3918 2511 4001 μάγιστροι
2581 3920 2673 3973 καὶ
2731 3920 3005 3995 πατρίκιοι
3054 3922 3144 3977 καὶ
3211 3919 3554 4002 ἀιρφικιάλιοι
3590 3912 3676 3982 ἔξω
3721 3911 3795 3973 τῆς

2213 3996 2422 4081 πόρτης
2460 4008 2539 4080 τῷ
2587 4005 2746 4081 δεξιῷ
2789 4010 2940 4085 μέρει
2989 4017 3090 4081 τῆς
3135 3996 3428 4087 βασιλικῆς
3454 4002 3622 4063 διόδου
3647 3996 3794 4087 δέχθνῖ

2211 4118 2299 4151 ται
2365 4095 2493 4158 τοὺς
2553 4094 2837 4167 δεσπότας,
2879 4099 2931 4154 ἐν
2992 4097 3049 4155 δὲ
3095 4105 3174 4173 τῷ
3212 4100 3478 4177 ἀριστερῷ
3517 4077 3792 4177 ἵστανταιξᾶ

2216 4183 2474 4261 βασιλικὰ
2531 4185 2812 4261 σελλάρια.
2863 4190 2961 4244 Καὶ
3014 4188 3067 4246 ἐν
3114 4169 3195 4263 τῷ
3222 4169 3518 4261 πλησιάσαι
3562 4178 3681 4257 πρὸς
3717 4169 3791 4263 αξξ

2210 4275 2338 4338 τοὺς
2397 4277 2524 4338 τοὺς
2580 4273 2841 4341 δεσπότας
2896 4280 3157 4336 πίπτουσι
3216 4280 3643 4358 προσκυνοῦντες.
3670 4262 3721 4323 ΟΞ
3746 4256 3788 4360 δξ

2214 4361 2465 4420 δεσπόται
2489 4362 2913 4441 δηριγευόμενοι
2947 4370 3050 4425 ὑπό
3082 4391 3140 4426 τε
3190 4376 3299 4426 τῶν
3349 4359 3684 4444 πραιποσίτων
3715 4359 3787 4444 του

2211 4434 2602 4511 κουϐουκλείου
2633 4434 2725 4511 καὶ
2757 4434 2873 4512 ’τῶν
2904 4455 3285 4535 μαγλαειτῶν,
3321 4434 3603 4537 βασιλικῶν
3637 4434 3785 4537 ’πε-καἒ

2211 4547 2318 4598 τῶν
2375 4550 2476 4613 τῆς
2518 4544 2808 4621 ἑταιρείας,
2866 4529 3205 4627 ἀπέρχονται
3254 4529 3346 4606 διᾶ
3399 4552 3494 4615 τῆς
3528 4529 3784 4627 ἆπαῖυῦσης

2212 4629 2341 4687 ὁδοῦ
2370 4632 2507 4705 πρὸς
2574 4634 2675 4702 τὴν
2712 4622 3279 4710 ἐκκλησίανξ”Ιστὲον,
3328 4638 3432 4707 ὅτι,
3477 4636 3576 4690 τῶν
3632 4622 3785 4680 δεσπο-

2208 4726 2315 4776 τῶν
2358 4719 2636 4776 εἰσιόντων
2682 4724 2782 4794 τὴν
2834 4726 3058 4802 πόρταν,
3090 4726 3568 4791 κατακολουθοῦσιν
3612 4713 3782 4802 amco—tv

2215 4808 2268 4871 οἵ
2297 4832 2354 4867 τε
2403 4813 2694 4888 μάγιστροι
2745 4814 2836 4870 καὶ
2892 4795 3169 4892 πατρίκιοι
3226 4819 3317 4874 καὶ
3356 4795 3781 4895 όφφικιάλιοι.

2217 4898 2275 4958 δὲ
2302 4882 2752 4978 τῷνπρνοπυλαίῳ
2799 4912 2898 4976 τῆς
2940 4882 3110 4978 αὐτῆς
3154 4882 3449 4980 ἰκκλησίας
3485 4898 3675 4977 δέχεται
3711 4882 3783 4940 αὖ.

1510 4997 1709 5054 JOAN.
1749 5000 1886 5056 JAC.
1928 4999 2188 5058 REISKII
2226 5000 2805 5061 COMMENTARIUS.

529 5086 645 5159 ('26)
676 5085 978 5143 Habebunt
1033 5086 1415 5159 imperatores
1474 5089 1649 5146 Graeci
1692 5089 1967 5147 balneum
1997 5092 2103 5148 do-

460 5160 859 5243 mesticum_et
890 5158 1092 5243 procul
1124 5159 1302 5241 dubio
1326 5159 1498 5231 plura
1525 5161 1585 5215 in
1620 5177 1832 5243 magno
1864 5164 2102 5243 palatio,

458 5246 586 5302 que
619 5230 906 5302 quotidie
940 5236 1039 5286 aut
1073 5230 1287 5300 saepius
1320 5230 1421 5302 pro
1452 5248 1614 5288 more
1644 5230 1814 5288 istius
1848 5230 2103 5291 nationis

460 5301 945 5375 frequentarent.
986 5301 1406 5359 Blachernense
1462 5304 1813 5375 igiturillud
1847 5308 2102 5375 tantum-

462 5374 635 5427 modo
662 5374 1000 5430 ceremonim
1033 5390 1225 5443 causa,
1250 5446 1258 5447 ί
1283 5391 1352 5430 ex
1380 5374 1566 5430 vetere
1625 5374 1762 5445 ritu,
1795 5374 1972 5447 semel
2004 5392 2105 5447 per

463 5460 706 5517 annum,
740 5450 841 5499 aut
889 5451 1040 5501 certe
1091 5446 1303 5517 oppido
1362 5462 1489 5501 raro
1530 5450 1616 5513 (ut
1672 5448 1743 5502 ad
1800 5446 2101 5517 balneum,

463 5518 618 5586 quod
647 5516 801 5571 haud
834 5518 1129 5586 vulgarem
1174 5516 1637 5573 sanctimoniam
1673 5519 1966 5575 utentibus
1997 5516 2101 5576 ad;
2135 5568 2138 5570 γ

458 5589 641 5657 deret,
672 5593 727 5643 ct
769 5587 1224 5662 benedictionem
1278 5590 1836 5662 prosperitatmnque
1867 5591 2104 5656 largire-

458 5663 578 5728 tur,
638 5664 990 5732 quapropter
1045 5660 1219 5717 etiam
1300 5660 1452 5718 infra
1506 5678 1560 5735 p.
1640 5660 1764 5731 320,
1824 5662 1885 5716 τὸ
1952 5664 2099 5739 ἅγιον

2215 5088 2431 5165 λοῦσμα
2456 5093 2803 5167 appellatur)
2836 5096 3099 5156 adibant.
3123 5099 3285 5166 Quod
3316 5096 3365 5156 ei
3396 5093 3563 5167 tieret,
3593 5077 3781 5167 quibit:

2214 5149 2392 5242 cum:
2405 5149 2766 5242 ρεξὲωοιιίὶε
2784 5149 3163 5242 ὀὲξὸῐῖᾞίῐ
3176 5149 3489 5242 Siioiiiiui.
3508 5149 3782 5242 _90}{lﬂf,?

2214 5234 2324 5291 isto
2356 5212 2766 5295 Βιαὶιιεξῖιῖἔιῖὦ
2803 5212 3540 5308 ’ὗῖἑιῗξᾏῖιῖυἴὲἆῗ’ἶιῖἑριῖ
3558 5301 3567 5312 ,
3588 5212 3778 5312 θεωερέξ

2212 5290 2832 5380 communemad
2850 5290 3567 5380 ἰἶέιιέἰιιῖόῐεεῖῖζὶέῶῌηηί
3596 5296 3656 5380 εις
3686 5290 3779 5380 Ιῖξς

2212 5379 2534 5465 copiumupl.
2569 5368 2658 5436 83.
2688 5368 2835 5439 Nam
2872 5390 3079 5465 praeter
3110 5385 3292 5465 ipsius
3319 5382 3395 5465 rei
3423 5368 3777 5465 ρὺῆυξξξίξξξξῗ

2211 5449 2491 5577 arsisti
2513 5441 3778 5601 ξιῖεξιοέιξειξιρυεοίιξιεοοὲξεηξέεεῖιεειίτξέξειεῖε

2216 5593 2539 5651 conditum.
