4060 6214
403 374 558 435 1027

1459 369 1988 431 ΟΟΝΒΤΑΝΊῚΝΙ
2031 366 2729 431 PORPHYROGENITI

3683 374 3804 435 1098

401 513 570 569 Illinc
600 511 819 567 abeunt
848 510 919 565 ad
939 505 1375 576 sinistram,ubi
1393 521 1606 563 manus
1632 507 1882 578 Deiparae
1902 522 2043 561 mar-

2160 503 2388 578 χόμενοι
2422 502 2678 558 ἅπτουσιν
2724 502 2930 577 κηροὺς
2975 494 3321 575 ἔμπροσθεν
3373 504 3477 570 τῆς
3510 506 3805 575 μαρμιρὶνης

403 617 561 658 more
591 616 861 672 expressa
891 598 983 655 sui
1013 597 1246 653 exhibet
1276 597 1544 667 formam,
1576 599 1850 668 argenteo
1892 611 2050 650 mar-

402 690 535 763 gine
565 691 972 759 circumsepla.
1016 687 1222 742 Cereos
1253 688 1308 742 et
1330 685 1408 741 ibi
1438 686 1763 741 accendunt
1791 701 1805 745 :
1839 688 1896 739 et
1926 684 2046 755 pri-

398 796 528 836 mus
557 795 657 835 seu
693 782 883 849 major
910 776 1222 847 imperator
1251 775 1487 846 prapria
1536 790 1713 829 manu
1764 772 2045 845 aleiptum

400 884 505 924 seu
537 869 941 924 sufﬁmentum
974 865 1031 920 in
1082 863 1477 931 thuribulum,
1518 863 1673 935 quod
1721 862 1801 917 ibi
1857 862 2045 931 adest,

398 957 609 1028 injicit,
640 974 672 1012 a
702 956 1012 1028 preposito
1070 954 1356 1009 traditum
1401 957 1630 1008 nactus.
1668 950 1834 1007 Illinc
1856 966 2045 1006 rever-

396 1050 584 1103 tentes
613 1045 857 1112 domini,
888 1043 1301 1116 ingrediuntur
1330 1042 1389 1096 in
1422 1040 1705 1097 sacellum
1723 1040 2043 1097 S.Photini.

401 1137 554 1208 quod
584 1140 674 1191 est
697 1136 754 1190 in
788 1134 1057 1189 interiore
1088 1131 1267 1187 tholo.
1302 1131 1469 1186 Illinc
1488 1130 1747 1202 degressi
1770 1146 2046 1186 accensos

399 1227 585 1297 figunt
627 1239 823 1281 cereos
859 1238 1054 1279 coram
1110 1236 1434 1277 marmorea
1473 1219 1727 1288 imagine
1765 1218 2041 1291 Deiparae,

402 1331 528 1387 quea
560 1314 780 1370 sanctis
811 1313 981 1369 suise
1012 1312 1285 1367 manibus
1317 1310 1444 1382 ipsa
1479 1310 1721 1366 effundit
1745 1309 2045 1379 hagiasma

400 1418 506 1461 seu
539 1419 752 1475 aquam
796 1402 1179 1458 benedictam.
1232 1403 1369 1456 Post
1406 1415 1679 1456 accensos
1727 1399 1804 1454 ibi
1852 1415 2047 1455 cereos

400 1493 609 1564 accipit
651 1491 999 1564 praepositus
1057 1491 1323 1545 traditam
1376 1508 1407 1545 a
1455 1487 1774 1544 balnearila
1822 1504 2044 1545 sacram

401 1585 623 1638 stacten
653 1597 756 1637 seu
781 1596 1007 1637 sacrum
1038 1578 1322 1647 lixivium,
1356 1583 1412 1633 et
1438 1577 1691 1633 dominis
1724 1578 2045 1632 communi-

403 1675 516 1726 cat.
554 1669 619 1724 Hi
650 1668 775 1724 suis
808 1669 1082 1723 manibus
1105 1683 1170 1722 eo
1217 1682 1341 1721 sese
1368 1665 1673 1720 cruciatim
1706 1665 1963 1734 signant,
1992 1668 2048 1719 et

403 1760 696 1827 lavantur,
720 1758 972 1830 egressis
997 1756 1238 1811 caeteris.
1274 1754 1397 1810 Loti
1431 1758 1637 1809 exeunt
1669 1754 1724 1807 in
1760 1753 2045 1808 minorem

402 1849 747 1905 exteriorem
779 1846 1024 1912 tholum,
1056 1844 1380 1915 positisque
1412 1841 1535 1897 suis
1559 1842 2048 1907 linteis,induunt

401 1938 515 1994 alia
545 1953 687 1993 auro
718 1936 960 1991 inlexta.
1013 1933 1501 1989 Protembatarius
1542 1936 1733 1987 autem
1777 1948 1875 1987 seu
1917 1932 2047 1987 solii

408 2026 685 2093 magister
716 2030 877 2079 stans
896 2040 1090 2079 coram
1113 2022 1375 2094 colymbo
1397 2021 1535 2076 facit
1558 2020 2045 2086 benedictionem;

406 2115 555 2171 321
592 2130 717 2185 quae
741 2114 879 2169 dum
903 2112 1136 2180 dicitur,
1160 2112 1534 2166 introducunt
1558 2110 1722 2165 Iusta:
1754 2128 1785 2165 a
1815 2110 2049 2165 sinistra

402 2203 654 2277 colymbi
690 2206 852 2274 parte
876 2202 1187 2258 duodecim
1222 2202 1511 2257 bastactas
1529 2216 1631 2255 seu
1658 2199 2044 2271 aquigerulos,

403 2293 504 2368 qui
530 2296 830 2364 postquam
874 2290 1231 2347 transierunt
1278 2306 1472 2345 coram
1511 2288 1782 2345 inferiore
1830 2289 2047 2345 concha

401 2382 702 2453 orientale,
745 2384 1021 2439 ordinant
1043 2398 1166 2438 sese
1196 2382 1258 2437 in
1291 2381 1594 2437 stationem
1630 2380 1685 2434 in
1718 2380 1920 2435 dextra
1952 2396 2043 2434 re-

401 2474 571 2544 gione
601 2472 875 2541 colymbi.
915 2474 1036 2538 Quo
1058 2472 1339 2525 intrantes
1353 2468 1573 2525 domini
1594 2485 1657 2522 su
1670 2468 2049 2534 bsistuunt,et

400 2565 622 2634 primus
654 2563 1063 2631 maximusque
1093 2560 1408 2628 imperator
1437 2559 1530 2612 dat
1554 2556 1800 2627 singulis
1833 2556 2045 2627 bajulis

400 2651 663 2723 singulos
694 2667 898 2706 aureos
929 2664 1223 2703 nummos.
1252 2646 1430 2701 Debet
1460 2650 1652 2699 autem
1704 2646 2046 2715 praepositus

402 2756 644 2797 manum
703 2740 987 2809 cujusque
1018 2738 1285 2790 bastaclaa
1323 2751 1422 2789 seu
1456 2734 1895 2804 bajulipriusin
1919 2750 2044 2789 eam

402 2830 646 2885 formam
667 2827 1084 2897 composuisse,
1118 2829 1181 2878 ut
1222 2839 1354 2879 cum
1418 2824 1620 2877 decore
1653 2828 1827 2894 atque
1858 2823 2044 2894 gratia

401 2932 712 2974 nummum
743 2914 997 2969 inditum
1028 2930 1061 2965 a
1094 2910 1330 2966 domino
1353 2911 1617 2983 accipiat.
1652 2913 1789 2965 Post
1820 2911 2041 2966 [initam

402 3008 551 3063 hanc
565 3020 937 3062 nummorum
953 3000 1353 3073 elargitionem
1370 3005 1540 3071 atque
1570 3001 2039 3056 distributionem

399 3094 721 3152 sanctificat
769 3092 1255 3166 protembatarius
1309 3091 1499 3147 lacum
1552 3090 1901 3147 natatorium
1934 3107 2041 3147 sua

398 3200 590 3253 cruce,
624 3188 846 3240 etcum
877 3181 1079 3238 eadem
1118 3180 1364 3253 porrigit
1407 3180 1657 3235 dominis
1715 3196 1746 3235 e
1785 3179 2037 3252 colymbo

2159 591 2367 655 εἰκόνος
2396 600 2499 662 τῆς
2531 593 2822 659 Θεοτόκου,
2876 591 2997 661 ἥτις
3056 590 3126 646 ἐκ
3156 594 3276 644 τῶν
3326 592 3431 658 τῆς
3482 590 3640 659 αὐτῆς
3674 595 3802 669 ἁγέων

2159 687 2360 756 χειρῶν
2401 686 2603 757 προχεῖ
2652 682 2715 736 τὸ
2762 681 3032 757 ἀγίασμα.
3093 678 3209 737 Καὶ
3270 679 3413 752 μετᾶ
3462 680 3524 733 τὸ
3568 682 3807 753 ἅψαι-τοὺς

2155 773 2360 849 κηροὺς
2415 770 2680 846 λαμϐάνει
2729 774 2831 843 τῆν
2884 772 3041 847 ἁγίαν
3103 772 3363 840 πακτῆν
3424 771 3452 825 ὁ
3499 774 3809 845 πραιπόσιτος

2156 865 2301 939 παρὰ
2331 868 2427 920 τοῦ
2463 862 2838 938 βαλνιαρίτου,
2890 864 2978 918 καὶ
3030 860 3352 918 ἐπιδίδωσι
3384 868 3506 926 τοῖς
3546 860 3809 928 δεσπόταις.

2155 954 2222 1010 Ol
2274 951 2331 1008 δὲ
2384 950 2643 1008 δεσπόται
2692 952 2916 1015 οἶκεῖαις
2960 952 3172 1028 χερσὶν
3230 952 3474 1013 ἑαυτοὺς
3530 950 3811 1030 ἐπισφραγὶ-

2157 1050 2363 1116 ζουσιν,
2411 1044 2501 1099 καὶ
2557 1043 2783 1115 ἐξιόντες
2840 1043 3131 1101 λούονται.
3186 1044 3298 1100 Καὶ
3367 1044 3505 1114 μετὰ
3551 1044 3612 1101 τὸ
3642 1045 3811 1100 λούσα-

2156 1145 2277 1198 σθαι
2327 1132 2639 1208 ἐξέρχονται
2681 1134 2758 1197 εἷς
2804 1134 2897 1189 τὸν
2947 1132 3230 1206 ἐξώτερον
3290 1132 3494 1205 μικρὸν
3540 1132 3706 1201 θόλον,
3740 1134 3811 1190 καῖ

2157 1221 2518 1283 ἆλλάτσοντες
2562 1223 2629 1276 τὰ
2679 1222 2888 1277 τούτων
2938 1220 3131 1277 λέντια
3189 1216 3637 1295 περιϐάλλονται
3685 1221 3811 1298 ἓτερι

2155 1309 2553 1390 χρυσοΰφαντα.
2660 1313 2721 1368 Ὀ
2826 1308 2883 1366 δὲ
2969 1306 3493 1386 προτεμϐατάριος
3567 1311 3810 1385 ἱστάμενος

2156 1400 2260 1474 πρὸ
2315 1404 2413 1455 τοῦ
2469 1395 2782 1473 κολύμϐου,
2841 1397 2990 1474 λέγει
3047 1402 3161 1469 τὴν
3226 1399 3436 1478 εὐχήν.
3481 1399 3809 1467 ’1στὲον,ὃτι,

2153 1496 2252 1559 τῆς
2286 1488 2455 1564 εὐχῆς
2510 1486 2834 1563 λεγομένης,
2896 1489 2949 1543 οἱ
3005 1487 3254 1544 λοῦσται
3320 1487 3634 1565 εἷ’σοὶγουσιν
3670 1489 3730 1543 τὰ
3759 1490 3811 1563 ιβ’

2160 1579 2430 1653 βαστακτὰ
2486 1580 2595 1651 (32)
2641 1578 2746 1631 ἀπὸ
2794 1582 2895 1632 τοῦ
2952 1578 3265 1653 ἀριστεροῦ
3339 1580 3543 1651 μέρους
3585 1583 3678 1631 τοῦ
3737 1598 3811 1632 κο-

2157 1662 2397 1740 λύμϐου,
2455 1666 2546 1721 καὶ
2605 1663 2918 1742 διέρχονται
2966 1669 3073 1741 πρὸ
3128 1673 3241 1736 τῆς
3294 1666 3451 1721 κάτω
3498 1669 3543 1705 ¹²
3593 1666 3806 1723 ἀνατολι-

2154 1762 2257 1825 κῆς
2309 1758 2420 1827 (33)
2468 1755 2709 1830 κόγχης,
2760 1756 2851 1809 καὶ
2896 1753 3155 1810 ’ἵστανται
3214 1755 3299 1818 εἷς
3346 1756 3414 1810 τὸ
3466 1754 3633 1827 δεξιὸν
3674 1757 3805 1832 μέρος

2155 1850 2251 1899 τοῦ
2308 1839 2617 1915 κολύμϐου,
2678 1845 2744 1901 Οἱ
2800 1842 2856 1899 δὲ
2916 1842 3181 1900 δεσπόται
3250 1844 3523 1907 εἰσιόντες
3575 1843 3799 1915 ἵστανται,

2156 1933 2242 1987 καὶ
2298 1934 2325 1987 ὁ
2374 1937 2591 2005 πρῶτος
2646 1931 2900 2008 βασιλεὺς
2950 1931 3287 1989 ἐπιδίδωσιν
3341 1935 3553 2007 ἑκάστῳ
3593 1940 3690 1989 τῶν
3732 1936 3800 2009 βι-

2155 2027 2395 2078 στακτῶν
2446 2021 2545 2077 ἀνὰ
2591 2024 2932 2097 νομίσματος
3004 2024 3153 2086 ἑνός.
3236 2026 3362 2100 Χρή
3420 2022 3477 2079 δὲ
3534 2025 3621 2080 τὸν
3671 2044 3799 2098 πραιο

2154 2111 2375 2167 πόσιτον
2452 2113 2552 2181 τήν
2626 2116 2790 2187 χεῖρα
2880 2117 2975 2167 τοῦ
3085 2114 3414 2187 βαστακτοῦ
3490 2112 3797 2187 προευτρεπὲ-

2158 2205 2262 2269 ζειν
2296 2204 2409 2273 (34)
2442 2201 2577 2273 πρὸς
2606 2202 2706 2269 τὴν
2744 2208 2845 2270 τῆς
2896 2200 3200 2276 βασιλικῆς
3252 2199 3471 2277 δωρεᾶς
3527 2199 3792 2275 ὑποδοχήν.

2155 2290 2251 2344 Καὶ
2332 2288 2465 2361 μετὰ
2520 2289 2619 2356 τὴν
2676 2286 3074 2364 συμπλήρωσιν
3130 2298 3242 2359 τῆς
3296 2288 3568 2362 διανομῆς
3624 2290 3791 2363 ἁγιάζει

2158 2379 2290 2451 μετὰ
2327 2383 2424 2433 τοῦ
2469 2379 2700 2452 σταυροῦ
2750 2380 2777 2433 ὁ
2825 2376 3334 2455 πρωτεμϐατάριος
3386 2381 3481 2435 τὸν
3530 2373 3789 2450 κόλυμεον,

2153 2464 2429 2530 ἐπιδιδοὺς
2460 2474 2578 2530 τοῖς
2611 2465 2893 2531 δεσπόταις
2945 2470 3050 2524 ἀπὸ
3100 2475 3210 2525 τοῦ
3264 2464 3560 2542 κολύμϐου
3586 2467 3785 2544 ἁγίασμα

2158 2557 2292 2629 μετὰ
2338 2561 2435 2611 τοῦ
2487 2558 2653 2613 αὐτοῦ
2712 2562 2944 2633 σταυροῦ
3002 2561 3141 2631 (35).
3208 2560 3281 2618 Οἱ
3344 2557 3403 2614 δὲ
3460 2552 3787 2632 λαμϐάνοντες

2149 2646 2213 2700 τὸ
2261 2644 2501 2719 ἀγίασμα
2548 2645 2890 2721 εἰσέρχονται
2948 2647 3023 2710 εἷς
3058 2649 3156 2703 τὸν
3218 2643 3536 2720 κόλυμϐον,
3584 2644 3664 2700 καί
3705 2649 3784 2711 τῆς

2151 2734 2393 2797 ἐκτενοῦς
2437 2734 2750 2809 γινομένης,
2801 2733 3131 2792 καταδύουσι
3198 2737 3416 2808 τρίτον,
3468 2735 3557 2790 καὶ
3601 2732 3787 2806 ἐξερχό·

2155 2845 2305 2898 μενοι
2355 2824 2678 2899 ἀνέρχονται
2740 2823 2790 2879 ἐν
2837 2830 2915 2897 τῷ
2970 2823 3261 2899 ἀποδύτῳ,
3306 2826 3401 2880 καὶ
3432 2822 3781 2902 ἀμφιασθέντες

2150 2915 2286 2970 κατὰ
2316 2915 2380 2970 τὸ
2411 2914 2601 2976 εἰωθὸς
2635 2913 2945 2989 ἐξέρχονται
2981 2916 3116 2987 μετᾶ
3168 2923 3279 2985 τῆς
3334 2919 3598 2988 μυστικῆς
3639 2909 3781 2964 αὐτῶν

2146 3006 2367 3078 τάξεως·
2404 3004 2623 3075 ’Ῐστέον,
2670 3003 2752 3060 ὅτι
2804 2998 2905 3073 ἔξω
2956 3010 3053 3060 τοῦ
3104 3006 3451 3080 μονοθύροο,
3481 3003 3534 3058 ἐν
3563 3002 3604 3073 ᾧ
3630 3001 3776 3053 ἵσταν-

2145 3116 2233 3150 ται
2265 3095 2318 3150 οἱ
2346 3094 2701 3165 πραιπόσιτοι
2749 3092 3111 3169 ἐπευχόμενοι
3156 3094 3297 3158 τούς
3347 3088 3774 3159 δεσπότας,’ίστα-

2146 3206 2234 3240 ται
2284 3184 2310 3238 ὁ
2361 3186 2467 3238 τῶν
2516 3182 2773 3258 Εὐγενίου
2823 3203 3189 3259 γηρωκομος,
3243 3180 3526 3244 ἐπιδιδοὺς
3570 3183 3673 3238 τοῖς
3706 3172 3775 3229 δε·

401 3252 694 3345 hagiasma
724 3290 823 3330 seu
842 3252 1266 3328 sanctiﬁcatam
1292 3274 1390 3326 aut
1419 3270 1784 3325 lienedictam
1802 3286 2033 3339 aquam.

2153 3275 2368 3336 σπόταις
2419 3271 2798 3348 διερχομένοις
2838 3252 2947 3333 ’τας
3007 3252 3295 3349 εὐλογίας.
3361 3276 3474 3330 Γῶν
3526 3266 3578 3324 δὲ
3618 3264 3773 3321 δεσποο

398 3360 649 3432 Domini,
671 3361 1033 3431 bagiasmate
1064 3363 1318 3430 accepto,
1348 3360 1568 3414 intrant
1598 3357 1656 3412 in
1680 3356 2034 3427 colymbum,

400 3456 456 3509 et
500 3454 636 3507 dum
694 3451 762 3505 fit
808 3455 1065 3516 extensa,
1122 3450 1482 3517 immergunt
1539 3461 1666 3501 sese
1724 3454 1843 3512 ter;
1904 3445 2034 3499 dein

400 3545 662 3597 exeunte
685 3539 949 3611 colymbo
984 3544 1039 3593 et
1067 3539 1386 3592 ascendunt
1420 3535 1477 3589 in
1511 3536 1776 3605 apodyta,
1811 3550 2042 3589 rursus-

396 3647 507 3702 que
537 3630 663 3687 suis
691 3628 878 3686 solitis
899 3629 1152 3683 vestibus
1174 3626 1370 3681 amicti
1403 3628 1612 3680 exeunt
1642 3640 1774 3679 cum
1796 3624 2041 3695 mystico

400 3736 502 3777 seu
560 3719 782 3791 privato
842 3718 934 3774 sui
984 3715 1245 3788 corporis
1305 3713 1649 3769 ministerio.
1709 3714 1854 3768 Dum
1907 3729 2042 3769 vero

400 3817 609 3867 exeunt
639 3807 865 3864 domini
896 3824 995 3879 per
1026 3812 1252 3879 portam
1289 3804 1667 3876 singularem,
1699 3803 1891 3859 curam
1926 3819 2044 3875 qua

396 3899 569 3972 paulo
590 3903 722 3955 ante
753 3898 1086 3954 dicebamus
1127 3894 1316 3951 solere
1346 3894 1682 3965 praepositos
1723 3893 1915 3948 fausta
1941 3894 2042 3948 do-

400 3991 569 4047 minis
591 3994 971 4063 apprecantes
1016 3988 1358 4055 subsistere,
1392 3990 1545 4043 astat
1566 3986 1780 4042 ibidem
1810 4002 2041 4059 quoque

2145 3367 2252 3418 τῶν
2314 3359 2699 3436 διερχομένων,
2770 3367 3081 3437 ωγκινοῦσι
3148 3361 3617 3438 προπορευόμενοι
3681 3357 3765 3407 τῶν

2149 3449 2448 3520 δεσποτῶν,
2502 3449 2591 3522 ἀφ’
2642 3450 2714 3504 ὧν
2774 3450 2958 3506 τόπων
3000 3449 3276 3521 ἵστανται,
3330 3452 3385 3506 οἱ
3430 3452 3528 3504 τοῦ
3573 3438 3766 3501 x0060:-

2149 3537 2333 3593 κλείου
2368 3538 2457 3592 καὶ
2517 3538 2568 3592 οἱ
2630 3535 2965 3612 μαγλαϐῖται
3021 3540 3112 3594 καὶ
3168 3543 3277 3609 τῆς
3337 3526 3765 3609 ἑταιρείας.οἱδὶ

2152 3625 2407 3683 δεσπόται
2465 3627 2510 3681 εἰ
2573 3628 2666 3700 μέν
2725 3626 3037 3683 κελεύουσιν
3106 3630 3372 3686 ἱππεῦσαι
3427 3625 3515 3682 καὶ
3551 3619 3763 3683 ἀπελθεῖν

2153 3715 2262 3773 εἶ’τε
2308 3714 2361 3772 ἒν
2409 3720 2478 3791 τῇ
2530 3720 2712 3794 πηγῇ,
2772 3715 2880 3772 εἷ’τε
2926 3716 3206 3793 ἀλλαχοῦ,
3258 3723 3424 3775 τοῦτο
3454 3703 3765 3771 ποιοῦσινπῖ

2155 3804 2213 3861 δὲ
2263 3807 2429 3881 μήγε,
2482 3804 2857 3881 εἰσερχόμενοι
2908 3806 2984 3869 εἰς
3033 3808 3127 3862 τὸν
3177 3805 3426 3881 δρόμονοι
3473 3801 3764 3875 εἰσέρχονται

2155 3897 2230 3959 εἰς
2281 3897 2343 3952 τὸ
2395 3895 2683 3967 παλάτιον,
2742 3898 2776 3968 ἢ
2830 3898 2918 3952 καὶ
2970 3894 3253 3973 ἀλλαχοῦ,
3301 3895 3439 3953 ὅπου
3490 3889 3764 3968 βούλονταιι

2156 3985 2508 4062 ἀπέρχονται.

394 4061 735 4149 gerocomus
767 4078 1073 4150 hospitalis
1102 4077 1366 4148 Eugenii,
1396 4076 1737 4146 impertiens
1783 4076 2038 4132 dominis
2085 4061 2566 4147 praetereuntibus
2599 4076 2859 4149 eulogias
2901 4094 2997 4133 seu
3034 4079 3495 4136 benedictiones.
3529 4061 3753 4128 Dominis

392 4176 585 4227 autem
618 4170 770 4241 apud
803 4184 1091 4241 quemque
1147 4167 1408 4222 ordinem
1461 4182 1684 4234 eorum,
1718 4183 1865 4237 quos
1906 4166 1965 4221 in
2025 4168 2273 4238 apodyta
2328 4168 2645 4237 ingressuri
2694 4168 2844 4225 fores
2878 4172 3105 4225 stantes
3157 4167 3532 4242 reliquerant,
3562 4159 3756 4232 preter-

395 4261 688 4332 euntibus,
703 4259 993 4331 incipiunt
1025 4258 1081 4314 hi
1112 4274 1174 4314 se
1208 4273 1433 4330 quoque
1464 4256 1640 4314 simul
1674 4273 2038 4313 commovere
2076 4261 2131 4313 et
2152 4273 2342 4314 coram
2371 4258 2727 4315 abeuntibus
2774 4258 3023 4315 dominis
3075 4261 3402 4331 praecedere
3444 4271 3510 4313 eo
3560 4267 3623 4307 ex
3656 4246 3758 4301 loco

1752 4373 1991 4431 VARI/E
2028 4375 2417 4431 LECTIONES

471 4474 519 4509 ¹²
554 4471 701 4527 κάτω
733 4474 887 4545 conj.
922 4474 1010 4539 3.,
1042 4470 1180 4525 κατᾶ
1210 4474 1336 4529 cod.
1379 4477 1436 4529 et
1466 4474 1557 4529 ed.

1430 4581 1635 4637 JOAN.
1676 4581 1822 4637 JAC.
1868 4580 2135 4637 REISKII
2174 4580 2772 4639 COMMENTARIUS.

469 4674 582 4745 (32)
613 4676 728 4728 Aut
758 4672 840 4745 sic
870 4671 1123 4745 positum
1171 4671 1284 4727 fuit
1315 4688 1417 4745 pro
1461 4670 1588 4731 τοὺς
1628 4664 1694 4723 ιϐ’
1727 4669 2049 4745 βαστακτὰς,
2084 4679 2127 4745 D

404 4741 604 4817 bajuli,
627 4751 725 4801 aut
756 4744 821 4798 τὰ
862 4741 1133 4817 βάστάκτα
1179 4741 1330 4817 δυηῖ
1356 4744 1513 4799 idem
1561 4741 1735 4817 atque
1753 4743 1818 4817 τὰ
1854 4742 2051 4817 eam:

397 4813 551 4889 κτρα,
588 4823 772 4889 vectes,
807 4813 1019 4887 quibus
1049 4831 1142 4871 res
1172 4816 1531 4889 deferuntur
1556 4813 1657 4889 __(v;
1704 4816 1775 4870 ad
1806 4813 1895 4889 _p._
1941 4813 2049 4889 267

399 4884 595 4958 dicta).
658 4884 983 4943 Posteriore
1058 4888 1226 4942 modo
1313 4886 1359 4941 si
1443 4884 1719 4958 explices,
1806 4884 2047 4942 habebit

400 4960 759 5088 metonﬁmia
797 4958 1009 5026 locum,
1040 4958 1466 5013 instrumentum
1500 4975 1602 5030 pro
1634 4961 1825 5013 utente
1855 4958 2044 5012 nomi-

400 5047 563 5088 nans.
649 5032 662 5086 i
696 5030 879 5088 baiuli
919 5034 1169 5088 possunt
1211 5030 1335 5088 iam
1381 5045 1509 5087 esse
1549 5035 1650 5084 aut
1699 5028 2044 5088 aquigeruli.

393 5046 563 5089 nans.
595 5028 662 5088 Hi
696 5030 879 5102 bajuli
919 5034 1169 5102 possunt
1210 5030 1335 5101 jam
1381 5028 1515 5087 esse
1549 5035 1650 5084 aut
1699 5028 2046 5101 aquigeruli,

393 5106 491 5176 qui
526 5120 739 5176 aquam
764 5101 822 5176 in
846 5101 1039 5176 lacum
1073 5105 1396 5176 congerunt
1425 5106 1551 5176 Aaut
1599 5106 1862 5174 egerunt,
1895 5119 2047 5173 νεροο

395 5173 610 5251 φόρους-
639 5173 1100 5251 ϐυιεεὶεᾉᾶὶοιοε,
1134 5175 1247 5251 uid.
1291 5173 1600 5251 du_Ca_nge
1653 5189 1702 5228 ν.
1745 5176 2046 5251 Aquarius,

401 5244 502 5301 aut
516 5245 1094 5319 quicorpusAugusti
1110 5250 1165 5300 et
1177 5248 1451 5316 Augustae
1464 5245 1727 5319 delerunt
1742 5244 1800 5299 in
1815 5244 2049 5319 lecticis,

409 5314 759 5375 aut—mulos
807 5314 1128 5374 lecticarios
1188 5314 1388 5387 agunt,
1430 5321 1488 5372 et
1534 5315 1593 5371 in
1621 5316 1954 5371 universum
1981 5314 2051 5385 τῇ

411 5388 650 5465 βασταγῇ
685 5390 949 5447 sarcinas
998 5387 1331 5465 imperiales
1359 5390 1418 5465 _et
1441 5387 2054 5465 impedimenla_sacra

403 5455 667 5525 onerant,
698 5466 1032 5526 exonerant,
1066 5455 1297 5527 curant,
1323 5455 1666 5525 observant;
1697 5457 1814 5513 vid.
1848 5456 1919 5512 de
1952 5455 2052 5527 ba-

398 5533 579 5605 stsgis
611 5536 668 5588 et
687 5533 1036 5605 baslagariis
1084 5532 1322 5605 Gnther.
1367 5548 1421 5605 p.
1460 5530 1700 5605 730,_du
1740 5528 1932 5605 (geuge
1962 5526 2052 5605 ιιι.

395 5598 520 5662 Lat:
542 5603 599 5661 h.
631 5620 683 5659 ν.
744 5608 802 5660 et
847 5598 1037 5660 Vales.
1087 5604 1158 5659 ad
1207 5598 1505 5673 Ammian.
1565 5598 1932 5673 Marcell.,p.
1963 5600 2054 5673 83,

397 5676 498 5734 ubi
560 5675 836 5752 βασταγὴν
886 5673 1123 5748 exponit
1170 5696 1200 5727 «
1249 5672 1562 5731 sarcinalia
1618 5672 1895 5747 principis
1958 5672 2057 5745 ju-

392 5753 600 5807 menta.
636 5771 664 5799 ››

2233 4672 2344 4744 (33)
2393 4673 2476 4744 tta
2524 4677 2613 4729 est
2669 4672 2724 4727 in
2788 4673 3163 4744 membranis.
3242 4674 3353 4732 Sed
3399 4673 3501 4741 leg.
3555 4646 3751 4744 8014‘

2159 4725 2247 4796 τωὶ
2269 4725 2611 4812 ἀνατολικῆς*
2651 4725 2749 4800 aut
3288 4725 3553 4816 vlhcet‘flug
3596 4725 3748 4816 (1902'

2160 4832 2296 4898 nam
2330 4802 2992 4887 horum'amplecterer,
3044 4802 3208 4889 prius
3258 4802 3473 4889 arripui
3530 4810 3585 4865 in
3616 4802 3749 4858 Lati-

2159 4904 2273 4942 D18.

2231 4959 2344 5030 (34)
2374 4959 2461 5015 Ad
2489 4975 2688 5015 aurum
2712 4975 2919 5031 nempe
2966 4962 3176 5017 cavatis
3224 4942 3743 5031 dextcrﬁbac’fipfff'

2157 5015 2340 5106 quin),
2368 5035 2571 5106 ut__ait
2626 5036 2812 5106 Amm.
2850 5015 3238 5106 'Marcell.“p.
3402 5024 3509 5101 (19)
3530 5015 3743 5106 ριξίιιιξξί

2160 5077 2365 5226 dgftir.
2398 5077 3253 5174 Alias.enimprotensbwresﬁs
3281 5077 3741 5163 sinuaccipiebant

2160 5189 2190 5226 ο
2262 5190 2292 5226 a
2324 5191 2375 5226 a.

2160 5189 2375 5228 001818.

2234 5243 2345 5315 (35)
2379 5245 2525 5314 Ergo
2548 5261 2684 5300 crux
2716 5244 2816 5301 illa
2846 5245 2931 5301 sic
2947 5250 3069 5302 erat
3098 5247 3364 5311 formata,
3397 5239 3527 5315 uti!)
3548 5231 3739 5315 ευσῖίξθ

2163 5305 2419 5370 extremo
2450 5305 2691 5388 haberet
2712 5333 2941 5387 parvam
2974 5318 3227 5387 patinam
3261 5305 3515 5388 nonnihil
3537 5305 3735 5388 ﬁliiﬁlii:

2165 5366 2281 5458 qua
2296 5366 2485 5457 ’ἐᾲὺᾶ
2495 5366 2812 5444 “ii;
2822 5366 3569 5446 rillurs's‘iuamdrieci—swdocti
3580 5366 3739 5458 fele-9

2166 5436 2431 5552 ἐέᾗξξῖαῖ
2442 5436 3388 5552 sissesisseeisesse
3401 5436 3548 5552 “si?
3564 5436 3744 5552 ίὲἓὲαι

2167 5523 2517 5605 ininumLut
2545 5547 2613 5587 ex
2644 5530 2818 5605 allato
2864 5532 3037 5605 Angli
3083 5534 3396 5605 cujusdam
3436 5523 3689 5605 1000933;

2167 5583 3749 5677 δοιλοιῇἷᾂρὼὧοῆιᾷῐίοτὶἱᾷἰῖᾇηὲἶεῖζᾷιῖῦιοειωὼιιιιηε

2167 5673 2395 5746 egregie
2419 5673 2671 5731 illustrat
2702 5679 2757 5732 et
2785 5675 3035 5733 conferri
3067 5673 3343 5735 meretur.
