4060 6214
303 380 455 445 1029

1138 380 1242 441 DE
1284 378 1747 442 CERIMONIIS
1790 379 2026 442 AULE
2067 379 2541 443 BYZANTINE
2583 381 2731 443 LIB.
2777 384 2855 444 II.

3543 388 3698 450 i030

299 529 356 578 et
376 519 645 586 statione,
673 534 847 591 quam
879 517 1128 591 quisque
1173 515 1418 584 obtinet,
1468 516 1641 589 primi
1684 517 2026 574 cubicularii
2057 535 2087 574 e
2117 534 2244 588 sua,
2277 523 2404 573 tum
2445 517 2787 585 maglabitze,
2818 517 3055 574 tandem
3083 518 3326 575 hetaeriae
3370 524 3630 594 ascripti,
3661 541 3692 580 e

298 609 424 668 suis
455 608 673 683 quique
703 607 1075 664 stationibus.
1107 605 1271 662 Illinc
1302 621 1494 678 porro,
1529 605 1577 662 si
1610 606 1814 678 placet,
1861 606 2189 663 avehuntur
2245 607 2469 662 domini
2494 607 2555 664 in
2603 607 2769 680 equis
2825 606 2896 662 ad
2954 621 3160 679 pegam
3209 607 3293 678 [id
3352 613 3440 665 est
3483 611 3555 665 ad
3597 629 3696 684 pa-

301 701 508 759 latium
541 714 832 773 peganum
865 706 920 755 et
949 697 1257 771 Deiparam
1281 695 1501 767 fontis],
1537 695 1743 767 aliove,
1775 713 1887 769 quo
1917 696 2187 768 libuerit;
2223 698 2433 771 quodsi
2463 713 2595 755 vero
2643 696 2900 768 equitare
2946 696 3256 767 noluerint,
3312 703 3413 754 aut
3441 699 3554 756 alio
3586 717 3700 773 quo

297 793 387 850 ire
419 791 673 859 libuerit,
705 791 944 847 abeunt.

921 880 1186 937 ΚΕΦΑΛ.
1229 877 1328 934 II".

295 971 463 1056 ’Ὅσας
485 966 568 1025 δεῖ
629 966 1066 1056 παραφυλάττειν
1121 967 1190 1056 ἐνἼ
1210 968 1445 1056 κπαγανῇ
1503 967 1774 1056 Κζυριαζιῇ,
1813 963 1849 1034 ἤ
1880 965 1945 1052 ἐν

367 1040 514 1116 me
582 1034 741 1116 mit
791 1034 1057 1116 ξήμέρειν,
1100 1034 1430 1116 μελλό“ιέων’
1497 1034 1605 1116 τῷν)
1672 1034 1948 1116 δέεξπτοτιῖὲν

365 1107 576 1186 ᾁπιὲναι
617 1107 727 1186 εἴτε
764 1107 1006 1186 ageses:
1045 1107 1255 1186 Ἀγίους
1295 1107 1694 1177 ’Λποστόλους,
1725 1107 1831 1163 ε’ἰτε
1869 1108 1946 1168 εἷς

363 1183 547 1260 ἓτερον
586 1184 712 1238 ναὸν
753 1180 1022 1253 εὔξασθαι.

369 1273 485 1348 Πρὸ
519 1278 645 1346 μιᾶς
691 1269 904 1347 ἡμέρας
959 1267 1168 1326 δίδοται
1221 1267 1464 1343 μανδάτα
1495 1275 1576 1342 τῷ
1605 1269 1949 1344 πραιποσίτῳ

295 1359 386 1417 καὶ
434 1365 512 1434 τῷ
559 1361 839 1417 κατεπάνω
893 1364 1000 1415 τῶν
1059 1357 1382 1434 βασιλικῶν,
1441 1364 1510 1434 τῇ
1567 1356 1730 1415 ἕωθεν
1773 1357 1948 1422 ἐλθεῖν

298 1452 530 1514 ἅπαντας
581 1450 686 1505 άπὸ
743 1447 1195 1525 σκαραμαγγίων,
1255 1449 1448 1513 ὁπόθεν
1505 1448 1565 1502 ἃν
1614 1446 1945 1504 κελεύσωσιν

297 1540 350 1594 οἱ
405 1535 660 1594 δεσπόται
709 1538 988 1594 ἱππεῦσαι.
1048 1537 1155 1593 Καὶ
1224 1540 1294 1610 τῇ
1360 1536 1524 1592 ἓωθεν
1578 1535 1946 1610 προέρχονται

299 1628 528 1690 ἅπαντες
594 1627 699 1683 ἀπὸ
784 1625 1226 1702 σκαραμαγγίων,
1303 1625 1393 1681 καὶ
1478 1624 1810 1700 εἰσέρχονται
1896 1624 1948 1678 οἱ

297 1716 650 1791 πραιπόσιτοι
693 1717 828 1789 μετᾶ
873 1720 972 1772 τοῦ
1020 1710 1440 1782 κουϐουκλείου,
1508 1715 1618 1770 ε’ἰτε
1693 1715 1799 1769 ἀπὸ
1855 1716 1946 1769 τὸν

297 1801 689 1881 καϐαλλάριον,
740 1803 849 1861 εἴτε
897 1804 1004 1859 ἀπὸ
1051 1805 1150 1873 τήν
1204 1807 1304 1858 τοῦ
1373 1804 1573 1878 Κυρίου
1633 1801 1946 1873 ἐκκλησίαν,

299 1894 408 1949 εἲτε
437 1892 542 1948 ἀπὸ
571 1893 662 1948 τὸν
695 1891 1062 1966 ἱππόδρομον,
1096 1890 1200 1948 ε’ἰτε
1231 1892 1334 1948 ἀπὸ
1361 1893 1424 1948 τὸ
1443 1890 1948 1966 τζουκανισδήριον,

301 1983 411 2038 εἳτε
439 1983 548 2037 ἀπὸ
575 1989 676 2052 τῆς
725 1982 960 2059 Δάφνης.
1010 1983 1143 2039 Ἀπὸ
1193 1981 1402 2037 τούτων
1451 1983 1557 2058 γάρ
1585 1985 1693 2036 τῶν
1723 1979 1948 2037 εἶσοδων

301 2071 551 2126 εἰώθασιν
597 2071 680 2126 ἀεὶ
720 2070 965 2127 ἱππεύειν
1014 2070 1064 2125 οἱ
1115 2067 1366 2126 δεσπόται
1402 2075 1468 2129 η.
1500 2071 1568 2128 Οἱ
1600 2068 1657 2126 δὲ
1695 2067 1952 2127 δεσπόται

301 2158 615 2237 ἐξέρχονται
681 2159 789 2216 άπδ
869 2161 1294 2237 σκαραμαγγίων
1375 2162 1664 2239 φοροῦντες
1731 2160 1821 2215 καὶ
1885 2161 1953 2216 τά

1975 881 2030 947 Α

2673 878 2903 936 CAPUT
2940 880 3092 935 XIII.

2057 965 2421 1040 Observania,
2459 968 2677 1040 quando
2699 967 2759 1022 in
2790 968 3082 1024 Dominica
3110 985 3328 1040 pagana
3343 977 3439 1027 aut
3457 972 3582 1030 alia
3603 974 3698 1030 die

2125 1039 2410 1113 communi
2438 1039 2872 1113 dominipvolunt
2902 1046 3002 1094 aut
3035 1039 3230 1113 ad'SS.
3278 1043 3550 1113 Apostolos
3596 1053 3696 1100 aut

2127 1111 2200 1198 ad
2244 1112 2405 1198 aliud
2440 1111 2661 1184 aliquod
2704 1111 2968 1182 templum
3017 1111 3328 1168 devotionis
3371 1116 3699 1188 peragendae

2125 1197 2295 1238 causa
2322 1198 2429 1239 ινε.

2129 1271 2490 1329 Prascedente
2532 1272 2626 1328 die
2696 1273 2914 1329 dantur
2959 1275 3235 1330 mandata
3289 1277 3597 1347 praeposito
3643 1284 3701 1334 et

2056 1359 2756 1432 catepanobasilicorum,
2797 1365 2862 1416 ut
2917 1361 3098 1418 altero
3155 1379 3326 1419 mane
3377 1379 3580 1422 omnes
3638 1367 3698 1422 in

2058 1451 2474 1522 scaramangiis
2504 1451 2642 1507 illuc
2671 1451 3038 1520 conveniant,
3063 1453 3218 1510 unde
3249 1454 3473 1512 domini
3502 1457 3702 1514 decre-

2056 1543 2267 1595 verunt
2294 1544 2352 1596 et
2393 1540 2632 1596 edicunt
2702 1540 3054 1612 exequitare.
3109 1542 3306 1614 Itaque
3349 1545 3702 1602 conveniunt

2057 1645 2260 1686 omnes
2291 1630 2348 1686 in
2380 1631 2804 1702 scaramangiis
2845 1633 3039 1687 statim
3090 1648 3281 1702 mane,
3317 1638 3376 1690 et
3405 1637 3701 1708 prepositi

2061 1732 2175 1773 una
2205 1733 2342 1774 cum
2374 1718 2642 1774 cubiculo
2663 1719 2816 1775 822
2848 1735 2880 1775 e
2911 1718 3126 1790 palatio
3150 1722 3451 1791 prodeunt,
3485 1725 3604 1780 sive
3628 1726 3700 1780 ad

2059 1805 2436 1862 caballarium
2471 1807 2554 1878 [id
2602 1812 2690 1863 est
2733 1807 3140 1864 catadromum
3189 1811 3276 1866 vel
3321 1812 3701 1870 domitorium

2059 1897 2391 1968 equorum],
2424 1898 2545 1954 sive
2574 1898 2648 1954 ad
2681 1897 2913 1954 Domini
2957 1897 3293 1968 Ecclesiam,
3324 1901 3442 1957 sive
3483 1905 3552 1959 ad
3589 1905 3703 1960 cir-

2061 2002 2219 2056 cum,
2251 1985 2370 2043 sive
2399 1987 2471 2042 ad
2509 1988 2989 2044 tzuoanisterium
3033 1989 3114 2060 [id
3161 1996 3250 2044 est
3291 2007 3485 2048 aream
3544 2009 3707 2048 exer-

2061 2075 2260 2131 cendae
2279 2075 2564 2145 equestris
2605 2075 2782 2147 pilae],
2830 2077 2953 2134 sive
3001 2078 3073 2132 ad
3104 2077 3408 2150 Daphnen.
3468 2081 3554 2136 Ab
3617 2083 3706 2138 his

2061 2165 2218 2220 enim
2269 2165 2340 2220 ad
2396 2165 2676 2235 palatium
2735 2166 2995 2222 aditibus
3055 2168 3245 2224 solent
3299 2169 3702 2240 imperatores,

297 2251 506 2308 τούτων
555 2252 773 2322 σπαθία,
821 2251 911 2307 καὶ
961 2248 1375 2326 δηριγευόμενοι
1428 2251 1534 2306 ὑπό
1561 2255 1757 2307 τετῶν
1785 2271 1949 2326 πραι-

2066 2253 2296 2326 quando
2327 2254 2678 2325 exequitant,
2723 2271 2953 2326 semper
2987 2255 3178 2323 avehi,
3220 2256 3331 2328 ipsi
3364 2263 3557 2315 autem
3591 2261 3703 2316 do-

298 2340 539 2397 ποσίτων
603 2340 693 2396 καὶ
749 2344 846 2395 τοῦ
909 2334 1309 2396 κουϐουκλείου
1366 2340 1707 2397 ἱππεύουσιν.
1758 2341 1826 2397 Οἱ
1893 2338 1952 2396 δὶ

300 2428 650 2506 πραιπόσιτοι
698 2429 788 2484 καὶ
837 2430 889 2484 οἱ
935 2432 1034 2484 τοῦ
1079 2423 1473 2484 κουϐουκλείου
1519 2429 1610 2484 καὶ
1655 2428 1809 2484 αὐτοὶ
1847 2430 1949 2484 ἱπ-

299 2520 554 2582 πεύοντες
584 2516 1020 2594 προπορεύονται
1060 2522 1168 2572 τῶν
1216 2514 1514 2574 δεσποτῶν.
1549 2519 1611 2572 Οἱ
1642 2515 1700 2573 δδ
1732 2516 1951 2595 μαγλα-

303 2605 447 2666 ϐῖται
477 2609 568 2665 καὶ
600 2609 652 2664 οἱ
702 2607 980 2683 βασιλικοὶ
1027 2609 1218 2670 πάντες
1267 2605 1546 2682 ἄνθρωποι
1593 2608 1728 2682 μετά
1759 2629 1952 2682 σκαρα-

305 2698 556 2776 μαγγίων
602 2698 690 2754 καὶ
741 2697 979 2754 σπαθίων
1025 2697 1101 2760 εἰς
1149 2699 1250 2768 τὴν
1299 2698 1493 2753 ἑαυτοῦ
1538 2695 1762 2760 ἕκαστος
1811 2718 1949 2774 προ-

302 2785 586 2863 πορεύεται
615 2786 784 2856 τάξιν.
823 2787 891 2844 Οἱ
944 2784 1002 2842 δί
1052 2785 1345 2861 μάγιστροι
1391 2787 1482 2842 καὶ
1528 2787 1828 2842 ἀνθύπατοι
1857 2788 1950 2842 καὶ

301 2875 580 2953 πατρίκιοι
606 2877 694 2932 καὶ
729 2874 1072 2954 όφφικιάλιοι
1123 2876 1340 2941 ὄπισθεν
1381 2881 1478 2931 τοῦ
1522 2875 1768 2951 ἅρματος
1817 2879 1953 2948 μετά

300 2970 398 3022 τοῦ
458 2963 819 3042 δρουγγαρίου
874 2971 975 3035 τῆς
1036 2963 1241 3040 βίγλης
1291 2965 1379 3020 καὶ
1431 2969 1530 3020 τοῦ
1587 2963 1951 3042 δρουγγαρίου

300 3059 409 3110 τῶν
436 3053 718 3128 πλοΐμων,
752 3051 1184 3110 ἐπακολουθοῦσι
1227 3059 1346 3116 τοῖς
1395 3050 1703 3116 δεσπόταις.
1753 3053 1850 3108 Καὶ
1884 3051 1950 3123 δή

300 3149 410 3200 τῶν
443 3141 717 3200 δεσποτῶν
765 3143 1034 3200 ἀπιόντων
1089 3143 1167 3208 εἷς
1213 3145 1306 3200 τὸν
1355 3146 1482 3199 ναὸν
1515 3143 1604 3198 καὶ
1632 3148 1740 3200 τῶν
1764 3141 1953 3198 ἵππων

303 3227 732 3304 ἀποϐαινόντων,
796 3232 1034 3297 τίθενται
1108 3231 1321 3300 σελλία,
1397 3229 1654 3303 δηλονότι
1719 3231 1788 3286 τὰ
1851 3232 1955 3287 ὑπὸ

303 3326 408 3377 τῶν
475 3320 1065 3399 ἂρχοντογεννημάτων
1137 3320 1530 3397 βασταζόμενα,
1601 3322 1708 3376 εἲτε
1758 3321 1811 3376 ἐν
1878 3325 1955 3394 τῷ

302 3410 635 3486 προπῦλαίῳ
687 3415 787 3482 τῆς
841 3411 1008 3482 αὐτῆς
1070 3410 1386 3483 ἐκκλησίας,
1447 3410 1554 3467 ε’ἰτε
1610 3409 1663 3466 ἐν
1712 3415 1792 3484 τῷ
1829 3411 1956 3485 νάρ·

303 3501 451 3571 θηκι,
508 3501 599 3555 καὶ
655 3501 707 3556 ἐν
764 3503 979 3563 τούτοις
1045 3499 1357 3570 καθέζονται
1416 3501 1469 3554 οἱ
1531 3497 1806 3568 δεσπόται,
1867 3499 1957 3554 καὶ

305 3588 408 3644 ὑπὸ
502 3596 607 3659 τῆς
689 3590 1097 3663 μυπικωτὲρας
1167 3593 1276 3643 τῶν
1346 3592 1682 3644 κοιτωνιτῶν
1755 3589 1956 3658 τάξεως

300 3677 696 3750 κυκλευόμενοι
725 3679 864 3752 πρὸς
895 3677 958 3732 τὸ
994 3678 1070 3750 μὴ
1103 3674 1308 3750 ῥᾳδίως
1336 3681 1442 3731 τῶν
1477 3679 1523 3713 ¹⁴
1567 3676 1795 3733 πολλῶν
1830 3679 1958 3750 ὁρᾶ-

305 3771 448 3834 σθαι,
489 3765 856 3822 ἀλλάσσουσιν
909 3767 1044 3839 ἅπερ
1097 3767 1353 3843 φοροῦσιν
1405 3763 1751 3838 ὁποδήματα,
1804 3787 1958 3840 περι-

305 3855 646 3930 ϐαλλόμενοι
691 3855 932 3932 στρίκτα.
985 3857 1204 3924 Ἰστὲον,
1236 3855 1321 3911 ὅτι
1351 3856 1403 3910 ἐν
1448 3860 1528 3928 τῷ
1576 3857 1805 3931 νάρθηκι
1857 3863 1957 3926 τῆς

303 3946 598 4017 ἐκκλησίας
662 3945 754 4002 καὶ
837 3947 894 4001 οἱ
978 3946 1332 4019 πραιπόσιτοι
1399 3941 1834 4020 περεϐάλλονται
1893 3947 1961 4001 τά

304 4037 479 4093 αὐτῶν
542 4037 724 4112 σαγία.
786 4035 890 4092 Καὶ
949 4036 1047 4091 εἶθ’
1117 4031 1290 4097 οὕτως
1345 4033 1684 4108 ἀνιστάμενοι
1747 4035 1838 4090 καὶ
1891 4035 1958 4089 τὰ

303 4128 508 4184 ἑαυτῶν
608 4125 1137 4203 χρυσοπερίκλειστα
1237 4120 1700 4200 περιϐαλλόμενοι
1775 4124 1957 4200 σαγία,

301 4216 558 4292 ἔρχονται
623 4218 764 4292 πρὸς
816 4215 912 4276 τὰς
957 4213 1246 4290 βασιλικάς
1296 4213 1496 4283 πύλας,
1544 4214 1640 4269 καὶ
1696 4214 1800 4270 ὑπὸ
1851 4218 1959 4270 τῶν

302 4306 680 4381 πραιποσίτων
763 4298 1110 4377 λαμϐάνουσι
1184 4301 1415 4378 κηροὺς,
1487 4302 1580 4358 καὶ
1655 4303 1958 4377 ἀπευχαρι-

303 4400 518 4450 στοῦσιν
563 4399 642 4468 τῷ
687 4398 804 4467 Θεῷ
849 4391 940 4450 διὰ
988 4401 1088 4464 τῆς
1134 4400 1360 4468 τρισσῆς
1413 4395 1529 4468 μετ’
1577 4392 1748 4448 αὐτῶν
1790 4413 1956 4467 προσ-

301 4486 596 4554 κυνήσεως.
676 4483 774 4539 Καὶ
843 4483 940 4538 εἶθ’
1008 4483 1182 4546 οὕτως
1232 4482 1599 4558 εἰσέρχονται,
1655 4483 1744 4538 καὶ
1816 4479 1958 4559 διέρο

304 4591 503 4649 χονται
561 4569 649 4626 διὰ
710 4571 876 4645 μέσου
933 4576 1032 4627 τοῦ
1090 4576 1220 4627 ναοῦ
1266 4572 1358 4627 κάὶ
1413 4579 1514 4642 τῆς
1573 4570 1834 4640 σωλαίας,
1868 4573 1958 4627 καὶ

301 4660 578 4734 ἱστάμενοι
629 4655 730 4733 ἔξω
766 4667 876 4716 τῶν
922 4661 1086 4734 ἁγίων
1121 4665 1219 4716 τοῦ
1268 4663 1523 4736 βήματος
1572 4667 1749 4736 θυρῶν
1790 4660 1958 4716 πάλιν

303 4747 672 4823 λαμϐάνουσιν
720 4749 934 4826 ἑτέρους
982 4749 1186 4822 κηροὺς
1234 4751 1378 4825 παρὰ
1413 4755 1524 4806 τῶν
1555 4750 1952 4825 πραιποσίτων,

301 4839 392 4892 καὶ
438 4837 644 4911 ὁμοίως
692 4843 962 4896 ποιοῦσιν.
1015 4839 1145 4896 Εἶτα
1192 4838 1571 4915 εἰσερχόμενοι
1602 4838 1679 4901 εἷς
1706 4839 1769 4893 τὸ
1799 4840 1955 4915 ἅγιον

303 4929 684 5002 θυσιαστήριον
714 4926 1043 4998 ἄισπάζονται
1092 4929 1190 4998 τήν
1235 4911 1527 5003 τήν-*ἁγίαν
1562 4925 1810 4998 ἐνδυτήν.
1845 4911 1962 4984 Εἴθ’

305 5014 477 5078 οὕτως
531 5014 802 5090 λαμοάνει
851 5018 879 5072 ὁ
927 5021 1147 5090 πρῶτος
1209 5014 1463 5090 βασιλεὺς
1509 5017 1568 5071 ἐκ
1614 5016 1804 5092 χειρὸς
1858 5021 1956 5072 τοῦ

301 5105 662 5180 πραιποσίτου
708 5105 801 5161 τὸν
861 5108 1121 5179 θυμιατὸν
1181 5105 1272 5161 καὶ
1341 5105 1594 5174 ἀλειπτὰ,
1643 5105 1734 5161 καὶ
1785 5105 1960 5178 οἷκείᾳ

301 5195 450 5272 χειρὶ
480 5195 740 5258 ἇπιτιθεῖς
787 5199 856 5270 τῇ
905 5197 1165 5271 ἀνθρακιᾷ
1203 5197 1246 5233 1⁸
1294 5198 1408 5270 (36)
1460 5198 1628 5270 θυμιᾷ
1673 5195 1826 5270 πέριξ
1856 5198 1958 5261 τῆς

2059 2342 2202 2398 mini
2238 2343 2559 2415 procedunt
2587 2343 2646 2398 in
2669 2345 3112 2416 scaramangiis,
3144 2350 3442 2417 gestantes
3468 2349 3706 2418 spathae

2059 2447 2220 2502 suae,
2236 2437 2293 2488 et
2311 2431 2372 2488 in
2395 2432 2677 2504 obsequio
2710 2433 3154 2505 ριιωροείιοτυω
3167 2439 3224 2490 et
3243 2436 3494 2492 cubiculi
3519 2438 3710 2495 cabal-

2058 2520 2259 2580 licant.
2294 2521 2616 2592 prepositis
2648 2537 2863 2594 nempe
2903 2527 3080 2593 atque
3123 2524 3396 2581 cubiculo
3446 2527 3504 2582 in
3538 2529 3706 2599 equis

2058 2609 2330 2665 dominos
2360 2611 2778 2682 praeeuntibus;
2802 2618 2859 2666 at
2890 2612 3220 2683 maglabitae
3237 2617 3294 2668 et
3324 2613 3552 2670 basilici
3581 2632 3706 2672 om-

2059 2714 2161 2755 nes
2174 2699 2438 2756 homines
2449 2715 2584 2756 cum
2599 2701 3013 2773 scaramangiis
3027 2706 3082 2756 et
3095 2700 3446 2772 spathis,suo
3460 2705 3712 2776 quisque

2059 2787 2118 2843 in
2149 2789 2374 2855 ordine,
2392 2788 2835 2859 preambulant.
2854 2789 3112 2861 Magistri
3132 2790 3708 2864 landem,proconsu-

2058 2875 2142 2932 les
2174 2877 2399 2946 patricii
2421 2885 2476 2933 et
2507 2877 2810 2945 ofﬁciales,
2839 2876 3096 2949 itemque
3113 2879 3466 2950 drungarius
3497 2882 3708 2953 vigilias

2061 2970 2118 3021 et
2139 2965 2488 3036 drungarius
2511 2965 2861 3038 ploimornm
2888 2982 2990 3023 seu
3008 2967 3436 3024 classiariorum
3457 2986 3712 3042 sequun-

2064 3058 2158 3110 tur
2186 3056 2451 3111 dominos
2485 3070 2634 3126 pone
2675 3060 2965 3112 armatum
3016 3072 3120 3112 seu
3159 3059 3710 3128 spatharocandida-

2061 3147 2152 3199 tos
2183 3143 2527 3216 scutigeros,
2561 3145 2857 3214 proximos
2879 3145 3254 3201 dominorum
3284 3146 3706 3205 satellites.Do-

2064 3231 2204 3288 mini
2221 3232 2495 3301 itaquead
2517 3232 2824 3289 ecclesiam
2848 3233 3022 3289 delati
3045 3234 3494 3291 descenduntex
3517 3239 3706 3307 equis,

2063 3327 2117 3376 et
2147 3320 2405 3377 resident
2436 3322 2495 3378 in
2527 3320 2642 3377 illis
2670 3321 2849 3394 sellis,
2891 3339 3034 3395 quas
3078 3323 3398 3381 attulerunt
3434 3333 3490 3383 et
3520 3333 3623 3384 aut
3645 3329 3702 3384 in

2064 3410 2355 3482 propylaao
2378 3411 2551 3467 istius
2575 3411 2799 3484 templi,
2826 3412 2994 3469 autin
3011 3413 3706 3486 narthece,deposuerunt

2064 3497 2695 3570 archontogennemata
2735 3518 2836 3557 seu
2870 3502 3183 3561 nobiliores
3230 3505 3403 3561 valeti
3437 3507 3706 3576 juvenes.

2064 3590 2154 3644 Sic
2185 3589 2556 3646 considentes
2569 3606 2670 3647 eos
2682 3591 3024 3648 circumstat
3046 3593 3194 3648 facta
3215 3594 3369 3650 velut
3391 3598 3704 3668 testudine,

2065 3684 2122 3734 et
2150 3679 2414 3750 impedit,
2440 3695 2511 3735 ne
2537 3697 2569 3734 a
2601 3679 2769 3750 vulgo
2791 3682 3248 3753 conspiciantur,
3276 3683 3517 3741 intimus
3531 3691 3708 3742 cocto-

2064 3768 2317 3822 nitarum
2352 3768 2528 3836 ordo;
2572 3769 2904 3840 intereaque
2935 3771 3156 3825 domini
3191 3788 3336 3841 pone
3386 3773 3492 3828 hoc
3540 3775 3706 3844 quasi

2061 3853 2254 3909 velum
2299 3858 2549 3922 mutant,
2599 3871 2748 3925 quos
2796 3860 3026 3926 gerunt,
3087 3857 3330 3927 calceos,
3372 3863 3430 3914 et
3459 3860 3709 3918 induunt

2065 3940 2282 3997 stricta.
2315 3941 2560 4011 (Ibidem
2592 3958 2839 4014 quoque,
2871 3943 2930 3998 in
2963 3945 3237 4000 narthece
3265 3950 3422 4017 puta,
3453 3947 3711 4006 induunt

2065 4030 2361 4101 praepositi
2419 4046 2524 4085 sua
2573 4032 2753 4101 saga.)
2801 4031 3050 4088 Calceati
3093 4038 3347 4104 surgunt
3381 4035 3622 4105 domini,
3653 4044 3712 4094 et

2066 4119 2323 4175 induunt
2350 4137 2492 4176 auro
2523 4124 2687 4192 septa
2716 4137 2820 4176 sua
2859 4137 3022 4192 saga,
3055 4130 3109 4178 et
3137 4125 3421 4180 accedunt
3459 4126 3532 4181 ad
3577 4143 3709 4198 por-

2066 4215 2186 4265 tam
2219 4208 2544 4280 basilicam,
2577 4209 2678 4265 ubi
2709 4225 2906 4266 cereos
2935 4229 2966 4265 a
3015 4211 3344 4282 praepositis
3376 4214 3711 4287 accipiunt;

2067 4299 2424 4374 quibuscum
2457 4304 2545 4356 ter
2579 4301 2758 4356 Deum
2791 4302 3057 4358 adorant.
3085 4301 3160 4356 Eo
3184 4302 3354 4371 facto,
3378 4304 3714 4376 intrantper

2066 4405 2196 4446 eam
2227 4393 2455 4461 portam
2486 4388 2546 4444 in
2577 4385 2907 4455 ecclesiam,
2937 4393 3248 4444 transeunt
3272 4406 3374 4460 per
3409 4406 3539 4447 eam
3589 4408 3714 4448 me-

2067 4478 2224 4534 diam
2252 4481 2310 4533 et
2336 4493 2441 4548 per
2468 4475 2710 4544 soleam,
2740 4480 2798 4532 et
2828 4477 3158 4533 consistunt
3185 4481 3344 4535 extra
3373 4496 3569 4536 sacras
3609 4482 3712 4538 bc-

2066 4567 2235 4623 matis
2264 4567 2437 4634 feres,
2455 4565 2557 4621 ubi
2589 4582 2792 4621 rursus
2812 4565 3105 4637 accipiunt
3126 4584 3159 4622 a
3177 4568 3483 4640 praeposito
3514 4586 3710 4626 cereos

2066 4658 2228 4716 alios.
2263 4655 2616 4727 quibuscum
2631 4656 2864 4712 eosdem
2883 4655 3026 4711 ritus
3042 4654 3387 4728 devotionis,
3406 4675 3554 4730 quos
3573 4676 3707 4716 cum

2069 4744 2552 4818 praecedentibus,
2587 4749 2890 4816 peragunt.
2921 4744 3062 4801 Dein
3109 4761 3342 4802 sacrum
3391 4747 3451 4803 in
3485 4750 3708 4804 sacrifi-

2067 4836 2346 4894 catorium
2380 4834 2622 4901 intrant,
2655 4834 2754 4888 ubi
2787 4850 3006 4890 sacram
3031 4837 3303 4906 endytam
3327 4837 3526 4893 osculo
3547 4855 3711 4894 vene-

2071 4930 2287 4981 rantur.
2323 4923 2461 4978 Dein
2485 4922 2696 4992 accipit
2756 4924 3044 4978 maximus
3091 4925 3409 4996 imperator
3445 4944 3476 4981 e
3533 4944 3708 4983 manu

2068 5012 2363 5088 praepositi
2392 5011 2788 5078 thuribulum,
2812 5017 2869 5066 et
2885 5012 3216 5069 suffimenta
3243 5015 3367 5070 suis
3385 5015 3509 5086 ipse
3528 5016 3712 5071 mani-

2070 5105 2182 5158 bus
2204 5101 2450 5172 imponit
2471 5101 2676 5172 prunis
2699 5101 3056 5172 ardentibus,
3071 5119 3295 5158 sacram
3315 5119 3574 5159 mensam
3600 5105 3712 5158 cir-

2071 5193 2365 5247 cumcirca
2416 5191 2702 5258 incensat,
2774 5205 2956 5261 eoque
3011 5192 3183 5262 facto,
3251 5209 3456 5247 rursus
3525 5191 3719 5248 reddit

1662 5315 1896 5372 VABl/E
1953 5309 2360 5369 LECTIONES.

386 5409 432 5494 ιε
463 5406 673 5494 Α.
711 5407 942 5494 ἰῙστξὲνι
967 5405 1050 5494 ἔτι,
1079 5407 1106 5494 ς)
1145 5405 1401 5494 βασιλεὺς
1433 5405 1553 5494 ᾅνξυ
1583 5407 1996 5494 σκαραμαγγίου
2025 5404 2116 5461 καὶ
2145 5403 2434 5478 χιώματος
2457 5400 2606 5472 πρωῒ
2627 5395 2682 5454 ἒδ
2706 5398 2969 5472 ἐκκλησίᾳ
2989 5400 3310 5457 ἀποστόλων
3341 5400 3448 5478 ούχ
3477 5401 3717 5460 ἱππεύει.

301 5477 352 5515 ¹⁴
385 5478 489 5534 ὑπὸ
519 5481 629 5534 τῶν
661 5480 753 5536 ed.
833 5479 881 5518 ‘5
907 5475 1102 5553 ἄνθραξ
1135 5475 1263 5537 ὀοά.
1298 5497 1402 5552 pro
1427 5475 1706 5554 ἀνθρακιᾷζ

1345 5595 1550 5654 JOAN.
1590 5597 1733 5654 JAC.
1778 5594 2048 5654 REISKII
2087 5587 2677 5652 COMMENTARIUS.

379 5687 496 5762 (36)
552 5687 696 5746 Cum
779 5688 842 5748 in
877 5686 1270 5762 “membranis
1355 5688 1670 5762 reperirem
1747 5683 1959 5762 ἄνθραξ,

306 5757 486 5832 quod
517 5775 634 5817 non
692 5776 820 5822 esse
867 5757 1085 5837 ἄνθραξ,
1124 5759 1310 5830 carbo,
1383 5757 1441 5818 εἰ
1493 5775 1707 5820 sensus
1755 5763 1812 5820 et
1843 5757 1964 5817 'de-

2073 5686 2260 5742 fectus
2292 5685 2568 5757 accentus
2612 5680 3042 5757 monstrabant,
3092 5683 3355 5757 liquebat
3409 5683 3586 5757 mihi
3621 5683 3722 5740 lit-

2071 5760 2256 5816 teram
2289 5752 2557 5812 ultimam
2615 5768 2732 5809 non
2791 5752 3284 5830 simplicemfsed
3328 5755 3720 5830 compositam
