4060 6214
388 332 538 395 1031

1461 325 2002 389 CONSTANTINI
2048 327 2365 386 PORPHY
2376 327 2519 387 ROG
2531 327 2743 388 ENITI

3633 325 3821 385 £033

389 460 1092 535 praepositothuribulum,
1110 458 1526 530 ettransit[per
1541 461 1730 528 bcma]
1747 476 1812 514 ea
1835 463 2018 530 parte,

2141 455 2294 532 ἁγίας
2335 456 2627 530 τραπέζης⁹
2679 458 2788 511 εἶτα
2827 453 3114 511 ἐπιδίδωσι
3159 453 3239 526 τῷ
3286 454 3642 525 πραιποσίτῳ
3705 455 3821 506 τὸν

389 571 506 624 qua
534 569 664 607 eum
691 550 842 606 exire
875 549 1161 621 congruit.
1211 549 1464 604 Tandem
1509 548 1599 603 his
1663 548 1929 619 peractis,
1981 548 2030 602 si

389 644 591 697 volunt
620 643 678 696 in
711 658 775 696 eo
807 639 1020 712 templo
1055 640 1355 711 prandere,
1409 639 1474 693 fit
1519 637 1658 693 illud
1694 658 1708 706 ;
1743 638 1896 693 323
1940 637 2029 692 sin

391 733 605 798 minus,
638 732 880 786 redeunt
909 731 1238 801 equitantes
1284 728 1342 783 in
1387 729 1664 800 palatium
1713 731 1912 784 eodem
1945 745 2033 784 or-

387 822 545 887 dine,
577 837 714 891 quo,
747 825 811 874 ut
843 819 1124 885 diximus,
1175 817 1336 873 illinc
1369 817 1426 872 in
1488 818 1768 885 templum
1819 818 2034 888 pariter

387 909 717 980 equitantes
748 914 1129 963 excesserant.
1163 907 1218 960 Si
1252 907 1305 961 in
1323 907 1777 974 Quadragesima
1809 907 2031 961 domini

388 998 591 1053 volunt
613 997 769 1052 abire
799 998 868 1052 ad
903 996 1230 1062 ecclesiam,
1263 999 1403 1050 tunc
1451 995 1515 1048 fit
1547 994 2032 1061 metastasimum,

387 1104 486 1141 seu
503 1087 780 1142 indicitur
800 1086 1131 1140 discedendi
1147 1084 1352 1139 ecuria
1374 1091 1425 1138 et
1447 1083 1694 1153 negotiis
1716 1083 2036 1139 curialibus

391 1175 578 1241 venia,
609 1191 721 1245 quo
743 1174 1314 1244 temporetritohecte
1336 1173 1390 1226 in
1416 1172 1697 1238 lausiaco,
1719 1177 1774 1226 et
1797 1172 2034 1243 quidem

388 1266 446 1319 in
479 1264 710 1318 oraculo
751 1263 808 1317 S.
856 1261 1072 1329 Basilii,
1108 1263 1259 1332 quod
1293 1261 1370 1315 ibi
1419 1264 1525 1326 est,
1586 1261 1835 1316 canitur.
1892 1261 2038 1316 Data

389 1352 644 1415 licentia,
678 1350 894 1406 abeunt
923 1366 1125 1405 omnes
1158 1350 1319 1414 illuc,
1355 1350 1508 1404 unde
1543 1350 1804 1404 futurum
1829 1355 1938 1415 est,
1977 1352 2038 1402 ut

389 1441 607 1495 domini
639 1441 990 1510 exequitent.
1025 1439 1419 1508 Congregatis,
1453 1438 2037 1504 inscenduntdomini

390 1532 450 1586 in
488 1546 687 1600 equos,
721 1535 778 1584 et
810 1529 1016 1583 abitur.
1037 1530 1246 1583 Mensis
1272 1528 1464 1583 Martii
1493 1528 1585 1583 die
1611 1546 1762 1584 nono
1785 1529 2037 1585 celebra-

393 1625 486 1674 tur
518 1619 801 1673 memoria
831 1618 924 1672 SS.
968 1617 1362 1688 Quadraginta
1415 1617 1756 1688 Martyrum,
1788 1617 2038 1673 dominis

391 1707 444 1763 in
479 1725 679 1764 eorum
711 1707 1018 1763 ecclesiam
1076 1707 1456 1772 venientibus,
1501 1707 1703 1762 eodem
1747 1709 1883 1774 ritu,
1938 1708 2036 1778 qui

2140 546 2420 617 θυμιατόν.
2466 546 2749 624 Διέρχεται
2800 543 2870 600 δι’
2916 545 3033 598 οίου
3086 544 3279 618 μέρους
3329 543 3563 617 ἁρμόζει
3595 547 3815 596 τοῦτον

2139 631 2349 702 ἐξιέναι.
2419 636 2514 688 Καὶ
2575 635 2619 688 εί
2681 635 2772 707 μέν
2829 632 3155 688 κελεύσωσιν
3214 635 3264 686 οἱ
3307 630 3568 687 δεσπόται
3633 631 3818 685 ἐκεῖσε

2138 725 2423 798 γεύσασθαι
2474 726 2609 794 (37),
2661 724 2863 798 γίνεται
2920 727 3081 777 τοῦτο
3139 724 3318 781 καΘως
3364 719 3690 796 βούλονται.
3751 719 3820 775 ΕΞ

2143 808 2198 865 δέ
2251 814 2415 886 μήγε,
2468 813 2572 867 ἀπὸ
2621 817 2728 866 τῶν
2780 811 2950 867 ἐκεῖσε
3000 811 3319 872 ἱππεύοντες
3370 810 3822 887 ὑποστρέφουσιν

2142 902 2274 954 κατά
2327 903 2426 970 τὴν
2490 900 2919 975 προειρημένην,
2979 901 3052 960 ὡς
3113 894 3336 978 ἔφαμεν,
3394 907 3500 969 τῆς
3557 897 3820 971 προόδου

2140 990 2286 1061 τάξιν
2339 990 2414 1052 εἰς
2462 991 2524 1044 τὸ
2571 987 2858 1045 παλάτιον.
2910 989 3129 1056 Ἰστέον,
3178 990 3284 1057 ὅτι,
3334 989 3381 1043 εἴ
3425 987 3477 1042 έν
3537 1009 3825 1058 τεσσαρα-

2142 1081 2312 1150 κοστῇ
2373 1078 2701 1132 κελεύσωσιν
2751 1077 2961 1132 ἀπιέναι
3008 1079 3060 1131 οἱ
3102 1075 3358 1131 δεσπόται
3411 1076 3462 1130 ἐν
3511 1076 3822 1145 ἐκκλησίᾳ,

2145 1167 2250 1220 ἀπὸ
2294 1167 2393 1234 τὴς
2447 1164 2806 1238 ψαλλομένης
2852 1167 3174 1240 τριτοέκτης
3225 1164 3274 1220 ἐν
3325 1169 3405 1236 τῷ
3437 1165 3728 1234 λαυσιακῷ
3761 1167 3824 1219 ἓν

2145 1260 2222 1326 τῷ
2253 1255 2521 1331 εὐκτηρίῳ
2568 1259 2664 1310 τοῦ
2716 1255 2877 1331 ἁγίου
2921 1253 3236 1320 Βασιλείου,
3285 1254 3487 1329 γίνεται
3537 1256 3832 1326 μεταστά-

2146 1367 2330 1418 σιμον,
2362 1346 2449 1399 καὶ
2483 1345 2812 1422 ἀπέρχονται
2863 1345 3080 1414 πάντες,
3131 1346 3268 1398 ὅπου
3320 1341 3401 1397 δεῖ
3446 1343 3572 1404 τοὺς
3605 1341 3831 1397 δεσπό-

2145 1455 2240 1496 τας
2287 1435 2564 1490 ἱππεῦσαι.
2619 1434 2715 1487 Καὶ
2760 1432 2856 1497 εἶθ’
2913 1433 3087 1496 οὕτως
3139 1433 3459 1486 ἱππεύουσιν
3507 1432 3557 1486 οἱ
3611 1431 3827 1486 δεσπό-

2145 1544 2234 1577 ται
2285 1525 2372 1577 καὶ
2434 1523 2788 1597 ἀπέρχονται.
2848 1523 2992 1590 Μηνὶ
3054 1522 3284 1595 Μαρτίῳ
3347 1522 3390 1574 Θ¹
3455 1521 3661 1590 ἰστέον,
3722 1521 3821 1575 ὅτι

2147 1613 2281 1666 κατὰ
2325 1612 2418 1666 τὸν
2478 1611 2853 1686 προρρηθέντα
2906 1611 3072 1665 τύπον
3123 1617 3224 1680 τῆς
3283 1611 3512 1686 ἀφίξεως
3569 1615 3683 1664 τῶν
3723 1608 3823 1664 δε-

2151 1705 2362 1753 σποτῶν
2409 1698 2458 1753 ἐν
2506 1705 2622 1760 ταῖς
2681 1698 2854 1772 ἁγίαις
2914 1697 3231 1767 ἐκκλησίαις
3284 1703 3401 1759 ταῖς
3444 1695 3494 1751 ἐν
3547 1704 3671 1759 ταῖς
3703 1695 3822 1752 πό-

389 1798 746 1864 observatur,
781 1798 1016 1867 quando
1049 1795 1271 1850 domini
1321 1797 1392 1850 ad
1439 1797 1745 1850 ecclesiam
1780 1796 2030 1867 aliquam

2151 1796 2267 1843 λεσι
2315 1787 2640 1843 ἐπιτελεῖται
2691 1789 2778 1841 καὶ
2831 1790 2865 1856 ἡ
2921 1791 3111 1859 μνήμη
3162 1793 3270 1842 τῶν
3319 1787 3489 1860 ἁγίων
3547 1789 3600 1860 μ’
3654 1792 3820 1860 Μάρ-

389 1888 668 1940 urbanam
702 1885 1066 1949 caballicant,
1111 1889 1166 1938 et
1207 1901 1379 1956 quem
1425 1885 1596 1938 modo
1630 1885 2032 1955 exposuimus.

389 1973 660 2029 Kalendis
685 1975 904 2028 mensis
933 1971 1074 2027 Julii
1102 1973 1421 2028 celebratur
1445 1973 1828 2028 memoriaSS.
1864 1976 2036 2028 Anar-

389 2079 689 2132 gyrorum,
713 2061 965 2117 dominis
985 2062 1054 2116 ad
1077 2061 1464 2117 venerabilem
1487 2078 1683 2118 eorum
1709 2061 2034 2130 ecclesiam,

389 2167 514 2220 quas
546 2152 710 2205 estin
754 2152 876 2205 vico
929 2149 1182 2216 Paulini,
1231 2155 1400 2221 prout
1463 2150 1759 2220 placuerit,
1812 2151 1928 2206 sive
1976 2151 2032 2212 in

387 2240 578 2310 equis,
614 2240 731 2295 sive
762 2239 820 2294 in
854 2241 1150 2309 dromone,
1186 2240 1580 2310 pergentibus.
1605 2239 1828 2296 Ordoet
1855 2240 2036 2295 series

386 2329 770 2398 processionis
798 2333 888 2384 est
921 2332 984 2383 ut
1013 2344 1210 2398 supra.
1233 2327 1564 2385 Notandum
1598 2333 1793 2384 tamen
1825 2329 1896 2384 de
1927 2328 2036 2386 hoc

390 2421 536 2473 l'esto
561 2427 856 2490 praeterea,
891 2433 1242 2490 quocunque
1266 2418 1498 2472 tandem
1533 2419 1704 2473 modo
1735 2417 2035 2473 dominiin

388 2507 577 2561 vicum
615 2508 840 2561 Paulini
871 2515 1134 2577 pergant,
1189 2507 1307 2560 sive
1354 2507 1411 2560 in
1449 2507 1634 2576 equis,
1669 2508 1790 2562 sive
1819 2508 1875 2561 in
1898 2507 2035 2562 dro-

392 2611 584 2661 mone,
619 2609 848 2663 semper
877 2610 974 2649 eos
999 2595 1756 2664 scaramangisuti;deinde
1787 2595 1915 2662 hoc,
1940 2595 2036 2649 do-

394 2682 608 2749 minos,
641 2687 948 2752 postquam
982 2698 1174 2736 coram
1199 2683 1380 2736 sacris
1406 2682 1794 2737 cancellorum
1813 2683 2036 2738 foribus

392 2769 754 2825 devotionem
780 2786 949 2824 suam
998 2786 1130 2824 cum
1185 2770 1364 2825 cereis
1412 2770 1753 2838 peregerint,
1779 2769 1836 2825 in
1868 2771 2038 2826 bema

393 2859 629 2930 quidem
664 2876 777 2914 non
805 2859 1019 2913 intrare
1051 2859 1129 2928 (id
1168 2858 1322 2912 enim
1375 2874 1441 2912 eo
1473 2857 1564 2913 die
1596 2859 1718 2913 fieri
1765 2875 1889 2914 mos
1922 2877 2034 2915 non

391 2948 525 3018 est),
550 2948 647 3002 sed
684 2963 878 3003 coram
929 2947 1200 3002 cancellis
1253 2963 1446 3001 sacras
1477 2947 1573 3001 SS.
1606 2949 2035 3020 Anargyrorum

392 3037 672 3108 reliquias
716 3039 977 3104 adorare,
1025 3045 1077 3092 et
1130 3042 1258 3109 post
1315 3052 1584 3092 accensos
1650 3037 1728 3092 ibi
1777 3038 2036 3110 ﬁxosque

388 3128 650 3182 cereosin
676 3143 946 3182 exaerum
963 3143 1064 3180 seu
1089 3129 1296 3181 atrium
1322 3126 1494 3192 exire,
1512 3127 1611 3181 ubi
1629 3128 2030 3182 conscendunt

385 3215 441 3269 in
477 3231 658 3286 equos
680 3217 991 3272 etreditum
1011 3216 1079 3270 ad
1100 3215 1373 3286 palatium
1399 3215 1754 3284 instituunt;
1781 3216 2024 3286 siveiam

387 3304 446 3357 in
479 3305 646 3374 equis
678 3304 932 3373 redeant,
977 3304 1094 3358 sive
1139 3304 1197 3358 in
1225 3305 1521 3359 dromone.
1557 3308 1714 3374 Saepe
1743 3314 1933 3359 autem
1963 3305 2028 3360 fit

386 3394 444 3447 in
480 3394 585 3448 hac
621 3394 858 3464 quidem
888 3393 1270 3463 processione,
1324 3397 1385 3446 ut
1435 3409 1567 3447 cum
1602 3393 1936 3464 proceribus
1968 3396 2026 3449 in

385 3481 601 3552 palatio
634 3481 1081 3536 blacbernarum
1114 3481 1443 3552 epulentur,
1476 3487 1531 3535 et
1552 3481 1634 3535 sic
1656 3482 1889 3536 demum
1908 3498 2030 3536 ves-

388 3587 536 3641 perae
597 3571 656 3625 in
707 3569 988 3640 palatium
1043 3571 1297 3624 redeant.
1333 3569 1550 3624 Mensis
1581 3569 1715 3623 Julii
1755 3569 1847 3624 die
1877 3571 2026 3638 vige-

387 3661 536 3715 simo
564 3659 808 3728 septimo
831 3658 1103 3713 similiter
1134 3657 1428 3728 peragitur
1469 3659 1747 3713 memoria
1787 3659 1844 3713 S.
1880 3665 2029 3713 Pan-

385 3747 1014 3814 telcemonis,dominis
1047 3747 1102 3800 in
1126 3745 1516 3800 venerabilem
1541 3748 1667 3814 ejus
1694 3747 2025 3815 ecclesiam,

388 3854 511 3910 qua:
539 3842 624 3892 est
655 3837 710 3890 in
743 3836 1092 3891 monasterio
1125 3835 1213 3890 vel
1249 3840 1429 3890 tractu
1468 3836 1742 3906 Narsetis,
1789 3837 2026 3892 caballi-

385 3927 674 3983 cantibus.
703 3925 918 3990 Quodsi
947 3941 1077 3980 vero
1111 3925 1364 3980 dominis
1397 3925 1682 3997 placuerit
1722 3928 1849 3982 navi
1891 3928 2028 3983 illuc

385 4019 486 4085 ire,
513 4019 576 4071 ﬁt
599 4017 738 4071 ordo
772 4020 946 4086 atque
995 4015 1176 4070 series
1227 4015 1284 4070 in
1336 4015 1490 4070 hunc
1544 4016 1776 4072 modum
1813 4035 1826 4073 :
1863 4017 2030 4073 Mane

383 4105 640 4176 procedit
663 4110 819 4160 totus
834 4110 1070 4160 senatus
1095 4105 1496 4160 etcubiculum
1523 4106 1580 4160 in
1605 4107 2027 4178 scaramangiis

383 4197 441 4249 in
468 4199 718 4250 tractum
742 4194 828 4250 vel
857 4194 1276 4250 monasterium
1297 4194 1548 4250 Caniclsi
1573 4196 1815 4261 dictum,
1850 4205 1902 4250 et
1922 4197 2027 4250 im-

384 4289 612 4354 perator
627 4299 654 4338 e
673 4284 885 4354 palatio
899 4283 1078 4338 intrat
1099 4284 1154 4336 in
1171 4283 1524 4353 imperialem
1541 4284 1881 4339 dromonem
1897 4299 2028 4340 cum

389 4371 610 4442 privato
642 4388 747 4426 suo
781 4371 1102 4428 ministerio
1125 4377 1180 4428 et
1202 4372 1494 4444 logotbeta
1516 4373 1754 4446 [ἀι-οωὶ]
1810 4378 1868 4428 ct
1899 4389 2030 4445 pro-

389 4464 726 4528 toasecrcta,
751 4461 1023 4532 magistro
1047 4463 1538 4534 supplicationum
1571 4469 1626 4518 et
1657 4463 2032 4519 betaariarcha

2139 1879 2336 1952 τύρων,
2387 1882 2493 1931 τῶν
2547 1874 2822 1931 δεσποτῶν
2879 1876 3154 1930 ἀπιόντων
3206 1875 3257 1930 ἐν
3303 1877 3384 1947 τῷ
3433 1878 3578 1950 ἁγίῳ
3631 1877 3814 1930 αὐτῶν

2139 1971 2267 2038 ναῶ.
2330 1966 2476 2034 Μηνὶ
2532 1963 2750 2036 Ἰουλίῳ
2807 1966 2872 2020 α’.
2937 1965 3153 2033 Ἰστέον,
3211 1966 3294 2019 ὅτι
3354 1965 3566 2036 ὁμοίως
3624 1966 3805 2020 ἐπιτεο

2141 2055 2318 2109 λεῖται
2375 2055 2464 2107 καὶ
2515 2056 2548 2122 ἡ
2611 2056 2803 2126 μνήμη
2862 2059 2971 2108 τῶν
3033 2055 3196 2128 ἁγίων
3258 2053 3608 2128 ’Δναργύρων

2142 2149 2264 2202 Τῶν
2327 2140 2603 2197 δεσποτῶν
2669 2142 2944 2198 ἀπιόντων
2998 2143 3073 2204 εἷς
3131 2145 3223 2198 τὸν
3276 2137 3569 2214 σεϐάσμιον
3629 2145 3809 2198 αὐτῶν

2141 2235 2265 2287 ναὸν
2315 2232 2390 2294 εἰς
2434 2233 2499 2286 τὰ
2553 2229 2826 2288 Παυλίνου
2875 2235 3010 2305 (39),
3061 2232 3397 2309 ἀπέρχονται
3441 2232 3492 2285 οἱ
3525 2229 3810 2305 δεσπόται,

2141 2321 2454 2376 κελεύουσιν
2512 2318 2760 2398 ἔφιπποι,
2818 2320 3133 2375 κελεύουσιν
3191 2318 3350 2376 πλοΐ.
3410 2319 3492 2376 Ti
3560 2317 3615 2374 δέ
3683 2321 3809 2390 ὶξῆς

2139 2419 2238 2479 τῆς
2315 2409 2690 2481 προελεύσεως
2774 2407 3127 2481 ἐπιτελεῖται,
3199 2411 3380 2474 καθὼς
3456 2411 3800 2485 προείρηται.

2139 2501 2364 2568 Ἰστέον,
2416 2500 2499 2552 δτι
2561 2500 2611 2552 οἱ
2672 2495 2929 2553 δεσπόται
2987 2499 3238 2561 ἀπιόντες
3294 2498 3370 2559 εἷς
3419 2499 3488 2554 τὰ
3530 2498 3803 2554 Παυλίνου

2143 2588 2232 2642 καὶ
2263 2586 2395 2641 πλο³ι
2425 2587 2515 2641 καὶ
2575 2583 2802 2664 ἔφιπποι
2869 2589 3003 2660 μετά
3057 2587 3482 2664 σκαραμαγγίων
3528 2588 3804 2662 ἀπέρχον-

2141 2699 2248 2733 ται.
2285 2675 2503 2743 Ἰστέον,
2560 2677 2642 2730 ὅτι
2701 2678 2834 2749 μετὰ
2891 2677 2955 2731 τὸ
3013 2676 3259 2747 εὔξασθαι
3297 2678 3432 2749 μετά
3475 2683 3582 2732 τῶν
3613 2682 3797 2751 κηρῶν

2140 2766 2268 2825 τοὺς
2328 2762 2591 2826 δεσπότας
2671 2759 2972 2841 ἔμπροσθεν
3039 2771 3146 2821 τῶν
3201 2766 3370 2840 ἁγίων
3433 2768 3632 2841 θυρῶν,
3703 2767 3803 2830 εἶθ’

2143 2856 2317 2915 οὕτως
2399 2858 2797 2915 προσκυνοῦσιν
2879 2855 2945 2908 τὰ
3035 2857 3162 2929 ἅγια
3247 2853 3500 2929 λείψανα,
3541 2857 3800 2915 ἅπτοντες

2141 2946 2366 3015 κηροὺς,
2413 2945 2500 2998 καὶ
2555 2943 2905 3018 ἐξερχόμενοι
2955 2940 3056 3015 ἔξω
3106 2946 3182 3006 εἷς
3229 2945 3290 2999 τὸ
3339 2945 3572 3020 ἐξάερον,
3605 2944 3802 3010 ἐκεῖθεν

2141 3035 2486 3104 ἱππεύουσιν,
2572 3033 2662 3087 καὶ
2751 3035 3176 3112 ὑποστρέφουσιν
3256 3036 3308 3090 ἰν
3382 3041 3464 3108 τῷ
3529 3034 3798 3109 παλατίῳ,

2140 3122 2454 3178 κελεύουσιν
2520 3121 2769 3200 ἔφιπποι,
2854 3122 3167 3180 κελεύουσιν
3228 3124 3384 3180 πλοῖ.
3427 3124 3705 3187 Πολλάκις
3749 3125 3803 3181 δὲ

2143 3218 2519 3268 συνεστιῶνται
2591 3218 2711 3274 τοῖς
2781 3210 3044 3288 ἄρχουσιν
3111 3216 3163 3269 ἐν
3229 3219 3308 3286 τῷ
3374 3213 3626 3287 παλατίῳ
3692 3221 3800 3270 τῶν

2141 3301 2484 3377 βλαχερνῶν,
2538 3301 2625 3356 καὶ
2676 3300 2865 3370 δείλης
2906 3303 3243 3378 εἰσέρχονται
3297 3305 3370 3366 εἷς
3412 3305 3473 3358 τὸ
3506 3303 3796 3360 παλάτιον.

2136 3391 2351 3458 Ἰστέον,
2421 3392 2501 3445 ὅτι
2569 3391 2738 3466 ταύτῃ
2799 3396 2867 3466 τῇ
2929 3393 3110 3466 ἡμέρᾳ
3169 3393 3268 3448 οὐκ
3332 3393 3670 3467 εἰσέρχονται
3741 3394 3790 3448 οἱ

2138 3477 2393 3533 δεσπόται
2453 3481 2527 3540 εἰς
2593 3481 2654 3534 τὸ
2714 3482 2866 3557 ἅγιον
2910 3483 3316 3556 Θυσιαστήριον.
3371 3483 3517 3552 Μηνὶ
3577 3482 3794 3553 Ἰουλίῳ

2135 3570 2236 3638 κζ’,
2268 3568 2466 3638 ἰστέον,
2517 3568 2600 3623 ὅτι
2653 3569 2864 3642 ὁμοίως
2911 3569 3242 3625 ἐπιτελεῖται
3280 3572 3370 3625 καὶ
3404 3574 3437 3640 ἡ
3476 3573 3666 3644 μνήμη
3701 3576 3793 3625 τοῦ

2137 3656 2294 3732 ἁγίου
2350 3656 2795 3729 Παντελεημονος
2846 3662 2980 3732 (40),
3031 3664 3140 3713 τῶν
3201 3657 3474 3714 δεσποτῶν
3521 3660 3791 3714 ἀπιόντων

2138 3746 2212 3808 εἷς
2258 3747 2350 3801 τὸν
2410 3742 2702 3820 σεϐάσμιον
2757 3748 2952 3802 τούτου
2993 3750 3116 3802 ναὸν
3171 3748 3247 3810 εἷς
3307 3750 3374 3803 τὰ
3433 3749 3669 3823 Ναρσοῦ.
3731 3749 3791 3804 Εἰ

2137 3834 2196 3890 δὲ
2262 3831 2515 3908 ϐουληθῇ
2575 3838 2602 3890 ὁ
2667 3835 2923 3912 βασιλεὺς
2981 3835 3234 3901 ἀπελθεῖν
3287 3835 3444 3907 πλοί,
3502 3839 3706 3911 γίνεται
3757 3841 3787 3906 ἡ

2137 3924 2437 3988 ἀκολουθία
2499 3925 2588 3980 καὶ
2655 3928 2690 3995 ἡ
2757 3926 2902 3995 τάξις
2973 3926 3166 3988 οὕτως.
3237 3929 3385 4002 Πρωὶ
3460 3926 3790 4001 προέρχεται

2137 4022 2279 4070 πᾶσα
2324 4017 2357 4082 ἡ
2413 4013 2718 4089 σύγκλητος
2767 4016 2856 4069 καὶ
2909 4016 2972 4070 τὸ
3018 4010 3408 4071 κουϐούκλειον
3458 4015 3562 4070 ἀπὸ
3594 4036 3792 4089 σκαρα-

2140 4103 2386 4179 μαγγίων
2428 4103 2503 4164 είς
2531 4103 2598 4158 τά
2647 4104 2991 4174 Κανικλείου,
3045 4106 3135 4159 καὶ
3185 4106 3212 4159 ὁ
3266 4105 3521 4180 βασιλεὺς
3553 4105 3796 4184 εἰσέρχε-

2134 4214 2223 4248 ται
2269 4192 2374 4246 ἀπὸ
2404 4199 2466 4246 τὸ
2496 4192 2760 4247 παλάτιον
2812 4192 2887 4255 είς
2931 4195 3020 4248 τὸν
3077 4193 3349 4270 βασίλειον
3383 4193 3627 4268 δρόμονα
3662 4195 3797 4267 μετά

2135 4289 2234 4350 τῆς
2283 4279 2483 4342 οίκείας
2539 4279 2703 4335 αὐτού
2754 4283 3039 4356 θεραπείας
3091 4283 3181 4338 καὶ
3231 4287 3326 4338 τοῦ
3372 4284 3671 4358 λογοθέτου
3701 4285 3792 4339 καὶ

2135 4376 2232 4428 τοῦ
2281 4373 2789 4446 πρωτοασηκρητου
2837 4373 2929 4427 καὶ
2975 4376 3073 4429 τοῦ
3120 4373 3206 4428 ἐπὶ
3257 4379 3365 4429 τῶν
3411 4371 3647 4445 δεήσεων
3701 4374 3791 4429 καὶ

2137 4466 2235 4520 τοῦ
2268 4461 2648 4536 ἑταιρειάρχου
2706 4462 2793 4516 καὶ
2854 4465 2952 4517 τοῦ
3011 4459 3375 4540 δρουγγαρίου
3423 4470 3524 4533 τῆς
3573 4462 3788 4539 βίγλας,

1443 4619 1646 4676 JOAN.
1679 4620 1819 4677 JAC.
1857 4621 2117 4678 REISKII
2151 4618 2745 4677 COMMENTARlUS.

382 4769 484 4824 seu
540 4751 837 4820 scripture
909 4754 1318 4824 compendium
1405 4771 1556 4820 esse,

385 4822 476 4951 τιὲά
500 4823 961 4948 ἱηξὲἓιιθιαὺαιυι
997 4822 1190 4896 aptius
1204 4826 1351 4880 nihil
1375 4822 1673 4883 inveniens
1695 4847 1708 4896 ;
1735 4822 1856 4883 vid.
1876 4822 2033 4884 dicta

385 4914 413 4951 ει
489 4912 542 4951 D.
687 4937 699 4950 .

385 4912 457 4951 ao
489 4912 542 4964 p.
574 4912 699 4950 κου.

455 4967 566 5034 (37)
652 4965 831 5040 Greeci
889 4971 1108 5040 veteres
1182 4967 1428 5040 γεύεσθαι
1484 4972 1697 5035 ientare
1755 4972 2031 5026 dicebant

385 5048 435 5114 et
468 5040 654 5114 γεῐξμοιΔ
691 5038 1050 5114 ientaculum,
1111 5038 1242 5094 novi
1276 5057 1376 5114 pro
1420 5043 1714 5114 prandere,
1755 5049 1811 5097 et
1852 5061 2029 5114 pran-

382 5109 778 5186 di0_'adbibent
811 5128 824 5175 ;
858 5125 910 5162 v.
937 5109 1195 5186 Salm_as_.
1217 5114 1260 5163 t.
1296 5109 1514 5186 l_[,p'ag.
1537 5114 1659 5186 διε.
1699 5109 2027 5186 ΗίεὶίΑυς.

380 5183 652 5237 Palairet.
690 5181 928 5236 Observ.
957 5183 1025 5233 ad
1057 5180 1124 5236 N.
1152 5182 1218 5235 T.
1255 5183 1324 5235 ad
1349 5180 1496 5238 Acta
1527 5185 1646 5249 XX,
1676 5186 1760 5242 11.

451 5254 563 5323 (38)
616 5254 906 5322 Anargyri
955 5253 1090 5305 dicti
1125 5255 1334 5326 _sancti
1385 5255 1628 5326 aliquot,
1661 5263 1718 5311 et
1749 5260 1899 5310 inter
1934 5274 2033 5312 eos

385 5329 672 5398 pracipue
722 5325 959 5398 Cosmas
1008 5329 1066 5378 et
1104 5323 1624 5398 Damianum—qui
1678 5329 2033 5398 pauperibus

384 5396 733 5469 medicinam
775 5397 969 5469 gratis
1009 5395 1334 5469 faciebant:
1373 5414 1426 5450 ν.
1488 5395 1572 5452 Du
1632 5395 1820 5469 (lange
1845 5400 2028 5454 Gloss.

384 5467 580 5593 Grﬁié
605 5484 656 5520 v.
691 5474 746 5521 et
774 5467 974 5522 Ricaul
1011 5467 1387 5539 Etatprésent
1417 5471 1488 5522 de
1512 5469 1740 5538 l'Eglise
1758 5467 2031 5542 grecque,

387 5559 442 5593 D.
588 5580 600 5592 .

386 5559 646 5684 β’(ἷέὸῖίη
690 5608 996 5684 tractu,_in
1032 5609 1248 5684 vico,_in
1268 5610 1464 5684 insula
1497 5611 1722 5684 Paulini
1755 5613 2032 5680 dicta,vel

382 5680 697 5739 de'wdibus
729 5680 1023 5753 quondam
1057 5681 1280 5738 Paulini
1299 5682 1382 5738 sic
1432 5682 1749 5756 appellata;
1777 5684 1892 5741 vid.
1926 5684 2031 5740 Ce-

1611 4757 1764 4825 quod
1838 4756 2031 4828 ᾷνορα-
2067 4762 2110 4827 D
2142 4757 2305 4812 dren.
2361 4773 2417 4828 p.
2468 4753 2595 4824 502,
2645 4752 2991 4828 i'Iﬁ‘fbeophan.

3055 4755 3299 4828 p.518,
3359 4761 3416 4811 et
3479 4755 3559 4810 ibi
3616 4756 3790 4812 Goar.

2141 4833 2198 4885 et
2247 4828 2330 4884 Du
2389 4827 2578 4896 Gange
2630 4825 2823 4900 C_Pl._'
2852 4825 3073 4900 Christ:
3102 4825 3165 4900 A1.
3200 4825 3387 4900 iv,;p.
3436 4828 3556 4900 7184.
3586 4899 3591 4900 γ
3622 4830 3792 4900 ’[Δῑι-

2142 4915 2480 4972 argyrorum
2515 4897 2733 4972 templa
2764 4897 2873 4972 Dei
2897 4898 3169 4972 Genitrici
3204 4903 3260 4954 et
3291 4897 3787 4971 Blacbernis‘pro-

2135 4968 2290 5026 xim'a
2322 4979 2501 5025 erant.
2537 4968 2917 5040 Wagnereck.
2973 4971 3044 5024 ad
3089 4975 3428 5026 sanctorum
3480 4968 3703 5026 Cosme:
3735 4977 3792 5027 et

2138 5043 2408 5098 Damiani
2441 5041 2621 5096 Vitam
2667 5040 2887 5114 p.28._]f
2910 5041 3212 5112 Templum
3259 5043 3367 5114 hoc
3407 5047 3532 5114 erat
3561 5042 3618 5096 in
3645 5043 3793 5114 ipsis

2139 5114 2478 5170 Blacbernis
2509 5127 2610 5167 seu
2643 5111 2921 5167 suburbio
2955 5111 3251 5168 sic’dicto.
3303 5113 3367 5169 In
3400 5111 3685 5170 dictione'
3717 5112 3792 5174 εἰς

2138 5185 2226 5257 τᾷ,
2252 5186 2482 5255 quando
2518 5183 2622 5257 hoc
2654 5200 2825 5257 sensu
2859 5183 3024 5257 debet
3068 5184 3271 5257 accipi,
3324 5185 3794 5257 subintelligitur

2139 5253 2422 5328 οἰκήματα
2447 5255 2534 5310 vel
2568 5253 2812 5328 συνοίκια
2842 5256 2928 5310 vel
2953 5255 3141 5311 simile
3171 5253 3328 5326 quid.

2211 5326 2321 5398 (40)
2356 5328 2484 5383 Fuit
2505 5337 2557 5382 et
2586 5326 2679 5382 hic
2738 5332 2978 5382 sanctus
3009 5328 3312 5393 medicus;
3348 5327 3462 5381 vid.
3499 5326 3786 5397 Menolog.

2140 5399 2316 5454 Basil.
2348 5406 2386 5453 t.
2423 5401 2520 5461 Ill,
2553 5400 2622 5453 ad
2657 5400 2812 5453 diem
2842 5398 2983 5453 Julii
3023 5400 3113 5455 27.
3153 5399 3362 5469 Script.
3409 5405 3538 5468 post
3594 5399 3792 5454 Theo-

2139 5471 2318 5541 phan.
2374 5489 2426 5540 p.
2484 5471 2638 5541 269,,
2697 5471 2791 5525 ubi
2865 5470 3085 5541 dicitur
3165 5470 3462 5526 Romanus
3539 5469 3788 5540 Lecape-

2139 5540 2248 5596 nus
2271 5543 2458 5612 ipsius
2491 5540 2709 5597 nomini
2760 5540 3063 5598 ecclesiam
3111 5547 3167 5596 et
3198 5541 3620 5596 monasterium
3653 5558 3789 5596 con-

2137 5613 2376 5739 1diidisse,
2409 5613 2526 5670 vid.
2596 5612 2681 5669 Du
2724 5614 2916 5685 Cange
2973 5613 3102 5669 CPli
3139 5612 3352 5668 Christ.
3416 5613 3510 5680 IV,
3568 5629 3624 5684 p.
3691 5613 3794 5669 173

2184 5702 2272 5739 ne.

2184 5702 2272 5741 ne.
