4060 6214
483 334 634 396 1035

1546 326 2070 389 CONSTANTINI
2115 323 2825 389 PORPHYROGENITI
3676 338 3787 402 l036

477 473 635 527 cium
667 469 795 525 fuit.
826 466 883 521 Si
923 481 1025 538 per
1060 464 1255 521 sinum
1297 463 1478 520 maris
1496 463 1717 520 domini
1743 466 2107 529 revertantur,

2229 481 2437 535 τροπον
2500 461 2792 536 εἰρήκαμεν
2839 466 2938 534 τὴν
3003 465 3213 521 τούτων
3260 464 3450 546 ἄφιξιν.
3499 469 3681 540 Ἰστὲον,
3712 476 3790 547 ὅτι,

476 561 699 615 intrant
728 558 990 628 ipsorum
1021 572 1089 611 ex
1143 555 1423 611 mandato
1455 554 1515 610 in
1556 555 1898 609 dromonem
1944 551 2124 608 simul

475 666 608 706 cum
635 648 779 717 ipsis
811 650 1092 718 quotquot
1123 644 1234 716 ipsi
1255 643 1547 700 voluerint
1572 645 1967 714 jusserintque
2000 658 2127 713 pro-

474 753 670 793 cerum
702 752 767 792 eo
785 737 876 791 die
908 749 1108 790 secum
1130 732 1373 803 epulari.
1408 732 1618 787 Mensis
1642 731 2003 803 Septembris
2034 730 2126 787 die

472 828 755 899 vigesimo
812 829 970 881 sexto
1028 822 1298 878 similiter
1348 820 1674 877 celebratur
1723 819 2001 875 memoria
2064 824 2122 874 Β.

470 916 715 973 Joannis
747 912 1049 984 Theologi,
1081 910 1337 967 dominis
1369 926 1435 965 eo
1476 910 1569 964 die
1608 910 1678 965 ad
1728 906 2120 964 venerabilem

472 1011 602 1080 ejus
642 1006 966 1074 ecclesiam,
1012 1020 1138 1073 qua:
1182 1004 1241 1056 in
1291 999 1553 1072 dihippio
1594 1004 1705 1069 est,
1745 998 2119 1056 abeuntibus.

471 1096 748 1153 Kalendis
781 1093 998 1149 mensis
1027 1090 1371 1147 Novembris
1404 1090 1699 1161 peragitur
1729 1088 1907 1144 simili
1954 1086 2122 1142 modo

472 1185 755 1242 memoria
774 1184 875 1239 SS.
900 1184 1355 1252 Anargyrorum,
1370 1179 1623 1235 dominis
1646 1179 1717 1234 ad
1732 1175 2119 1236 venerabilem

472 1291 674 1330 eorum
732 1272 1058 1335 ecclesiam,
1101 1285 1225 1341 quas
1284 1269 1343 1323 in
1395 1272 1578 1323 tractu
1628 1266 1717 1323 vel
1766 1264 2119 1322 monasterio

477 1360 747 1419 Basilisci
777 1365 885 1428 est,
919 1358 1291 1415 abeuntibus.
1324 1357 1537 1412 Mensis
1567 1356 1813 1428 Augusti
1846 1355 1937 1410 die
1966 1354 2120 1425 vige-

481 1453 632 1508 simo
663 1467 817 1508 nono
848 1448 1114 1505 similiter
1142 1447 1466 1504 celebratur
1507 1445 1787 1502 memoria
1825 1443 2120 1515 decapita-

468 1541 647 1596 tionis
677 1544 733 1595 Β.
756 1539 997 1595 Joannis
1012 1536 1417 1599 Praecursoris,
1431 1535 1579 1591 825
1598 1533 1853 1588 dominis
1875 1532 1947 1588 ad
1960 1547 2119 1587 vene-

470 1630 712 1685 randam
743 1629 871 1700 ejus
908 1628 1114 1695 eadem,
1146 1641 1269 1697 quae
1302 1625 1359 1679 in
1388 1622 1740 1679 monasterio
1780 1621 1969 1677 Studii
2009 1626 2112 1689 est,

468 1719 819 1775 abeuntibus
859 1717 1061 1772 eodem
1085 1716 1222 1782 ritu,
1256 1729 1425 1785 quem
1458 1712 1516 1766 in
1550 1711 1834 1766 memoria
1854 1728 1953 1766 seu
1974 1711 2115 1766 festo

2234 551 2367 606 πλοῖ
2427 550 2874 629 ὑποστρεφόντων
2939 559 3046 609 τῶν
3108 552 3405 624 δεσποτῶν,
3460 557 3600 620 ὅσους
3648 560 3691 615 ἂν
3727 586 3791 619 κε-

2236 639 2499 694 λεύσωσιν
2557 649 2966 712 συνεστιαθῆναι
3022 648 3130 699 τῶν
3189 644 3491 723 ἀρχόντων,
3545 652 3605 721 τῇ
3640 653 3792 707 τούτων

2234 725 2478 784 κελεύσει
2549 730 2979 810 συνεισέρχονται
3056 733 3242 797 αὐτοῖς
3315 735 3390 797 εἰς
3458 738 3544 792 τὸν
3595 736 3792 813 δρόμονσ.

2231 818 2379 887 Μηνὶ
2438 816 2796 896 Σεπτεμϐρίῳ
2870 825 2950 886 κς’
3029 824 3229 895 ἰστέον,
3288 824 3370 881 δτι
3427 826 3614 900 ὁμοίως
3668 828 3798 886 ἐπιτε-

2235 908 2407 963 λεῖται
2441 909 2529 963 καὶ
2572 912 2607 980 ἡ
2661 914 2851 984 μνήμη
2910 918 3006 968 τοῦ
3064 916 3220 990 ἁγίου
3272 916 3507 972 Ἰωάννου
3534 920 3797 975 107385016-

2232 1017 2355 1069 γου,
2390 1003 2495 1053 τῶν
2529 995 2804 1054 δεσποτῶν
2836 1000 3105 1057 ἀπιόντων
3158 1002 3211 1057 ἐν
3262 1008 3340 1076 τῷ
3387 1000 3640 1079 σεϐασμίῳ
3678 1008 3798 1063 αὖτοῦ

2230 1090 2338 1158 ναῷ
2388 1091 2465 1159 τῷ
2521 1086 2573 1142 έν
2630 1094 2711 1161 τῷ
2764 1087 3012 1164 διιππίῳ.
3072 1093 3225 1163 Μηνὶ
3285 1092 3561 1169 Νοεμῦριῳ
3589 1096 3799 1167 α’ἲστὲον,

2231 1175 2315 1231 ὅτι
2372 1176 2579 1248 ὁμοίως
2635 1176 2962 1234 ἐπιτελεῖται
3020 1180 3113 1235 καὶ
3178 1184 3213 1251 ἠ
3275 1184 3461 1256 μνήμη
3523 1189 3616 1239 τῶν
3676 1186 3800 1258 ἁγίων

2229 1264 2603 1340 Ἀναργύρων,
2662 1271 2768 1321 τῶν
2820 1265 3098 1324 δεσποτῶν
3159 1271 3428 1326 ἀπιόντων
3475 1273 3543 1334 εἷς
3589 1274 3665 1328 τὸν
3690 1275 3804 1349 ’ἅγιον

2229 1351 2405 1408 αὐτῶν
2456 1355 2580 1408 ναὸν
2638 1356 2713 1417 εἷς
2770 1359 2836 1411 τὰ
2889 1357 3245 1418 Βασιλίσκου.
3296 1362 3434 1431 Νηνὶ
3469 1362 3725 1438 Αὐγούστῳ
3747 1367 3803 1418 χθ¹

2232 1440 2422 1516 ἰστέον,
2456 1442 2539 1498 ὅτι
2592 1443 2802 1519 ὁμοίως
2853 1445 3185 1505 ἐπιτελεῖται
3231 1449 3321 1505 καί
3370 1453 3403 1520 ἡ
3450 1452 3701 1523 Ἀποτομὴ
3733 1456 3801 1507 τοῦ

2230 1532 2386 1607 ἁγίου
2466 1534 2716 1590 Ἰωάννου
2802 1540 2897 1590 τοῦ
2990 1535 3342 1613 Προδρόμου,
3416 1545 3515 1595 τῶν
3587 1538 3801 1596 δεσποτῶν

2228 1620 2495 1676 ἀπιόντων
2554 1621 2605 1677 έν
2664 1628 2743 1695 τῷ
2801 1624 2939 1699 ἁγίῳ
2996 1627 3165 1682 αὐτοῦ
3221 1634 3332 1701 ναῷ
3379 1630 3451 1690 εἷς
3495 1629 3556 1683 τὰ
3596 1629 3801 1685 Στουδίου

2226 1709 2361 1764 κοιτά
2422 1711 2514 1765 τὸν
2578 1710 2951 1787 προρρηθέντα
3031 1714 3201 1771 τύπον
3271 1716 3323 1771 έν
3389 1721 3453 1792 τῇ
3519 1720 3686 1791 μνήμῃ
3734 1724 3800 1773 τοῦ

470 1809 527 1862 S.
570 1804 1032 1861 Panteleemonis
1076 1819 1253 1875 supra
1300 1800 1701 1873 exposuimus.
1765 1800 1913 1854 Nam
1962 1804 2107 1855 totus

2225 1796 2386 1901 ἁγίου
2430 1798 2924 1909 ιΠαντελειήμονος.
3000 1808 3076 1879 Τῇ
3152 1802 3319 1861 ἕωθεν
3380 1807 3477 1883 γὰρ
3539 1807 3798 1882 προέρχεται

469 1901 707 1952 senatus
738 1897 797 1950 in
820 1892 1243 1964 scaramangiis
1264 1891 1532 1948 convenit
1554 1906 1724 1946 mane
1746 1890 1805 1945 in
1829 1896 2116 1946 monaste-

468 1986 619 2040 rium
672 1982 902 2051 Studii;
938 1982 1319 2054 magistrique
1368 1985 1423 2036 et
1455 1979 1687 2052 patricii
1736 1983 1792 2035 et
1840 1977 2117 2034 ofﬁciales

467 2079 622 2130 stant
654 2078 814 2129 extra
848 2077 1095 2144 portam,
1130 2087 1257 2142 quae
1291 2071 1359 2126 ad
1397 2085 1554 2125 mare
1585 2069 1854 2141 respicit;
1878 2068 2117 2125 cubicu-

466 2164 589 2221 lum
621 2169 816 2220 autem
848 2168 906 2219 et
951 2162 1177 2219 basilici
1220 2166 1277 2218 et
1316 2160 1645 2232 maglabitae
1691 2169 1742 2217 et
1783 2159 2022 2216 hetaeria
2059 2162 2117 2214 et

465 2256 1095 2325 archontogennemata
1127 2256 1283 2306 stant
1314 2251 1373 2305 in
1408 2256 1599 2322 portu,
1642 2248 1745 2305 ubi
1777 2250 1981 2305 dromo
2011 2264 2117 2319 ap-

464 2344 645 2414 pellit.
668 2342 931 2398 Monachi
955 2346 1153 2397 autem
1175 2340 1333 2395 illius
1358 2338 1694 2395 monasterii
1712 2338 1943 2394 stantin
1967 2336 2115 2393 serie

466 2432 723 2503 gemina,
770 2431 964 2487 dextra
1013 2430 1391 2500 sinistraque,
1434 2428 1505 2483 ab
1555 2426 1657 2483 illa
1710 2427 1847 2482 inde
1897 2424 2117 2481 extima

465 2525 636 2591 porta
666 2537 852 2591 usque
882 2520 953 2574 ad
988 2524 1243 2590 portum.
1281 2518 1341 2572 In
1371 2534 1485 2588 quo
1507 2516 1864 2588 appellentes
1891 2514 2115 2570 domini

465 2624 600 2663 cum
634 2609 836 2664 eodem
880 2607 1163 2664 comitatu
1195 2610 1253 2661 et
1303 2608 1503 2661 eodem
1554 2605 1778 2670 ordine,
1829 2619 2004 2675 quem
2053 2601 2114 2657 in

466 2697 746 2753 memoria
784 2698 843 2753 S.
886 2693 1344 2751 Panteleemonis
1384 2692 1661 2761 diximus,
1705 2692 2043 2764 egressique
2084 2707 2114 2747 e

464 2801 625 2855 nave,
659 2786 983 2858 procedunt
1010 2784 1069 2838 in
1093 2783 1372 2854 obsequio
1395 2782 1652 2837 cubiculi
1682 2786 1739 2836 et
1771 2780 2114 2852 maglabita-

462 2892 594 2931 rum
618 2881 675 2930 et
694 2875 950 2942 heteriaa,
977 2872 1439 2944 prmoedentibus
1472 2870 1812 2927 monasterii
1844 2868 2111 2925 Studiani

462 2964 790 3037 hegumeno
822 2962 1189 3019 thuribulum
1214 2962 1446 3016 fumans
1467 2966 1705 3033 gerente
1726 2968 1779 3015 et
1804 2958 2110 3015 monachis

463 3070 598 3109 cum
628 3053 805 3110 cereis
835 3052 1200 3108 ardentibus.
1243 3050 1547 3117 Dominos,
1587 3053 1652 3104 ut
1690 3050 1762 3105 ad
1805 3064 1928 3104 eam
1971 3065 2112 3119 por—

461 3149 576 3200 tam
609 3143 1174 3216 appropinquarunt,
1208 3141 1267 3196 in
1299 3158 1412 3211 qua
1443 3144 1600 3195 stant
1618 3139 1905 3211 magistri,
1933 3138 2111 3210 patri-

2226 1890 2369 1941 πᾶσα
2419 1889 2453 1956 ἡ
2502 1887 2814 1964 σύγκλητος
2871 1892 2976 1946 ἀπὸ
3028 1895 3452 1971 σκαραμαγγίων
3501 1896 3569 1958 εἰς
3594 1897 3653 1950 τὰ
3677 1903 3800 1951 Στου-

2226 1972 2366 2032 δίου,
2410 1977 2515 2033 Καὶ
2565 1979 2616 2033 οἱ
2670 1980 2765 2052 μὲν
2818 1982 3109 2057 μάγιστροι
3150 1984 3239 2038 καὶ
3291 1985 3800 2063 πάτρίκιοικαῖὀφοι-

2223 2065 2435 2121 κιάλιοι
2482 2067 2729 2123 ἳστανται
2780 2067 2881 2142 ἔξω
2928 2077 3028 2140 τῆς
3077 2073 3217 2146 πρὸς
3264 2073 3525 2129 Θάλασσαν
3554 2073 3799 2149 πόρτης·οῐ

2226 2152 2283 2209 δὲ
2320 2158 2417 2209 τοῦ
2466 2150 2862 2213 κουϐουκλείου
2930 2161 3018 2214 καὶ
3087 2161 3145 2214 οἱ
3217 2160 3490 2236 βασιλικοὶ
3552 2164 3629 2218 καὶ
3669 2164 3799 2217 οἱτοὸ

2227 2239 2538 2315 μαγλαϐίου
2591 2245 2679 2301 καὶ
2721 2253 2823 2316 τῆς
2878 2247 3142 2324 ἑταιρείας
3190 2251 3280 2305 καὶ
3330 2253 3395 2305 τὰ
3448 2251 3799 2327 ἀρχοντογεννήυ

2227 2332 2369 2405 μάτα
2427 2334 2503 2396 εἷς
2540 2336 2631 2389 τὸν
2684 2333 2878 2410 ὅρμον,
2929 2334 3051 2392 ἔνθα
3095 2339 3122 2393 ὁ
3171 2337 3392 2413 δρόμων
3442 2342 3593 2416 ὁρμᾷ.
3638 2339 3798 2403 Ἰστέον,

2223 2421 2305 2477 ὅτι
2339 2424 2391 2477 οἱ
2422 2427 2522 2489 τῆς
2559 2431 2731 2498 μονῆς
2790 2421 3023 2490 ἀϐϐἀδες
3069 2427 3178 2483 ἀπὸ
3227 2436 3329 2500 τῆς
3375 2431 3572 2505 πόρτης
3614 2426 3700 2490 ἕως
3731 2430 3798 2482 τοῦ

2225 2510 2402 2586 ὅρμου
2447 2509 2699 2569 ’ἰστανται
2751 2513 3018 2594 στιχηδὸν
3059 2514 3207 2589 δεξιᾷ
3237 2519 3329 2574 καὶ
3366 2519 3618 2594 ἀριστερᾷ.
3644 2513 3797 2575 Τῶνδὶ

2225 2596 2499 2656 δεσποτῶν
2562 2600 2700 2657 πλοῖ
2763 2604 3080 2680 ’ἐρχομένων
3140 2610 3282 2663 κατὰ
3345 2610 3435 2664 τὸν
3499 2605 3799 2685 προρρηθέντα

2220 2688 2388 2743 τύπον
2438 2693 2534 2744 τοῦ
2584 2691 2740 2766 ἁγίου
2785 2691 3240 2768 Παντελεήμονος
3276 2698 3492 2767 καὶτῆς
3517 2697 3632 2765 νηὸς
3657 2689 3799 2749 ἐκϐάν-

2219 2799 2347 2851 των,
2380 2775 2763 2855 δηριγεύονται
2814 2782 2918 2837 ὑπὸ
2965 2805 3023 2838 τε
3069 2789 3165 2840 τοῦ
3214 2781 3593 2842 κουϐουκλείου
3627 2783 3799 2839 καὶτῶν

2226 2863 2582 2943 μαγλαϐιτῶν
2641 2872 2732 2926 καὶ
2790 2877 2899 2928 τῶν
2947 2878 3047 2940 τῆς
3095 2875 3385 2952 ἑταιρείας,
3455 2876 3682 2949 δηλονότι
3729 2875 3797 2927 τοῦ

2219 2957 2527 3033 ἡγουμένου
2576 2965 3058 3037 προπορευομένου
3115 2968 3255 3039 μετὰ
3312 2969 3563 3041 θυμιατοῢ
3621 2966 3694 3019 καὶ
3734 2956 3797 3017 i5-

2219 3043 2399 3103 δοὶδων
2453 3050 2587 3122 μετὰ
2642 3057 2850 3127 κηρῶν.
2896 3055 3019 3110 Τῶν
3080 3053 3138 3110 δὲ
3195 3054 3471 3113 δεσποτῶν
3525 3053 3798 3127 πλησιασάν-

2217 3158 2326 3192 των
2385 3141 2453 3211 τῇ
2511 3141 2705 3215 πόρτῃ,
2765 3139 2886 3196 ἔνθα
2930 3140 3180 3200 ’ίστανται
3236 3148 3290 3201 οἳ
3344 3168 3401 3202 τε
3459 3138 3797 3223 μάγιστροικαὶ

463 3232 537 3287 cii
579 3239 633 3288 et
674 3230 970 3301 ofﬁciales,
1013 3230 1259 3284 adorant
1298 3228 1356 3283 hi
1399 3229 1579 3283 humo
1624 3227 2009 3296 procidentes,
2051 3230 2107 3280 et

2217 3226 2494 3301 πατρίκιοι
2526 3230 2612 3283 καὶ
2649 3231 3016 3306 deputatum,
3065 3234 3358 3291 πίπτουσιν
3406 3236 3456 3291 οἱ
3503 3236 3635 3290 αὐτοί
3678 3250 3799 3305 προσο

456 3320 692 3377 relevati
734 3322 1168 3390 prosequuntur
1214 3334 1315 3373 eos
1369 3316 1569 3372 iidem.
1631 3315 1724 3370 Sic
1782 3323 2105 3385 praeeuntes

455 3405 679 3462 domini
711 3421 816 3477 per
843 3405 1053 3459 atrium
1091 3403 1415 3457 ascendunt
1443 3406 1499 3457 et
1516 3405 1827 3457 transeunt
1847 3401 2105 3472 porticus

455 3514 581 3567 qua:
612 3496 693 3550 ibi
728 3499 890 3563 sunt,
922 3498 979 3548 et
1009 3493 1093 3547 sic
1125 3492 1471 3563 perveniunt
1508 3493 1568 3546 in
1612 3492 1867 3547 dextram
1911 3492 2101 3548 orien-

452 3586 625 3641 talem
650 3589 875 3656 partem
921 3581 1237 3648 narthecis,
1283 3580 1382 3635 ubi
1423 3597 1567 3653 saga
1606 3597 1716 3635 sua
1755 3598 1896 3637 auro
1939 3585 2106 3653 septa

452 3674 728 3741 induunt,
759 3676 817 3728 et
844 3686 1122 3727 accensos
1164 3670 1352 3741 ﬁgunt
1390 3685 1586 3725 cereos
1627 3687 1639 3737 ;
1684 3685 1970 3742 porroque
2013 3672 2104 3726 in-

449 3764 633 3822 terius
666 3779 782 3819 una
812 3777 943 3817 cum
967 3758 1367 3815 sacerdotibus
1388 3761 1561 3825 [intra
1583 3759 1803 3831 navim]
1833 3763 2099 3831 pergunt,

450 3856 547 3912 ubi
589 3870 794 3909 rursus
833 3865 1029 3908 cereos
1065 3848 1405 3904 accendunt.
1452 3850 1571 3912 Quo
1614 3848 1783 3918 facto,
1833 3850 2100 3920 protinus

448 3947 515 4001 fit
544 3943 819 3999 introitus
852 3942 977 4013 [seu
1010 3938 1243 3994 initium
1275 3938 1456 3993 divini
1487 3938 1688 4010 ofﬁcii]
1717 3956 1731 4006 ;
1758 3939 2102 4009 praepositus

445 4033 823 4089 thuribulum
857 4029 1040 4085 tradit
1066 4026 1404 4099 imperatori
1436 4027 1673 4095 seniori,
1695 4028 1793 4098 qui
1817 4027 1873 4081 id
1898 4032 2100 4084 tenens

446 4125 711 4180 incensat
739 4140 753 4191 ;
773 4121 906 4176 inde
928 4121 1179 4191 pergunt
1194 4118 1263 4172 ad
1286 4119 1543 4173 dextram
1573 4123 1798 4189 partem
1824 4119 1977 4173 tribu
1989 4136 2097 4189 ne,

444 4214 541 4269 ubi
574 4218 751 4285 caput
780 4210 964 4266 sancti
1000 4208 1381 4264 Praecursoris
1412 4206 1739 4276 expositum
1774 4211 1865 4262 est
1901 4208 2095 4277 ;quod

447 4302 709 4371 religiose
756 4298 1014 4355 venerati
1064 4301 1278 4353 exeunt
1307 4297 1367 4352 in
1398 4296 1794 4358 metatoriam,
1830 4298 1983 4367 quod
2019 4296 2099 4353 ibi

446 4396 557 4461 est,
580 4395 799 4447 exuunt
829 4387 1253 4458 scaramangia,
1282 4386 1535 4441 induunt
1564 4385 1809 4456 colobia,
1833 4388 2098 4459 trajecta-

448 4495 562 4553 que
591 4483 753 4551 parte
776 4478 1144 4543 feminarum,
1169 4475 1500 4531 consistunt
1519 4475 1577 4530 in
1596 4476 1794 4531 dextra
1818 4476 2090 4532 orientali

2215 3319 2499 3377 κυνοῦντες
2572 3315 2701 3376 τοὺς
2805 3315 3086 3393 δεσπότας,
3151 3323 3243 3376 καὶ
3322 3323 3641 3396 ἀνιστάμενοι
3700 3338 3789 3372 συν-

2212 3402 2604 3468 ακολουθοῦσιν
2643 3402 2861 3463 ὄπισθεν
2896 3410 3096 3467 αὐτῶν.
3142 3412 3209 3469 Οἱ
3255 3411 3313 3468 δὲ
3361 3410 3598 3469 δεσπόται
3624 3427 3788 3484 προπο-

2215 3492 2496 3568 ρευόμενοι
2547 3491 2635 3548 διὰ
2681 3499 2776 3549 τοῦ
2827 3494 3040 3573 ἒξαέρου
3089 3499 3434 3576 ἀνέρχονται,
3477 3500 3559 3556 καὶ
3603 3496 3677 3554 διὰ
3711 3499 3789 3550 τῶν

2212 3578 2382 3636 ἐκεῖσε
2422 3578 2748 3639 διαϐατικῶν
2808 3585 3143 3665 εἰσέρχονται
3207 3588 3300 3646 διὰ
3352 3595 3447 3647 τοῦ
3497 3590 3621 3665 πρὸς
3652 3587 3791 3641 ἀνατο·

2212 3668 2315 3738 λὴν
2345 3668 2519 3743 δεξιοῦ
2553 3672 2749 3748 μέρους
2797 3681 2897 3731 τοῦ
2944 3676 3235 3752 νάρθηκος,
3282 3681 3491 3737 κάκεῖσε
3518 3672 3790 3754 περιϐαλλό-

2214 3779 2367 3833 μενοι
2420 3761 2487 3814 τὰ
2534 3761 2739 3818 ἑαυτῶν
2790 3765 3322 3841 χρυσοπερίκλειστα
3371 3768 3546 3847 σαγία,
3592 3769 3788 3821 ἅπτουσιν

2207 3848 2433 3921 κηροὺς,
2499 3851 2589 3905 καὶ
2658 3851 3018 3909 εἰσοδεύουσιν
3109 3859 3243 3931 μετὰ
3318 3846 3674 3933 τῶνίὶερέων,
3728 3846 3789 3901 καὶ

2207 3937 2369 3994 πάλιν
2427 3940 2683 3996 ἅπτουσιν
2733 3944 2958 4017 κηρούς.
3005 3944 3221 4015 Ἰστέον,
3278 3950 3363 4003 ὃτι
3421 3945 3604 4012 εὐθέως
3638 3942 3790 4017 γίνεται

2205 4029 2239 4096 ἡ
2274 4026 2484 4092 εἷ’σοδος
2526 4037 2626 4100 τῆς
2674 4030 3038 4108 λειτουργίας,
3089 4036 3179 4090 καὶ
3221 4036 3327 4093 ὑπὸ
3374 4042 3468 4093 τοῦ
3496 4030 3791 4112 πραιποσῖτου

2208 4112 2390 4172 λαϐὼν
2461 4121 2489 4174 ὁ
2556 4125 2775 4195 πρῶτος
2843 4122 3098 4198 βασιλεὺς
3162 4126 3450 4199 θυμιατὸν,
3516 4126 3678 4198 θυμιᾷ,
3728 4113 3790 4170 καὶ

2208 4202 2353 4278 δεξιᾷ
2408 4208 2503 4263 τοῦ
2565 4210 2815 4284 βήματος
2876 4211 3167 4287 ἐρχόμενοι
3227 4216 3465 4290 (κάκεῖσε
3493 4215 3588 4291 γὰρ
3620 4206 3792 4285 πρόκει-

2202 4316 2291 4351 ται
2343 4300 2376 4368 ἡ
2427 4302 2523 4354 τοῦ
2580 4298 2905 4376 Προδρὸμου
2955 4303 3079 4380 ἁγία
3138 4305 3323 4381 κάρα),
3382 4308 3621 4363 ἅπτουσιν
3664 4298 3791 4354 ἐκεῖσε

2204 4387 2437 4459 κηροὺς,
2522 4389 2611 4442 καὶ
2668 4388 2868 4458 ταύτην
2937 4390 3287 4466 ἀσπάζονται,
3356 4397 3443 4451 καὶ
3506 4390 3793 4467 ἐξερχόμενοι

2205 4475 2544 4551 εἰσέρχονται
2608 4477 2687 4540 εἷς
2733 4478 2796 4533 τὸ
2839 4477 3010 4535 ἐκεῖσε
3075 4484 3449 4559 μητατώριον,
3509 4484 3589 4539 καὶ
3642 4472 3792 4535 ἐκϐάλ-

445 4569 619 4642 plaga
650 4567 911 4633 bematis,
960 4565 1403 4635 accenduntque
1444 4563 1523 4618 ibi
1565 4580 1757 4620 cereos
1792 4582 1893 4635 pro
1931 4568 2088 4622 exci-

2217 4573 2390 4619 \ooow
2422 4566 2491 4620 τὰ
2535 4568 2937 4644 σκαραμάγγια,
2969 4572 3057 4625 καὶ
3107 4558 3565 4649 περιϐαλλόμενοι
3606 4558 3791 4625 κολόόια

446 4660 655 4731 pienda
682 4658 739 4713 S.
784 4655 1078 4725 Evangelii
1110 4654 1377 4710 lectione.
1397 4653 1540 4709 Dein
1574 4659 1785 4709 exeunt
1804 4672 2010 4713 rursus
2031 4659 2089 4713 in

444 4746 785 4803 viridarium
808 4745 964 4816 quod
987 4743 1067 4799 ibi
1097 4747 1202 4808 est,
1235 4743 1347 4798 sub
1370 4758 1485 4813 quo
1510 4744 1750 4797 mistum
1775 4744 2087 4816 celebrant,

443 4836 720 4893 adhibitis
752 4833 1088 4907 proceribus
1120 4848 1220 4903 pro
1257 4830 1440 4887 lubitu
1479 4830 1745 4903 delectis,
1781 4834 2085 4892 monachis

443 4928 660 4982 interea
698 4923 905 4996 pocula
945 4925 1001 4975 et
1040 4922 1219 4992 dapes
1260 4920 1750 4978 ministrantibus.
1803 4922 1939 4979 Post
1977 4926 2083 4983 mi-

444 5025 599 5073 stum
628 5015 854 5071 ﬁnitum
889 5015 1161 5081 surgunt,
1185 5013 1240 5065 et
1272 5026 1373 5081 per
1393 5010 1619 5078 eadem,
1646 5027 1763 5084 qua
1785 5018 2083 5080 venerant,

2201 4652 2580 4733 εἰσερχόμενοι
2643 4654 2891 4713 ’ἰστοινται
2958 4659 3034 4722 εἷς
3109 4661 3201 4717 τὸν
3268 4648 3573 4740 γυναικίτην
3630 4658 3694 4718 εἷς
3743 4648 3788 4704 τδ

2201 4740 2373 4813 δεξιὸν
2448 4744 2583 4819 πρὸς
2658 4745 2925 4810 ἀνατολὰς
3004 4748 3166 4824 μέρος
3238 4736 3336 4807 τοῦ
3414 4754 3660 4833 βήματος,
3720 4736 3788 4795 καὶ

2200 4834 2455 4889 ἅπτουσιν
2505 4836 2711 4908 κηροὺς
2764 4835 2840 4898 εἷς
2896 4840 2996 4909 τήν
3035 4845 3133 4895 τοῦ
3192 4841 3529 4919 Εὐαγγελίου
3565 4834 3788 4910 ἀκρόασιν.

2197 4922 2313 4980 Εἶθ’
2364 4923 2537 4987 οὕτως
2586 4922 2933 4999 ἐξερχόμενοι
2985 4928 3062 4991 εἷς
3109 4931 3172 4985 τὸ
3221 4931 3390 4987 ἐκεῖσε
3433 4919 3787 4999 ἀναδενδράδων

2196 5012 2590 5089 κραματίζουσι
2636 5017 2749 5087 (44)
2783 5017 2901 5088 μεθ’
2931 5017 3005 5073 ὧν
3057 5017 3113 5073 ἃν
3162 5020 3487 5076 κελεύσωσιν
3538 5016 3787 5093 ἂρχόντωνι

1487 5134 1686 5190 JOAN.
1726 5135 1874 5195 JAC.
1926 5136 2186 5194 REISKII
2225 5138 2796 5196 COMMENTARIUS

510 5259 623 5330 (44)
654 5259 880 5338 $aapius
904 5256 1013 5311 hoc
1056 5250 1360 5338 iqlcorlice
1399 5255 1493 5338 τοῖό
1536 5253 1814 5326 κράματος
1856 5252 1943 5305 καὶ
1992 5257 2090 5338 τοῦ

436 5325 786 5405 κράματίζείν
847 5329 911 5383 ﬁt
960 5325 1199 5386 mentio.
1244 5325 1345 5381 Est
1383 5325 1579 5382 autem
1620 5342 1803 5398 κραμα
1843 5330 1900 5380 et
1937 5328 2086 5381 mix-

434 5407 550 5458 tum
596 5400 971 5472 dojejunatio,
1029 5397 1412 5472 ientaculum,
1464 5405 1516 5452 et
1567 5400 1808 5472 miratore
1846 5397 2081 5472 κραματί

439 5478 563 5542 ζειν,
606 5468 938 5543 dejejunare
982 5488 994 5536 ;
1036 5474 1150 5529 vid.
1189 5469 1274 5525 Du
1331 5470 1520 5543 Gange
1573 5485 1621 5522 ν.
1677 5468 1950 5543 Miletum,
1982 5470 2081 5526 ubi

437 5539 623 5602 multa
645 5539 818 5615 h'ujus
841 5542 1280 5615 signiﬁcationis
1300 5539 1561 5615 exempla
1578 5540 1794 5615 attulit.
1808 5540 2081 5615 Solebant
2190 5539 2379 5609 mixti,
2432 5539 2533 5600 seu
2588 5539 2970 5615 aromatibus,

437 5634 644 5697 nempe
674 5612 1051 5697 Graecijejuni
1082 5620 1150 5674 ad
1187 5612 1851 5697 celebrationemudivini
1887 5613 2078 5697 cultus
2184 5616 2809 5697 g‘mgntaappellabant
2834 5612 2985 5697 (vid.

2204 5260 2340 5337 ante
2370 5264 2665 5337 sumptam
2698 5262 3171 5337 communionem
3218 5282 3320 5337 pro
3352 5278 3557 5336 magno
3574 5249 3790 5337 primi!!!

2198 5326 2437 5408 habent.
2469 5324 2549 5408 Ne
2572 5331 2750 5401 igitur
2772 5333 2948 5389 nimis
2967 5336 3064 5408 diu
3083 5324 3405 5408 jejunando
3428 5324 3787 5408 essetetigeplg

2194 5398 2403 5481 solent,
2429 5395 2777 5483 .antequam
2820 5420 2889 5483 ex
2928 5395 3174 5483 ecclesia
3212 5409 3511 5483 decedant,
3546 5395 3790 5483 bucc'ellag

2192 5472 2362 5550 panis
2393 5470 2695 5543 aliquot—et
2727 5474 2848 5550 vini
2878 5478 3173 5550 poculum,
3206 5497 3308 5537 seu
3354 5470 3511 5547 meri,
3540 5491 3633 5550 seu
3672 5477 3791 5550 ωιυξ

3059 5567 3141 5606 uae
3160 5548 3165 5550 ⁷
3183 5551 3372 5608 Latini
3420 5548 3693 5622 aequiores

3082 5606 3565 5696 scirisciri),

436 5696 493 5746 et
524 5676 720 5747 missa
764 5676 1049 5761 praecipue
1100 5690 1372 5747 accedere
1395 5706 1414 5755 ,-
1440 5686 1576 5758 quia
1607 5684 1805 5743 cibum
1838 5691 2075 5759 gustare
2184 5676 2243 5744 ὁι
2282 5676 2762 5747 Γτιιοῑυῖὴοτωοε
2792 5676 2967 5767 atque
2988 5676 3787 5768 dilbiééi’iﬁ'nilbaiéum

3706 5924 3729 5957 ⁸-
3754 5940 3789 5957 1“
3806 5936 3811 5945 '
