4060 6214
310 391 482 455 1049

1189 391 1294 450 DE
1337 390 1784 453 CERIMONIIS
1829 391 2064 453 AUL/E
2103 391 2582 453 ΒῩΖΑΝΤΙΝᾹΞ
2625 393 2768 454 LIB.
2818 394 2898 455 II.

3586 398 3740 461 1050

319 523 673 599 εἰσέρχονται
721 520 775 578 έν
822 526 904 594 τῷ
937 521 1110 578 ἐκεῖσε
1154 525 1206 593 ἒξ
1257 522 1539 597 ἀριστερᾶς
1583 529 1830 582 κοιτῶνι,
1876 525 1978 582 Καὶ

2098 528 2468 598 ρωεθεεὶοοί
2516 539 2570 584 et
2617 529 2791 603 legati
2839 532 3162 604 exceptioni
3220 537 3452 605 tempus
3499 541 3742 606 praesto-

315 611 416 668 ὅτε
446 615 622 669 πάντα
652 610 839 676 καλῶς
875 611 1297 689 εύτρεπισθῶσιν
1353 613 1455 667 ὑπό
1495 634 1554 668 τε
1598 618 1697 669 :06
1743 622 1844 684 τῆς
1883 635 1983 669 κα-

317 701 638 764 ταστάσεως
692 703 781 756 καὶ
826 706 934 757 τῶν
983 702 1360 776 πραιποσίτων
1397 702 1487 756 καὶ
1539 707 1636 757 :06
1690 703 1984 778 λογοθέτου

317 797 426 847 :06
477 790 711 866 δρόμου,
761 790 1100 868 εἰσέρχονται
1145 792 1198 845 οἰ
1246 791 1596 864 πραιπόσιτοι
1643 792 1732 847 καὶ
1779 793 1983 866 ὑπομι-

330 884 636 954 μνήσκουσι
684 881 811 942 τοὺς
863 879 1163 953 δεσμώτας.
1214 883 1312 938 Καὶ
1362 881 1555 944 εύθέως
1589 882 1898 957 ἐξέρχονται
1930 884 1982 938 οἱ

323 968 588 1026 δεσπόται
640 970 728 1025 καὶ
786 971 1124 1046 ἀπέρχονται
1173 967 1296 1026 ἔνθα
1353 973 1405 1026 αἱ
1451 969 1736 1048 χλαμύδες
1785 972 1874 1026 καὶ
1917 973 1984 1027 τὰ

321 1059 616 1133 στέμματα
679 1059 1014 1129 ἀπόκεινται,
1070 1059 1159 1114 καὶ
1217 1055 1680 1135 περιϐαλλόμενοι
1727 1062 1795 1116 τὰ
1849 1060 1984 1116 αὐτὰ

321 1149 432 1203 ὑπὸ
490 1152 600 1203 τῶν
663 1147 1059 1223 πραιποσίτων,
1135 1148 1454 1224 ἀνέρχονται
1511 1150 1600 1204 καὶ
1668 1150 1981 1220 καθέζονται

317 1235 415 1292 ἐπὶ
445 1241 554 1293 τῶν
585 1238 812 1312 θρόνων,
845 1238 934 1293 καὶ
966 1238 994 1292 6
1025 1237 1178 1308 λαὸς,
1218 1232 1320 1308 ἔξω
1356 1239 1523 1299 ἑστὼς
1563 1244 1672 1293 τῶν
1721 1237 1816 1293 δύο
1845 1240 1984 1315 πρὸς

317 1325 473 1382 δύσιν
503 1331 712 1401 συρτῶν
745 1328 956 1401 βήλων,
1009 1325 1155 1402 λέγει
1204 1330 1459 1404 μεγάλως
1487 1330 1548 1383 τὸ
1577 1328 1978 1406 πολυχρόνιονο

314 1417 422 1474 Καὶ
491 1418 585 1482 εἶθ’
653 1416 828 1480 οὕτως
895 1417 1247 1495 ἐξερχόμενοι
1317 1418 1368 1473 οἱ
1447 1418 1799 1493 πραιπόσιτοι
1869 1419 1980 1474 εἴσ-

312 1507 513 1585 άγουσι
542 1514 659 1570 τοῖς
701 1510 814 1582 (57)
861 1512 961 1563 :06
1010 1503 1406 1564 κουόουκλείου
1457 1505 1548 1562 διὰ
1593 1514 1700 1564 τῶν
1749 1505 1844 1564 δύο
1879 1530 1979 1584 με-

319 1600 436 1671 ρῶν
469 1595 612 1668 δεξιᾷ
640 1597 730 1652 καὶ
777 1597 1054 1672 ἀριστερᾷ,
1104 1597 1286 1661 καθὼς
1330 1600 1364 1667 ἡ
1411 1599 1666 1668 συνήθεια
1706 1596 1842 1673 ἔχει.
1877 1599 1975 1653 Καὶ

310 1683 366 1740 ἐν
398 1689 481 1757 τῷ
534 1685 764 1747 τούτους
821 1693 1008 1755 στῆναι
1055 1686 1196 1740 νεύει
1229 1687 1257 1740 6
1286 1682 1646 1761 πραιπόσιτος
1681 1691 1762 1758 τῷ
1794 1688 1975 1742 όστια-

318 1773 424 1849 ρίῳ
453 1779 534 1846 τῷ
578 1777 679 1843 τήν
735 1782 947 1850 χρυσῆν
1001 1773 1193 1851 βέργαν
1241 1776 1551 1850 κατέχοντι,
1580 1775 1670 1831 καὶ
1701 1776 1976 1852 ἐξέρχεται

319 1863 412 1917 καὶ
464 1863 664 1940 εἰσάγει
717 1864 892 1939 βῆλον
935 1865 1000 1932 α’,
1063 1867 1192 1926 τοὺς
1247 1866 1599 1941 μαγίστρους.
1652 1867 1755 1923 Καὶ
1808 1865 1974 1921 πάλιν

318 1949 408 2006 διὰ
438 1953 701 2025 νεύματος
729 1957 827 2007 :06
873 1953 1240 2028 πραιποσίτου
1289 1953 1568 2029 ἐξέρχεται
1615 1953 1800 2032 ἕτερος
1832 1957 1982 2012 ὁστι-

314 2043 508 2115 άριος,
539 2043 629 2096 καὶ
677 2041 879 2117 εἰσάγει
927 2047 1007 2115 τῷ
1053 2043 1200 2115 αύτῴ
1249 2045 1495 2118 σχήματι
1549 2042 1722 2120 βῆλον
1759 2046 1826 2120 β’,
1857 2048 1985 2111 τοὺς

330 2133 676 2206 πατρικίους.
729 2131 828 2187 Καὶ
873 2133 1037 2188 πὲλιν
1088 2130 1176 2188 διὰ
1241 2135 1500 2206 νεύματος
1548 2139 1646 2190 τοῦ
1695 2135 1985 2209 πραιποσί-

327 2241 424 2276 του
483 2220 754 2296 ἐξέρχεται
821 2223 850 2278 6
914 2219 1099 2298 ἕτερος
1137 2223 1431 2298 ὀστιάριος,
1489 2224 1577 2278 καὶ
1636 2223 1839 2301 εἰσάγει
1901 2227 1981 2298 τῴ

328 2311 479 2380 αύτῷ
545 2313 792 2385 σχήματι
863 2311 1033 2386 βῆλον
1100 2318 1166 2388 γ’,
1223 2313 1349 2375 τοὺς
1418 2311 1840 2388 συγκλητικοὺς,
1891 2313 1979 2369 καὶ

326 2397 517 2459 ἁπλῶς
549 2399 645 2454 ὅσα
676 2399 736 2454 ἃν
771 2401 921 2474 βῆλα
972 2399 1089 2476 ἔχει
1119 2403 1154 2470 ἡ
1188 2403 1445 2471 συνήθεια
1488 2403 1576 2456 καὶ
1610 2405 1646 2472 ἡ
1679 2404 1826 2476 τάξις
1874 2408 1982 2458 τῶν

334 2482 540 2561 δοχῶν.
592 2488 691 2542 Καὶ
739 2487 838 2552 εἶθ’
886 2487 1056 2550 οὕτως
1106 2488 1408 2564 εἰσέρχεται
1449 2490 1476 2543 6
1514 2489 1795 2545 κατεπάνω
1848 2493 1982 2564 μετᾶ

325 2573 415 2627 καὶ
463 2577 560 2627 1:06
610 2571 938 2646 δομεστίκου
984 2576 1075 2629 καὶ
1123 2576 1232 2631 τῶν
1282 2574 1826 2651 χρυσοτρικλινιτῶν,
1885 2579 1975 2632 καὶ

318 2659 566 2717 ’ίστανται
599 2659 744 2734 δεξιᾷ
773 2664 864 2718 καὶ
915 2665 1169 2740 ἀριστερᾷ
1215 2665 1324 2739 πρὸ
1367 2671 1478 2720 τῶν
1523 2663 1620 2720 δύο
1663 2666 1802 2739 πρὸς
1831 2664 1980 2721 δύσιν

327 2752 533 2826 ωρτῶν
592 2752 804 2827 βήλων,
855 2751 944 2808 καὶ
998 2753 1131 2826 μετᾶ
1170 2755 1233 2808 :6
1284 2761 1474 2824 στῆναι
1521 2755 1716 2817 αὐτοὺς
1771 2756 1910 2810 νεύει
1951 2758 1980 2810 ὁ

325 2842 683 2915 πραιπόσιτος
713 2846 796 2914 τῷ
825 2842 1088 2917 όστιαρίῳ
1117 2843 1197 2914 τῷ
1243 2845 1344 2913 τήν
1375 2851 1586 2919 χρυσῆν
1623 2844 1820 2922 βέργαν
1848 2866 1980 2901 κατ-

328 2931 534 3006 έχοντι,
578 2930 668 2986 καὶ
728 2930 932 3006 εἰσάγει
984 2932 1075 2987 τὸν
1143 2929 1372 3002 ἐθνικὸν,
1424 2930 1682 3002 δηλονότι
1749 2934 1980 3008 κρατού-

331 3039 484 3091 μενον
535 3020 638 3075 ὑπὸ
685 3024 782 3074 :06
830 3021 1112 3075 κατεπάνω
1160 3024 1267 3075 τῶν
1320 3019 1618 3096 βασιλικῶν
1668 3023 1703 3091 ἤ
1754 3023 1843 3077 καὶ
1877 3022 1978 3078 ὑπὸ

327 3112 421 3162 :06
445 3107 691 3182 κόμητος
719 3113 814 3164 τοῦ
845 3107 1081 3164 σταύλου
1125 3108 1161 3178 ἤ
1209 3110 1298 3164 καὶ
1353 3111 1457 3166 ὑπὸ
1499 3115 1600 3166 τοῦ
1629 3113 1982 3186 πρωτοστρά-

326 3215 520 3267 τωρος,
573 3197 826 3260 συνόντος
883 3197 1068 3262 αὐτοῖς
1115 3199 1206 3252 καὶ
1270 3203 1368 3254 :06
1437 3201 1789 3273 έρμηνευτοῦ,
1839 3221 1980 3275 προ-

329 3287 697 3360 πορευομένου
761 3283 1017 3356 δηλονότι
1074 3287 1166 3341 καὶ
1219 3291 1316 3342 τοῦ
1365 3285 1659 3362 λογοθέτου
1706 3293 1804 3343 :06
1854 3287 1981 3360 δρό-

331 3396 455 3450 μου.
493 3376 594 3431 Καὶ
646 3373 713 3444 δὴ
755 3375 951 3431 τούτου
1005 3375 1368 3446 εἰσελθόντος,
1419 3377 1602 3434 πίπτει
1637 3377 1720 3432 ἐπ’
1748 3375 1977 3456 ἐδάφους

326 3469 638 3541 προσκυνῶν
687 3464 814 3527 τοὺς
882 3463 1164 3535 δεσπότας,
1202 3467 1292 3521 καὶ
1356 3465 1552 3529 εὐθέως
1617 3465 1844 3522 αύλοῦσι
1913 3468 1980 3524 τὰ

327 3550 542 3628 ὄργανα·
615 3555 729 3610 εἶτα
799 3553 1100 3630 εἰσέρχεται
1156 3557 1245 3610 καὶ
1298 3555 1518 3612 ’ίσταται
1585 3556 1692 3612 ἀπὸ
1762 3555 1981 3628 διαστή-

332 3663 497 3716 ματος
539 3648 637 3698 :06
689 3643 977 3718 βασιλικοῦ
1025 3644 1220 3716 Θρόνου
1267 3645 1358 3699 καὶ
1409 3645 1606 3706 εὐθέως
1653 3645 1870 3700 παίουσι
1912 3649 1980 3701 τὰ

330 3727 550 3806 ὄργανα.
602 3731 820 3801 Ἰστέον,
873 3733 980 3799 ὅτι,
1029 3736 1127 3787 :06
1194 3730 1359 3810 φίλου
1403 3733 1791 3796 ἆποκινοῦντος
1840 3735 1978 3808 πρὸς

326 3819 416 3873 τὸν
472 3817 721 3893 βασιλέα,
773 3818 1110 3895 εἰσέρχονται
1178 3822 1232 3875 ul
1293 3821 1726 3896 προκριτώτεροι
1780 3821 1977 3877 τούτου

329 3906 621 3982 ἄνθρωποι,
684 3909 775 3962 καὶ
841 3914 1261 3984 προσκυνοῦντες
1322 3908 1596 3965 *ίσταντοαι
1655 3907 1802 3965 ἔνδον
1867 3914 1975 3965 τῶν

330 3995 423 4052 δύο
469 4003 677 4074 συρτῶν
740 3996 953 4073 βήλων.
1023 4001 1128 4056 Καὶ
1189 4003 1479 4062 ποιοῦντος
1525 4003 1623 4054 τοῦ
1672 3997 1977 4075 λογοθέτου

326 4088 420 4150 τὰς
467 4090 716 4159 συνήθεις
765 4087 1059 4164 ἐρωτήσεις
1125 4088 1200 4151 εἰς
1247 4088 1410 4144 αὐτὸν
1459 4090 1719 4165 ἄρχονται
1773 4091 1979 4164 βρυχᾶ-

330 4178 446 4232 σθαι
503 4179 555 4232 οἱ
613 4176 829 4241 λέοντες
889 4179 1001 4249 (58)
1060 4177 1148 4232 καὶ
1185 4178 1252 4232 τὰ
1291 4171 1451 4252 ὄρνεα
1509 4179 1577 4233 τὰ
1635 4177 1686 4233 έν
1748 4179 1976 4250 σέντζῳ,

2091 617 2327 689 lantes].
2359 619 2646 676 Omnibus
2670 619 2866 692 itaque
2891 622 2998 677 rite
3017 623 3353 694 praeparatis
3380 628 3501 679 tam
3530 642 3563 679 a
3593 627 3739 681 ceri-

2093 707 2400 777 moniario,
2448 724 2623 779 quam
2654 725 2688 763 a
2737 710 3060 782 prepositis
3105 717 3162 766 et
3208 711 3482 768 rationali
3527 729 3739 769 cursus

2096 795 2336 865 publici,
2380 796 2600 852 intrant
2644 800 2936 869 prmpositi
2969 800 3052 871 [in
3085 802 3392 870 cmtoneml
3421 805 3478 856 et
3509 801 3732 871 signiﬁ-

2094 889 2228 939 cant
2257 901 2325 940 ea
2353 886 2425 940 de
2455 903 2516 941 re
2553 887 2844 955 dominis;
2881 890 2974 959 qui
3019 890 3284 961 protinus
3311 895 3541 957 exeunt,
3575 896 3632 946 et
3660 891 3732 947 il-

2094 972 2190 1028 luc
2220 975 2565 1041 ascendunt,
2599 975 2700 1030 ubi
2719 976 2950 1048 chlemy
2967 979 3067 1034 des
3089 987 3142 1034 et
3169 983 3484 1035 stemmata
3494 980 3695 1050 jacent
3723 998 3736 1049 ;

2096 1078 2224 1133 quae
2253 1079 2288 1118 a
2318 1063 2646 1134 prepositis
2674 1063 2863 1120 induti
2894 1068 3222 1122 ascendunt
3253 1068 3312 1123 in
3343 1068 3646 1138 thronum,
3678 1073 3739 1125 et

2095 1150 2155 1206 in
2186 1167 2252 1208 eo
2283 1151 2576 1222 resident;
2610 1154 2763 1211 828
2813 1171 2928 1226 quo
2959 1156 3131 1224 facto,
3176 1156 3370 1222 turba,
3421 1174 3550 1229 quas
3579 1166 3739 1214 extra

2092 1240 2330 1311 gemina
2350 1257 2550 1298 versus
2571 1243 2926 1300 occidentem
2959 1245 3084 1301 vela
3112 1245 3426 1302 attractilia
3455 1251 3591 1314 stat,
3617 1263 3738 1302 ma—

2091 1345 2354 1399 gnavoce
2383 1330 2600 1387 clamat
2629 1333 3074 1405 polychronium
3099 1351 3200 1391 seu
3214 1338 3418 1391 votum
3450 1336 3577 1392 vitai
3601 1335 3739 1392 diu-

2089 1423 2297 1475 turnas.
2332 1420 2475 1476 Dein
2502 1426 2714 1478 exeunt
2742 1423 3033 1494 prepositi
3065 1429 3124 1480 et
3157 1425 3540 1481 introducunt
3565 1427 3735 1482 cubi—

2092 1507 2210 1564 culi
2241 1509 2544 1566 ministros
2573 1526 2644 1567 ex
2675 1513 2964 1568 ambabus
3005 1512 3218 1584 plagis,
3249 1515 3446 1570 dextra
3472 1515 3735 1572 sinistra-

2091 1615 2223 1670 que,
2255 1603 2323 1656 ut
2351 1602 2711 1658 consuetudo
2743 1616 2939 1658 secum
2971 1601 3100 1660 fert.
3135 1602 3207 1659 Ut
3234 1603 3295 1658 hi
3329 1603 3734 1674 constiterunt,

2091 1688 2208 1745 exit
2245 1689 2518 1745 ostiarius
2571 1707 2808 1746 auream
2865 1691 3086 1764 virgam
3145 1697 3374 1760 tenens,
3443 1695 3738 1766 prmpositi

2090 1783 2256 1834 mutu
2291 1779 2572 1847 monitus,
2606 1783 2661 1834 et
2684 1780 3004 1836 introducit
3025 1780 3220 1836 velum
3245 1798 3344 1838 seu
3379 1781 3626 1839 missum
3648 1783 3740 1838 vel

2086 1868 2807 1939 corpusadmittendorum
2825 1885 3125 1940 procerum
3143 1871 3331 1941 primu
3344 1887 3390 1926 m
3403 1913 3418 1936 ,
3439 1874 3738 1943 magistros

2093 1962 2254 2029 puta.
2293 1957 2369 2012 Eo
2401 1959 2574 2025 facto,
2608 1975 2813 2013 rursus
2859 1958 2994 2025 exit,
3027 1960 3129 2016 sed
3168 1960 3316 2015 alter
3356 1961 3650 2028 ostiarius,
3682 1964 3739 2014 et

2093 2045 2144 2100 is
2175 2061 2403 2116 quoque
2433 2047 2727 2118 prepositi
2760 2054 2904 2102 nutu
2937 2047 3298 2116 admonitus,
3329 2053 3388 2104 et
3417 2047 3739 2104 introducit

2092 2136 2296 2191 eodem
2339 2137 2509 2191 modo
2556 2135 2750 2191 velum
2799 2137 3146 2206 secundum,
3193 2153 3403 2208 nempe
3443 2137 3737 2208 patricios.

2093 2224 2318 2279 Rursus
2349 2225 2624 2295 deinceps
2656 2230 2856 2280 monet
2900 2226 3240 2296 praepositus
3281 2225 3447 2280 illum
3480 2227 3736 2297 priorem

2091 2312 2492 2381 ostiarium,et
2519 2313 2570 2369 is
2609 2329 2875 2386 egressus
2901 2314 3214 2370 introducit
3243 2314 3476 2370 tertium
3501 2314 3692 2370 velum
3723 2332 3737 2382 ;

2092 2412 2146 2457 et
2187 2401 2295 2456 hoc
2329 2401 2656 2456 alternatim
2690 2402 2773 2457 ita
2831 2401 2913 2470 tit,
2973 2403 3158 2459 donec
3219 2402 3563 2458 intraverint
3611 2402 3740 2458 vela

2090 2490 2305 2558 omnia,
2339 2494 2624 2561 quotquot
2653 2491 2870 2546 intrare
2900 2492 3350 2547 consuetudinis
3389 2495 3481 2547 est
3510 2497 3567 2546 et
3589 2492 3733 2547 ceri-

2094 2579 2347 2635 moniale
2386 2580 2783 2650 receptionum
2830 2580 3070 2652 ﬂagitat.
3124 2581 3224 2636 His
3271 2579 3462 2646 lactis,
3503 2580 3730 2636 intrant

2091 2671 2372 2738 catepano
2390 2667 2765 2724 basilicorum
2789 2673 2845 2723 et
2865 2667 3222 2724 domesticus
3255 2667 3738 2740 [chrysotriclini-

2089 2759 2302 2820 tarum,
2348 2759 2414 2810 ut
2468 2755 2720 2826 videtur]
2768 2760 2828 2810 et
2874 2754 3402 2828 chrysotriclinitaa,
3443 2759 3501 2810 et
3531 2755 3734 2811 consi-

2089 2849 2256 2900 stunt
2277 2843 2414 2900 hinc
2433 2844 2598 2900 illinc
2610 2845 2679 2900 ad
2705 2845 2962 2901 dextram
2987 2849 3044 2900 et
3060 2845 3359 2901 sinistram
3395 2861 3589 2901 coram
3610 2861 3734 2900 am-

2089 2933 2275 2989 bobus
2324 2933 2710 2990 attractilibus
2755 2933 2914 2991 velis.
2952 2935 3021 2991 Ut
3067 2934 3128 2989 hi
3168 2933 3573 3002 constiterunt,
3609 2935 3726 2989 exit

2089 3023 2368 3079 ostiarius
2397 3038 2531 3079 cum
2555 3039 2730 3078 aurea
2750 3023 2930 3093 virga,
2964 3022 3252 3095 praepositi
3279 3027 3426 3078 nutu
3451 3022 3731 3086 monitus,

2090 3119 2143 3167 et
2173 3111 2490 3167 introducit
2520 3112 2822 3168 ethnicum
2863 3129 2965 3168 seu
3013 3111 3268 3184 legatum
3304 3111 3732 3182 alienigenam;

2094 3217 2269 3273 quem
2301 3205 2583 3272 catepano
2631 3200 3003 3256 basilicorum
3060 3205 3162 3254 aut
3199 3205 3255 3254 et
3293 3215 3487 3255 comes
3517 3200 3734 3255 stabuli

2094 3295 2194 3345 aut
2222 3294 2281 3346 et
2329 3294 2710 3362 protostrator
2765 3305 2834 3345 ex
2873 3289 3110 3346 brachio
3159 3293 3381 3358 tenent,
3423 3289 3733 3344 comitante

2091 3379 2400 3447 interprete
2432 3383 2490 3434 et
2530 3387 2821 3450 praeeunte
2870 3377 3166 3450 logotheta
3213 3377 3425 3432 dromi.
3482 3377 3735 3448 Legatus

2091 3468 2269 3540 [intra
2297 3467 2516 3538 velum]
2550 3468 2856 3540 ingressus
2901 3466 3064 3522 humi
3106 3466 3305 3521 statim
3354 3466 3626 3538 procidit,
3678 3469 3736 3521 et

2089 3558 2295 3613 adorat
2323 3557 2595 3612 dominos
2620 3575 2634 3624 ;
2658 3562 2715 3612 et
2735 3557 2906 3612 simul
2937 3560 3149 3612 sonant
3169 3571 3388 3628 organa
3418 3553 3637 3612 ﬂatilia.
3662 3553 3738 3610 Ut

2088 3644 2344 3702 surrexit
2373 3650 2432 3702 et
2465 3647 2746 3718 processit
2776 3646 3038 3712 ulterius,
3071 3645 3338 3701 consistit
3367 3644 3436 3700 ad
3473 3643 3733 3715 aliquam

2088 3736 2157 3792 ab
2189 3735 2477 3807 imperiali
2523 3736 2735 3791 throno
2765 3735 3124 3802 distantiam,
3156 3739 3214 3790 et
3252 3733 3520 3806 protinus
3578 3734 3735 3790 into-

2086 3831 2228 3880 nant
2257 3840 2476 3895 organa
2507 3823 2797 3895 pulsatilia
2819 3824 3145 3895 [naccam].
3177 3823 3400 3890 Amico,
3436 3822 3494 3876 id
3523 3826 3614 3876 est
3641 3822 3732 3876 le-

2088 3916 2219 3985 gato
2249 3916 2543 3977 extraneo,
2594 3912 2663 3966 ad
2713 3913 3117 3982 imperatorem
3157 3912 3353 3981 itaque
3397 3909 3731 3978 accedente,

2088 3999 2309 4054 intrant
2339 3999 2741 4054 honoratiores
2763 3999 3070 4054 hominum
3093 4014 3198 4053 seu
3223 3997 3578 4053 familiarum
3603 3997 3731 4068 ejus

2091 4089 2361 4161 factaque
2391 4105 2530 4161 erga
2559 4088 2864 4145 dominum
2898 4089 3254 4154 adoratione,
3290 4087 3619 4143 subsistunt
3649 4087 3732 4142 in-

2089 4179 2262 4236 ferius
2291 4179 2443 4250 apud
2486 4184 2543 4234 et
2574 4179 2724 4234 intra
2762 4179 2936 4235 ambo
2989 4175 3300 4233 attractilia
3345 4176 3493 4231 vela.
3543 4179 3732 4246 Logo-

1385 4293 1582 4350 JOAN.
1622 4293 1765 4350 JAC.
1810 4294 2063 4350 REISKII
2101 4293 2686 4350 COMMENTARIUS.

399 4393 518 4463 (57)
548 4393 658 4448 Pro
687 4391 838 4453 τούς.
883 4392 1225 4449 Idiotismus
1275 4391 1372 4448 ille
1421 4397 1511 4449 est
1540 4409 1698 4448 novae
1729 4393 1983 4461 Gracia,

336 4451 591 4536 dativum
623 4481 726 4536 pro
759 4451 1085 4536 accusativo
1108 4465 1446 4536 usurpantis
1473 4481 1488 4531 ;
1519 4464 1636 4521 vid.
1669 4467 1736 4521 ad
1769 4482 1824 4536 p.
1859 4451 1984 4521 39οί
2015 4451 2062 4517 Ι)

401 4534 514 4608 (58)
557 4534 660 4608 De
685 4535 1053 4608 spectaculis,
1089 4553 1220 4608 quia
1254 4534 1361 4591 hic
1402 4534 1973 4608 commemorantur,

334 4605 544 4687 aureis,
575 4605 893 4687 velpotius
923 4605 1132 4687 ligneis
1152 4606 1468 4687 deauratis,
1504 4607 1760 4687 organis,
1795 4607 1974 4687 leoni:

332 4675 440 4751 bus
471 4675 857 4751 rugientibus,
899 4675 1105 4751 arbore
1136 4683 1401 4751 aureaet
1444 4675 1836 4735 insidentibus
1865 4681 1976 4751 ipsi

335 4748 577 4803 aviculis
607 4748 783 4805 variis
827 4749 981 4805 varie
1030 4750 1471 4819 cantilantibus,
1503 4751 1734 4806 videndi
1766 4748 1972 4806 Cedre-

337 4819 889 4894 nusg544,‘colrlata
943 4837 1005 4894 Ap.
1077 4822 1202 4890 568,
1237 4822 1339 4894 du
1400 4821 1713 4894 Cangegad
1768 4821 1973 4878 Zonar.

336 4906 389 4964 p.
421 4891 512 4956 76,
545 4897 622 4964 et
647 4890 774 4947 CPli
821 4890 1031 4964 Christ.
1084 4909 1137 4964 p.
1195 4893 1318 4958 128,
1347 4910 1380 4947 a
1411 4890 1552 4964 quo'
1577 4892 1786 4948 allatos
1818 4894 1976 4948 locos

334 4962 694 5046 Constantini
729 4963 1021 5048 Manassis
1054 4962 1110 5018 et
1141 4962 1484 5048 Luitpra‘ndi
1517 4965 1806 5048 praecipue
1837 4965 1975 5048 insi:

335 5049 527 5105 gnem,
559 5035 662 5105 qui
684 5034 962 5106 puerilem
988 5035 1136 5090 hanc
1167 5034 1665 5107 comcediam’ipse
1696 5036 1976 5106 spectavit

336 5111 390 5187 et
409 5104 663 5187 audivit,
687 5121 801 5160 non
823 5105 1170 5187 exscribam,
1204 5111 1513 5187 contentus
1544 5123 1733 5187 unum.
1759 5107 1976 5187 citasse

336 5176 578 5249 Leonem
621 5175 1101 5249 grammaticum,
1143 5178 1238 5249 qui

339 5253 423 5325 ger
461 5248 574 5302 alia
617 5243 835 5325 δένδρον
867 5250 1131 5325 χρυσοῦν,
1160 5243 1317 5325 ξένΑῷ
1366 5243 1628 5325 στρουθία
1667 5246 1976 5325 Δἐφεζόμενο.

335 5314 420 5372 διὰ
453 5324 714 5392 μηχανῆς
745 5314 1043 5392 ’μουσικῶς
1074 5314 1386 5375 ἐκελάδουν.
1431 5314 1523 5376 Ἰῑο,
1555 5321 1632 5376 ibi
1665 5314 1974 5392 legendum

338 5381 588 5448 est.'S'e'd
623 5381 834 5446 addam
872 5391 1158 5462 insignem
1220 5392 1508 5448 Abulfedaa
1541 5381 1756 5461 locum",
1790 5408 1822 5447 θ
1861 5408 1974 5462 quo

337 5468 573 5534 apparet
602 5463 854 5546 ineptias
880 5462 1012 5546 illas
1037 5461 1660 5546 Chalit'arumuquoqug
1692 5461 1974 5546 Bagdadi:

339 5549 533 5589 corum
567 5535 764 5590 aulam
806 5535 1094 5590 invasisse
1136 5539 1195 5588 et
1236 5541 1337 5589 aut
1368 5534 1506 5589 illuc
1550 5534 1582 5590 a
1613 5536 1848 5600 Graecis,
1879 5541 1977 5588 aut

339 5605 497 5687 illinc
525 5607 595 5662 ad
619 5607 842 5687 Graecos
870 5605 1339 5687 transmigrasse,
1372 5611 1473 5687 aut
1503 5607 1978 5687 eodemtempore

341 5679 906 5750 utramquegregiam
937 5677 1146 5750 sedem
1167 5677 1537 5750 corripuisse.
1572 5677 1733 5734 Unde
1766 5678 1976 5750 mirum

345 5763 452 5804 non
488 5747 594 5816 est,
627 5748 674 5804 si
707 5747 878 5820 porro
901 5765 934 5805 a
967 5747 1184 5806 Grecis
1215 5748 1286 5805 ad
1316 5747 1479 5806 aulas
1509 5764 1739 5821 quoque
1770 5747 1979 5820 princi-

1339 5219 1352 5232 .
1404 5179 1528 5246 450,
1581 5177 1842 5234 nominat
1885 5179 1974 5233 in-

2137 4410 2234 4449 um
2296 4392 2740 4450 occidentalium
2789 4392 3046 4464 pervasit
3101 4389 3344 4464 puerilis
3390 4387 3490 4464 ille
3533 4404 3728 4464 sapor.

2137 4411 2234 4449 um
2296 4411 2740 4450 occidentalium
2789 4411 3046 4464 pervasit
3101 4411 3344 4464 puer-ms
3391 4411 3490 4445 ιιιθ
3533 4411 3728 4458 sapor.

2095 4411 2306 4522 ᾔει-ται
2343 4470 2537 4520 autem
2587 4464 2892 4532 Ahulfeda,
2942 4479 3093 4519 anno
3123 4479 3243 4518 sane
3286 4461 3734 4532 Muhammeda-

2088 4553 2174 4618 ηρ
2203 4537 2330 4618 605,
2362 4535 2708 4618 seu_Christi
2739 4531 3125 4618 917,venisse
3157 4536 3380 4618 legatos
3409 4531 3728 4618 imperato-

2087 4608 2168 4664 ris
2199 4603 2405 4674 Grieci,
2437 4608 2494 4662 id
2545 4612 2630 4662 est
2665 4603 3027 4663 Constantini
3059 4603 3240 4662 nostri
3292 4603 3726 4676 porphyrogen-

2088 4679 2230 4748 neti,
2262 4695 2408 4749 quos
2441 4679 2706 4735 nominat
2725 4681 2832 4734 Leo
2864 4679 3142 4750 Magister
3173 4693 3226 4748 p.
3263 4677 3388 4743 476,
3423 4677 3478 4728 in
3509 4677 3723 4750 aulam,

2089 4751 2188 4806 ubi
2216 4745 2472 4826 excepti
2493 4751 2706 4826 fuerint
2736 4751 2886 4806 haud
2922 4745 3138 4826 vulgari
3173 4745 3401 4826 pompa,
3434 4761 3609 4826 quam
3641 4745 3725 4802 sic

2085 4818 2398 4878 describit:
2430 4821 2627 4876 Eodem
2675 4838 2821 4878 anno
2851 4821 3167 4892 Bagdadum
3213 4818 3728 4892 veniebantuimpe-

2085 4895 2298 4974 raioris
2357 4894 2724 4974 Romanorum
2791 4888 2984 4961 legati,
3023 4907 3175 4974 .guos
3242 4888 3558 4974 incredibili
3586 4905 3726 4974 lcum

2084 4966 2375 5036 splendore
2403 4964 2618 5034 excepit
2638 4980 2972 5036 suarumque
2999 4961 3325 5018 divitiarum
3355 4961 3727 5017 admiratione

2088 5035 2336 5110 implevit
2372 5036 2437 5090 Al
2467 5035 2752 5110 Mactader.
2784 5035 2928 5110 Nam
2972 5051 3079 5110 quo
3109 5035 3198 5110 die
3227 5037 3356 5088 illos
3381 5036 3454 5087 ad
3477 5047 3534 5086 se
3565 5045 3721 5110 vene-

2085 5104 2322 5162 randum
2371 5108 2626 5162 evocabat
2655 5116 2706 5162 et
2755 5104 3096 5174 admittebat,
3130 5107 3366 5173 iusserat
3421 5104 3722 5158 exercitum

2085 5180 2149 5234 in
2179 5178 2298 5234 acie
2326 5181 2376 5234 et
2406 5182 2579 5232 armis
2621 5189 2792 5234 stare.
2841 5179 3024 5234 Totum
3061 5178 3336 5252 palatium
3365 5179 3416 5230 et
3446 5187 3725 5252 armorum

2085 5255 2136 5325 et
2165 5252 2338 5307 varix
2382 5266 2599 5325 pompa:
2646 5253 2976 5325 instructum
3005 5247 3313 5325 collucebat
3343 5247 3721 5325 ostentatione.

2091 5323 2254 5377 Totus
2283 5315 2580 5396 exercitus,
2599 5321 2862 5390 pedestris
2884 5337 3006 5376 cum
3029 5322 3288 5396 equestri,
3310 5319 3388 5396 sic
3414 5315 3473 5370 in
3503 5315 3725 5396 Armate

2084 5398 2236 5448 stans
2253 5386 2808 5460 conﬁciebutcentum
2839 5397 2895 5448 et
2924 5386 3210 5461 sexaginta
3235 5391 3482 5459 capitum
3518 5386 3721 5461 millia.

2085 5457 2383 5519 Adstabant
2427 5465 2600 5534 Aguri
2627 5463 2958 5537 cubicularii
2987 5457 3277 5537 [designat
3308 5457 3722 5537 protospathaf

2088 5537 2204 5590 rios
2235 5541 2292 5589 et
2336 5531 2707 5606 protectores]
2741 5536 2800 5590 in
2842 5531 3301 5606 splendidissimis
3331 5531 3725 5606 mulatoriisret

2086 5599 2502 5678 cingulis'auro
2545 5599 2881 5678 gemmisque
2911 5606 3248 5678 illustribus.
3294 5608 3509 5657 Pariter
3547 5599 3725 5652 adsta-

2090 5677 2220 5732 bant
2252 5679 2489 5734 eunuchi
2515 5676 2747 5734 numero
2776 5676 2974 5747 septies
3020 5676 3194 5746 mille,
3244 5689 3477 5746 quorum
3491 5679 3727 5747 _quater

2089 5749 2245 5805 mille
2289 5749 2532 5819 candidi,
2582 5751 2785 5822 reliqui
2831 5740 2983 5818 nigri
3033 5740 3443 5804 coloris'erant.
3489 5740 3720 5796 Tandem
