4060 6214
444 320 472 378 1
484 318 601 377 055

1515 316 2031 380 CONSTANTINI
2076 315 2773 379 PORPHYROGENITI

3698 307 3901 373 1056

447 453 822 523 inargentataa
882 468 913 507 e
969 452 1327 508 monasterio
1384 458 1714 510 sanctorum
1782 451 1962 523 Sergii
2028 455 2082 505 et

2198 447 2449 504 ἁλυσίδια
2479 450 2845 531 ἀσπρόχαλκα
2876 451 2991 522 (63)
3016 456 3119 517 τῆς
3171 451 3343 519 μονῆς
3374 452 3483 503 τῶν
3518 446 3687 523 ἁγίων
3732 457 3898 520 Σερ-

450 541 681 607 Bacchi,
768 542 917 610 quod
996 545 1083 595 est
1160 541 1217 595 in
1294 545 1481 597 tractu
1558 542 1902 607 Hormisdze,
1981 540 2089 594 de—

446 634 746 700 promptae,
807 639 1025 700 septem
1069 648 1100 685 a
1140 632 1336 686 dextra
1383 636 1439 686 et
1479 634 1721 687 totidem
1756 649 1789 687 a
1824 632 2083 699 sinistra,

2194 537 2315 613 γῖου
2346 539 2435 593 καὶ
2470 540 2684 615 Βάκχου
2716 544 2821 593 τῶν
2850 536 3170 613 Ὁρμίσδου,
3220 540 3259 607 ζ’
3308 538 3385 601 εἷς
3430 540 3495 592 τὸ
3550 535 3734 609 δεξιὸν
3777 537 3895 607 μέο

2198 646 2291 702 ρος
2354 630 2444 682 καὶ
2513 630 2645 684 ἑπτὰ
2710 628 2787 689 εἰς
2853 629 2913 681 τὸ
2977 628 3280 700 εὐώνυμον,
3355 627 3445 681 καὶ
3526 627 3605 688 εἰς
3673 628 3751 679 τὰ
3833 624 3885 678 δ’

1496 731 1693 787 JOAN.
1736 731 1878 787 JAC.
1923 728 2181 785 RElSKII
2221 727 2795 787 COMMENTARIUS.

447 829 740 901 pertinent
790 844 1007 899 organa
1055 828 1249 901 stricte
1299 829 1382 901 sic
1403 830 1591 901 __dicta
1641 838 1694 884 et
1738 830 1899 901 tuba:
1920 834 2093 896 atque

447 897 625 967 tibiae,
657 906 713 955 et
743 897 981 973 alteram
1011 915 1024 954 :
1058 899 1280 952 παίουσι
1308 899 1372 952 τὰ
1400 897 1622 973 ὄργανα,
1653 905 1846 973 sonant
1882 900 2087 955 instra~

445 978 632 1027 menta
661 971 974 1042 putsatilia,
994 980 1273 1043 tympana
1294 971 1500 1042 nempe
1525 978 1581 1027 et
1627 972 2094 1043 ahenotympana

444 1044 536 1097 vel
612 1042 1398 1115 naccarae,illustrathnon
1453 1045 1695 1115 pigebit,
1735 1042 2022 1099 ascribere
2073 1059 2086 1097 :

447 1117 553 1170 His
600 1123 834 1186 quatuor
872 1113 1009 1175 ﬁliis
1056 1113 1300 1185 quotidie
1332 1113 1626 1185 pro’m'ore
1673 1114 2092 1183 Selgukidarum

442 1188 759 1258 principum
791 1186 1081 1258 [quorum
1104 1201 1467 1258 successores
1499 1187 2005 1242 Cborezimschahi
2037 1193 2090 1240 et

447 1256 722 1313 erantet
764 1256 946 1311 videri
994 1256 1287 1329 volebant]
1321 1259 1509 1327 quinae
1548 1259 1752 1327 ﬁebant
1779 1259 1948 1313 Nubw
1978 1258 2087 1329 [vel

446 1329 860 1401 alternantium
885 1328 1967 1401 excubiarum’processionesarmatzs]
1984 1328 2089 1384 sub

446 1401 714 1455 instantia
744 1400 1044 1470 quinarum
1072 1415 1291 1470 precum
1322 1408 1615 1456 momenta.
1643 1400 1763 1456 Sibi
1782 1418 1907 1456 vero
1926 1400 2087 1471 pecu-

447 1472 650 1527 liarem
702 1471 1261 1544 nubamqreservabat
1308 1477 1486 1544 pater,
1533 1473 1722 1544 illam,
1762 1488 1887 1544 qum
1932 1474 2085 1529 Nubo

444 1545 566 1614 psit
601 1544 883 1599 Carnaine
919 1542 1037 1611 [seu
1071 1542 1383 1598 Alexandri
1415 1545 1607 1614 Magni
1639 1543 1726 1599 vel
1761 1542 1952 1614 potius
1990 1546 2085 1596 τοῦ

446 1610 759 1687 δικὲρωτος]
790 1610 1101 1685 appellatur
1141 1624 1194 1669 ct
1244 1616 1322 1687 bis
1368 1631 1465 1687 per
1510 1610 1674 1681 diem,
1721 1610 1928 1671 oriente
1974 1617 2087 1670 sole

444 1695 495 1741 et
542 1688 837 1752 occidente,
879 1686 1206 1740 celebratur.
1241 1686 1332 1739 llis
1378 1686 1649 1741 destinata
1686 1688 1844 1742 nubis
1880 1690 2085 1741 instru-

443 1765 884 1830 mentanumero
932 1764 1096 1810 erant
1124 1756 1323 1825 viginti
1363 1764 1565 1830 septem
1594 1769 1865 1830 tympana
1893 1775 2083 1825 aurea,

444 1829 673 1896 gemmis
708 1828 875 1883 variis
904 1837 1120 1893 ornata,
1154 1842 1299 1896 quae,
1333 1843 1435 1896 quo
1465 1829 1556 1883 die
1584 1828 1826 1898 primum
1862 1832 2085 1884 institu-

2202 826 2465 883 innatam
2498 830 2893 899 cupiditatem,
2917 828 3141 897 abjecta
3163 827 3661 893 dissimulatione,
3695 842 3883 881 exer-

2200 914 2325 971 cere
2360 902 2763 971 majoruinque
2793 901 3073 971 deposita,
3108 900 3483 954 ecclesiarum
3518 900 3656 953 ﬁdei
3691 915 3885 951 com-

2202 970 2405 1035 missa,
2434 970 2548 1043 eibi
2582 970 2881 1043 arrogare,
2910 978 3342 1041 repetentesque
3364 986 3477 1043 per
3507 971 3627 1023 vim
3662 986 3883 1043 arcere

2198 1046 2257 1113 et
2277 1043 2346 1095 ad
2372 1042 2671 1097 silentium
2697 1040 2987 1113 redigere;
3004 1045 3181 1109 Cujus
3205 1042 3474 1112 nequitiis
3508 1040 3879 1109 exemplum

2200 1110 2379 1169 habes
2426 1117 2484 1169 in
2536 1110 3202 1170 Chronico'Cassinensi
3250 1110 3421 1181 1,26.
3468 1114 3884 1167 Consuevisse

2199 1183 2336 1238 olim
2390 1202 2664 1241 nummos
2695 1190 2752 1240 et
2784 1185 3206 1254 supellectilem
3254 1184 3313 1239 in
3354 1184 3648 1251 ecclesiis,
3683 1189 3766 1237 ut
3818 1186 3880 1238 in

2199 1254 2319 1311 loco
2350 1259 2492 1323 tuto,
2526 1257 2736 1326 deponi
2778 1258 3122 1326 repetendos
3154 1273 3185 1311 a
3219 1256 3619 1325 proprietariis
3656 1256 3878 1326 iisque

2196 1328 2541 1392 reddendos,
2578 1333 2731 1399 patet
2762 1344 2827 1382 ex
2861 1328 2982 1399 loco
3014 1327 3267 1398 Gregorii
3302 1327 3375 1381 M.
3413 1327 3475 1381 L.
3508 1328 3577 1393 II,
3616 1328 3761 1399 Ind.
3798 1326 3885 1395 ΙΙ,

2196 1413 2287 1467 ep.
2342 1399 2430 1465 49,
2486 1397 2593 1454 ubi
2632 1401 2781 1455 inter
2828 1397 2942 1453 alia
2989 1397 3205 1467 (locum
3256 1399 3546 1469 integrum
3602 1398 3712 1452 dat
3783 1402 3875 1451 Du

2196 1469 2388 1538 Gange
2446 1488 2498 1524 v.
2563 1472 2914 1539 Desuscepta)
2974 1470 3094 1526 haec
3144 1469 3328 1539 habet
3378 1485 3389 1522 :
3443 1469 3677 1523 Clerici:
3744 1470 3879 1539 ejus

2196 1536 2496 1613 [ecclesiae]
2528 1558 2559 1595 a
2599 1545 2729 1613 pari
2785 1536 2915 1613 [ἀπὸ
2973 1544 3070 1593 τοῦ
3125 1536 3270 1609 ἴσου,
3328 1556 3396 1595 ea:
3451 1541 3632 1612 copia]
3690 1536 3878 1595 aliud

2193 1612 2375 1679 facere
2446 1612 2815 1684 desusceptum
2876 1613 3070 1684 [hodie
3127 1613 3376 1667 dicimus
3433 1613 3745 1682 Recepisse]
3818 1621 3873 1666 le

2193 1685 2461 1748 convenit,
2496 1687 2553 1739 in
2603 1702 2707 1755 quo
2747 1691 2843 1740 tua
2882 1685 3209 1755 fraternitas
3242 1687 3513 1751 fateatur,
3546 1685 3649 1754 qui
3686 1684 3872 1737 desu-

2193 1762 2435 1825 sceptum
2472 1755 2537 1810 de
2577 1758 2773 1812 iisdem
2810 1759 2972 1815 rebus
3002 1758 3062 1809 in
3090 1757 3293 1809 scrinio
3337 1760 3517 1808 nostro
3555 1757 3871 1817 emiserat,

2196 1826 2365 1897 [ferte
2406 1827 2529 1880 vult
2577 1828 2805 1883 dicere:
2842 1828 3093 1892 fatearis,
3126 1832 3181 1881 te
3210 1828 3280 1880 ab
3322 1826 3427 1879 hoc
3466 1825 3553 1880 vel
3598 1825 3697 1880 illo
3748 1826 3869 1881 hoc

446 1899 788 1972 tum/uit,ut
819 1899 1175 1972 pulsarentur
1196 1916 1228 1951 a
1252 1900 1477 1953 totidem
1501 1902 1665 1971 primi
1694 1902 1905 1957 ordinis
1929 1902 2087 1971 prin-
2120 1900 2165 1962 B
2198 1899 2279 1952 vel
2330 1897 2473 1972 illud
2516 1898 2574 1953 in
2627 1900 3068 1972 scenophylacio
3119 1897 3375 1972 ecclesia
3425 1897 3857 1972 deponendum

445 1970 677 2039 cipibus,
696 1971 1008 2024 Soltham’co
1035 1971 1300 2039 sanguine
1326 1970 1511 2036 cretis,
1541 1970 2011 2038 percutiebantur.

519 2042 631 2112 (63)
662 2041 802 2095 Toto
850 2042 956 2114 hoc
998 2056 1201 2107 sparsa
1249 2042 1435 2111 capite
1484 2042 1772 2100 habemus
1824 2044 2086 2114 exempla

442 2128 712 2167 vasorum
774 2112 1177 2183 pretiosorum,
1238 2128 1267 2167 e
1326 2117 1694 2171 monasteriis
1753 2121 1809 2172 et
1868 2112 2085 2171 uadibus

444 2185 622 2238 sacris
653 2185 1125 2257 depromptorum
1148 2188 1209 2257 et
1225 2185 1635 2257 ostentationis
1658 2204 1835 2243 causa
1865 2193 2087 2257 specta-

444 2259 570 2309 tum
603 2255 1017 2325 expositorum.
1052 2255 1213 2318 Quod
1247 2255 1399 2311 clare
1432 2264 1738 2322 monstrat.
1770 2255 2001 2313 illorum
2033 2260 2083 2314 si

444 2327 583 2396 quid
615 2341 881 2381 vasorum
932 2326 1313 2395 imperatores
1344 2328 1402 2382 in
1434 2328 1691 2385 ecclesiis
1722 2331 2080 2397 dedicarem,

444 2414 560 2452 non
594 2413 659 2452 eo
689 2397 932 2452 consilio
966 2398 1180 2452 factum
1214 2396 1271 2452 id
1305 2398 1503 2465 fuisse,
1538 2406 1600 2455 ut
1630 2402 1892 2458 ecclesiis
1922 2396 2083 2457 omni

443 2485 512 2542 ex
543 2474 703 2542 parte
743 2469 1368 2542 donarent,__suumque
1408 2487 1580 2527 omne
1611 2472 1670 2527 in
1703 2490 1831 2528 eam
1879 2474 2081 2542 supel-

441 2540 692 2614 lectilem
733 2540 841 2614 jus
866 2538 1126 2614 ecclesiis
1167 2538 1567 2611 permitterent
1605 2548 1772 2614 atque
1812 2538 2086 2599 transcri-

443 2612 664 2681 berent,
688 2612 787 2666 sed
813 2611 1179 2681 deponebant
1201 2627 1268 2666 ea
1289 2611 1698 2671 tantummodn
1719 2616 1779 2672 in
1801 2615 2083 2681 ecclesiis,

444 2690 507 2737 ut
536 2684 681 2756 ipsis
711 2691 1073 2756 ornamento,
1113 2682 1410 2756 interdum
1443 2701 1674 2756 quoque
1706 2687 1836 2741 usui
1868 2696 2081 2752 essent,

444 2755 721 2825 tantisper
752 2754 937 2827 donec
961 2754 1300 2827 _necessitas
1328 2754 1551 2811 veniret
1578 2754 1717 2813 eam
1749 2759 1883 2813 inde
1923 2774 2081 2827 repe-

444 2823 642 2900 tendi';
673 2826 912 2900 quando
961 2823 1173 2879 licebat
1221 2826 1667 2895 imperatoribus
1696 2833 1753 2885 et
1788 2827 1950 2897 ipsis,
1984 2823 2083 2900 qui

444 2896 871 2968 deposuissent,
905 2904 960 2951 et
1002 2912 1205 2968 eorum
1260 2900 1711 2968 successoribus,
1754 2896 1945 2956 ablata
1992 2896 2079 2957 vel

441 2967 762 3036 restituere,
810 2968 859 3023 si
910 2967 1137 3037 vellent,
1188 2967 1273 3022 vel
1318 2985 1565 3036 servare,
1617 2988 1892 3028 nummos
1947 2973 2082 3027 inde

442 3043 651 3095 cudere
681 3040 913 3111 alioque
946 3042 1113 3093 modo
1146 3039 1204 3094 in
1240 3056 1379 3096 usus
1409 3058 1551 3097 suos
1582 3048 1935 3100 convertere.
1967 3044 2082 3099 Ne-

440 3129 550 3180 que
581 3120 769 3166 tamen
809 3110 1053 3183 legimus
1084 3112 1440 3180 patriarchas
1471 3115 1857 3171 obmutuisse.
1895 3116 2082 3172 Unum

440 3183 772 3257 illumlnon
796 3182 1080 3257 succurrit
1110 3199 1267 3239 nunc
1296 3186 1742 3257 nomen)Alexio
1764 3188 2082 3252 Comneno,

2196 1971 2515 2039 accepisse]
2552 1975 2837 2041 quatenus,
2871 1970 3000 2026 dum
3038 1985 3265 2041 necesse
3289 1970 3482 2036 fuerit,
3514 1971 3862 2038 competenti

2192 2055 2436 2113 personas
2493 2057 2577 2095 res
2620 2040 3053 2113 omnespossint
3081 2044 3195 2095 sine
3235 2040 3556 2113 detrimento
3594 2042 3856 2113 restitui,

2195 2116 2252 2165 et
2283 2112 2321 2166 Ι.
2355 2113 2454 2179 Ill,
2488 2128 2578 2183 ep.
2614 2114 2715 2167 l6:
2754 2111 3015 2170 Omnium
3054 2128 3241 2167 rerum
3290 2127 3402 2165 non
3448 2112 3628 2166 solum
3683 2111 3857 2166 desu-

2195 2189 2377 2251 saepta
2422 2198 2532 2251 eos,
2565 2186 2659 2253 qui
2705 2201 2795 2240 eas
2840 2186 3080 2253 tradunt,
3121 2186 3395 2252 percipere
3440 2183 3715 2248 volumus,
3764 2183 3861 2237 sed

2194 2256 2360 2309 etiam
2390 2271 2420 2308 a
2454 2260 2508 2309 te
2534 2256 2759 2311 notitias
2798 2273 2991 2313 earum
3028 2255 3309 2310 subtiliter
3349 2254 3427 2324 [id
3458 2258 3546 2308 est
3574 2254 3857 2325 sollicite]

2196 2328 2445 2380 retineri.
2482 2327 2677 2381 Adhuc
2730 2329 2903 2384 hodie
2950 2327 3135 2383 solere
3181 2330 3405 2380 Graecos
3452 2327 3509 2379 in
3554 2326 3680 2380 solo
3732 2342 3856 2380 non

2198 2398 2384 2466 patrio
2436 2399 2778 2455 decedentes
2810 2417 2942 2455 suas
2971 2414 3106 2467 opes
3139 2397 3558 2451 monachorum
3602 2413 3852 2451 suorum

2196 2467 2327 2542 fidei
2388 2470 2770 2542 committere,
2827 2486 3043 2542 eosque
3101 2468 3343 2533 hortari,
3394 2472 3460 2542 ut
3511 2467 3850 2542 heredibus

2194 2539 2599 2621 gagitantibus‘
2624 2543 2886 2621 reddant,
2920 2539 3417 2621 noces-theapru'm
3450 2539 3847 2621 hortularium

2195 2610 2401 2673 facere,
2433 2616 2683 2665 testatur
2729 2610 2990 2670 Gerlach.
3025 2613 3083 2666 in
3117 2610 3305 2667 Diario
3352 2610 3582 2665 Itineris
3632 2610 3851 2666 CPtani

2193 2696 2250 2751 p.
2302 2681 2424 2736 477.
2472 2684 2684 2738 Eadem
2742 2685 2879 2741 olim
2932 2686 2991 2739 in
3040 2680 3207 2737 Italia
3246 2686 3305 2737 et
3348 2681 3646 2737 occidente
3700 2698 3846 2737 nos-

2192 2758 2284 2824 tro
2334 2758 2475 2824 erat
2532 2755 2732 2821 facies,
2791 2757 2944 2811 idem
3003 2753 3209 2824 agendi
3277 2770 3402 2809 mos
3460 2758 3633 2823 atque
3690 2755 3848 2824 apud

2194 2823 2436 2898 (_lolcbos
2469 2825 2553 2880 vel
2588 2826 2924 2898 Mingrelios
2953 2823 3226 2898 Rquekii
3240 2832 3452 2898 _aiatate,
3468 2823 3575 2880 hoc
3597 2823 3845 2898 astante

2194 2895 2307 2949 duo
2358 2896 2473 2979 tere
2505 2895 2737 2979 saecula;
2770 2902 2838 2979 de
2870 2899 3083 2979 quibus
3109 2896 3211 2978 ille
3240 2896 3339 2967 Ep.
3377 2895 3477 2963 III,
3511 2914 3567 2967 p.
3603 2895 3729 2961 153,
3760 2896 3844 2979 sic

2193 2977 2389 3021 narrat
2429 2985 2442 3023 :
2489 2969 2720 3037 Argenti
2768 2971 2983 3042 signati
3039 2969 3335 3042 minimum
3387 2983 3555 3038 penes
3602 2982 3689 3022 eos
3739 2972 3841 3042 est,

2191 3041 2509 3109 argenteum
2556 3040 2847 3097 nummum
2895 3047 3099 3097 norunt
3146 3040 3329 3108 pauci,
3359 3054 3591 3093 aureum
3618 3041 3844 3108 paucio-

2192 3124 2300 3177 res,
2346 3109 2551 3165 habent
2597 3114 2714 3180 fere
2760 3112 2929 3168 nulli.
2979 3143 3048 3152 —
3096 3112 3332 3165 Eatenus
3378 3118 3563 3166 tamen
3616 3119 3845 3177 argento

2192 3180 2358 3256 honos
2414 3190 2508 3250 est,
2558 3188 2635 3249 ut,
2688 3184 2737 3238 si
2795 3183 2937 3256 quod
2974 3200 3002 3238 e
3044 3180 3461 3256 peregrinorum
3514 3180 3842 3256 commercio

440 3256 499 3310 ni
550 3252 739 3328 fallor,
789 3255 1230 3328 esprobrantem
1281 3252 1537 3328 extracta
1567 3273 1597 3311 e
1627 3260 1815 3313 sacris
1861 3260 2087 3313 uadibus
2118 3260 2162 3328 C
2193 3253 2475 3307 redactum
2510 3256 2639 3323 luit,
2673 3259 2732 3328 ut
2761 3252 2883 3324 ﬁeri
2914 3262 3254 3328 necesseest,
3287 3253 3347 3307 id
3376 3268 3545 3328 omne
3578 3252 3650 3328 ad
3683 3269 3840 3307 usum

439 3344 575 3399 vasa
630 3326 998 3399 Deodicata
1050 3331 1107 3381 et
1162 3327 1463 3382 Saracenis
1531 3335 1847 3384 monstrata
1901 3345 2085 3399 eoque

439 3398 677 3470 polluta,
704 3398 1145 3470 minantemque
1174 3404 1398 3453 tantum
1432 3415 1543 3453 non
1576 3400 1908 3470 imperatori
1940 3398 2082 3455 ana-

440 3467 660 3541 thema,
696 3467 862 3522 facile
911 3469 1070 3541 regia
1119 3471 1398 3541 maje‘stas
1451 3469 1506 3522 in
1556 3467 1821 3526 ordinem
1872 3472 2081 3541 coegit,

440 3540 884 3593 insolescentem
909 3536 1061 3592 ultra
1083 3538 1403 3595 sacerdotis
1437 3542 1671 3595 modum
1695 3547 1751 3598 et
1772 3542 1943 3597 rebus
1968 3536 2083 3598 non

443 3609 566 3665 suis
595 3609 835 3677 cupidos
865 3606 1062 3664 oculos
1091 3607 1506 3665 immittentem
1538 3617 1593 3667 et
1623 3613 1696 3667 ad
1728 3613 1914 3668 Latini
1943 3614 2083 3669 cleri

441 3678 1123 3754 exemplum__tyrannidi
1197 3678 1585 3754 insidiantem.
1647 3683 1836 3740 Latini
1902 3685 2080 3754 enim,

440 3751 643 3827 procul
673 3768 707 3807 a
737 3750 870 3807 telis
920 3750 1301 3820 imperatorias
1342 3754 1642 3827 potestatis
1694 3756 1865 3827 positi
1897 3761 1954 3811 et
1984 3750 2084 3811 do;

442 3822 753 3899 minisnon
773 3827 889 3877 tam
914 3822 1394 3899 parentemquam
1419 3822 2082 3899 dominantes,aquibus

440 3895 514 3951 ob
586 3894 911 3970 litterarum
992 3894 1378 3970 ignorantiam
1456 3896 1752 3969 impetrari
1794 3894 2083 3970 poterant

439 3967 656 4042 omnia,
688 3966 877 4042 inulto
910 3965 1092 4042 malas
1124 3964 1230 4022 has
1275 3972 1430 4042 artes
1470 3964 1834 4039 exercebant,
1865 3972 2081 4042 quibus

440 4055 555 4094 non
587 4038 929 4094 Christiana:
962 4039 1041 4093 rei
1065 4053 1224 4112 opes,
1250 4040 1350 4112 sed
1375 4039 1568 4109 ignavi
1603 4058 1790 4098 rerum
1824 4038 2079 4112 publica-

441 4126 567 4184 rum
594 4112 954 4184 “turbatores
976 4116 1059 4184 _et
1106 4111 1335 4184 scelesti
1366 4112 1731 4184 _bypocritaa,
1782 4111 2079 4169 innocenti

440 4181 799 4251 simplicitati
852 4180 1193 4253 illudere‘et
1228 4180 1509 4253 insultare
1547 4184 1689 4253 nati,
1715 4180 2078 4241 crescebant.

438 4256 582 4309 Cum
652 4253 831 4317 enim,
889 4252 1058 4325 Italia
1116 4251 1383 4325 barbaris
1449 4251 1719 4325 gentibus
1784 4256 2081 4312 obundata

438 4323 1093 4399 exstirpatisqueb‘onis
1123 4323 1397 4399 omnibus
1425 4323 1645 4399 artibus
1666 4331 1739 4399 et
1770 4327 1942 4399 paulo
1973 4328 2080 4383 bu-

442 4395 807 4467 manioribus
858 4394 1145 4467 civilibus
1182 4394 1471 4467 institutis
1519 4394 1791 4454 omnibus
1843 4402 2075 4467 exactis,

380 4502 385 4506 ι
440 4467 614 4521 rudes
644 4466 817 4521 Gothi
848 4470 905 4519 et
938 4464 1296 4540 hongobardi
1325 4468 1546 4540 iuraris,
1573 4469 1627 4523 in
1663 4471 1876 4540 quibus
1908 4464 2076 4525 num;

440 4553 765 4610 mos‘suos
825 4537 1163 4610 conderent,
1208 4537 1411 4604 privati
1473 4537 1739 4596 homines
1796 4545 1852 4598 et
1908 4558 2081 4610 parva

440 4607 761 4679 municipia
800 4624 913 4681 non
947 4606 1251 4681 haberent,
1284 4625 1472 4681 neque
1502 4609 1706 4667 litteris
1735 4606 2081 4669 mandarent

439 4695 633 4735 rerum
667 4678 1000 4752 memorias,
1034 4678 1137 4735 sed
1166 4678 1543 4752 eorum'fidei
1586 4700 1691 4739 sua
1731 4685 1950 4749 omnia,
1982 4685 2081 4752 qui

439 4752 631 4837 verbis
681 4749 870 4833 magis
917 4755 974 4805 et
1021 4751 1226 4806 astulis
1282 4753 1560 4837 strophis,
1596 4772 1788 4837 .quam
1826 4754 1964 4837 ipsa
2003 4749 2081 4812 're

440 4822 841 4897 sanctimonia}
898 4825 1361 4897 magnamapud
1404 4822 1707 4895 imperitos
1747 4822 2079 4897 opinionem

440 4895 509 4969 de
558 4910 621 4969 se
669 4894 974 4969 faciebant,
1008 4910 1073 4947 eo
1116 4894 1307 4969 fiebat,
1342 4901 1405 4950 ut
1447 4894 1667 4953 creduli
1700 4904 1756 4952 et
1784 4894 2082 4969 simplices

439 4965 733 5042 homines,
749 4966 1188 5042 decedentesde
1207 4967 1321 5022 vita
1338 4973 1436 5023 aut
1456 4969 1636 5042 etiam
1655 4970 1843 5042 vegeti
1865 4965 2080 5037 adhuc,

438 5038 487 5093 si
522 5038 660 5109 quid
705 5053 877 5110 opum
917 5036 1306 5110 collegissent,
1349 5042 1497 5110 quod
1530 5036 1758 5095 furibus
1790 5036 2082 5097 servatum

434 5108 670 5180 vellent,
705 5109 763 5164 id
806 5109 957 5180 apud
1011 5108 1327 5165 monachos
1368 5108 1425 5166 et
1459 5113 1517 5166 in
1558 5112 1839 5180 ecclesiis,
1876 5112 2085 5168 tutiora

434 5179 579 5247 loca,
606 5182 823 5252 quibus
845 5179 1324 5254 committeretur,
1353 5183 1677 5238 nescientes
1701 5179 2081 5254 depenereut,

439 5254 737 5323 mandato,
774 5257 835 5306 ut
877 5252 985 5305 sibi
1020 5260 1319 5307 servarent
1350 5261 1522 5323 atque
1555 5252 1879 5322 redderent,
1914 5257 1963 5309 si
1996 5254 2082 5308 vel

438 5322 574 5390 ipsi,
598 5325 681 5379 vel
707 5323 813 5389 illi,
838 5324 908 5377 ad
934 5340 1077 5393 quos
1106 5340 1305 5378 eorum
1341 5322 1645 5379 haereditas
1677 5336 1727 5379 et
1759 5326 2083 5381 dominium

437 5395 711 5467 deinceps
744 5399 900 5467 esset
931 5402 1367 5467 perventurum,
1401 5396 1511 5467 sibi
1548 5396 1710 5450 reddi
1742 5398 1938 5451 essent
1980 5413 2080 5467 po-

436 5466 729 5520 stulaturi.
755 5466 991 5521 Servata
1020 5466 1184 5520 initio
1217 5482 1320 5536 per
1351 5466 1583 5535 paulum
1618 5471 1848 5537 tempus
1881 5466 1995 5522 fuit
2020 5483 2087 5523 ea

436 5537 583 5592 fides
610 5555 624 5605 ;
657 5537 867 5593 deinde
897 5538 1199 5610 vacillante
1230 5543 1287 5592 et
1316 5544 1696 5610 evanescente
1724 5544 2019 5610 gestorum
2052 5556 2086 5594 a

434 5609 760 5681 majoribus
786 5607 1141 5663 traditionali
1178 5610 1478 5677 memoria,
1502 5607 1756 5680 clerique
1786 5620 1954 5667 aucta
1986 5628 2087 5681 per

436 5680 714 5751 laicorum
772 5685 1069 5750 stuporem
1114 5686 1169 5751 et
1208 5698 1346 5750 opes
1388 5683 1665 5751 potentia,
1710 5685 1940 5749 quando
1989 5680 2086 5738 aut

435 5749 635 5807 liceret
664 5751 839 5805 latere
881 5749 1424 5818 'praavaricantibus,
1476 5757 1577 5807 aut
1612 5756 1682 5809 ad
1728 5755 2083 5810 reddendum

436 5820 626 5877 aliena
660 5821 787 5891 cogi
818 5837 852 5877 a
883 5819 1033 5877 veris
1063 5822 1320 5878 dominis
1352 5840 1465 5879 non
1499 5829 1754 5897 possent,
1788 5830 2087 5897 coeperunt

2194 3327 2522 3395 templorum
2575 3327 2921 3395 conferatur,
2977 3325 3232 3381 crucibus
3278 3332 3377 3378 aut
3430 3325 3703 3395 calicibus
3750 3328 3841 3377 aut

2191 3393 2324 3449 aliis
2371 3393 2695 3464 templorum
2754 3393 3099 3453 ornamentis
3156 3394 3464 3465 conﬂandis
3492 3412 3511 3448 :
3553 3411 3675 3466 quae
3716 3412 3843 3451 rea:-

2193 3467 2290 3520 ubi
2320 3468 2514 3534 visum,
2544 3485 2643 3538 per
2687 3470 2931 3540 publica?
2975 3469 3327 3540 necessitatis
3377 3467 3611 3537 speciem
3655 3470 3842 3540 omnia

2192 3541 2466 3607 convasat,
2497 3540 2567 3594 ad
2596 3538 2759 3609 seque
2790 3541 3006 3597 avertit.
3039 3539 3133 3595 Sic
3175 3554 3407 3610 quoque
3436 3542 3635 3593 narrat
3681 3538 3837 3610 Athe,

2196 3624 2357 3681 unus
2468 3626 2523 3679 p.
2601 3612 2727 3677 337,
2818 3613 2889 3667 de
2973 3609 3419 3681 aliquodiﬂvite
3501 3609 3836 3681 Atheniensi

2196 3680 2368 3753 paulo
2400 3675 2529 3753 post
2560 3675 2777 3753 bellum
2812 3675 3133 3753 Persicum,
3154 3681 3247 3753 qui
3283 3675 3485 3753 ᾔτησεν
3521 3678 3834 3753 Ἀθηναίοιξς

2192 3748 2323 3803 ἆτοτὲ
2349 3748 2733 3841 ἒνέςὶκροπόλιει
2760 3753 2949 3841 τόπονᾲ
2971 3750 3058 3841 "iv’
3090 3748 3513 3841 οἰκῖἓδομήσετςι
3542 3756 3679 3841 τοῖς.
3695 3752 3839 3838 χρῄ-

2239 3842 2354 3898 αᾳξν
2414 3820 2555 3876 ὅπὸυ
2599 3824 2886 3898 Ακςίσεοιανς,Δ
2921 3823 3122 3898 λέγων,
3173 3823 3247 3880 ὡς
3286 3820 3406 3898 hinc
3462 3820 3831 3898 ἀσωᾳλεῇξηδν

2239 3842 2354 3875 ασιν
2414 3842 2555 3876 ortos
2613 3842 2872 3893 κεισεααι,
2924 3842 3122 3898 Λεγων,
3173 3843 3247 3880 ως
3307 3843 3406 3876 ουκ
3462 3842 3723 3885 uacuam:
3775 3842 3831 3877 ον

2191 3842 2530 3969 ζιᾷἶδιωτικῇ
2564 3894 2711 3966 οἰκίᾳ
2757 3894 2943 3951 πολλὰ
2993 3897 3255 3969 χρήματα
3303 3894 3461 3948 εἶναι·
3508 3893 3601 3969 κᾳὶ
3649 3890 3832 3947 ἔδοσαν

2193 3967 2863 4034 Ἀθηναῖοι.ΕΧ61Ὂυὶ888
2884 3967 3637 4038 ϐνθὲσοεὶωρθτειῐοῐυθεάυε
3660 3983 3829 4021 suum

2193 4039 2248 4092 in
2282 4055 2389 4093 sua
2420 4043 2476 4093 et
2507 4040 2943 4111 deprompsisse
2980 4057 3118 4095 vasa
3147 4055 3215 4094 ex
3235 4037 3503 4111 ecclesiis
3534 4038 3605 4092 ad
3636 4054 3833 4111 usum,

2192 4110 2458 4165 cordatos
2494 4108 2701 4182 nempe
2733 4108 2864 4168 illos
2894 4120 2947 4167 et
2977 4126 3106 4167 vere
3136 4111 3310 4174 viros,
3355 4108 3833 4164 muliercularum

2191 4187 2248 4236 et
2307 4181 2723 4239 monachorum
2796 4182 3280 4239 terriculamentis
3347 4198 3464 4236 non
3536 4181 3831 4249 obnoxios,

2191 4257 2420 4307 constat
2469 4268 2600 4309 cum
2638 4255 2743 4310 hoc
2774 4272 2803 4311 e
2832 4254 2957 4309 loco
2986 4259 3045 4310 et
3076 4252 3275 4308 multis
3305 4251 3433 4307 aliis
3462 4252 3641 4322 hujus
3682 4252 3835 4309 Ceri-

2193 4324 2489 4391 monialis,
2524 4330 2645 4379 tum
2680 4342 2710 4380 e
2742 4326 2952 4381 Leonis
2994 4323 3236 4381 Cbazari
3275 4322 3558 4392 exemplo,
3590 4323 3692 4395 qui
3736 4325 3837 4379 de-

2190 4395 2445 4464 positum
2485 4396 2554 4451 ab
2602 4396 2858 4453 Heraclio
2890 4398 2949 4451 in
2983 4397 3190 4468 Magna
3219 4395 3461 4468 ecclesia
3494 4400 3743 4451 stemma
3769 4412 3836 4450 ex

2188 4483 2288 4521 ara
2318 4468 2692 4537 depromebat
2723 4475 2779 4524 et
2802 4473 2856 4523 in
2890 4466 3262 4539 processione
3292 4466 3543 4539 quadam
3576 4468 3831 4539 gerebat.

2190 4544 2235 4591 A
2258 4555 2373 4609 qua
2396 4554 2526 4593 cum
2560 4539 2712 4594 haud
2745 4538 2926 4594 multo
2956 4546 3085 4609 post
3107 4540 3221 4593 fato
3249 4555 3357 4593 suo
3379 4538 3704 4601 decederet,
3726 4538 3837 4593 cla-

2190 4608 2428 4681 mabant
2477 4609 2745 4665 infruniti
2797 4608 3039 4666 Graculi
3092 4608 3283 4665 clerici
3325 4615 3383 4665 et
3424 4624 3586 4681 aeque
3640 4609 3833 4665 fatuus

2191 4680 2595 4750 Theophanes,
2630 4698 2760 4737 eum
2794 4682 2853 4737 in
2885 4683 3090 4752 capite,
3126 4697 3242 4749 quo
3285 4680 3597 4750 peccasset,
3631 4681 3832 4737 visibi-

2194 4752 2323 4808 liter
2354 4757 2409 4807 et
2441 4768 2472 4806 e
2503 4754 2745 4823 vestigio
2777 4754 3045 4823 punitum
3079 4770 3112 4806 a
3141 4755 3252 4807 Deo
3292 4752 3473 4808 fuisse
3503 4758 3675 4807 enato
3708 4769 3830 4809 car-

2193 4824 2361 4895 bone.
2387 4828 2444 4878 et
2466 4822 2730 4895 phrenesi
2753 4822 3103 4895 correptum.
3121 4822 3580 4895 Ἀπηνθρακώθη,
3605 4825 3827 4895 dicunt,

2193 4893 2363 4971 terfi
2411 4892 2623 4971 usuali;
2681 4894 2786 4971 xa‘r
2827 4892 2997 4964 κακὴν
3055 4899 3235 4971 κρικῶς
3281 4892 3615 4971 equipt.in
3678 4892 3831 4971 ἀπέερὲ

2193 4963 2362 5040 ῥηξεί-
2389 4971 2490 5030 τῆς
2543 4963 2855 5040 ἱεροσυλίας
2900 4963 3268 5040 κομισάμεγος
3305 4964 3373 5020 τὰ
3399 4963 3677 5040 ξτὲίχειρᾳ.
3710 4963 3829 5023 Non

2192 5036 2563 5108 sacrilegium
2596 5036 2907 5103 commisit,
2927 5036 3141 5105 oboni,
3168 5038 3301 5107 Leo,
3325 5039 3423 5095 sed
3457 5036 3832 5094 non'sinebst

2191 5126 2291 5165 vos
2341 5108 2571 5175 alienis,
2606 5110 2677 5164 ad
2709 5127 2810 5165 vos
2843 5109 2987 5165 nihil
3019 5109 3340 5180 quidquam
3384 5109 3830 5180 pertinentibus,

2191 5180 2489 5237 incubare.
2510 5182 2684 5235 Hodie
2706 5181 3204 5252 ineptaejusmodi
3228 5180 3528 5237 ratiocinia
3551 5180 3829 5238 ridemus.

2194 5252 2301 5323 Sed
2336 5252 2563 5306 corollae
2596 5252 2680 5307 hes
2711 5258 2846 5308 sunt
2874 5252 3104 5308 virtutis
3131 5253 3389 5323 praemia,
3410 5267 3557 5323 quas
3586 5256 3700 5308 Leo
3726 5270 3833 5309 non

2193 5322 2445 5391 tulisset,
2481 5324 2531 5377 si
2563 5323 2752 5379 mollis
2783 5329 2839 5378 et
2878 5322 3187 5393 indulgens
3227 5322 3451 5391 ignavis
3489 5332 3543 5378 et
3585 5340 3832 5395 nequam

2192 5394 2428 5467 agyr‘tis
2456 5395 2685 5467 fuisset.
2718 5395 2878 5451 Conf.
2913 5394 3280 5451 Constantia.
3315 5395 3386 5451 de
3430 5395 3656 5467 admin.
3684 5394 3833 5467 Imp.

2195 5482 2252 5537 p.
2283 5465 2375 5530 63,
2403 5465 2493 5533 64,
2527 5468 2618 5522 ed.
2652 5467 2906 5539 Bandur.
2932 5467 3141 5539 [Aurea
3169 5482 3307 5539 vasa
3337 5483 3366 5523 e
3396 5466 3634 5537 templis
3663 5465 3834 5523 suniit

2193 5536 2252 5593 et
2300 5554 2414 5592 non
2475 5539 2664 5594 reddit
2719 5536 2971 5593 Isaaciu's
3026 5536 3304 5607 Angelus,
3363 5536 3542 5593 Nicet.
3596 5553 3655 5607 p.
3711 5540 3828 5596 200.

2194 5625 2385 5679 seqq.,
2435 5608 2568 5665 item
2614 5627 2667 5679 p.
2718 5610 2845 5675 233,
2898 5628 2957 5666 n.
3005 5611 3062 5678 7,
3106 5610 3232 5679 253,
3284 5610 3333 5663 1.
3388 5608 3551 5664 Conf.
3607 5625 3666 5679 p.
3709 5610 3833 5678 294,

2194 5682 2318 5735 296.
2352 5685 2469 5735 Mos
2516 5681 2777 5737 dedicata
2820 5682 2878 5735 in
2931 5680 3159 5750 templis
3207 5696 3348 5735 usus
3394 5686 3654 5749 tempore
3705 5698 3834 5751 pro-

2196 5752 2392 5825 mendi
2439 5752 2729 5825 derivatus
2775 5770 2809 5809 a
2842 5753 3180 5825 gentilibus,
3213 5751 3330 5825 vid.
3374 5751 3604 5825 Diodor,
3655 5751 3831 5825 Sicut.

2196 5829 2240 5880 t.
2258 5824 2329 5892 II,
2345 5840 2400 5895 p.
2415 5824 2609 5893 73,68,
2626 5823 3093 5895 GregorfTuron.
3109 5823 3261 5896 apud
3283 5823 3561 5895 Cangium
3582 5839 3636 5880 v.
3652 5824 3832 5885 Palla.
