4060 6214
411 313 566 377 1059

1474 312 2017 376 CONSTANTINI
2059 310 2752 375 PORPHYROGENITI

3669 321 3831 382 1060

405 448 658 520 tropiees
684 463 786 504 seu
813 445 1137 503 ambulaeri
1160 445 1447 505 fornicati.
1471 447 1558 502 Ab
1589 450 1840 519 utraque
1862 449 2030 501 auten

2162 442 2387 513 ταύτης,
2420 441 2567 513 πλὴν
2598 444 2661 500 τὸ
2690 441 3102 519 ἀναδενδράδων
3129 452 3230 516 τῆς
3265 447 3574 522 μανναῦρας
3606 448 3667 504 οὗ
3697 473 3831 505 κατ-

403 546 564 609 parte
594 535 1000 593 columnarum
1044 551 1075 591 e
1123 535 1332 607 pannis
1363 538 1570 594 sandes
1599 536 1737 592 inde
1767 535 2047 592 fornicem

400 626 985 699 sursumtegentibus
1017 642 1205 699 usque
1232 627 1299 683 ad
1334 626 1585 684 fundum
1618 626 2050 699 suspendeban-

399 721 499 772 tur
522 717 927 788 scaramangia
958 731 1190 788 magna,
1213 733 1247 772 a
1278 715 1493 789 palatio
1527 717 1921 788 suppeditata.
1949 715 2049 773 Le-

397 806 515 877 gati
564 806 804 878 Hispani
863 821 995 861 eum
1042 807 1329 871 adessent,
1374 806 1802 878 recipiebantur
1846 805 2046 861 eodem

402 912 637 968 prorsus
666 897 860 961 modo,
893 899 1069 966 atque
1099 894 1182 949 illi
1214 895 1548 965 Tarsanses,
1581 912 1650 951 ea
1674 900 1902 950 tantum
1936 894 2046 949 dif-

402 986 667 1055 ferentia,
701 985 856 1057 quod
887 984 1391 1039 anadendradium
1431 984 1521 1039 vel
1551 984 1892 1040 viridarium
1924 1000 2045 1039 ma-

399 1091 631 1144 gnaurae
653 1091 766 1130 non
792 1072 1002 1145 pannis
1029 1073 1257 1141 sandes,
1283 1073 1381 1129 sed
1406 1077 1593 1129 totum
1626 1073 2047 1145 scaramangiis

397 1168 734 1221 coornatum
807 1163 1000 1219 fuerit.
1048 1162 1558 1233 Suspendebantur
1621 1180 1853 1235 quoque
1908 1168 2047 1220 tunc

397 1269 573 1325 opera
603 1253 857 1309 materiae
878 1252 1167 1325 pretiose,
1192 1252 1451 1307 smaltita
1466 1251 1555 1308 vel
1576 1252 1846 1309 incausto
1871 1256 2044 1325 picta,

396 1359 426 1398 e
448 1343 687 1414 pbylace
710 1359 811 1399 seu
840 1341 1040 1396 aerario
1063 1341 1354 1397 dominico
1389 1342 1758 1415 deprompta.
1778 1343 2046 1414 Hispani,

396 1447 538 1502 quos
583 1431 722 1498 dixi,
757 1431 1003 1487 admissi
1054 1430 1285 1487 fuerunt
1326 1431 1419 1487 die
1474 1432 1545 1486 24
1598 1431 1883 1488 Octobris.
1936 1432 2045 1489 Sed

394 1522 567 1576 redeo
608 1521 679 1576 ad
721 1527 967 1592 emptam
1006 1521 1395 1576 narrationem
1428 1520 1500 1577 de
1547 1520 1756 1593 legatis
1800 1522 2044 1577 Tarsen-

392 1610 575 1667 sibus.
611 1610 679 1666 In
710 1609 807 1665 illa
838 1609 1031 1679 itaque
1062 1608 1286 1679 tropica
1306 1624 1337 1664 e
1368 1609 1578 1680 pannis
1613 1610 1825 1665 sandes
1855 1611 2048 1667 conte-

391 1704 484 1755 ctu
540 1699 1049 1771 suspendebantur
1114 1705 1327 1753 eatena:
1387 1700 1828 1768 quatuordecim
1879 1716 2045 1755 aeneae

389 1790 786 1859 inargentataa,
818 1802 885 1841 ex
918 1785 1237 1841 Hormisdaa
1267 1786 1376 1855 (vel
1407 1791 1464 1840 8.
1498 1787 1708 1859 Sergii)
1752 1795 2045 1844 monaste-
2078 1824 2124 1889 Β

389 1880 473 1934 rio
502 1878 713 1949 petitae,
737 1884 792 1933 et
822 1877 1059 1932 totidem
1094 1876 1470 1947 polycandela
1501 1884 1779 1951 argentea
1809 1895 1877 1935 ex
1905 1879 2043 1942 Naa.

390 1972 451 2025 In
484 1971 702 2027 fornice
750 1974 969 2037 autem,
1012 1968 1111 2039 qui
1144 1969 1204 2024 in
1241 1969 1559 2026 triclinium
1595 1972 2043 2027 candidatorum

394 2061 572 2125 ducit,
615 2074 901 2131 suspensa
930 2063 1055 2114 erat
1085 2062 1289 2113 catena
1320 2076 1437 2115 una
1467 2076 1596 2115 cum
1622 2077 1734 2117 uno
1766 2063 2043 2133 polycan-

390 2149 537 2204 dele.
558 2148 903 2204 Triclinium
935 2147 1378 2203 candidatorum
1402 2148 1755 2206 instructum
1787 2155 1843 2206 et
1873 2168 2041 2206 orna-

382 2242 504 2293 tum
536 2238 723 2294 fuerat
771 2254 805 2292 a
834 2235 1135 2293 sacellario
1171 2238 1400 2308 magnis
1440 2237 1668 2294 blatteis
1707 2256 2040 2296 scaraman-

381 2328 493 2397 giis
535 2328 827 2398 variisque
874 2325 1165 2397 argenteis
1213 2324 1615 2396 imperialibus
1657 2328 1951 2399 operibus,
1984 2334 2041 2386 et

383 2417 633 2473 habebat
653 2418 914 2488 quinque
935 2418 1187 2479 catenas,
1205 2429 1234 2469 e
1257 2416 1475 2486 quibus
1500 2416 1742 2472 totidem
1767 2424 2038 2489 argentea

382 2510 547 2561 Novae
576 2504 832 2561 ecclesiae
874 2502 1254 2574 polycandela
1285 2504 1709 2574 dependebant.
1743 2506 2034 2580 Spatium,

383 2595 539 2664 quod
600 2599 758 2649 extra
816 2591 1109 2646 stabulum
1164 2591 1459 2647 mulorum
1509 2598 1616 2657 est,
1678 2599 1735 2649 et
1783 2597 2032 2666 primam

382 2683 644 2739 scholam
673 2685 975 2737 ornaverat
1001 2680 1309 2751 praefectus
1335 2680 1493 2737 urbis
1525 2682 1735 2753 pannis
1758 2685 1958 2740 sericis
1980 2690 2035 2741 et

377 2770 819 2843 baplomatibus
850 2785 952 2824 seu
984 2770 1169 2824 vastis
1200 2769 1477 2825 altarium
1513 2772 1741 2843 mappis
1771 2778 1827 2828 et
1858 2774 2036 2830 sindi.

378 2862 462 2917 cis
494 2865 884 2933 praetereaque
914 2858 1129 2914 atfabre
1146 2858 1314 2915 factis
1344 2862 1402 2915 et
1422 2861 1739 2933 exsculptis
1757 2864 2029 2933 cperibus

374 2950 686 3022 argenteis,
716 2948 790 3004 ad
837 2948 995 3003 varia
1025 2946 1339 3020 hospitalia
1372 2948 1813 3020 peregrinorum
1845 2956 1902 3008 et
1934 2969 2029 3010 se-

373 3056 516 3096 num
546 3044 603 3095 et
633 3039 906 3096 ecclesias
937 3037 1394 3109 pertinentibus,
1422 3043 1479 3093 et
1504 3038 1654 3095 alias
1690 3040 1771 3096 ibi
1806 3043 2031 3114 deposi.

372 3119 469 3176 tis.
504 3124 571 3176 Et
622 3136 815 3177 coram
865 3118 1096 3175 stabulo
1138 3116 1427 3173 mulorum
1469 3119 1704 3190 quidem
1738 3121 2030 3192 depende-

2160 534 2443 605 εκοσμήθη
2476 532 2583 588 ἀπὸ
2638 532 2834 603 σενδὲς,
2868 532 2997 591 ἀλλ’
3047 534 3175 591 ὅλον
3227 533 3317 591 διὰ
3364 539 3819 613 σκαραμαγγέων,

2162 622 2420 707 μεγάλων
2447 623 2535 676 καὶ
2571 620 2978 698 ἐκρεμάσθησαν
3032 624 3084 679 ἐν
3130 626 3283 697 αὖτῷ
3329 627 3419 681 καὶ
3450 629 3515 681 τὰ
3548 632 3819 707 χειμευτὰ

2158 702 2292 785 ἔργα
2320 714 2415 764 τοῦ
2463 711 2709 789 φύλακος
2961 713 3149 789 Γέγονε
3194 713 3251 769 δὲ
3308 717 3343 785 ἡ
3383 720 3492 771 τῶν
3550 702 3821 773 Ἶσπανῶν

2158 792 2300 872 δοχή
2336 798 2469 869 μηνὶ
2530 796 2851 874 Ὀκτωϐρίῳ
2906 798 2986 855 κδ’
3046 801 3261 873 Ἰστέον,
3313 802 3397 859 ὅτι
3452 803 3503 859 ἐν
3532 804 3705 879 ταύτῃ
3746 810 3818 879 τῇ

2154 889 2391 960 τροπικῇ
2437 891 2506 961 τῇ
2556 888 2662 944 ἀπὸ
2710 894 2817 944 τῶν
2876 888 3051 954 σενδὲς
3120 894 3608 968 κατασκευασθείσῃ
3660 893 3818 969 ἐκρε-

2160 973 2442 1046 μάσθησαν
2473 975 2726 1031 ἁλυσίδια
2764 978 3132 1058 ἆσπρόχαλκα
3184 982 3252 1056 ιγ’
3298 980 3405 1035 ἀπὸ
3452 985 3560 1036 τῶν
3608 982 3815 1054 Ὀρμί-

2158 1058 2286 1116 σδου
2342 1064 2433 1117 καί
2483 1064 2880 1138 πολυκάνδηλα
2929 1069 3139 1143 ἀργυρᾶ
3168 1069 3274 1124 ἀπὸ
3311 1076 3410 1138 τῆς
3442 1070 3581 1131 Νέας
3611 1070 3815 1141 ἐκκλη-

2155 1150 2289 1213 σίας.
2323 1153 2427 1209 Καὶ
2460 1153 2535 1219 εἷς
2562 1156 2626 1210 τὸ
2657 1158 2945 1231 φουρνικὸν
2975 1160 3038 1213 τὸ
3086 1157 3270 1234 ἐξάγον
3302 1158 3378 1221 εἷς
3405 1160 3496 1214 τὸν
3528 1159 3817 1234 τρίκλινον

2154 1244 2261 1294 τῶν
2293 1240 2629 1298 κανδιδάτων
2669 1243 2848 1321 ἕτερον
2898 1244 3177 1301 ἀλυσίδιον
3225 1248 3270 1301 α’
3317 1248 3407 1302 καὶ
3456 1246 3815 1319 πολυκένδη-

2156 1326 2251 1383 λον
2321 1332 2387 1387 α’.
2428 1332 2649 1404 ³Ιστὲον,
2718 1334 2801 1390 δτι
2868 1336 2896 1390 ὁ
2971 1334 3250 1411 τρίκλινος
3307 1341 3416 1391 τῶν
3474 1335 3816 1392 κανδιδάτων

2155 1415 2465 1492 ἐξωπλίσθη
2534 1424 2679 1497 παρὰ
2751 1428 2848 1479 τοῦ
2920 1424 3285 1501 σακελλαρίου
3359 1426 3466 1480 ἀπὸ
3536 1426 3812 1501 βλαττὶων

2156 1510 2575 1586 σκαραμαγγίων
2632 1512 2881 1589 μεγάλων
2932 1514 3019 1569 καὶ
3082 1514 3187 1570 ἀπὸ
3258 1515 3559 1589 βασιλικῶν
3617 1513 3816 1594 διαρά-

2155 1619 2263 1671 ρων
2322 1601 2568 1676 ἀργυρῶν
2642 1601 2833 1679 ἔργων,
2910 1605 2999 1659 καὶ
3080 1604 3484 1679 ἐκρεμάσθησαν
3547 1605 3598 1660 ἐν
3659 1606 3809 1677 αὐτῷ

2157 1686 2408 1744 ἂλυσῖδια
2452 1698 2487 1745 ε’
2533 1692 2621 1746 καὶ
2671 1691 3067 1764 πολυκάνδηλα
3124 1694 3331 1770 ἀργυρᾶ
3371 1696 3476 1750 ἀπὸ
3524 1702 3624 1765 τῆς
3668 1695 3806 1757 Νέας

2156 1777 2447 1849 ἐκκλησίας
2477 1788 2526 1835 ε’.
2583 1782 2799 1850 Ἰστὲον,
2860 1783 2943 1839 ὅτι
3001 1785 3062 1839 τὸ
3120 1781 3221 1853 ἔξω
3279 1788 3375 1839 τοῦ
3432 1785 3666 1838 στα-ὅλου
3696 1790 3803 1839 τῶν

2156 1869 2405 1939 ἡμιόνων
2436 1870 2525 1924 καὶ
2555 1873 2654 1941 τήν
2706 1873 2931 1943 πρώτην
2982 1871 3195 1947 σχολὴν
3241 1872 3537 1945 ἐξώπλισεν
3572 1876 3598 1928 ὁ
3632 1873 3802 1948 ὕπαρ-

2156 1980 2259 2036 χος
2322 1957 2463 2024 ἔνθεν
2522 1960 2762 2025 κάκεῖθεν
2820 1962 2926 2016 ἀπὸ
2986 1962 3259 2036 βλαττίων
3314 1964 3403 2018 καὶ
3454 1963 3800 2036 ἁπλωμάτων

2154 2051 2243 2104 καὶ
2275 2049 2472 2119 σενδὲς,
2530 2051 2619 2105 καὶ
2679 2052 2784 2106 ἀπὸ
2840 2057 2949 2107 τῶν
3006 2054 3436 2126 ἑναποκειμὲνων
3479 2054 3804 2132 ἆναγλύφων

2152 2138 2405 2213 ἀσημίων
2462 2138 2515 2195 ἐν
2570 2145 2684 2203 τοῖς
2743 2142 2927 2211 ξενῶσι
2987 2142 3075 2197 καὶ
3133 2142 3524 2216 γηροκομείοις
3564 2143 3652 2197 καὶ
3682 2149 3803 2204 ταῖς

2153 2227 2490 2300 ἐκκλησίαις.
2552 2230 2990 2304 Ἐκρεμάσθησαν
3053 2228 3111 2285 δὲ
3163 2227 3414 2285 ἁλυσίδια
3482 2228 3645 2304 ἔξωθε
3705 2233 3804 2304 μὲν

2148 2322 2246 2373 τοῦ
2276 2318 2514 2374 στα-ὅλου
2544 2340 2650 2373 των
2679 2320 2928 2393 ἡμιόνων
2987 2320 3044 2374 ε’·
3102 2319 3154 2375 ἐν
3214 2318 3272 2375 δὲ
3300 2326 3369 2395 τῇ
3400 2321 3591 2395 πρώτῃ
3614 2321 3797 2397 σχολῇ

2153 2407 2316 2480 μέσον
2366 2413 2463 2462 τοῦ
2512 2406 2787 2483 τρούλλου
2839 2409 2908 2463 at"
2968 2407 3020 2463 ἐν
3072 2408 3129 2464 δὲ
3178 2414 3257 2481 τῷ
3284 2409 3547 2484 τρικλίνῳ
3575 2415 3685 2464 τῶν
3718 2410 3801 2481 ἐξ·

2148 2492 2419 2552 κουϐίτων
2456 2497 2861 2573 ἐκρεμάστησαν
2923 2496 3154 2553 ἁλυσῖδα
3216 2501 3280 2567 ς’,
3339 2500 3429 2554 καὶ
3487 2498 3539 2553 ἐν
3585 2501 3800 2562 τοῦτοις

2147 2581 2549 2655 ἐκρεμάσθησαν
2607 2581 3006 2653 πολυκάνδηλα
3062 2583 3275 2659 ἀργυρᾶ
3336 2584 3441 2638 ἀπὸ
3508 2590 3609 2653 τῆς
3668 2585 3799 2645 Νέας

2147 2670 2459 2741 ἐκκλησίας.
2514 2671 2729 2742 Ἰστέον,
2780 2672 2862 2727 ὅτι
2911 2671 2976 2726 τὸ
3028 2667 3410 2746 τριϐουνάλιον
3444 2669 3740 2741 ἐξώπλισεν
3771 2674 3801 2727 ὀ

2145 2760 2395 2834 ’ὑπαρχος
2444 2760 2579 2815 κατὰ
2635 2761 2698 2816 τὸ
2756 2760 2948 2821 εἰωθὸς
3003 2767 3106 2830 τῆς
3162 2760 3537 2835 προελεύσεως
3583 2761 3689 2815 ἀπό
3744 2782 3801 2816 τε

2147 2849 2421 2923 βλαττίων
2454 2848 2805 2923 ἁπλωμάτων
2857 2849 2947 2903 καὶ
2989 2847 3167 2913 σενδὶς
3206 2850 3295 2905 καὶ
3328 2850 3433 2904 ἀπὸ
3466 2846 3637 2925 ἔργων
3668 2870 3802 2925 χρυ-

2144 2944 2251 2994 σῶν
2284 2940 2371 2994 καὶ
2407 2944 2712 3018 χειμευτῶν
2772 2939 2863 2994 καὶ
2911 2938 3233 3017 ἀναγλύφων
3285 2942 3555 3015 ἀργυρῶν,
3604 2936 3803 3009 δηλον-

2142 3031 2227 3086 ότι
2283 3036 2392 3085 τῶν
2451 3032 2879 3107 ἀργυροπρατῶν
2946 3035 3116 3087 ταῦτα
3169 3031 3546 3108 παρεχόντων.
3607 3032 3794 3105 Ἐκρε-

2144 3121 2426 3191 μάσοησον
2494 3117 2549 3174 δὲ
2618 3117 2871 3175 ἁλυσῖδια
2942 3120 3010 3195 ιβ’
3085 3120 3177 3175 καὶ
3242 3116 3639 3189 πολυκάνδηλα
3708 3120 3804 3194 ἆρ-

370 3210 510 3265 bant
537 3209 798 3281 quinque
838 3205 1213 3280 polycandela
1244 3222 1274 3262 e
1304 3206 1429 3262 suis
1460 3209 1703 3277 catenis,
1736 3211 1793 3266 in
1813 3191 2030 3283 iprima

2142 3213 2269 3281 γυρᾶ
2336 3209 2441 3263 ἀπὸ
2506 3215 2609 3278 τῆς
2684 3208 2825 3273 Νέας
2902 3191 3203 3279 ἔκκλησίας
3274 3206 3506 3264 δώδεκα.
3578 3191 3806 3271 Ἰσ-τέὠ,

369 3314 502 3353 vero
560 3298 761 3354 schola
818 3296 1180 3367 dependebat
1248 3299 1476 3350 tantum
1526 3312 1707 3352 unum
1754 3314 1785 3353 e
1844 3299 2033 3356 medio

370 3386 568 3442 trullo.
602 3389 669 3441 In
701 3385 957 3441 triclinio
987 3383 1390 3439 excubitorum
1418 3384 1825 3454 dependebant
1856 3403 1886 3441 e
1924 3403 2025 3443 sex

370 3476 588 3530 catenis
620 3475 859 3531 totidem
910 3477 1179 3539 argentea
1232 3474 1611 3544 polycaudela
1666 3492 1734 3531 ex
1781 3476 2023 3533 ecclesia

369 3564 531 3617 Nova
560 3562 755 3631 petita.
780 3562 929 3616 33]
965 3558 1243 3614 Tribunal
1268 3559 1393 3630 [seu
1426 3559 1748 3617 triclinium
1784 3563 1903 3618 XIX
1934 3581 2023 3620 ac-

370 3649 695 3719 cubituum]
744 3651 1049 3705 ornaverat
1099 3648 1405 3715 praefectus
1455 3648 1616 3705 urbis
1646 3666 1712 3705 eo
1743 3652 1927 3723 modo,
1963 3662 2025 3709 ut

371 3739 497 3795 ﬁeri
520 3738 669 3795 solet
700 3740 757 3794 in
795 3737 1292 3809 processionibus,
1317 3752 1524 3809 nempe
1552 3738 2025 3813 blatteis,haplo-

370 3829 626 3885 matibus
654 3833 711 3885 et
741 3829 953 3885 sandes
978 3826 1213 3899 pannis,
1238 3827 1373 3883 item
1399 3829 1675 3899 operibus
1707 3832 1898 3887 aureis
1929 3849 2025 3888 en-

370 3922 576 3974 eausto
607 3917 919 3974 artiﬁciose
961 3916 1129 3989 pictis
1162 3917 1572 3989 argenteisque
1603 3918 1897 3989 eleganter
1926 3938 2020 3978 ex-

369 4007 633 4079 sculptis,
667 4023 794 4078 qua:
827 4005 1211 4062 cambiatores
1241 4006 1773 4076 suppeditaverunt.
1800 4009 2019 4067 Ibidem

368 4096 771 4169 dependebant
802 4095 1106 4151 duodecim
1140 4098 1414 4166 argentea
1434 4094 1809 4167 polyeandela
1831 4118 1861 4154 e
1888 4101 2020 4156 toti-

371 4187 505 4242 dem
537 4187 777 4243 catenis.
799 4187 931 4242 Haec
963 4186 1035 4241 ad
1064 4185 1279 4240 Novam
1307 4184 1613 4241 ecclesiam
1632 4188 2015 4258 pertinebant.

2145 3297 2227 3351 ὅτι
2276 3298 2400 3352 τὸον
2454 3296 2732 3371 τρίκλινον
2785 3302 2893 3353 τῶν
2955 3297 3177 3373 σχολῶν
3216 3297 3509 3372 ἐξώπλισεν
3556 3299 3585 3352 ὁ
3636 3296 3808 3372 ὕπαρ-

2143 3405 2245 3459 χος
2313 3380 2458 3450 ἔνθεν
2526 3387 2768 3443 κάκεῖθεν
2844 3388 2949 3443 ἄπὸ
3038 3386 3310 3465 βλαττίων
3379 3389 3467 3443 καὶ
3533 3386 3801 3459 ἀπλωμά-

2127 3494 2238 3528 των
2270 3474 2360 3529 καὶ
2392 3472 2572 3537 σενδὲς
2601 3478 2690 3531 καὶ
2732 3478 2839 3533 ἀπὸ
2888 3482 2997 3531 τῶν
3049 3474 3483 3551 ἐναποκειμένων
3538 3477 3795 3549 ἆσημίων

2132 3558 2184 3617 ἕν
2226 3585 2283 3618 τε
2328 3569 2446 3627 τοῖς
2495 3566 2685 3634 ξενῶσι
2734 3566 2827 3621 καὶ
2875 3567 3269 3643 γηροκομείοις
3311 3566 3401 3622 καὶ
3441 3571 3562 3629 ταῖς
3595 3564 3799 3636 ἐκκλη-

2134 3652 2295 3714 σίαις⁶
2330 3653 2737 3728 ἐκρεμάσθησαν
2790 3653 2848 3711 δὲ
2896 3654 3157 3712 ἀλυσίδια
3186 3658 3215 3711 ι’
3253 3657 3347 3711 καὶ
3391 3652 3796 3726 πολυκάνδηλα

2131 3741 2341 3818 ἀργυρᾶ
2400 3743 2504 3799 ἀπὸ
2570 3752 2671 3815 τῆς
2744 3744 2883 3807 Νὲας
2954 3743 3249 3815 ἐκκλησίας
3311 3747 3361 3802 ι’.
3427 3746 3651 3814 Ἰστὲον,
3714 3746 3799 3801 δτ.

2130 3826 2325 3896 ἔσωθεν
2385 3840 2485 3903 τῆς
2544 3831 2765 3909 χαλκῆς
2823 3832 3006 3906 πύλης
3065 3833 3220 3891 οὐδὲν
3280 3836 3385 3890 ἀπὸ
3442 3834 3704 3909 βλαττίου
3761 3835 3796 3903 ἤ

2132 3920 2470 3997 ἁπλώματος
2517 3924 2550 3993 ἢ
2584 3922 2759 3986 σενδὶς
2808 3923 3020 4001 γὲγονεν
3070 3925 3365 3997 ἐξόπλισις,
3398 3922 3529 3979 ἁλλ’
3556 3924 3594 3994 ἤ
3627 3925 3796 3997 μόνον

2132 4009 2537 4085 ἐκρεμάσθησαν
2594 4010 2845 4069 ἂλυσίδια
2894 4009 2941 4067 ϐ’
2993 4016 3084 4070 καὶ
3133 4012 3527 4085 πολυκάνδηλα
3583 4013 3795 4088 ἀργυρᾶ

2131 4102 2236 4156 ἀπὸ
2283 4109 2382 4171 τῆς
2422 4103 2565 4165 Νέας
2619 4102 2913 4174 ἐκκλησίας
2964 4102 3081 4160 δύο.
3131 4102 3346 4172 ’Ῑστὲον,
3399 4104 3505 4173 δτι,
3545 4098 3645 4175 ἔξω
3684 4110 3789 4172 τῆς

2134 4189 2352 4266 χαλκῆς
2395 4190 2576 4262 πύλης
2634 4193 2927 4263 ὲξώπλισεν
2975 4194 3002 4249 ὁ
3052 4192 3299 4269 ὕπαρχος
3345 4187 3485 4248 ἔνθεν
3534 4192 3783 4257 κάκεῖθεν

1405 4282 1609 4339 JOAN.
1651 4285 1799 4343 JAC.
1846 4288 2109 4347 REISKll
2149 4292 2742 4349 COMMENTARIUS.

374 4392 489 4430 non
522 4375 725 4455 dubito
748 4374 893 4444 quin
922 4373 1270 4445 legationem
1298 4371 1725 4455 et_Luitprandi
1746 4384 1803 4431 et
1826 4377 2025 4455 ilispa-
2055 4384 2101 4449 Ι)
2134 4382 2289 4455 enim
2323 4382 2566 4455 Hispani
2597 4399 2628 4438 e
2660 4400 2836 4455 regno
2879 4384 3157 4440 Valentia:
3189 4387 3414 4440 Cretam
3466 4382 3795 4455 imperante

374 4462 584 4520 norum
604 4447 662 4520 in
695 4443 877 4499 unum
900 4443 1402 4509 commemoravit,
1419 4443 1697 4520 majorem
1722 4443 2021 4520 negligens

370 4523 427 4573 et
457 4516 833 4572 minutiarum
860 4520 1240 4583 consectator,
1275 4516 1521 4585 prorsus
1544 4522 1604 4571 ut
1625 4516 1833 4575 Noster
1862 4516 2016 4578 intra

370 4604 604 4659 quoque
679 4603 810 4659 pag.
869 4588 994 4656 343,
1047 4609 1074 4637 ‹‹
1137 4588 1231 4643 Die
1287 4586 1411 4643 Kal.
1462 4588 1851 4659 Augustarum,
1913 4594 2013 4659 ait,

368 4662 547 4728 Papia
593 4675 859 4731 egressus,
914 4680 943 4708 »
976 4659 1093 4731 sed
1141 4674 1373 4731 annum
1422 4660 1644 4725 reticet,
1692 4684 1712 4712 ι
1769 4665 2015 4721 Venetia:

371 4734 514 4807 verti,
542 4752 569 4782 »
603 4729 942 4807 quopeympe
964 4729 1135 4807 QPlin
1158 4730 1285 4797 iret,
1310 4729 1702 4802 aBerengario
1733 4738 2014 4807 secundo,

370 4803 469 4877 qui
521 4801 673 4858 anno
719 4802 826 4877 947
876 4801 1050 4877 Italiae
1101 4817 1346 4877 regnum
1381 4801 1838 4877 recuperaverat,
1879 4801 2016 4865 illuc

368 4873 613 4950 legatus.
657 4896 685 4924 ο(
720 4874 838 4950 U_b_i,
869 4876 1077 4950 pergit,
1107 4873 1536 4950 et’Salomorteni
1569 4873 2018 4950 com_ilem'(forle

363 4945 582 5017 cornitis
609 4945 1002 5021 appellatione
1037 4945 1547 5021 protospathariam
1604 4947 1786 5005 voluit
1823 4945 2017 5021 expri-

364 5016 552 5094 mere),
596 5016 921 5094 Graecorum
948 5016 1230 5094 nuntium,
1276 5016 1625 5087 κοιτωνίτην,
1684 5016 2015 5094 eunuchum,

362 5093 545 5160 reperi
590 5091 657 5145 ab
691 5090 957 5159 Hispania
988 5098 1038 5144 et
1084 5088 1331 5144 Saxonta
1362 5106 1693 5161 regressum,
1730 5115 1758 5141 υ
1804 5098 1912 5149 etc.
1947 5088 2021 5150 At

366 5164 505 5231 quid
537 5171 728 5233 egerat
750 5162 983 5217 Salomo
1009 5161 1065 5216 in
1090 5160 1364 5233 Hispania
1392 5160 1448 5216 et
1469 5161 1718 5217 Saxonis
1734 5163 1762 5217 ?
1781 5163 2021 5221 Videtur

366 5232 663 5289 Romanus
690 5232 1461 5305 Lecapenusrexpeditionem
1494 5239 1691 5289 contra
1712 5235 2019 5294 Cretenses

367 5305 691 5378 Saracenos
717 5304 913 5378 animo
946 5304 1254 5378 agitansin
1289 5304 1622 5378 societatem
1656 5305 1794 5360 belli
1826 5323 2015 5378 regem

367 5376 619 5446 aliquem
639 5377 1033 5433 Christianum
1050 5376 1105 5429 in
1131 5375 1431 5447 Hispania,
1448 5375 2015 5447 forteArragonium,

364 5445 680 5505 sollicitare
727 5448 1017 5519 voluisse,
1048 5446 1216 5519 quiie
1241 5445 1393 5519 mari
1444 5445 1861 5519 Mediterraneo
1918 5445 2017 5506 eos

361 5521 712 5588 adoriretur,
742 5524 840 5575 aut
867 5517 1127 5586 regulum
1159 5517 1436 5572 Valentius
1458 5517 2015 5578 Muhammedanum

365 5593 547 5648 armis
575 5601 822 5658 veXuret,
863 5606 1049 5661 eoque
1081 5589 1431 5661 prohiberet,
1474 5605 1545 5644 ne
1590 5588 1686 5645 ille
1714 5594 2016 5650 Saracenis

364 5663 764 5735 Cretensibus,
823 5661 947 5718 suis
992 5662 1237 5732 civibus,
1302 5667 1687 5720 succurreret.
1747 5663 2017 5722 Saraceni

2132 4453 2449 4527 TheOphilo
2473 4453 2816 4527 rapuerant.
2849 4456 3001 4520 Quid
3029 4462 3226 4513 autem
3277 4457 3335 4512 in
3384 4453 3629 4527 Saxonis
3658 4471 3794 4527 ege-

2130 4525 2204 4599 rit
2232 4530 2353 4580 tum
2387 4526 2644 4599 quidem,
2695 4544 2812 4582 non
2843 4532 3071 4599 exputo.
3107 4528 3423 4584 Volebatne
3448 4525 3738 4583 Othonem
3773 4527 3796 4583 Ι

2126 4596 2532 4667 imperatorem
2579 4598 2638 4652 in
2668 4596 2999 4655 societatem
3035 4599 3168 4654 belli
3200 4600 3481 4654 adversus
3530 4598 3781 4655 rebelles

2124 4669 2256 4751 cum
2268 4669 2488 4741 pugnis:
2512 4669 3114 4753 reguloshpertrabere,
3136 4676 3239 4753 aut
3257 4670 3790 4753 adverftlsldunga:

2127 4741 2226 4796 riae
2257 4740 2449 4824 regem
2482 4757 2708 4824 armare
2729 4742 2756 4797 ‘2
2787 4742 2927 4824 Quis
2956 4757 3153 4824 verum
3184 4742 3395 4824 dixerit
3420 4741 3448 4797 ?
3477 4740 3778 4823 Quidquid

2127 4817 2318 4894 autent
2346 4812 2523 4894 hujus
2539 4829 2618 4869 rex
2644 4812 3295 4894 sit,_Vit_lentur.§ispant
3316 4812 3515 4884 legati,
3530 4828 3783 4894 quorum

2126 4883 2224 4956 hic
2252 4883 2316 4938 ﬁt
2348 4884 2565 4939 mentio
2597 4884 2764 4941 missi
2798 4885 2867 4938 ab
2899 4884 3000 4940 illo
3033 4883 3290 4956 Hispano
3322 4883 3475 4956 rege,
3508 4886 3791 4956 adquam

2128 4955 2427 5011 Romanus
2448 4956 2705 5022 miserat,
2731 4964 2794 5011 ut
2811 4954 3156 5025 responsum
3180 4957 3303 5027 ejus
3327 4954 3792 5027 ad’Graeeiﬁlega-

2128 5028 2347 5083 tionem
2381 5028 2682 5098 referrent.
2709 5027 2894 5084 Aliam
2930 5031 3061 5097 post
3094 5026 3464 5098 hoc’tempus
3496 5026 3554 5081 in
3586 5026 3794 5097 Hispa-

2129 5099 2287 5153 niam
2345 5097 2589 5171 misisse;
2658 5098 3004 5171 legationem
3065 5099 3260 5169 ipsum
3328 5097 3789 5171 constantinum

2127 5175 2197 5237 A,
2258 5174 2314 5223 Ο.
2360 5170 2517 5242 948.,
2568 5169 2825 5226 forte—ex
2851 5186 2930 5242 eo
2976 5175 3149 5242 patet,
3184 5171 3341 5242 quod
3383 5170 3536 5225 infra
3566 5187 3624 5239 p.
3656 5170 3789 5236 383,

2129 5241 2302 5310 regiae
2326 5240 2494 5295 classi
2529 5243 2803 5297 adversus
2833 5240 3058 5296 Cretam
3095 5240 3403 5298 destinatae
3431 5246 3784 5309 computan.

2127 5316 2225 5383 tur
2253 5328 2386 5367 cum
2411 5313 2540 5366 aliis
2570 5314 2681 5368 tria
2712 5313 3031 5383 navigia,et
3052 5313 3171 5368 haec
3192 5314 3407 5369 dicitur
3426 5312 3708 5368 ostiarius
3730 5317 3791 5368 et

2128 5382 2526 5455 nipsistiarius
2556 5382 2889 5455 Stephanus
2917 5400 3051 5440 cum
3083 5384 3243 5455 regia
3269 5384 3690 5441 commissione
3722 5385 3783 5438 in

2129 5453 2463 5527 Hispaniam
2524 5453 2741 5511 missus
2791 5472 2986 5512 secum
3039 5453 3381 5527 sumpsisse.
3416 5455 3521 5512 Illa
3576 5460 3787 5512 autem

2127 5525 2331 5582 classis
2361 5527 2639 5582 adversus
2670 5530 2896 5583 Cretam
2941 5525 3205 5597 expedita
3238 5529 3361 5597 fuit,
3396 5532 3541 5584 teste
3580 5533 3790 5585 nostro

2128 5597 2409 5672 πεπαίνῃ,
2441 5601 2506 5654 A.
2539 5600 2599 5654 C.
2633 5599 2756 5653 949.
2792 5599 2850 5657 ν.
2882 5599 3128 5672 dicenda
3158 5600 3227 5655 ad
3260 5617 3316 5672 p.
3350 5600 3473 5655 383.

2199 5670 2309 5744 (66)
2340 5668 2480 5728 Vide
2509 5685 2684 5744 supra
2712 5675 2832 5727 not.
2862 5671 2954 5728 54.
2987 5670 3096 5731 col.
3128 5672 3252 5728 113.
