4060 6214
307 374 460 434 1073

1150 375 1249 432 DE
1295 372 1740 434 CERIMONIIS
1788 375 2021 434 AUL/E
2071 374 2551 434 ΒΥΖΛΝΊῚΝίΕ
2599 373 2742 437 LIB.
2789 375 2864 434 Il.

3555 378 3707 436 1078

299 506 540 582 ροῦντων
576 507 776 560 σπαθία
816 506 904 560 καὶ
956 509 1334 580 βασταζόντων
1393 511 1707 583 πουτάρια.
1761 509 1827 566 Οἱ
1869 509 1919 563 οἱ

2065 527 2321 582 suasque
2351 513 2612 583 spathas.
2643 511 2849 568 Statim
2879 515 3010 584 post
3049 528 3148 568 eos
3179 512 3413 568 stabant
3445 513 3709 570 Macedo-

296 596 504 649 κειακοί
537 595 1022 670 πρωτοπαθάριοι
1055 590 1281 666 ἔστησαν
1317 596 1393 658 εἷς
1435 599 1534 666 τήν
1569 596 1808 651 σωλαίαν
1839 599 1949 670 (82)

295 680 436 739 ἔνθεν
493 685 739 738 κάκεῖθεν
815 687 1106 762 φοροῦντες
1186 686 1565 761 σκαραμάγγια
1623 687 1946 758 πρασινορᾶ-

297 768 416 826 δινα
471 776 589 844 (83)
647 772 737 826 καὶ
797 772 1014 836 σπαθία.
1074 776 1174 827 Καὶ
1238 776 1352 846 μετ’
1402 772 1596 837 αὐτοὺς
1638 772 1861 844 ἔστησαν
1896 775 1948 828 o't

297 857 859 934 σπαοαροκανδιδάτοι
938 865 1227 939 φοροῦντες
1305 863 1691 939 σκαραμάγγια
1772 860 1949 916 πολύς

489 970 501 980 .
562 951 576 971 ς
777 949 788 968 1
872 971 883 980 ,
944 950 958 970 \
1058 951 1069 967 κ
1326 971 1342 982 ρ
1385 973 1396 982 ,
1491 949 1514 969 ’κ
1547 949 1570 968 κ
1652 952 1679 983 1.
1869 955 1882 966 ο
1929 953 1943 969 ε

296 970 441 1027 χροα
491 970 577 1004 και
629 951 822 1004 σπαϐια
874 971 959 1003 και
1015 971 1082 1005 τα
1141 954 1778 1025 σπαθαμοιανοιοατιιια.
1843 956 1945 1008 Im:

299 1041 415 1109 μετ’
482 1039 674 1102 αὐτοὺς
753 1037 978 1110 ἔστησαν
1037 1042 1086 1094 οἱ
1148 1044 1433 1118 σπαθάριοι
1506 1047 1796 1119 φοροῦντες
1854 1044 1944 1096 καὶ

297 1127 474 1182 αὖτοὶ’
521 1127 813 1203 πολῦχροα
844 1128 1222 1205 σκαραμοὶγγια
1259 1132 1348 1185 καὶ
1396 1131 1464 1186 τὰ
1495 1129 1695 1185 ἑαυτῶν
1727 1131 1942 1201 cnsilia,

297 1217 652 1290 βαστάζοντες
707 1219 795 1272 καὶ
857 1216 1162 1292 διστράλια.
1224 1219 1320 1273 Καὶ
1375 1221 1488 1290 μετ’
1538 1220 1733 1281 αὐτοὺς
1782 1217 1943 1290 ἕστη-

298 1328 390 1361 σαν
439 1308 490 1361 οἱ
567 1310 872 1383 στράτιυρες
948 1314 1236 1386 φοροῦντες
1299 1309 1673 1385 σκαραμοὶγγια
1748 1309 1943 1366 λευκο-

298 1396 519 1460 λέοντας
579 1401 711 1472 (84),
776 1401 864 1454 καὶ
923 1401 1118 1472 ἑτέρων
1176 1405 1382 1474 χροιῶν
1441 1400 1530 1455 καὶ
1610 1400 1940 1474 ὲξεμπλίων.

297 1485 653 1560 βαστάζοντες
701 1487 789 1542 καὶ
843 1487 907 1544 τὰ
955 1490 1320 1564 στρατωρίκια
1350 1493 1487 1562 (85),
1536 1491 1686 1560 Δεξιὰ
1717 1487 1774 1544 δὲ
1806 1491 1941 1564 πρὸς

291 1572 439 1630 δύσιν
474 1576 550 1638 εἰς
579 1578 678 1645 τήν
708 1577 979 1649 σύμπηξιν
1028 1583 1135 1633 τῶν
1185 1576 1281 1633 δύο
1338 1577 1530 1654 βήλων
1574 1574 1764 1648 ἔξωθεν
1798 1577 1943 1634 ἅνω-

289 1675 375 1728 θεν
407 1669 512 1719 τῶν
546 1663 863 1741 ἀδαϐἁθρων
914 1671 1010 1722 τοῦ
1063 1667 1309 1742 μεγάλου
1358 1666 1642 1743 τρικλίνου
1669 1672 1770 1738 τῆς
1805 1691 1940 1742 μαν-

283 1753 482 1829 ναῦρας
534 1754 658 1826 ἔστη
718 1763 818 1826 τῆς
871 1760 983 1829 (86)
1035 1758 1287 1831 μεγάλης
1335 1759 1598 1834 ἑταιρείας
1655 1761 1936 1834 βαστάζων

2060 617 2162 655 nes
2182 617 2410 672 magnze
2457 602 2724 667 hetaerize,
2758 607 3021 672 gerentes
3051 601 3330 658 interulas
3363 605 3420 656 et
3459 604 3702 674 spathas

2059 689 2388 762 cingulares
2419 691 2506 746 vel
2540 709 2572 746 a
2601 691 2838 762 cingulo
2868 697 2924 746 et
2956 691 3274 747 femoribus
3305 691 3704 763 dependentes

2061 786 2366 849 argenteas
2401 798 2533 836 cum
2557 781 2698 837 loris
2730 782 3020 838 inauratis
3050 781 3505 851 argenteis,item
3539 785 3707 837 scuta

2057 883 2229 923 aurea
2259 875 2316 924 et
2347 870 2461 924 alia
2483 887 2640 925 aenea
2669 871 2934 926 inaurata
2963 876 3019 928 et
3052 872 3234 927 ferrea
3269 885 3499 942 quoque
3526 886 3540 938 ;
3565 871 3704 926 item

2056 973 2284 1014 secures
2317 959 2492 1014 unius
2525 958 2660 1014 ferri
2693 966 2748 1015 et
2797 961 3102 1032 bipennes.
3151 960 3307 1016 Intra
3337 963 3534 1016 autem
3565 959 3704 1016 illos

2054 1047 2269 1118 gradus
2300 1048 2535 1103 stabant
2583 1052 2826 1120 utraque
2858 1048 3118 1116 heteria,
3149 1065 3361 1120 magna
3389 1053 3447 1106 et
3477 1049 3684 1118 media,

2052 1141 2108 1193 et
2139 1137 2380 1209 Fargani
2430 1145 2484 1192 et
2531 1137 2767 1193 Chazari
2794 1157 2813 1193 :
2843 1154 3046 1195 omnes
3078 1155 3192 1194 una
3221 1154 3401 1195 manu
3433 1137 3701 1210 spathae,

2054 1225 2236 1281 altera
2282 1230 2446 1282 scuta
2502 1231 2788 1298 gerentes.
2847 1227 3165 1283 Domestici
3228 1226 3690 1300 protospatharii

2053 1316 2291 1371 stabant
2323 1316 2379 1370 in
2403 1316 2560 1371 solea
2595 1316 2733 1372 hinc
2762 1322 2819 1372 et
2845 1317 3028 1387 illinc,
3054 1321 3350 1390 gestantes
3373 1333 3704 1374 scaraman-

2052 1405 2141 1476 gia
2155 1406 2386 1476 gemino
2401 1405 2612 1474 colore,
2633 1406 2802 1461 viridi
2833 1409 2890 1462 et
2919 1423 3104 1475 roseo,
3138 1407 3412 1462 distincta
3433 1406 3702 1478 spathae-

2052 1509 2180 1563 que.
2217 1493 2352 1549 Post
2377 1510 2478 1550 eos
2509 1495 2738 1550 stabant
2786 1494 3365 1565 spatharocandidati
3396 1500 3698 1567 gestantes

2051 1584 2290 1654 spathas
2321 1588 2377 1639 et
2413 1585 2815 1654 scaramangia
2855 1584 3250 1641 multicoloria
3288 1588 3345 1641 et
3383 1584 3695 1656 spatharo-

2050 1672 2454 1729 candidaticia.
2501 1673 2633 1729 Post
2675 1689 2774 1729 eos
2805 1676 3036 1730 stabant
3064 1673 3368 1746 spatharii,
3402 1682 3694 1746 gestantes

2048 1766 2104 1817 et
2136 1761 2194 1816 hi
2227 1778 2458 1833 quoque
2506 1761 2897 1819 multicoloria
2927 1763 3335 1836 scaramangia
3362 1767 3421 1820 et
3450 1763 3692 1835 spathae

278 1843 340 1897 τὸ
387 1845 796 1923 χρυσοῦφαντον
845 1847 1019 1909 σενδὲς
1075 1847 1355 1922 βασιλικὸν
1399 1847 1782 1922 φλάμουλλον.
1812 1852 1920 1907 Ἐν·

2047 1866 2182 1906 suas
2205 1855 2260 1905 et
2290 1849 2595 1908 dextralia.
2625 1849 2768 1907 Dein
2790 1851 3025 1908 stabant
3063 1856 3369 1922 stratores,
3395 1856 3692 1925 gestantes

279 1932 364 1987 θεν
425 1933 480 1987 δὲ
535 1935 778 1999 κάκεῖθεν
833 1941 941 1991 τῶν
989 1936 1166 1992 αὐτῶν
1236 1932 1550 2012 ἀναϐάορων
1612 1943 1708 1994 to?)
1766 1939 1931 1994 αὐτοῦ

281 2020 526 2098 μεγάλου
557 2023 837 2089 τρικλίνου
883 2031 984 2095 τῆς
1037 2026 1341 2102 μανναύρας
1389 2022 1580 2096 ἔξωθεν
1610 2031 1718 2082 τῶν
1752 2027 1928 2084 αὐτῶν

2043 1941 2446 2012 scaramangia
2475 1939 2742 1997 leonibus
2775 1940 2925 1998 albis
2956 1941 3201 2013 aliisque
3231 1942 3409 1998 variis
3441 1950 3557 1997 tam
3587 1959 3690 1998 co-

2041 2030 2266 2086 loribus
2316 2046 2493 2102 quam
2542 2031 2748 2102 ﬁguris
2792 2047 2988 2087 rerum
3038 2033 3214 2103 picta.
3265 2031 3584 2088 Gestabant
3622 2030 3686 2086 hi

1313 2125 1510 2182 JOAN.
1553 2128 1701 2182 JAC.
1747 2126 2012 2183 REISKII
2052 2126 2649 2184 COMMENTARIUS.

276 2218 550 2290 pthorum
585 2222 894 2278 rebellium
920 2228 976 2280 et
1000 2224 1440 2293 indomitorum,
1463 2225 1928 2282 Baschinusrita-

277 2308 407 2366 rum
425 2308 531 2348 suo
549 2294 787 2366 nomine
802 2295 1759 2366 dictorum,quosRenaudot,tlist.
1774 2299 1925 2354 Patr.

278 2362 438 2417 Alex.
486 2381 540 2436 p.
573 2364 672 2419 281
709 2365 790 2420 ait
838 2362 1282 2436 Almamurium,
1335 2385 1468 2422 cum
1529 2369 1764 2424 domare
1812 2386 1927 2425 non

283 2439 479 2506 posset
509 2435 847 2506 Bagdadum
882 2439 1250 2494 transtulisse
1272 2443 1328 2493 et
1358 2440 1415 2494 in
1449 2438 1714 2496 militiam
1757 2457 1926 2496 suam

281 2503 793 2564 abdictisse.—Certe
842 2511 993 2578 apud
1040 2511 1312 2564 Hamzam
1361 2511 1735 2578 lspanonsem
1768 2515 1926 2567 inve-

282 2578 378 2632 nio
409 2593 592 2652 genus
624 2579 844 2652 militias
875 2583 1234 2650 equestrisin
1258 2583 1392 2637 aula
1423 2581 1770 2652 Bagdadica,
1795 2583 1929 2638 Mis-

288 2663 446 2725 rense
473 2649 717 2725 dictum.
735 2651 888 2725 idem
909 2649 1141 2725 quoque
1157 2653 1408 2708 HamZab
1433 2649 1589 2709 aliud
1609 2649 1794 2725 genus
1824 2656 1926 2709 mi.

289 2719 424 2796 litim
451 2721 800 2790 pedestrisin
827 2719 962 2778 aula
986 2719 1307 2792 Bagdadica
1325 2719 1750 2796 memorvam
1780 2727 1924 2781 nulli

285 2790 381 2869 alii
416 2797 662 2869 possunt
691 2810 815 2869 esse
837 2811 1012 2869 quam
1036 2790 1440 2869 nyrenteenses
1461 2813 1560 2851 seu
1587 2790 1704 2851 Atri
1738 2814 1767 2852 e
1793 2815 1922 2869 pro-

282 2862 475 2939 vincia
493 2865 690 2939 Africa
713 2862 1003 2939 desuinpti
1031 2883 1043 2918 :
1067 2862 1343 2922 incidebat
1370 2871 1638 2922 tumultus
1671 2862 1819 2924 inter
1839 2886 1926 2939 pc-

279 2933 415 3011 dites
436 2938 624 3002 nigros
645 2942 698 2990 et
713 2937 1125 3011 Alcaratvenasi
1146 2939 1272 3009 [seu
1294 2939 1612 3008 Cyrenteos]
1635 2933 1928 3011 multisona

279 3009 539 3078 utrinque
585 3008 769 3073 cwsis,
812 3007 1031 3062 tandem
1079 3007 1235 3078 nigri
1263 3007 1575 3076 superiores
1598 3007 1921 3066 evadebant.

277 3077 642 3151 EtAbulieda
657 3080 867 3134 adann.
891 3079 1166 3151 255[Chr.
1198 3081 1326 3150 869]
1342 3083 1411 3135 de
1426 3098 1560 3136 casu
1586 3082 1922 3138 Al-Motazzi

278 3148 798 3222 cliztlifas__narrans,
833 3156 950 3205 tres
982 3148 1243 3206 diversos
1265 3148 1499 3206 ordines
1533 3159 1924 3222 protectorum

281 3235 383 3290 seu
419 3220 642 3275 militiae
673 3221 938 3289 palatinas
965 3223 1020 3276 in
1046 3223 1180 3277 aula
1200 3220 1642 3290 Bagdadicahos
1662 3232 1923 3282 recenset

2037 2223 2468 2297 ἁσπρνοκόκκινος
2502 2226 2787 2281 redderet.
2851 2225 2960 2280 Dat
2998 2225 3155 2297 enim
3187 2226 3246 2280 in
3279 2226 3369 2282 Gl.
3403 2227 3498 2282 Gr.
3531 2226 3590 2282 h.
3623 2244 3679 2286 ν.

2035 2296 2242 2368 partim
2279 2297 2455 2364 albus,
2496 2299 2707 2366 partim
2747 2299 3028 2353 coccineus
3063 2296 3150 2353 vel
3182 2300 3464 2353 coccineus
3494 2301 3684 2354 subat-

2039 2368 2214 2441 bidus.
2243 2373 2318 2441 At,
2342 2369 2400 2441 in
2422 2369 2625 2423 Latino
2650 2368 3114 2441 leucopgorphyrus
3141 2368 3315 2423 vertit
3335 2383 3405 2424 ea:
3429 2385 3683 2441 purpura

2037 2440 2184 2495 alba.
2216 2439 2415 2512 voluit
2446 2455 2765 2512 purpuram
2789 2439 3124 2512 dilutidrem
3146 2440 3336 2496 dicere
3365 2439 3683 2512 (nam’pur-

2039 2527 2185 2581 pura
2214 2510 2346 2566 alba
2375 2509 2464 2566 est
2491 2509 2831 2577 ἀσύστατον),
2881 2515 2947 2566 ut
2988 2515 3143 2583 patet
3171 2527 3238 2566 ex
3267 2512 3465 2566 addito
3498 2509 3680 2570 leuco-

2039 2583 2326 2645 rhodinus,
2360 2585 2512 2653 quod
2544 2583 2718 2638 vertit
2759 2599 2828 2638 ea:
2856 2597 3004 2638 roseo
3033 2584 3211 2638 colore
3247 2583 3535 2638 ditutiore.

2107 2654 2402 2736 (8.4.)‘Sunt
2432 2655 2663 2709 intextas
2687 2653 2897 2736 pannis
2928 2653 3372 2736 tundo.coloreo_
3394 2653 3679 2736 imagines

2036 2726 2294 2779 candida:
2341 2724 2578 2781 leonum
2631 2730 2917 2780 rectorum
2951 2724 3258 2792 stantium,
3287 2724 3376 2780 vel
3425 2734 3480 2780 et
3520 2724 3682 2781 ince-

2035 2796 2324 2859 dentium,
2367 2802 2468 2851 aut
2525 2797 2698 2852 etiam
2743 2797 2976 2851 leonum
3020 2797 3306 2866 imagines
3345 2794 3586 2852 colorem
3617 2797 3678 2852 in

2035 2867 2217 2923 fundo
2245 2867 2493 2923 candido
2525 2869 2680 2922 intra
2710 2867 2993 2923 circulum
3042 2867 3483 2938 comprehenso.
3526 2869 3680 2924 Con-

2035 2938 2254 3008 spicere
2290 2944 2504 2994 vestem
2539 2939 2691 2993 hanc
2740 2939 2874 2994 licet
2919 2941 2977 2994 in
3009 2937 3278 2994 eunucho
3310 2939 3380 2993 ad
3414 2939 3676 2994 dextram

2036 3010 2112 3062 im
2162 3010 2406 3065 eratoris
2437 3015 2631 3065 stante
2663 3011 2721 3064 in
2774 3009 2876 3065 illa
2905 3010 3180 3082 imagine,
3215 3026 3391 3080 quam
3422 3010 3676 3066 Cerimo-

2036 3027 2174 3134 niali
2226 3086 2424 3134 nostro
2457 3082 2828 3134 nrastiximus.
2878 3081 3016 3134 item
3059 3081 3116 3134 in
3149 3080 3248 3134 illa
3281 3082 3473 3134 magni
3507 3081 3676 3134 ducis

2035 3080 2174 3135 niali
2226 3086 2424 3136 nostro
2457 3082 2828 3150 prmtiximus,
2878 3080 3116 3136 item’in
3149 3080 3248 3135 illa
3281 3082 3473 3152 magni
3507 3081 3677 3137 ducis

2036 3152 2346 3220 Apocauci,
2384 3153 2749 3224 quaminotis
2780 3152 2900 3206 suis
2929 3152 3005 3224 ad
3034 3152 3416 3224 Nicephorum
3453 3152 3670 3224 Grego-

2037 3239 2162 3278 ram
2196 3225 2441 3278 inseruit
2462 3223 2533 3278 cl.
2569 3223 2842 3278 Boivinus
2865 3239 2920 3292 p.
2955 3223 3046 3277 5‘3.
3091 3223 3274 3277 Latini
3304 3223 3448 3276 tales
3480 3223 3674 3279 leones

279 3269 704 3365 Almagarebab
765 3310 862 3347 seu
918 3269 1316 3360 Magrabinosr.
1374 3295 1459 3350 vel
1509 3269 1923 3365 occidenvtvales;
1953 3269 1994 3334 C
2036 3294 2093 3348 in
2127 3294 2250 3350 alea
2282 3296 2532 3350 rotunda
2562 3293 2778 3348 circulo
2809 3269 3254 3365 cilrcumscripta
3283 3293 3479 3365 leones
3511 3295 3669 3365 inro-

280 3362 469 3438 Αῖιρε,
513 3362 873 3420 Mauritanos
905 3375 978 3438 et
1007 3367 1246 3434 Turcas,
1282 3367 1676 3438 Farganenses
1710 3362 1918 3438 nempe

279 3439 332 3488 et
356 3434 788 3509 _Transoxanos,
823 3441 878 3490 et
923 3436 1271 3494 Pharaones.
1324 3437 1402 3492 De
1452 3434 1918 3509 Atmogarabis'et

282 3504 720 3579 Almogawaris,
739 3523 950 3579 genere
966 3509 1183 3564 militia:
1199 3510 1364 3564 etiam
1391 3510 1511 3565 Lati
1524 3504 1676 3566 nis'et
1703 3512 1914 3567 Grmcis

281 3577 455 3649 medii
489 3581 592 3632 aevi
624 3577 996 3649 non—ignoto,
1032 3582 1238 3648 agendi
1273 3581 1363 3634 hic
1396 3581 1556 3636 locus
1590 3599 1701 3637 non
1735 3590 1844 3638 est.

343 3648 455 3723 (82)
478 3649 633 3723 Ergo
656 3648 831 3723 etiam
854 3657 1014 3704 extra
1045 3653 1351 3723 ecclesiam
1381 3662 1497 3706 erat
1528 3654 1706 3719 solea,
1740 3671 1915 3723 quan~

273 3717 588 3788 doquidem
616 3720 705 3791 hic
728 3721 836 3775 loci
857 3723 1014 3775 solea
1036 3721 1272 3776 triclinii
1299 3722 1620 3791 Magnaurae
1653 3717 1913 3779 comme-

274 3790 694 3866 moratur.__D_e
740 3793 898 3847 solea
949 3791 1136 3848 fusius
1177 3793 1266 3864 egi
1328 3790 1408 3846 ad
1451 3800 1624 3864 caput
1656 3797 1911 3866 primum

270 3858 448 3928 hujus
478 3862 718 3916 codicis.

341 3931 458 4000 (83)
493 3931 697 3988 Vestes
751 3932 834 3988 sic
867 3933 1052 3988 dictas
1100 3952 1132 3988 a
1175 3935 1405 4004 gemino
1431 3935 1643 4002 colore,
1680 3937 1911 4006 prasino

268 4006 325 4058 et
355 4019 543 4074 roseo,
577 4008 849 4070 constat;
899 4006 1188 4074 quomodo
1227 4014 1416 4060 autem
1452 4005 1510 4060 hi
1543 4007 1658 4060 duo
1684 4005 1913 4062 colores

270 4073 429 4129 misti
460 4081 559 4131 aut
590 4075 859 4146 dispositi
909 4073 1121 4132 iuerint
1151 4077 1210 4131 in
1245 4077 1347 4132 tali
1381 4093 1594 4148 panno,
1628 4095 1741 4133 non
1772 4081 1911 4134 item

269 4150 518 4220 constat.
557 4148 1039 4220 Potueruntenim
1063 4148 1220 4204 misti
1251 4154 1307 4204 et
1337 4148 1394 4203 in
1444 4149 1711 4220 maculis,
1756 4151 1910 4218 talis,

268 4218 509 4291 orbibus
539 4219 738 4274 aliisve
786 4219 989 4290 ﬁguris
1019 4221 1208 4289 sparsi
1261 4236 1359 4290 per
1421 4224 1606 4275 totum
1659 4218 1911 4291 pannum

270 4287 471 4355 fuisse,
506 4297 571 4346 ut
596 4287 894 4348 fundus—e.
929 4308 979 4346 c.
1015 4287 1237 4356 roseus,
1261 4287 1500 4346 maculae
1533 4287 1729 4348 autem
1776 4293 1913 4347 viri-

267 4359 370 4416 des
401 4368 621 4435 essent,
655 4369 756 4418 aut
795 4370 1110 4435 potuerunt
1151 4364 1306 4418 strias
1337 4380 1511 4435 roseas
1559 4371 1615 4418 et
1665 4364 1910 4434 prasina;

265 4447 369 4506 per
396 4434 546 4488 vices
576 4434 751 4490 ductu
786 4434 1063 4506 parallelo
1089 4452 1205 4490 una
1239 4434 1396 4506 apud
1436 4436 1677 4490 alteram
1711 4438 1912 4491 decur-

265 4504 446 4578 risse;
481 4511 583 4559 aut
611 4504 863 4578 denique
896 4506 1232 4578 potuitiuna
1275 4504 1520 4562 dimidia
1559 4507 1734 4562 vestis
1775 4524 1909 4578 pars

262 4577 380 4628 toto
429 4592 596 4631 rosea
626 4577 816 4632 colore
868 4594 981 4632 non
1026 4577 1220 4642 misto,
1269 4589 1322 4633 et
1373 4578 1554 4634 altera
1601 4579 1736 4634 item
1778 4577 1900 4634 tota

263 4645 501 4726 prasina
525 4633 1255 4726 fuisse{quemadmodum
1291 4633 1540 4726 hodiee.
1566 4666 1616 4706 c.
1651 4633 1896 4726 orphani
1940 4633 1985 4698 D

263 4718 321 4792 in
349 4718 592 4772 urbibus
611 4719 783 4792 Belgii
807 4737 924 4792 una
944 4721 1482 4792 dimidia,corporis
1501 4727 1657 4790 parte
1681 4718 1907 4791 pullati,

265 4788 448 4863 altera
474 4789 744 4863 pyrrhati
769 4791 854 4846 vel
887 4793 1048 4846 rubri
1080 4788 1420 4863 procedunt,
1451 4788 1553 4848 aut
1575 4793 1632 4847 in
1664 4788 1907 4863 duibusé

267 4858 400 4935 dam
439 4858 684 4935 urbibus
716 4858 1247 4935 Germania—quod
1295 4864 1419 4931 ipse
1449 4864 1585 4930 vidi,
1619 4858 1910 4935 praecones

265 4929 324 5006 in
357 4931 779 4989 certaminibus
811 4929 1233 4990 arcubalisticis
1267 4929 1747 5005 (Vogelschies'sen)
1786 4934 1910 5006 pat-

264 5001 411 5075 lium
444 5008 648 5074 gerunt
679 5021 795 5060 una
844 5010 1007 5075 parte
1039 5001 1281 5060 dimidia
1311 5001 1505 5069 bruni,
1557 5008 1737 5061 altera
1785 5001 1909 5062 cro-

266 5073 353 5148 cei
365 5075 613 5148 coloris.
644 5073 860 5148 Vestes
901 5076 1048 5132 tales
1093 5079 1320 5147 partitae
1356 5081 1413 5132 et
1451 5077 1642 5132 divisos
1673 5078 1776 5145 (ita
1806 5095 1908 5148 ap-

264 5144 606 5216 pellabant),
642 5145 753 5202 hoc
784 5151 872 5202 est
916 5144 1176 5212 diversae,
1208 5165 1328 5203 aevo
1374 5150 1564 5203 medio
1590 5144 1908 5204 admodum

258 5215 585 5286 frequentis
618 5234 759 5273 usus
811 5225 998 5274 erant.
1046 5220 1287 5274 Generis
1319 5231 1514 5274 autem
1545 5221 1785 5275 alterius
1816 5235 1910 5274 ve-

261 5293 401 5362 stes,
436 5306 679 5362 quarum
699 5289 920 5346 colores
947 5291 1104 5345 misti
1134 5307 1234 5362 per
1264 5296 1444 5345 totam
1480 5292 1655 5346 telam
1689 5297 1905 5358 essent,

258 5361 451 5434 mistas
497 5361 888 5434 appellabant.
941 5361 1196 5418 Joannes
1245 5363 1563 5421 Signiensis
1615 5365 1786 5434 (apud
1823 5364 1906 5418 Du

257 5431 541 5502 Cangium
564 5431 956 5503 v.10cularis):
987 5453 1007 5480 α
1028 5435 1161 5500 Alii,
1184 5433 1323 5503 quod
1335 5431 1910 5502 proyriejobzitarium

258 5507 356 5566 est,
383 5505 450 5559 ab
479 5512 714 5575 utroque
746 5505 921 5560 latere
959 5506 1153 5560 divisis
1182 5505 1474 5572 coloribus,
1530 5509 1655 5561 item
1703 5505 1906 5571 mistis,

265 5576 589 5648 vestimenta
619 5577 916 5632 variabant
950 5601 978 5627 »
1027 5576 1310 5631 Henricus
1361 5579 1430 5630 de
1481 5577 1793 5648 Knygthon
1838 5577 1909 5648 de

268 5644 586 5720 Eventibus
619 5649 862 5720 Anglia).
919 5649 956 5702 Ι.
999 5665 1054 5704 ιν
1085 5650 1258 5720 (apud
1297 5647 1381 5703 Du
1415 5644 1695 5720 Cangium
1729 5665 1780 5702 v.
1815 5647 1910 5702 Li-

271 5717 342 5789 ri;
365 5718 565 5788 ipium)
597 5720 678 5774 ait
716 5717 972 5775 dominas
1017 5717 1240 5774 vestitas
1294 5721 1467 5788 fuisse
1497 5717 1734 5774 vestibus
1770 5736 1909 5789 par-

265 5788 404 5845 titis.
457 5789 582 5861 Ipse
626 5796 704 5847 Du
759 5795 952 5865 Gange
1001 5791 1310 5860 dabitavit,
1362 5792 1656 5864 quomodo
1707 5788 1906 5849 vacem

2024 3369 2164 3421 tatas
2196 3365 2282 3421 vel
2314 3367 2730 3421 circumrotatos
2760 3363 3169 3436 appellabant.
3189 3363 3402 3436 Histor.
3438 3364 3674 3435 Episco-

2026 3453 2150 3508 por.
2182 3437 2503 3494 Antisidor.
2555 3438 2728 3507 (apud
2767 3435 2846 3491 Du
2895 3436 3177 3508 Cangium
3209 3452 3278 3508 v.7
3306 3435 3678 3508 Circamrota-

2025 3505 2172 3564 tusi:
2227 3510 2351 3563 Tria
2399 3505 2861 3580 praestantissima
2911 3505 3117 3580 pallia,
3154 3507 3310 3580 mille
3365 3506 3668 3580 solidorum

2019 3582 2198 3647 pretio
2228 3578 2557 3644 constantia,
2589 3595 2826 3648 quorum
2863 3595 3036 3634 unum
3065 3578 3268 3633 viridis
3295 3579 3513 3646 coloris,
3556 3579 3673 3634 leo-

2022 3653 2190 3706 nibus
2225 3651 2665 3708 multicoloribus
2695 3650 3101 3706 circumrotatis
3147 3650 3344 3720 fulget,
3374 3649 3670 3705 secundum

2023 3722 2368 3791 imaginibus
2399 3740 2590 3792 regum
2618 3726 2833 3794 pariter
2858 3724 3268 3777 circumrotatis
3297 3722 3479 3794 regali
3508 3722 3672 3777 modo

2020 3797 2391 3862 equitantium
2421 3792 2628 3862 pollet;
2658 3795 2886 3848 tertium
2917 3809 3128 3862 quoque
3169 3792 3417 3847 leonibus
3446 3795 3670 3847 aurico-

2022 3864 2230 3918 loribus
2259 3863 2664 3918 circumrotatis
2703 3865 3095 3930 aspicientibus
3127 3863 3356 3917 arridet.
3393 3862 3672 3917 Solebant

2022 3951 2250 4003 quoque
2299 3935 2494 3990 leones
2525 3943 2578 3988 et
2616 3935 2877 3989 oviculas
2913 3935 2970 3988 in
3015 3933 3533 4003 texturajungere.
3580 3937 3665 3986 Du

2022 4006 2210 4074 Gange
2266 4023 2317 4061 ν.
2373 4005 2653 4074 Scapolus,
2707 4021 2830 4074 quae
2870 4004 3170 4074 ovicutam
3222 4009 3406 4069 notat,
3458 4003 3668 4073 caligas

2022 4073 2325 4130 breu’datas
2353 4073 2483 4130 cum
2506 4073 2739 4144 scapolis
2771 4083 2821 4130 et
2858 4073 3109 4130 leonibus
3146 4073 3340 4130 habet.

2093 4148 2204 4217 (85)
2235 4151 2407 4202 Juxta
2440 4149 2686 4202 formam
2709 4151 2766 4201 et
2798 4146 3262 4200 terminationem
3293 4160 3461 4200 suam
3495 4144 3665 4217 debe-

2021 4213 2109 4273 ret
2139 4213 2260 4274 hinc
2287 4236 2394 4275 vox
2420 4219 2700 4274 vestitum
2733 4222 3045 4272 stratorum
3079 4224 3294 4278 notare,
3328 4221 3392 4271 ut
3421 4213 3666 4288 Ααισαρί-

2020 4308 2162 4353 κιον,
2197 4289 2569 4362 σπαθαρίκιον,
2610 4293 2718 4345 etc.
2756 4308 2770 4356 ;
2817 4289 2950 4362 quia
3008 4295 3200 4362 tamen
3244 4292 3518 4362 stratores
3550 4304 3669 4362 non

2062 4366 2228 4433 ορεῖν,
2288 4359 2442 4433 quod
2493 4362 2755 4433 verbum
2794 4359 3027 4433 vestitui
3081 4359 3378 4429 proprium
3412 4367 3531 4433 _est,
3564 4359 3667 4422 sed

2062 4381 2228 4433 ορειν,
2288 4381 2442 4433 quoa
2493 4381 2736 4415 vernum
2794 4381 3027 4415 vesmun
3081 4381 3378 4429 proprium
3425 4381 3531 4428 cet,
3564 4381 3667 4422 seu

2020 4381 2306 4506 ἓαστάζειν
2365 4431 2432 4486 τὰ
2488 4431 3219 4506 “pampinus-dicuntur,
3276 4431 3430 4501 quod
3491 4433 3561 4484 de
3605 4445 3668 4486 re

2020 4501 2269 4576 gestatili
2321 4505 2472 4560 inter
2503 4501 2717 4560 manus
2737 4509 2794 4557 et
2849 4501 3106 4576 libratili,
3167 4505 3231 4556 ut
3271 4506 3664 4576 estscutum,

2020 4572 2207 4639 hasta,
2237 4577 2526 4645 bipennis,
2552 4581 2686 4640 etc.,
2719 4578 2941 4628 tantum
2977 4573 3193 4645 dicitur
3222 4572 3440 4628 credidi
3471 4588 3562 4627 me
3584 4591 3670 4628 re-

2017 4648 2164 4703 ctius
2214 4642 2528 4712 fac—turum,
2559 4647 2607 4700 si
2662 4649 3069 4714 interpretarer
3120 4642 3306 4712 virgas
3357 4644 3467 4698 sibi
3501 4660 3666 4714 pecu-

2025 4719 2217 4774 liares.
2245 4719 2409 4775 Forte
2436 4719 2747 4774 debueram
2772 4718 2922 4772 idem
2948 4715 3254 4771 consilium
3277 4720 3514 4771 secutus
3534 4731 3665 4771 esse

2019 4791 2200 4862 paulo
2244 4795 2469 4862 anteip.
2523 4789 2651 4854 332,
2683 4793 2740 4844 et
2765 4787 3135 4862 _reddidisse_
3172 4803 3286 4862 pon
3335 4793 3524 4853 vestes,
3558 4786 3661 4862 sed

2019 4852 2201 4930 ἶνίν-ρας
2258 4852 2705 4930 candidatorum.
2758 4859 2933 4930 Forte
3005 4852 3405 4923 κανδιδατίκια,
3458 4852 3662 4912 citabat-

2019 4927 2184 5006 ρίκὶα,
2245 4927 2859 5006 σπαθαροκανδιδατίκια
2904 4939 3040 4986 sunt
3098 4931 3266 5006 γῇςεω
3320 4930 3663 5006 candidato-

2017 5002 2169 5068 rum,
2202 5002 2654 5074 spathariorum,
2698 5002 3447 5074 spatharocandidatorum.
3499 5003 3663 5056 Certe

2018 5077 2188 5138 infra.
2223 5072 2478 5131 sectione
2511 5075 2766 5130 secunda
2795 5072 3003 5143 capitis
3036 5073 3124 5140 40,
3156 5072 3498 5138 stratoricia,
3523 5087 3662 5143 can:

2016 5147 2312 5213 didaticia,
2353 5139 3024 5216 spatharocandidaticia
3056 5139 3390 5216 referuntur
3419 5144 3566 5197 inter
3593 5139 3664 5216 τὰ

2018 5216 2204 5286 σκεύη,
2239 5235 2271 5272 a
2299 5211 2518 5294 quibus
2549 5217 2773 5294 diversa
2823 5221 2992 5294 sunt,
3015 5220 3071 5270 et
3119 5222 3185 5294 ut
3223 5214 3461 5294 diversa
3489 5211 3661 5294 paulo

2017 5303 2142 5361 post
2172 5285 2421 5361 'seors—im
2472 5293 2847 5343 recensentur
2878 5286 3212 5361 mutatoria.
3252 5285 3507 5361 Sedisto
3539 5285 3662 5361 qui-

2016 5356 2145 5416 dem
2180 5360 2236 5414 in
2275 5362 2396 5415 loco
2427 5377 2551 5414 eam
2589 5359 3009 5430 interpretandi
3043 5358 3329 5430 rationem
3346 5356 3661 5430 dissuade-

2019 5435 2112 5510 bat
2144 5433 2471 5502 appositum
2497 5427 2975 5510 verbum'rsopeiv,
2994 5428 3186 5510 quod.
3213 5432 3273 5482 ut
3303 5427 3443 5495 dixi,
3470 5428 3540 5510 de
3568 5443 3662 5510 re-

2016 5505 2128 5560 bus
2154 5499 2471 5574 usurpatur
2493 5508 2606 5558 toto
2627 5499 3290 5574 corporegestabilibus,
3326 5516 3441 5554 non
3472 5499 3544 5553 de
3566 5499 3661 5563 iis,

2017 5593 2141 5646 qum
2177 5572 2517 5652 Bassiani,
2553 5574 2818 5652 manibus
2862 5572 3179 5652 librantur.-
3326 5645 3336 5652 Δ
3380 5647 3388 5652 _
3472 5641 3483 5652 _

2087 5641 2200 5717 (867)
2235 5647 2317 5702 Ita
2349 5641 2726 5704 membrana.
2775 5646 2883 5700 Aut
2915 5643 3130 5701 excidit
3159 5641 3209 5712 ὁ,
3245 5645 3345 5698 aut
3375 5641 3547 5698 tacite
3577 5641 3666 5697 est

2019 5716 2431 5790 supplendum.
