4060 6214
468 349 627 409 1103

463 481 807 537 habetrilus
835 479 1132 550 antiquus,
1164 478 1217 533 vi
1249 480 1417 550 cujus
1476 477 1799 534 factionarii
1830 486 1884 534 et
1913 478 2097 549 picto-

2220 469 2384 546 καίων
2472 468 2684 543 χρόνων

462 584 553 622 res
580 571 639 621 et
668 567 811 621 fabri
841 566 1096 621 victricis
1126 565 1536 621 tantummodo
1562 564 1830 620 factionis
1873 580 2101 635 proces-

463 656 685 711 sionem
718 655 1109 710 celebrabant.
1138 658 1210 708 Ut
1227 660 1503 710 venerant
1532 653 1591 708 in
1611 654 1679 719 II,
1705 653 2107 709 consistebant

460 744 542 799 ibi
558 746 791 816 aurigae,
808 744 1248 815 etdemarchus,
1272 751 1329 799 et
1348 744 1555 816 popula
1567 761 1655 799 res
1668 744 2013 814 etpictores,
2052 746 2108 797 et

462 850 644 905 operas
677 834 935 903 fabriles,
957 833 1443 904 desultabantque
1466 850 1605 888 suas
1635 832 1899 896 choreas,
1919 830 2111 886 dictis-

461 938 573 992 que
603 923 939 994 imperatori
997 922 1290 991 laudibus,
1343 922 1585 976 ahibant
1623 937 1725 990 per
1768 936 1989 975 mesam
2048 919 2107 974 in

461 1012 755 1083 prepriam
778 1026 945 1067 suam
974 1010 1300 1077 ecclesiam,
1333 1010 1621 1065 inSanctaa
1650 1009 1907 1081 Deiparas
1921 1009 2104 1064 eadem

462 1111 623 1173 puta,
658 1119 783 1172 quas
816 1103 874 1156 in
908 1099 1373 1156 diaconissarum
1408 1100 1758 1155 monasterio
1787 1104 1913 1168 est;
1943 1104 2111 1169 prout

462 1189 589 1245 ﬁeri
619 1190 837 1245 soletin
870 1189 1005 1244 ludo
1037 1189 1225 1243 curuli
1253 1189 1516 1243 olerario.
1538 1188 1705 1244 Sexto
1724 1189 1818 1243 die
1837 1188 2106 1258 Augusti,

462 1293 565 1334 seu
600 1280 741 1333 festo
773 1276 1089 1348 splendidas
1107 1277 1660 1349 Transﬁgurationis
1680 1278 1901 1332 Domini
1924 1276 2108 1331 nostri

462 1367 602 1423 Jesu
663 1366 894 1431 Christi,
929 1367 1306 1438 peragebatur
1353 1366 1566 1421 festum
1601 1368 1923 1422 secundum
1955 1363 2109 1420 anti-

467 1472 651 1528 quum
683 1472 752 1512 ex
770 1456 1003 1511 remotis
1029 1456 1737 1525 temporibustraductum
1756 1455 1961 1521 ritum,
1996 1452 2111 1509 nisi

466 1543 624 1613 quod
654 1542 875 1598 domini
908 1542 968 1598 in
1025 1543 1271 1614 gratiam
1332 1543 1750 1599 Saracenorum
1808 1542 2108 1613 hospitum

461 1630 620 1687 loros
649 1646 910 1702 corpore,
945 1646 1142 1686 cruces
1172 1636 1229 1685 et
1248 1631 1475 1685 acasias
1492 1631 1762 1685 manibus
1784 1630 2107 1701 gestabant.

465 1720 728 1792 Magistri
757 1726 948 1774 autem
972 1725 1028 1773 et
1059 1719 1435 1788 proconsules
1465 1723 1522 1773 et
1550 1718 1773 1790 patricii
1805 1719 2112 1790 gestabant

465 1815 520 1863 et
550 1808 658 1878 ipsi
686 1822 916 1877 quoque
945 1806 1122 1871 loros,
1154 1808 1372 1877 absque
1400 1812 1596 1862 tamen
1644 1806 2002 1878 scipionibus
2057 1813 2110 1861 et

468 1898 690 1965 absque
719 1895 949 1950 acaciis.
986 1895 1457 1951 Producebantur
1486 1910 1649 1950 scere
1682 1912 1785 1951 seu
1810 1912 1949 1950 vasa
1980 1911 2111 1965 pre-

467 1987 626 2040 tiosa
667 1988 724 2037 et
755 1983 1009 2052 reliquiae
1040 1983 1606 2051 sanctorum,omnia
1635 1983 1989 2054 inobsequio
2016 2000 2117 2054 pro

469 2088 631 2128 more
652 2077 953 2138 consueto,
987 2076 1053 2127 ut
1077 2088 1286 2143 magna
1315 2089 1478 2137 crux,
1508 2073 1670 2144 virga
1693 2072 1867 2127 Mosis
1888 2078 2121 2144 sceptra

470 2163 597 2230 [seu
626 2161 854 2230 vexilla]
889 2159 1168 2227 Romana,
1191 2161 1463 2233 eutychia
1494 2160 1603 2232 [vel
1633 2162 1803 2232 signa
1832 2160 2115 2230 Fortunae]

470 2254 529 2307 et
558 2249 682 2305 aliae
723 2265 1077 2320 quascunque
1105 2249 1358 2319 reliquis:
1414 2250 1474 2306 in
1503 2249 1721 2317 templo
1764 2249 1995 2305 Domini
2028 2249 2119 2305 de-

472 2339 697 2409 posita.
727 2339 980 2393 Aderant
1008 2354 1138 2394 cum
1170 2338 1520 2395 factionibus
1550 2338 1753 2410 psaltae
1798 2337 2121 2410 apostolita:

477 2433 537 2485 et
567 2426 990 2499 hagiosophitaa
1032 2426 1134 2495 ibi,
1159 2427 1254 2482 ubi
1283 2432 1647 2483 transeuntes
1665 2427 1933 2483 dominos
1969 2426 2121 2482 salu-

472 2521 597 2572 tare
626 2515 797 2571 bonis
827 2515 1015 2571 verbis
1046 2521 1104 2570 et
1132 2517 1395 2571 venerari
1446 2532 1573 2571 mos
1601 2521 1711 2581 est,
1774 2515 1966 2571 fausta
2003 2515 2119 2570 illis

474 2605 861 2661 acclamantes
890 2610 948 2659 et
987 2604 1178 2659 induti
1210 2604 1538 2659 mutatoriis
1569 2604 1801 2669 iisdem,
1834 2620 1958 2675 qua
1991 2603 2120 2659 illos

476 2692 536 2747 in
559 2693 893 2763 exceptione
923 2691 1245 2763 legatorum
1270 2697 1531 2763 gestasse
1552 2698 1723 2747 antea
1754 2693 2115 2747 dicebamus.

472 2780 770 2848 Tribunal,
808 2782 866 2837 in
897 2797 1012 2852 quo
1044 2789 1191 2836 stare
1224 2782 1443 2837 amicos
1464 2786 1795 2852 etspectare
1818 2784 2121 2851 imperato-

472 2888 593 2926 rem
628 2887 757 2926 mos
787 2876 897 2939 est,
931 2870 1083 2927 342
1109 2882 1225 2924 tam
1256 2870 1329 2925 ad
1369 2869 1674 2925 ecclesiam
1712 2870 1769 2924 in
1804 2870 2120 2940 processio-

472 2974 546 3014 ne
574 2964 833 3027 euntem,
867 2974 1039 3028 quam
1071 2957 1207 3013 inde
1233 2960 1591 3026 redeuntem,
1624 2968 1965 3015 exornatum
1997 2963 2122 3015 erat

472 3049 672 3104 eodem
707 3046 900 3117 modo,
933 3063 1047 3117 quo
1078 3048 1332 3101 diximus
1389 3045 1449 3101 in
1507 3047 1844 3118 exceptione
1892 3063 2113 3103 eorum.

474 3138 749 3207 Magnum
782 3137 1008 3192 Sancta:
1026 3136 1254 3207 Sophia!
1284 3135 1573 3207 templum
1605 3142 1876 3192 ornatum
1909 3141 2120 3206 erat_eo

1512 342 2049 406 CONSTANTINI
2094 337 2794 403 PORPHYBOGENITI

3720 337 3882 395 1104

2778 464 3349 541 παρακολουθήσαντα
3424 464 3602 519 τύπον
3685 466 3887 533 αὐτῆς,

2206 559 2353 629 πλήι
2384 556 2471 613 διὰ
2494 556 2621 620 τοὺς
2650 556 2846 635 φίλους
2885 555 3234 629 Σαρακηνοὺς
3288 555 3556 631 ἒςρόρεσαν
3609 555 3666 607 οἱ
3720 556 3885 627 βασι-

2208 646 2322 709 λεῖς
2370 647 2496 709 τοὺς
2543 643 2781 718 λώρους,
2835 643 3190 718 βαστάσαντες
3246 643 3338 698 καὶ
3408 643 3546 703 τοὺς
3599 645 3870 717 σταυρώς

2206 738 2413 796 καὶτὰς
2447 733 2690 795 ἀκακίας.
2724 734 2790 789 0".
2814 729 2872 787 δὲ
2919 734 3232 810 μάγιστροι,
3274 732 3366 787 καὶ
3419 732 3761 801 ἀνθύπατοι,
3790 735 3884 786 καὶ

2208 825 2484 901 πατρίκιοι
2523 823 2778 901 ἐφόρεσαν
2834 830 2924 878 καὶ
2964 823 3119 878 αὐτοὶ
3166 822 3291 885 τοὺς
3343 823 3592 897 λώρους,
3649 822 3715 877 οὔ
3762 824 3883 894 μὲν

2209 936 2297 970 τοι
2345 912 2402 969 δὲ
2460 918 2764 975 σκεπεῶνας
2818 913 2852 982 ἢ
2904 913 3128 974 ἀκακίας
3196 908 3527 968 ἐϐάστασαν.
3617 912 3887 982 Ἐξῇλθῖτ

2212 1001 2386 1058 δὲκαὶ
2435 1004 2607 1057 πάντα
2657 1001 2725 1057 τὰ
2767 1001 2929 1072 σκεύη
2962 1002 3051 1055 καὶ
3106 1001 3403 1074 ὀψίκευσαν
3450 1002 3595 1055 κατᾶ
3640 1002 3711 1055 τὸ
3762 1002 3893 1055 εἰω-

2214 1092 2329 1160 θὸς,
2359 1092 2484 1160 ἤτοι
2524 1092 2552 1145 ὁ
2602 1089 2770 1164 μέγας
2809 1091 3063 1164 σταυρὸς,
3118 1092 3152 1159 ἡ
3202 1094 3302 1144 τοῦ
3334 1090 3587 1152 Μωσέως
3655 1085 3892 1165 ῥάϐδος.

2211 1183 2277 1235 τὰ
2336 1182 2585 1253 Ῥωμαῖα
2623 1186 2895 1251 σκῆπτρα,
2925 1178 2996 1234 τὰ
3042 1178 3253 1255 πτυχία
3312 1180 3403 1233 καὶ
3460 1180 3564 1233 ’ὀσα
3614 1176 3787 1250 ἕτερα
3839 1179 3894 1232 ἐν

2211 1269 2291 1342 τῷ
2317 1273 2415 1325 τοῦ
2455 1268 2656 1344 Κυρίου
2707 1268 3016 1323 ἀπόκεινται
3064 1273 3199 1340 ναῷ.
3231 1268 3244 1286 “
3281 1266 3442 1323 Δ).λᾶ
3482 1268 3579 1322 καὶ
3633 1269 3693 1322 οἱ
3742 1267 3897 1341 ψίλ-

2212 1381 2323 1427 ται,
2356 1356 2715 1413 ἀποπολῖται
2754 1357 2844 1412 καὶ
2885 1358 3257 1435 ἁγιοσοφῖται,
3310 1364 3545 1425 συνῆσαν
3600 1362 3739 1419 τοῖς
3795 1355 3899 1425 61;-

2219 1468 2343 1521 μοις
2374 1445 2426 1501 ἓν
2445 1450 2565 1501 ταῖς
2608 1444 2803 1520 δοχαῖς
2837 1445 3234 1523 εὐφημοῦντες,
3268 1442 3531 1514 δηλονότι
3585 1446 3661 1500 τὰ
3716 1444 3897 1519 προχέ-

2214 1536 2447 1609 ῥηθέντα
2486 1535 2537 1589 ἐν
2558 1539 2628 1608 τῇ
2661 1532 2807 1612 δοχῇ
2840 1539 3132 1610 φοροῦντες
3164 1533 3470 1607 ἀλλάξιμα.
3522 1535 3602 1591 Τὸ
3649 1532 3716 1589 δὲ
3774 1554 3899 1605 τρι-

2214 1620 2531 1695 ϐουνάλιον,
2561 1623 2613 1678 ἐν
2647 1625 2691 1695 ᾧ
2739 1623 2875 1678 κατᾶ
2934 1622 3106 1679 τύπον
3157 1621 3405 1679 ’ίστανται
3456 1625 3508 1677 οἱ
3572 1624 3747 1699 cllo:
3809 1624 3897 1676 καὶ

2214 1713 2504 1787 Θεωροῦσιν
2549 1713 2640 1767 τὸν
2699 1712 2953 1787 βασιλέα,
3010 1712 3266 1774 ἀπιόντος
3334 1710 3386 1766 ἐν
3446 1716 3528 1782 τῷ
3592 1710 3899 1786 προκὲνσῳ

2220 1808 2321 1871 τῆς
2379 1800 2670 1872 ἐκκλησίας
2709 1801 2799 1856 καὶ
2846 1800 3014 1857 πάλιν
3070 1799 3529 1879 ὑποστρέφοντος,
3563 1797 3898 1871 ἒξωπλίσῦη

2223 1892 2356 1946 κατὰ
2404 1891 2504 1960 τήν
2553 1890 2950 1967 προρρηθεῖσαν
2988 1897 3090 1959 τῆς
3128 1888 3306 1968 δοχῆς
3353 1889 3664 1959 ἐξόπλισιν.
3723 1892 3789 1947 Ὀ
3840 1888 3899 1943 δὲ

2223 1983 2322 2053 τῇς
2371 1981 2530 2053 ἁγίας
2582 1978 2787 2056 Σοφίας
2846 1978 3019 2056 μέγας
3075 1980 3197 2041 ναὸς
3252 1977 3570 2049 ἐξωπλίσθη
3634 1980 3787 2034 κατὰ
3834 1980 3894 2033 τὸ

2224 2070 2414 2134 εἰωθὸς
2452 2076 2550 2125 τοῦ
2590 2071 2802 2145 Πάσχα.
2849 2070 2943 2131 Εἰς
3002 2068 3060 2125 δὲ
3114 2072 3183 2125 τὰ
3218 2070 3639 2146 κατηχούμενα,
3707 2072 3889 2147 ἤγουν

2223 2156 2422 2223 ἄνωθεν
2488 2163 2595 2213 τῶν
2678 2157 2980 2233 βασιλικῶν
3058 2159 3272 2229 πυλῶν,
3330 2159 3762 2235 ἐκρεμάσθησαν
3829 2163 3893 2213 τὲ

2227 2252 2401 2322 χρυσᾶ
2469 2248 2620 2321 βῆλα
2666 2252 2774 2302 τῶν
2828 2247 3027 2302 κιόνων
3066 2252 3165 2303 τοῦ
3231 2243 3498 2324 κιϐωρίου
3561 2248 3661 2301 καὶ
3740 2247 3895 2319 ἕτερα

2228 2334 2376 2411 βῆλα
2405 2336 2494 2391 καὶ
2540 2334 2748 2391 ἐνδυταὶ
2798 2336 2905 2392 ἀπο
2936 2357 2995 2392 τε
3043 2343 3142 2406 τῆς
3203 2336 3356 2411 ἁγίας
3406 2337 3615 2410 Σοφίας
3654 2338 3759 2391 καὶ
3799 2341 3893 2403 τῆς

2223 2423 2363 2487 Νέας
2395 2424 2705 2495 ἐκκλησίας
2739 2424 2885 2481 ἀλλᾶ
2914 2426 3004 2480 καὶ
3036 2422 3291 2481 ἅλυσίδια
3340 2424 3574 2480 πλεῖστα
3603 2425 3727 2480 ἀπὸ
3779 2424 3897 2480 δια-

2224 2513 2404 2591 φόρων
2456 2511 2787 2583 ἐκκλησιῶν,
2834 2514 2925 2569 καὶ
2973 2514 3040 2568 τὰ
3084 2521 3184 2583 τῆς
3233 2515 3367 2575 Νέας
3424 2516 3597 2569 πάντα
3670 2514 3897 2590 μεγαλα

2223 2600 2639 2673 πολυκάνδηλα.
2682 2600 2832 2658 ἀλλὰ
2882 2602 2973 2657 καὶ
3027 2604 3310 2675 στέμματα
3356 2603 3445 2657 καὶ
3502 2600 3757 2680 διάφορα
3812 2605 3902 2678 ἐρ·

2224 2692 2520 2766 γομούκια,
2553 2691 2771 2765 σταυροί
2803 2712 2861 2745 τε
2884 2697 3084 2767 χρυσοῖ
3117 2689 3359 2756 διάλιθοι
3390 2693 3481 2747 καὶ
3510 2693 3739 2766 πτυχία
3791 2694 3900 2749 Εὐ-

2224 2780 2495 2855 αγγεΛίων
2565 2779 2734 2835 ἐκεῖσε
2771 2779 3114 2855 ἱδρύνθησαν.
3146 2781 3230 2838 Τὰ
3286 2778 3345 2836 δὲ
3410 2781 3533 2853 ἑξῆς
3584 2788 3695 2851 τῆς
3758 2804 3897 2857 προσ

2224 2867 2489 2930 ιλεύσεως
2536 2867 2791 2939 ἐκελὲσθη
2848 2870 2987 2925 κατᾶ
3041 2870 3131 2925 τὸν
3198 2869 3431 2934 εἰωθότα
3472 2868 3676 2927 τύπον.
3716 2874 3810 2945 Τῇ
3843 2870 3899 2926 ξε

2224 2956 2405 3031 ἰννάτῃ
2433 2962 2530 3012 τοῦ
2589 2957 2912 3034 Αὐγούστου
2965 2959 3156 3031 μηνὸς,
3206 2958 3392 3032 ἡμέρᾳ
3439 2961 3720 3032 κυριακῇ,
3776 2958 3895 3035 ἦγέ.

2225 3067 2346 3101 νετο
2389 3044 2707 3121 κλητώριον
2751 3044 2803 3101 ἐν
2851 3051 2931 3119 τῷ
2990 3045 3255 3120 τρικλίνῳ
3311 3050 3410 3102 τοῦ
3468 3047 3897 3115 Ἰουστινιανοῦ,

2228 3134 2449 3206 ἐξῆλθεν
2484 3132 2542 3189 δὲ
2569 3136 2632 3189 τὸ
2684 3133 2992 3213 ἁνάγλυφον
3051 3135 3289 3208 ἀσήμιον
3330 3137 3376 3173 ²⁰
3422 3135 3486 3189 τὸ
3529 3134 3899 3208 ἑναποκείμς·

472 3197 664 3295 modo,
712 3242 825 3295 quo
856 3226 1001 3281 solet
1032 3197 1133 3296 per
1164 3226 1371 3281 festum
1404 3197 1706 3280 i’aschatis
1746 3241 1894 3280 esse.
1925 3226 1989 3279 In
2022 3197 2114 3279 ca-

2228 3246 2317 3280 νον
2377 3225 2427 3279 ἐν
2473 3229 2554 3297 τῷ
2588 3224 2878 3299 βεστιαρίῳ
2929 3231 3031 3281 τοῦ
3091 3230 3382 3301 Καριανοῦ,
3440 3226 3530 3280 καὶ
3595 3224 3670 3281 δι’
3736 3228 3899 3282 αὐτοῦ

472 3315 835 3371 techumenis
893 3330 996 3368 seu
1042 3330 1216 3383 supra
1274 3318 1499 3384 portam
1561 3313 1779 3382 regiam
1834 3327 2119 3383 suspensa

472 3409 639 3460 erant
668 3418 842 3457 aurea
872 3401 996 3457 vela
1017 3401 1425 3457 columnarum
1474 3401 1679 3456 ciborii
1727 3400 1958 3472 aliaque
1995 3400 2120 3456 vela

472 3497 531 3545 et
560 3493 824 3555 instrata,
869 3496 986 3544 tam
1017 3505 1049 3545 e
1095 3490 1305 3545 Sancta
1359 3488 1574 3559 Sophia
1620 3505 1796 3559 quam
1838 3504 1907 3545 ex
1963 3489 2119 3546 Nova

470 3576 716 3633 ecclesia
738 3579 951 3648 petita:
984 3576 1124 3631 item
1156 3583 1371 3632 catena:
1415 3575 1591 3631 variis
1629 3593 1700 3633 ex
1731 3577 1994 3633 ecclesiis
2017 3578 2117 3634 de-

472 3670 779 3740 prompta,
810 3682 841 3721 e
863 3666 1081 3737 quibus
1094 3665 1503 3736 dependebant
1534 3682 1738 3737 magna
1752 3666 1919 3722 Novaa
1935 3666 2119 3723 eccle-

470 3754 568 3809 sia:
598 3752 1013 3825 polycandela;
1054 3752 1193 3807 item
1224 3752 1421 3807 infula:
1479 3757 1535 3807 et
1563 3755 1725 3809 varia
1781 3754 2119 3825 ergomucia

470 3857 787 3911 crucesque
824 3856 1010 3896 aurea)
1044 3846 1369 3912 geminatae,
1411 3841 1636 3895 codices
1682 3842 2115 3913 evangeliorum

472 3928 798 4001 quoqueibi
821 3928 1267 3983 collocabantur.
1330 3928 1569 3999 Reliqua
1602 3929 1984 4001 processionis
2015 3931 2117 3986 tie-

472 4018 614 4073 bant
642 4020 966 4073 secundum
999 4023 1339 4073 consuetam
1374 4021 1638 4074 formam.
1684 4018 1789 4074 Die
1822 4035 1974 4074 nona
2006 4026 2116 4073 Au-

471 4107 624 4179 gusti
655 4108 973 4176 eademque
1015 4106 1317 4161 Dominica
1347 4108 1743 4163 celebrabatur
1807 4109 2113 4163 cletorium

471 4213 574 4254 seu
593 4212 822 4252 sacrum
845 4195 1082 4251 solenne
1112 4197 1442 4251 convivium
1474 4196 1801 4252 intriclinio
1822 4194 2111 4251 Justinia-

471 4286 552 4340 ni.
585 4284 1011 4341 Producebatur
1039 4289 1164 4339 tum
1196 4284 1521 4356 anaglypha
1568 4301 1666 4340 seu
1716 4291 1982 4341 exstante
2011 4301 2113 4340 cm-

416 4418 427 4424 -
470 4373 658 4427 latura
686 4372 996 4443 conspicua
1026 4374 1633 4444 suppellexargentea,
1668 4390 1799 4445 quas
1819 4374 1879 4429 in
1902 4373 2109 4429 vestia-

468 4463 552 4514 rio
582 4460 807 4514 Cariani
838 4461 986 4515 solet
1024 4463 1325 4530 asservari,
1377 4462 1435 4517 in
1488 4479 1672 4536 eaque
1712 4463 2111 4519 inferebantur

2224 3316 2443 3391 γὲγονεν
2501 3316 2536 3383 ἡ
2586 3318 2731 3369 πᾶσα
2786 3314 3054 3389 ὑπηρεσία
3112 3320 3210 3370 τοῦ
3279 3315 3600 3389 τραπεζίου·
3674 3316 3899 3389 ἔπαιξα-ι

2228 3399 2286 3457 δὲ
2343 3402 2433 3457 καὶ
2490 3403 2559 3457 τὰ
2613 3402 2881 3476 θυμελικᾶ
2929 3406 3105 3459 πάντα
3160 3405 3408 3480 παίγνια.
3471 3406 3727 3479 Ἑφαγον
3762 3403 3821 3460 δὲ
3850 3406 3894 3458 ἐν

2224 3496 2305 3564 τῷ
2357 3491 2507 3565 αὐτῷ
2534 3491 2833 3569 κλητωρίῳ
2864 3493 2915 3548 οἱ
2949 3490 3047 3549 δύο
3078 3491 3231 3568 φίλοι
3263 3497 3520 3567 Ταρσῖται
3574 3494 3672 3549 καὶ
3709 3496 3767 3549 οἱ
3809 3495 3896 3549 ἇν-

2228 3591 2438 3655 θρωποι
2473 3580 2673 3650 αὐτῶν,
2714 3582 2806 3636 καὶ
2850 3579 3040 3655 δέσμοι
3084 3585 3201 3655 (31)
3236 3582 3342 3637 ἀπὸ
3393 3587 3492 3638 τοῦ
3540 3586 3893 3657 πραιτωρίου

2227 3671 2489 3743 Ταρσῖται
2526 3671 2597 3742 μ’.
2629 3666 2870 3727 Ἕλαϐον
2918 3668 2973 3725 δὲ
3023 3670 3075 3726 ἒν
3117 3677 3347 3745 χρυσοῖς
3397 3671 3799 3734 σγουτελλίοις
3849 3676 3897 3727 οἱ

2231 3758 2324 3832 μὶν
2359 3756 2455 3813 δύο
2486 3758 2644 3836 φίλοι
2676 3759 2776 3814 ἀνᾶ
2809 3759 3178 3833 μιλιαρησίων
3206 3766 3275 3837 φ’,
3310 3762 3361 3815 οἱ
3422 3758 3479 3816 δὲ
3537 3759 3743 3818 λοιποὶ
3809 3764 3899 3816 ἆν-

2227 3859 2438 3923 υρωποι
2471 3847 2648 3902 αὐτῶν
2680 3847 2804 3920 μιλ.
2828 3850 2894 3922 ⁸γ,
2930 3849 2981 3903 οἱ
3014 3846 3072 3903 δὲ
3105 3855 3157 3921 μ’
3189 3847 3404 3923 δέσμιοι
3460 3848 3585 3923 μιλ.
3641 3871 3716 3925 α..
3771 3856 3899 3909 Ἀπ-

2226 3937 2531 4007 εστάλησαν
2577 3934 2634 3991 δὲ
2681 3936 2772 3991 καὶ
2818 3941 2933 3998 τοῖς
2983 3936 3033 3992 ἐν
3079 3942 3162 4010 τῷ
3204 3939 3527 4012 πραιτωρίῳ
3588 3937 3896 4013 ἕναπομεί-

2223 4043 2372 4077 νασιν
2425 4020 2672 4095 δεσμίοις
2734 4022 2854 4096 μιλ.
2908 4026 3022 4080 Τοῦ
3093 4021 3149 4079 δὲ
3211 4024 3483 4100 βασιλέῶς
3527 4024 3894 4094 ἄναστάντος,

2224 4110 2583 4182 ἐκαθέσθησαν
2615 4111 2779 4166 πάλιν
2809 4113 2861 4167 οἱ
2893 4111 3050 4168 αὐτοὶ
3079 4113 3238 4191 φίλοι
3271 4112 3327 4169 ἐν
3376 4118 3457 4186 τῷ
3506 4112 3669 4187 δεξιῷ
3742 4118 3895 4190 μέρει

2220 4204 2317 4255 τοῦ
2372 4199 2538 4255 αὐτοῦ
2603 4200 2904 4276 τρικλίνου,
2964 4204 3080 4267 καθ’
3138 4204 3196 4257 ὃν
3244 4202 3570 4278 προείρηται
3650 4206 3894 4279 τρόπον.

2221 4289 2319 4344 Κιῖ
2377 4290 2757 4361 ἀπεστάλησαν
2804 4290 2970 4347 πάλιν
3031 4290 3217 4356 αὐτοῖς
3266 4290 3357 4348 διὰ
3400 4298 3747 4349 κοιτωνιτῶν
3797 4317 3899 4368 μοι

2221 4378 2454 4449 ριστικὰ,
2506 4378 2791 4453 στάγματά
2836 4402 2895 4435 τε
2950 4381 3041 4435 καὶ
3101 4380 3421 4455 ἀλείμματα
3503 4380 3727 4452 εὐώδη,
3816 4385 3900 4438 καὶ

2215 4466 2506 4540 νιψάμενοι
2562 4468 2653 4522 καὶ
2697 4465 3113 4533 εὐωδιασθὲντες
3161 4466 3392 4539 διῆλθον
3441 4468 3612 4525 πάλιν
3664 4468 3775 4526 διὰ
3809 4478 3898 4527 τοῦ

469 4549 649 4619 dapes
680 4549 969 4621 ﬁebatque
996 4552 1287 4622 reliquum
1329 4567 1501 4608 omne
1532 4554 1687 4608 circa
1718 4569 1972 4608 mensam
2007 4554 2103 4608 mi-

2220 4556 2675 4635 χρυσοτρικλίνου
2722 4557 2948 4613 καὶτῶν
2988 4556 3327 4613 ἀνατολικῶν
3382 4556 3605 4632 ειιυλῶν⁹
3657 4564 3797 4617 καθ’
3845 4562 3897 4617 ὅν

470 4638 797 4694 nisterium.
822 4640 1162 4712 Spectacula
1184 4642 1359 4697 simul
1390 4642 1673 4698 ludebant
1712 4659 1814 4697 seu
1863 4644 2120 4699 edeban-

2229 4644 2431 4721 τρόπον
2454 4648 2889 4721 προειρήκαμεν.

467 4733 567 4784 tur
594 4731 783 4787 omnis
813 4732 1040 4803 generis
1072 4733 1321 4789 scenica.
1354 4734 1823 4790 Convivabantur
1852 4738 1976 4790 tum
2004 4736 2177 4792 ambo
2204 4736 2376 4793 amici
2408 4753 2510 4793 seu
2544 4738 2715 4810 legati
2744 4744 2802 4795 et
2832 4737 3093 4813 hospitcs
3131 4741 3473 4812 Tarsenses,
3509 4759 3753 4815 unaque
3799 4762 3897 4802 co-

1838 4853 2072 4911 VARI/E
2110 4853 2518 4911 LECTIONES.

472 4990 475 4993 ν
540 4960 586 4995 ³ο
616 4955 820 5032 ἀσίμῃν
853 4959 979 5016 cod.
1022 4963 1078 5017 et
1108 4958 1223 5029 ed.,
1253 4964 1316 5016 ut
1338 4961 1573 5033 saepius.
1608 4961 1694 5018 Cf.
1719 4963 1788 5018 ad
1815 4978 1949 5036 pag.
1975 4964 2033 5021 7.

1478 5082 1680 5139 JOAN.
1718 5083 1859 5140 JAC.
1915 5084 2173 5141 REISKII
2229 5085 2823 5145 COMMENTARIUS.

538 5171 892 5244 (3l)(.'aptivi
921 5172 1189 5228 Saraceni
1246 5171 1625 5245 servabantur
1679 5170 1831 5245 olim~
1862 5173 1921 5227 in
1958 5188 2109 5245 prae-

470 5242 639 5312 torio,
666 5250 729 5300 ut
755 5242 929 5300 hodie
961 5245 1018 5299 in
1064 5242 1400 5315 septemrsic
1446 5244 1617 5297 dictis
1666 5243 1925 5315 turribus
1955 5242 2107 5309 CPli,

467 5321 567 5369 aut
599 5321 660 5370 ut
691 5316 750 5371 in
784 5316 1012 5371 urbium
1042 5314 1248 5369 Africae
1291 5314 1513 5368 balneis
1566 5314 1737 5368 hodie
1793 5314 2111 5370 Christiani

468 5392 774 5441 servantur
803 5392 859 5443 et
877 5388 937 5443 in
968 5386 1196 5442 balneis
1215 5384 1427 5440 Genuas
1450 5390 1624 5455 atque
1644 5384 1869 5439 Livorni
1906 5386 2110 5441 Turcaa

465 5458 633 5526 capti.
696 5458 874 5514 Multo
952 5458 1269 5513 humanius
1325 5455 1407 5509 illi
1486 5456 1695 5524 captivi
1748 5457 2017 5511 Saraceni
2081 5475 2114 5512 a

464 5529 677 5601 Graecis
708 5530 891 5601 impp.
927 5530 1512 5601 habebantuquuam
1546 5528 1759 5598 captivi
1788 5529 2114 5601 Christiani

462 5599 638 5672 hodie
664 5596 955 5656 habentur
984 5619 1014 5654 a
1036 5601 1264 5658 Turcis.
1288 5596 1413 5654 Non
1447 5596 1675 5653 tantum
1705 5600 1863 5654 enim
1906 5602 2112 5672 singu-

468 5671 543 5726 lis
609 5671 819 5728 diebus
885 5672 1201 5728 Dominicis
1286 5672 1691 5725 liberabantur
1760 5670 2025 5743 vinculis
2057 5675 2115 5725 et

2222 5175 2437 5261 Ope-ris,
2467 5175 2579 5230 vid.
2614 5174 2700 5231 Du
2730 5178 3010 5261 .Cang-e‘v.
3035 5177 3398 5261 inmanitas,
3418 5180 3893 5261 sed_eiiam_tota

2221 5247 2549 5316 septimana
2584 5247 2843 5317 paschali
2868 5247 3065 5304 'liheri
3095 5256 3261 5306 erant
3293 5270 3307 5319 ;
3341 5247 3469 5333 υἰά..
3517 5252 3794 5311 Durand.
3836 5272 3890 5326 p.

2218 5318 2345 5372 545.
2378 5331 2430 5373 c.
2487 5319 2609 5379 117,
2669 5322 2727 5373 et
2781 5320 3126 5379 spectabant
3197 5322 3368 5377 ludos
3421 5338 3724 5379 circenses
3781 5343 3890 5379 non

2222 5337 2345 5372 osa.
2378 5337 2430 5373 ο.
2487 5337 2609 5386 ιιι,
2669 5337 2727 5373 οι
2781 5337 3126 5390 spectabant
3197 5337 3368 5377 ludos
3421 5338 3724 5382 circenses
3781 5343 3890 5381 non

2222 5389 2420 5464 minus
2444 5405 2625 5464 quam
2654 5389 2768 5461 ipsi
2798 5392 2953 5446 cives
2977 5407 3000 5464 εί
3026 5392 3141 5447 vid.
3175 5392 3329 5464 infra
3350 5409 3406 5464 p.
3443 5394 3573 5463 359,
3599 5403 3660 5452 et
3701 5398 3890 5453 inter-

2221 5460 2362 5514 dum
2396 5460 2827 5533 adhibebantur
2857 5463 3039 5518 sacris
3097 5463 3283 5533 epulis
3311 5460 3370 5520 et
3414 5460 3807 5525 refectionem
3836 5468 3893 5522 in

2223 5531 2483 5606 nummis
2511 5538 2563 5606 et
2606 5533 2871 5606 vestibus
2929 5531 3309 5606 accipiebant,
3342 5540 3408 5590 ut
3452 5551 3483 5592 e
3513 5539 3697 5594 variis
3749 5538 3895 5596 locis

2221 5602 2407 5659 nostri
2437 5602 2654 5660 codicis
2700 5609 2970 5675 constat;
3005 5602 3122 5661 vid.
3155 5607 3224 5663 ad
3253 5623 3313 5678 p.
3354 5606 3465 5665 353
3502 5608 3791 5671 dicenda.
