4060 6214
414 350 571 411 110³7

1470 343 2001 407 CONS’I’ANTINI
2044 338 2745 405 PORPHYROGENITI

3682 346 3839 408 1108

413 490 530 546 dati
564 502 598 545 a
629 484 831 543 dextra
852 490 1020 557 atque
1044 483 1286 540 sinistra
1307 485 1470 555 parte
1488 482 1760 552 ejusdem
1781 478 2049 545 triclinii,

2189 477 2253 530 ιαὶ
2296 477 2350 530 οἱ
2397 472 2708 531 κανδιδάτοι
2740 473 2887 549 δεξιᾷ
2913 474 3007 532 καὶ
3057 477 3313 551 ἀριστερᾷ
3345 482 3446 533 τοῦ
3498 477 3673 533 αότοῦ
3717 498 3837 553 τρι-

416 578 474 633 in
508 576 932 648 scaramangiis
963 580 1021 629 et
1049 571 1479 637 candidatioiis,
1511 575 1773 626 “nentes
1803 575 2061 625 Romana

417 671 646 734 sceptra
665 670 721 721 et
732 664 1001 737 cutychla
1014 667 1070 718 et
1098 662 1326 733 reliqua
1342 659 1598 732 pretiosa
1612 674 1770 717 vasa.
1795 659 2058 715 Primum

417 756 650 828 quidem
682 752 1089 810 introducebat
1121 751 1419 822 logothsta
1449 747 1768 805 Tarsenses
1816 750 2060 815 amicos,

417 846 518 917 qui
550 856 684 899 cum
716 843 862 899 satis
890 843 960 899 de
1006 843 1132 897 suis
1180 841 1356 895 rebus
1403 838 1739 909 imperatori
1787 836 2059 894 collocuti

418 934 684 999 fuissent,
713 929 1106 999 eaihant,vale
1126 929 1303 997 dicto,
1335 932 1390 984 et
1419 926 1767 983 desidebant
1786 926 1845 981 in
1878 925 2059 981 tricli-

417 1024 513 1078 nio
542 1021 727 1089 trulli,
761 1021 858 1091 qui
893 1020 1238 1089 vulgooatos
1269 1015 2058 1087 seuovatumappellari,sed

418 1111 592 1179 male,
622 1110 789 1166 solet.
814 1110 987 1165 Oatos
1007 1108 1163 1163 enim
1185 1112 1274 1163 est
1297 1106 1575 1162 scrinium
1601 1105 1937 1161 chartarum
1968 1120 2059 1160 sa-

418 1200 568 1257 celli.
629 1199 915 1271 Digressis
962 1197 1157 1268 itaque
1218 1194 1621 1262 Tarsensihus,
1678 1193 2063 1249 amiciebatur

419 1290 737 1361 imperator
788 1287 1143 1357 octangulari
1203 1285 1418 1353 tunica,
1451 1287 1508 1340 et
1560 1283 1837 1338 induebat
1882 1284 2058 1354 capiti

421 1392 698 1450 magnam
731 1376 1038 1433 candidam
1090 1372 1352 1442 infulam,
1384 1377 1442 1429 et
1496 1372 1582 1428 sic
1629 1370 1971 1429 oonsidebat
1999 1372 2059 1427 in

422 1468 632 1523 throno
672 1465 1038 1531 Selomoneo,
1067 1464 1358 1534 ﬁebatqus
1406 1461 1551 1533 ipsa,
1583 1463 1652 1517 de
1700 1475 1817 1533 qua
1874 1460 2064 1516 dicere

420 1554 724 1627 capimus,
778 1553 1029 1625 receptio
1076 1553 1279 1608 eodem
1312 1566 1415 1623 per
1471 1550 1667 1606 omnia
1719 1550 1915 1615 modo,
1946 1561 2065 1621 quo

422 1642 677 1700 diximus
702 1645 1086 1715 receptionem
1109 1639 1485 1697 Tarsensium
1508 1640 1824 1695 amicorum
1850 1640 2059 1694 factam

421 1734 625 1789 fuisse.
659 1734 943 1803 Egressus
972 1738 1027 1787 et
1054 1730 1153 1786 ille
1200 1729 1640 1801 [apocrisiarius
1689 1727 2061 1783 Hamdanidaa

422 1823 587 1892 puta]
626 1819 1017 1875 collocabatur
1059 1823 1222 1874 extra
1269 1816 1503 1872 Domini
1553 1814 1855 1871 ecclesiam
1905 1830 1973 1872 eo
2002 1816 2062 1870 in

424 1910 573 1978 loco,
606 1909 707 1963 ubi
738 1907 963 1963 domini
996 1906 1189 1962 solent
1218 1904 1435 1961 infulas
1464 1905 1727 1974 induere,
1750 1905 1985 1976 quando
2012 1904 2070 1959 in

425 1996 592 2067 equis
608 1996 917 2067 procedere
928 1994 1217 2049 voluntad
1236 1994 1523 2065 templum
1543 1995 1889 2049 Sanctorum
1927 1998 2080 2065 Apo-

433 2085 716 2141 stolorum
733 2084 875 2140 feria
891 2084 1149 2141 secunda
1164 2085 1368 2155 septim
1382 2098 1503 2137 ante
1526 2083 1910 2139 renovationls
1931 2083 2079 2154 [aut,

431 2175 583 2246 quod
611 2174 791 2243 idem,
824 2174 1083 2230 secundo
1113 2172 1206 2228 die
1238 2174 1381 2228 festo
1412 2170 1756 2243 Paschalis],
1788 2180 1842 2228 et
1884 2173 2080 2229 Domi-

433 2266 568 2321 nica
598 2280 747 2320 nova
777 2279 880 2319 seu
905 2265 961 2319 in
994 2262 1164 2319 albis.
1190 2263 1400 2318 Eodem
1432 2260 1561 2333 ipso
1591 2262 1687 2319 die
1702 2262 1881 2319 ﬁebat
1902 2262 2079 2320 cleto-

432 2352 587 2408 rium
616 2354 676 2409 in
708 2369 909 2425 magno
940 2352 1195 2409 triclinio
1248 2350 1652 2408 novemdecim
1713 2352 2082 2407 accubituum

429 2442 753 2499 secundum
784 2444 964 2498 ritum
988 2441 1322 2498 etordinem
1347 2440 1791 2496 dodecahemeri
1813 2440 1936 2513 [seu
1952 2456 2083 2498 con-

429 2529 565 2586 vivii
590 2547 692 2603 per
724 2528 1030 2586 duodecim
1054 2546 1087 2584 a
1110 2529 1255 2586 festo
1285 2526 1617 2585 Nativitatis
1648 2526 1859 2585 Christi
1890 2529 2080 2601 proxi-

438 2634 570 2675 mos
601 2618 722 2674 dies
754 2616 1033 2674 celebrari
1060 2616 1261 2687 soliti].
1302 2618 1557 2672 Aderant
1581 2617 1736 2672 enim
1770 2619 2081 2688 praefectus

439 2706 641 2763 sacelli
691 2710 747 2761 et
792 2703 1047 2761 vestiarii
1080 2709 1134 2761 et
1164 2718 1363 2761 comes
1392 2706 1475 2761 rei
1508 2705 1761 2776 privata,
1792 2720 1923 2761 cum
1956 2706 2081 2761 suis

444 2797 697 2869 quisque
714 2796 955 2854 notariis
980 2813 993 2864 ;
1022 2796 1101 2852 uti
1133 2803 1185 2854 et
1208 2811 1410 2853 omnes
1432 2796 1501 2851 ad
1526 2794 1865 2852 cubiculum
1900 2796 2081 2868 perti-

443 2886 637 2942 nentis
668 2884 727 2940 in
762 2883 887 2940 suis
924 2882 1253 2941 mutatoriis
1269 2882 1811 2956 aecundumtypum
1836 2883 2081 2941 dodcca-

432 2975 681 3033 hemeri.
713 2976 775 3032 In
794 2975 997 3031 dextra
1016 2980 1209 3031 autem
1233 2990 1440 3031 versus
1462 2974 1823 3031 occidentem
1850 2976 2085 3047 regione

432 3064 622 3121 stabat
637 3063 1102 3136 paratrapezium
1122 3063 1246 3133 [seu
1260 3063 1529 3119 mensula
1541 3062 1820 3130 lateraiis,
1843 3065 2080 3120 credens

2170 565 2366 620 κλίνου
2422 566 2560 639 μιτὰ
2594 566 3016 643 σκαραμαγγίων
3065 567 3154 621 καί
3196 572 3325 642 λιτῶν
3391 564 3833 624 κανδιδατικίινν.

2169 658 2489 728 κρατοῦντες
2536 653 2601 708 τά
2644 670 2704 709 τε
2757 655 3009 727 Ῥωμαῖα
3050 663 3301 732 σκῆπτρα
3352 658 3445 712 καὶ
3505 659 3574 713 τὰ
3631 664 3836 733 stt-alia

2167 742 2257 797 καὶ
2316 741 2487 798 λοιπὰ
2544 743 2730 815 σκεύη,
2778 744 2871 799 καὶ
2921 744 3202 820 εισήγαγεν
3270 747 3299 801 ὁ
3344 747 3659 821 λογοθὲτης
3718 750 3837 809 τους

2168 829 2368 907 φίλους
2425 830 2689 906 Ταρσξτας
2750 834 3122 907 Σαρακηνοὺς,
3185 835 3278 889 καὶ
3363 834 3669 891 “adolasz
3753 840 3837 891 se.

2172 919 2423 993 ﬂuctum,
2492 922 2581 976 καὶ
2631 920 2730 976 ὅσα
2777 917 3071 978 ἰδούλοντο
3128 924 3323 993 εἰπεῖν,
3380 925 3698 994 ἰλᾶλησαν,
3757 930 3842 980 καὶ

2169 1008 2687 1085 ἆποχαιρετίσαντες
2735 1009 2961 1082 ἰξίεσαν,
3010 1012 3101 1066 καί
3159 1011 3491 1076 ἀπελθόντες
3547 1012 3845 1083 incohet,-

2168 1116 2261 1152 σαν
2283 1097 2337 1153 ἂν
2369 1104 2447 1171 τῷ
2476 1098 2737 1175 τρικλίνῳ
2786 1105 2883 1155 τοῦ
2920 1101 3227 1176 τρούλλου,
3264 1105 3356 1157 τόν
3390 1104 3539 1178 παρὰ
3598 1103 3848 1165 πολλοῖς

2165 1191 2347 1249 κακῶς
2375 1188 2549 1243 ὼάτον
2590 1187 2909 1263 λεγόμενοψ
2963 1190 3138 1251 ὠάτος
3196 1192 3302 1265 γὰρ
3356 1193 3419 1247 τὸ
3470 1192 3658 1248 ἐκεῖσε
3718 1214 3854 1272 χαρ-

2168 1276 2419 1338 τοθεσίον
2469 1284 2570 1346 τῆς
2622 1276 2897 1349 σακὲλλης
2949 1277 3297 1351 ὀνομάζεται.
3348 1282 3445 1336 Καὶ
3497 1283 3600 1337 αἴθ’
3667 1284 3847 1343 οὕτως

2168 1360 2645 1439 περιϐαλλόμενος
2677 1368 2704 1422 ὁ
2751 1366 3008 1442 βασιλεὺς
3059 1369 3122 1423 τὸ
3172 1366 3481 1441 ὀκτάγωνον
3548 1370 3851 1446 χλανίδιον

2168 1453 2354 1511 καὶτὸ
2394 1453 2598 1529 ἅσπρον
2650 1456 2793 1532 μιγα
2855 1454 3093 1530 στέμμα,
3127 1456 3385 1529 ἰκαθὲσθη
3438 1459 3527 1515 ἰπὶ
3578 1463 3690 1515 τοῦ
3743 1467 3848 1516 Σο-

2173 1540 2523 1615 λομωντείου
2556 1545 2776 1622 θρόνου,
2809 1546 2897 1600 καὶ
2951 1546 3120 1600 πάντα
3149 1548 3218 1601 τὰ
3263 1554 3363 1617 τῆς
3402 1545 3582 1623 δοχῆς
3621 1550 3849 1625 γέγονεν

2166 1632 2303 1686 κατὰ
2332 1633 2432 1702 τὴν
2479 1634 2848 1710 προρρηθεῖαν
2900 1632 3074 1709 δοχὴν
3121 1638 3229 1691 τῶν
3271 1632 3449 1712 φίλων
3514 1640 3848 1712 Ταρσιτῦλν.

2175 1724 2385 1782 Τούτου
2418 1721 2475 1779 δὶ
2524 1723 2863 1795 ἐξελθόντος,
2921 1723 3182 1795 ὶκαθὲσθη
3234 1725 3323 1780 καὶ
3372 1728 3541 1789 αὐτὸς
3601 1725 3717 1798 ἔξω
3746 1736 3849 1797 τῆς

2178 1817 2280 1869 τοῦ
2340 1813 2551 1888 Κυρίου
2615 1813 2909 1884 ἐκκλησίας
2953 1811 3005 1869 ἰν
3042 1816 3087 1887 ᾧ
3115 1815 3271 1888 τόπῳ
3318 1816 3609 1894 στέφονται
3661 1820 3719 1871 ol
3754 1821 3853 1891 pa-

2182 1904 2375 1974 σιλεῖς,
2442 1902 2733 1977 μέλλοντες
2790 1905 2999 1960 ἀπιέναι
3047 1904 3274 1981 ἔφιπποι
3332 1906 3386 1961 ἐν
3443 1912 3523 1979 τῷ
3571 1913 3696 1979 ναῷ
3740 1914 3847 1962 τῶν

2189 1993 2382 2069 Ἀγίων
2432 1992 2807 2065 Ἀποστόλων,
2857 1999 2926 2067 τῇ
2981 1992 3202 2069 δευτέρᾳ
3247 2000 3351 2064 τῆς
3406 1994 3847 2069 διακαινησέμου

2186 2082 2378 2155 καὶέτῆ
2423 2087 2584 2157 καινῇ
2635 2088 2897 2157 Κυριακῇ.
2954 2087 3038 2157 Τῇ
3089 2082 3145 2137 δὲ
3209 2084 3346 2157 αὐτῇ
3396 2086 3579 2158 ἡμέρᾳ
3630 2084 3850 2159 ἇγὲνιτο

2186 2168 2498 2248 κλητώριον
2536 2170 2587 2227 ἒν
2632 2176 2711 2245 τῷ
2752 2169 2975 2246 μεγάλῳ
3013 2169 3276 2246 τρικλίνῳ
3332 2179 3437 2228 τῶν
3502 2177 3572 2229 ιϐ’
3610 2172 3851 2230 ἆκουϐί-

2188 2282 2293 2316 των
2328 2262 2464 2317 κατὰ
2491 2263 2582 2316 τὸν
2622 2261 2791 2319 τύπον
2840 2262 2931 2316 καὶ
2974 2263 3072 2331 τήν
3129 2263 3277 2333 τάξιν
3317 2270 3417 2332 τῆς
3480 2261 3854 2338 δωδεκαημέο

2191 2371 2306 2425 ρου.
2344 2356 2688 2425 Ιιαρεστησαν
2718 2349 2875 2425 γᾶρὸ
2905 2370 2961 2405 τε
3010 2355 3107 2406 τοῦ
3166 2350 3458 2407 σακελλίου
3505 2354 3599 2408 καῖ
3665 2357 3697 2409 ὁ
3753 2360 3852 2409 τοῦ

2195 2437 2502 2517 βεστιαρίου
2559 2440 2643 2495 καὶ
2690 2439 2717 2494 ὁ
2765 2436 2963 2502 εἲδικὸς
3022 2440 3156 2514 μετὰ
3210 2445 3317 2495 τῶν
3348 2438 3500 2496 ἰδίων
3545 2444 3853 2519 νοταρίων.

2191 2527 2401 2601 ὁμοίως
2434 2527 2525 2584 καὶ
2559 2529 2611 2583 οἱ
2640 2531 2737 2583 τοῦ
2778 2522 3196 2598 κουϐουκλείου,
3227 2531 3419 2595 πάντες
3481 2533 3621 2604 μετᾶ
3670 2529 3859 2588 ἀλλα-

2189 2616 2361 2687 είμων
2391 2620 2529 2673 κατὰ
2557 2618 2649 2672 τὸν
2672 2617 2869 2692 ζτύπον
2900 2625 3001 2687 τῆς
3034 2615 3480 2693 δωδεκαημίρου.
3512 2622 3607 2678 Ἐν
3662 2617 3726 2677 δὴ
3774 2628 3862 2695 τῷ

2191 2701 2348 2777 δεξιῷ
2377 2706 2515 2768 πρὸς
2548 2703 2698 2760 δύσιν
2752 2706 2901 2781 μὲρει
2959 2702 3087 2779 ἔστη
3137 2707 3573 2782 παρατραπὲζιον
3639 2731 3860 2786 στρογ-

2191 2791 2359 2872 γύλον
2407 2791 2496 2848 διᾶ
2552 2794 2613 2849 τὸ
2648 2796 2723 2868 μή
2781 2792 2934 2870 δόξαι
2966 2797 3092 2861 τοὺς
3123 2797 3317 2873 φίλους
3352 2802 3713 2874 Σαρακηνοὺς
3744 2796 3859 2857 ἔτε-

2192 2903 2282 2959 ρος
2332 2883 2426 2939 τοῦ
2485 2884 2668 2959 ἐτέρου
2746 2886 3189 2960 προκαϐἐξεσθαι.
3243 2885 3636 2957 ’διαθέσθησιν
3692 2884 3757 2945 δὲ
3804 2890 3859 2944 ἐν

2192 2972 2340 3044 αὐτῷ
2369 2977 2450 3045 τῷ
2507 2975 2931 3049 παρατραπεζίῳ
2987 2976 3014 3029 ὁ
3076 2976 3375 3050 μάλιστρος
3426 2978 3653 3051 Κοσμᾶς
3692 2981 3791 3033 καὶ
3830 2983 3857 3034 ό

2188 3063 2685 3136 παρακοιμώμενος
2706 3064 2792 3119 καὶ
2822 3066 2873 3117 οἱ
2906 3061 3002 3119 δύο
3032 3070 3291 3141 Ταρσῖται
3324 3064 3477 3143 φίλοι
3531 3066 3625 3120 καὶ
3671 3069 3703 3122 ὁ
3757 3073 3858 3123 τοῦ

430 3152 556 3228 tia],
590 3132 842 3211 rotunda
866 3132 1153 3221 {rotunda
1181 3168 1314 3210 vero
1333 3159 1451 3208 erat
1482 3166 1551 3207 ea
1578 3151 1731 3221 ideo,
1767 3168 1837 3209 ne
1860 3154 2079 3209 amico-

2189 3148 2583 3227 Ἀποχαμῦδᾶν
2618 3153 3055 3228 ἀποκρισιάριος.

429 3260 557 3301 rum
609 3248 1029 3301 Saracenorum
1086 3260 1239 3301 unus
1297 3243 1355 3299 in
1416 3243 1674 3301 sessione
1731 3242 1839 3299 sibi
1900 3243 2217 3314 prmhaberi
2278 3247 2505 3313 putaret
2563 3260 2746 3316 eoque
2805 3246 3079 3316 injuriam
3143 3244 3283 3318 pati.
3352 3246 3713 3303 Assidebant
3771 3249 3856 3303 illi

429 3332 737 3390 oredentias
768 3334 1045 3404 magister
1072 3339 1125 3387 et
1158 3346 1695 3404 paraommomenus
1722 3330 1963 3385 Cosmus
1996 3336 2054 3387 et
2086 3330 2201 3385 duo
2231 3331 2543 3389 Tarsenses
2573 3334 2741 3388 amici
2774 3340 2826 3388 et
2858 3334 3266 3404 apocrisiarius
3298 3334 3709 3392 Hamdanidas.

860 3422 988 3477 Alia
1016 3423 1254 3492 receptio
1284 3420 1434 3489 Elyae
1469 3423 1680 3475 ﬂuam.

502 3509 722 3567 Mensis
752 3510 1111 3584 Septembris
1138 3509 1232 3566 die
1263 3524 1439 3577 nono,
1472 3506 1619 3566 feria
1644 3510 1873 3582 quarta,
1909 3507 2087 3565 fiebat

434 3601 687 3670 receptio
716 3598 931 3655 similis
962 3596 1311 3668 pracedenti
1340 3599 1413 3655 ob
1444 3599 1759 3655 adventum
1792 3597 1961 3669 Elge,
1995 3616 2088 3654 ar-

436 3688 752 3745 cbontissa
786 3687 868 3744 vel
908 3687 1278 3762 principissas
1307 3688 1495 3744 Rosia
1526 3688 1614 3744 vel
1664 3688 1913 3744 Russias.
1958 3688 2091 3759 Ipsa

437 3777 696 3834 intrabat
717 3776 1076 3834 archontissa
1108 3792 1242 3835 cum
1267 3777 1497 3849 agnatis
1518 3777 1645 3833 suis
1665 3776 1899 3833 feminis
1930 3776 2090 3850 prin-

438 3864 645 3941 cipalis
675 3866 981 3940 sanguinis
1014 3871 1071 3924 et
1092 3865 1445 3924 conditionis
1477 3873 1529 3923 et
1562 3865 1894 3923 famulabus
1915 3864 2091 3926 bone.

437 3956 737 4014 stioribus.
763 3957 960 4014 Prima
980 3957 1236 4013 ducebat
1259 3956 1503 4013 chorum
1528 3957 1657 4028 ipsa
1679 3956 2088 4030 archontissa;

437 4048 672 4120 reliquae
720 4050 1118 4120 sequebantur
1148 4046 1207 4103 in
1236 4048 1457 4117 ordine,
1493 4062 1608 4104 una
1651 4051 1780 4118 post
1818 4048 2088 4105 alteram.

439 4137 645 4195 Stabat
671 4138 809 4213 Elga
836 4138 897 4194 in
929 4153 995 4195 eo
1024 4137 1173 4204 loco,
1204 4153 1235 4193 e
1274 4153 1390 4213 quo
1450 4135 1743 4211 logotheta
1791 4135 1935 4192 solet
1987 4152 2087 4193 no-

441 4230 603 4287 mine
634 4226 1006 4301 imperatoris
1038 4227 1286 4300 legatos,
1319 4227 1533 4301 quibus
1578 4225 1862 4283 admissio
1893 4224 2087 4282 indul-

440 4321 633 4386 getur,
662 4317 1042 4389 interrogare.
1074 4314 1230 4373 Pone
1261 4331 1387 4372 eam
1419 4315 1718 4371 intrabant
1761 4315 2087 4386 principum

446 4405 669 4459 Russias
700 4405 857 4461 844
882 4404 1245 4478 apocrisiarii
1296 4406 1355 4461 et
1399 4402 1785 4476 negotiatores
1816 4403 1962 4475 [CPli
1994 4404 2093 4459 ha-

2413 3420 2605 3493 Ἐτὲρα
2636 3415 2781 3495 δοχή
2814 3427 2913 3491 τῆς
2942 3421 3147 3496 Ἕλγας
3183 3429 3282 3491 τῆς
3331 3421 3628 3491 Ῥωσὲνης.

2197 3508 2335 3573 Μηνὶ
2383 3502 2741 3583 Σεπτεμϐρίῳ
2799 3508 2865 3579 θ’,
2923 3510 3103 3586 ἡμέρᾳ
3163 3505 3224 3578 δ’,
3280 3508 3485 3585 ἐγένετο
3533 3509 3688 3587 δοχῆ
3722 3517 3864 3568 κατά

2198 3589 2372 3649 πάντα
2401 3594 2565 3668 ὁμοία
2593 3602 2692 3664 τῆς
2724 3594 3148 3672 προρῥγ,οείσης·
3184 3592 3361 3673 δοχῆς
3409 3596 3497 3654 ἐπὶ
3545 3604 3619 3673 τῇ
3671 3597 3861 3678 ἱερόδῳ

2199 3684 2404 3757 Ἐλγας
2433 3687 2531 3748 τῆς
2564 3684 3215 3760 ἀρχοντίσσης,Ῥωσίας,
3268 3688 3360 3743 καὶ
3404 3688 3661 3759 εἷσῆλεθν
3718 3690 3859 3758 αὐτή

2197 3773 2232 3842 ἠ
2267 3772 2599 3847 ἁρχόντισσα
2634 3776 2765 3847 μετὰ
2811 3780 2919 3830 τῶν
2949 3775 3163 3831 οἱκείων
3196 3776 3366 3847 αὐτῆς
3424 3784 3709 3854 συγγενῶν
3770 3780 3863 3854 ἆρ-

2200 3866 2501 3941 χοντισσῶν
2553 3862 2644 3917 καὶ
2699 3867 3164 3941 προκρειτοτέρων
3234 3865 3594 3940 θεραπαινῶν,
3672 3867 3862 3938 ἐκείνη

2202 3948 2296 4024 μὲν
2329 3948 2717 4026 προητουμένη
2754 3958 2941 4009 πασῶν
2982 3959 3089 4010 τῶν
3144 3954 3330 4011 ἄλλων
3389 3962 3688 4031 γυναικῶν,
3725 3956 3869 4012 ἐκεῖ-

2198 4059 2285 4094 ναι
2312 4037 2369 4095 δὲ
2420 4037 2707 4112 ἐνορδίνως
2756 4043 2911 4115 ἒτέρα
2953 4044 3055 4111 τήν
3107 4040 3288 4119 ἑτέραν
3345 4044 3735 4114 ἀκολουθυῖαι,
3770 4054 3869 4101 καῖ

2200 4125 2325 4199 ἔστη
2360 4128 2410 4182 ἐν
2442 4130 2486 4200 ᾦ
2517 4130 2672 4203 τόπῳ
2734 4130 2921 4195 εἴωθεν
2959 4134 2986 4187 ὁ
3044 4131 3346 4208 λογοθὲτης
3396 4134 3490 4196 τὰς
3548 4133 3868 4208 ἐρωτήσεις

2200 4220 2497 4277 ποιεῖσθαι.
2526 4223 2782 4279 ’Όπισθεν
2815 4219 2869 4278 δὲ
2900 4224 3065 4294 αὓτῆς
3106 4223 3360 4295 εἰσῆλθον
3411 4226 3464 4280 οἱ
3498 4230 3607 4282 τῶν
3644 4227 3870 4304 ἀρχόν-

2198 4330 2304 4365 των
2364 4309 2591 4374 Ῥωσίας
2650 4312 3054 4387 ἀποκρισιάριοι
3104 4315 3193 4369 καὶ
3262 4316 3698 4391 πραγματευταὶ,
3770 4322 3871 4374 καὶ

2198 4399 2428 4469 ἓστησαι
2467 4401 2707 4465 κάτωθεν
2759 4401 2835 4463 τίς
2890 4403 2957 4457 τὰ
2993 4401 3161 4477 βῆλα,
3191 4403 3281 4458 καὶ
3324 4406 3390 4459 τὰ
3421 4405 3543 4477 ἑξῆς
3593 4404 3869 4476 ἰτελὲσθη

444 4491 628 4548 bitere
688 4491 883 4565 soliti].
939 4492 1004 4549 Hi
1058 4491 1397 4550 restitabant
1447 4490 1691 4549 interius
1746 4492 1896 4567 apud
1956 4490 2073 4548 vels

2206 4488 2345 4542 κατᾶ
2372 4490 2474 4557 τήν
2519 4487 2917 4566 προῤῥηθεῒσαν
2952 4488 3154 4570 δοχήν.
3185 4493 3287 4549 Καὶ
3340 4492 3629 4563 ἐξελθοῦσα
3687 4494 3874 4550 πάλιν

448 4579 665 4638 Caetera
693 4582 910 4641 flebant
940 4584 1265 4640 secundum
1298 4582 1535 4642 modum
1566 4582 1974 4659 praedictarum
2008 4599 2099 4640 re-

447 4672 803 4743 ceptionum.
848 4674 1087 4745 Egressa
1144 4687 1346 4731 rursus
1395 4690 1426 4730 e
1481 4682 1795 4745 conspectu
1845 4672 2096 4745 domini,

448 4760 740 4817 transibat
769 4762 1134 4819 archontissa
1163 4764 1524 4832 viridarium,
1547 4762 1867 4817 triclinium
1901 4762 2100 4817 eandi-

448 4847 741 4916 datorum,
765 4849 1085 4908 triclinium
1118 4850 1261 4907 illud
1296 4853 1353 4907 in
1380 4867 1494 4926 quo
1526 4850 1944 4908 camelaucium
1984 4854 2098 4906 stat

448 4950 502 4997 et
533 4938 801 5012 magistri
834 4944 1139 5008 creantur;
1175 4957 1275 5014 per
1303 4942 1624 5013 onopodem
1660 4956 1830 5013 porro
1888 4944 1944 4996 et
1991 4955 2095 4996 au-

449 5044 606 5088 ream
639 5044 875 5086 manum
907 5045 1009 5086 seu
1035 5031 1320 5101 porticum
1353 5030 1755 5101 augusteonis.
1786 5029 1885 5086 ubi
1907 5029 2097 5085 consi-

456 5118 1007 5193 debat.imperatore
1021 5121 1075 5174 in
1093 5119 1371 5190 palatium
1390 5120 1691 5192 [magnum
1707 5134 1737 5177 e
1754 5117 2095 5192 magnaura]

452 5224 554 5282 pro
584 5225 743 5268 more
773 5212 1052 5267 consueto
1086 5223 1333 5279 reverso,
1366 5208 1541 5266 fiebat
1565 5208 1825 5264 secunda
1846 5206 2098 5279 receptio

448 5297 506 5355 in
541 5297 696 5356 hunc
728 5297 986 5356 modum.
1022 5299 1083 5356 in
1116 5297 1373 5356 triclinio
1400 5295 1721 5354 Justiniani
1754 5296 1945 5355 stabat
1974 5294 2097 5370 pul-

2210 4574 2299 4631 διὰ
2329 4575 2425 4631 τοῦ
2460 4574 2877 4654 ἀναδενδραδίου
2908 4579 2997 4634 καὶ
3036 4585 3133 4636 τοῦ
3190 4578 3465 4656 τρικλίνου
3493 4587 3602 4638 τῶν
3664 4582 3877 4640 κανδι-

2209 4665 2407 4734 ὃάτων,
2437 4672 2534 4725 τοῦ
2564 4690 2621 4724 τε
2650 4668 2955 4742 τρικλίνου,
2986 4670 3039 4726 ἐν
3078 4673 3125 4744 ᾧ
3154 4672 3216 4727 τὸ
3273 4671 3643 4747 καμελαύκιον
3690 4673 3871 4731 ’ἱστα-

2204 4777 2293 4812 ται
2319 4758 2409 4813 καὶ
2442 4758 2495 4813 οἱ
2530 4759 2816 4836 μάγιστροι
2865 4761 3129 4835 γίνονται,
3172 4759 3393 4832 διῆλθεν
3443 4762 3534 4817 διὰ
3583 4769 3686 4818 τοῦ
3734 4766 3870 4820 ὀνό-

2206 4844 2374 4908 ποδος
2403 4847 2494 4902 καὶ
2523 4853 2623 4917 τῆς
2654 4853 2868 4928 χρυσῆς
2908 4850 3116 4926 χειρὸς,
3149 4848 3275 4920 ἤτοι
3316 4856 3415 4906 τοῦ
3447 4852 3729 4929 πόρτηκος
3764 4858 3871 4909 τοῦ

2207 4934 2571 5013 αὐγουστέως,
2613 4932 2702 4991 καὶ
2760 4935 3012 5011 ἐκαθέσοη
3077 4937 3265 4999 ἐκεῖσε.
3303 4943 3407 4998 Τοῦ
3462 4939 3518 4996 δὲ
3583 4941 3874 5018 βασιλέως

2205 5027 2343 5083 κατὰ
2365 5028 2465 5095 τήν
2499 5026 2751 5091 εἰωθυῖαν
2800 5028 2948 5096 τάξιν
2982 5027 3321 5093 εἰσελθόντος
3354 5028 3405 5086 ἒν
3438 5035 3516 5102 τῷ
3575 5030 3868 5105 παλατὶῳ,

2204 5116 2420 5191 γίγονιν
2479 5116 2633 5190 ὶτιρα
2683 5112 2827 5190 δοχὴ
2879 5118 3069 5191 τρόπῳ
3098 5116 3319 5191 τοιῷδε.
3345 5120 3436 5177 Ἐν
3479 5125 3562 5192 τῷ
3589 5119 3873 5195 τρικλίνῷ

2204 5208 2301 5260 τοῦ
2360 5208 2735 5264 ’Ῑουστινιανοῦ
2785 5204 2911 5274 ἔστη
2970 5205 3279 5263 πούλπιτον
3338 5208 3447 5263 ἀπὸ
3505 5208 3671 5280 ὀξέων
3728 5207 3875 5266 32v:-

2208 5293 2335 5348 σίων
2375 5296 2487 5367 (33)
2531 5294 2799 5369 βλαττίων
2835 5292 3257 5370 ἐσκεπασμένον,
3298 5295 3389 5353 καὶ
3429 5294 3481 5352 ἐν
3520 5294 3671 5370 αὺτῷ
3732 5294 3871 5370 ἔστη

1507 5460 1704 5517 ιΟΑΝ.
1736 5458 1876 5516 JAC.
1912 5458 2177 5515 REISKII
2210 5457 2797 5516 COMMENTRAIUS.

532 5612 643 5683 (33)
678 5612 842 5667 Forte
872 5613 951 5665 sic
984 5612 1283 5682 appellata
1313 5610 1549 5667 fuerunt
1571 5614 1755 5665 vestes
1807 5609 2003 5683 sericas
2036 5608 2093 5683 in

462 5680 721 5755 .Egypto,
754 5688 807 5737 et
840 5680 1074 5753 quidem
1109 5687 1163 5738 in
1200 5686 1341 5739 urbe
1373 5684 1565 5738 Tenuis
1604 5682 1687 5737 vel
1738 5683 1937 5737 Tinnz’s
1987 5680 2093 5751 (sic

2205 5608 2608 5685 enim_Arabes
2638 5610 2888 5685 eii‘erunt
2908 5614 3166 5685 veterum
3194 5614 3401 5685 Tunis),
3425 5618 3526 5669 aut
3556 5624 3874 5685 contextis,

2205 5686 2305 5735 aut
2361 5679 2495 5735 inde
2548 5686 2702 5735 certe
2754 5683 3023 5740 advectis.
3085 5683 3231 5740 Nam
3262 5679 3458 5741 omnis
3518 5679 3875 5745 mercatura
