4008 6210
331 410 484 470 1125

1397 403 1926 466 CONSTANTINI
1971 404 2069 465 ΡΟ
2081 407 2446 470 RPHYBOG
2459 409 2665 470 ENITI

3577 419 3732 480 1126

323 541 416 596 τὸν
450 540 676 615 βασιλέα
729 540 820 596 καὶ
874 541 971 608 τὴν
1027 536 1123 592 τού
1178 535 1520 611 βρουμαλίου
1579 535 1748 591 αὐτοῦ
1799 533 1939 589 αἰσία

2050 539 2375 614 _assident,
2428 540 2571 598 dum
2617 542 2802 598 cssleri
2851 544 2989 613 [non
3047 543 3300 618 invitati]
3349 548 3434 604 sic
3488 550 3726 622 saltant,

321 631 552 708 ἡμέραν.
603 634 820 704 Ἰστέον,
871 631 955 686 ὅτι
1011 628 1096 684 ἐπὶ
1157 630 1388 690 Λέοντος
1437 631 1533 683 106
1599 625 1966 705 φιλοχρίστου

320 718 584 777 δεσπότου
625 719 877 792 ἐτυπώοη
928 718 1121 781 οὕτως·
1155 719 1235 793 Τῇ
1295 715 1551 792 ἐπαύριον
1582 720 1681 771 106
1717 718 1962 790 βρουμα-

321 809 444 866 λίου
476 809 661 866 ἵστατο
713 812 812 885 μία
856 811 1096 885 τράπεζα
1144 805 1195 863 ἓν
1229 811 1304 880 τῷ
1351 805 1726 880 ἀριστητηρίῳ
1759 804 1965 860 οἰκειο-

316 897 445 974 τὲρα
494 897 580 954 ’ὁιᾶ
637 905 804 974 τριῶν
853 896 943 953 καὶ
999 898 1066 952 τὰ
1123 894 1300 973 ἐγγὺς,
1352 893 1402 949 ἐν
1453 894 1488 968 ᾖ
1549 891 1852 964 συνηστίων
1883 897 1963 966 τῷ

319 987 539 1064 μεγαλῳ
573 987 790 1064 βασιλεῖ
837 989 888 1044 οἱ
930 987 1172 1058 συνήθως
1210 984 1355 1057 αὐτῷ
1385 983 1820 1056 συνεστιώμενοι,
1857 982 1962 1056 μά-

315 1075 475 1133 λιστα
506 1077 698 1132 οἰκεῖοι
731 1076 819 1132 καὶ
870 1080 1142 1151 συγγενεῖς
1173 1077 1269 1129 106
1309 1068 1601 1148 βασιλέως,
1638 1072 1958 1147 μάγιστροι,

311 1165 685 1242 πραιπόσιτοι,
724 1166 1019 1221 ἀνθύπατοι
1080 1161 1358 1238 πατρίκιοι
1413 1162 1504 1216 καὶ
1555 1161 1750 1215 σὶκεῖοι
1806 1180 1960 1234 πρω-

306 1255 663 1331 τοσπαθαριοι
720 1255 810 1310 καὶ
859 1251 1024 1315 ἄλλοι
1078 1252 1217 1313 τινὲς
1258 1248 1494 1326 γνωστοὶ
1531 1253 1629 1305 106
1664 1247 1954 1327 βασιλέως,

309 1345 398 1402 Ἐν
433 1344 490 1402 δι
543 1351 623 1419 τῷ
668 1341 1020 1422 περιϐλέπτῳ
1067 1341 1333 1410 τρικλίνῳ
1391 1345 1494 1397 106
1567 1341 1958 1397 Ἰουστινιανοῦ

301 1432 493 1490 ’ἰστατο
543 1435 698 1511 ἑτέρα
747 1435 988 1509 τράπεζα
1052 1431 1140 1486 διὰ
1176 1429 1228 1505 ἓξ
1269 1431 1360 1486 καὶ
1417 1431 1484 1485 τὰ
1542 1428 1698 1504 ἐγγὺς
1748 1427 1954 1485 ἀποκο-

306 1524 460 1593 πτὸν,
493 1521 544 1578 ἐν
585 1524 621 1598 ᾖ
653 1523 931 1594 ἐκαθέζετο
962 1523 990 1577 6
1026 1521 1219 1598 μικρὸς
1255 1518 1510 1595 βασιλεὺς
1541 1519 1627 1573 καὶ
1655 1519 1706 1572 οἱ
1737 1517 1957 1589 λοιποὶ,

309 1619 626 1693 μάγιστροι,
692 1614 1012 1683 ἀνθύπατοι,
1070 1609 1370 1684 πατρίκιοι,
1430 1604 1778 1687 ὁφφικιαλιοι
1863 1605 1956 1662 καὶ

303 1699 803 1780 πρωτοσπαθὲριοι,
841 1701 1020 1762 καθὼς
1087 1698 1177 1754 καὶ
1235 1698 1296 1753 τὸ
1347 1695 1601 1753 τακτικὸν
1664 1695 1956 1770 κλητωρο-

297 1794 484 1871 λόγιον
515 1790 843 1868 διαγορεύει.
878 1789 1101 1856 Ἰστέον,
1130 1786 1216 1842 ὅτι
1246 1785 1334 1842 ἐπὶ
1397 1783 1633 1861 Μιχαὴλ
1665 1787 1762 1839 106
1795 1783 1958 1863 φιλο-

2081 627 2167 683 illi
2190 640 2442 703 surgunt
2458 632 2528 687 de
2554 648 2756 686 mensa
2769 636 2825 688 et
2846 632 3217 688 satisfaciunt
3238 636 3484 704 saximo,
3505 645 3725 710 partem

2078 733 2248 774 suam
2281 719 2564 776 saltantes
2587 726 2643 776 et
2660 719 2794 776 dein
2819 724 3060 777 redeunt
3082 723 3152 778 ad
3178 740 3466 794 mensam,
3490 732 3570 795 et,
3599 745 3729 799 per-

2077 806 2337 863 mittente
2363 808 2734 881 imperatore,
2767 826 2964 865 rursus
2999 810 3070 866 ad
3102 827 3230 867 eam
3263 814 3527 870 assident
3556 817 3722 888 quis-

2075 895 2259 966 quein
2276 895 2402 953 loco
2416 906 2470 954 et
2484 897 2688 954 ordine
2701 915 2830 953 suo.
2848 897 2937 965 Hi,
2954 915 3100 971 quos
3118 899 3395 971 diximus,
3414 904 3721 977 magistra-

2073 983 2644 1058 tusintrantquidem
2658 985 2837 1043 simul
2855 1004 3045 1044 omnes
3059 989 3117 1045 in
3132 991 3718 1050 saximumetordiun-

2074 1077 2168 1131 tur
2197 1073 2374 1131 simul
2405 1092 2610 1132 omnes
2640 1076 2961 1148 tripudium
2987 1097 3002 1148 ;
3037 1084 3096 1134 at
3125 1079 3223 1134 ubi
3247 1081 3318 1136 ad
3351 1081 3715 1140 concinenda

2073 1172 2358 1233 poemata,
2384 1164 2491 1220 hoc
2511 1169 2600 1221 est
2621 1164 2882 1222 basilicia
2904 1167 3196 1236 brumalii,
3231 1180 3568 1241 perventum
3601 1178 3713 1244 est,

2071 1267 2185 1308 non
2219 1270 2382 1326 aeque
2412 1259 2632 1310 canunt
2651 1270 2855 1312 omnes
2887 1256 3078 1322 simul,
3113 1255 3233 1325 sed,
3269 1274 3500 1316 secessu
3537 1260 3709 1330 facto,

2070 1358 2172 1414 per
2191 1343 2408 1398 classes
2424 1349 2481 1399 et
2503 1343 2876 1414 antiphonias
2901 1345 3278 1405 alternantes.
3304 1348 3363 1404 E.
3393 1354 3712 1422 c.,quando

2072 1431 2332 1504 magistri
2351 1432 2520 1503 etqui
2543 1432 2615 1487 ad
2638 1448 2836 1488 eorum
2861 1432 3108 1490 classem
3127 1437 3424 1506 pertinent
3445 1441 3706 1496 canendo

2067 1536 2237 1576 suum
2255 1537 2500 1592 pensum
2512 1519 3716 1597 absolverunt,tuncincipiuntcubicularii

2068 1613 2124 1665 et
2155 1610 2251 1682 qui
2287 1611 2354 1666 ad
2377 1627 2575 1667 eorum
2596 1612 2843 1667 classem
2869 1613 3185 1684 pertinent.
3211 1613 3314 1671 liis
3335 1631 3540 1673 rursus
3563 1616 3715 1673 desi-

2067 1698 2365 1768 nentibus,
2396 1699 2688 1772 incipiunt
2718 1701 3093 1770 proconsules
3115 1704 3337 1774 patricii
3360 1709 3416 1761 et
3439 1705 3511 1761 ad
3546 1706 3706 1764 illam

2067 1786 2313 1844 classem
2343 1795 2677 1860 spectantes
2699 1789 2965 1846 basilicia
3012 1791 3287 1848 brumalii
3317 1793 3426 1850 sibi
3471 1799 3707 1869 propria

293 1884 524 1958 χρίστου
582 1879 844 1937 δεσπότου
899 1876 995 1933 106
1052 1875 1174 1933 υίοῦ
1215 1875 1510 1943 Θεοφίλου,
1548 1879 1832 1952 χειμῶνος
1864 1895 1939 1952 γε·

2065 1893 2292 1936 canere.
2316 1879 2456 1934 Post
2476 1879 2727 1950 primam
2752 1879 2903 1936 hanc
2922 1879 3168 1937 classem
3199 1899 3499 1952 procerum
3529 1885 3709 1944 intrat

289 1972 517 2047 γονότος
571 1967 836 2048 μεγάλου,
903 1965 1096 2043 βιαίων
1154 1986 1213 2022 τε
1255 1966 1469 2039 ἀνεμων
1525 1963 1942 2038 ἐμωευσάντων

288 2060 377 2116 καὶ
425 2059 638 2129 κολλῆς
669 2057 858 2135 χιόνος
906 2057 1321 2132 κατενεχθίσης,
1363 2049 1570 2116 ἄϐατος
1610 2054 1645 2123 ἡ
1676 2055 1774 2109 106
1831 2072 1944 2127 τρι-

285 2152 494 2228 κόγχου
534 2154 644 2222 (51)
679 2148 913 2221 μυστικτς
949 2145 1120 2223 φιάλη
1176 2144 1414 2221 γέγονεν,
1445 2143 1537 2198 καὶ
1604 2141 1670 2198 οὐ
1729 2139 1943 2210 κατῆλο

285 2242 376 2294 θον
426 2237 477 2294 οῗ
507 2259 564 2292 τε
627 2237 936 2312 μάγιστροι,
980 2234 1298 2300 ἀνθύπατοι,
1331 2230 1609 2304 πατρίκιοι
1665 2237 1766 2300 τῆς
1818 2250 1947 2305 συγ·

289 2327 500 2398 κλήτου
528 2347 587 2381 τε
615 2328 704 2380 καὶ
737 2325 788 2379 οἱ
819 2329 915 2378 106
960 2319 1356 2379 κουϐουκλείου
1401 2321 1592 2382 πάντες
1641 2320 1710 2375 τὰ
1741 2318 1941 2374 είθῶτα

285 2420 365 2487 τῷ
410 2415 702 2491 βουμαΛίῳ
778 2413 1164 2487 πανηγυρίσαι,
1224 2409 1372 2466 ἀλλὰ
1428 2410 1646 2464 πάντων
1731 2405 1784 2462 ἒν
1859 2411 1940 2480 τῷ

287 2509 384 2560 106
407 2503 704 2560 λαυσιακοῦ
730 2501 996 2578 τρικλίνῳ
1027 2499 1404 2568 εἰσελθόντων,
1443 2497 1664 2567 ἰξῆλθεν
1698 2498 1726 2552 6
1773 2517 1938 2573 πραι-

289 2596 540 2662 πόσιτος,
634 2593 724 2650 καὶ
785 2587 1225 2664 προσεκαλέσατο
1317 2587 1447 2648 τοὺς
1528 2583 1938 2660 προββηθέντας

290 2682 516 2753 πάντας,
548 2681 636 2736 καὶ
670 2682 858 2750 ’ἰστησι
887 2679 992 2754 πρὸ
1013 2682 1115 2744 τῆς
1144 2676 1327 2747 πύλης
1359 2679 1455 2732 τοῦ
1488 2673 1787 2730 λαυσιακοῦ
1823 2693 1938 2748 τρια

289 2771 480 2829 κλίνου
527 2777 626 2842 τῆς
679 2770 998 2845 είσαγούσης
1053 2766 1104 2822 ἰν
1173 2765 1252 2839 τῷ
1307 2769 1404 2820 106
1478 2763 1935 2842 χρυσοτρικλίνου

290 2860 549 2936 πόρτηκι,
604 2856 772 2934 ἤγὸυν
821 2856 871 2913 ἐν
922 2860 1001 2927 τῷ
1058 2853 1370 2930 ὡρολογίῳ,
1429 2849 1520 2908 καὶ
1606 2852 1826 2922 ἐξῆλθεν
1905 2852 1934 2907 6

289 2944 813 3026 πρωτοϐεστιάριος,
846 2944 934 3001 καὶ
976 2939 1271 3000 ἐπιδὲδωκε
1295 2945 1376 3014 τῷ
1406 2941 1610 3015 πρώτῳ
1654 2940 1936 3015 μαγίστρῳ

285 3041 348 3096 τὸ
377 3039 514 3095 κατὰ
566 3038 736 3093 τόπον
790 3028 1154 3108 ἆποκόμϐιον,
1211 3031 1302 3086 καὶ
1359 3030 1773 3108 εὐφημήσαντες
1835 3030 1933 3092 τὰς

287 3128 338 3201 ἐξ
368 3127 522 3194 ἔθους
570 3133 686 3191 τοῖς
740 3123 1051 3202 βασιλεῦσιν
1099 3119 1368 3198 εὐφημίας
1436 3119 1594 3194 (ἦσαν
1643 3116 1699 3174 δὲ
1729 3119 1820 3174 καὶ
1865 3119 1932 3174 τὰ

282 3221 351 3293 τῇ
382 3217 564 3292 ἡμέρᾳ
592 3220 689 3273 τοῦ
725 3212 1068 3292 βρουμαλίου
1120 3209 1434 3284 ἁρμόζοντα
1475 3209 1806 3282 ποιήματα),
1838 3207 1929 3264 καὶ

543 3284 626 3379 ’μὴ
687 3284 913 3378 etiam
979 3299 1202 3372 κηρους.
1257 3300 1316 3358 Ὀ
1374 3295 1431 3356 δὶ
1461 3295 1783 3371 δομέστικος
1822 3301 1929 3353 τῶν
1963 3284 2008 3352 C

283 3396 504 3474 σχολῶν
536 3396 626 3451 καί
655 3397 685 3450 6
744 3392 1065 3467 δομὲστικος
1111 3395 1220 3447 τῶν
1274 3383 1598 3463 ἐξκουϐίτων
1628 3388 1718 3444 καὶ
1768 3390 1796 3443 6
1834 3385 1929 3444 δο-

283 3488 534 3560 μὲστικος
567 3490 673 3540 τῶν
715 3483 976 3539 ἴκανᾶτων
1009 3478 1126 3556 ἅμα
1171 3483 1276 3536 τῶν
1306 3483 1663 3556 ταγματικῶν
1717 3475 1926 3546 κατῆλ-

281 3585 370 3638 θον
404 3572 456 3628 ἓν
506 3577 577 3647 τῇ
633 3573 963 3646 θερμαστρᾳ,
1004 3570 1067 3628 ’0
1110 3569 1212 3644 γὰρ
1255 3565 1621 3643 δρουγγάρίος
1671 3572 1771 3636 τῆς
1837 3567 1922 3640 βί-

277 3661 412 3738 γλας
458 3659 512 3718 ἂν
559 3666 640 3732 τῷ
683 3657 1020 3732 ἱπποδρόμῳ
1068 3659 1133 3726 ἦν
1198 3655 1484 3730 φυλάττων
1556 3655 1656 3723 τήν
1730 3655 1924 3711 ἑαυτοῦ

279 3750 446 3820 τᾶξιν.
480 3753 508 3806 6
539 3748 596 3806 δὶ
625 3749 985 3820 σακελλάριος
1028 3746 1293 3815 κατῆλθεν
1328 3745 1380 3801 ἐν
1430 3749 1499 3820 τῇ
1539 3745 1677 3818 αὐτῇ
1718 3744 1925 3820 θερμά-

281 3861 434 3918 στρᾳ,
482 3838 572 3895 καὶ
629 3835 950 3894 ἱπιδέδωκεν
977 3841 1057 3908 τῷ
1089 3834 1398 3910 δομεστίκῳ
1428 3838 1538 3890 τῶν
1585 3832 1807 3909 σχολῶν
1859 3834 1922 3887 τὸ

283 3925 648 4004 ἀποκύμϐιον,
679 3928 768 3984 καὶ
810 3927 1128 4006 εὐφήμησαν
1163 3927 1192 3982 ὅ
1221 3947 1278 3982 τε
1309 3922 1630 3998 δομέστικος
1662 3925 1750 3977 καὶ
1783 3923 1918 3978 πάν-

275 4041 362 4084 τες
394 4021 446 4076 οἱ
496 4024 602 4075 τῶν
655 4019 947 4094 ταγμάτων
1001 4017 1097 4081 τας
1136 4015 1186 4087 ἐξ
1242 4010 1396 4080 ἔθους
1434 4017 1551 4076 τοῖς
1605 4010 1918 4086 βασιλεῦσιν

278 4109 574 4182 εὐφημίας,
605 4105 823 4180 ᾄδοντες
853 4105 942 4161 καὶ
989 4107 1056 4160 τὰ
1091 4107 1160 4178 τῇ
1198 4103 1379 4176 ἡμέρᾳ
1424 4099 1522 4156 106
1576 4097 1920 4176 βρουμαλίου

277 4198 581 4274 ἁρμόζοντα
637 4199 940 4272 ποιήματα.
980 4196 1093 4260 Εἴθ’
1153 4193 1314 4250 οὕτω·
1352 4189 1573 4247 ἀπίεσαν
1634 4187 1686 4244 οἳ
1715 4210 1774 4245 τε
1811 4191 1918 4263 μά-

272 4309 506 4366 γιστροι,
538 4286 858 4357 ἀνθύπατοι,
890 4283 1166 4360 πατρίκιοι
1206 4282 1297 4338 καὶ
1356 4279 1713 4356 συγκλητικοὶ
1747 4279 1917 4335 ἅπαν-

271 4364 379 4445 τες,
431 4378 520 4433 καὶ
565 4378 622 4432 οἱ
669 4381 764 4433 106
815 4372 1231 4441 κουϐουκλείου,
1286 4369 1516 4430 ’ἕκαστος
1567 4368 1620 4425 ἂν
1671 4373 1738 4442 τῇ
1802 4364 1917 4439 ἱδίᾳ

272 4467 435 4523 αὐτοῦ
465 4467 630 4539 οἱγίᾳ,
664 4468 720 4520 οἱ
760 4463 817 4521 δὶ
863 4469 971 4520 τῶν
1015 4463 1308 4539 ταγμάτων
1339 4458 1565 4520 ἕκαστος
1597 4459 1648 4513 ἓν
1677 4462 1748 4532 τῇ
1801 4454 1917 4529 ῒδίᾳ

271 4555 436 4610 αὐτοῦ
492 4557 659 4627 τάξει.
711 4554 928 4623 Ἰστέον,
981 4553 1064 4608 ὅτι
1104 4555 1139 4623 ἡ
1189 4555 1297 4608 τῶν
1352 4547 1707 4626 βρουμαλίων
1773 4548 1909 4620 αὕτη

2057 1966 2117 2022 in
2148 1965 2441 2024 saximum
2476 1968 2734 2024 secunda
2763 1967 2969 2026 classis
2994 1971 3447 2041 magistratuum
3472 1978 3704 2046 tagma-

2055 2060 2180 2113 tum
2195 2073 2300 2113 seu
2322 2057 2598 2114 ordinum
2620 2057 2984 2128 militarium,
3009 2063 3071 2114 ut
3089 2058 3704 2130 scholarum,arithmi

2053 2150 2112 2202 et
2140 2162 2546 2216 numerorum,
2582 2147 2764 2204 simul
2796 2153 2854 2204 et
2883 2147 2942 2204 in
2975 2165 3090 2206 uno
3123 2165 3361 2221 corpore
3385 2167 3400 2207 :
3424 2151 3484 2209 in
3519 2153 3703 2210 altero

2051 2239 2244 2290 autem
2298 2251 2538 2308 corpore
2588 2235 2807 2292 intrant
2857 2237 3235 2307 magistratus
3293 2241 3700 2298 excubitorum

2051 2321 2460 2381 hicanatorum
2490 2328 2548 2381 et
2569 2325 2884 2396 imperialis
2914 2325 3118 2397 ploimi
3148 2342 3247 2383 seu
3273 2328 3494 2384 militiis
3525 2347 3700 2386 nava-

2049 2411 2140 2468 lis.
2179 2413 2245 2468 Hi
2273 2429 2475 2470 omnes
2508 2414 2800 2486 accipiunt
2828 2413 2888 2469 in
2919 2413 3147 2471 saximo
3196 2418 3540 2490 apocombia
3600 2435 3701 2490 per

2048 2516 2264 2558 mensa
2289 2503 2646 2574 prefectum,
2681 2503 3072 2575 laudibusque
3101 2514 3155 2560 et
3184 2507 3336 2562 votis
3388 2507 3696 2564 dominum

2049 2593 2427 2667 faustumque
2482 2604 2656 2666 atque
2704 2595 3028 2652 solemnem
3097 2596 3375 2652 brumalii
3425 2600 3498 2654 ab
3567 2599 3695 2671 ipso

2047 2680 2321 2737 celebrati
2354 2683 2507 2739 diem
2539 2694 2993 2756 prosequuntur.
3026 2685 3148 2740 Sub
3167 2685 3354 2742 Leone
3369 2686 3694 2746 Christum.

2042 2775 2276 2827 amante
2305 2771 2538 2828 domino
2561 2776 2735 2844 typus
2753 2771 3053 2828 obtinebat
3083 2772 3216 2828 hic:
3241 2774 3435 2831 Altero
3455 2775 3694 2833 bruma-

2045 2859 2255 2916 liorum
2288 2859 2382 2918 die
2411 2859 2808 2918 collocabatur
2848 2861 2908 2917 in
2960 2861 3263 2934 pransorio
3322 2880 3440 2920 una
3491 2881 3694 2922 mensa

2045 2949 2266 3020 privata
2296 2967 2398 3023 pro
2425 2951 2613 3006 tribus
2641 2952 2760 3006 fere
2793 2951 3097 3007 missibus.
3135 2953 3212 3008 Eo
3256 2952 3351 3008 die
3381 2953 3460 3008 ibi
3492 2958 3693 3012 convi-

2043 3038 2328 3094 vsbantur
2377 3040 2631 3096 maximo
2681 3039 3018 3111 imperatori
3067 3043 3319 3096 conviva;
3387 3043 3691 3101 ordinarii.

2043 3125 2350 3197 potissimu
2363 3145 2415 3185 m
2439 3128 2753 3186 familiares
2775 3128 3100 3186 inlimiores
3116 3134 3172 3184 et
3195 3131 3483 3188 affinitate
3501 3134 3692 3202 juncti

2045 3216 2324 3286 magistri,
2357 3217 2671 3289 prmpositi,
2701 3215 3079 3288 proconsules
3111 3218 3339 3288 patricii
3387 3225 3445 3276 et
3484 3222 3696 3292 privati

2047 3305 2522 3378 protospatbarii,
2554 3307 2772 3378 aliique
2797 3306 3038 3378 quidam
3070 3307 3190 3362 noti
3223 3313 3283 3363 et
3305 3309 3481 3365 amici
3504 3309 3690 3381 impe-

2038 3393 2233 3449 ratori.
2262 3395 2323 3450 In
2355 3393 2567 3450 illustri
2598 3403 2796 3451 autem
2826 3394 3140 3451 Justiniani
3164 3395 3416 3452 triclinio
3447 3397 3688 3454 colloca-

2036 3481 2209 3538 batur
2237 3483 2350 3538 alia
2381 3484 2601 3556 privata
2633 3500 2836 3540 mensa
2869 3499 2971 3556 pro
3002 3498 3098 3539 sex
3129 3488 3230 3540 aut
3260 3486 3683 3556 propemodum

2036 3571 2313 3630 missibus
2336 3572 2752 3641 ;assidebatibi
2767 3573 2847 3628 im
2855 3573 3296 3644 peratorjunior
3313 3573 3681 3649 [Alexander]

2035 3665 2092 3716 et
2119 3660 2326 3733 reliqui
2361 3661 2649 3734 magistri,
2684 3661 3085 3732 proconsules,
3123 3661 3371 3733 patricii,
3403 3664 3683 3721 officiales

2033 3753 2090 3804 et
2117 3753 2587 3821 protospatharii,
2622 3756 2790 3822 prout
2812 3752 3020 3808 ritualc
3049 3751 3448 3809 conviviorum
3477 3753 3680 3823 edicit,

2033 3837 2152 3894 Sub
2169 3839 2690 3908 Michaele,Christi
2705 3846 2935 3896 amante
2947 3839 3683 3914 domino,ﬁlioThe0pbili,

2033 3926 2403 3998 contingebat
2431 3926 2740 3998 aliquando
2771 3933 3033 3999 tempore
3073 3927 3499 3984 brumaliorum
3531 3947 3682 3986 saeva

2031 4021 2369 4085 tempestas.
2399 4003 2711 4087 Spirabant
2740 4015 3112 4073 vehementes
3152 4016 3306 4072 venti
3354 4023 3411 4072 et
3441 4017 3680 4075 cadebat

2030 4105 2219 4161 multa
2249 4104 2366 4172 nix,
2400 4105 2482 4160 ita
2513 4113 2574 4162 ut
2604 4104 2900 4162 inaccessa
2929 4110 3085 4162 esset
3115 4105 3423 4163 triconcbii
3453 4115 3676 4166 secreta

2029 4193 2267 4266 phialia,
2298 4210 2482 4267 eoque
2513 4195 2863 4250 descendere
2892 4193 2968 4250 ad
2998 4194 3078 4249 ibi
3107 4195 3484 4251 celebrandos
3529 4198 3675 4253 ritus

2027 4283 2155 4354 ejus
2179 4284 2512 4340 festivitatis
2544 4299 2730 4356 neque
2753 4282 3041 4356 magistri,
3076 4285 3474 4354 proconsules,
3501 4286 3676 4357 patri-

2025 4372 2339 4428 ciiordinis
2361 4373 2870 4444 senatorii,neque
2921 4370 3007 4426 illi
3055 4373 3127 4428 de
3174 4371 3380 4428 ordine
3421 4374 3669 4430 cubicu-

2024 4460 2304 4518 lariorum
2335 4463 2492 4520 850
2526 4467 2784 4535 possent.
2818 4461 3254 4518 Conveniebant
3276 4461 3451 4534 igitur
3470 4480 3674 4522 omnes

2023 4549 2084 4606 in
2113 4549 2354 4606 lausiaci
2389 4549 2666 4606 triclinio.
2700 4552 2782 4607 Ad
2831 4566 2978 4623 quos
3007 4550 3409 4618 egrediebatur
3453 4567 3669 4622 praepo-

262 4644 411 4717 τάξις
434 4641 724 4715 ἠλλοιώθη
755 4642 843 4698 καὶ
866 4642 943 4707 είς
969 4641 1032 4698 τὸ
1065 4643 1259 4716 μηκέτι
1312 4639 1448 4696 εἶναι
1497 4639 1760 4714 παρήχθη
1817 4635 1905 4692 ἐπὶ
1937 4701 1939 4707 η

2050 4638 2186 4706 itus,
2218 4642 2640 4714 advocatosque
2661 4640 2984 4697 collocabat
3002 4646 3134 4698 ante
3163 4645 3392 4714 portam
3427 4643 3671 4702 lausiaci

265 4740 363 4802 τῆς
397 4729 676 4808 βασιλείας
713 4733 1004 4805 ’Δωμαλοῦ
1047 4729 1333 4787 δεσπότσυ.
1391 4727 1565 4790 Οὗτος
1622 4727 1727 4802 γὰρ
1773 4747 1918 4802 προ-

2053 4728 2284 4802 riclinii,
2333 4746 2464 4802 qua
2521 4731 2581 4786 in
2635 4731 2925 4802 porticum
2962 4730 3408 4800 chrysotriclinii
3461 4738 3564 4789 aut
3609 4737 3668 4790 in

267 4823 516 4898 σχήματι
571 4823 619 4857 ²⁴
666 4816 972 4890 εὐλαϐείας,
1015 4820 1105 4875 καὶ
1146 4821 1279 4895 οὐχὶ
1339 4815 1551 4873 δίκαιδν
1613 4817 1747 4871 εἶναι
1779 4816 1917 4872 κατὰ

2050 4818 2395 4890 iorologium
2428 4821 2558 4874 fert.
2590 4821 2669 4874 Eo
2701 4819 2874 4889 facto,
2901 4821 3097 4876 exibat
3143 4821 3213 4876 ad
3265 4820 3426 4892 ipsos
3466 4829 3670 4895 proto—

265 4912 328 4968 τὰ
377 4908 583 4966 παλαιὰ
634 4911 877 4985 ἐθήματα
927 4908 1183 4966 Αὐσόνων
1232 4910 1346 4982 (52)
1385 4904 1686 4980 Ῥωμαίοις
1747 4905 1912 4981 βρου-

2050 4907 2333 4964 'estiarius
2363 4915 2418 4965 et
2438 4908 2616 4965 dabat
2646 4909 2838 4983 primo
2860 4907 3138 4986 magistro
3161 4916 3506 4968 consuetum
3528 4929 3666 4984 apo-

1609 5030 1849 5086 νΑΡιυΕ
1897 5030 2311 5088 LECTIONES.

327 5128 374 5165 ⁸⁸
411 5126 546 5202 πρὸς
582 5129 832 5202 σχήματι
865 5127 994 5184 cod.
1029 5131 1086 5184 et
1104 5126 1197 5183 ed.

1295 5212 1501 5273 JOAN.
1541 5212 1684 5270 JAC.
1727 5211 1992 5272 REISKII
2032 5212 2622 5276 COMMENTARIUS.

2001 5327 2103 5398 nes
2138 5318 2217 5398 et
2273 5313 2375 5385 qui
2431 5313 2532 5369 alii
2565 5384 2578 5398 _
2610 5313 2912 5398 saltarent,
2972 5315 3158 5398 orbes.
3219 5328 3461 5398 suarum
3511 5330 3652 5388 pyro

2007 5384 2367 5442 rbichiarum
2455 5384 2861 5455 evolvebant;
2934 5384 3048 5442 vid.
3134 5385 3307 5441 Leon.
3387 5384 3649 5444 Gram'm.

2005 5472 2060 5527 p.
2094 5457 2219 5513 465.

320 5319 436 5391 (51)
461 5317 850 5394 Triconcbum
880 5320 940 5374 et
968 5318 1169 5390 Sigma
1198 5318 1258 5372 et
1289 5314 1468 5394 Phala
1510 5313 1664 5394 idem
1694 5317 1887 5394 “sunt.

247 5384 442 5462 Sigma
475 5398 600 5446 erat
622 5391 936 5446 admotum
974 5407 1008 5444 a
1034 5384 1200 5462 tergo
1242 5386 1576 5462 rotundum,
1604 5390 1666 5440 ut
1693 5384 1892 5457 Sigma

249 5457 526 5533 no'vorum
557 5462 915 5531 Graecorum,
952 5466 1054 5517 aut
1079 5457 1534 5526 CfLatinorum,
1560 5457 1749 5533 instar
1773 5472 1894 5533 ιορ-
2005 5472 2059 5533 p.

248 5531 351 5588 diu
385 5532 557 5589 lunae.
592 5534 703 5590 Sed
737 5538 811 5589 ab
837 5525 1027 5589 antica
1057 5533 1402 5587 distinctum
1435 5525 1559 5586 erat
1591 5527 1694 5584 hoc
1717 5526 1895 5602 editi;
2006 5525 2020 5602 Ῐ
2051 5527 2186 5602 ’(52)
2214 5529 2586 5602 ΔΡιξξι-ιιιιιιιυσ
2639 5528 2774 5584 novi
2824 5525 3024 5602 Greci‘
3077 5533 3213 5585 ante
3261 5528 3542 5602 saeculum
3593 5543 3649 5602 xi

246 5603 400 5680 cium
435 5605 495 5661 in
529 5613 648 5680 tres
675 5605 928 5662 conchas
961 5620 1062 5661 seu
1097 5603 1355 5680 porticus
1383 5603 1444 5680 in
1477 5614 1711 5680 summo
1741 5597 1896 5680 apsi-
2002 5597 2183 5680 italos
2214 5597 2943 5680 hocnornine‘designant,
2975 5599 3050 5653 ab
3094 5601 3354 5680 antiquis
3386 5599 3648 5680 Aneoni-

247 5675 432 5750 datas,
465 5693 496 5733 ο
527 5678 738 5750 quibus
783 5669 1120 5750 prospectus
1169 5675 1401 5750 patebat
1444 5675 1515 5729 ad
1564 5669 1890 5750 oppqsitam
2003 5669 2135 5726 bus.
2165 5669 2966 5750 Latiiincolis,Roma_n‘or-uAm
2983 5669 3646 5750 nymensibipgprium

250 5740 506 5803 Phialam
532 5740 635 5805 seu
662 5740 847 5806 lacu’m
880 5740 1301 5816 marmoreum,
1325 5745 1476 5802 circa
1490 5740 1664 5816 quem
1692 5741 1892 5798 factio.
2003 5746 2320 5800 servantes.
2355 5742 2630 5817 Agathine
2662 5757 2720 5813 p.
2743 5741 2831 5809 43,
2860 5741 2966 5810 18;
3000 5740 3360 5802 Constantini
3391 5740 3650 5813 Porphy-
