4008 6210
357 370 507 429 1141

1204 373 1304 432 DE
1349 373 1798 434 CERIMONIIS
1847 375 2084 434 AULIE
2130 375 2603 436 BYZANTIN/E
2649 377 2790 435 LIB.
2841 378 2916 436 Il.

3607 377 3759 438 1M2

359 497 621 572 μούλλων
661 498 710 567 ἐξ
745 500 1102 574 ἀντιστρόφου
1143 500 1380 565 τιθέασιν
1427 507 1532 574 (65)
1587 504 1637 558 οἱ
1681 504 1973 580 κατέχόντε

2119 523 2246 562 rum
2285 490 2598 577 captivum,
2657 509 2763 564 sub
2824 512 2995 579 pedes
3052 509 3442 580 imperatoris.
3502 512 3572 567 Et
3613 515 3757 569 tunc

356 587 490 642 αὖτᾶ
527 590 808 658 ταξεῶται.
856 590 957 646 Καὶ
1015 591 1170 651 εὐθὺς
1223 593 1519 665 προκῦπτει
1571 594 1598 647 6
1639 593 1855 667 ψάλτης
1911 594 1999 648 καὶ

354 675 501 752 λέγει
560 678 934 752 προκείμενον·
989 706 1008 730 ι
1079 679 1171 742 Τίς
1215 681 1346 742 Θεὸς
1407 681 1590 756 μέγας,
1661 684 1735 744 ὡς
1796 686 1822 738 ὁ
1872 686 2000 747 Θεὸς

351 770 511 838 ἡμῶν
551 787 564 836 ;
603 770 674 822 Σὺ
706 769 757 823 εἶ
796 769 824 822 6
857 770 987 830 Θεὸς
1019 771 1239 824 ὸποιῶν
1275 772 1565 843 Θαυμάσια.
1601 795 1629 824 ›)
1662 773 1777 828 Εἶθ’
1828 774 1999 837 οὕτως

351 855 555 931 γίνεται
607 860 642 926 ἡ
680 857 888 932 μεγάλη
933 858 1116 929 ἐκτενή
1174 856 1277 922 ἕως
1308 864 1425 917 τοῦ.
1471 885 1498 912 ‹‹
1560 863 1841 935 ’Υποτάξαι
1897 863 1998 918 ὑπὸ

347 947 474 1010 τοὺς
503 945 675 1010 πόδας
708 948 884 1002 αὐτῶν
917 949 1090 1004 πάντα
1139 948 1336 1028 ἐχθρὸν
1374 952 1462 1004 καὶ
1488 951 1773 1024 πολέμιον,
1809 975 1836 1001 ››
1869 952 1998 1027 κρά-

352 1041 534 1105 ζοντος
573 1041 669 1092 τοῦ
711 1034 847 1092 λαοῦ
882 1045 934 1110 μ’
965 1042 1079 1111 (66)
1106 1040 1188 1093 τό·
1225 1064 1252 1091 ‹‹
1302 1040 1486 1115 Κύριε,
1539 1039 1785 1111 ἐλέησον,
1823 1066 1849 1091 ››
1907 1042 1995 1096 καὶ

347 1124 499 1183 αὖθις
545 1125 975 1203 κεφαλοκλισίας
1020 1127 1315 1203 γενομένης
1364 1128 1453 1182 καὶ
1509 1133 1606 1183 τοῖ’)
1653 1130 1993 1206 πατριάρχου

347 1212 626 1288 λέγοντος,
655 1240 681 1269 ‹‹
702 1220 824 1274 Ὅτι
857 1215 1110 1288 ἐλεημων
1142 1219 1232 1272 καὶ
1265 1216 1650 1294 φιλάνθρωπος
1685 1221 1812 1281 Θεὸς
1833 1222 1995 1295 ὑπάρο

347 1324 489 1380 χεις,
518 1331 546 1358 ››
566 1307 656 1361 καὶ
686 1306 753 1361 τὰ
776 1305 1228 1379 ἐξῆς,ἀνίστανται
1263 1308 1314 1362 οἱ
1347 1305 1560 1382 δέσμιοι
1592 1309 1681 1364 καὶ
1715 1311 1771 1363 ὅν
1793 1313 1992 1365 πατεῖὸ

349 1393 628 1468 βασιλεὺς,
687 1397 777 1450 καὶ
835 1396 1214 1473 ὀπισθοφανῶς
1266 1397 1564 1472 ἀπάγουσιν
1620 1399 1812 1461 αὐτοὺς
1902 1401 1990 1455 καὶ

349 1484 567 1540 ἱστῶσιν
600 1485 718 1558 ἐνῷ
747 1489 900 1560 τόπῳ
930 1490 1169 1544 ἳσταντο.
1218 1489 1284 1544 Οἱ
1327 1485 1383 1543 δὲ
1450 1485 1703 1559 δημῶται
1732 1493 1836 1542 τῶν
1897 1487 1992 1544 δύο

351 1580 556 1650 μερῶν,
588 1577 676 1632 καὶ
710 1578 759 1632 οἱ
791 1576 886 1633 τοῖ’)
926 1579 1181 1652 ἀριθμοῦ,
1203 1579 1292 1632 καὶ
1325 1580 1380 1631 οἱ
1409 1585 1510 1646 τῆς
1556 1577 1848 1651 βασιλικῆς
1899 1578 1990 1633 οὖ-

347 1664 463 1726 σίας
506 1664 710 1734 ἐλάται,
751 1668 840 1722 καὶ
873 1667 923 1722 οἶ
986 1669 1186 1741 ψάλται
1217 1668 1464 1722 ’ἰστανται
1502 1666 1636 1720 κατὰ
1699 1665 1864 1722 τύπον
1899 1667 1993 1722 ἆν-

341 1753 499 1829 τικρὺ
528 1760 636 1811 τῶν
689 1754 985 1827 δεσποτῶν,
1037 1755 1296 1826 δηλονότι
1354 1752 1546 1827 ἔξωθεν
1575 1763 1674 1826 τῆς
1705 1777 1990 1813 κιονοστα-

349 1843 465 1906 σίας
523 1849 620 1900 τοῦ
678 1843 854 1915 δεξιοῦ
915 1846 1111 1920 μέρους
1182 1849 1287 1901 τῶν
1348 1841 1644 1914 δεσποτῶν,
1722 1843 1810 1899 ἔπὶ
1868 1851 1986 1908 ταῖς
2025 1885 2068 1949 Β

349 1932 359 1949 ,
429 1939 452 1949 ..
559 1934 578 1949 ς
628 1936 672 1949 -.
1006 1941 1028 1949 -
1125 1936 1138 1949 .
1220 1932 1312 1949 ο.-
1593 1935 1606 1949 ς
1668 1932 1691 1949 ε.
1729 1937 1742 1949 .
1871 1937 1883 1949 .

343 1932 513 1988 ἐκεῖσε
559 1934 790 1998 λιθίναις
836 1941 1054 2009 μικραῖς
1115 1932 1460 2009 ἀναϐἀθραις,
1523 1935 1609 1988 καὶ
1665 1932 1751 1990 διὰ
1799 1937 2024 2009 νεύμαι

341 2049 434 2090 τος
511 2031 607 2082 τοῦ
679 2027 1048 2101 πραιποσίτου
1121 2027 1385 2100 ἄρχονται
1455 2025 1717 2102 εὐφημεῖν
1795 2025 1990 2088 οὕτως’

343 2143 372 2170 ‹‹
409 2116 607 2174 Πολλᾶ
636 2117 703 2171 τὰ
734 2113 824 2186 ἔτη
866 2120 974 2170 τῶν
1025 2113 1318 2189 βασιλεων·
1354 2138 1380 2166 ››
1418 2115 1484 2190 γ’.
1523 2137 1550 2166 ‹‹
1592 2115 1652 2170 Ὀ
1699 2111 1841 2168 δεῖνα
1899 2115 1990 2170 καὶ

348 2211 376 2263 6
407 2206 557 2262 δεῖνα
591 2204 842 2280 μεγάλων
881 2202 1148 2279 βασιλέων
1191 2204 1277 2257 καὶ
1313 2201 1725 2276 αὐτοκρατόρων
1782 2203 1988 2262 πολλὰ.

336 2296 403 2352 τὰ
431 2293 551 2366 ἓτη,
600 2295 718 2370 ››γ’.
777 2317 804 2344 ‹‹
855 2288 1296 2367 Θεοπροσῗλῄτων
1359 2289 1629 2366 βασιλέων
1690 2289 1880 2346 πολλὰ
1924 2294 1991 2348 τὰ

337 2385 454 2457 ἔτηί
481 2410 507 2437 ››
539 2385 606 2460 γ’.
643 2408 671 2435 ‹‹
705 2378 1150 2456 Θεοκυϐερνήτων
1179 2381 1448 2456 βασιλέων
1473 2380 1656 2436 πολλά
1675 2382 1739 2436 τὰ
1763 2378 1854 2452 ἔτη
1882 2383 1986 2458 ιγ’,

335 2479 806 2548 Κοσμοσυστατων
854 2469 1122 2546 βασιλέων
1164 2468 1351 2525 πολλὰ
1387 2471 1456 2525 τὰ
1496 2466 1611 2539 ἔτη,
1647 2495 1674 2521 ››
1704 2476 1769 2544 γ’,
1814 2495 1840 2520 ‹‹
1894 2477 1990 2525 Κος

333 2566 706 2638 σμοποθήτων
764 2560 1056 2637 βασιλέων,
1102 2582 1127 2613 s
1160 2561 1228 2635 γ’.
1284 2584 1312 2610 ‹‹
1362 2557 1787 2632 Ἀνδρειοτάτων
1843 2561 1988 2634 βασι-

329 2651 469 2708 λέων
502 2649 691 2707 ποΛλά
723 2653 789 2706 τὰ
818 2644 936 2720 ἔτη,
970 2675 990 2700 1
1017 2651 1082 2724 γ’.
1139 2673 1166 2700 ‹‹
1200 2652 1454 2718 Νικητῶν
1492 2646 1758 2722 βασιλέων
1801 2646 1986 2704 πολλᾶ

327 2744 394 2797 τὰ
425 2737 544 2811 ἔτη,
588 2765 616 2792 ››
671 2742 739 2815 γ’.
801 2764 830 2792 ‹‹
891 2737 1336 2813 Ἐχθρελὲγκτων
1403 2736 1671 2813 βασιλέων
1705 2735 1890 2793 πολλὰ
1920 2739 1988 2793 τὰ

328 2827 448 2901 ἔτη,
484 2855 512 2880 ιι
550 2831 614 2903 γ’·
643 2854 669 2882 α
695 2827 1090 2885 ΙΙλουτοποιῶν
1120 2824 1389 2901 βασιλέων
1422 2825 1613 2881 πολλᾶ
1641 2827 1706 2881 τὰ
1737 2824 1898 2896 Ern,»
1916 2828 1980 2899 γ’.

332 2945 360 2972 ‹‹
394 2917 734 2994 Ὀρθοδόξων
768 2917 1043 2992 βασιλέων
1081 2914 1270 2970 πολλᾶ
1299 2915 1364 2970 τὰ
1395 2910 1514 2985 ἔτη,
1545 2917 1614 2989 γ’.
1654 2941 1674 2966 ι
1709 2917 1797 2970 Υἱὲ
1827 2919 1982 2983 Θεοῦ,

331 3010 476 3078 ζωὴν
499 3008 706 3076 αὐτοῖς,
743 3031 770 3058 ›)
795 3007 863 3084 γ’.
899 3032 924 3058 ‹‹
962 3006 1049 3060 Υἱὲ
1081 3009 1234 3074 Θεοῦ,
1269 2999 1702 3076 συμϐασίλευσον
1737 3004 1981 3073 eaStoic,»

327 3099 395 3174 γ’,
457 3122 484 3148 ‹‹
528 3097 619 3152 Υῗὲ
677 3101 832 3166 Θεοῦ,
894 3096 1118 3170 χάρισαι
1187 3095 1320 3164 ἡμῖν
1377 3093 1585 3162 αὐτοῖς,
1640 3095 1762 3168 ››γ“,
1799 3118 1826 3145 ‹‹
1896 3097 1982 3149 Υἱὲ

330 3191 487 3253 Θεοῦ,
519 3187 645 3248 τοὺς
675 3187 907 3261 χρόνους
940 3185 1118 3238 αὐτῶν
1148 3181 1410 3252 πλήθυνε,
1439 3206 1464 3232 ››
1506 3183 1573 3257 γ’.
1615 3208 1634 3232 ι
1687 3184 1775 3237 Υἱὲ
1825 3188 1979 3253 Θεοῦ,

2115 596 2700 666 imponitimperator
2731 597 2934 670 pedem
2968 615 3142 654 suum
3192 599 3462 654 dextrum
3500 601 3626 670 ejus
3658 619 3756 657 ca-

2114 683 2253 752 piti:
2291 691 2669 752 prolostrator
2712 697 2906 743 autem
2955 687 3202 757 imponit
3243 687 3494 757 jacentis
3545 691 3754 746 cervici

2109 773 2338 829 hastam
2365 775 2747 846 imperialem,
2780 793 2957 848 quam
2982 777 3104 849 ipse
3124 777 3439 848 imperator
3470 795 3580 834 sua
3609 795 3752 850 quo-

2108 877 2216 932 que
2248 863 2450 919 dextra
2481 865 2959 936 comprehensam
2995 870 3168 922 tenet.
3201 866 3280 922 E0
3323 867 3501 937 facto,
3533 867 3758 925 cadunt

2107 951 2294 1007 caeteri
2325 952 2532 1024 captivi
2564 969 2764 1010 omnes
2822 955 3090 1025 protinus
3143 955 3202 1011 in
3262 959 3480 1013 terram
3537 957 3747 1029 proni;

2105 1039 2398 1112 hastaeque
2427 1046 2485 1097 ct
2517 1043 2817 1100 ﬂammula
2846 1043 3114 1116 ipsorum
3146 1045 3395 1101 humum
3424 1063 3630 1102 versus
3657 1045 3752 1102 in-

2104 1129 2320 1186 clinata
2350 1131 2718 1188 invertuntur
2748 1134 2807 1189 in
2839 1138 3016 1204 caput
3062 1152 3094 1190 a
3124 1134 3516 1191 cohortalibus
3550 1134 3750 1192 militi-

2103 1218 2233 1288 bus,
2268 1220 2367 1292 qui
2400 1221 2500 1276 illa
2538 1226 2755 1278 tenent.
2814 1223 3023 1278 Statim
3078 1227 3215 1280 tunc
3268 1224 3530 1294 procedit
3590 1232 3750 1281 extra

2101 1309 2341 1364 chorum
2377 1328 2547 1366 suum
2581 1329 2735 1367 unus
2783 1317 3113 1380 cantorum,
3147 1317 3204 1368 et
3245 1315 3585 1384 pronuntiat
3616 1331 3750 1383 pro-

2102 1398 2359 1469 positum
2384 1399 2507 1470 [seu
2532 1401 2752 1456 dictum
2777 1417 2807 1456 e
2831 1401 3071 1456 Psalmis
3096 1402 3385 1457 Davidicis
3407 1406 3747 1474 excerptum

2103 1489 2370 1558 praesenti
2401 1489 2553 1544 actui
2597 1489 2988 1564 congruum]:
3027 1513 3055 1541 «
3105 1490 3244 1557 Quis
3297 1495 3387 1546 est
3436 1491 3590 1547 Deus
3637 1508 3751 1547 ma-

2100 1593 2270 1645 gnus,
2304 1582 2367 1632 ut
2399 1582 2546 1633 Deus
2576 1579 2816 1634 noster?
2854 1580 2941 1634 Tu
2991 1596 3051 1635 es
3098 1579 3249 1636 Deus
3299 1579 3519 1636 faciens
3569 1580 3742 1636 mira-

2101 1666 2259 1722 bilia.
2297 1689 2319 1716 ι
2357 1668 2491 1723 Post
2520 1668 2644 1724 haec
2682 1668 2834 1725 dicta
2884 1670 2950 1725 fit
3000 1674 3237 1726 extensa
3289 1686 3524 1742 magna,
3560 1671 3744 1727 donec

2100 1757 2464 1825 perveniatur
2495 1758 2566 1812 ad
2616 1757 2828 1814 verba:
2880 1781 2909 1810 «
2963 1764 3156 1816 Donec
3209 1759 3585 1830 supposuerit
3632 1759 3743 1816 sub

2100 1846 2276 1917 pedes
2308 1846 2568 1916 ipsorum
2601 1863 2834 1903 omnem
2861 1847 3164 1904 inimicum
3210 1853 3267 1905 et
3315 1854 3602 1905 armatum
3651 1866 3746 1920 ag-

2101 1952 2450 2004 gressorem.
2486 1959 2514 1986 »
2549 1936 2774 1992 Interea
2799 1937 2973 1993 iterat
3003 1937 3278 2010 populus,
3310 1954 3412 2008 per
3445 1937 3746 1994 intervalla

2103 2025 2494 2097 quadraginta
2524 2026 2749 2083 vicibus
2797 2027 3097 2084 clamans:
3132 2050 3160 2078 ‹‹
3210 2027 3383 2100 Kyrie
3430 2027 3643 2084 eleison
3670 2043 3684 2096 ;
3713 2049 3742 2077 »

2100 2130 2303 2169 rursus
2334 2115 2398 2168 fit
2428 2115 2608 2170 oratio
2639 2132 2767 2170 cum
2801 2115 2997 2173 vultus
3027 2132 3230 2172 versus
3250 2119 3462 2172 terram
3488 2115 3745 2172 declina-

2100 2203 2294 2270 tione;
2328 2203 2656 2273 patriarcha
2685 2207 2856 2260 verba
2887 2205 3263 2274 pronuntiat:
3299 2226 3327 2254 ‹‹
3371 2205 3517 2268 Quia
3565 2205 3741 2262 mise-

2101 2291 2282 2348 ricors
2315 2301 2364 2345 et
2415 2291 2719 2348 hominum
2767 2309 2973 2349 amans
3023 2293 3176 2350 Deus
3225 2308 3364 2363 es,»
3413 2298 3470 2349 et
3516 2302 3740 2354 caetera.

2097 2385 2255 2436 Tunc
2287 2387 2604 2454 resurgunt
2625 2383 2831 2455 captivi
2868 2398 2899 2438 e
2945 2386 3120 2450 terra,
3153 2386 3211 2438 et
3242 2381 3336 2438 ille
3370 2399 3600 2454 quoque
3623 2383 3741 2456 pri-

2099 2471 2342 2538 marius,
2375 2489 2548 2543 quem
2584 2475 2900 2544 imperator
2932 2471 3136 2536 calcat,
3180 2476 3448 2543 retroque
3496 2473 3628 2528 illos
3679 2474 3740 2530 in

2097 2561 2341 2631 vestigia
2390 2578 2499 2616 sua
2544 2560 2706 2616 vultu
2756 2561 3021 2617 irretorto
3071 2561 3372 2618 abducunt
3428 2559 3588 2631 illuc,
3638 2563 3740 2618 ubi

2096 2650 2257 2718 prius
2288 2649 2548 2706 collocati
2581 2651 2829 2706 fuerant.
2861 2651 3177 2722 Populares
3211 2651 3507 2706 ambarum
3536 2651 3740 2708 factio-

2096 2757 2238 2796 num
2270 2744 2327 2796 ct
2357 2740 2574 2796 milites
2605 2741 2846 2797 arithmi
2876 2746 2932 2797 et
2972 2757 3266 2798 sacrorum
3301 2757 3606 2814 corporum
3641 2758 3741 2800 ve-

2094 2837 2280 2885 ctores
2308 2830 2557 2900 remiges
2602 2833 2660 2885 et
2705 2835 2994 2895 cantores,
3029 2834 3254 2886 stantes
3287 2847 3317 2886 e
3356 2830 3589 2903 regione
3634 2831 3739 2888 do-

2094 2919 2408 2988 minorum,
2443 2935 2648 2988 nempe
2677 2924 2837 2974 extra
2867 2935 3062 2974 aream
3111 2918 3396 2975 columnae
3446 2936 3481 2976 a
3535 2920 3740 2976 dextra

2092 3018 2247 3078 parte
2279 3010 2676 3076 dominorum,
2708 3011 2765 3064 in
2799 3010 3007 3082 positis
3038 3009 3114 3065 ibi
3149 3011 3342 3082 parvis
3373 3011 3565 3067 saxeis
3615 3027 3742 3084 gra-

2091 3098 2283 3164 dibus,
2316 3098 2621 3168 incipiunt,
2655 3104 2796 3153 nutu
2839 3099 3132 3171 praepositi
3156 3101 3458 3168 admoniti,
3492 3100 3576 3156 sic
3617 3100 3735 3157 lau-

2091 3186 2264 3240 dibus
2297 3191 2352 3241 et
2400 3188 2904 3244 benedictionibus
2953 3188 3359 3259 imperatorem
3413 3190 3730 3262 prosequi:

331 3275 632 3332 ἐπάκουσον
667 3278 851 3348 ἡμῶν,
887 3298 914 3325 )›
944 3275 1008 3347 γ’,
1047 3295 1070 3326 α
1099 3268 1254 3341 Αὔξει
1285 3273 1320 3340 ἡ
1354 3273 1534 3334 πίστις
1573 3275 1682 3327 τῶν
1731 3275 1979 3347 Χριστια-

2097 3274 2305 3329 «Multi
2325 3256 3068 3348 sintanniimperatorum';
3099 3300 3127 3328 ‹‹
3162 3283 3250 3332 ter
3277 3256 3429 3334 illud
3469 3256 3726 3336 iterant.

327 3369 459 3428 νῶν,
497 3388 526 3418 ››
566 3366 635 3441 γ’.
671 3389 699 3417 ‹‹
741 3361 892 3436 Αὔξει
949 3365 984 3432 ἡ
1039 3359 1288 3438 βασιλεία
1337 3365 1445 3415 τῶν
1482 3361 1797 3433 Ῥωμαίων,
1852 3386 1880 3412 ))
1909 3369 1974 3437 γ’,

448 3452 472 3472 ν
960 3453 974 3474 κ
1049 3451 1070 3488 ,ν
1198 3449 1210 3472 I
1302 3455 1368 3482 ,υ
1471 3450 1486 3470 ρ
1671 3449 1682 3470 ι
1732 3473 1742 3489 ε
1941 3453 1952 3471 ο

327 3479 356 3508 ‹‹
393 3456 554 3524 Αυξει
622 3455 656 3524 ἡ
707 3453 827 3524 νίκη
887 3473 975 3506 και
1022 3470 1246 3526 εδτυχια
1312 3472 1410 3506 ,ων
1490 3457 1779 3523 Ρωμαιωι,
1828 3476 1856 3502 ››
1905 3473 1974 3526 γ,

330 3540 542 3613 «Αὔξει
595 3545 630 3613 ἡ
683 3539 901 3617 ἀνδρεία
946 3545 1043 3596 τοῦ
1091 3540 1230 3596 λαοῦ
1281 3539 1507 3615 Κυρίου,
1534 3563 1561 3592 ››
1591 3541 1656 3616 γ’.
1703 3563 1731 3592 ι(
1789 3545 1979 3613 ’Πμεῖς

329 3631 521 3688 δοῦλοι
575 3636 682 3687 τῶν
744 3630 1036 3707 βασιλέων,
1091 3637 1156 3703 γ’.
1224 3653 1249 3684 ι
1298 3630 1357 3686 Ὀ
1416 3626 1562 3683 δεῖνα
1610 3628 1699 3682 καὶ
1754 3631 1781 3684 ὁ
1831 3627 1980 3686 δεῖνα

2089 3385 2116 3412 ‹‹
2152 3362 2314 3418 Illius
2344 3367 2399 3420 et
2428 3363 2586 3420 illius
2615 3382 2648 3419 a
2683 3366 2792 3420 Deo
2827 3365 2885 3420 in
2927 3381 3056 3421 eam
3107 3366 3450 3438 dignitatem
3501 3372 3731 3424 evecto-

2088 3468 2217 3507 rum
2248 3453 2662 3524 imperatorum
2695 3453 2866 3510 multi
2898 3456 3016 3510 sint
3046 3455 3205 3510 anni.
3232 3477 3260 3505 »
3293 3456 3480 3512 Etiam
3505 3457 3613 3513 hoc
3645 3462 3735 3514 ter

2088 3546 2320 3601 iterant.
2355 3567 2384 3594 «
2417 3548 2464 3597 A
2495 3543 2610 3600 Deo
2639 3544 3100 3616 gubernatorum
3133 3549 3190 3601 et
3211 3546 3731 3618 gubernandorum

2089 3633 2508 3701 imperatorum
2544 3633 2708 3689 multi
2740 3633 2854 3690 sint
2886 3634 3064 3704 anni;
3099 3656 3128 3684 ››
3159 3638 3244 3691 ter
3273 3651 3546 3708 quoque;
3593 3635 3730 3693 item

1371 3738 1575 3794 JOAN.
1634 3739 1778 3794 JAC.
1823 3740 2076 3796 REISKII
2115 3741 2707 3799 COMMENTARIUS.

408 3844 513 3908 (65)
549 3843 800 3898 Inversio
833 3855 1126 3895 armorum
1161 3849 1214 3892 et
1246 3838 1678 3892 ﬂammulorum
1721 3853 1821 3893 seu
1865 3839 1969 3893 lla-

425 3867 513 3908 UD)
549 3867 800 3898 inverslu
833 3867 1126 3895 ul'IuUl'UIu
1161 3867 1214 3892 CI.
1247 3867 1678 3892 uuunquU|u1u
1722 3867 1821 3893 acu
1865 3867 1969 3893 uu-

331 3867 638 3980 beilorum,
670 3913 730 3968 id
752 3919 841 3968 est
861 3912 1187 3977 signomm,
1220 3909 1585 3980 significabat
1609 3909 1816 3980 partim
1844 3925 1970 3978 pro-

332 3988 639 4042 fessionem
673 3990 730 4040 et
769 3983 1125 4041 agnitionem
1172 3979 1490 4049 superioris
1541 3979 1673 4034 novi
1721 3980 1968 4047 domini,

330 4060 422 4115 cui
457 4058 633 4113 veluti
657 4057 713 4111 in
746 4055 1132 4111 obedientiam
1158 4051 1723 4118 illainclinabantur,
1759 4051 1968 4121 partim

329 4131 804 4200 degradationem
826 4125 1043 4200 veteris
1067 4123 1284 4200 domini
1317 4129 1374 4179 et
1406 4123 1831 4200 _rescissionern
1883 4140 1972 4178 sa-

330 4193 607 4258 cramenti
643 4201 756 4271 ipsi
788 4198 925 4271 olim
959 4197 1222 4271 praestiti.
1261 4197 1340 4271 Ita
1371 4193 1679 4271 olim_post
1732 4203 1969 4250 mortem

327 4274 572 4342 Augusti
597 4274 653 4327 in
671 4267 805 4326 novi
826 4267 1273 4342 inau'guratione
1296 4267 1731 4342 invertebantur
1752 4271 1807 4320 et
1821 4271 1970 4322 ster-

329 4339 623 4402 nebantur
653 4343 816 4398 humi
851 4339 1016 4412 signa
1047 4345 1104 4396 et
1136 4339 1558 4412 ha~tm,rdonec
1582 4353 1974 4412 novo_renun-

333 4418 470 4473 tiato
511 4433 716 4471 rursus
739 4409 1124 4483 erigerentur.
1144 4411 1476 4483 Inversione
1500 4409 1598 4464 illa
1620 4409 1970 4483 proﬁteban-

327 4493 424 4544 tur
456 4489 691 4546 milites.
720 4482 1127 4557 imperatorem
1153 4499 1216 4538 sc
1243 4500 1355 4557 non
1383 4482 1594 4536 habere
1623 4501 1637 4540 :
1681 4482 1973 4536 erectione

329 4566 524 4616 autem
557 4555 923 4614 testabantur
967 4572 1167 4611 recens
1205 4555 1387 4610 electo
1436 4560 1858 4608 sacramentum
1911 4567 1972 4607 se

330 4633 521 4686 dicere
551 4629 895 4710 debitosque
925 4627 1183 4709 honores.
1205 4625 1751 4710 exhibere._P_ariter
1780 4625 1836 4678 in
1890 4640 1974 4708 re-
2006 4645 2052 4710 Β

331 4702 602 4772 praesenti
629 4697 1105 4757 Saracenicorum
1139 4699 1440 4770 signorum
1469 4697 1865 4772 et‘hastarum
1891 4698 1976 4772 in-

328 4767 592 4829 versione
615 4771 1080 4844 signiﬁcabatur,
1102 4767 1420 4844 Saracenos
1440 4769 1518 4844 ab_
1531 4767 1691 4844 illius
1712 4767 1972 4844 dominio

329 4845 554 4902 solutos
585 4839 734 4912 esse,
766 4843 859 4899 cui
890 4843 1027 4899 olim
1060 4843 1130 4897 ad
1164 4843 1272 4897 ista
1302 4841 1470 4908 signa
1491 4841 1661 4912 fidem
1691 4839 1972 4912 condixe-

330 4917 482 4974 rint:
511 4919 801 4972 erectione
850 4920 1046 4970 autem
1091 4930 1192 4968 eos
1240 4913 1310 4968 ad
1349 4912 1530 4968 Graeci
1582 4911 1966 4979 imperatoris,

326 4987 564 5045 victoris
595 4988 708 5050 sui,
730 4987 1056 5042 dominium
1082 4985 1328 5040 transire
1349 4983 1519 5054 eique
1539 4987 1968 5038 sacramentum

326 5061 514 5117 dicere
544 5065 602 5116 et
634 5075 830 5129 parere
861 5057 1026 5114 velle.
1063 5057 1220 5129 Apud
1255 5055 1484 5129 Latinos
1516 5070 1748 5129 quoque
1780 5056 1967 5110 medio

329 5149 446 5188 evo
479 5135 536 5187 in
561 5126 972 5200 degradatione
995 5128 1278 5200 nobilium
1306 5126 1529 5200 felonize
1552 5127 1965 5200 damnatorum

328 5221 444 5259 non
477 5197 704 5258 tantum
737 5202 893 5256 bona
913 5206 970 5256 et
990 5199 1386 5268 libertasipsis
1410 5199 1726 5269 liberisque
1744 5197 1963 5252 adime-

325 5276 556 5339 bantur,
589 5278 688 5330 sed
722 5273 895 5329 etiam
931 5275 985 5328 in
1019 5273 1142 5340 ejus
1174 5270 1253 5325 rei
1285 5269 1767 5336 significationem
1801 5286 1966 5325 arma

327 5347 687 5418 proditorum
723 5346 950 5409 publice
985 5342 1416 5398 invertebantur
1440 5358 1552 5418 seu
1587 5342 1966 5396 revorsaban-

324 5416 460 5482 tur;
492 5435 542 5473 v.
580 5419 664 5473 Du
698 5419 889 5481 Cange
920 5433 971 5468 v.
1007 5418 1172 5470 Arma
1211 5416 1504 5468 reversata.

395 5492 510 5561 (66)
545 5488 864 5558 Battologia
897 5487 995 5541 illa
1025 5485 1237 5561 saepius
1267 5488 1525 5561 eamdem
1562 5485 1878 5561 formulam
1903 5485 1959 5538 in

323 5555 469 5618 votis
495 5555 569 5616 ad
605 5555 799 5618 Deum’
823 5559 1067 5614 iterandi
1097 5555 1168 5611 ab
1199 5556 1441 5611 ecclesia
1465 5558 1658 5611 Graeca
1683 5563 1740 5610 et
1760 5555 1962 5610 Latina

327 5635 397 5689 ad
423 5632 943 5690 Muhammedanos
968 5629 1238 5685 manavit.
1261 5628 1384 5691 Qua
1405 5630 1473 5683 de
1495 5641 1552 5682 re
1574 5628 1718 5683 alias
1749 5627 1959 5694 agendi

326 5703 489 5760 locus
519 5706 648 5761 erit.
681 5702 876 5760 Simile
908 5707 1103 5758 nostro
1151 5700 1277 5757 loco
1310 5699 1454 5754 illud
1508 5706 1595 5754 est
1644 5699 1702 5753 in
1749 5696 1959 5752 Rituali

325 5775 586 5834 Romano
629 5774 956 5832 Cassinensi
1004 5772 1156 5845 apud
1209 5771 1636 5828 Mabillonum:
1686 5769 1733 5824 A
1783 5768 1958 5824 medio

2075 3840 2250 3894 noctis
2280 3845 2640 3911 concurrente
2657 3845 2859 3911 populo
2887 3846 3092 3898 exeunt
3115 3859 3238 3899 cum
3270 3843 3480 3899 letania
3527 3844 3609 3900 ad
3667 3844 3725 3900 S.

2076 3912 2326 3964 Mariam
2356 3910 2662 3983 minorem.
2683 3910 2966 3967 mundatis
2988 3929 3082 3981 per
3115 3916 3262 3969 ciam
3291 3916 3496 3983 plateis
3524 3919 3578 3969 et
3608 3931 3731 3970 sus-

2072 3983 2260 4054 pensis
2289 3997 2391 4054 per
2418 3981 2599 4036 domos
2631 3982 2874 4054 lucernis
2905 3985 3090 4054 ibique
3125 3986 3181 4038 in
3228 3981 3500 4052 gradibus
3528 3986 3586 4041 S.
3622 3985 3732 4041 Μα-

2075 4054 2177 4106 riae
2207 4052 2453 4122 deposita
2481 4055 2640 4108 icona
2674 4053 2854 4108 omnis
2883 4052 3084 4110 chorus
3104 4057 3350 4110 virorum
3401 4071 3464 4110 ac
3517 4056 3730 4111 mulie-

2076 4140 2203 4178 rum
2234 4153 2302 4164 —-
2334 4140 2441 4178 una
2466 4139 2588 4180 voce
2618 4140 2714 4188 per
2741 4141 3040 4180 numerum
3069 4125 3260 4180 dicunt
3308 4127 3512 4182 centies
3559 4127 3732 4196 Kyrie

2077 4196 2299 4280 eteison,
2337 4197 2551 4280 [centies
2579 4197 2812 4280 ‘(ghriste
2861 4197 3097 4280 θείω-ορ,Ξ
3127 4199 3260 4280 item
3287 4199 3510 4280 centies
3550 4199 3726 4280 Hyrie

2077 4267 2547 4340 eleisontConcit.
2579 4266 2838 4322 Vasense
2865 4285 2960 4322 an.
2992 4269 3099 4322 5‘39
3126 4267 3299 4339 (apud
3322 4269 3411 4340 Du
3437 4266 3724 4340 Cangium

2077 4338 2264 4393 Gloss.
2301 4339 2426 4394 Lat.
2455 4355 2508 4392 ν.
2543 4340 2856 4411 Kyrietes):
2893 4341 2954 4394 Et
2984 4341 3116 4411 quia
3138 4338 3260 4393 tam
3308 4339 3370 4394 in
3418 4340 3545 4395 sede
3567 4338 3723 4408 Vapo-

2075 4411 2294 4472 stolica,
2328 4410 2690 4482 quamctiam
2722 4427 2820 4482 per
2847 4410 3310 4466 totas’oricntates
3339 4420 3500 4482 atque
3548 4411 3725 4466 Italia:

2076 4483 2390 4551 prm-incias
2421 4481 2598 4535 dulcis
2629 4488 2682 4535 et
2712 4481 2949 4536 nimium
2981 4483 3252 4536 salutaris
3281 4481 3611 4538 consuetudo
3639 4487 3722 4537 est

2077 4552 2410 4626 intromissa.
2439 4557 2495 4606 ut
2528 4553 2692 4623 Kyrie
2719 4553 2923 4626 eteison
2964 4554 3302 4626 frequentius
3347 4570 3472 4609 cum
3519 4553 3724 4622 grandi

2083 4624 2283 4698 affectu
2311 4633 2360 4678 et
2389 4628 2800 4698 compunctione
2824 4624 3074 4698 dicatur,
3093 4628 3307 4694 placuit
3334 4629 3504 4680 etiam
3541 4626 3717 4692 nobis,

2083 4695 2143 4751 ut
2175 4695 2232 4750 in
2265 4696 2517 4750 omnibus
2547 4697 2792 4752 ecclesiis
2823 4699 3024 4752 nostris
3051 4695 3162 4751 ista
3193 4706 3305 4750 tam
3351 4706 3541 4752 sancta
3586 4713 3718 4753 con-

2081 4767 2311 4824 suetudo
2339 4771 2394 4822 et
2422 4771 2493 4822 ad
2522 4769 2856 4822 matutinum
2887 4771 2937 4822 et
2965 4767 3035 4822 ad
3080 4767 3278 4823 missas
3319 4772 3372 4823 et
3419 4767 3490 4823 ad
3534 4784 3718 4836 vespe-

2082 4856 2205 4896 ram
2236 4841 2339 4895 Deo
2367 4839 2606 4909 propitio
2637 4841 3060 4895 intromittatur.
3092 4843 3149 4896 8.
3192 4844 3435 4910 August.
3487 4839 3587 4908 Ep.
3623 4839 3718 4898 lll.

2084 4917 2318 4967 caeteras
2376 4911 2528 4965 inter
2585 4911 3037 4966 acclamationes
3081 4928 3114 4966 a
3161 4909 3406 4966 notariis
3461 4909 3718 4966 ecclesia:

2079 4987 2347 5053 exceptas
2376 4982 2434 5037 in
2466 4981 2624 5036 Actis
2664 4981 3048 5038 ordinationis
3101 4981 3287 5038 Eradii
3334 4982 3455 5038 haec
3506 4984 3716 5038 refert:

2079 5054 2275 5125 dignus
2295 5062 2397 5118 est,
2421 5054 2604 5124 justus
2635 5064 2751 5125 est,
2791 5053 3002 5110 dictum
3057 5056 3249 5121 vicies,
3309 5055 3438 5109 bene
3465 5057 3713 5125 meritus,

2079 5124 2214 5180 bene
2241 5125 2443 5197 dignus
2483 5133 2581 5197 est,
2612 5124 2820 5180 dictum
2861 5127 3170 5197 quinquies.
3221 5127 3325 5179 Sed
3379 5124 3514 5196 quid
3567 5141 3714 5197 opus

2077 5203 2166 5253 est
2194 5196 2453 5264 exempla
2485 5196 2672 5250 aliena
2704 5195 2904 5263 citare,
2939 5195 3071 5253 cum
3117 5197 3292 5252 codex
3335 5200 3534 5250 noster
3583 5195 3711 5250 ubi-

2077 5285 2188 5340 que
2204 5285 2402 5323 oorum
2422 5269 2654 5322 abunde
2674 5275 2971 5339 suggerat,
2997 5285 3237 5324 monens
3258 5267 3411 5340 hanc
3431 5264 3517 5320 vel
3549 5265 3710 5321 illam

2076 5339 2386 5396 tormulam
2422 5340 2589 5393 toties
2618 5340 2702 5394 vel
2737 5341 2908 5396 toties
2949 5341 3131 5394 fuisse
3162 5339 3484 5394 recitatam.
3519 5341 3711 5394 Mana-

2071 5411 2151 5466 vit
2187 5413 2292 5466 hoc
2322 5427 2386 5466 ex
2420 5413 2592 5466 veleri
2619 5427 2777 5466 more
2809 5413 2982 5466 curias
3027 5411 3295 5465 Romanas
3344 5409 3711 5480 imperatori-

2071 5483 2579 5538 busacclamandi.
2598 5483 2964 5553 Spississime
2977 5483 3128 5536 enim
3152 5481 3362 5547 legitur
3386 5481 3442 5536 in
3467 5481 3710 5548 scripto-

2071 5556 2232 5610 ribus
2259 5554 2682 5621 llist.Augusta3
2706 5556 2825 5609 haec
2847 5554 2931 5607 vel
2949 5553 3041 5606 illa
3063 5563 3186 5609 acta
3211 5555 3320 5612 (sic
3343 5553 3710 5622 appellabant

2071 5635 2214 5698 tum,
2275 5628 2430 5697 quod
2493 5625 2840 5698 posteriores
2917 5623 3126 5698 laudes,
3183 5621 3707 5698 GPEBClVStimT‘p‘igg)

2069 5697 2244 5754 toties
2286 5695 2457 5769 atque
2493 5695 2676 5754 'toties
2724 5696 2905 5752 fuisse
2950 5695 3123 5752 dicta.
3175 5697 3293 5752 vid.
3327 5710 3376 5750 θ.
3406 5709 3457 5751 c.
3486 5695 3543 5767 p.
3578 5695 3703 5760 601,

2069 5772 2112 5826 ι.
2142 5771 2212 5826 ΙΙ.
