4008 6210
319 324 478 385 1H3

1390 320 1909 383 CONS’I‘ANTINI
1952 322 2273 383 PORPHY
2292 322 2663 384 ROGENITI

3570 306 3727 366 Hi4

316 458 429 515 hoc
483 473 713 529 quoque
743 461 862 513 ter:
901 478 929 506 «
964 459 1411 527 Imperatorum,
1447 472 1589 528 quos
1619 457 1961 528 approbatio
1991 506 2001 526 Α

2127 454 2333 531 εγάλῶν
2370 456 2634 531 βασιλέων
2670 456 2760 509 καὶ
2802 448 3216 526 αὐτοκρατόρων
3249 467 3321 501 πο
3338 444 3453 500 λλα
3478 444 3543 496 τὰ
3575 440 3727 508 ἒττ,,ιν

316 548 495 603 totius
527 546 724 602 mundi
750 546 1141 615 commendat,
1167 545 1283 600 sint
1314 546 1482 600 multi
1516 547 1673 601 anni.
1710 547 1963 619 Impera-

327 641 543 705 torum,
573 652 722 707 quos
754 641 910 691 totus
934 636 1189 690 mundus
1211 636 1407 705 cupit;
1444 656 1469 687 ›
1494 644 1596 691 ter.
1631 658 1657 685 ‹‹
1692 635 1964 690 Fortissi-

325 742 555 781 morum
593 725 1011 796 imperatorum
1057 726 1222 780 multi
1256 725 1373 779 sint
1423 725 1583 780 anni.
1617 748 1645 774 ››
1679 730 1784 781 ter.
1823 747 1842 774 ι
1872 724 1968 777 Vi-

325 817 554 870 ctorum
632 812 1053 885 imperatorum
1132 813 1302 868 multi
1378 814 1493 868 sint
1562 814 1720 868 anni.
1774 837 1796 865 ι
1860 818 1965 867 ter.

323 926 352 954 ‹‹
387 909 824 974 Imperatoruni,
860 906 959 975 qui
1000 904 1258 959 hostium
1320 904 1675 959 debilitatem
1735 904 1970 958 invictis

326 993 687 1064 argumentis
721 993 1131 1049 demonstrant
1158 997 1215 1048 et
1258 993 1317 1047 in
1366 994 1676 1063 conspicuo
1724 998 1968 1062 ponunt,

322 1085 446 1139 sint
478 1084 649 1139 multi
682 1083 841 1151 anni,
876 1106 903 1133 »
946 1088 1052 1138 ter.
1089 1105 1116 1131 ‹‹
1150 1082 1611 1138 Orthodoxorum
1660 1083 1973 1154 imperato-

2077 904 2242 957 τόκου
2274 902 2325 957 ἐν
2360 910 2438 975 τῷ
2491 905 2668 977 φόρῳ,
2709 902 2865 957 κάκεῖ
2906 899 3224 968 ἀπαλλάξας
3264 899 3361 966 τήν
3392 894 3610 960 στολήν
3650 891 3749 944 ἒπ-

2082 993 2228 1046 πεύει

2078 546 2180 601 Καὶ
2216 548 2349 617 μετὰ
2377 547 2438 600 τὸ
2492 545 2786 601 τελειῶσαι
2828 543 3015 603 αὐτοῖς
3063 541 3163 609 τὴν
3207 535 3483 613 εὐφημίαν
3533 531 3735 607 λεγου-

2077 657 2175 689 σιν.
2208 659 2231 689 ι
2297 635 2672 710 Ιιολυχρὸνιον
2710 636 2930 704 ποιήσει
2967 633 2993 685 6
3045 630 3175 690 Θεὸς
3218 629 3317 695 τήν
3369 626 3529 699 ἁγίαν
3578 624 3736 695 βασμ-

2078 722 2224 778 λεὶαν
2280 725 2429 797 ὑμῶν
2475 724 2551 786 εἷς
2589 721 2778 779 πολλὰ
2808 722 2926 792 ἔτη.
2974 746 3001 771 ι»
3043 718 3138 773 Kal
3174 718 3267 772 εἶθ’
3309 716 3489 775 ῦῧτως
3553 713 3584 765 ὃ

2083 814 2335 889 βασιλεὺς
2396 815 2690 890 ἀπέρχεται
2735 812 2784 868 ἐν
2820 817 2900 883 τῷ
2955 815 3066 882 ναῶ
3119 811 3218 878 τῆς
3273 804 3577 880 ὑπεραγίας
3614 809 3745 857 Θεσ-

2239 1038 2252 1064 ,
2303 992 2392 1047 καὶ
2441 992 2739 1067 ἀπέρχεται
2773 990 2825 1045 ἐν
2876 994 2954 1061 τῷ
3003 986 3333 1058 παλατίῳοὸ
3388 982 3447 1041 δὲ
3477 982 3755 1055 πατριάρο

2083 1088 2197 1155 χῆς
2229 1086 2307 1153 τῷ
2338 1080 2514 1155 πώλῳ
2547 1076 2737 1142 ἐπιϐὰς
2771 1082 2885 1153 (67)
2907 1076 3113 1133 ἄπεισιν
3148 1076 3201 1131 ἐν
3233 1079 3300 1149 τῇ
3333 1070 3754 1148 πατριαρχεῖῳ·

321 1186 456 1230 rum
492 1175 663 1230 multi
698 1176 818 1230 sint
850 1174 1010 1243 anni,
1046 1196 1073 1222 ››
1102 1178 1206 1229 ter.
1230 1196 1257 1223 «
1294 1174 1398 1228 Fili
1430 1173 1551 1244 Dei,
1581 1174 1759 1229 vitam
1794 1173 1933 1245 ipsis
1970 1173 2276 1245 [indulge],
2312 1197 2340 1223 ››
2391 1180 2494 1230 ter.
2530 1197 2557 1225 «
2609 1174 2716 1229 Fili
2767 1172 2890 1237 Dei,
2933 1170 3284 1226 administra
3326 1182 3579 1239 regnum
3617 1179 3758 1218 cum

324 1267 471 1338 ipsis
502 1265 903 1338 collegialiter,
937 1288 965 1315 »
1001 1269 1107 1320 ter.
1143 1286 1171 1314 α
1204 1264 1309 1318 Fili
1360 1265 1480 1333 Dei,
1510 1264 1744 1335 indulge
1795 1264 1963 1318 nobis
2002 1264 2236 1335 ipsos,»
2284 1270 2387 1320 ter.
2422 1286 2449 1313 ‹‹
2506 1263 2612 1319 Fili
2662 1262 2783 1334 Dei,
2843 1278 3030 1317 annos
3084 1275 3279 1317 eorum
3336 1255 3704 1327 multiplica,
3731 1275 3759 1301 ιι

327 1365 433 1413 ter.
468 1382 493 1407 ‹‹
531 1358 633 1413 Fili
676 1358 794 1427 Dei,
846 1358 1051 1412 exaudi
1103 1373 1228 1422 nos,
1281 1378 1309 1405 ››
1340 1361 1444 1412 ter.
1476 1378 1503 1407 «
1541 1361 1771 1412 Crescat
1821 1356 1964 1410 ﬁdes
2013 1354 2496 1423 Christianorum,
2532 1378 2560 1405 »
2609 1359 2716 1410 ter.
2754 1376 2779 1406 ι
2826 1353 3056 1409 Crescat
3104 1351 3408 1422 imperium
3462 1348 3766 1402 Romano-

336 1465 491 1515 rum,
529 1471 557 1498 »
615 1453 723 1503 ter.
762 1469 789 1496 ››
839 1448 1069 1503 Crescat
1116 1448 1353 1502 victoria
1401 1452 1458 1502 et
1520 1447 1765 1501 felicitas
1812 1449 2230 1508 Romanorum,
2266 1466 2290 1496 ι)
2339 1452 2444 1501 ter.
2497 1469 2524 1495 ‹‹
2576 1446 2807 1500 Crescat
2854 1443 3130 1499 fortitudo
3180 1440 3375 1513 populi
3424 1436 3765 1503 Domini,»

336 1542 445 1593 ter.
483 1558 511 1586 «
541 1536 656 1592 Nos
684 1552 891 1592 sumus
923 1536 1072 1592 servi
1114 1536 1549 1607 imperatorum,
1587 1557 1608 1584 ι
1644 1539 1752 1590 ter.
1788 1556 1817 1583 «
1868 1534 2031 1591 Illius
2078 1540 2135 1590 et
2180 1534 2339 1590 illius
2389 1550 2733 1606 magnorum
2782 1533 3201 1605 imperatorum
3248 1528 3602 1584 auctoritate
3656 1540 3772 1579 sna

344 1628 716 1698 regnantium
750 1626 923 1681 multi
955 1628 1073 1683 sint
1105 1626 1263 1681 anni.
1299 1648 1326 1676 ››
1360 1628 1513 1682 354
1546 1626 1681 1680 Post
1712 1624 2009 1680 absolutas
2038 1624 2145 1680 hac
2177 1626 2379 1681 laudes
2410 1625 2647 1680 dicunt:
2686 1647 2713 1675 ‹‹
2747 1624 3064 1679 Multienne
3096 1621 3266 1678 faciat
3294 1620 3447 1675 Deus
3480 1625 3771 1673 sanctum

346 1727 598 1773 vestrum
631 1717 963 1788 imperium.
1000 1739 1026 1765 ››
1068 1718 1138 1771 Et
1175 1717 1259 1771 sic
1290 1716 1524 1770 tandem
1575 1714 1695 1769 abit
1742 1714 2057 1785 imperator
2103 1713 2163 1768 in
2212 1715 2393 1769 aedem
2441 1714 2825 1770 sanctissimas
2879 1712 3153 1783 Deiparaa,
3195 1726 3321 1781 qua:
3362 1708 3419 1763 in
3475 1708 3608 1761 foro
3655 1709 3751 1761 est

344 1807 548 1878 ibique
596 1808 863 1877 deposita
916 1806 1063 1861 stola
1121 1805 1207 1860 vel
1267 1804 1471 1860 habitu
1526 1803 1886 1874 triumphali,
1921 1803 2213 1859 inscendit
2268 1803 2327 1858 in
2368 1820 2611 1875 equum,
2669 1808 2725 1859 et
2774 1801 3066 1858 revehitur
3121 1800 3179 1856 in
3214 1797 3543 1870 palatium:
3577 1794 3776 1867 patri-

348 1897 523 1952 archa
542 1912 676 1952 vero
706 1901 923 1953 remeat
952 1912 1127 1967 super
1157 1894 1321 1950 asino
1352 1911 1457 1950 suo
1488 1893 1549 1949 in
1581 1893 2031 1963 patriarcheum.

969 1984 1201 2040 CAPUT
1248 1984 1372 2038 xx.
2027 1988 2076 2053 Β

357 2073 729 2142 Obseruando,
763 2073 982 2144 quando
1013 2072 1327 2156 triumphus
1373 2073 1439 2128 de
1485 2075 1727 2131 hostibus
1774 2075 1996 2131 devictis

934 2156 1119 2215 agitur
1149 2162 1205 2198 ιη
1238 2160 1406 2200 czrco.

423 2238 661 2302 Quando
695 2236 1095 2308 spectaculum
1142 2242 1409 2306 equestre
1439 2235 1628 2291 editur
1658 2241 1759 2293 aut
1807 2242 1863 2293 et
1903 2256 1999 2294 vo-

356 2330 507 2393 tum,
535 2328 865 2397 producunt
896 2325 1145 2380 ministri
1182 2325 1565 2396 triumphales
1616 2326 1763 2383 bello
1795 2344 1998 2383 recens

358 2421 579 2487 captos,
634 2423 685 2471 et
762 2415 973 2470 milites
1062 2414 1405 2485 praesidiarii
1474 2417 1804 2487 producunt
1858 2416 2000 2486 ipsis

361 2508 611 2571 ereptam
660 2500 937 2571 praadam,
989 2506 1108 2554 tam
1159 2499 1491 2569 manubias,
1538 2518 1713 2572 quam
1792 2501 1997 2571 spolia,

367 2591 505 2643 item
539 2606 703 2644 arma
739 2591 925 2659 [scuta
956 2605 1164 2658 nempe
1194 2593 1250 2643 et
1289 2589 1561 2659 gladios],
1594 2599 1655 2644 ut
1701 2594 1757 2644 et
1803 2590 2002 2645 hastas

362 2682 418 2730 et
449 2677 767 2731 ﬂammula.
802 2678 863 2731 In
897 2678 1005 2733 hoc
1038 2683 1315 2747 apparatu
1353 2683 1491 2732 eunt
1539 2678 1597 2731 hi
1637 2694 1840 2733 omnes
1874 2695 2002 2732 sur-

367 2782 500 2821 sum
560 2766 619 2819 in
678 2782 919 2821 circum.
969 2765 1254 2836 Deinceps
1303 2767 1533 2820 advenit
1574 2768 2004 2835 protonotarius

364 2870 575 2910 cursus
607 2860 667 2909 et
697 2854 934 2910 collocat
965 2870 1169 2909 omnes
1201 2857 1257 2908 in
1301 2870 1477 2909 unam
1526 2852 1734 2909 seriem
1776 2872 1810 2909 a
1842 2872 2005 2910 man-

362 2961 512 3015 gano
542 2944 677 3000 inde
698 2944 824 3015 [seu
848 2944 1201 3015 carceribus]
1229 2960 1413 3015 usque
1435 2945 1505 2999 ad
1532 2950 1741 2999 metam
1778 2945 2003 3000 Veneti.

369 3033 631 3089 Proxime
664 3051 697 3088 a
729 3038 884 3088 meta
914 3032 1156 3088 collocat
1203 3050 1401 3101 arma;
1431 3044 1553 3104 post
1578 3050 1640 3089 ea
1664 3036 1927 3090 induvias
1953 3039 2010 3090 et

365 3126 643 3195 praedam,
697 3129 829 3195 post
876 3122 996 3179 haec
1046 3122 1243 3179 hastas
1294 3140 1426 3179 cum
1478 3124 1831 3192 flammulis;
1884 3131 2007 3179 tum

367 3215 663 3282 captivos;
698 3229 849 3284 pone
882 3214 986 3268 hos
1018 3214 1149 3283 equi
1183 3218 1340 3267 stant
1373 3219 1546 3283 atque
1569 3213 1795 3278 cameli,
1828 3214 1875 3267 si
1908 3213 2009 3283 qui

368 3303 519 3371 capti
555 3303 769 3358 adsint.
803 3304 859 3357 Si
894 3320 1025 3358 vero
1061 3318 1339 3357 numerus
1369 3304 1750 3374 Captivorum,
1797 3301 2011 3370 spolio-

372 3409 524 3460 rum,
561 3395 788 3463 prazdas,
823 3410 1142 3461 armorum,
1193 3394 1519 3459 hastarum,
1570 3392 2012 3447 ﬂammulorum

372 3483 449 3537 sit
474 3482 702 3552 ingens,
727 3482 1073 3536 ordinantur
1093 3482 1150 3535 in
1168 3482 1310 3535 duas
1339 3480 1725 3545 series-Quod
1748 3482 1796 3534 si
1821 3486 2015 3536 autem

378 3590 492 3627 non
525 3574 689 3627 valde
722 3588 1031 3627 numerosa
1082 3588 1148 3627 ea
1198 3572 1337 3641 sint,
1372 3572 1653 3638 efﬁciunt,
1688 3577 1749 3626 ut
1796 3572 2017 3626 dictum

379 3666 490 3729 est,
523 3661 733 3716 seriem
766 3661 1174 3714 tantummodo
1209 3675 1381 3714 unam
1428 3676 1460 3713 a
1508 3660 1831 3715 carceribus
1884 3659 2020 3715 inde

382 3767 563 3823 usque
594 3750 665 3806 ad
726 3750 924 3807 Veneti
965 3758 1199 3805 metam.
1254 3749 1564 3820 Postquam
1616 3748 1925 3820 imperator
1963 3750 2021 3803 in

380 3840 780 3913 procypticum
831 3838 1090 3895 clubium
1141 3838 1268 3909 [seu
1323 3838 1575 3893 tribunal
1626 3838 1887 3894 eminens
1934 3837 2022 3894 vel

381 3930 705 3996 balconem,
738 3930 894 3985 unde
927 3936 1272 4000 prospectus
1321 3929 1380 3983 in
1432 3928 1759 3999 subjectum
1801 3928 2022 3983 circum

380 4025 559 4092 patet,
584 4019 851 4092 opposito
874 4018 1098 4075 clathro
1122 4018 1762 4089 munitum.]ascendit,
1788 4019 2024 4075 descen-

383 4112 469 4167 dit
498 4111 852 4167 domesticus
884 4108 1210 4165 scholarum
1241 4111 1314 4179 (si
1348 4126 1553 4181 nempe
1584 4108 1633 4164 is
1665 4123 1730 4163 eo
1752 4109 1843 4163 die
1876 4110 2023 4164 taxi—

2747 1986 2990 2038 ΚέΦΑΛ.
3026 1981 3100 2035 Κ’.

2140 2071 2277 2126 Ὃσα
2336 2067 2419 2125 δεῖ
2482 2070 2945 2147 παᾉραφυλᾴττειν,
2994 2061 3284 2147 ἠθριάμξον
3354 2061 3748 2147 ξπιτελουμὲ-

2425 2163 2520 2197 νου
2553 2137 2836 2199 ἐπινικίων
2867 2141 2919 2196 ἐν
2935 2137 3029 2212 τῷ
3050 2137 3438 2212 ἲπτὲοδρομίῳ.

2180 2234 2429 2289 Ἰππικοῦ
2493 2232 2787 2309 ἀγομένου,
2857 2230 2966 2286 εἴτε
3021 2230 3111 2285 καὶ
3172 2231 3362 2304 βοτοῦ,
3430 2224 3659 2301 ἄγουσιν
3727 2226 3781 2278 οἱ

2110 2322 2461 2398 ἓπινικιάριοι
2494 2322 2620 2384 τοὺς
2654 2321 2909 2395 δεσμίους
2942 2323 3031 2376 καὶ
3064 2323 3115 2375 οἱ
3170 2323 3430 2392 ταξεῶται
3474 2317 3547 2371 τὰ
3590 2316 3785 2370 σκῦλι

2108 2414 2199 2466 καὶ
2260 2412 2473 2489 λάφυρα
2528 2412 2618 2466 καὶ
2679 2410 2895 2485 ἅρματα
2952 2411 3042 2466 καὶ
3089 2409 3157 2464 τὰ
3205 2407 3408 2482 δόρατα
3460 2406 3596 2475 μετὰ
3662 2409 3781 2458 τῶν

2112 2500 2513 2579 φλαμούλὶων,
2566 2503 2654 2555 καὶ
2690 2502 3015 2576 ἀνέρχονται
3070 2501 3261 2561 πάντες
3294 2498 3345 2553 ὲν
3374 2502 3453 2569 τῷ
3491 2493 3787 2570 ἱπποδρο-

2117 2590 2243 2663 μίῳ.
2280 2591 2411 2646 Εἶτα
2460 2590 2823 2667 ἀνερχόμενος
2868 2592 2895 2645 6
2927 2590 3366 2665 πρωτονοτάριος
3414 2590 3511 2641 τοῦ
3555 2583 3782 2658 δρόμου

2108 2677 2292 2749 ’ίστησι
2351 2701 2550 2742 παντας
2616 2679 2899 2755 στιχηδὸν,
2974 2681 3141 2753 ’ἤγουν
3191 2678 3297 2732 ἀπὸ
3342 2680 3439 2731 τοῦ
3488 2676 3785 2749 μαγγεὶνου

2120 2771 2286 2842 μέχρι
2344 2773 2441 2823 τοῦ
2487 2772 2741 2843 καμπτοῦ
2784 2773 2881 2825 τοῦ
2930 2771 3179 2838 Βενέτου,
3230 2767 3281 2821 ἐν
3332 2767 3575 2840 πρώτοις
3623 2763 3787 2832 πλη-

2117 2860 2231 2913 σίον
2268 2863 2365 2912 τοῦ
2419 2865 2673 2933 καμπτοῦ
2721 2860 2787 2914 τὰ
2836 2858 3069 2933 ἅρματα,
3120 2856 3300 2911 ὄπιθεν
3358 2852 3413 2909 δὲ
3450 2859 3563 2909 τῶν
3598 2851 3792 2926 riggi-

2117 2970 2224 3003 των
2269 2949 2337 3003 τὰ
2390 2948 2564 3003 σκύλα
2612 2950 2698 3003 καὶ
2754 2948 2986 3025 λάφυραο
3031 2942 3213 3001 ὄπιθεν
3248 2945 3305 3001 δὲ
3350 2944 3563 2999 τούτων
3596 2942 3669 2995 τὰ
3702 2938 3793 2993 δό-

2120 3058 2254 3113 ρατα
2298 3036 2432 3109 μετὰ
2477 3042 2585 3091 τῶν
2635 3036 3013 3115 ιρλαμούλλων
3041 3038 3127 3091 καὶ
3178 3036 3306 3097 τοὺς
3358 3032 3637 3106 δεσμίους.
3678 3026 3795 3085 Καὶ

2121 3126 2166 3180 εἰ
2202 3128 2295 3199 μὲν
2345 3126 2476 3180 εἰσιν
2520 3125 2688 3181 ’ίπποι
2731 3130 2763 3196 ἢ
2816 3128 2903 3181 καὶ
2938 3126 3207 3199 κάμηλοι,
3252 3123 3497 3179 ἵστανται
3540 3124 3776 3184 δπισθεν

2120 3222 2225 3271 τῶν
2250 3215 2507 3290 δεσμίων,
2541 3219 2629 3272 καὶ
2661 3219 2705 3273 εἰ
2761 3217 2900 3273 ἔστιν
2940 3217 3072 3281 λαὸς
3103 3218 3280 3279 πολὺς
3319 3219 3370 3271 οἱ
3426 3214 3650 3288 δέσμιοι
3684 3212 3784 3267 καὶ

2123 3306 2308 3361 πολλὰ
2338 3307 2405 3361 τά
2432 3328 2489 3361 τε
2521 3307 2715 3374 σκύλα,
2748 3310 2834 3363 καὶ
2874 3308 3086 3387 λάφυρα
3118 3310 3253 3381 (68),
3293 3307 3382 3361 καὶ
3421 3303 3643 3379 ἅρματα
3686 3302 3783 3355 καὶ

2122 3396 2188 3449 τὰ
2220 3392 2419 3469 δόρατα
2473 3397 2607 3466 μετὰ
2651 3402 2757 3451 τῶν
2804 3396 3203 3473 φλαμού).λων,
3248 3394 3494 3450 ’ίστανται
3547 3391 3643 3447 διὰ
3686 3388 3793 3445 6-30

2130 3483 2357 3558 στίχων.
2402 3484 2465 3539 Εἰ
2500 3483 2555 3539 δὲ
2590 3486 2688 3540 οῧκ
2726 3487 2856 3541 εἰσιν
2909 3486 2986 3548 εἷς
3030 3485 3244 3555 πλῆθος
3293 3490 3479 3553 ταῦτα,
3526 3484 3795 3536 ’ἱστανται

2136 3570 2202 3626 δι’
2272 3572 2384 3633 ἑνὸς
2435 3574 2651 3648 στίχου,
2692 3577 2873 3637 καθὼς
2913 3574 3146 3651 ε’ίρηται,
3186 3575 3293 3630 ἀπὸ
3338 3578 3436 3628 τοῦ
3498 3572 3795 3646 μαγγάνου

2138 3662 2303 3736 μέχρι
2334 3667 2430 3717 τοῦ
2480 3670 2734 3737 καμπτοῦ
2792 3670 2888 3720 τοῦ
2930 3664 3176 3721 Βενὲτου.
3212 3666 3310 3721 Καὶ
3348 3663 3481 3736 μετᾶ
3520 3661 3586 3715 τὸ
3622 3658 3799 3715 ἀνελ-

2134 3756 2241 3815 θεῖν
2286 3753 2377 3806 τὸν
2442 3752 2669 3827 βασιλέα
2726 3754 2801 3816 εἰς
2833 3756 2894 3809 τὸ
2926 3754 3292 3831 προκυπτικὸν
3325 3746 3616 3817 κλουϐίον,
3656 3770 3798 3803 κατ-

2134 3840 2352 3916 έρχεται
2387 3843 2413 3896 6
2451 3840 2773 3917 δομὲστικος
2805 3850 2910 3900 τῶν
2964 3845 3214 3920 σχολῶν,
3274 3843 3319 3898 εἰ
3377 3839 3477 3917 ὅρα
3524 3841 3695 3899 αὐτὸς
3724 3840 3795 3906 ἦν

2133 3930 2160 3983 6
2192 3936 2425 4001 ποιήσας
2456 3934 2515 3987 τὸ
2545 3932 2835 4007 ταξείδιον,
2869 3934 3004 4007 μετᾶ
3040 3935 3129 3989 καὶ
3179 3937 3287 3988 τῶν
3344 3934 3659 4007 στρατηγῶν
3691 3927 3799 3982 καὶ

2131 4018 2597 4096 κλεισουραρχῶν·
2659 4022 2765 4077 εἷ’τε
2839 4025 2866 4076 6
2925 4023 3276 4099 δρουγγάριος
3351 4024 3447 4075 τοῦ
3530 4017 3799 4089 πλοΐμου

2141 4110 2276 4181 μετὰ
2322 4114 2428 4164 τῶν
2488 4109 2746 4185 πΛο”ἱμῶν
2795 4116 3114 4186 στρατηγῶν
3144 4110 3366 4165 καὶτῶν
3405 4107 3665 4185 μεγάλων
3696 4105 3805 4181 ἀρ-

1536 4252 1729 4308 JOAN.
1770 4251 1900 4307 JAC
1941 4252 2191 4308 REISKII
2232 4253 2817 4311 COMMENTARIUS.

462 4386 582 4455 (67)
617 4378 815 4444 Πῶλος
846 4400 944 4439 seu
977 4384 1179 4439 asinus
1229 4383 1368 4438 olim
1417 4387 1540 4438 erat
1583 4384 1910 4438 Graecorum
1945 4396 2044 4451 pa-
2078 4383 2121 4447 D
2154 4381 2409 4437 Chalifas
2440 4399 2673 4454 quoque
2712 4383 2848 4438 olim
2900 4383 3281 4453 Bagdadicos,
3314 4398 3457 4454 equo
3489 4384 3803 4452 sedentes,

394 4458 785 4512 triarcharum
829 4462 887 4510 et
934 4455 1277 4509 clericorum
1330 4457 1384 4509 in
1438 4455 2047 4526 universum,rutpote
2154 4454 2445 4509 ducebant
2497 4456 2791 4510 interdum
2837 4456 3084 4510 Sulthan
3142 4455 3489 4526 Selgiukidaa
3546 4465 3598 4510 et
3662 4456 3802 4522 alii,

406 4527 795 4596 humilitatem
815 4525 2045 4598 proﬁtentium,vecturainprocessionibus
2152 4526 2378 4580 frenum
2415 4534 2673 4582 tenentes
2698 4533 2755 4581 et
2793 4528 3042 4598 pedibus
3088 4527 3201 4598 ipsi
3242 4525 3621 4583 ambulantes.
3672 4528 3806 4583 Sed

402 4593 459 4653 et
495 4599 664 4652 alias.
698 4593 1073 4666 Theophanes
1097 4615 1151 4666 p.
1188 4599 1309 4662 104,
1344 4600 1412 4652 de
1450 4593 1687 4651 xliluro:
1720 4627 1787 4636 ——
1837 4593 1896 4649 ἐκ
1951 4595 2046 4666 τοῦ
2154 4598 2259 4651 hoc
2292 4598 2467 4665 hujus
2498 4598 2603 4653 loci
2640 4615 2753 4653 non
2787 4593 2894 4655 est.

403 4667 681 4738 παλατίου
726 4665 1019 4722 λιτανεύων
1048 4665 1210 4734 ἦλθεν
1265 4668 1338 4727 εἰς
1387 4667 1483 4735 τὴν
1536 4666 1823 4736 ἐκκλησὲαν
1875 4666 2001 4738 ὀχοέ

2225 4669 2336 4738 (68‘
2372 4670 2997 4738 Distinctioneminter
3024 4670 3132 4726 has
3164 4670 3310 4727 duas
3339 4686 3506 4727 voces
3536 4669 3593 4725 in
3629 4668 3808 4724 Lati-

406 4760 567 4814 μενος
601 4737 729 4810 ὄνῳ.
760 4742 845 4795 Ita
871 4756 1104 4813 quoque
1134 4742 1191 4795 S.
1225 4742 1751 4814 Chrysostomusin
1776 4737 2001 4814 exsitiui

2153 4737 2246 4814 nis
2295 4741 2675 4814 adumbravi:
2721 4737 2893 4814 σκύλα
2942 4757 3151 4813 nempe
3196 4758 3261 4797 ea
3308 4752 3465 4811 sunt,
3504 4758 3623 4813 qua:
3678 4740 3805 4794 ἀπὸ

401 4810 605 4867 abiens
637 4829 812 4882 super
842 4810 1396 4882 asino'conspicitur
1426 4814 1483 4865 in
1511 4811 1833 4882 Menologio
1888 4812 1995 4865 Bas

2153 4813 2260 4863 τῶν
2303 4812 2667 4866 πεπτωκότων
2717 4810 3147 4878 σκύλλονταιξιι
3183 4810 3808 4884 Ῑαεεηιὶὁιιεάυειίιιη-

401 4884 555 4939 liano
589 4889 630 4937 t.
665 4884 703 4949 Ι,
737 4901 790 4953 p.
816 4884 954 4955 7184.
982 4902 997 4952 ;
1028 4886 1138 4940 vid.
1172 4885 1492 4938 Casaubon.
1539 4886 1609 4938 ad
1659 4884 1867 4952 Script.
1903 4884 2045 4937 Hist.
2154 4887 2265 4953 tur,
2285 4885 2530 4940 mortuis
2552 4884 3345 4955 corporibusabstrahuntur,
3371 4891 3654 4952 utvestes,
3680 4893 3810 4939 tor-

402 4961 541 5032 Aug.
576 4959 617 5009 t.
646 4954 937 5032 Igr,_p._:799,
970 4960 1024 5009 et
1056 4956 1357 5032 Du‘Cange
1390 4956 1478 5032 Cl.
1512 4960 1633 5011 Lat.
1664 4972 1718 5032 _v.
1754 4956 2049 5032 Asinorunt
2156 4970 2321 5032 ques,
2347 4973 2580 5032 aurum,
2605 4954 2870 5032 gemmis,
2893 4972 3078 5032 arma,
3101 4961 3233 5032 etc.,
3259 4954 3472 5032 λάφορα
3493 4971 3808 5027 vero,quae

403 5024 533 5082 ordo
564 5024 745 5100 ειοιζ
788 5025 884 5081 Gr.
939 5044 990 5080 v.
1029 5024 1264 5100 πῶλος.
1322 5028 1432 5100 Sed
1494 5044 1606 5081 non
1662 5028 1740 5082 ita
1793 5025 2049 5100 episcopi
2154 5024 3815 5100 vivisadhuchostibus,sedautCaptisautinfugamcon-

405 5101 622 5167 Romzn,
653 5098 749 5169 qui
782 5113 933 5167 equo
960 5098 1341 5163 vehebantur,
1369 5098 1699 5154 honestiore
1729 5098 1964 5152 animali
1997 5105 2050 5151 et
2148 5098 2323 5168 jeetis
2340 5100 2702 5165 adimuntur,
2728 5104 2790 5153 ut
2811 5108 3015 5165 vestes,
3040 5098 3225 5167 arma,
3250 5102 3497 5155 tentoria
3512 5098 3575 5154 et
3594 5101 3817 5155 omnia

402 5173 562 5247 viros
614 5170 908 5247 principes
959 5173 1147 5241 magis
1196 5172 1480 5247 decente._
1512 5176 1696 5247 Unum
1756 5171 1913 5247 nobis
1959 5185 2052 5247 cq-
2157 5171 2230 5247 iis
2278 5176 2579 5247 contenta,
2618 5171 3201 5247 jumenta,_rel_iq_ua,
3250 5171 3425 5247 πάντα
3468 5169 3818 5247 τὰ-λαφσσ-

409 5244 615 5296 balium
662 5239 929 5297 miserum
995 5239 1374 5305 lninmrisistt',
1434 5243 1511 5295 ait
1591 5243 1903 5311 Gregorius
1972 5241 2045 5295 M.
2158 5239 2382 5310 σόμενα,
2424 5244 2641 5309 omnia,
2677 5259 2803 5313 quas
2838 5239 3213 5298 differri—huc
3255 5244 3417 5308 illuc,
3450 5239 3819 5305 dividi,'dis-

346 5356 353 5361 .
410 5314 589 5381 Epist.
624 5316 710 5379 30,
746 5313 783 5366 Ι.
818 5331 917 5379 xu,
949 5320 999 5367 ct
1032 5317 1269 5384 quinque
1303 5314 1462 5368 bonos
1510 5317 1712 5367 asinos.
1768 5314 2053 5366 Cuballum
2160 5317 2335 5381 cerpi,
2373 5313 2523 5368 velut
2557 5316 2753 5383 panni,
2781 5320 2924 5369 ferro
2970 5317 3339 5370 contruncari
3390 5321 3443 5369 et
3492 5316 3551 5370 in
3601 5317 3817 5371 cibum

412 5387 574 5437 illum
604 5386 786 5438 sedere
814 5401 923 5438 non
952 5403 1185 5455 possum,
1232 5388 1359 5455 quia
1409 5388 1578 5440 miser
1624 5396 1737 5449 est;
1788 5384 1922 5455 illos,
1952 5399 2051 5435 αα·
2160 5384 2348 5453 parari
2411 5394 2675 5455 possunt,
2726 5386 2881 5440 velut
2929 5386 3101 5455 boves
3166 5395 3217 5440 et
3250 5386 3522 5441 victualia
3577 5388 3813 5455 omnia.

416 5461 526 5531 tam
559 5455 719 5507 bonos
751 5453 1073 5531 sedcre’won
1114 5453 1352 5531 passam,
1386 5460 1514 5526 quia
1554 5456 1701 5531 αςιίξί
1739 5465 1885 5508 seuit.
1911 5453 1999 5531 Ἠ)

2159 5456 2370 5531 $uidas
2393 5455 2473 5531 ita
2503 5453 2811 5531 distinguit
2839 5475 2850 5512 :
2887 5454 3072 5509 Σκύλα
3102 5456 3171 5531 τὰ,
3197 5457 3302 5510 ἀπὸ
3350 5460 3456 5531 τῶν
3510 5454 3814 5531 πολεμίων

422 5530 592 5607 pinus
622 5542 719 5579 rex
749 5526 1295 5607 vAi‘ce‘s‘tratorisivit
1325 5524 1461 5607 cum
1485 5528 1751 5597 pontiﬁce
1779 5542 1927 5607 equo
1961 5529 2001 5607 ir

2158 5524 2475 5607 ανῃρημένα
2502 5527 2567 5581 τὰ
2598 5524 2794 5583 ἐκτῶν
2847 5532 3073 5605 νεκρῶν,
3108 5525 3322 5607 λάφυρα
3369 5526 3428 5582 δὲ
3472 5529 3540 5583 τὰ
3582 5524 3665 5583 ΞγῘ
3689 5532 3813 5585 τῶν

422 5598 647 5657 sidente
678 5614 733 5669 p.
764 5598 828 5652 91
866 5599 1134 5655 Alberiei.
1162 5602 1315 5657 Idem
1358 5600 1513 5666 facit,
1549 5616 1679 5654 cum
1729 5599 2053 5671 patriarcha
2161 5598 2400 5669 ζώντων.

420 5673 640 5734 electus
663 5680 769 5735 est.
803 5681 969 5733 Hunc
1002 5678 1192 5749 ipsum
1228 5676 1509 5747 hodieque
1543 5673 1700 5730 ducit
1751 5671 2057 5744 chirus.]'
