4008 6210
279 387 436 447 1145

1121 389 1221 450 DE
1266 388 1719 451 CERIMONIIS
1762 386 1998 451 AUL/E
2037 383 2511 448 ΒΥΖΑΝΤΙΝίΕ
2555 386 2701 446 LIB.
2747 387 2822 447 II.

3516 389 3671 449 1146

279 519 483 593 γόιτων
514 520 612 572 τοῦ
642 515 911 590 πλοΐμου,
959 518 1047 573 καὶ
1088 517 1136 573 ε⁹ί
1192 541 1243 575 τι
1266 518 1338 592 ¹διν
1377 519 1604 595 εὕρωσιν
1672 519 1923 583 ἐλλειπές

2041 522 2198 577 dium
2231 519 2385 593 cogit
2412 518 2499 576 vel
2531 492 2847 591 cohortem,
2882 536 3008 592 quae
3050 521 3282 592 vigilias
3338 522 3498 579 obire
3525 529 3584 580 et
3612 525 3672 581 in

276 613 380 675 τῆς
421 610 519 661 τοῦ
566 608 1015 683 πρωτονοταρίου
1059 613 1156 663 τοῦ
1223 606 1432 682 δρόμου
1505 610 1739 672 στάσεως
1787 612 1921 683 (69),

278 693 737 769 ἑπιδιορθοῦνται,
774 698 865 750 καὶ
922 702 1150 752 ποιῶσιν
1189 700 1289 767 τὴν
1321 701 1707 777 πφοσήκουσαν
1758 702 1922 754 κατά-

282 806 467 841 στασιν
498 791 607 841 τῶν
663 783 921 860 δεσμίων,
978 788 1068 842 καὶ
1101 789 1337 861 σκύλων,
1386 789 1477 844 καὶ
1524 787 1803 866 λαφύρων,
1833 789 1922 845 καὶ

289 876 569 951 ἁρμάτων,
616 876 707 931 καὶ
761 880 867 931 τῶν
919 874 1162 951 δοράτων
1214 882 1347 952 μετὰ
1384 883 1490 934 τῶν
1541 877 1925 956 φλαμούλλων

287 965 489 1022 αὐτῶν.
541 966 641 1020 Καὶ
687 966 903 1020 πάντων
941 964 1127 1030 καλῶς
1181 965 1616 1039 διευθυνθέντων,
1676 967 1924 1045 ἀναφέρει

293 1055 322 1109 ὁ
357 1055 718 1128 πραιπόσιτος
747 1058 827 1122 τῷ
862 1054 1098 1126 βασιλεῖ,
1119 1057 1209 1111 καὶ
1235 1057 1521 1133 προστάξει
1570 1062 1665 1113 τοῦ
1692 1078 1926 1134 πραιπο-

284 1143 438 1198 σίτου
461 1142 648 1218 κρούει
678 1142 858 1218 τρίτον
885 1143 948 1199 τὸ
972 1145 1329 1220 [σκουτάριον,
1386 1147 1475 1201 καὶ
1530 1147 1850 1222 κατέρχεται
1896 1148 1925 1202 ὁ

290 1230 545 1308 βασιλεὺς
586 1231 723 1287 κατά
766 1232 860 1288 τὸν
908 1232 1340 1309 ἐπικρατήσαντα
1393 1235 1559 1292 τύπον
1616 1241 1728 1291 τῶν
1758 1238 1924 1291 ἱππο-

288 1318 558 1397 δρομίων,
598 1324 687 1378 καὶ
749 1320 1016 1404 στέφεται,
1073 1325 1163 1380 καὶ
1220 1327 1285 1380 τὰ
1350 1327 1473 1397 ἑξῆς
1529 1325 1923 1401 ἐπιτελοῦνται,

288 1412 465 1474 καθὼς
493 1406 611 1487 ἔχει
640 1414 675 1483 ἠ
707 1414 854 1482 τάξις
890 1420 998 1469 τῶν
1059 1414 1464 1490 ἱπποδρομίων.
1506 1418 1616 1473 Τοῦ
1666 1414 1723 1472 δὲ
1773 1418 1924 1492 βασιο

287 1497 428 1563 λέως
461 1501 703 1564 ἀνιόντος
757 1503 835 1565 εἷς
881 1504 945 1558 τὸ
1010 1504 1251 1576 κάθισμα
1296 1505 1384 1559 καὶ
1414 1505 1506 1560 τὸν
1541 1505 1670 1560 λαὸν
1699 1506 1837 1561 κατὰ
1862 1505 1925 1561 τό

286 1589 480 1654 εἰωθὸς
544 1593 1101 1670 κατασφραγίζοντος,
1177 1592 1570 1670 ἀκτολογοῦσιν
1626 1596 1678 1649 οἱ
1750 1592 1925 1668 δῆμοι

279 1679 352 1735 τὰ
408 1679 609 1745 εἴθῶτα
668 1682 878 1750 αὐτοῖς,
918 1685 1009 1738 καὶ
1055 1688 1153 1738 τοῦ
1214 1681 1481 1760 βασιλέως
1574 1687 1924 1751 καθεσθέντος

278 1766 365 1823 ἐπὶ
396 1772 494 1825 τοῦ
526 1770 807 1847 βασιλείου
852 1774 1070 1846 θρόνου,
1103 1770 1194 1828 διὰ
1238 1773 1503 1848 νεύματος
1560 1779 1656 1831 τοῦ
1693 1776 1925 1832 ἆκτουα-

283 1859 412 1934 ρίου
463 1860 795 1917 ἀποκινῶσιν
842 1863 1059 1937 πρῶτον
1121 1864 1215 1937 μὲν
1266 1865 1331 1919 τὰ
1383 1867 1615 1940 ἅρματα,
1646 1861 1830 1922 ἔπειτα
1857 1866 1925 1922 τὰ
1952 1897 2000 1962 Β

276 1946 450 2004 σκύλα
479 1950 571 2004 καὶ
602 1953 835 2030 λάφυρα,
866 1953 955 2007 καὶ
1013 1951 1330 2016 ἀκολούθως
1360 1955 1566 2012 τούτων
1618 1958 1685 2012 τά
1715 1955 1917 2033 δόρατα

278 2039 417 2111 μετὰ
442 2040 551 2094 τῶν
584 2039 982 2118 φλαμούλλων,
1016 2044 1232 2098 ὅπισθνν
1266 2042 1323 2099 δὲ
1343 2045 1549 2100 τούτων
1583 2047 1633 2101 οἱ
1674 2044 1914 2121 δέσμιοι,

271 2127 362 2182 xvi
390 2125 700 2204 διέρχονται
730 2131 793 2186 τὸ
836 2132 998 2206 μέρος
1045 2137 1149 2187 τῶν
1202 2130 1417 2206 δήμων,
1451 2137 1541 2189 καὶ
1572 2136 1916 2209 κάμπτουσιν

272 2215 367 2271 τὸν
422 2222 521 2272 τοῦ
569 2220 838 2294 Πρασίνου
884 2221 1154 2294 καμπτὸν,
1213 2223 1303 2277 καὶ
1358 2223 1680 2299 ἀνέρχονται
1752 2226 1919 2304 μέχρι

279 2315 379 2377 τῆς
410 2306 587 2384 φίνας,
628 2308 795 2385 ἤγουν
853 2314 952 2365 τοῦ
1010 2316 1073 2367 Π.
1103 2312 1204 2368 Καὶ
1256 2311 1301 2366 εἰ
1334 2310 1474 2368 ἔστιν
1500 2312 1633 2379 λαὸς
1662 2315 1836 2377 πολὺς
1869 2316 1920 2370 οἱ

282 2395 519 2472 δέσμιοι,
553 2398 875 2473 ἀνέρχονται
910 2401 1075 2476 μέχρι
1113 2404 1212 2455 τοῦ
1242 2406 1498 2475 καμπτοῦ
1526 2408 1623 2458 τοῦ
1672 2403 1921 2465 Βενέτου.

280 2489 362 2545 Τὰ
389 2486 445 2543 δὲ
467 2486 663 2559 σκύλα,
692 2487 781 2543 καὶ
814 2487 1050 2568 λάφυρα,
1081 2490 1170 2546 καὶ
1221 2492 1437 2567 ἅρματα
1464 2497 1685 2557 τιθῶσιν
1727 2495 1784 2548 οἱ
1830 2514 1924 2548 τα-

282 2579 474 2648 ξεῶται
504 2575 591 2632 ἐπὶ
640 2574 906 2655 διφθερῶν
954 2579 1037 2633 κα¹
1092 2579 1344 2635 κιλικίων
1394 2582 1531 2656 πρὸς
1578 2581 1641 2637 τό
1704 2584 1780 2656 μὴ
1830 2604 1928 2656 μο-

270 2667 564 2745 λυνθῇναι,
596 2664 704 2722 εἴτε
725 2668 830 2723 ἀπὸ
857 2671 955 2723 τοῦ
971 2673 1281 2743 κονιορτοῦ,
1315 2668 1423 2725 εἷ’τε
1452 2670 1555 2725 ὀπὸ
1585 2675 1682 2726 τοῦ
1715 2672 1925 2743 πηλοῦ.

281 2757 347 2813 Οἱ
379 2752 437 2810 δὲ
494 2753 746 2829 δημῶται
800 2761 911 2811 τῶν
967 2753 1064 2811 δύο
1099 2763 1276 2832 μερῶν
1325 2759 1415 2813 καὶ
1448 2761 1501 2814 οἱ
1537 2765 1636 2815 τυῦ
1694 2761 1927 2836 ἀριθμοῦ

282 2845 371 2899 καὶ
465 2846 517 2899 οἱ
618 2851 718 2914 τῆς
823 2844 1115 2919 βασιλικῆς
1227 2846 1412 2910 οὐσίας
1516 2847 1703 2905 ἐλάται
1816 2853 1930 2923 (70)

282 2934 373 2989 καὶ
458 2934 511 2989 οἱ
601 2934 804 3008 ψάλται
903 2932 1151 2990 ’ἵστανται
1234 2936 1512 2992 κατέναντι
1590 2943 1688 2993 τοῦ
1762 2940 1931 3015 ὁργά-

284 3044 379 3079 νου
409 3028 506 3078 τοῦ
566 3022 855 3097 Πρασίνου,
889 3024 981 3080 καὶ
1032 3022 1122 3080 διὰ
1162 3026 1425 3099 νεύματος
1452 3031 1550 3082 τοῦ
1607 3028 1931 3103 ἀκτουαρίου

286 3114 553 3190 ἄρχονται
585 3114 855 3194 εὐφημεῖν
895 3116 997 3185 τὴν
1027 3114 1428 3191 προρρηθεῖσαν
1471 3117 1717 3194 μεγάλην
1764 3119 1933 3198 εὐφη-

289 3204 415 3278 μίαν
445 3207 543 3258 τοῦ
574 3202 628 3257 ἐν
686 3208 767 3277 τῷ
807 3200 962 3283 φόρῳ
1032 3207 1165 3279 μετὰ
1221 3213 1323 3275 τῆς
1390 3205 1552 3276 λιτῆς
1596 3206 1933 3283 τελουμένου

285 3288 561 3369 θριάμϐου
617 3298 725 3348 τῶν
790 3293 1088 3354 ἐπινικίων.
1150 3295 1335 3352 Ἠνίκα
1393 3294 1449 3351 δὲ
1497 3294 1743 3368 ἄρξονται
1771 3298 1931 3379 εὐφη-

290 3388 437 3456 μεῖν,
480 3383 744 3439 πίπτουσι
793 3385 988 3447 πάντες
1039 3386 1090 3439 οἱ
1142 3382 1361 3460 δέσμιοι
1414 3393 1636 3462 πρηνεῖς
1700 3388 1787 3443 ἐπὶ
1840 3395 1942 3459 τῆς

287 3477 412 3545 γῆς,
442 3472 509 3526 τὰ
560 3468 618 3526 δὲ
645 3471 850 3528 τούτων
885 3470 1085 3548 δόρατα
1146 3475 1280 3547 μετά
1309 3479 1416 3530 τῶν
1474 3473 1854 3553 φλαμοὺλλων
1888 3477 1939 3548 ἐξ

294 3560 660 3638 ἀντιστρόφου
719 3568 944 3628 τιθῶσιν
992 3565 1045 3618 οἳ
1112 3562 1433 3640 κατέχοντες
1481 3565 1614 3621 αὐτὰ
1653 3570 1935 3641 ταξεῶται,

295 3648 493 3724 μέχρις
541 3649 602 3705 ἂν
652 3653 688 3721 ἡ
739 3652 874 3721 αὖτή
936 3651 1177 3729 εὐφημία
1240 3652 1533 3729 τελειωθῇ.
1574 3658 1678 3713 Καὶ
1734 3658 1936 3730 ταύτης

288 3736 698 3811 τελειουμένης,
747 3739 1052 3795 ἀνίστανται
1100 3742 1152 3796 οἱ
1201 3741 1437 3816 δέσμιοι,
1488 3745 1697 3817 ὁμοίως
1740 3744 1831 3800 καί
1871 3745 1940 3801 τὰ

292 3823 495 3901 δόρατα
555 3827 689 3901 μετὰ
721 3832 828 3882 τῶν
857 3827 1260 3906 φλαμούλλων,
1291 3833 1379 3886 καί
1433 3832 1479 3886 εἰ
1525 3834 1618 3905 μὶν
1665 3832 1874 3889 κελεύει
1908 3836 1937 3890 ὁ

298 3914 558 3993 βασιλεὺς
618 3916 903 3981 θεάσασθαι
935 3919 1065 3982 τοὺς
1113 3917 1372 3994 δεσμίους
1418 3922 1480 3976 τὸ
1547 3920 1936 3999 ἱπποδρόμιον,

292 4006 618 4082 ἀνέγχονται
677 4008 755 4071 εἰς
804 4009 873 4064 τὰ
915 4013 1013 4065 τοῦ
1078 4007 1461 4085 ἱπποδρομίου
1522 4011 1693 4087 βάθρα
1757 4014 1939 4069 κάτω-

292 4108 378 4161 θεν
409 4101 505 4153 τοῦ
536 4094 717 4171 δήμου
748 4103 854 4155 τῶν
886 4098 1185 4174 Πρασίνων,
1218 4099 1270 4155 ἐν
1298 4101 1343 4173 ᾧ
1389 4101 1544 4173 τόπῳ
1602 4102 1850 4158 εἰώθασιν
1883 4104 1937 4159 οἱ

293 4182 515 4259 δέσμιοι
555 4185 807 4253 ⁹ίστασθαι
856 4188 946 4244 καὶ
991 4188 1278 4245 Θεάσασθαι
1320 4190 1384 4245 τὸ
1432 4187 1818 4266 ῗπποδρὸμιον.
1870 4192 1935 4251 El

296 4273 354 4331 δὲ
382 4276 448 4332 ού
477 4274 685 4334 κελεύει
720 4279 748 4333 ὁ
791 4276 1044 4354 βασιλεὺς
1074 4278 1342 4349 ἒνωθῆναι
1378 4279 1605 4344 τούτους
1642 4288 1759 4345 τοῖς
1806 4284 1935 4359 πρὶν

294 4362 539 4441 δεσμίοις
603 4372 702 4425 τοῦ
756 4369 1096 4443 πραιτωρίου
1145 4372 1280 4442 (71),
1331 4368 1573 4426 ἳστανται
1611 4370 1719 4427 εἷ’τε
1756 4375 1931 4430 κάτω-

2034 612 2212 667 armis
2235 627 2295 667 se
2327 615 2648 667 monstrare
2699 611 2914 682 debet.)
2963 627 3077 666 una
3126 628 3258 667 cum
3318 612 3588 685 strategis
3619 619 3675 669 et.

2031 700 2485 767 cleisurarchis;
2533 705 2635 756 aut
2679 701 2825 757 alias
2878 700 3229 772 drungarius
3275 702 3482 757 classis
3542 718 3671 756 cum

2032 790 2307 862 strategis
2337 795 2396 846 et
2455 790 2774 845 rectoribus
2830 789 3164 845 classiariis.
3218 790 3308 855 Hi,
3339 790 3672 861 quicunque

2031 882 2270 935 tandem
2296 880 2530 947 fuerint,
2552 880 2789 935 visitant
2814 879 3238 936 ordinationem
3274 897 3307 934 a
3339 884 3673 949 protonota-

2035 970 2117 1025 rio
2148 969 2338 1025 dromi
2361 971 2596 1038 factam,
2632 974 2689 1025 et
2723 969 3006 1041 quidquid
3048 970 3108 1026 in
3148 970 3252 1026 illa
3281 970 3451 1026 hians
3478 975 3675 1027 anim-

2035 1060 2353 1128 advertant,
2378 1059 2691 1130 corrigunt,
2748 1059 2809 1115 id
2866 1068 2951 1115 est
3008 1059 3231 1115 faciunt
3278 1076 3591 1133 congruam
3619 1063 3677 1115 et

2035 1148 2286 1205 debitam
2335 1149 2813 1205 constitutionem
2892 1149 3276 1220 captivorum,
3334 1149 3675 1222 spoliorum,

2037 1238 2265 1311 praedae,
2298 1255 2618 1307 armorum,
2676 1237 2973 1295 hastarum
3027 1242 3197 1307 atque
3226 1238 3676 1295 ﬂammulorum.

2038 1329 2332 1385 Omnibus
2355 1329 2461 1385 rite
2474 1327 2789 1399 dispositis,
2813 1327 3107 1400 signiﬁcat
3126 1328 3469 1399 praepositus
3510 1344 3578 1383 ea
3606 1328 3678 1383 de

2037 1434 2098 1473 re
2150 1420 2221 1474 ad
2307 1418 2751 1490 imperatorem;
2820 1419 3115 1490 jussuque
3176 1417 3465 1491 prapositi
3509 1424 3677 1473 sonat

2034 1508 2329 1579 pulsatum
2361 1514 2731 1583 terscutum,
2787 1514 2843 1564 et
2872 1509 3174 1565 descendit
3223 1509 3537 1579 imperator
3579 1523 3675 1563 se-

2034 1600 2290 1655 cundum
2322 1603 2519 1670 typum
2552 1599 2909 1653 obtinentem
2945 1600 3002 1653 in
3055 1598 3413 1655 circensibus
3442 1601 3679 1669 specta—
3764 1662 3771 1669 ί

2033 1689 2203 1756 culis,
2235 1693 2292 1744 et
2320 1687 2623 1755 infulatur,
2656 1693 2712 1743 et
2742 1688 2894 1743 ﬁunt
2949 1692 3173 1755 caetera,
3198 1695 3260 1743 ut
3289 1686 3678 1743 cerimoniale

2034 1778 2385 1835 circensium
2437 1778 2711 1833 ludorum
2751 1793 2944 1834 secum
2995 1778 3124 1834 fert.
3185 1778 3335 1835 355
3405 1776 3682 1833 Ascendit

2035 1868 2307 1938 deinceps
2345 1868 2665 1939 imperator
2701 1868 2762 1922 in
2816 1867 3106 1923 cathisma
3161 1883 3259 1923 seu
3312 1866 3586 1929 tribunal,
3618 1864 3679 1920 in

2032 1973 2149 2029 quo
2182 1957 2437 2014 residere
2459 1957 2854 2030 superthrono
2884 1958 2945 2011 in
2976 1956 3129 2012 ludis
3160 1953 3328 2022 solet,
3362 1955 3675 2027 populum-

2034 2063 2167 2119 que,
2200 2054 2262 2102 ut
2284 2063 2412 2102 mos
2442 2051 2549 2115 est,
2583 2048 2748 2115 signo
2780 2046 2968 2102 crucis
2998 2045 3207 2118 signat.
3241 2047 3366 2111 Quo
3397 2046 3569 2110 facto,
3594 2044 3677 2098 fa-

2034 2136 2257 2191 ctiones
2285 2135 2808 2191 oonsuetaslaudes
2839 2135 3105 2190 recitent.
3138 2134 3213 2190 Ut
3238 2133 3468 2201 resedit,
3496 2132 3678 2204 impe-

2035 2229 2194 2280 rator
2206 2240 2384 2296 super
2404 2225 2611 2280 throno
2629 2225 2809 2295 regio,
2826 2224 2919 2278 dat
2941 2223 3237 2278 actuarius
3252 2227 3392 2276 nutu
3418 2222 3672 2292 signum,
3696 2214 3701 2225 ’

2036 2321 2093 2371 et
2122 2314 2407 2385 incipiunt
2435 2330 2466 2369 e
2502 2313 2628 2369 loco
2677 2329 2783 2369 suo
2838 2328 3170 2383 promovere
3200 2311 3456 2382 primum
3514 2325 3679 2364 arma

2041 2404 2144 2472 [vel
2178 2406 2276 2477 qui
2307 2408 2474 2459 scuta
2502 2408 2559 2458 et
2607 2402 2832 2473 gladios
2863 2411 3059 2472 captos
3088 2398 3355 2471 gerunl];
3387 2403 3513 2453 tum
3556 2414 3680 2452 ma-

2039 2495 2224 2551 nubiae
2254 2500 2311 2551 et
2344 2494 2545 2563 praedes
2577 2509 2591 2560 ;
2640 2492 2911 2561 deinceps
2947 2491 3145 2556 hasts,
3179 2494 3305 2544 tum
3336 2486 3678 2543 ﬂammula:

2038 2588 2166 2656 post
2194 2599 2262 2640 ea
2319 2584 2552 2638 tandem
2589 2580 2819 2651 captivi.
2850 2580 3180 2635 Transeunt
3207 2577 3266 2632 hi
3316 2595 3415 2648 per
3455 2576 3681 2647 plagam

2040 2674 2344 2729 demorum
2378 2672 2502 2745 [seu
2525 2670 2810 2741 graduum
2843 2669 3215 2733 circensium,
3247 2666 3305 2722 in
3338 2667 3552 2737 quibus
3591 2665 3682 2720 fa-

2042 2763 2262 2819 ctiones
2293 2769 2444 2817 stare
2467 2759 2653 2816 solent
2684 2762 2726 2827 ;]
2753 2774 2902 2823 eam,
2936 2773 3108 2830 quam
3140 2762 3278 2811 tunc
3309 2754 3596 2820 obtinent,
3629 2757 3688 2810 et

2042 2852 2284 2908 ﬂectunt
2313 2853 2464 2906 circa
2506 2854 2719 2905 metam
2771 2847 3036 2903 factionis
3066 2845 3339 2913 Prasinze,
3367 2849 3424 2901 et
3454 2859 3687 2915 promo-

2041 2946 2386 3013 ventusque
2425 2942 2494 2997 ad
2538 2941 2687 2995 ﬁnas
2743 2939 2827 3011 [id
2854 2943 2944 2994 est
2976 2937 3123 2994 ﬁnes
3153 2937 3240 2992 vel
3272 2936 3553 3004 extrema]
3584 2948 3687 2989 seu

2044 3032 2115 3086 ad
2149 3030 2219 3086 II.
2271 3032 2433 3096 Quod
2491 3030 2539 3086 si
2601 3038 2792 3084 autem
2832 3027 3042 3099 ingens
3099 3027 3266 3082 turba
3311 3026 3390 3080 sit
3428 3023 3691 3095 captivo-

2044 3136 2199 3187 rum,
2232 3120 2666 3192 protenduntur
2704 3133 2891 3188 usque
2920 3117 2990 3170 ad
3050 3121 3264 3171 metam
3314 3113 3687 3169 Venetorum.

2047 3210 2322 3266 lnduvias
2352 3209 2751 3280 reliquamque
2783 3206 3036 3278 prmdam
3086 3208 3143 3260 et
3192 3219 3352 3257 arma
3391 3203 3689 3273 deponunt

2039 3300 2384 3375 praesidiarii
2428 3315 2606 3369 super
2662 3294 2978 3351 renonibus
3026 3296 3084 3349 et
3140 3308 3317 3364 super
3337 3290 3544 3346 ciliciis
3576 3287 3686 3359 [vel

2046 3391 2255 3448 crassis
2295 3389 2496 3445 densis
2528 3388 2743 3458 filtris],
2775 3403 2847 3442 ne
2885 3385 3108 3442 scilicet
3129 3401 3163 3439 a
3195 3382 3427 3453 pulvere
3453 3393 3687 3435 ccenove

2045 3481 2446 3553 inquinentur.
2484 3477 2793 3549 Populares
2832 3475 3135 3531 ambarum
3160 3470 3471 3527 factionum
3496 3472 3553 3523 et
3582 3467 3689 3523 mi-

2044 3573 2177 3630 lites
2216 3571 2454 3628 arithmi
2509 3583 2935 3642 corporumque
2983 3578 3286 3622 sacrorum
3335 3560 3588 3633 remiges
3635 3562 3694 3615 et

2046 3667 2314 3720 cantores
2353 3664 2560 3717 stante
2590 3655 3063 3730 regioneorgani,
3098 3655 3251 3726 quod
3285 3651 3536 3707 Prasiae:
3570 3665 3695 3717 par-

2045 3754 2123 3809 tis
2149 3760 2256 3817 est,
2288 3755 2640 3820 acceptoque
2672 3763 2773 3818 per
2812 3744 3055 3801 actuarii
3087 3747 3299 3798 nutum
3330 3742 3519 3810 signo,
3544 3737 3691 3793 inci-

2045 3841 2214 3911 piunt
2268 3837 2520 3909 prolixas
2567 3834 2696 3890 illas
2751 3833 2956 3889 laudes
2998 3831 3263 3895 recitare,
3326 3844 3471 3898 quas
3511 3841 3692 3897 supra

2042 3926 2686 3999 praescripsimus,cum
2702 3919 3049 3977 cerimonias
3069 3915 3354 3988 triumphi
3385 3931 3518 3971 cum
3552 3913 3687 3969 sub-

2046 4018 2230 4073 missa
2249 4032 2387 4087 erga
2416 4014 2600 4069 Deum
2640 4009 3063 4082 supplicatione
3105 4009 3164 4061 in
3214 4007 3336 4061 foro
3373 4001 3686 4076 peragendi

2044 4120 2489 4179 exponeremus.
2525 4100 2646 4157 Illis
2678 4104 2875 4156 autem
2906 4096 3110 4153 laudes
3138 4093 3522 4159 ordientibus,
3554 4107 3691 4163 pro-

2045 4198 2250 4254 cidunt
2284 4191 2496 4265 captivi
2534 4205 2741 4247 omnes
2788 4188 2848 4243 in
2896 4186 3135 4242 humum
3167 4183 3357 4257 proni,
3390 4181 3691 4251 hastisque

2045 4284 2353 4343 ﬂammula
2381 4285 2644 4355 ipsorum
2710 4279 3081 4335 invertuntur
3119 4292 3153 4330 a
3184 4271 3560 4346 praesidiariis
3589 4269 3694 4326 illa

2043 4377 2377 4436 tenentibus
2405 4373 2584 4443 idque
2614 4368 2847 4437 tamdiu,
2880 4381 3057 4438 quam
3087 4361 3422 4420 illaalaudes
3454 4360 3689 4416 durant.

1314 4470 1513 4528 JOAN.
1545 4472 1691 4529 JAC.
1731 4474 1998 4535 REISKII
2034 4469 2638 4535 COMMENTARIUS.

364 4561 475 4632 (69)
507 4561 611 4618 Hic
649 4564 741 4618 est
801 4578 905 4634 pro
971 4560 1347 4623 καταστάσεως
1390 4564 1477 4619 vel
1532 4563 1733 4636 τάξεως
1792 4567 1931 4638 ροεῑ.

2049 4568 2306 4624 celebres
2335 4584 2350 4634 ;
2378 4579 2433 4638 v.
2462 4559 2722 4638 Theoph.

286 4637 437 4689 tum.

367 4706 482 4779 (7Q)
513 4705 611 4779 Est
640 4701 793 4758 οὐσία
850 4704 1181 4779 caligantia,
1242 4722 1455 4779 corpus
1484 4708 1812 4765 animatum
1842 4709 1942 4767 ho-

292 4776 491 4833 minis.
512 4777 823 4850 Propterea
845 4777 1073 4833 reddidi
1122 4776 1270 4834 hanc
1301 4776 1628 4835 dictionemi
1652 4781 1942 4838 interdum

290 4849 437 4904 sacri
484 4848 736 4920 corporis
778 4857 1015 4904 vectores
1063 4852 1314 4924 remiges,
1367 4850 1663 4924 interdum
1710 4868 1943 4924 quoque

289 4935 574 4991 sacrorum
621 4935 935 4991 corporum,
994 4921 1311 4991 respiciens
1358 4922 1429 4977 ad
1472 4922 1632 4977 illam
1680 4921 1942 4979 vocabuli

292 4989 450 5045 οὐσία
482 4989 819 5065 nationum,
843 5008 961 5065 qua
990 4989 1284 5065 familiam
1314 4992 1623 5064 significat,
1656 5002 1709 5048 et
1738 4996 1810 5049 ad
1834 4998 1945 5052 Au-

293 5069 527 5136 gustam
563 5063 896 5136 liberosque
918 5063 1494 5136 Porphyrogennetos
1523 5068 1580 5119 et
1609 5064 1815 5121 affines
1844 5067 1950 5122 im-

296 5133 569 5206 periales.
595 5133 958 5206 Verumjam
991 5133 1263 5206 supraad
1300 5153 1355 5203 p.
1387 5135 1490 5189 334
1522 5135 1938 5206 demonstravi,

300 5200 484 5260 οὐσίαν
545 5207 601 5278 in
654 5200 853 5278 specie
900 5208 970 5260 de
997 5200 1225 5275 familia
1254 5200 1481 5261 nautica
1502 5205 1639 5273 dici,
1669 5214 1727 5263 et
1757 5200 1942 5265 meto;

289 5280 451 5334 chice
482 5277 751 5351 deinceps
784 5278 855 5332 de
898 5278 1118 5351 navigio
1147 5278 1272 5351 tale
1293 5283 1607 5333 nautarum
1631 5278 1938 5351 collegium

293 5354 549 5405 tenente.
574 5347 903 5405 Potuissem
945 5347 1128 5419 igitur
1158 5350 1525 5420 optimojure
1554 5355 1613 5406 et
1640 5347 1938 5407 conliden-

287 5425 375 5495 ter
421 5422 737 5495 dictionem
798 5424 1056 5495 nostram
1118 5421 1355 5495 reddere
1398 5421 1507 5477 hoc
1567 5424 1759 5490 modo,
1798 5424 1939 5495 regii

283 5491 558 5550 dromomi
587 5494 672 5549 vel
706 5493 884 5565 regiae
912 5492 1184 5546 navicula:
1214 5496 1444 5548 actores.

354 5565 466 5637 (71)
493 5565 714 5638 Captivi
738 5563 794 5638 in
841 5563 1072 5638 Chalce,
1105 5565 1464 5638 Praetor-idet
1492 5563 1765 5638 Numeris
1797 5566 1934 5638 attit-

286 5634 711 5694 nebantur'sub
738 5634 1103 5707 inspectione
1151 5635 1423 5708 preteeti;
1454 5635 1651 5708 urbis,
1681 5636 1936 5708 praefecti

285 5710 607 5780 castrorum
645 5712 716 5780 et
770 5706 1173 5780 numerorum.
1232 5707 1342 5763 vid.
1397 5706 1933 5780 Cont.'l_‘heophan.

280 5793 320 5849 p
380 5778 499 5835 109.
549 5779 659 5838 Sed
708 5778 963 5853 praetorii
1012 5793 1272 5838 carceres
1327 5781 1387 5838 et
1428 5777 1633 5851 captivi
1682 5777 1936 5838 maxime

2783 4574 2839 4630 p.
2871 4557 2997 4612 249.
3058 4555 3170 4611 Leo
3201 4553 3460 4609 Gramm.
3494 4567 3549 4630 p_.
3583 4550 3688 4605 467

2048 4623 2106 4696 et
2126 4641 2247 4695 485.
2280 4623 2518 4693 Cedren.
2571 4623 2640 4703 pf
2684 4623 2809 4703 582'.
2836 4630 2909 4703 In
2940 4644 3006 4684 eo
3050 4623 3690 4703 asservabantursaraf

2049 4695 2175 4768 ceni
2206 4709 2383 4781 (conf.
2416 4695 2660 4781 p.441)”
2689 4708 2746 4781 et
2795 4702 3012 4756 ibidem
3062 4697 3340 4781 sacellum
3399 4695 3691 4781 habebant

2052 4766 2371 4839 eaercendo
2394 4766 2577 4833 cultui
2608 4766 2804 4830 divino
2831 4788 2991 4827 more
3012 4787 3140 4826 suo.
3178 4769 3258 4824 De
3288 4782 3403 4839 quo
3434 4766 3692 4839 allatisia

2051 4854 2137 4934 Du
2166 4852 2384 4934 Cangio
2415 4850 2488 4934 iq
2504 4846 2635 4934 CPl-i
2670 4846 2815 4934 Chr.
2832 4844 3082 4934 Ιζξιζρζ
3076 4840 3557 4934 1A6;§‘hpc_qp.um
3587 4838 3688 4934 ad:

2052 4925 2211 4992 dam,
2242 4911 2414 4980 etiam
2448 4920 2826 4992 Constantino
2855 4911 3239 4992 Monomacho
3271 4911 3561 4989 conditam
3587 4912 3690 4963 aut

2052 4985 2208 5053 certe
2261 4994 2586 5050 restitutam
2618 4998 2671 5045 et
2712 4985 3061 5057 frequentari
3108 5000 3312 5057 rursus
3347 4985 3687 5057 permissam

2052 5068 2230 5123 fuisse
2258 5072 2658 5140 Synagogam,‘
2696 5068 2759 5116 ut
2789 5054 3083 5140 appellant.
3126 5054 3344 5140 Graeci:
3374 5054 3686 5140 Saracena:

2052 5122 2547 5209 rum,qu"amuno'n
2582 5122 2735 5187 intra
2763 5122 3115 5200 prie'torium,
3140 5126 3240 5181 sed
3258 5124 3385 5205 alio
3431 5122 3682 5191 quodam

2050 5211 2211 5265 urbis
2246 5210 2367 5264 loco
2426 5207 2602 5277 fuisse
2649 5200 3150 5277 pulotAbulfeda
3178 5212 3333 5277 curm
3367 5195 3438 5277 a_d_
3471 5209 3524 5247 a.
3557 5192 3683 5258 4U,

2048 5298 2149 5337 seu
2180 5281 2391 5337 Christi
2418 5276 2574 5343 1049,
2607 5265 2694 5330 vél
2729 5275 2884 5343 1059,
2934 5273 3055 5342 haec
3111 5267 3285 5343 tradit
3318 5282 3331 5320 :
3388 5265 3502 5343 Hoc
3542 5280 3687 5320 anno

2048 5336 2294 5407 mittebat
2324 5367 2429 5405 rex
2486 5336 2882 5421 Ito'manorum'
2907 5336 3682 5421 [Constantinusmlﬂunoma-

2046 5424 2216 5494 chus]
2247 5423 2316 5478 ad
2348 5420 2669 5477 Solthanum
2706 5407 3138 5494 Thogru‘lbelgum
3185 5408 3298 5480 [vel
3328 5407 3684 5494 _’l‘hangroli-

2047 5485 2281 5566 beku'm]
2313 5495 2640 5566 legationem
2696 5485 3454 5566 cum’magnis‘muaert’bus,
3489 5496 3688 5566 rogans

2045 5567 2113 5621 ab
2142 5582 2201 5621 eo
2256 5554 2783 5631 Eanfwdcralioncm
2812 5578 2834 5622 ;
2862 5554 3032 5633 caque
3078 5554 3689 5633 impetrata,_‘.'onrtcbal

2046 5639 2299 5709 [proprie
2345 5622 2689 5707 frequentari
2726 5622 2986 5709 faciebdﬁ
3010 5625 3099 5683 vel
3119 5622 3354 5709 sinebat)
3379 5622 3678 5709 {despiciam

2045 5696 2196 5781 ὶίριιά
2229 5696 2418 5774 οΡιίη,
2440 5696 2513 5781 ἰιι
2556 5724 2665 5779 qua
2719 5696 2918 5781 peragi
2948 5700 3260 5781 Dc0_prcce.s
3289 5696 3680 5781 cLIaudef'atf

2043 5764 2148 5853 que
2168 5764 2453 5838 εειεηεαὴι
2481 5764 2596 5837 άίὁί
2619 5764 2731 5852 ρνό
2747 5764 2933 5834 εαιιὶιε
2960 5780 3013 5830 ει
3040 5764 3275 5843 ἰὶηρενίο
3306 5764 3675 5838 Thogrulbeki
