4008 6210
360 378 508 437 1151

1398 377 1931 439 CONSTAN'I‘INI
1978 373 2677 438 PORPHYROGENITI

3612 380 3774 438 11⁸52

359 510 595 591 triclinii
628 527 768 566 auro
800 512 970 566 textis
1020 514 1077 567 et
1125 511 1540 584 polycandelis.
1596 511 1766 566 Illum
1819 516 1993 565 creto-

2115 507 2212 560 τῶν
2251 502 2640 580 πραιποσίτων,
2678 501 2983 576 εἶσάγονται
3015 505 3067 558 οἱ
3097 504 3364 579 ἄρχοντες
3407 512 3507 562 τοῦ
3538 505 3784 564 κουεου-

363 616 491 654 nem
527 601 770 655 refertur
801 603 992 656 infans
1021 618 1086 657 ex
1111 602 1371 666 ecclesia,
1405 607 1705 673 postqaam
1731 601 1997 655 sacerdos

363 689 418 742 in
451 691 578 756 ejus
613 692 899 761 propylaea
931 708 1028 745 seu
1064 695 1208 746 atrio
1239 707 1416 760 super
1445 691 1664 745 infante
1689 691 1998 744 orationem

359 777 603 844 dixerit;
637 785 692 835 et
725 797 954 846 nomen,
990 799 1021 835 a
1050 781 1398 835 factionibus
1421 781 1643 835 edilum
1677 779 1786 849 ipsi
1821 779 1999 850 impo-

359 870 606 922 sueritet
627 868 924 926 indusium
950 872 1062 942 ipsi
1094 872 1368 926 induerit.
1397 871 1631 924 Relatus
1655 872 1722 924 ad
1749 876 1996 924 matrem

358 957 546 1012 infans
579 959 894 1029 deponitur
925 961 981 1014 in
1017 962 1208 1025 cunis,
1241 965 1298 1016 et
1322 961 1666 1030 injiciuntur
1713 963 1832 1014 tam
1883 961 1996 1013 Au-

357 1051 452 1102 sta:
486 1063 800 1119 puerperae,
835 1067 1011 1119 quam
1061 1049 1293 1114 infanti,
1329 1049 1504 1118 panni
1547 1046 1630 1102 vel
1681 1046 1805 1102 telae
1857 1063 1999 1104 auro

359 1140 538 1191 textae.
578 1138 715 1192 Dein
749 1140 1099 1194 advocantur
1135 1137 1427 1210 praepositi
1459 1139 1530 1192 ab
1579 1137 1867 1200 eunucho,
1900 1136 1999 1207 qui

361 1244 574 1283 mensae
605 1229 990 1298 imperalricis
1023 1234 1248 1300 praeest.
1283 1229 1577 1300 Praepositi
1609 1244 1778 1298 porro
1819 1227 1998 1283 intro-

361 1317 586 1371 ducunt
617 1317 992 1388 magistratus
1020 1318 1270 1373 cubiculi
1295 1319 1679 1389 ejusdemque
1703 1317 2002 1372 ministros

360 1405 615 1477 reliquos
635 1424 858 1462 omnes.
883 1408 1163 1479 Deinceps
1186 1408 1639 1462 introducuntur
1660 1423 1689 1460 e
1708 1407 2000 1477 cmnurgio

360 1503 553 1558 zostae,
601 1497 996 1566 magistrissze,
1051 1499 1485 1568 anthypalissaa,
1539 1497 1812 1567 patriciae,
1870 1513 2003 1567 pro-

358 1586 740 1655 tospathareae
773 1587 1056 1642 officialis:
1088 1596 1139 1642 et
1193 1587 1431 1658 reliquae
1464 1587 1688 1640 femina:
1720 1587 2002 1640 senatori-

359 1675 472 1730 bus
505 1676 804 1730 maritatae.
837 1679 972 1731 Post
1004 1694 1102 1731 eas
1134 1676 1586 1730 introducuntur
1615 1676 1820 1736 viduas.
1855 1693 2001 1746 qua-

361 1785 490 1823 rum
513 1769 703 1823 mariti
722 1771 881 1836 olim,
900 1771 1038 1824 dum
1060 1770 1332 1836 viverent,
1361 1769 1662 1839 praedictas
1685 1769 2000 1838 dignitates

3649 604 3783 653 7.29—

2109 688 2230 755 εξῆς
2276 687 2578 757 εἰσάγονται
2629 684 2733 738 ἀπὸ
2791 689 2890 738 τοῦ
2953 689 3304 762 καινουργίου
3372 689 3671 761 τρικλίνου
3726 695 3782 744 αἱ

2111 778 2307 842 ζωσταί
2367 778 2480 846 (79)
2538 776 2626 827 κιῖ
2686 775 2737 826 αἱ
2803 774 3212 848 μαγίστρισσαι,
3263 777 3670 841 ἀνουπάτισσαὶ
3723 801 3780 834 τε

2182 867 2195 886 \

2105 594 2294 650 κλείου
2334 596 2422 650 καὶ
2481 594 2532 647 οἱ
2569 598 2665 647 τοῦ
2723 589 3116 648 γουϐουκλείου
3192 600 3406 663 πάντες,
3479 600 3571 651 καὶ

2105 867 2196 921 καὶ
2284 867 2563 938 πατρίκιαι
2649 868 2739 921 καὶ
2804 869 3288 942 πρωτοσπαθαρέαι
3374 870 3776 948 ὀφφικιαλαὶαι

2106 959 2194 1012 καὶ
2228 959 2279 1011 αἱ
2313 957 2501 1012 λοιπαὶ
2557 957 2944 1032 συγκλητικαὶ,
2997 961 3095 1023 εἷθ’
3142 959 3315 1024 οὕτως
3346 965 3399 1017 αἱ
3428 970 3541 1018 τῶν
3591 965 3777 1041 προρ-

2111 1049 2380 1124 ρηθέντων
2446 1050 2771 1122 ἀξιωμάτων
2869 1051 3308 1123 ἀπαξιωματικαῖ
3387 1062 3587 1132 χῆραι,
3681 1056 3777 1110 καὶ

2109 1137 2435 1214 ἐπεύχονται
2507 1140 3006 1217 ἀπευχαριστοῦσαι
3081 1141 3171 1195 καὶ
3247 1142 3592 1218 εὐφημοῦσαι
3671 1148 3779 1215 τήν

2109 1229 2447 1303 Αὐγούσταν,
2521 1231 2611 1284 καὶ
2689 1230 2750 1283 τὸ
2825 1237 3105 1304 προσῆκον
3171 1231 3505 1305 ἀπονέμουσι
3575 1229 3780 1304 σέϐας,

2117 1315 2212 1388 μία
2256 1318 2451 1388 ἑκάστη
2507 1317 2798 1392 εἰσάγουσα
2852 1317 3043 1388 ξένιον,
3112 1321 3246 1394 ’ὀπερ
3307 1322 3442 1377 κατᾶ
3499 1323 3788 1399 προαίρε-

2114 1427 2193 1460 σιν
2237 1405 2372 1481 ἔχει.
2441 1407 2585 1462 Μετὰ
2617 1406 2672 1461 δὲ
2729 1409 2790 1462 τὸ
2845 1413 2952 1462 τῶν
3015 1415 3280 1484 γυναικῶν
3342 1413 3596 1483 σέκρετον
3667 1413 3789 1468 εἶσ-

2114 1497 2329 1568 ἀγονται
2363 1497 2466 1550 ἀπὸ
2497 1502 2593 1550 τοῦ
2625 1495 2923 1552 λαυσιακοῦ
2945 1495 3033 1552 διὰ
3062 1504 3157 1554 τοῦ
3190 1499 3502 1574 ὡρολογίου
3536 1504 3631 1556 καὶ
3678 1508 3781 1557 τοῦ

2112 1584 2569 1660 χρυσοτρικλίνου
2625 1587 2678 1640 οἱ
2733 1593 2832 1654 τῆς
2907 1587 3220 1664 συκγλήτου
3278 1586 3529 1659 ἅπαντες,
3595 1592 3784 1666 μέγιο

2113 1694 2287 1746 στροι,
2343 1674 2662 1745 ἀνθύπατοι,
2713 1675 2992 1749 πατρίκιοι
3066 1676 3156 1731 καὶ
3235 1679 3587 1754 ἀφφικιαλιοι
3686 1687 3782 1737 καί

2110 1763 2433 1837 ἐπεύγονται
2485 1764 3012 1839 ἀπευχαριστοῦντες
3065 1770 3132 1839 τῇ
3184 1768 3504 1844 Αὐγούστῇ,
3558 1773 3658 1825 καὶ
3715 1774 3780 1827 τὸ

363 1858 580 1912 aulicas
595 1863 916 1927 gesserant,
933 1874 1089 1913 nunc
1106 1864 1235 1928 post
1257 1874 1456 1912 eorum
1471 1858 1775 1912 decessum
1793 1859 1997 1929 gradu,

2115 1855 2387 1921 προσῆκον
2439 1851 2757 1908 ἀποδίδουσι
2809 1849 2964 1916 σέϐας
3024 1851 3093 1908 δι’
3135 1855 3313 1931 εὖχῷν
3343 1861 3428 1913 καί
3465 1859 3780 1938 εὐφημιῶν

361 1961 535 2014 quem
568 1951 739 2000 antea
768 1946 915 2001 inter
946 1947 1194 2001 feminas
1225 1947 1497 2016 primates
1536 1951 1864 2013 tenuerant,
1898 1947 1996 2002 de-

353 2035 546 2101 jectas.
572 2033 664 2087 Hae
689 2051 889 2090 omnes
915 2035 1135 2090 felicem
1163 2038 1680 2106 partumAugustae
1702 2034 1999 2105 gratulatm

365 2121 710 2177 benedicunt
743 2123 875 2193 ipsi,
908 2123 1283 2194 debitamque
1334 2124 1599 2178 tribuunt
1651 2124 1854 2178 infanti
1910 2140 1998 2178 re-

360 2212 676 2266 verentiam
703 2213 1054 2282 traduntque
1075 2215 1310 2267 xenium
1335 2229 1436 2267 seu
1463 2211 1877 2267 munusculum
1905 2213 2000 2266 be-

361 2299 695 2354 nevolentia:
727 2315 860 2368 erga
889 2316 1099 2355 novum
1136 2300 1423 2371 hospitem
1473 2305 1750 2355 advenam
1793 2302 2000 2355 testifi-

359 2390 554 2444 canda:
589 2390 963 2453 destinatum,
1001 2391 1154 2460 quod
1193 2405 1546 2461 unaquaeque
1595 2389 2003 2461 qualecunque

362 2495 466 2549 pro
498 2477 688 2532 lubitu
719 2486 770 2533 et
804 2477 1024 2533 delectu
1059 2496 1164 2534 suo
1216 2495 1412 2533 secum
1461 2479 1586 2533 fert.
1625 2478 1755 2534 Post
1803 2480 2006 2534 dimis-

363 2584 495 2623 sum
522 2567 804 2622 muliebre
826 2577 1111 2622 secretum
1137 2585 1236 2622 seu
1262 2584 1469 2638 corpus
1493 2569 1949 2624 introducuntur
1969 2586 2003 2625 a

362 2656 619 2712 lausiaco
653 2672 757 2728 per
785 2656 1145 2727 horologium
1183 2662 1240 2712 et
1265 2657 1800 2728 chrysotriclinium
1832 2674 2004 2713 sena-

354 2749 516 2800 tores
547 2761 775 2811 omnes,
806 2745 1097 2815 magistri,
1134 2745 1528 2814 proconsules,
1565 2746 1814 2815 patricii,
1870 2747 2001 2801 offi-

359 2835 558 2904 ciales,
609 2839 666 2889 et
721 2851 855 2890 cum
905 2835 1232 2890 adoratione
1299 2835 1646 2891 benedicunt
1703 2839 2001 2907 Augustae,

363 2939 801 2994 congruumque
835 2929 1110 2993 praestant
1139 2927 1362 2979 cultum
1397 2925 1887 2997 porphyrogenito
1919 2927 2002 2982 in-

367 3013 510 3067 fanti
543 3028 643 3083 per
669 3013 765 3083 pia
793 3018 924 3068 vota
953 3018 1006 3068 et
1039 3013 1188 3068 bona
1208 3014 1379 3069 verba
1407 3013 1566 3080 talia,
1600 3016 1796 3086 qualia
1825 3032 2005 3087 supra

367 3103 705 3158 dicebamus
747 3119 881 3175 erga
911 3103 1318 3173 imperatorem
1370 3105 1612 3175 proferri
1661 3105 1863 3161 solere.
1914 3113 2006 3161 b‘e—

367 3201 520 3267 ptem
538 3212 568 3248 a
593 3199 729 3248 nato
747 3193 970 3248 infante
992 3193 1474 3266 porphyrogenito
1494 3194 1775 3265 proximis
1796 3196 2004 3251 diebus

2108 1946 2187 2012 τῷ
2234 1944 2744 2020 πορφυρογενντςτῳ,
2791 1943 2973 2007 καθὼς
3042 1944 3150 1998 ’καὶ
3217 1945 3269 2000 ἐν
3333 1952 3400 2021 τῇ
3463 1951 3601 2022 πρὸς
3681 1951 3780 2004 τὸν

2115 2033 2342 2106 βασιλέα
2398 2032 2820 2108 ἀπευχαριστείᾳ
2884 2035 2974 2088 καὶ
3039 2033 3178 2110 εὐχῇ
3248 2036 3479 2110 εἴρηται.
3546 2041 3783 2108 Ἱπέον,

2113 2120 2193 2174 ὅτι
2227 2121 2332 2176 ἀπὸ
2370 2125 2438 2194 τῇ
2480 2123 2669 2196 πρώτῃ
2709 2123 2889 2197 ἡμέρα
2917 2129 3018 2191 τῆς
3077 2126 3381 2199 γεννήσεως
3413 2132 3510 2181 τοῧ
3555 2149 3788 2207 πορφυ-

2113 2213 2435 2283 ρογεννήτου
2493 2208 2686 2272 παιδὸς
2737 2210 3094 2288 ὀφειλόμενόν
3153 2211 3263 2268 ἐστι
3322 2215 3586 2287 γίνεσθαι,
3660 2217 3696 2272 δ’
3751 2220 3785 2285 ἡ

2112 2301 2266 2366 κοινή
2311 2301 2564 2368 συνήθεια
2594 2296 2879 2373 λοχὸζεμα
2911 2303 3025 2373 (80)
3057 2298 3238 2371 καλεῖ,
3273 2301 3350 2365 εἲς
3381 2305 3474 2357 τὸν
3505 2307 3786 2378 πόρτῃκα

2111 2392 2216 2441 τῶν
2255 2390 2326 2452 ιο⁹
2357 2384 2657 2443 ἀκουϐίτων
2704 2389 2796 2444 καὶ
2837 2389 2913 2452 εἰς
2956 2390 3024 2445 τὰ
3057 2389 3273 2464 τριόδια
3320 2399 3421 2462 τῆς
3468 2391 3784 2473 λεωφόρου

2111 2485 2209 2546 τῆς
2241 2477 2480 2548 πόλεως,
2529 2476 2700 2554 ἤγουν
2735 2478 2840 2532 ἀπὸ
2881 2486 2982 2548 τῆς
3023 2479 3240 2552 χαλκῆς
3275 2485 3441 2557 μέχρι
3472 2489 3575 2537 τοῦ
3611 2485 3783 2558 βοός.

2115 2567 2216 2624 Καὶ
2266 2565 2574 2645 ὀφείλουσιν
2622 2567 2673 2621 ἐν
2726 2569 2819 2640 μὲν
2858 2569 2937 2639 τῷ
2987 2569 3224 2644 πόρτηκι
3272 2577 3378 2625 τῶν
3432 2574 3494 2635 ιθ⁹
3535 2571 3785 2628 ἀκουϐί-

2110 2677 2217 2710 των
2279 2653 2628 2731 συνέρχεσθαι
2688 2657 2740 2710 οἳ
2798 2653 3063 2734 ἄρχοντες
3110 2663 3216 2714 τῶν
3276 2661 3570 2736 ταγμάτων
3633 2663 3784 2734 μετᾶ

2110 2751 2217 2801 τῶν
2249 2744 2588 2820 σχολαρίων,
2618 2746 2828 2817 ’ὁμοίως
2867 2747 2960 2800 καὶ
2991 2749 3041 2801 οἱ
3076 2746 3336 2822 ἄρχοντες
3366 2755 3462 2804 τοῦ
3510 2750 3782 2823 πλοὶμου

2117 2836 2250 2908 μετὰ
2286 2840 2380 2890 τοῦ
2427 2833 2676 2907 πλοῗμου
2716 2839 2969 2909 στρατοῦ.
3023 2837 3168 2908 Ηρὸς
3215 2838 3433 2900 τούτοις
3497 2843 3612 2894 τῶν
3677 2839 3786 2895 δύο

2119 2929 2296 2998 μερῶν
2344 2925 2394 2979 οἷ
2445 2923 2697 2998 δημῶται
2741 2924 2830 2979 καὶ
2878 2925 2941 2980 τὸ
2990 2924 3275 2981 πολιτικὸν
3330 2929 3466 3000 μετᾶ
3511 2933 3623 2984 τῶν
3673 2937 3786 2998 τῆς

2113 3015 2328 3078 πόλεως
2389 3016 2772 3087 συστημάτων,
2833 3015 2923 3069 καὶ
2999 3014 3132 3072 ἐτττᾶ
3216 3016 3428 3092 ἡμέρας
3510 3017 3791 3075 πίνουσιν

2117 3105 2287 3160 ἐκεῖσε
2316 3106 2377 3159 τὸ
2427 3102 2736 3179 προρρηθὲν
2774 3103 3082 3182 λοχὸζεμα.
3147 3106 3390 3178 Ὁμοίως
3442 3107 3534 3162 καὶ
3577 3107 3631 3162 ἐν
3665 3116 3799 3174 τοῖς

2115 3195 2470 3269 προρῥηϐεἷσι
2515 3201 2613 3261 τῆς
2647 3192 2928 3270 λεῶφὸρου
2959 3191 3198 3268 τριόδοις
3231 3196 3547 3273 ὀφείλουσιν
3582 3199 3794 3275 συνέρ-

361 3261 533 3339 debet
561 3284 654 3338 edi
686 3288 740 3338 et
763 3261 1062 3348 celebrari,
1091 3261 1239 3354 quod
1283 3261 1641 3340 consuetudo
1674 3285 1999 3340 lochozema

2116 3295 2308 3358 χεσθαι
2351 3283 2406 3336 οἱ
2453 3282 2504 3336 ἐν
2557 3281 2776 3355 Χριστῷ
2828 3285 2985 3356 ἡμῶν
3029 3280 3255 3363 ἀδελφοὶ
3317 3286 3369 3339 οἱ
3413 3285 3646 3357 πένητες
3692 3289 3793 3342 καὶ

357 3373 607 3443 appellat
638 3373 1060 3441 seujusculum
1095 3388 1412 3442 puerperae,
1447 3378 1504 3428 et
1529 3373 1763 3443 quidem
1787 3374 1845 3427 in
1871 3390 1997 3444 por-

2115 3372 2273 3426 πίνειν
2313 3372 2400 3425 ἐπὶ
2424 3371 2558 3426 ἑπτὰ
2590 3372 2800 3445 ἡμέρας
2827 3372 2889 3426 τὸ
2914 3371 3222 3447 προρρηθὲν
3246 3372 3554 3448 λοχόζεμα.

353 3465 472 3517 ticu
501 3460 896 3515 novemdecim
922 3461 1296 3514 accubituum
1321 3465 1378 3514 et
1406 3462 1463 3514 in
1488 3461 1674 3516 triviis
1704 3461 2002 3533 praelongae
2034 3466 2091 3516 et
2121 3461 2502 3532 amplissimae
2538 3461 2736 3532 plateae
2794 3463 3025 3517 urbanae
3087 3463 3237 3534 [quae
3297 3481 3452 3520 mese
3498 3465 3785 3540 dicitur],

355 3564 568 3618 nempe
605 3565 638 3600 a
667 3547 865 3602 chalce
897 3563 1078 3616 usque
1110 3549 1178 3602 ad
1223 3548 1449 3603 bovem.
1503 3549 1564 3603 In
1611 3549 1898 3619 porticum
1949 3550 2352 3606 novemdecim
2419 3551 2796 3606 accubituum
2855 3553 3207 3606 conveniunt
3254 3553 3473 3609 tribuni
3530 3559 3787 3628 tagma-

358 3642 486 3691 tum
521 3652 655 3691 cum
689 3635 1013 3704 scholariis,
1047 3640 1103 3691 et
1133 3637 1502 3706 magistratus
1552 3638 1990 3695 classiariorum
2043 3657 2176 3695 cum
2233 3639 2380 3711 ipsis
2427 3639 2783 3707 classiariis;
2830 3640 2983 3696 858
3033 3640 3171 3696 item
3223 3643 3533 3713 populares
3576 3646 3793 3702 amba-

356 3741 485 3780 rum
520 3725 861 3792 factionum,
888 3729 945 3780 et
976 3726 1354 3797 magistratus
1388 3727 1647 3782 urbanus
1676 3744 1809 3784 cum
1843 3727 2101 3800 collegiis
2131 3730 2408 3795 urbanis;
2443 3729 2770 3799 bibuntque
2796 3728 2876 3783 ibi
2911 3744 3011 3799 per
3031 3731 3369 3800 septiduum
3421 3733 3789 3804 praedictum

352 3813 707 3870 lochozema.
739 3815 810 3868 At
841 3814 897 3868 in
941 3815 1224 3884 praedictae
1291 3813 1499 3885 plateis
1566 3815 1752 3872 triviis
1822 3817 2173 3874 conveniunt
2214 3817 2398 3874 nostri
2464 3816 2525 3872 in
2583 3817 2810 3873 Christo
2877 3817 3103 3885 fratres,
3147 3835 3456 3891 pauperes,
3521 3821 3785 3879 eodem-

355 3905 636 3964 beneﬁcio
667 3922 768 3977 per
789 3906 1120 3978 septiduum
1154 3906 1370 3978 pariter
1398 3908 1672 3978 gaudent.

948 3996 1180 4052 CAPUT
1217 3998 1388 4055 XXII.

531 4088 877 4145 Obseruantia
905 4089 962 4143 in
996 4088 1268 4159 baptismo
1297 4089 1408 4158 ﬁlii
1453 4092 1820 4162 imperatoris.

425 4253 686 4310 Primum
719 4271 790 4310 ex
820 4253 1098 4309 mandato
1131 4251 1504 4322 imperatoris
1531 4253 1814 4323 jubentur
1841 4255 1997 4308 certo

351 4351 604 4414 tempore
634 4351 690 4400 et
719 4342 844 4399 loco
896 4341 1206 4398 convenire
1258 4341 1542 4412 magistri,
1597 4341 1995 4412 proconsules.

2705 4001 2969 4056 ΚΕΦΑΛ.
3021 4002 3141 4056 KB'.

2531 4086 2967 4163 πυραιρυλάττειν
3047 4087 3179 4163 ᾃέπὶΔ
3217 4158 3226 4163 Δ
3268 4090 3564 4163 βαπτισμῷ

2537 4157 2760 4236 ὀίρῥενός
2798 4157 2994 4222 παιδὸς
3037 4157 3332 4230 βασιλέως.

2181 4249 2430 4305 Κελεύσει
2461 4253 2558 4303 τοῦ
2616 4244 2886 4322 βασιλέως
2936 4249 3208 4324 ὁρίζονται
3259 4250 3574 4325 μάγιστροι,
3613 4253 3790 4307 ’ἀνθ-

2111 4339 2326 4408 ὑπατοι,
2381 4337 2681 4413 πατρίκιοι,
2715 4338 3034 4415 στρατηγοὶ,
3089 4338 3448 4417 στρατάρχαι,
3481 4343 3782 4416 τουρμᾶρ-

2111 4089 2240 4146 Ὅσα
2351 4085 2432 4142 δεῖ
2531 4086 2967 4166 ποραφυλάττειν
3042 4087 3564 4166 ’ἐπὶ-,βαπτισμῷ
3658 4095 3791 4166 (81)

1411 4439 1610 4498 JOAN.
1649 4441 1795 4497 JAC.
1838 4439 2097 4496 REISKII
2137 4438 2720 4496 COMMENTARIUS.

431 4540 542 4610 (79)
569 4542 831 4612 Augusta
862 4555 975 4594 non
1000 4538 1248 4594 habebat
1279 4537 1478 4611 plures
1511 4539 1716 4607 unicas
1764 4544 1954 4612 zostas
1981 4557 1995 4612 ς
2031 4541 2075 4606 D
2107 4554 2256 4612 saepe
2287 4554 2470 4610 usque
2502 4537 2574 4612 ad
2609 4538 2993 4612 pubertatem,
3028 4537 3146 4612 imo
3186 4537 3429 4608 quidam
3461 4555 3648 4610 usque
3681 4557 3725 4596 ιι
3752 4541 3790 4598 d

356 4618 411 4666 at
442 4613 543 4666 ubi
573 4611 697 4666 duae
730 4616 926 4666 essent
965 4617 1259 4678 Augustae,
1311 4629 1510 4667 socrus
1559 4618 1616 4666 et
1664 4628 1866 4675 nurus,
1917 4611 1997 4665 ibi

357 4700 588 4754 quoque
617 4684 768 4738 binm
799 4690 954 4737 erant
981 4689 1175 4748 zosta‘,
1210 4681 1422 4752 cuique
1467 4686 1739 4754 Augustas
1773 4700 1899 4750 sua,
1934 4687 1999 4737 ut

355 4753 621 4825 tempore
652 4754 1010 4810 Constantini
1060 4761 1115 4809 et
1148 4755 1388 4809 Romani
1422 4753 1994 4826 Porphyrogcnneto-

358 4843 513 4881 rum.

430 4898 546 4972 (80)
579 4897 946 4972 Quasidicas
981 4893 1115 4967 ζέμα
1161 4893 1312 4972 λόγῳ
1357 4901 1456 4972 τῆς
1486 4893 1711 4972 ’λέχους
1760 4896 1845 4952 vel
1898 4897 1998 4972 τῆς

357 4966 610 5039 λοχείας,
645 4969 894 5025 brodium
915 4984 1011 5037 pro
1038 4966 1332 5038 puerpera.
1357 4969 1536 5033 Quale
1562 4966 1777 5032 autem,
1811 4969 1910 5039 qui
1942 4973 2000 5024 et

360 4987 424 5022 Αο
475 4987 610 5036 ειας,
645 4987 894 5025 oromum
915 4987 1011 5037 pro
1038 4987 1332 5038 puerpera.
1357 4987 1536 5033 uuale
1562 4987 1777 5032 autem,
1811 4987 1910 5039 qui
1942 4987 1999 5024 et

357 4987 508 5098 unée
541 5043 867 5098 confectum
901 5039 1009 5094 hoc
1046 5042 1330 5107 brodlum,
1365 5057 1479 5094 non
1512 5041 1718 5110 liquet.
1754 5041 1999 5095 Videtur

354 5114 553 5169 vinum
607 5114 953 5168 medicatum
1007 5111 1207 5178 fuisse,
1241 5113 1726 5180 quemadmodum
1777 5113 1996 5180 passim

360 5202 484 5239 mos
511 5186 750 5252 obtinet,
783 5183 979 5237 vinum
1003 5182 1354 5236 cinnamomi
1381 5183 1666 5250 cannulis,
1691 5199 1923 5238 saccaro
1942 5186 2000 5236 et

355 5257 580 5310 taleolis
613 5258 739 5310 citri
774 5256 1009 5310 mistum
1045 5253 1157 5317 (die
1184 5261 1334 5308 sime
1365 5255 1549 5309 Canna
1578 5255 1894 5325 appellant)
1923 5253 1997 5306 ad

357 5344 699 5394 puerperam
767 5326 1156 5382 invisentibus
1231 5326 1598 5396 propinandi.
1692 5326 1994 5380 Leunclav.

356 5399 626 5453 Pandect.
658 5400 826 5453 Turc.
853 5415 910 5454 n.
947 5398 1012 5451 19
1056 5396 1334 5466 perhibet,
1386 5397 1796 5466 imperatorem
1843 5397 1997 5449 Tur-

355 5487 551 5524 caru'n
588 5470 660 5524 ob
691 5471 1043 5523 nativitatem
1077 5469 1180 5521 lilii
1214 5484 1393 5522 novos
1448 5484 1719 5522 nummos
1764 5469 1992 5521 cudere.

357 5547 433 5597 De
482 5542 591 5597 hoc
641 5557 801 5596 more
854 5540 999 5596 nihil
1055 5540 1207 5610 apud
1265 5540 1519 5595 CPtanos
1577 5539 1719 5611 imp.
1773 5539 1996 5595 Graecos

353 5614 674 5670 observavi.

427 5687 542 5755 (81)
577 5686 756 5742 Miror
804 5684 957 5756 quod
1005 5687 1236 5754 tempus
1283 5683 1500 5755 peracti
1550 5683 1829 5755 baptismi
1861 5699 1993 5756 non

358 5758 666 5815 addiderit.
698 5758 762 5813 In
794 5755 983 5829 prima
1011 5757 1244 5828 quidem
1287 5755 1541 5815 Ecclesia
1587 5755 1997 5829 exspectabant

2112 4610 2315 4683 horam
2343 4609 2570 4683 mortis,
2593 4615 2669 4683 et,
2690 4609 2739 4665 si
2763 4625 3040 4683 numerus
3063 4609 3293 4665 adesset
3318 4612 3460 4666 satis
3483 4609 3781 4683 magnus,

2111 4681 2291 4737 semel
2314 4687 2412 4736 aut
2433 4681 2524 4736 bis
2545 4681 2630 4736 vel
2654 4685 2742 4736 ter
2763 4681 2832 4736 ad
2856 4696 3160 4736 summum
3186 4697 3288 4748 per
3308 4698 3525 4738 annum
3550 4681 3781 4752 bapti-l

2108 4754 2322 4808 zabant
2352 4752 2531 4808 simul
2573 4753 3018 4808 catechumenos
3048 4753 3312 4820 ejusdem
3361 4755 3537 4809 ferme
3567 4755 3776 4812 aetatis

2107 4826 2255 4881 festo
2316 4824 2692 4895 Epiphaniae,
2769 4840 2981 4896 magno
3056 4823 3328 4896 iSabbatoi
3377 4833 3430 4880 et
3503 4827 3775 4883 Sabbato

2109 4897 2494 4952 Pentecostes.
2531 4899 2710 4962 Quem
2743 4895 2963 4952 morem
2987 4911 3020 4950 a
3041 4895 3256 4950 Graecis
3279 4895 3774 4954 Muhammedani

2107 4969 2377 5023 videntur
2420 4968 2736 5039 accepisse,
2778 4967 2880 5037 qui
2921 4967 3099 5039 etiam
3157 4983 3349 5039 mares
3389 4985 3526 5023 suos
3578 4970 3773 5025 annis

2108 5037 2574 5111 adolescentibus
2605 5040 2856 5111 demum
2883 5037 3330 5106 circumcidunt,
3353 5039 3540 5111 eique
3594 5042 3772 5097 actui

2110 5113 2322 5166 festum
2349 5110 2672 5166 solemnius
2688 5114 2789 5164 aut
2811 5110 3314 5166 circumcisionem
3340 5109 3773 5181 ﬁlii—principis

2109 5183 2539 5254 prmstolantur.
2590 5181 2804 5254 Verum
2855 5187 3115 5250 tempore
3169 5183 3515 5252 procedente
3565 5186 3769 5240 etiam

2109 5256 2360 5309 infantes
2397 5254 2674 5324 baptizati
2719 5253 3182 5325 fueruntycitius
3227 5255 3542 5320 tardiusve,
3579 5263 3770 5325 prout

2108 5325 2336 5380 luberet
2379 5323 2492 5379 aut
2523 5342 2612 5380 res
2661 5327 2852 5379 ferret.
2903 5323 3243 5395 Epiphania,
3294 5326 3544 5380 Heraclii
3581 5323 3766 5392 Vtilia,

2110 5397 2402 5466 baptizata
2438 5396 2544 5451 fuit
2574 5397 2668 5451 die
2689 5414 2721 5450 a
2745 5397 3037 5450 nativitate
3067 5397 3512 5466 quadragesimo
3546 5398 3600 5451 in
3634 5401 3766 5454 edo

2111 5467 2519 5523 Blachernensi
2547 5488 2560 5535 ;
2595 5467 2705 5523 vid.
2729 5467 3064 5536 TheOpban.
3099 5469 3299 5536 p.250.
3325 5467 3762 5525 Constantinus

2109 5539 2440 5612 Caballinus
2463 5540 2777 5610 pariterdiu
2798 5539 3304 5612 postnativitatem
3331 5540 3438 5612 fuit
3459 5540 3517 5594 in
3540 5540 3763 5612 Magna

2107 5610 2352 5667 ecclesia
2383 5611 2752 5682 baptizatus;
2785 5610 2894 5666 vid.
2928 5611 3078 5665 idem
3116 5628 3168 5676 p.
3200 5611 3323 5682 335.
3359 5611 3457 5666 Ait
3486 5610 3758 5668 enim—ibi

2106 5681 2505 5754 Theophanes,
2558 5693 2800 5738 matrem
2875 5682 3024 5752 ejus,
3064 5681 3341 5754 Mariam,
3407 5683 3758 5741 interfuisse

2108 5751 2397 5827 baptismo
2423 5759 2481 5812 et
2501 5754 2844 5813 redeuntem
2863 5751 2933 5810 ex
2961 5751 3205 5812 ecclesia
3225 5754 3511 5826 sparsisse
3529 5770 3754 5811 munus
