4008 6210
361 360 513 424 1155

1414 346 1946 413 CONSTANTINI
1989 347 2691 412 PORPHYBOGENITI

3466 41 3948 180 τ’

3621 354 3785 414 1156

354 498 587 559 advenit
641 491 1069 553 referendarius
1116 488 1480 564 patriarchae,
1538 493 1597 546 et
1642 486 1996 552 sciscitatur,

2146 506 2245 565 Leu,
2293 484 2385 540 καὶ
2431 483 2609 560 ἐρωτᾷ
2638 484 2683 540 εἰ
2712 483 2923 541 κελεύει
2985 484 3012 541 6
3074 482 3338 563 βασιλεὺς
3388 483 3659 543 εἰσελθεῖν
3684 488 3790 543 τὸν

355 592 562 649 velitne
592 590 909 660 imperator
928 581 1315 656 patriarcham
1341 582 1632 638 advenire.
1666 581 1851 636 Intrat
1873 595 2013 650 prm-

354 680 584 754 positus
613 677 684 732 ad
714 676 1126 747 imperatorem
1168 688 1349 745 eaque
1381 672 1451 727 de
1482 688 1543 727 re
1581 671 1873 740 significat
1906 686 1921 736 ;
1955 672 2011 724 et

355 772 620 840 Augusto
653 764 879 821 volente
904 762 1171 834 jubente,
1206 769 1270 816 ut
1302 761 1630 832 patriarcha
1648 759 1863 823 veniat,
1888 774 2011 814 rur-

357 875 459 914 sus
491 857 559 911 ad
596 852 1049 911 referendarium
1082 851 1199 907 exit
1228 852 1508 916 referens,
1541 848 1684 904 velle
1706 849 2015 918 imperato-

356 963 499 1014 rem,
545 953 603 1000 ut
645 941 976 1016 patriarcha
1012 942 1225 997 veniat.
1272 939 1401 994 Abit
1439 939 1634 1008 itaque
1679 936 2013 992 referenda-

355 1038 497 1103 rius,
543 1042 597 1090 et
642 1033 887 1089 arcessit
938 1029 1344 1104 patriarcham.
1396 1029 1548 1086 359
1594 1028 1696 1084 Hic
1741 1029 1901 1085 venit
1947 1030 2008 1085 in

357 1129 636 1202 palatium
669 1128 728 1183 in
759 1128 1036 1181 consueto
1067 1139 1173 1179 suo
1205 1123 1509 1190 comitatu,
1543 1137 1751 1193 nempe
1789 1126 2008 1178 secreto

357 1236 464 1278 suo
494 1222 550 1275 et
580 1213 967 1287 metropolitis
987 1220 1158 1284 atque
1184 1212 1656 1284 archiepiscopis.
1682 1212 1746 1268 Ei
1776 1211 2004 1268 obviam

358 1310 423 1365 tit
454 1309 774 1380 imperator
803 1304 864 1359 in
896 1300 1384 1374 chrysotriclinio,
1416 1306 1473 1358 et
1502 1300 1677 1358 simul
1708 1302 1924 1357 abeunt
1946 1301 2007 1357 in

355 1398 502 1456 illud
533 1395 837 1467 templum,
869 1394 928 1449 in
960 1409 1073 1465 quo
1099 1407 1343 1464 puerum
1370 1391 1595 1449 tonderi
1615 1390 2009 1464 vultimpera-

356 1493 467 1545 tor.
499 1486 769 1543 Proxime
792 1485 895 1540 hos
916 1484 1325 1556 ingrediuntur
1348 1483 1407 1539 in
1427 1480 1571 1538 illud
1598 1481 1883 1553 templum
1912 1497 2010 1536 cu-

354 1576 618 1635 bicularii
652 1580 707 1631 et
738 1590 1005 1647 proceres
1044 1573 1383 1645 patriarchae
1414 1575 1471 1627 et
1509 1588 1635 1642 BJUS
1665 1570 2007 1627 cubiculeu-

355 1685 449 1725 ses
506 1692 521 1735 ς
565 1677 688 1722 tum
731 1664 1111 1736 metropolitte
1161 1668 1217 1718 et
1256 1660 1696 1732 archiepisCOpi.
1754 1660 2009 1717 Veniunt

357 1758 631 1827 deinceps
660 1770 728 1809 ex
759 1750 1127 1823 imperatoris
1166 1750 1442 1805 mandato
1482 1754 1779 1804 senatores
1809 1756 1865 1804 et
1903 1750 2004 1819 qui

355 1844 631 1902 destinati
659 1846 796 1897 sunt
826 1849 1153 1910 exceptores
1181 1838 1425 1893 crinium
1460 1839 1623 1909 pueri
1657 1838 1999 1909 imperialis.
2034 1867 2080 1932 Β

353 1936 496 1991 Dein
530 1933 693 1988 affert
724 1930 1067 2003 praepositus
1091 1929 1455 1985 manucciola
1484 1928 1670 1985 multa
1693 1946 1875 1986 unum
1908 1930 1996 1987 al-

352 2023 459 2081 teri
490 2025 760 2089 consuta,
791 2028 853 2075 ut.
886 2019 1123 2091 longam
1154 2018 1329 2074 telam
1362 2017 1639 2089 efficiant,
1670 2035 1853 2092 eaque
1882 2025 2000 2077 tra-

355 2114 440 2170 dit
468 2111 833 2186 patriarche,
854 2109 949 2166 hic
980 2126 1148 2182 porro
1169 2109 1349 2165 tradit
1370 2109 1579 2165 futuris
1602 2112 2004 2182 cxceptoribus

357 2202 633 2258 crinium.
682 2200 749 2255 Et
788 2198 922 2255 dein
964 2198 1029 2254 fit
1075 2198 1220 2255 ritus
1258 2196 1684 2255 ecclesiasticus
1724 2204 1998 2257 tonsuras.

353 2292 477 2357 Quo
510 2291 682 2357 facto,
714 2289 891 2345 tradit
921 2288 1254 2361 patriarcha
1286 2287 1535 2360 primum
1564 2305 1805 2345 aureum
1828 2291 2003 2347 suda-

351 2384 529 2450 rium,
568 2380 628 2435 in
659 2396 773 2453 quo
798 2380 998 2451 jacent
1028 2379 1253 2434 detonsi
1288 2377 1497 2444 crines,
1527 2380 1873 2452 praeposito;
1903 2398 2007 2438 cte-

350 2476 471 2527 tera
507 2487 641 2526 vero
674 2467 1042 2524 manucciola
1067 2467 1350 2539 diripiunt
1378 2472 1434 2523 et
1477 2469 1816 2540 partiuntur
1853 2471 2007 2528 inter

350 2578 413 2617 se
442 2566 798 2630 exceptores.
830 2558 948 2613 Sub
973 2557 1208 2623 Basilio,
1229 2557 1603 2615 celeberrimo
1632 2559 2003 2632 imperatore,

349 2650 523 2705 ﬁebat
544 2654 783 2705 tonsura
804 2646 909 2701 ﬁlii
930 2648 1057 2717 ejus
1081 2646 1310 2717 Leonis,
1327 2646 1699 2717 philochristi
1722 2650 2000 2721 despotae,

2117 576 2487 650 πατριάρχην.
2546 577 2659 632 Τοῦ
2731 570 2790 630 δὲ
2867 571 3136 650 βασιλέως
3207 577 3784 651 ὑπομιμνησκομένου

2117 668 2265 744 ποιρᾶ
2310 672 2406 723 τοῦ
2451 666 2812 741 πραιποσῖτου
2860 666 2951 723 καὶ
3002 666 3325 730 κελεύοντος
3374 668 3650 724 εἰσελθεῖν
3691 671 3785 724 τὸν

2117 757 2484 834 πατριάρχην,
2512 756 2787 833 ἐξέρχεται
2837 758 2865 813 6
2916 759 3276 833 πραιπόσιτος
3323 757 3501 832 λέγων
3532 763 3623 832 τῷ
3655 761 3784 834 ῥαι-

2118 846 2474 922 φερενόαρίῳ,
2534 846 2616 903 ὅτι
2674 845 2881 902 κελεύει
2954 848 2982 901 6
3043 845 3299 923 βασιλεὺς
3366 846 3640 912 εἰσελθεῖν
3692 850 3790 904 τὸν

2116 938 2488 1015 πατριάρχην.
2519 939 2582 996 Ὀ
2630 934 2688 991 δὲ
2736 937 2910 992 ἀπιὼν
2958 934 3351 1013 προσκαλεῖται
3378 938 3474 992 τὸν
3508 941 3790 1015 πατριάρ-

2117 1050 2248 1117 χην,
2296 1032 2387 1085 καὶ
2437 1029 2741 1106 εἰσέρχεται
2791 1029 2844 1086 ἐν
2890 1035 2971 1103 τῷ
3018 1028 3295 1103 παλατῖῳ,
3327 1032 3512 1093 καθὼς
3544 1029 3789 1095 εἴθισται

2117 1120 2288 1193 αὐτῷ,
2317 1119 2450 1193 μετᾶ
2476 1124 2573 1176 τοῦ
2604 1121 2859 1195 σεκρὲτου
2910 1119 3078 1176 αὐτοῦ
3123 1121 3213 1175 καὶ
3260 1125 3369 1176 τῶν
3418 1122 3793 1194 μητροπολιο

2115 1214 2225 1265 τῶν
2264 1211 2355 1265 καὶ
2405 1211 2876 1287 ἁρχιεπισκὸπων,
2925 1210 3018 1266 καὶ
3069 1210 3274 1282 ὑπαντᾷ
3320 1209 3483 1266 αὑτὸν
3531 1213 3562 1266 ὁ
3621 1212 3794 1286 βασι-

2116 1298 2243 1363 λεὺς
2293 1300 2345 1355 ἐν
2399 1301 2478 1372 τῷ
2537 1296 3003 1376 χρυσοτρικλίνῳ.
3064 1300 3162 1355 Καὶ
3224 1298 3305 1363 εἰς
3363 1302 3482 1355 οἷον
3533 1299 3599 1355 ἅν
3660 1303 3792 1357 ναὸν

2115 1388 2309 1465 κελεύῃ
2356 1391 2384 1445 6
2446 1388 2700 1465 βασιλεὺς
2763 1386 3006 1466 γενέσθαι
3062 1388 3127 1445 τὸ
3201 1388 3503 1464 κοῦρευμα,
3564 1389 3795 1447 ἄπεισιν

2120 1481 2253 1553 μετὰ
2281 1484 2377 1534 τοῦ
2408 1480 2777 1558 πατριάρχου.
2828 1477 2927 1534 Καὶ
2974 1479 3075 1544 εἶθ’
3124 1477 3296 1541 οὕτως
3342 1480 3701 1555 εἰσέρχονται
3734 1482 3792 1535 οἱ

2116 1574 2211 1626 τοῦ
2251 1566 2646 1625 κουϐουκλείου
2693 1569 2784 1624 καὶ
2844 1569 2895 1623 οἱ
2954 1567 3224 1647 ἄρχοντες
3268 1573 3370 1624 τοῦ
3415 1571 3789 1650 πατριάρχου

2114 1660 2202 1715 καὶ
2234 1654 2698 1730 κουϐουκλείσιοι,
2751 1660 2886 1733 πρὸς
2932 1657 3157 1720 τούτοις
3214 1657 3636 1734 μητροπολῖται
3686 1660 3785 1714 καί

2116 1751 2560 1825 ἀρχιερίσκοποι.
2608 1749 2743 1805 Εἶτα
2788 1745 3033 1803 κελεύσει
3083 1750 3180 1802 τοῦ
3214 1746 3485 1822 βασιλέως
3513 1744 3789 1824 ἔρχονται

2116 1842 2202 1895 καὶ
2253 1842 2304 1895 οἱ
2354 1845 2455 1908 τῆς
2516 1835 2825 1913 συγκλήτου
2882 1836 2973 1892 καὶ
3032 1838 3150 1892 ὅσοι
3212 1836 3481 1910 μέλλουσι
3531 1837 3793 1914 γίνεσθιι

2110 1928 2372 2005 ἂνάδοχοι
2431 1932 2538 1985 τῶν
2596 1933 2803 2004 τριχῶν
2865 1931 2962 1984 τοῦ
3026 1926 3316 2004 βασιλὶκοῦ
3374 1925 3595 1992 παιδός.
3655 1930 3791 1986 Εἴτε

2115 2023 2261 2098 φέρει
2294 2021 2322 2076 6
2354 2019 2715 2095 πραιπόσιτος
2767 2019 2833 2073 τὰ
2894 2014 2985 2072 διὰ
3042 2017 3220 2094 βαφῆς
3277 2018 3610 2090 συνημμένα
3648 2019 3796 2093 πρὸς

2114 2106 2339 2179 ἄλληλα
2369 2104 2638 2182 ἒγχείρια,
2695 2105 2786 2159 καὶ
2843 2100 3072 2159 ἒπίδωσι
3124 2107 3290 2158 ταῦτα
3320 2108 3400 2176 τῷ
3430 2106 3791 2183 πατριάρχῃ,

2113 2201 2142 2255 6
2189 2196 2245 2254 δὲ
2275 2198 2622 2272 πατριάρχης
2670 2198 2787 2257 τοῖς
2850 2192 3116 2268 μέλλουσι
3164 2191 3407 2268 γίνεσθαι
3450 2190 3788 2268 ἃναδὸχοις,

2112 2289 2203 2344 καὶ
2253 2289 2373 2361 ἑξῆς
2439 2285 2643 2361 γίνεται
2705 2285 2739 2353 ἡ
2802 2289 2903 2352 τῆς
2961 2281 3255 2352 ἐκκλησιας
3313 2282 3627 2345 ἀκόλουθος
3686 2288 3791 2338 τοῦ

2112 2376 2484 2452 κουρεύματος
2540 2374 2706 2444 τάξις.
2777 2371 2876 2427 Καὶ
2941 2369 3003 2427 τὸ
3081 2371 3178 2444 μὲν
3247 2375 3464 2445 πρῶτον
3537 2377 3794 2447 χρυσοῦν

2110 2468 2410 2543 ἒγχείριον,
2444 2466 2495 2521 ἐν
2525 2467 2570 2538 ᾧ
2599 2464 2691 2520 καὶ
2743 2465 2794 2518 αἱ
2844 2464 3199 2538 ἀποκαρεῖσαι
3226 2460 3418 2537 τρίχες
3444 2466 3545 2517 τοῦ
3574 2461 3791 2526 παιδὸς

2114 2559 2381 2635 ἕγκεινται
2436 2560 2571 2630 (87),
2631 2552 2963 2611 ἐπιδίδονται
3019 2558 3099 2626 τῷ
3159 2552 3529 2629 πραιποσέτῳ,
3583 2556 3664 2608 τὰ
3724 2552 3788 2610 δὲ

2117 2648 2287 2705 λοιπὰ
2329 2649 2574 2725 ἐγχείρια
2622 2643 3027 2721 διαρπαζόμενα
3061 2644 3173 2717 (88)
3223 2643 3366 2717 παρᾶ
3410 2646 3521 2697 τῶν
3573 2641 3787 2699 ἀναδό-

1399 2764 1603 2821 JOAN.
1642 2766 1789 2822 JAC.
1833 2768 2099 2827 REISKII
2138 2766 2729 2827 COMMENTARIUS.

348 2863 634 2922 libertatis
664 2862 901 2918 habent.
943 2861 1042 2917 Cui
1073 2878 1238 2918 coma
1267 2861 1447 2927 salva,
1480 2862 1576 2918 ille
1607 2863 1754 2920 liber
1783 2871 1873 2922 est
1906 2871 2002 2932 ;et

349 2940 399 2992 si
434 2937 568 3009 quis
600 2934 748 3009 bello
780 2950 951 3009 quem
984 2934 1137 3005 cepit
1166 2940 1338 3006 atque
1368 2933 1782 3009 inlibertatem
1807 2939 2005 2994 dimit-

347 3009 433 3078 tit,
451 3006 758 3064 abscindit
788 3007 918 3077 ejus
950 3008 1138 3061 antias
1178 3023 1401 3077 suaque
1436 3006 1509 3078 in,
1551 3006 1825 3077 pharetra
1864 3026 1998 3066 con-

346 3077 452 3148 dit,
506 3079 660 3135 velut
699 3078 937 3150 signum
984 3078 1211 3149 pristini
1243 3078 1320 3150 in
1372 3077 1681 3133 dimissum
1732 3080 1999 3139 dominii.

344 3156 561 3207 Verum
594 3149 781 3206 medio
813 3166 931 3205 aevo
965 3167 1066 3221 per
1095 3149 1510 3206 abscissionem
1537 3167 1713 3206 comae
1741 3153 2007 3209 solebant

344 3223 497 3278 ﬁlios
528 3224 825 3295 adoptare.
870 3221 971 3276 Cui
1016 3221 1161 3277 alter
1196 3239 1462 3295 comnam
1505 3223 1906 3295 abscindebat,
1948 3227 1996 3280 is

343 3312 477 3352 eum
511 3296 570 3367 in
605 3294 1155 3367 tiliumadoptabat.
1190 3294 1472 3367 Praeclare
1502 3298 1583 3367 Du
1630 3294 1898 3367 Cangius
1924 3297 1996 3352 ad

341 3365 596 3421 Joinvill.
644 3383 699 3435 p.
744 3365 869 3435 272,
938 3366 1035 3419 ubi
1096 3366 1166 3418 de
1215 3365 1390 3419 variis
1448 3365 1778 3433 adoptandi»
1813 3369 1999 3423 modis

344 3437 482 3504 agit,
514 3440 627 3491 Nos
660 3434 977 3496 historians,
1012 3436 1111 3499 ait,
1136 3451 1272 3489 nous
1299 3434 1643 3503 [caruissent
1671 3453 1863 3493 encore
1895 3456 2002 3494 une

341 3519 498 3561 autre
525 3509 710 3571 espece
748 3504 1068 3576 d’mtoption
1109 3505 1433 3569 d’honncur,
1476 3510 1573 3574 qui
1613 3523 1667 3560 se
1701 3510 1893 3576 [aisait
1930 3526 1998 3564 en

335 3578 687 3650 conp/tmte:
719 3575 960 3650 cheveux
982 3576 1244 3650 Διίεηςαιιιί
1274 3576 1371 3650 qui
1394 3577 1531 3650 emit
1579 3578 1781 3648 adopté
1807 3596 1872 3635 en
1902 3580 1995 3650 ﬁls

342 3648 561 3703 Paulus
592 3646 939 3702 Warnet‘rid.
979 3646 1034 3699 in
1065 3648 1271 3700 llistor.
1311 3646 1768 3714 Langobardee
1790 3646 1993 3707 Carolo

339 3716 601 3775 Martello
656 3732 670 3773 :
734 3717 891 3792 Circa
948 3717 1067 3773 haec
1122 3718 1679 3792 tempora_Carolus,
1737 3723 1994 3792 princeps

336 3792 703 3852 Francorum,
733 3788 1002 3858 Pipinum
1021 3806 1182 3844 suum
1207 3788 1512 3859 parvulum
1541 3788 1810 3859 ﬁliumlul
1840 3788 1995 3849 Luit-

337 3862 719 3935 prandumdi:
733 3864 851 3916 exit
881 3866 939 3915 ut
970 3861 1088 3929 ejus
1112 3862 1289 3935 juxta
1320 3878 1532 3935 morem
1571 3864 1832 3927 capillum
1870 3882 1992 3921 sus-

335 3933 701 4010 ciperet._Qui
728 3936 844 3997 eius
873 3935 1161 4010 cazsariem
1198 3933 1448 4010 incidens
1485 3936 1538 3989 ei
1572 3939 1729 4010 pater
1771 3939 1991 4010 affectus

336 4012 433 4073 est,
462 4005 760 4076 multisque
787 4020 910 4059 eum
940 4004 1178 4059 ditatum
1211 4008 1379 4073 regiis
1408 4007 1727 4061 muneribus
1757 4004 1995 4070 genitori

337 4079 577 4134 remisit.
616 4077 963 4131 Anastasius
1026 4076 1149 4131 Vita.
1198 4076 1478 4132 Benedicti
1506 4079 1575 4142 ΙΙ,
1623 4096 1675 4148 ρ.
1723 4081 1793 4133 57
1841 4096 1854 4135 :
1899 4082 1994 4135 llic

339 4166 453 4205 una
480 4149 780 4222 cumclero
808 4158 859 4203 et
886 4151 1135 4222 exercitu
1171 4150 1408 4222 suscepit
1452 4151 1713 4222 maltones
1755 4151 1836 4222 [id
1878 4157 1988 4215 est,

337 4222 539 4287 cirros,
577 4220 910 4292 rcinciunos]
952 4221 1281 4288 capillorum
1321 4220 1538 4274 domini
1582 4220 1894 4277 Iustiniani
1940 4228 1990 4278 et

334 4291 604 4359 Heraclri,
650 4292 898 4361 ﬁliorum
947 4292 1362 4347 clementis-simi
1390 4293 1683 4360 principis,
1730 4295 1895 4348 simul
1937 4303 1988 4349 et

326 4365 686 4436 jussionem,_
720 4380 819 4431 per
862 4380 1050 4436 quam
1126 4363 1408 4433 signiﬁcat
1470 4363 1681 4417 eosdem
1720 4364 1983 4436 capillos

336 4432 632 4488 direxisse.
667 4432 731 4487 In
763 4432 977 4488 Ordine
1010 4432 1270 4489 Romano
1311 4439 1541 4489 exstant
1584 4435 1875 4491 orationes
1911 4439 1977 4492 ad

2109 2868 2225 2923 iam
2257 2866 2486 2939 Egypti
2522 2883 2554 2920 a
2583 2863 2927 2939 Nuroddino
2969 2863 3252 2939 auxilium
3281 2865 3486 2939 contra
3500 2862 3787 2939 franges

2109 2933 2460 3010 ﬂagitasse:
2514 2937 2751 2993 Mittebat
2807 2934 3027 2991 litteras
3073 2936 3128 2991 at
3170 2933 3319 2990 Aded
3371 2937 3445 2989 ad
3491 2934 3792 2991 Nuroddi-

2110 3029 2265 3062 num.
2314 3011 2510 3062 auibus
2556 3006 2839 3062 auxilium
2896 3007 2964 3062 ab
3004 3021 3065 3062 eo
3112 3005 3426 3062 ﬂagitabat.
3481 3022 3599 3061 una
3656 3023 3790 3062 cum

2110 3007 2265 3078 num,
2314 3011 2510 3083 quibus
2556 3007 2839 3064 auxilium
2896 3007 2964 3063 ab
3004 3021 3065 3062 eo
3110 3007 3426 3077 ﬂagitabat,
3481 3022 3599 3061 una
3656 3023 3790 3062 cum

2110 3084 2358 3138 crinibus
2404 3097 2643 3137 uxorum
2695 3096 2924 3135 suarum
2969 3077 3077 3150 (vel
3135 3077 3389 3150 gynaecei
3446 3077 3587 3148 sui),
3649 3095 3790 3150 quas

2037 3137 2079 3204 C
2111 3137 2309 3210 litteris
2333 3154 2661 3208 incluserat.
2700 3152 2786 3206 lta
2807 3137 3028 3221 integre
3053 3137 3344 3221 leg‘i’turin
3369 3137 3790 3207 codice'm‘sto.

2111 3231 2412 3281 Postrema
2444 3230 2501 3279 ct
2531 3223 2783 3278 maxime
2816 3220 3096 3277 notabilia
3120 3220 3401 3276 omittere
3438 3220 3793 3278 consultius

2108 3298 2276 3352 duxit
2306 3296 2378 3353 cl.
2410 3295 2627 3350 Editor.
2660 3295 2932 3363 Apparet,
2963 3291 3243 3348 Chaliiam
3265 3291 3520 3363 voluisse
3540 3291 3791 3363 ,Nurod-

2107 3369 2243 3424 dino
2276 3367 2555 3439 quoiquis
2584 3362 3159 3439 excogitarepotcrat
3191 3362 3446 3439 maximo
3480 3362 3793 3439 blandiri,

2107 3446 2163 3499 et
2210 3434 2606 3494 humillimam
2662 3434 2831 3491 suam
2892 3434 3351 3507 venerationem_
3380 3434 3497 3507 ipsi
3541 3434 3789 3492 testari.

2106 3517 2300 3567 Genus
2349 3508 2801 3579 supplicationis
2857 3516 2915 3579 et
2965 3505 3789 3565 humiliationis‘cxtremum

2105 3588 2214 3645 est,
2259 3582 2307 3636 si
2353 3578 2625 3651 princeps
2667 3597 2823 3635 unus
2854 3578 3019 3651 alteri
3050 3594 3249 3651 comas
3294 3594 3409 3651 non
3458 3593 3622 3643 suas,
3682 3581 3785 3635 sed

2103 3647 2369 3726 gynmcci
2390 3653 2481 3707 sui
2516 3647 2731 3726 mittat,
2764 3650 3110 3726 in_r_eg_ione,
3155 3649 3253 3704 ubi
3288 3647 3572 3726 mulieres
3606 3657 3789 3726 tanta

2103 3721 2242 3781 sunt
2273 3726 2330 3779 in
2372 3724 2761 3786 veneratione,
2794 3722 2895 3776 υἱοί
2942 3722 3311 3777 honestatem
3344 3721 3567 3776 violare
3615 3724 3790 3779 vide-

2102 3802 2217 3864 tur,
2279 3796 2373 3864 qui
2422 3811 2520 3851 eas
2578 3795 2666 3850 vel
2726 3793 3045 3864 nominare
3089 3791 3255 3864 audet
3313 3792 3473 3864 ςιώί
3540 3792 3787 3850 feminae

2104 3863 2332 3924 vultum
2412 3882 2584 3922 suum
2662 3865 2879 3920 nemini
2940 3863 3049 3919 nisi
3118 3863 3373 3919 multum
3442 3863 3787 3922 honestiori

2104 3944 2457 4005 monstrant,
2488 3939 2705 3993 nedum
2736 3952 2962 3992 comam
2994 3952 3164 3991 suam
3198 3935 3555 4006 impertiant.

2175 4012 2285 4081 (87)
2320 4008 2858 4081 Mappulaquoque
2879 4006 3238 4081 escipiebant
3274 4007 3486 4081 crines,
3511 4006 3613 4070 qui
3640 4008 3790 4065 bar-

2102 4077 2236 4137 bam
2269 4077 2538 4152 'pectenti
2586 4077 2931 4152 imperatori
2994 4077 3386 4152 excipiebant.
3433 4077 3647 4152 Narrat
3708 4082 3789 4137 de

2104 4147 2333 4208 tiliabu's
2365 4151 2599 4207 Roberti
2630 4147 2932 4207 Guiscardi
2969 4150 3284 4207 0rdericus
3323 4147 3534 4204 Vitatis
3579 4151 3621 4204 ι.
3675 4167 3790 4217 vn,

2099 4225 2343 4292 ofﬁcium
2397 4240 2592 4280 earum
2649 4224 2844 4292 fuisse,
2903 4238 3068 4277 mane
3133 4222 3267 4276 dum
3319 4222 3454 4291 imp.
3502 4219 3792 4279 CPranus

2099 4296 2361 4365 (Alexius
2393 4295 2745 4364 Comnenus)
2776 4291 2842 4347 de
2876 4302 3044 4348 strato
3063 4291 3419 4365 surrexisset,
3460 4308 3791 4363 manusque

2097 4364 2222 4421 suas
2241 4368 2505 4429 ablueret,
2529 4366 2853 4436 mappulam
2869 4371 2920 4420 et
2942 4366 3220 4435 pectinem
3241 4364 3547 4420 eburneum
3559 4365 3788 4436 aﬂerre

2098 4443 2152 4494 et
2210 4439 2441 4493 barbam
2491 4439 2845 4504 imperatoris
2894 4445 3120 4505 pectere.
3183 4436 3262 4490 Eo
3324 4440 3544 4499 autem,
3604 4439 3783 4507 quod

340 4504 1151 4589 incidendamcapillaturam
1182 4512 1244 4589 et
1269 4508 1338 4561 ad
1387 4522 1629 4589 puerum
1651 4512 1989 4589 .tonsuran-
2021 4506 2066 4570 D
2097 4515 2438 4589 co_mpat_res_
2464 4515 2758 4589 quotquot
2785 4512 2997 4589 essent
3023 4523 3245 4589 omnes
3293 4521 3594 4589 mappam,
3626 4504 3786 4589 ’ψει

336 4576 497 4629 dum.
541 4574 737 4628 Exstat
777 4593 1007 4645 quoque
1050 4576 1177 4630 talis
1221 4574 1465 4631 formula
1514 4578 1665 4641 apud
1711 4578 1987 4636 Murator.

337 4651 381 4700 t.
417 4645 466 4699 Il
503 4649 632 4698 Ant.
681 4648 805 4699 Ital.
854 4663 904 4716 p.
940 4648 1065 4701 299.
1113 4650 1273 4702 Conf.
1316 4647 1377 4703 P.
1421 4648 1625 4705 Pithmi
1667 4649 1907 4706 Miscell.
1949 4650 1987 4705 l.

335 4718 376 4781 l,
411 4732 460 4771 c.
489 4717 555 4792 _1,
598 4716 744 4792 t.__l_l,
787 4717 949 4792 Facis
992 4718 1219 4792 Gruter.
1264 4736 1319 4790 p.
1359 4720 1485 4775 739.
1527 4722 1683 4792 Ergo
1716 4722 1814 4792 qui
1855 4721 1989 4778 talis

338 4786 503 4867 pueri
537 4786 777 4867 capillos
808 4786 1417 4867 abscindebantfaut,
1446 4796 1509 4845 ut
1540 4786 1636 4847 hic
1672 4786 1807 4867 loci,
1849 4811 1989 4865 sup-

339 4858 524 4930 posito
556 4858 790 4912 sudario
837 4858 1107 4915 detonsos
1148 4880 1179 4915 ει
1218 4862 1519 4918 sacerdote
1558 4868 1615 4918 ct
1655 4858 1989 4920 decidentes

335 4929 530 5004 crines
560 4929 942 4999 excipiebant,
973 4930 1056 4985 illi
1093 4948 1335 5002 puerum
1360 4934 1743 5004 spiritualiter
1764 4942 1992 4999 adopta-

337 5002 481 5079 bant
510 5006 567 5057 et
598 5005 952 5079 compattres
984 5004 1109 5079 ejus
1151 5002 1407 5079 fiebant.‘
1428 5005 1565 5060 Erat
1597 5022 1721 5079 mos
1751 5008 1992 5079 capillos

336 5072 427 5128 vel
460 5089 601 5129 suos
635 5072 719 5127 vel
752 5071 991 5127 alterius
1033 5074 1102 5127 ad
1137 5074 1390 5144 aliquem
1432 5090 1566 5131 cum
1612 5071 1989 5134 litteris'mit-

337 5144 722 5219 tendiimedio
747 5159 864 5198 asvo
893 5144 1059 5219 valde
1090 5146 1365 5219 usitatus,
1396 5154 1450 5199 et
1478 5146 1623 5219 nihil
1656 5148 1813 5204 aliud
1849 5166 1990 5219 pene

340 5217 726 5286 signiﬁcabat,
759 5231 931 5288 quam
965 5216 1011 5269 si
1038 5232 1149 5288 nos
1180 5216 1350 5270 hodie
1381 5217 1689 5274 scribimus
1729 5237 1742 5274 :
1775 5216 1992 5276 Je'vaus

339 5290 488 5341 baise
517 5290 593 5343 les
621 5287 822 5354 maius,
864 5288 925 5343 Je
951 5287 1071 5341 suis
1108 5296 1258 5341 votre
1295 5287 1568 5342 servitcur
1606 5294 1714 5345 tres
1752 5291 1989 5349 humble.

339 5358 484 5415 Nam
528 5360 718 5413 crines
749 5365 917 5414 erant
954 5359 1185 5427 signum
1230 5361 1548 5416 servitutis.
1604 5360 1711 5426 Qui
1750 5362 1991 5419 alterius

338 5431 532 5487 crines
562 5430 821 5493 haberet,
867 5434 1093 5501 poterat
1136 5429 1320 5495 illum,
1362 5431 1533 5501 cujus
1574 5433 1764 5487 crines
1803 5438 1988 5502 erant,

339 5518 567 5559 servum
602 5507 704 5556 aut
735 5511 885 5557 certe
919 5503 1188 5558 libertum
1222 5518 1395 5557 suum
1422 5502 1733 5570 appellare.
1768 5504 1827 5559 Et
1872 5503 1987 5570 ille,

338 5575 438 5644 qui
480 5573 672 5627 crines
723 5574 979 5629 mitteret
1021 5573 1209 5641 alteri,
1263 5573 1641 5645 profitebatur
1690 5591 1752 5630 se
1804 5576 1990 5645 ipsius

339 5645 721 5716 mancipium.
751 5645 987 5717 Insigne
1010 5645 1336 5717 exemplum
1360 5646 1646 5700 habemus
1667 5645 1726 5702 in
1751 5646 1993 5704 historia

334 5715 661 5789 Saladinia
690 5717 765 5773 cl.
790 5715 1382 5789 rSﬁchultensio'edita,
1416 5733 1473 5789 p.
1503 5717 1540 5771 5
1578 5717 1989 5788 Excerptorum

337 5804 405 5843 ex
435 5787 749 5845 Abult‘cda.
780 5788 987 5846 Narrat
1026 5788 1104 5844 ibi
1146 5787 1430 5860 princeps
1454 5787 1767 5858 Arabians,
1798 5790 1991 5847 Chali-

2097 4578 2286 4636 crines
2317 4578 2653 4637 decidentes
2677 4578 3134 4651 excipiebantur,
3178 4578 3476 4647 tenebant,
3529 4578 3783 4641 signiti-

2096 4655 2329 4717 cabant,
2346 4669 2407 4707 se
2424 4658 2657 4708 tonsum
2682 4650 2958 4706 infantem
2986 4650 3045 4704 in
3060 4654 3274 4705 emtum
3291 4665 3460 4704 suum
3478 4652 3782 4720 recipere,

2094 4724 2154 4780 id
2188 4729 2295 4790 est,
2328 4725 2397 4778 ad
2430 4725 2894 4781 communionem
2928 4721 3388 4777 Christianorum
3422 4720 3777 4792 admittere,

2097 4812 2233 4852 eum
2257 4813 2357 4868 pro
2381 4812 2497 4851 uno
2516 4794 2978 4868 commilitonum
2996 4800 3309 4868 suorumet
3330 4791 3776 4868 confidentiam

2097 4861 2431 4951 agnoscere,
2464 4866 2962 4951 quemadmodum
2995 4864 3275 4951 episcopi,
3316 4861 3559 4951 alteriu_s
3577 4863 3775 4951 Σιθοῆ

2095 4934 2347 5008 episcopi
2379 4934 2731 4994 ordiuationi
2767 4934 3113 5008 praesentes,
3134 4934 3343 5008 omnes
3369 4934 3546 5008 simul
3576 4935 3779 5008 Evan-

2096 5006 2232 5082 gelii
2277 5006 2536 5065 codicem
2587 5010 2795 5065 cervici
2844 5013 2900 5082 et
2943 5007 3120 5079 capiti
3151 5006 3349 5082 __electi
3407 5006 3775 5082 impositum

2096 5076 2610 5153 apprehendebant
2640 5096 2823 5152 eoque
2854 5076 3043 5149 ipsum
3075 5077 3361 5152 collegam
3394 5076 3775 5151 proﬁteban-

2097 5157 2194 5208 tur
2228 5177 2241 5208 :
2275 5152 2391 5208 vid.
2427 5152 2660 5208 Haberti
2692 5151 2978 5207 Pontitlic.
3013 5166 3070 5208 υ.
3099 5151 3189 5205 80.

2127 5170 2194 5207 IJI‘
2228 5177 2242 5216 ξ
2275 5167 2391 5208 νια.
2428 5167 2660 5208 Πειθοῖ-ιι
2693 5167 2978 5207 l’ODliillC.
3013 5167 3070 5216 p.
3099 5167 3189 5205 δυ.

2168 5170 2194 5206 r
2228 5177 2242 5216 ς
2275 5166 2391 5208 vm.
2428 5166 2660 5208 uenerit
2693 5166 2978 5207 Ponumc.
3013 5166 3070 5222 p.
3099 5166 3189 5205 δυ.

2168 5224 2286 5296 (88)
2316 5223 2473 5279 Talis
2505 5224 2607 5280 fuit
2638 5222 2735 5296 ille
2766 5239 2910 5289 mos,
2940 5221 3135 5296 qualis
3166 5220 3266 5296 ille
3291 5218 3473 5296 hodie;
3489 5222 3603 5289 est,
3636 5236 3778 5296 cum

2097 5291 2345 5365 pannos,
2377 5312 2557 5367 super
2580 5295 2797 5367 quibus
2830 5291 3111 5367 processit
3141 5291 3369 5367 aliquis_
3392 5293 3673 5367 princeps
3707 5293 3774 5350 in

2096 5362 2489 5433 coronatione,
2541 5362 3047 5435 discerpitiplebs,
3100 5374 3200 5420 aut
3237 5362 3409 5435 Quale
3461 5362 3604 5417 illud
3645 5370 3774 5433 est,

2097 5438 2251 5507 quod
2285 5438 2355 5492 de
2393 5438 2703 5501 Christina,
2745 5434 2945 5505 regina
2985 5436 3227 5504 Suecie,
3258 5434 3580 5507 abdicante
3619 5450 3776 5491 nar-

2097 5505 2264 5564 ratur
2302 5510 2449 5565 dans
2486 5509 2568 5566 les
2606 5511 2885 5566 Mémoires
2924 5508 2989 5565 de
3029 5509 3158 5565 Msr.
3225 5505 3588 5563 Archenholtz
3625 5509 3673 5561 t.
3721 5510 3772 5575 I,

2098 5596 2155 5651 p.
2178 5582 2294 5654 71:11
2331 5597 2345 5636 :
2384 5583 2478 5637 Les
2522 5587 2851 5650 spectateurs
2888 5582 2987 5654 qui
3015 5581 3224 5637 etaiam
3261 5577 3313 5633 le
3350 5578 3484 5654 plus
3519 5579 3674 5644 pres,
3710 5594 3774 5637 se

2097 5649 2361 5709 saisirent
2397 5654 2464 5710 de
2500 5649 2600 5709 san
2636 5649 3117 5725 munteau'royat,
3146 5659 3198 5706 et
3224 5665 3332 5705 eux
3376 5657 3427 5725 et
3464 5649 3539 5703 les
3569 5657 3777 5725 autres

2096 5727 2385 5781 assistants
2424 5726 2474 5781 le
2509 5727 2716 5781 mirent
2744 5740 2812 5781 en.
2854 5719 3231 5795 mille'pieces,
3260 5719 3499 5795 cantant
3536 5720 3770 5795 chacun

2097 5811 2165 5851 en
2194 5797 2393 5869 garder
2412 5813 2521 5855 une
2543 5813 2612 5854 en
2636 5796 2899 5854 mémoire
2929 5795 3001 5853 de
3033 5792 3160 5851 tear
3187 5792 3359 5849 reine.
3396 5793 3514 5849 lluc
3553 5792 3759 5865 perti-
