4008 6210
248 346 408 409 115⁵1

1096 344 1198 406 DE
1242 346 1690 410 CERIMONIIS
1735 346 1970 410 AULE
2010 347 2487 411 ΒΥΖΑΝΤΙΝιΕ
2528 350 2683 412 LIB.
2730 350 2807 413 Il.

3496 359 3651 422 1158

242 500 372 559 χων
408 477 737 556 μερίζονται.
769 478 894 537 Ἐπὶ
935 476 993 534 δὶ
1026 478 1307 555 βασιλείου
1331 485 1428 537 τοῦ
1446 478 1705 554 ἀοιδίμου
1740 482 1885 558 βασι-

2008 480 2169 541 hunc
2199 483 2259 539 in
2291 483 2531 543 modum
2563 500 2577 543 :
2613 483 3061 559 Reliquo,quem
3080 489 3648 567 diximus,apparatu

244 570 390 633 λὲως
432 570 623 646 γέγονε
667 569 732 624 τὸ
786 567 1068 644 κούρευμα
1114 571 1346 633 Λέοντος
1386 574 1483 626 τοῦ
1534 570 1899 649 φιλοχρίστου

249 658 523 717 δεσπότου
557 658 809 735 καὶιυῖοῦ
865 658 1032 713 αὐτοῦ
1059 658 1273 733 ξοῦτως’
1332 662 1440 729 Τῆς
1496 661 1897 736 προρῥηΘείσης

247 749 456 821 τάξεως
485 747 664 819 πάσης
712 746 1078 818 τελεσθείσης,
1112 749 1328 825 γέγονεν
1384 751 1419 818 ἡ
1469 746 1897 820 ἐκκλησιαστικὴ

251 844 401 894 πᾶσα
455 836 904 893 ἁκολουθία’τοῦ
958 836 1329 912 κουρεύματος
1385 835 1437 892 ἐν
1494 842 1574 910 τῷ
1630 838 1900 913 εῦκτηρίῳ

249 933 353 984 τοῦ
383 927 540 1003 ἁγίου
574 924 1066 1004 μεγαλομάρτυρος
1105 923 1389 1003 Θεοδώρου
1413 931 1511 983 τοῦ
1541 925 1593 982 ἐν
1623 931 1704 1000 τῷ
1759 929 1898 1000 πρὸς

246 1015 525 1085 ἀνατολήν
554 1016 819 1090 ἀριστερῷ
854 1011 1005 1090 μέρει
1044 1019 1140 1070 τοῦ
1196 1014 1680 1092 χρυσοτρικλίνου.
1740 1017 1895 1073 Ἀνα-

251 1104 420 1182 δοχοι
453 1104 511 1161 δὲ
538 1110 649 1159 τῶν
679 1109 888 1179 τριχῶν
915 1108 1017 1159 τοῦ
1051 1104 1338 1180 βασιλικοῦ
1368 1103 1561 1168 παιδὸς
1612 1107 1894 1182 γεγόνασιν

249 1194 283 1250 δ
321 1216 381 1251 τε
424 1192 711 1268 πατρίκιος
752 1190 902 1248 Λέων
954 1193 1044 1248 καὶ
1092 1195 1396 1269 στρατηγὸς
1452 1198 1561 1250 τῶν
1609 1193 1895 1251 Ἀνατολι-

247 1289 361 1341 κῶν
394 1285 423 1340 ὁ
455 1284 735 1361 κρατερὸς,
784 1284 875 1338 καὶ
926 1285 954 1339 ὁ
1011 1286 1308 1360 στρατγγὸς
1354 1282 1765 1355 Καππαδοκίας,
1805 1286 1894 1341 καὶ

240 1379 297 1434 οἱ
360 1378 712 1452 τουρμάρχαι
771 1377 860 1431 καὶ
922 1377 1338 1453 μεράρχαι,καὶ
1397 1379 1448 1432 οἱ
1480 1376 1670 1433 λοιποὶ
1700 1378 1896 1442 πάντες

236 1465 529 1541 θεματικοὶ
586 1464 846 1541 ἄρχοντες
901 1469 1009 1521 τῶν
1078 1467 1254 1521 αὐτῶν
1297 1468 1545 1541 θεμάτων
1605 1468 1740 1541 μετὰ
1804 1470 1894 1523 καὶ

234 1562 353 1613 τῶν
403 1556 991 1631 δρουγγαροκομήτων·
1052 1556 1193 1612 Ἀπὸ
1247 1558 1350 1632 γὶρ
1427 1562 1532 1612 τῶν
1595 1554 1895 1631 κιγκλίδων

236 1650 340 1701 τοῦ
373 1647 626 1721 βήματος
663 1648 761 1699 τοῦ
789 1643 952 1699 αὐτοῦ
987 1645 1280 1720 εὖκτηρίου
1323 1645 1488 1722 μέχρι
1531 1651 1626 1703 τοῦ
1683 1647 1896 1722 πόρτη-

241 1755 340 1797 κος
367 1738 464 1789 τοῦ
495 1732 976 1812 χρυσοτρικλίνου,
1009 1732 1061 1787 ἐν
1103 1736 1149 1806 ᾧ
1183 1733 1274 1788 καὶ
1303 1752 1366 1789 το
1408 1735 1715 1811 ὡρολόγιον
1742 1734 1895 1792 ’ίστα-

240 1845 357 1893 ται,
390 1824 702 1898 συνεκράτει
731 1826 767 1893 ὴ
804 1828 913 1879 τῶν
953 1821 1242 1899 ἐλχειρίων
1270 1821 1413 1880 ἄλλο
1445 1827 1582 1902 πρὸς
1612 1826 1675 1882 τὸ
1725 1824 1891 1882 ἄλλο·
1926 1860 1974 1927 Β

242 1913 492 1991 συρῥαφή
538 1912 629 1968 καὶ
693 1914 1046 1988 συνάρμοσις,
1106 1910 1247 1969 ὥστε
1303 1914 1507 1978 πάντας
1553 1915 1679 1977 τοὺς
1724 1918 1895 1989 θεμα-

244 2002 437 2067 τικούς
488 2001 759 2078 ἄρχοντας
819 2001 1211 2066 Ἀνατολικοὺς
1259 2002 1348 2059 καὶ
1381 2002 1741 2067 Καππάδοκας
1769 2006 1894 2059 ἀνα-

244 2088 455 2171 δόχους
482 2089 723 2167 γενέσθαι
761 2095 869 2146 τῶν
903 2097 1114 2167 τριχῶν
1143 2097 1243 2148 τοῦ
1267 2092 1563 2169 βασιλικοῦ
1602 2092 1820 2158 παιδός.

853 2185 1120 2240 ΚΕΦΑΑ.
1157 2186 1277 2241 ΚΔ“.

570 2271 694 2330 Ἐπὶ
724 2276 1026 2348 προαγωγῇ
1048 2268 1562 2350 κουϐικουλαραίας.

306 2368 421 2434 Τῆς
483 2369 858 2439 καθημερινῆς
941 2361 1315 2438 προελεύσεως
1399 2365 1720 2439 ἱσταμένης,
1798 2367 1891 2421 καὶ

247 2457 354 2508 τοῦ
389 2449 662 2527 βασιλέως
689 2450 1053 2526 καθεζομένου
1097 2452 1150 2507 ἒν
1194 2459 1273 2526 τῷ
1328 2453 1772 2530 χρυσοτρικλίνῳ
1802 2455 1891 2511 καί

238 2541 562 2605 κελεύοντος
628 2542 877 2617 γενέσθαι
966 2536 1482 2618 κουὸικουλαραίαν,
1559 2541 1726 2620 δηγοῖ
1776 2551 1891 2609 τοῖς

234 2631 648 2707 πραιποσίτοις,
687 2631 780 2686 καὶ
833 2629 985 2687 αὐτοὶ
1035 2632 1172 2686 κατά
1216 2632 1279 2687 τὸ
1326 2630 1519 2697 εἰωθὸς
1569 2629 1889 2707 ἀναλαμϐά-

235 2743 414 2778 νονται
470 2722 583 2795 μεθ’
645 2720 848 2776 ἑαυτῶν
902 2717 998 2775 δύο
1050 2717 1541 2799 κουϐικουλαρίους
1614 2725 1701 2778 καὶ
1792 2722 1888 2780 δύο

241 2805 980 2886 σπαθαροκουϐικουλαρίους
1032 2809 1123 2864 καὶ
1179 2810 1454 2887 ὀστιάριον
1521 2812 1611 2866 καὶ
1687 2833 1890 2887 πριμι-

236 2902 453 2976 κήριον.
516 2900 615 2960 Εἷς
657 2896 717 2953 δὲ
774 2898 834 2953 ὲκ
882 2897 1089 2954 τούτων
1141 2898 1346 2977 ὀφείλει
1399 2900 1531 2954 εἶναι
1608 2902 1637 2955 ὁ
1694 2921 1887 2976 πριμι-

234 2992 431 3065 κήριος
483 2994 583 3045 106
639 2983 1056 3044 κουϐουκλείου.
1105 2989 1207 3044 Καὶ
1282 2988 1621 3064 εἰσέρχονται
1689 2989 1740 3044 ἐν
1806 2995 1887 3063 τῷ

252 3078 681 3159 χρυσοτριλίνῳ.
723 3078 824 3136 Καὶ
867 3078 920 3133 οἱ
971 3078 1065 3151 μὲν
1098 3068 1466 3152 ’πραιπόσιτοι
1510 3078 1886 3155 εἲσερχόμενοι

236 3171 300 3225 τὸ
352 3170 490 3245 πρὸς
548 3166 696 3222 δύσιν
758 3164 930 3242 βῆλον
975 3171 1072 3222 τοῦ
1129 3167 1588 3247 χρυσοτρικλίνου
1653 3188 1883 3243 προσκυ-

2009 572 2471 630 cerimoniarum
2493 576 3000 647 prmmissoﬁebat
3020 579 3275 636 ofﬁcium
3293 591 3547 641 tonsurre
3567 601 3650 644 ec-

2008 659 2425 729 clesiasticum,
2478 669 2649 735 prout
2695 666 2841 720 ritus
2891 668 3021 735 fert,
3070 667 3128 723 in
3161 672 3413 728 oratorio
3461 677 3649 732 sancti

2009 752 2206 822 magni
2235 753 2509 825 martyris
2539 753 3009 827 Theodori,quod
3043 763 3132 812 est
3163 759 3221 813 in
3254 761 3494 816 sinistra
3524 779 3647 819 ver-

2008 854 2108 895 sus
2139 841 2419 898 orientem
2451 844 2738 914 spectanti
2775 845 3008 916 regione
3037 845 3508 919 chrysotriclinii.
3535 853 3647 907 Ex-

2007 934 2265 998 ceptores
2282 931 2533 986 crinium
2550 932 2628 986 im
2638 933 2872 1003 perialis
2893 936 3049 1002 pueri
3070 943 3230 992 erant
3250 938 3359 994 Leo
3382 939 3647 1014 [Phocas]

2006 1019 2282 1090 patricius
2310 1023 2368 1075 et
2396 1026 2518 1075 tum
2554 1028 2847 1095 strategus
2878 1025 3518 1095 Anatolicorum,f0rtis
3550 1032 3648 1086 he-

2004 1124 2099 1165 ros
2123 1126 2138 1176 ;
2170 1114 2230 1165 et
2259 1114 2573 1182 strategus,
2598 1112 2694 1183 qui
2727 1118 2853 1168 tum
2884 1115 3495 1188 erat,Cappadociae,et
3522 1125 3650 1176 tur-

2004 1200 2256 1255 marcbas
2277 1205 2336 1256 et
2354 1202 2664 1258 merarcbaa
2689 1207 2746 1258 et
2767 1202 2979 1276 reliqui
3004 1221 3210 1261 omnes
3231 1213 3483 1266 rectores
3515 1227 3646 1282 pro-

2003 1290 2284 1348 vinciales
2313 1293 2654 1349 eorumdem
2686 1293 3012 1351 tbematum
3045 1313 3145 1353 seu
3193 1301 3647 1369 provinciarum,

2001 1380 2279 1437 Anatolire
2311 1397 2519 1454 nempe
2550 1389 2727 1454 atque
2748 1384 3273 1456 Cappadocim,una
3302 1403 3438 1444 cum
3471 1390 3647 1448 druu-

2002 1470 2150 1543 garii
2180 1470 2517 1528 comitibus.
2549 1472 2619 1527 Hi
2651 1489 2858 1529 omnes
2907 1474 3120 1530 ﬁebant
3165 1482 3504 1548 exceptores
3534 1484 3647 1538 cri-

2002 1560 2165 1615 nium
2197 1560 2518 1632 imperialis
2563 1563 2751 1634 pueri,
2783 1567 3007 1620 stantes
3055 1581 3265 1637 nempe
3293 1583 3328 1622 a
3375 1569 3647 1627 cancellis

2001 1649 2253 1705 tribunes
2285 1650 2455 1705 modo
2478 1650 2618 1707 dicti
2640 1651 2858 1707 oraculi
2883 1655 3018 1708 inde
3041 1670 3228 1726 usque
3255 1656 3326 1710 ad
3357 1660 3645 1727 porticum

2002 1738 2452 1811 cbrysotrielini,
2484 1740 2543 1794 in
2574 1757 2691 1812 qua
2723 1740 3089 1813 horologium
3127 1748 3260 1811 stat,
3292 1750 3350 1799 et
3383 1752 3644 1805 tenentes

2002 1827 2179 1884 telam
2201 1827 2361 1883 illam
2390 1830 2621 1901 longam
2645 1847 2675 1887 e
2701 1830 2905 1887 multis
2928 1831 3080 1888 inter
3100 1849 3162 1889 se
3184 1838 3444 1892 consutis
3474 1838 3644 1894 suda-

2004 1918 2107 1973 riis
2137 1918 2481 1975 confectam.

2590 2179 2828 2237 CAPUT
2865 2180 3059 2238 XXIV.

2342 2268 2497 2323 Ritus
2523 2271 2887 2341 promotionis
2915 2270 3308 2329 cubicularis}.

2072 2358 2575 2429 Consistentejam
2608 2361 2775 2415 modo
2795 2365 2852 2417 et
2870 2377 3004 2417 orsa
3033 2362 3380 2433 quotidiana
3408 2380 3646 2435 proces-

2001 2445 2161 2503 sione
2190 2464 2285 2503 seu
2319 2453 2608 2504 conventu
2633 2452 3208 2523 procerum,quando
3239 2452 3562 2525 imperator
3582 2456 3643 2513 in

2000 2536 2445 2609 cbrysotriclino
2493 2538 2656 2594 sedet
2691 2544 2751 2595 et
2778 2538 2905 2595 vult
2952 2541 3374 2599 cubicularium
3421 2560 3641 2613 creare,

1999 2625 2371 2697 signiﬁcatid
2404 2627 2831 2699 prmpositisﬂi
2854 2645 2955 2701 pro
2979 2646 3141 2687 more
3170 2648 3368 2688 secum
3399 2639 3643 2691 sumunt

1998 2716 2114 2772 duo
2145 2715 2534 2772 cubicularios
2563 2718 2749 2773 etduo
2779 2718 3456 2790 spatharocubicularios
3487 2724 3641 2780 800

1996 2811 2055 2861 et
2083 2805 2387 2861 ostiarium
2436 2813 2493 2860 et
2522 2805 2917 2877 primicerium
2947 2808 3183 2880 (borum
3238 2828 3393 2868 unus
3441 2818 3639 2870 autem

1997 2894 2167 2949 debet
2200 2894 2566 2963 primicerius
2592 2894 2842 2951 cubiculi
2866 2898 3101 2969 esse),et
3123 2900 3347 2957 intrant
3374 2901 3434 2957 in
3465 2903 3637 2975 chry-

1995 2983 2409 3039 sotriclinium.
2462 2989 2527 3039 Et
2566 2986 2862 3057 praepositi
2906 2988 3144 3059 quidem
3197 2990 3488 3047 intrantes
3538 3008 3640 3064 per

1994 3075 2350 3132 occidentale
2370 3076 2800 3148 cbryeotriclini
2831 3078 3020 3135 velum
3045 3081 3291 3137 adorant
3322 3085 3638 3156 imperato-

1990 3180 2136 3220 rem.
2167 3164 2612 3219 Secundicerius
2636 3174 2827 3221 autem
2858 3167 3044 3237 aperit
3087 3170 3408 3227 oratorium
3442 3172 3632 3229 sancti

242 3262 397 3314 νοῦσι
444 3258 537 3313 τὸν
579 3256 827 3333 βασιλέα.
887 3259 993 3313 Τοῦ
1050 3255 1106 3312 δὲ
1159 3256 1409 3333 δευτέρου
1465 3258 1787 3335 ἀνοίγοντος
1816 3258 1879 3314 τὸ

1998 3252 2190 3323 magni
2237 3251 2503 3324 martyris
2531 3253 2838 3318 Theodori,
2870 3256 3026 3326 quod
3075 3257 3133 3312 in
3182 3259 3629 3331 cbrysotricliuo

242 3347 529 3422 εὐκτήριον
578 3349 676 3401 τοῦ
723 3346 880 3419 ἁγίου
929 3344 1419 3423 μεγαλομάρτυρος
1478 3344 1762 3422 θεοδώρου
1817 3348 1880 3402 τὸ

241 3435 295 3492 ἐν
326 3441 405 3509 τῷ
428 3433 893 3512 χρυσοτρικλίνῳ,
922 3436 1262 3511 εἰσέρχονται
1320 3438 1511 3499 πάντες
1553 3436 1744 3505 ἐκεῖσε,
1790 3435 1880 3491 καὶ

226 3525 646 3601 ἀποκρεμμῶσι
676 3526 741 3581 τὸ
770 3530 1008 3601 χρυσοῦν
1048 3527 1270 3599 ἱμάτιον
1298 3528 1361 3582 τὸ
1411 3524 1565 3598 δίκην
1598 3546 1884 3602 παραγαυ-

230 3612 349 3670 δίου
376 3615 437 3670 ὃν
474 3614 550 3676 είς
586 3615 681 3676 τὰς
732 3613 1017 3692 κιγκλίδας
1062 3620 1158 3670 τοῦ
1210 3618 1479 3691 βήματος,
1528 3617 1651 3685 ἤτοι
1703 3616 1776 3677 είς
1815 3616 1882 3671 τὰ

231 3705 358 3780 ἅγια
417 3701 595 3778 θύρια.
653 3703 896 3775 Ὁμοίως
941 3706 1181 3759 τιθοῦσιν
1244 3703 1414 3759 ἐκεῖσε
1460 3705 1639 3759 καὶτὸ
1669 3705 1881 3767 προπό-

231 3790 397 3864 λωμα
460 3791 551 3846 καί
610 3790 674 3845 τὸ
735 3789 941 3865 ἄσπρον
994 3791 1279 3869 μαφώριον
1311 3791 1399 3845 καὶ
1434 3792 1496 3846 τὸ
1528 3789 1720 3846 λευκὸν
1752 3811 1885 3866 χαρο

232 3876 413 3947 ξείνιον
447 3878 582 3952 (89),
629 3878 716 3933 καὶ
777 3879 873 3933 εἴθ’
923 3876 1095 3943 οὕτως
1144 3877 1452 3954 ἐξέρχονται
1502 3878 1553 3933 οἱ
1594 3878 1886 3953 πραιπὸσι-

1255 4031 1452 4089 JOAN.
1494 4031 1634 4088 JAC.
1678 4029 1965 4087 REISKII.

233 4169 352 4248 net,
382 4166 539 4248 quod
569 4165 957 4248 Cerimoniale
987 4167 1691 4248 Burcbardi_perbibet,in
1722 4181 1882 4248 coro-

238 4239 472 4319 natique
502 4238 811 4319 Pontificis
827 4256 1069 4319 equum,
1100 4257 1132 4319 ρ
1163 4238 1464 4319 quo_Papa
1494 4238 1877 4319 descenderit,

236 4310 407 4383 primi
426 4310 1357 4383 occupantisfuisse,undemulta
1384 4311 1582 4383 praelia
1609 4327 1720 4365 non
1754 4310 1880 4383 sine

232 4382 576 4454 Pontiﬁcum
611 4383 868 4454 periculo
900 4400 1048 4453 saape
1078 4391 1204 4440 orta
1235 4382 1472 4448 fuerint,
1506 4384 1643 4438 item
1675 4382 1877 4436 balda-

233 4452 502 4526 cbinum,
533 4452 641 4509 sub
672 4471 789 4526 quo
822 4462 1089 4526 portatus
1121 4455 1276 4525 Papa
1308 4456 1875 4526 luerit,discerptum

234 4525 522 4597 aqt‘urente
554 4525 768 4597 populo
800 4525 1001 4582 luisse.
1032 4526 1247 4582 Soldati
1273 4542 1504 4597 quoque,
1539 4527 1639 4581 ait.
1696 4525 1877 4580 sedem

235 4594 287 4649 vi
317 4592 709 4666 rumpentes'et
741 4598 1045 4653 lacerantes
1073 4599 1183 4654 sibi
1209 4592 1610 4659 vindicabant;
1639 4597 1876 4652 vidJos.
1911 4595 1959 4661 D
1990 4592 2254 4648 videatur
2296 4592 2668 4666 cbarzaniuin
2719 4595 2919 4659 tuisse,
2953 4603 3091 4664 puto
3139 4596 3193 4649 id
3230 4592 3430 4663 fuisse,

237 4665 547 4740 Qatalanus
578 4668 648 4740 ad
700 4667 1006 4724 Ceremon.
1042 4670 1348 4738 Augustini
1381 4668 1610 4724 Patricii
1663 4685 1698 4740 p
1754 4668 1875 4723 131.

243 4735 493 4821 Codinus
531 4739 696 4794 Ollio.
733 4741 871 4808 lO,n.
913 4741 963 4821 ί,
997 4743 1100 4806 ait,
1134 4735 1301 4821 erslo
1332 4735 1884 4821 Palmarumiimpeo

247 4815 495 4882 ratorem
523 4825 657 4864 cum
685 4813 1054 4881 processione
1076 4828 1175 4882 per
1199 4815 1412 4865 tactum
1441 4828 1616 4867 manu
1636 4813 1887 4882 etramis

239 4878 566 4954 palmarum
601 4878 853 4954 aliisque
873 4878 1144 4937 ornatum
1172 4883 1549 4954 περίπατονιη
1582 4881 1882 4954 ecclesiam

242 4951 460 5025 i_re,quo
494 4952 639 5006 facto
673 4951 841 5009 illum
877 4956 1157 5025 Barangis
1180 4951 1885 5025 caéterisquesatellitibus

244 5021 637 5104 diripiendum
670 5021 1344 5104 permitti._Die'quodam
1380 5021 1575 5104 annuo
1604 5024 1885 5104 diripiunt

245 5092 521 5165 Janitzari
554 5092 839 5151 ferculum
869 5092 1527 5165 Sullano'int‘erendum,
1560 5092 1883 5151 teste'Bus-

244 5164 410 5240 belrio
432 5165 612 5240 p.200
634 5183 647 5221 :
668 5169 930 5240 Peractis
955 5170 1208 5240 precibus
1230 5168 1558 5240 imperatori
1586 5168 1881 5240 prandium

244 5234 777 5310 inferebantguibas
805 5234 1094 5310 ferre'mos
1126 5246 1224 5308 est,
1257 5234 1561 5307 cum,ecce,
1587 5234 1883 5295 ’Ganitzari

242 5324 433 5382 manus
466 5308 702 5378 ferculis
736 5308 1020 5381 injiciunt,
1044 5314 1229 5367 omnia
1256 5312 1555 5377 diripiunt,
1584 5315 1746 5382 atque
1774 5309 1883 5382 ipsi

237 5380 405 5434 multa
433 5395 558 5452 cum
586 5380 895 5452 festivitate
922 5386 1410 5439 vescunturﬂatur
1438 5383 1582 5439 illud
1610 5380 1683 5438 re
1710 5381 1883 5438 veteri

236 5453 482 5527 instituto
527 5451 640 5510 diei
673 5456 828 5511 illius
855 5455 1154 5511 hilaritati.
1190 5455 1443 5527 Principi
1472 5455 1703 5511 aliunde
1748 5468 1879 5526 pro-

233 5538 424 5579 vuum.

298 5594 410 5665 (89)
468 5594 678 5653 Vocem
740 5598 895 5655 hanc
953 5598 1169 5670 reddit,
1222 5600 1307 5654 Du
1374 5602 1567 5670 Cange
1621 5596 1713 5652 Gl.
1776 5596 1875 5652 Gr.

238 5665 434 5743 ίφζιυη.
483 5683 611 5743 Ilua
671 5670 1023 5743 significatio
1072 5668 1217 5725 mibi
1263 5670 1377 5726 huc
1422 5665 1710 5743 quadrare
1760 5683 1874 5722 non

234 5736 470 5793 videtur.
496 5736 851 5799 Rccensétur
881 5742 974 5799 hic
1007 5743 1159 5798 inter
1189 5749 1377 5799 vestes
1409 5736 1728 5799 muliebres
1760 5754 1880 5795 una

1990 3348 2116 3410 est;
2149 3347 2207 3397 et
2234 3341 3630 3416 intrantinilludomnes,etsuspenduntaureum

1990 3431 2592 3503 vestimentum,quod
2616 3432 2687 3486 ad
2707 3435 2941 3489 modum
2964 3438 3306 3506 paragaudii
3323 3438 3634 3495 formatum

1991 3526 2137 3588 est,e
2166 3520 2442 3576 cancellis
2472 3521 2715 3576 tribunaa
2737 3530 2836 3576 aut
2867 3522 2925 3576 in
2959 3530 3163 3580 sancta
3184 3533 3389 3597 porta;
3425 3531 3638 3599 pariter

1994 3613 2293 3684 deponunt
2321 3610 2536 3667 ibidem
2589 3613 2928 3684 propoloma
2956 3614 3083 3684 [seu
3133 3618 3398 3673 turritam
3431 3620 3637 3691 capitis

1993 3702 2292 3773 coronam]
2323 3706 2379 3756 et
2395 3700 2712 3757 candidum
2735 3704 3044 3759 maforium
3073 3706 3209 3774 [seu
3233 3707 3639 3780 calyptram]et

1993 3791 2306 3846 candidum
2340 3790 2736 3848 cbarzanium.
2762 3797 2836 3847 Eo
2870 3793 3043 3861 facto,
3076 3808 3288 3851 exeunt
3320 3799 3633 3869 praepositi,

1993 3883 2051 3934 et.
2077 3877 2294 3931 abeunt
2325 3893 2425 3947 per
2455 3879 2723 3933 dextrum
2751 3881 3031 3936 orientale
3078 3883 3270 3938 velum
3323 3884 3637 3957 chrysotri-

2010 4026 2597 4086 COMMENTARIUS.

1992 4177 2126 4217 cum
2181 4162 2581 4238 propolomale
2626 4169 2683 4218 et
2732 4163 3067 4238 rnapborio;
3104 4184 3233 4238 quas
3280 4168 3451 4225 ambo
3498 4174 3639 4227 sunt

1992 4243 2334 4311 ornamenta
2383 4236 2591 4306 capitis
2625 4234 2970 4292 mulieribus
3003 4234 3232 4293 usitata.
3282 4239 3457 4296 Paulo
3507 4247 3637 4311 post

1991 4307 2211 4361 dicitur
2231 4309 2644 4376 imponendmu
2670 4323 2793 4363 esse
2814 4325 3014 4364 recens
3038 4319 3244 4366 creata:
3262 4307 3633 4369 cubicularie

1992 4378 2359 4453 mapborium
2391 4394 2490 4434 seu
2526 4379 2868 4453 calyptram,
2900 4382 3031 4435 dein
3075 4381 3475 4453 cbarzanium,
3508 4392 3634 4439 tan-

1987 4451 2120 4525 dem
2141 4450 2651 4520 propolomaJs'rgo
2666 4450 2782 4505 'luit
2798 4451 3174 4525 Chanaaninm
3199 4455 3407 4525 capitis
3426 4450 3635 4511 mulie-

1986 4520 2112 4575 bris
2161 4537 2399 4591 quoque
2447 4529 2878 4577 ornamentum.
2925 4522 2994 4578 Ut
3037 4520 3438 4595 dicaquuid
3490 4527 3634 4583 mihi

1990 4592 2254 4648 videatur
2296 4592 2668 4648 charzaniuin
2719 4595 2919 4653 luisse.
2953 4603 3091 4653 puto
3139 4596 3193 4649 id
3230 4599 3430 4653 fuisse.
3479 4598 3630 4653 quod

3523 4616 3591 4653 U0

1991 4615 2254 4648 Vluealur
2296 4615 2668 4648 cuarzanium
2719 4615 2919 4659 Ialsse,
2953 4615 3091 4664 puto
3139 4615 3193 4649 lu
3230 4615 3430 4663 misse,
3479 4615 3630 4668 quoq

1988 4671 2277 4737 nostrates
2331 4663 2607 4737 Schneppe
2675 4666 2990 4737 appellant,
3051 4667 3250 4722 vittam
3302 4670 3633 4737 frontalem,

1996 4736 2164 4804 cujus
2195 4740 2365 4789 acuta
2399 4735 2607 4790 lacinia
2638 4735 2813 4806 super
2860 4740 3107 4792 frontem
3142 4741 3211 4792 ad
3244 4740 3544 4796 oculorum
3577 4735 3635 4796 et

1995 4807 2124 4878 nasi
2181 4808 2443 4878 conﬁnia
2482 4823 2677 4878 usque
2714 4807 3032 4878 descendit.
3084 4809 3434 4878 Conjecturaa
3487 4812 3631 4868 ratio

1997 4876 2115 4931 bzec
2137 4882 2252 4956 cst.
2288 4877 2527 4956 Char-bon
2560 4880 2613 4947 (ἡ
2647 4875 3313 4956 Δδισφαὶλειειιρτοριοὶογρει
3347 4884 3632 4939 Arabibus

1994 4948 2321 5026 amuletum,
2351 4948 2776 5019 phylacleriuni,
2811 4948 3095 5026 qualia,ut
3126 4948 3345 5025 reliquo
3371 4971 3629 5026 corpore,

1992 5020 2077 5075 sic
2125 5022 2297 5095 etiam
2333 5025 2520 5075 tronte
2565 5020 2921 5095 gerunt._Ad
2960 5023 3137 5095 bujus
3186 5020 3629 5081 similitudinem

1993 5090 2181 5167 potuit
2212 5092 2350 5167 vitta
2376 5097 2627 5167 rostrata
2649 5090 3119 5165 appellari.Forte
3148 5112 3379 5167 quoque
3402 5100 3630 5151 insutas

1992 5160 2348 5238 phylarterio
2380 5162 2655 5238 reliquias
2686 5160 3041 5238 sanctorum,
3077 5160 3266 5238 tex'tus
3285 5160 3631 5238 Evangelio-

1994 5232 2126 5288 rum
2155 5239 2212 5287 et
2236 5232 2369 5307 alia,
2404 5232 2795 5307 malisoculis
2824 5237 3277 5293 uverruncandis
3317 5232 3631 5307 destinata,

2032 5310 2294 5360 esserunt
2325 5306 2549 5360 femina:
2577 5305 2634 5360 in
2669 5308 2890 5364 talibus
2920 5310 3075 5364 vittis
3118 5306 3380 5363 rostralis
3415 5305 3628 5366 l‘routaé

2017 5378 2169 5451 ibus.
2207 5375 2303 5451 γει
2337 5378 2507 5432 fuerit
2534 5382 2828 5451 χαρζανιον
2878 5380 3096 5449 aliquid
3136 5381 3207 5433 ad
3260 5382 3487 5436 formam
3523 5383 3629 5439 lori

1988 5448 2076 5502 vel
2109 5448 2293 5526 ueniae
2317 5465 2493 5526 super
2519 5448 2766 5526 frontem
2791 5448 3625 5526 dependengquandoquidvm

1990 5520 2312 5591 χαρτζάνιον
2363 5522 2535 5576 etiam
2582 5522 2759 5576 lorum
2810 5520 2989 5588 nutat,
3040 5523 3217 5577 etiam
3276 5540 3344 5579 ex
3390 5520 3629 5580 Krabica

1990 5593 2250 5660 origine:
2290 5591 2528 5647 charaza
2577 5595 2733 5649 enim
2786 5594 3025 5647 verbum
3075 5600 3237 5648 notat
3280 5597 3505 5650 corium
3550 5598 3629 5652 ita

1988 5678 2286 5730 consuere,
2319 5671 2383 5717 ut
2431 5669 2648 5733 puncta
2694 5664 2864 5718 certis
2914 5664 3237 5720 intervallis
3282 5666 3518 5732 distent,
3570 5672 3628 5723 et

1987 5734 2232 5791 candida
2265 5736 2357 5791 lila
2380 5736 3342 5807 Conspiciantur,quemadtucdum
3367 5739 3465 5809 qui
3501 5741 3624 5795 lora
