4008 6210
193 360 366 422 1169

817 500 1085 556 ΚΕΦΔΛ.
1131 497 1248 552 ΚΘ’.

187 591 395 676 "Ome:
452 585 527 676 ἐν.
555 583 1178 676 ἡμέρᾳκὶπποδρομίοιυ
1242 581 1457 676 ἐδέξατο
1533 581 1858 670 Ἱξράκλειος

267 659 401 721 τοὺς
461 666 562 729 τῆς
601 657 1286 735 “ᾱυγκλῆτου,”παρόττος
1341 657 1432 710 καὶ
1507 660 1604 710 τοῦ
1663 673 1856 728 πατρι-

270 733 480 807 άρχου.

270 821 394 894 Χρή
465 817 684 889 εἰδέναι,
737 819 834 887 ὡς,
903 821 973 883 τῆ
1025 819 1254 892 τετάρτῂ
1307 822 1404 872 τοῦ
1462 815 1626 871 αἰτοῦ
1682 815 1855 889 μηνὸς

193 907 582 984 ἱπποδρομίου
615 905 789 972 ὄντος,
822 905 1036 977 ἐδέξατο
1071 909 1098 962 ὁ
1132 905 1386 982 βασιλεὺς
1437 905 1489 960 ἐν
1526 906 1605 976 τῷ
1653 903 1854 978 αὔγου-

187 998 328 1072 στὲᾳ
354 1000 481 1059 τοὺς
541 997 824 1064 εἰωθότας,
881 997 973 1052 καὶ
1023 996 1073 1050 ἐν
1130 1001 1210 1068 τῷ
1261 995 1482 1069 μέλλειν
1534 992 1850 1068 ἀνέρχεσθαι

187 1089 360 1142 αὐτὸν
402 1087 453 1142 ἐν
512 1091 580 1160 τῇ
631 1085 1000 1161 ἱπποδρομίᾳ.
1061 1085 1225 1140 πάλιν
1278 1083 1546 1154 ἐκέλευσε,
1593 1085 1681 1138 καὶ
1735 1081 1852 1138 ἐδέ-

186 1178 322 1248 ξατο
352 1179 555 1239 πάντας
605 1177 732 1239 τοὺς
784 1176 1082 1255 ἄρχοντας,
1130 1175 1220 1231 καὶ
1268 1175 1620 1238 εἰσελθόντων
1673 1175 1850 1229 αὐτῶν

184 1266 242 1320 ἐν
275 1271 360 1338 τῷ
394 1266 718 1342 αὐγουστέᾳ,
751 1265 908 1339 εὗρον
940 1265 1229 1336 ἱστάμενον
1253 1263 1345 1318 τόν
1395 1284 1453 1318 τε
1505 1259 1729 1334 βασιλέα
1758 1263 1848 1316 καὶ

177 1358 288 1426 τὴν
322 1355 666 1429 Αὖγούσταν,
697 1355 787 1409 καὶ
819 1351 1124 1429 ἔμπροσθεν
1173 1351 1350 1408 αὐτῶν
1401 1352 1690 1423 ἱσταμένας
1739 1351 1846 1405 Αὐ-

175 1443 474 1520 γουστίναν
506 1444 596 1498 καὶ
625 1444 979 1500 Ἀναστασίειν
1029 1443 1124 1506 τὰς
1175 1442 1357 1496 αὐτῶν
1407 1440 1696 1516 θυγατέρας
1746 1441 1838 1494 καὶ

177 1533 524 1608 Αὐγούσταις,
557 1532 822 1608 παρόντος
853 1532 940 1586 καὶ
971 1535 1069 1586 τοῦ
1119 1531 1486 1604 πατριάρχου,
1528 1529 1618 1583 καὶ
1660 1527 1711 1582 ἐν
1763 1532 1845 1601 τῷ

182 1619 352 1694 δεξιῷ
398 1621 548 1696 μέρει
597 1619 826 1676 ἵσταντο
863 1622 932 1676 τά
981 1619 1152 1676 λοιπᾶ
1195 1619 1353 1675 τέκνα
1398 1623 1496 1673 τοῦ
1547 1617 1841 1693 βασιλέως,

179 1711 276 1766 καὶ
325 1709 402 1774 εἷς
442 1711 505 1764 τὸ
553 1709 833 1785 ἀριστερὸν
887 1710 1051 1783 μέρος
1097 1707 1318 1763 ἵσταντο
1365 1703 1838 1782 κουϐικουλάριοι,

177 1796 276 1854 καὶ
316 1793 540 1872 ἔκραξαν
589 1800 858 1874 Λέγοντες·
923 1822 951 1849 ‹‹
1000 1797 1266 1872 Eii-.9166;
1314 1800 1382 1869 τῇ
1431 1795 1706 1868 πολιτείᾳ,
1757 1797 1840 1852 εὐ-

1050 364 1150 424 DE
1191 362 1646 424 CERIMONIIS
1688 361 1926 424 ΑΙ.)ὺῶ
1969 361 2460 422 BYZANTIN/E
2495 367 2650 426 LIB.
2700 367 2780 426 II.

1835 511 1841 516 -
1887 497 1942 563 Α
2571 498 2798 554 CAPUT
2821 499 3014 555 xxrx.

3467 369 3622 432 1170

2040 585 2315 652 Quomodo
2336 585 2398 642 in
2426 586 2516 642 die
2537 587 2656 642 ludi
2673 591 2933 644 circensis
2961 589 3235 660 exceperit
3266 591 3548 648 Her-actius

2355 667 2638 716 senatore:
2673 675 2859 716 coram
2885 661 3224 732 patriarcha.

2033 820 2313 890 Ejusdem
2374 823 2598 892 mensis
2654 824 2912 880 Januarii
2945 828 3151 895 quarto
3184 825 3302 894 die,
3334 842 3450 897 quo
3481 843 3618 897 spe-

1962 910 2258 964 ctaculum
2291 917 2563 982 equestre
2594 914 2893 982 edebatur,
2942 914 3267 984 excipiebat
3297 914 3615 987 imperator

1959 997 2018 1052 in
2050 1004 2433 1069 augusteone,
2485 1016 2636 1070 quos
2690 1016 2756 1056 eo
2815 1006 3078 1072 tempore
3121 1019 3248 1058 mos
3288 1009 3375 1059 est
3405 1004 3610 1075 excipi.

1957 1086 2099 1141 Cum
2128 1093 2327 1146 autem
2361 1089 2420 1143 in
2453 1103 2519 1143 eo
2568 1090 2690 1159 jam
2750 1099 2924 1157 esset,
2958 1096 3024 1145 ut
3054 1091 3111 1146 in
3145 1092 3365 1146 circum
3407 1110 3611 1149 ascen-

1956 1174 2134 1240 deret,
2168 1193 2371 1230 rursus
2417 1177 2682 1247 placebat
2729 1179 2840 1250 ipsi
2870 1196 3072 1234 omnes
3105 1197 3371 1250 proceres
3404 1183 3610 1237 admit-

1955 1267 2096 1318 tere.
2130 1266 2430 1319 Intrabant
2453 1265 2652 1336 itaque
2681 1283 2946 1336 proceres
2965 1285 3170 1324 omnes
3202 1270 3257 1323 in
3291 1277 3604 1341 angustet)-

1955 1369 2118 1421 nem;
2137 1355 2232 1408 ubi
2255 1359 2507 1409 stantem
2527 1356 3325 1428 inveniebantimperatorem
3345 1365 3607 1431 etAugu-

1951 1448 2128 1510 stam,
2162 1449 2219 1497 et
2251 1458 2446 1498 coram
2477 1444 2597 1500 illis
2630 1450 2853 1500 stantes
2890 1447 3272 1518 Augustinam
3302 1453 3358 1502 et
3377 1452 3607 1504 Anasta-

1950 1531 2390 1602 siam,ipsorum
2410 1532 2558 1588 ﬁlias
2573 1538 2630 1589 et
2643 1536 2930 1605 Augustas
2945 1536 3200 1592 easdem.
3219 1537 3605 1594 Aderatetiam

1947 1621 2299 1689 patriarcha.
2325 1623 2559 1678 36410
2575 1623 2778 1678 dextra
2791 1625 3166 1695 augusteonis
3193 1633 3352 1696 parte
3371 1629 3603 1683 stabant

1947 1709 2152 1782 reliqui
2187 1712 2355 1768 liberi
2370 1713 2702 1784 imperiales
2729 1733 2744 1781 ;
2761 1714 2820 1768 in
2836 1715 3072 1770 sinistro
3085 1715 3443 1771 cubicularii.
3463 1716 3598 1773 Pro-

1949 1815 2106 1855 ceres
2137 1807 2332 1872 itaque
2364 1801 2614 1873 ingressi
2646 1803 2920 1858 dominos
2963 1803 3056 1858 bis
3079 1803 3597 1861 acclamationibus

179 1893 374 1962 τυχῶς
407 1893 474 1962 τῇ
505 1887 779 1957 πολιτείᾳ,
812 1887 1060 1961 εὐτυχῶς
1112 1889 1180 1960 τῇ
1229 1885 1503 1956 πολιτείᾳ.
1555 1885 1825 1959 Ἡράκλειε

1947 1868 2352 1962 excipiebant:
2381 1913 2408 1941 ι(
2431 1868 2712 1948 Ῑδοὶὶοἱιει·
2732 1892 2998 1963 imperio.
3035 1892 3299 1948 Feliciter
3327 1894 3592 1956 imperio.

179 1973 491 2050 Αὕγουστε,
523 1971 849 2047 τοθόμῦικας.
903 1975 1230 2031 Ἀναστασία
1276 1978 1384 2048 (10)
1441 1975 1684 2050 Μαρτίνα
1733 1975 1836 2030 Aﬁ-

179 2065 420 2140 γούστα,
468 2059 796 2138 τούμϐικας.
852 2067 1217 2120 Κωνσταντῖνε
1257 2061 1560 2138 Αὕγουστε,
1607 2061 1837 2135 1:06th-

173 2175 279 2215 κας
332 2153 621 2228 Ἧράκλειε
656 2150 954 2228 Αὕγουστε,
985 2147 1314 2225 τοῦμϐικας.
1349 2151 1684 2226 Αὐγουστίνα
1729 2153 1834 2209 Αὐ-

175 2243 387 2318 γονόστα
415 2237 741 2314 τοῦμϐικας.
776 2243 1102 2297 Ἀναστασία
1149 2241 1453 2316 Αὖγούστα,
1501 2237 1828 2314 τοόμϐικας.

175 2327 348 2387 Δαϐἶδ
409 2335 638 2406 Καῖσαρ,
719 2328 1046 2402 τούμϐικας.
1134 2333 1371 2405 Μαρτῖνε
1455 2327 1828 2403 νωϐελήσιμε,

173 2417 504 2495 τούμϐικας.
540 2445 568 2474 ››
625 2424 732 2478 Καὶ
782 2423 876 2486 εἷθ’
919 2419 1094 2484 οὕτως
1144 2421 1380 2491 ἀνῆλθεν
1412 2421 1439 2475 ὁ
1475 2421 1731 2496 βασιλεὺς
1777 2421 1830 2476 ἐν

171 2515 255 2584 τῷ
287 2508 667 2586 ἱπποδρομίῳ.

719 2328 1046 2402 τούμϐικας.

807 2602 1068 2657 ΚΕΦΑΛ.
1111 2603 1189 2658 Λ’.

604 2687 733 2757 Περὶ
768 2685 992 2758 κηδείας
1022 2690 1387 2764 πατριάρχου.

247 2780 374 2851 Χρή
408 2776 626 2847 εἰδέναι,
659 2777 742 2832 ὅτι
772 2781 841 2851 τῇ
877 2780 940 2853 ιγ’
969 2781 1065 2832 τοῦ
1099 2773 1432 2851 Δεκεμϐρίου
1475 2779 1668 2852 μηνὸς,
1720 2777 1820 2836 ἷνδ.

178 2867 270 2943 ιβ’,
304 2865 597 2937 ἐτελειώθη
636 2867 863 2942 Σέργιος
906 2869 1019 2940 (11)
1078 2868 1106 2921 ὁ
1153 2867 1500 2943 πατριάρχης
1548 2869 1822 2923 Κωνσταν-

168 2954 546 3016 τινουπόλεως
597 2954 780 3030 ἡμέρᾳ
825 2959 1090 3028 κυριακῇ.
1134 2955 1230 3008 Καὶ
1285 2955 1416 3026 μετᾶ
1460 2955 1523 3008 τὸ
1574 2952 1817 3027 δέξασθαι

167 3046 262 3100 τὸν
301 3043 526 3118 βασιλέα
555 3045 684 3107 τοὺς
711 3041 982 3118 ἄρχοντας
1013 3044 1153 3098 κατὰ
1196 3045 1260 3098 τὸ
1311 3043 1520 3111 εἰωθὸς,
1573 3044 1818 3100 ἀπέστει-

167 3133 261 3190 λεν
295 3132 492 3194 αὐτοὺς
543 3131 621 3194 εἷς
669 3135 768 3202 τὴν
819 3129 1042 3202 κηδείαν
1087 3136 1184 3186 τοῦ
1233 3131 1400 3187 αὐτοῦ
1448 3133 1814 3208 πατριάρχου.

1943 1979 2209 2035 Feliciter
2283 1980 2546 2052 imperio.
2609 1981 2838 2036 Heracli
2921 1987 3204 2053 Auguste,
3263 1991 3320 2036 tu
3369 1982 3594 2038 vincas.

1941 2069 2250 2124 Anastasis
2281 2071 2527 2125 Martina
2555 2071 2839 2142 Augusta,
2875 2074 2937 2124 tu
2969 2071 3188 2126 vincas.
3223 2075 3594 2127 Constantine

1937 2159 2206 2226 Auguste,
2265 2163 2329 2212 tu
2388 2159 2606 2213 vincas.
2659 2158 2884 2214 Heracli
2943 2161 3226 2230 Auguste,
3271 2169 3325 2213 lu
3361 2162 3585 2214 vincas.

1934 2247 2260 2311 Augustine
2291 2251 2578 2318 Augusta,
2611 2253 2672 2302 tu
2709 2248 2929 2303 vincas.
2964 2248 3271 2302 Anastasis
3303 2252 3582 2320 Augusta,

1935 2341 1996 2391 tu
2020 2337 2239 2392 vincas.
2278 2337 2449 2391 David
2483 2336 2690 2405 Caesar,
2744 2345 2804 2391 tu
2841 2337 3065 2392 vincas.
3127 2337 3371 2394 Martius
3415 2339 3584 2392 nobi-

1934 2424 2182 2493 lissime,
2213 2430 2276 2480 tu
2294 2425 2515 2482 vincas.
2545 2447 2573 2477 ιι
2603 2425 2876 2482 Postbmc
2893 2427 3248 2482 ascendebat
3271 2427 3588 2498 imperator

1932 2513 1994 2571 in
2027 2514 2506 2586 hippodromum.

2528 2604 2762 2660 CAPUT
2799 2604 2978 2662 XXX.

2366 2695 2440 2750 De
2465 2695 2744 2766 exsequiis
2771 2695 3124 2764 patriarchae.
3471 2749 3476 2752 .

2005 2783 2101 2838 Die
2122 2783 2348 2839 decimo
2369 2783 2538 2838 tertio
2569 2783 2926 2848 Decembris,
2960 2783 3278 2838 indictione
3307 2784 3575 2840 duodeci-

1928 2888 2024 2927 ma
2055 2872 2138 2946 [A.
2176 2875 2236 2930 C.
2260 2872 2411 2944 639].
2445 2873 2968 2928 consummabatur
2999 2873 3077 2944 [id
3110 2877 3199 2928 est
3226 2875 3369 2930 vivis
3409 2890 3575 2930 exce-

1927 2963 2121 3033 debat]
2181 2963 2419 3032 Sergius
2478 2962 2809 3033 patriarcha
2866 2962 3568 3036 Constantinopolitanus.

1927 3051 2056 3104 Erat
2081 3067 2141 3106 ea
2176 3051 2299 3105 dies
2324 3050 2644 3105 Dominica.
2669 3052 2752 3105 Ad
2787 3051 2912 3120 ejus
2931 3054 3236 3120 exsequias
3267 3052 3574 3123 ablegabat

1923 3142 2238 3208 imperator
2265 3139 2590 3210 [Iieraclius
2629 3141 2894 3210 Magnus]
2929 3156 3192 3210 proceres
3227 3147 3357 3212 post
3389 3142 3570 3211 perfe-

166 3223 266 3278 Καὶ
299 3223 364 3292 δὴ
401 3219 748 3277 ἀπελθόντων
781 3225 888 3276 τῶν
922 3220 1298 3294 συγκλητικῶν
1327 3219 1379 3275 ἐν
1423 3225 1492 3294 τῇ
1543 3223 1816 3298 ἁγιωτάτῃ

1941 3234 2082 3283 :tam
2139 3233 2475 3283 consuetam
2509 3228 2954 3283 admissionem.
3011 3229 3316 3284 Senatores
3374 3231 3574 3298 itaque

160 3311 386 3387 Μεγάλῃ
448 3310 736 3380 ἐκκλησία,
795 3308 1117 3381 ἀπήλλαξαν
1175 3313 1244 3365 τὰ
1300 3313 1482 3382 ἅσπρα
1528 3311 1810 3386 χλανίδια,

160 3402 251 3457 καὶ
280 3395 710 3476 περιεϐάλλοντο
740 3401 808 3455 τὰ
843 3401 1056 3475 χροιικά
1085 3403 1220 3472 (12),
1251 3401 1338 3456 καὶ
1375 3399 1545 3463 οὕτως
1577 3400 1813 3472 ἠκολού-

1924 3317 2158 3372 abibant
2189 3318 2248 3372 in
2281 3321 2546 3388 Magnam
2565 3316 2896 3386 ecclesiam,
2929 3321 2986 3373 et
3010 3317 3292 3388 depositis
3321 3318 3398 3372 ibi
3420 3318 3572 3372 tuni-

1923 3405 2004 3460 cis
2035 3406 2326 3474 candidis,
2360 3407 2700 3478 indutisque
2752 3406 2810 3461 in
2852 3422 3053 3461 earum
3085 3407 3270 3462 vicem
3303 3406 3568 3472 coloreis,

1201 3517 1402 3577 JOAN.
1441 3520 1585 3576 JAC.
1631 3521 1890 3578 REISKII
1929 3522 2520 3580 COMMENTARIUS.

167 3637 263 3689 τοῦ
288 3633 596 3706 Παγκράτη.
650 3635 813 3704 Apud
875 3634 1289 3706 Theophanem
1341 3637 1547 3690 anno7
1601 3637 1820 3693 Rhino-

170 3708 336 3762 tmcti
367 3703 456 3762 est
487 3705 514 3758 6
541 3707 637 3758 τοῦ
673 3703 955 3778 ,Μανσοὺρ
987 3703 1310 3778 λόγοθέτης,
1347 3707 1530 3776 Hujus
1582 3709 1685 3761 viri
1719 3713 1820 3764 aut

220 3784 361 3846 ater,
395 3783 497 3831 aut
539 3784 764 3834 atavus.
792 3783 899 3848 aut
930 3777 1153 3848 cuius,
1199 3778 1271 3830 de
1322 3777 1644 3848 majoribus
1693 3781 1819 3848 ejus

221 3866 351 3903 erus
396 3851 582 3902 fuerat
624 3847 839 3917 aliquis
895 3849 1078 3900 Arabs
1113 3847 1344 3900 :ilansur.
1391 3847 1608 3902 Nomen
1669 3847 1820 3903 enim

180 3921 315 3974 illud
351 3919 654 3986 Arabjcum
686 3925 796 3972 est.
852 3918 1109 3985 Malalas,
1156 3924 1196 3972 t.
1261 3919 1324 3982 ll,
1387 3935 1442 3988 p.
1496 3919 1558 3972 41
1617 3927 1670 3972 et
1726 3920 1814 3983 65,

179 3997 410 4063 gentem
443 3989 693 4058 Χουτζών
728 3996 784 4043 et
815 3987 1112 4063 Στοῦμμας
1147 3987 1412 4044 nominat
1467 3989 1818 4063 Postremam

177 4062 301 4118 esse
331 4063 732 4118 Germanicam
791 4077 859 4116 ex
891 4077 956 4115 eo
996 4062 1196 4130 liquet,
1228 4063 1377 4131 quod
1425 4062 1616 4114 adhuc
1651 4062 1819 4115 hodie

181 4133 581 4200 Stummesdorf
631 4133 840 4202 (pagus
896 4133 1184 4204 Stamina?)
1226 4131 1549 4204 appellatur
1606 4133 1818 4204 aliquis

181 4223 355 4278 pagus
396 4207 548 4278 haud
602 4204 1072 4278 proculpatrim
1097 4221 1226 4257 mea
1283 4203 1545 4272 Sorbiga,
1579 4205 1679 4274 qui
1713 4207 1820 4278 l'uit.

179 4275 311 4333 olim
339 4277 628 4349 peculium
657 4275 905 4349 alicujus
939 4276 1007 4349 de
1040 4275 1444 4349 Stummarum
1477 4282 1670 4346 gente.
1705 4275 1815 4332 Sed

179 4349 314 4419 hac,
339 4345 412 4404 ut
441 4348 581 4417 dixi,
625 4348 695 4402 ad
731 4347 909 4402 alium
942 4345 1132 4402 locum
1167 4346 1480 4418 pertinent.

245 4493 355 4562 (10)
406 4491 604 4568 Solum
663 4490 924 4568 Martium
981 4507 1195 4568 nomen
1229 4490 1448 4568 absque
1497 4489 1816 4568 illopriore
1851 4503 1894 4568 υ

179 4565 513 4626 Anastasim,
573 4563 796 4632 reperio
865 4562 1017 4633 apud
1096 4562 1182 4618 Du
1237 4562 1540 4632 Cangium.
1608 4562 1818 4617 Contra

179 4640 392 4688 tantum
423 4636 784 4688 Auastasiam
809 4634 1082 4702 appellat,
1143 4635 1363 4688 omisso
1427 4633 1678 4688 Martium
1712 4649 1815 4688 no-

182 4705 348 4767 mine,
380 4705 674 4759 Cedrenus
735 4722 788 4775 p.
851 4706 974 4759 430.
1025 4704 1315 4774 Intelligas
1347 4721 1577 4774 quoque
1607 4721 1676 4758 ex
1706 4704 1815 4758 hoc

181 4775 316 4837 loco,
350 4792 462 4845 quo
493 4778 681 4830 aetatis
712 4775 914 4830 ordine
945 4776 1109 4830 liberi
1145 4775 1387 4830 Heraclii
1427 4776 1673 4829 senioris
1703 4775 1816 4828 im-

183 4847 454 4918 peratoris
485 4863 612 4901 sese
650 4848 998 4914 exceperint.
1046 4847 1466 4918 Constantinus
1505 4847 1682 4914 enim,
1717 4845 1816 4918 qui

184 4917 354 4990 primo
386 4919 509 4972 loco
531 4918 890 4990 nominatur,
913 4925 1000 4972 est
1021 4917 1545 4990 Heracliusjunior,
1571 4917 1816 4990 senioris

182 4988 242 5044 ex
273 4990 518 5043 Eudocia
549 4989 1051 5060 ﬁlius,ille,quem
1077 4991 1341 5060 privigne
1374 4989 1622 5060 Martina
1650 4988 1816 5056 paulo

185 5066 304 5132 post
360 5059 915 5132 patrisﬂexcessum’
947 5059 1165 5115 veneno
1199 5059 1312 5132 vita
1337 5069 1393 5114 et
1423 5059 1664 5126 imperio
1698 5062 1815 5130 pri-

186 5131 347 5186 vavit.
375 5131 671 5185 Heraclius
697 5137 888 5186 autem
916 5134 1175 5185 secundo
1209 5131 1335 5186 loco
1367 5132 1698 5184 nominatus
1729 5133 1818 5185 est

184 5202 292 5266 ille,
333 5218 504 5272 quem
547 5203 644 5256 alii
679 5203 1092 5258 Heracleonam
1127 5203 1442 5272 appellant,
1476 5202 1632 5256 ﬁlius
1664 5203 1816 5256 Mar-

187 5275 307 5328 tinze
330 5293 344 5340 ;
371 5279 495 5328 tum
511 5274 1318 5344 sequunturrasteriejusdem
1351 5273 1606 5326 Martinus
1649 5272 1815 5327 liberi

189 5345 283 5400 hoc
312 5345 502 5400 atatis
554 5345 759 5400 ordine
791 5362 805 5400 :
838 5347 1168 5416 Augustina
1197 5349 1256 5400 et
1287 5345 1620 5410 Anastasis,
1654 5361 1818 5416 soror

189 5419 302 5485 ejus
336 5417 546 5480 minor,
573 5418 757 5471 ambae
787 5433 820 5471 ιι
851 5415 1013 5486 patre
1073 5416 1244 5487 paulo
1295 5422 1429 5470 ante
1468 5416 1597 5470 vitae
1643 5415 1816 5470 finem

192 5487 268 5557 (ut
288 5487 367 5542 Du
401 5487 591 5558 Cange
623 5489 724 5554 ait,
757 5490 910 5558 quod
947 5487 1350 5541 tamenlaxius
1389 5487 1816 5553 accipiendum,

191 5559 486 5615 scilicet'A.
539 5562 600 5627 C,
666 5559 792 5625 639,
852 5564 914 5612 ut
969 5575 1000 5612 e
1034 5565 1230 5613 nostro
1267 5559 1392 5612 loco
1425 5559 1599 5627 patet)
1629 5560 1820 5624 Augu-

194 5635 284 5684 ste
313 5631 474 5684 dictis
495 5647 510 5696 ;
535 5636 735 5701 postea
761 5631 933 5684 David
970 5630 1161 5685 Caesar
1190 5639 1243 5685 et
1271 5629 1552 5701 Martinus
1587 5630 1820 5684 nobilis-

195 5700 388 5756 simus.
447 5700 686 5758 Videtur
739 5703 859 5758 haec
891 5702 1058 5758 lectio
1105 5701 1378 5757 Martinus
1407 5700 1488 5755 illi
1521 5706 1816 5771 praestare.

1931 3654 2104 3711 quam
2131 3639 2394 3694 Petavius
2449 3639 2601 3694 notis
2650 3640 2719 3694 ad
2773 3639 3076 3711 Nicephor.
3111 3640 3360 3694 Breviar.
3389 3657 3445 3710 p.
3481 3640 3571 3707 47,

1933 3709 1990 3782 in
2025 3711 2334 3782 liberorum
2378 3711 2624 3765 Heraclii
2657 3709 2928 3766 indiculo‘
2968 3717 3024 3766 et
3063 3711 3146 3766 Du
3181 3709 3568 3782 Cange’Fam.

1931 3779 2062 3850 Byz.
2099 3798 2154 3850 p.
2192 3781 2294 3832 119
2323 3782 2578 3842 exhibet,
2622 3785 2900 3846 Marinus,
2953 3789 3185 3836 auctore
3228 3779 3568 3850 Nicephoro,

1929 3853 2032 3919 qui
2063 3869 2114 3914 p.
2137 3851 2207 3903 80
2264 3851 2375 3922 ait,
2421 3858 2478 3905 et
2522 3852 2669 3906 ﬁlios
2703 3852 2970 3905 Davidem
3016 3861 3192 3922 atque
3223 3854 3507 3907 Marinum
3538 3871 3572 3905 υ.

1931 3931 2089 3988 patre
2122 3920 2297 3974 simul
2352 3921 2600 3974 Ctesures
2653 3923 2832 3976 fuisse
2865 3920 3228 3976 renuntiatae
3259 3923 3478 3991 (quain
3515 3939 3572 3976 re

1929 3995 2133 4045 Nostro
2169 3993 2475 4060 discrepat,
2501 3992 2597 4062 qui
2631 3993 2901 4046 Davidem
2925 3996 3229 4056 Ca‘sarem,
3257 3994 3568 4047 Martinum

1929 4062 2360 4116 nobilissimum
2439 4064 2620 4132 fac:t,)
2677 4067 2733 4117 et
2819 4065 3020 4118 eodem
3105 4070 3365 4126 tempore
3424 4065 3572 4117 tilias

1927 4135 2319 4204 Augustinum
2365 4138 2422 4186 et
2476 4134 2775 4204 Martinam
2827 4137 3143 4204 Augustas.
3202 4133 3390 4188 Verba
3443 4138 3570 4200 ejus

1928 4200 2067 4258 sunt
2103 4222 2116 4258 :
2153 4203 2303 4258 Μετὰ
2331 4207 2493 4258 τοῦτο
2547 4200 2787 4258 ἐδικαίου
2845 4200 3084 4257 τὸννυὶὸν
3122 4204 3432 4258 ὑπατεῦσαι.
3469 4211 3572 4255 Δα-

1927 4270 2017 4348 ϐἶᾼδ
2051 4271 2107 4328 δὲ
2137 4275 2223 4328 καὶ
2259 4279 2492 4344 Μαρῖνον
2545 4275 2676 4348 τοὺς
2732 4272 2882 4334 υἱοὺς
2939 4275 3105 4328 αὐτοῦ
3132 4273 3403 4348 Καίσαρας
3434 4274 3568 4343 ἀνη-

1923 4345 2168 4422 γόρευσε,
2225 4346 2596 4422 Αὐγουστῖναν
2657 4344 2713 4402 δὲ
2768 4347 2858 4401 καὶ
2893 4347 3172 4420 Μαρτῖναν
3203 4344 3567 4420 τὰς’θυγατὲ-

1927 4417 2038 4493 ρας
2054 4417 2393 4493 Αὐγούσταις.

1997 4491 2107 4562 (11)
2132 4485 2661 4562 Ϊῐιοὶιῐιοοοὶοεὶειω
2696 4485 2889 4558 ’διιᾸυε
2933 4504 3101 4544 casus
3135 4489 3374 4560 inquirit
3409 4489 3566 4544 Peta-

1927 4561 2053 4616 vius
2076 4564 2145 4616 ad
2170 4561 2472 4628 Nicepbur.
2519 4580 2572 4632 p.
2608 4563 2892 4632 128_seqq.

1999 4634 2106 4704 (12)
2141 4629 2531 4704 Apponuntur
2555 4637 2670 4692 τοῖς
2711 4629 2950 4698 λευκοῖς,
2990 4631 3130 4702 quia
3169 4646 3378 4702 nempe
3409 4631 3571 4688 albus

1923 4703 2069 4758 lanae
2092 4703 2257 4774 color
2291 4721 2389 4774 pro
2421 4704 2612 4758 colore
2661 4721 2776 4758 non
2828 4710 3152 4774 reputatur,
3188 4711 3250 4758 ut
3281 4704 3378 4774 qui
3416 4706 3568 4758 nati-

1926 4793 2055 4839 vus,
2109 4772 2341 4836 ἁπλοῦς,
2390 4775 2626 4845 simplex
2659 4783 2715 4830 et
2756 4772 2906 4829 laute
2937 4792 3046 4829 non
3081 4772 3427 4828 conciliatus
3457 4781 3566 4841 est,

1924 4845 2072 4900 Nam
2142 4848 2477 4915 peregrinus
2535 4848 2692 4900 color
2742 4849 2971 4916 proprie
2999 4847 3408 4900 colordicitur.
3443 4847 3565 4901 Pari

1928 4919 2098 4971 modo
2130 4918 2282 4987 apud
2312 4918 2546 4972 Latinos
2579 4917 3176 4988 (oloresOppouuntur
3195 4918 3355 4973 albis.
3381 4921 3570 4988 Augu-

1925 4989 2062 5042 stin.
2099 4992 2307 5043 Patric.
2366 4989 2551 5042 Cerm.
2617 4989 2858 5044 Roman.
2921 4989 2989 5050 ll,
3036 4991 3141 5042 12:
3179 4990 3235 5042 In
3277 5005 3569 5042 conserm-

1925 5059 2072 5131 tione
2101 5066 2339 5113 utuntur
2367 5059 2528 5113 hodie
2569 5061 2911 5129 paramenlis
2948 5060 3107 5126 albis,
3141 5061 3388 5131 quamris
3417 5061 3570 5131 ante}

1925 5130 2022 5202 qui
2049 5131 2350 5184 secundum
2395 5128 2653 5194 temporis
2709 5131 2888 5186 colore
2932 5128 3239 5197 uterentur,
3265 5132 3437 5202 idest
3466 5128 3569 5182 tali

1925 5199 2135 5274 colore,
2168 5203 2267 5273 qui
2300 5217 2398 5271 per
2428 5202 2573 5256 illud
2607 5209 2990 5274 tempus,quo
3023 5199 3380 5274 consecratio
3405 5200 3569 5274 Papa;

1926 5273 2118 5346 fiebat,
2165 5272 2198 5325 η
2247 5274 2845 5346 sacerdote__d_ebebat
2890 5272 3126 5346 gestari.
3186 5272 3336 5346 Quid
3370 5273 3568 5337 velim,

1925 5345 2155 5398 docebit
2188 5345 2514 5406 Durandus,
2567 5343 2662 5410 Ill,
2699 5345 2784 5399 18.
2819 5343 3234 5412 Οιῇιιειουηίμιθ
3267 5343 3444 5410 igitur
3474 5359 3568 5397 co-

1924 5414 2064 5470 loris
2092 5417 2167 5468 sit
2197 5415 2392 5479 vestis,
2439 5417 2755 5470 dummodo
2801 5417 2932 5468 alba
2971 5431 3085 5468 non
3120 5416 3210 5479 sit,
3245 5430 3312 5468 ea
3342 5414 3570 5470 colores

1926 5492 2030 5539 est.
2067 5489 2226 5541 Conl‘.
2287 5488 2534 5542 Salmas.
2590 5489 2657 5540 ad
2714 5487 2923 5554 Script.
2959 5488 3102 5538 Hist.
3156 5487 3300 5553 Aug.
3335 5495 3371 5536 t.
3409 5485 3472 5546 ll,
3509 5503 3562 5554 p.

1923 5557 2049 5630 555,
2087 5559 2180 5612 ubi
2214 5560 2284 5630 de
2326 5561 2454 5630 τοῖς
2486 5561 2750 5630 χροακοῖς
2800 5557 3106 5630 ειᾼεοίονρὶδ
3140 5557 3402 5630 pluribus
3426 5557 3566 5625 agit,

1926 5635 1984 5682 et
2012 5629 2165 5681 inter
2183 5629 2290 5682 alia
2323 5627 2823 5684 locumrAhmedis
2850 5627 3187 5680 Onirocritw
3217 5627 3472 5686 adducut,
3507 5629 3564 5679 in

1927 5716 2044 5771 quo
2090 5698 2383 5772 στρώματα
2437 5695 2622 5753 ἁπαλά
2678 5708 3056 5770 opponuntur
3105 5701 3221 5757 τοῖς
3280 5699 3563 5769 χροακοῖς.
