  <div class='ocr_page' id='page_1' title='image "/cluster/home/n/w/nwhite01/storage/ocr_20150623/112/hvd.32044073502304/606.png"; bbox 0 0 4008 6210; ppageno 0'>
   <div class='ocr_carea' id='block_1_1' title="bbox 231 353 413 414">
    <p class='ocr_par' dir='ltr' id='par_1_1' title="bbox 231 353 413 414">
     <span class='ocr_line' id='line_1_1' title="bbox 231 353 413 414; baseline -0.016 0"><span class='ocrx_word' id='word_1_1' title='bbox 231 353 413 414; x_wconf 75' lang='grc'><strong>1201</strong></span> 
     </span>
    </p>
   </div>
   <div class='ocr_carea' id='block_1_2' title="bbox 1161 351 2848 417">
    <p class='ocr_par' dir='ltr' id='par_1_2' title="bbox 1161 351 2848 417">
     <span class='ocr_line' id='line_1_2' title="bbox 1161 351 2848 417; baseline 0.002 -5"><span class='ocrx_word' id='word_1_2' title='bbox 1161 353 1258 412; x_wconf 85' lang='lat' dir='ltr'><strong>DE</strong></span> <span class='ocrx_word' id='word_1_3' title='bbox 1298 354 1746 414; x_wconf 77' lang='lat' dir='ltr'><strong>CERIMONHS</strong></span> <span class='ocrx_word' id='word_1_4' title='bbox 1794 351 2027 412; x_wconf 69' lang='lat' dir='ltr'><strong>AUL/E</strong></span> <span class='ocrx_word' id='word_1_5' title='bbox 2070 353 2562 417; x_wconf 72' lang='grc' dir='ltr'><strong>ΒΥΖΑΝΤΙΝᾸΞ.</strong></span> <span class='ocrx_word' id='word_1_6' title='bbox 2605 358 2750 416; x_wconf 86' lang='lat' dir='ltr'><strong>LIB.</strong></span> <span class='ocrx_word' id='word_1_7' title='bbox 2798 358 2848 416; x_wconf 94' lang='lat' dir='ltr'><strong>ll</strong></span> 
     </span>
    </p>
   </div>
   <div class='ocr_carea' id='block_1_3' title="bbox 3510 360 3668 422">
    <p class='ocr_par' dir='ltr' id='par_1_3' title="bbox 3510 360 3668 422">
     <span class='ocr_line' id='line_1_3' title="bbox 3510 360 3668 422; baseline 0.013 -4"><span class='ocrx_word' id='word_1_8' title='bbox 3510 360 3668 422; x_wconf 74' lang='grc'><strong>1202</strong></span> 
     </span>
    </p>
   </div>
   <div class='ocr_carea' id='block_1_4' title="bbox 227 467 1917 561">
    <p class='ocr_par' dir='ltr' id='par_1_4' title="bbox 227 481 1900 560">
     <span class='ocr_line' id='line_1_4' title="bbox 227 481 1900 560; baseline -0.001 -22"><span class='ocrx_word' id='word_1_9' title='bbox 227 487 484 560; x_wconf 80' lang='grc' dir='ltr'>”Ετερος</span> <span class='ocrx_word' id='word_1_10' title='bbox 519 483 716 558; x_wconf 82' lang='grc' dir='ltr'>λάρναξ</span> <span class='ocrx_word' id='word_1_11' title='bbox 749 481 941 544; x_wconf 83' lang='grc' dir='ltr'>λευκὸς</span> <span class='ocrx_word' id='word_1_12' title='bbox 979 485 1394 556; x_wconf 78' lang='grc' dir='ltr'>Προικονήσιος,</span> <span class='ocrx_word' id='word_1_13' title='bbox 1442 484 1493 538; x_wconf 79' lang='grc' dir='ltr'>ἐν</span> <span class='ocrx_word' id='word_1_14' title='bbox 1625 484 1900 540; x_wconf 73' lang='grc' dir='ltr'>ἀπόκειται</span> 
     </span>
    </p>
   </div>
   <div class='ocr_carea' id='block_1_5' title="bbox 2031 467 3668 561">
    <p class='ocr_par' dir='ltr' id='par_1_5' title="bbox 2031 467 3668 561">
     <span class='ocr_line' id='line_1_5' title="bbox 2031 467 3668 561; baseline 0.005 -21"><span class='ocrx_word' id='word_1_15' title='bbox 2031 485 2388 544; x_wconf 82' lang='lat' dir='ltr'><strong>Iustinianus</strong></span> <span class='ocrx_word' id='word_1_16' title='bbox 2427 489 2637 546; x_wconf 81' lang='lat' dir='ltr'><strong>Minor.</strong></span> <span class='ocrx_word' id='word_1_17' title='bbox 2673 489 2856 558; x_wconf 83' lang='lat' dir='ltr'><strong>Alius,</strong></span> <span class='ocrx_word' id='word_1_18' title='bbox 2907 489 3332 546; x_wconf 78' lang='lat' dir='ltr'><strong>Proconnesius</strong></span> <span class='ocrx_word' id='word_1_19' title='bbox 3369 467 3546 561; x_wconf 71' lang='lat' dir='ltr'><strong>item,</strong></span> <span class='ocrx_word' id='word_1_20' title='bbox 3605 494 3668 550; x_wconf 90' lang='lat' dir='ltr'><strong>in</strong></span> 
     </span>
    </p>
   </div>
   <div class='ocr_carea' id='block_1_6' title="bbox 232 572 1903 646">
    <p class='ocr_par' dir='ltr' id='par_1_6' title="bbox 232 572 1903 646">
     <span class='ocr_line' id='line_1_6' title="bbox 232 572 1903 646; baseline -0.001 -17"><span class='ocrx_word' id='word_1_21' title='bbox 232 573 640 636; x_wconf 86' lang='grc' dir='ltr'>Ἰουστινιανὸς</span> <span class='ocrx_word' id='word_1_22' title='bbox 711 573 738 626; x_wconf 99' lang='lat'><strong>6</strong></span> <span class='ocrx_word' id='word_1_23' title='bbox 809 572 1003 646; x_wconf 79' lang='grc' dir='ltr'>μικρός</span> <span class='ocrx_word' id='word_1_24' title='bbox 1063 575 1190 645; x_wconf 89' lang='lat'>(88).</span> <span class='ocrx_word' id='word_1_25' title='bbox 1243 573 1464 646; x_wconf 88' lang='grc' dir='ltr'>Ἒτερος</span> <span class='ocrx_word' id='word_1_26' title='bbox 1542 573 1739 645; x_wconf 85' lang='grc' dir='ltr'>λάρναξ</span> <span class='ocrx_word' id='word_1_27' title='bbox 1796 573 1903 627; x_wconf 82' lang='grc' dir='ltr'>ἀπὸ</span> 
     </span>
    </p>
   </div>
   <div class='ocr_carea' id='block_1_7' title="bbox 237 661 1904 740">
    <p class='ocr_par' dir='ltr' id='par_1_7' title="bbox 237 661 1904 740">
     <span class='ocr_line' id='line_1_7' title="bbox 237 661 1904 740; baseline 0 -22"><span class='ocrx_word' id='word_1_28' title='bbox 237 661 425 718; x_wconf 87' lang='grc' dir='ltr'>λίθου</span> <span class='ocrx_word' id='word_1_29' title='bbox 493 665 909 738; x_wconf 74' lang='grc' dir='ltr'>Ηροικονησίας,</span> <span class='ocrx_word' id='word_1_30' title='bbox 960 661 1012 717; x_wconf 88' lang='grc' dir='ltr'>ἐν</span> <span class='ocrx_word' id='word_1_31' title='bbox 1063 665 1109 735; x_wconf 82' lang='grc' dir='ltr'>ᾦ</span> <span class='ocrx_word' id='word_1_32' title='bbox 1150 663 1430 719; x_wconf 77' lang='grc' dir='ltr'>ἀπόκειται</span> <span class='ocrx_word' id='word_1_33' title='bbox 1474 666 1648 740; x_wconf 81' lang='grc' dir='ltr'>Σοφία</span> <span class='ocrx_word' id='word_1_34' title='bbox 1686 668 1720 734; x_wconf 78' lang='grc' dir='ltr'>ἡ</span> <span class='ocrx_word' id='word_1_35' title='bbox 1769 666 1904 740; x_wconf 83' lang='grc' dir='ltr'><strong>γυνή</strong></span> 
     </span>
    </p>
   </div>
   <div class='ocr_carea' id='block_1_8' title="bbox 239 751 1909 827">
    <p class='ocr_par' dir='ltr' id='par_1_8' title="bbox 239 751 1909 827">
     <span class='ocr_line' id='line_1_8' title="bbox 239 751 1909 827; baseline 0 -19"><span class='ocrx_word' id='word_1_36' title='bbox 239 752 582 810; x_wconf 83' lang='grc' dir='ltr'>Ἰουστίνου.</span> <span class='ocrx_word' id='word_1_37' title='bbox 615 755 840 827; x_wconf 79' lang='grc' dir='ltr'>Ἕτερος</span> <span class='ocrx_word' id='word_1_38' title='bbox 891 751 1086 827; x_wconf 80' lang='grc' dir='ltr'>λάρναξ</span> <span class='ocrx_word' id='word_1_39' title='bbox 1137 752 1242 808; x_wconf 86' lang='grc' dir='ltr'>ἀπὸ</span> <span class='ocrx_word' id='word_1_40' title='bbox 1297 751 1453 808; x_wconf 89' lang='grc' dir='ltr'>λίθου</span> <span class='ocrx_word' id='word_1_41' title='bbox 1503 752 1699 808; x_wconf 76' lang='grc' dir='ltr'>λευκοῦ</span> <span class='ocrx_word' id='word_1_42' title='bbox 1749 763 1909 808; x_wconf 79' lang='grc' dir='ltr'>Δοκι-</span> 
     </span>
    </p>
   </div>
   <div class='ocr_carea' id='block_1_9' title="bbox 241 839 1908 916">
    <p class='ocr_par' dir='ltr' id='par_1_9' title="bbox 241 839 1908 916">
     <span class='ocr_line' id='line_1_9' title="bbox 241 839 1908 916; baseline 0.001 -20"><span class='ocrx_word' id='word_1_43' title='bbox 241 846 425 916; x_wconf 80' lang='grc' dir='ltr'><strong>μινοῦ</strong></span> <span class='ocrx_word' id='word_1_44' title='bbox 458 843 570 916; x_wconf 90' lang='grc'>(89)</span> <span class='ocrx_word' id='word_1_45' title='bbox 605 840 885 915; x_wconf 86' lang='grc' dir='ltr'>ὀνυχίτου,</span> <span class='ocrx_word' id='word_1_46' title='bbox 936 839 986 894; x_wconf 81' lang='grc' dir='ltr'>ἐν</span> <span class='ocrx_word' id='word_1_47' title='bbox 1019 841 1064 912; x_wconf 78' lang='grc' dir='ltr'>ᾦ</span> <span class='ocrx_word' id='word_1_48' title='bbox 1095 841 1376 895; x_wconf 77' lang='grc' dir='ltr'>ἀπόκειται</span> <span class='ocrx_word' id='word_1_49' title='bbox 1426 842 1746 914; x_wconf 75' lang='grc' dir='ltr'><strong>Ἡράκλειος</strong></span> <span class='ocrx_word' id='word_1_50' title='bbox 1793 843 1908 914; x_wconf 87' lang='grc'><strong>(90)</strong></span> 
     </span>
    </p>
   </div>
   <div class='ocr_carea' id='block_1_10' title="bbox 237 929 1907 1009">
    <p class='ocr_par' dir='ltr' id='par_1_10' title="bbox 237 929 1907 1009">
     <span class='ocr_line' id='line_1_10' title="bbox 237 929 1907 1009; baseline -0.002 -22"><span class='ocrx_word' id='word_1_51' title='bbox 237 933 270 987; x_wconf 84' lang='grc' dir='ltr'>ὁ</span> <span class='ocrx_word' id='word_1_52' title='bbox 333 931 530 1009; x_wconf 68' lang='grc' dir='ltr'>μέγας.</span> <span class='ocrx_word' id='word_1_53' title='bbox 585 934 808 1006; x_wconf 77' lang='grc' dir='ltr'>Έτερος</span> <span class='ocrx_word' id='word_1_54' title='bbox 859 929 1054 1003; x_wconf 85' lang='grc' dir='ltr'>λάρναξ</span> <span class='ocrx_word' id='word_1_55' title='bbox 1105 932 1366 1002; x_wconf 86' lang='grc' dir='ltr'>πράσινος</span> <span class='ocrx_word' id='word_1_56' title='bbox 1414 930 1706 999; x_wconf 85' lang='grc' dir='ltr'>Θεσσαλὸς,</span> <span class='ocrx_word' id='word_1_57' title='bbox 1755 929 1806 985; x_wconf 85' lang='grc' dir='ltr'>ἐν</span> <span class='ocrx_word' id='word_1_58' title='bbox 1861 931 1907 1002; x_wconf 80' lang='grc' dir='ltr'>ᾧ</span> 
     </span>
    </p>
   </div>
   <div class='ocr_carea' id='block_1_11' title="bbox 236 1015 1906 1095">
    <p class='ocr_par' dir='ltr' id='par_1_11' title="bbox 236 1015 1906 1095">
     <span class='ocr_line' id='line_1_11' title="bbox 236 1015 1906 1095; baseline -0.002 -19"><span class='ocrx_word' id='word_1_59' title='bbox 236 1019 541 1076; x_wconf 79' lang='grc' dir='ltr'>ἀπόκειται</span> <span class='ocrx_word' id='word_1_60' title='bbox 585 1015 768 1074; x_wconf 78' lang='grc' dir='ltr'>Φαϐία</span> <span class='ocrx_word' id='word_1_61' title='bbox 819 1022 853 1088; x_wconf 78' lang='grc' dir='ltr'>ἠ</span> <span class='ocrx_word' id='word_1_62' title='bbox 901 1022 1038 1095; x_wconf 88' lang='grc' dir='ltr'><strong>γυνή</strong></span> <span class='ocrx_word' id='word_1_63' title='bbox 1098 1020 1440 1094; x_wconf 80' lang='grc' dir='ltr'><strong>Ἡρακλείου.</strong></span> <span class='ocrx_word' id='word_1_64' title='bbox 1502 1023 1721 1092; x_wconf 80' lang='grc' dir='ltr'>’Έτερος</span> <span class='ocrx_word' id='word_1_65' title='bbox 1769 1018 1906 1093; x_wconf 88' lang='grc' dir='ltr'>λάρ-</span> 
     </span>
    </p>
   </div>
   <div class='ocr_carea' id='block_1_12' title="bbox 245 1108 1908 1183">
    <p class='ocr_par' dir='ltr' id='par_1_12' title="bbox 245 1108 1908 1183">
     <span class='ocr_line' id='line_1_12' title="bbox 245 1108 1908 1183; baseline 0 -20"><span class='ocrx_word' id='word_1_66' title='bbox 245 1110 350 1180; x_wconf 87' lang='grc' dir='ltr'><strong>ναξ</strong></span> <span class='ocrx_word' id='word_1_67' title='bbox 413 1111 807 1183; x_wconf 78' lang='grc' dir='ltr'>Προικονήσιος</span> <span class='ocrx_word' id='word_1_68' title='bbox 857 1108 1271 1164; x_wconf 87' lang='grc' dir='ltr'>Κωνσταντίνου</span> <span class='ocrx_word' id='word_1_69' title='bbox 1342 1108 1700 1182; x_wconf 85' lang='grc' dir='ltr'>ΙΙωγωνάτου.</span> <span class='ocrx_word' id='word_1_70' title='bbox 1751 1111 1908 1163; x_wconf 86' lang='grc' dir='ltr'>Ἕτε-</span> 
     </span>
    </p>
   </div>
   <div class='ocr_carea' id='block_1_13' title="bbox 243 1194 1908 1271">
    <p class='ocr_par' dir='ltr' id='par_1_13' title="bbox 243 1194 1908 1271">
     <span class='ocr_line' id='line_1_13' title="bbox 243 1194 1908 1271; baseline -0.001 -19"><span class='ocrx_word' id='word_1_71' title='bbox 243 1218 352 1271; x_wconf 88' lang='grc' dir='ltr'>ρος</span> <span class='ocrx_word' id='word_1_72' title='bbox 409 1197 606 1271; x_wconf 84' lang='grc' dir='ltr'>λάρναξ</span> <span class='ocrx_word' id='word_1_73' title='bbox 655 1198 762 1252; x_wconf 86' lang='grc' dir='ltr'>ἀπὸ</span> <span class='ocrx_word' id='word_1_74' title='bbox 821 1196 980 1260; x_wconf 90' lang='grc' dir='ltr'>λίθου</span> <span class='ocrx_word' id='word_1_75' title='bbox 1032 1196 1296 1270; x_wconf 79' lang='grc' dir='ltr'>πρασίνου</span> <span class='ocrx_word' id='word_1_76' title='bbox 1353 1194 1710 1268; x_wconf 75' lang='grc' dir='ltr'><strong>Θεσσαλικοῦ,</strong></span> <span class='ocrx_word' id='word_1_77' title='bbox 1756 1194 1808 1250; x_wconf 76' lang='grc' dir='ltr'>ἓν</span> <span class='ocrx_word' id='word_1_78' title='bbox 1862 1197 1908 1267; x_wconf 84' lang='grc' dir='ltr'>ᾦ</span> 
     </span>
    </p>
   </div>
   <div class='ocr_carea' id='block_1_14' title="bbox 238 1285 1910 1360">
    <p class='ocr_par' dir='ltr' id='par_1_14' title="bbox 238 1285 1910 1360">
     <span class='ocr_line' id='line_1_14' title="bbox 238 1285 1910 1360; baseline -0.002 -19"><span class='ocrx_word' id='word_1_79' title='bbox 238 1285 541 1341; x_wconf 84' lang='grc' dir='ltr'>ἀπόκειται</span> <span class='ocrx_word' id='word_1_80' title='bbox 596 1289 812 1340; x_wconf 79' lang='grc' dir='ltr'>Φαῦστα</span> <span class='ocrx_word' id='word_1_81' title='bbox 865 1287 978 1359; x_wconf 83' lang='grc'>(91)</span> <span class='ocrx_word' id='word_1_82' title='bbox 1028 1287 1062 1353; x_wconf 84' lang='grc' dir='ltr'>ἡ</span> <span class='ocrx_word' id='word_1_83' title='bbox 1121 1287 1256 1360; x_wconf 85' lang='grc' dir='ltr'><strong>γυνὴ</strong></span> <span class='ocrx_word' id='word_1_84' title='bbox 1320 1285 1729 1343; x_wconf 77' lang='grc' dir='ltr'>Κωνσταντίνου</span> <span class='ocrx_word' id='word_1_85' title='bbox 1791 1291 1910 1340; x_wconf 85' lang='grc' dir='ltr'><strong>Πω-</strong></span> 
     </span>
    </p>
   </div>
   <div class='ocr_carea' id='block_1_15' title="bbox 247 1372 1906 1451">
    <p class='ocr_par' dir='ltr' id='par_1_15' title="bbox 247 1372 1906 1451">
     <span class='ocr_line' id='line_1_15' title="bbox 247 1372 1906 1451; baseline -0.002 -21"><span class='ocrx_word' id='word_1_86' title='bbox 247 1374 531 1451; x_wconf 85' lang='grc' dir='ltr'>γωνάτου.</span> <span class='ocrx_word' id='word_1_87' title='bbox 583 1377 805 1446; x_wconf 78' lang='grc' dir='ltr'><strong>’Έτερος</strong></span> <span class='ocrx_word' id='word_1_88' title='bbox 865 1373 1062 1447; x_wconf 84' lang='grc' dir='ltr'>λάρναξ</span> <span class='ocrx_word' id='word_1_89' title='bbox 1114 1373 1437 1447; x_wconf 86' lang='grc' dir='ltr'>Σαγαρινὸς,</span> <span class='ocrx_word' id='word_1_90' title='bbox 1486 1372 1538 1427; x_wconf 83' lang='grc' dir='ltr'>ἐν</span> <span class='ocrx_word' id='word_1_91' title='bbox 1583 1375 1629 1444; x_wconf 82' lang='grc' dir='ltr'>ᾦ</span> <span class='ocrx_word' id='word_1_92' title='bbox 1684 1372 1906 1428; x_wconf 74' lang='grc' dir='ltr'>ἀπόγει-</span> 
     </span>
    </p>
   </div>
   <div class='ocr_carea' id='block_1_16' title="bbox 243 1460 1907 1537">
    <p class='ocr_par' dir='ltr' id='par_1_16' title="bbox 243 1460 1907 1537">
     <span class='ocr_line' id='line_1_16' title="bbox 243 1460 1907 1537; baseline -0.002 -18"><span class='ocrx_word' id='word_1_93' title='bbox 243 1484 343 1519; x_wconf 88' lang='grc' dir='ltr'><strong>ται</strong></span> <span class='ocrx_word' id='word_1_94' title='bbox 419 1469 843 1530; x_wconf 81' lang='grc' dir='ltr'>Κωνσταντῖνος,</span> <span class='ocrx_word' id='word_1_95' title='bbox 919 1464 1094 1537; x_wconf 78' lang='grc' dir='ltr'>ἓγγων</span> <span class='ocrx_word' id='word_1_96' title='bbox 1162 1460 1510 1536; x_wconf 85' lang='grc' dir='ltr'>Ἡρακλείου,</span> <span class='ocrx_word' id='word_1_97' title='bbox 1579 1463 1692 1523; x_wconf 75' lang='grc' dir='ltr'>υἱὸς</span> <span class='ocrx_word' id='word_1_98' title='bbox 1760 1469 1907 1517; x_wconf 84' lang='grc' dir='ltr'><strong>Κων-</strong></span> 
     </span>
    </p>
   </div>
   <div class='ocr_carea' id='block_1_17' title="bbox 246 1550 1906 1627">
    <p class='ocr_par' dir='ltr' id='par_1_17' title="bbox 246 1550 1906 1627">
     <span class='ocr_line' id='line_1_17' title="bbox 246 1550 1906 1627; baseline -0.001 -18"><span class='ocrx_word' id='word_1_99' title='bbox 246 1553 539 1609; x_wconf 77' lang='grc' dir='ltr'>σταντίνου</span> <span class='ocrx_word' id='word_1_100' title='bbox 606 1556 722 1624; x_wconf 63' lang='grc'>(93)</span> <span class='ocrx_word' id='word_1_101' title='bbox 785 1556 882 1606; x_wconf 77' lang='grc' dir='ltr'><strong>τοῦ</strong></span> <span class='ocrx_word' id='word_1_102' title='bbox 939 1552 1303 1627; x_wconf 80' lang='grc' dir='ltr'>Ηωγωνάτου.</span> <span class='ocrx_word' id='word_1_103' title='bbox 1391 1554 1614 1626; x_wconf 84' lang='grc' dir='ltr'>Ἕτερος</span> <span class='ocrx_word' id='word_1_104' title='bbox 1708 1550 1906 1627; x_wconf 75' lang='grc' dir='ltr'>λάρναξ</span> 
     </span>
    </p>
   </div>
   <div class='ocr_carea' id='block_1_18' title="bbox 258 1639 1906 1716">
    <p class='ocr_par' dir='ltr' id='par_1_18' title="bbox 258 1639 1906 1716">
     <span class='ocr_line' id='line_1_18' title="bbox 258 1639 1906 1716; baseline -0.002 -19"><span class='ocrx_word' id='word_1_105' title='bbox 258 1641 374 1697; x_wconf 78' lang='grc' dir='ltr'><strong>ἀπὸ</strong></span> <span class='ocrx_word' id='word_1_106' title='bbox 443 1641 598 1696; x_wconf 82' lang='grc' dir='ltr'>λίθου</span> <span class='ocrx_word' id='word_1_107' title='bbox 677 1645 976 1716; x_wconf 79' lang='grc' dir='ltr'>Σαγαρινοῦ</span> <span class='ocrx_word' id='word_1_108' title='bbox 1045 1639 1458 1704; x_wconf 75' lang='grc' dir='ltr'>ἒκατοντάλιθος</span> <span class='ocrx_word' id='word_1_109' title='bbox 1548 1643 1684 1714; x_wconf 88' lang='grc'>(93),</span> <span class='ocrx_word' id='word_1_110' title='bbox 1752 1639 1803 1695; x_wconf 82' lang='grc' dir='ltr'>ἐν</span> <span class='ocrx_word' id='word_1_111' title='bbox 1860 1641 1906 1712; x_wconf 83' lang='grc' dir='ltr'>ᾧ</span> 
     </span>
    </p>
   </div>
   <div class='ocr_carea' id='block_1_19' title="bbox 250 1730 1906 1805">
    <p class='ocr_par' dir='ltr' id='par_1_19' title="bbox 250 1730 1906 1805">
     <span class='ocr_line' id='line_1_19' title="bbox 250 1730 1906 1805; baseline -0.001 -19"><span class='ocrx_word' id='word_1_112' title='bbox 250 1731 544 1786; x_wconf 71' lang='grc' dir='ltr'>ἀπόκειται</span> <span class='ocrx_word' id='word_1_113' title='bbox 615 1731 964 1790; x_wconf 87' lang='grc' dir='ltr'>Ἀναστάσιος</span> <span class='ocrx_word' id='word_1_114' title='bbox 1022 1731 1050 1783; x_wconf 85' lang='grc' dir='ltr'>ὁ</span> <span class='ocrx_word' id='word_1_115' title='bbox 1133 1730 1221 1784; x_wconf 82' lang='grc' dir='ltr'><strong>καὶ</strong></span> <span class='ocrx_word' id='word_1_116' title='bbox 1290 1730 1599 1805; x_wconf 80' lang='grc' dir='ltr'><strong>Ἀρτέμιος.</strong></span> <span class='ocrx_word' id='word_1_117' title='bbox 1686 1733 1906 1804; x_wconf 77' lang='grc' dir='ltr'>’Έτερος</span> 
     </span>
    </p>
   </div>
   <div class='ocr_carea' id='block_1_20' title="bbox 2021 577 3667 649">
    <p class='ocr_par' dir='ltr' id='par_1_20' title="bbox 2021 577 3667 649">
     <span class='ocr_line' id='line_1_20' title="bbox 2021 577 3667 649; baseline 0.005 -19"><span class='ocrx_word' id='word_1_118' title='bbox 2021 591 2134 645; x_wconf 88' lang='lat' dir='ltr'><strong>quo</strong></span> <span class='ocrx_word' id='word_1_119' title='bbox 2157 577 2312 646; x_wconf 83' lang='lat' dir='ltr'>jacet</span> <span class='ocrx_word' id='word_1_120' title='bbox 2333 577 2566 649; x_wconf 81' lang='lat' dir='ltr'><strong>Sophia,</strong></span> <span class='ocrx_word' id='word_1_121' title='bbox 2611 595 2753 635; x_wconf 81' lang='lat' dir='ltr'><strong>uxor</strong></span> <span class='ocrx_word' id='word_1_122' title='bbox 2787 577 3007 634; x_wconf 82' lang='lat' dir='ltr'><strong>Justini</strong></span> <span class='ocrx_word' id='word_1_123' title='bbox 3066 577 3378 649; x_wconf 77' lang='lat' dir='ltr'><strong>[Minoris].</strong></span> <span class='ocrx_word' id='word_1_124' title='bbox 3416 580 3579 638; x_wconf 84' lang='lat' dir='ltr'><strong>Alius</strong></span> <span class='ocrx_word' id='word_1_125' title='bbox 3636 597 3667 638; x_wconf 77' lang='grc' dir='ltr'><strong>θ</strong></span> 
     </span>
    </p>
   </div>
   <div class='ocr_carea' id='block_1_21' title="bbox 2022 664 3663 736">
    <p class='ocr_par' dir='ltr' id='par_1_21' title="bbox 2022 664 3663 736">
     <span class='ocr_line' id='line_1_21' title="bbox 2022 664 3663 736; baseline 0.004 -20"><span class='ocrx_word' id='word_1_126' title='bbox 2022 664 2265 718; x_wconf 90' lang='lat' dir='ltr'><strong>candido</strong></span> <span class='ocrx_word' id='word_1_127' title='bbox 2288 681 2574 720; x_wconf 89' lang='lat' dir='ltr'><strong>marmore</strong></span> <span class='ocrx_word' id='word_1_128' title='bbox 2623 665 2946 730; x_wconf 90' lang='lat' dir='ltr'><strong>Docimino,</strong></span> <span class='ocrx_word' id='word_1_129' title='bbox 2995 665 3183 720; x_wconf 89' lang='lat' dir='ltr'><strong>colore</strong></span> <span class='ocrx_word' id='word_1_130' title='bbox 3213 665 3539 736; x_wconf 83' lang='lat' dir='ltr'><strong>Onychiten</strong></span> <span class='ocrx_word' id='word_1_131' title='bbox 3570 683 3663 723; x_wconf 85' lang='lat' dir='ltr'><strong>re-</strong></span> 
     </span>
    </p>
   </div>
   <div class='ocr_carea' id='block_1_22' title="bbox 2021 751 3661 824">
    <p class='ocr_par' dir='ltr' id='par_1_22' title="bbox 2021 751 3661 824">
     <span class='ocr_line' id='line_1_22' title="bbox 2021 751 3661 824; baseline 0.004 -20"><span class='ocrx_word' id='word_1_132' title='bbox 2021 751 2257 819; x_wconf 81' lang='lat' dir='ltr'><strong>ferente,</strong></span> <span class='ocrx_word' id='word_1_133' title='bbox 2289 753 2346 807; x_wconf 90' lang='lat' dir='ltr'><strong>in</strong></span> <span class='ocrx_word' id='word_1_134' title='bbox 2381 770 2495 824; x_wconf 91' lang='lat' dir='ltr'><strong>quo</strong></span> <span class='ocrx_word' id='word_1_135' title='bbox 2517 755 2672 822; x_wconf 83' lang='lat' dir='ltr'><strong>jacet</strong></span> <span class='ocrx_word' id='word_1_136' title='bbox 2711 752 3013 809; x_wconf 86' lang='lat' dir='ltr'><strong>Heraclius</strong></span> <span class='ocrx_word' id='word_1_137' title='bbox 3037 757 3299 824; x_wconf 82' lang='lat' dir='ltr'><strong>Magnus.</strong></span> <span class='ocrx_word' id='word_1_138' title='bbox 3334 753 3498 810; x_wconf 91' lang='lat' dir='ltr'><strong>Alius</strong></span> <span class='ocrx_word' id='word_1_139' title='bbox 3520 755 3661 810; x_wconf 63' lang='lat' dir='ltr'><strong>viri«</strong></span> 
     </span>
    </p>
   </div>
   <div class='ocr_carea' id='block_1_23' title="bbox 2019 839 3661 914">
    <p class='ocr_par' dir='ltr' id='par_1_23' title="bbox 2019 839 3661 914">
     <span class='ocr_line' id='line_1_23' title="bbox 2019 839 3661 914; baseline 0.003 -20"><span class='ocrx_word' id='word_1_140' title='bbox 2019 839 2130 907; x_wconf 92' lang='lat' dir='ltr'><strong>dis,</strong></span> <span class='ocrx_word' id='word_1_141' title='bbox 2166 857 2452 896; x_wconf 82' lang='lat' dir='ltr'><strong>marmore</strong></span> <span class='ocrx_word' id='word_1_142' title='bbox 2483 843 2776 908; x_wconf 85' lang='lat' dir='ltr'><strong>Thessalo,</strong></span> <span class='ocrx_word' id='word_1_143' title='bbox 2807 842 2866 898; x_wconf 89' lang='lat' dir='ltr'><strong>in</strong></span> <span class='ocrx_word' id='word_1_144' title='bbox 2908 859 3024 913; x_wconf 91' lang='lat' dir='ltr'><strong>quo</strong></span> <span class='ocrx_word' id='word_1_145' title='bbox 3071 843 3228 914; x_wconf 80' lang='lat' dir='ltr'><strong>jacet</strong></span> <span class='ocrx_word' id='word_1_146' title='bbox 3277 842 3480 910; x_wconf 82' lang='lat' dir='ltr'><strong>Fabia,</strong></span> <span class='ocrx_word' id='word_1_147' title='bbox 3515 859 3661 899; x_wconf 82' lang='lat' dir='ltr'><strong>uxor</strong></span> 
     </span>
    </p>
   </div>
   <div class='ocr_carea' id='block_1_24' title="bbox 2018 930 3666 999">
    <p class='ocr_par' dir='ltr' id='par_1_24' title="bbox 2018 930 3666 999">
     <span class='ocr_line' id='line_1_24' title="bbox 2018 930 3666 999; baseline 0.005 -16"><span class='ocrx_word' id='word_1_148' title='bbox 2018 930 2287 985; x_wconf 86' lang='lat' dir='ltr'><strong>Heraclii.</strong></span> <span class='ocrx_word' id='word_1_149' title='bbox 2317 931 2477 987; x_wconf 87' lang='lat' dir='ltr'><strong>Alius</strong></span> <span class='ocrx_word' id='word_1_150' title='bbox 2498 948 2528 989; x_wconf 86' lang='grc' dir='ltr'>θ</span> <span class='ocrx_word' id='word_1_151' title='bbox 2556 949 2842 990; x_wconf 81' lang='lat' dir='ltr'><strong>marmore</strong></span> <span class='ocrx_word' id='word_1_152' title='bbox 2867 933 3272 999; x_wconf 84' lang='lat' dir='ltr'><strong>Proconnesio,</strong></span> <span class='ocrx_word' id='word_1_153' title='bbox 3294 936 3666 992; x_wconf 71' lang='lat' dir='ltr'><strong>Constantini</strong></span> 
     </span>
    </p>
   </div>
   <div class='ocr_carea' id='block_1_25' title="bbox 2019 1017 3667 1092">
    <p class='ocr_par' dir='ltr' id='par_1_25' title="bbox 2019 1017 3667 1092">
     <span class='ocr_line' id='line_1_25' title="bbox 2019 1017 3667 1092; baseline 0.005 -20"><span class='ocrx_word' id='word_1_154' title='bbox 2019 1017 2311 1089; x_wconf 81' lang='lat' dir='ltr'><strong>Pogonati.</strong></span> <span class='ocrx_word' id='word_1_155' title='bbox 2366 1019 2526 1077; x_wconf 82' lang='lat' dir='ltr'><strong>Alius</strong></span> <span class='ocrx_word' id='word_1_156' title='bbox 2573 1037 2604 1076; x_wconf 84' lang='grc' dir='ltr'>θ</span> <span class='ocrx_word' id='word_1_157' title='bbox 2645 1038 2932 1079; x_wconf 78' lang='lat' dir='ltr'><strong>marmore</strong></span> <span class='ocrx_word' id='word_1_158' title='bbox 2971 1022 3142 1078; x_wconf 85' lang='lat' dir='ltr'><strong>viridi</strong></span> <span class='ocrx_word' id='word_1_159' title='bbox 3200 1023 3554 1092; x_wconf 87' lang='lat' dir='ltr'><strong>Thessalico,</strong></span> <span class='ocrx_word' id='word_1_160' title='bbox 3605 1025 3667 1081; x_wconf 86' lang='lat' dir='ltr'><strong>in</strong></span> 
     </span>
    </p>
   </div>
   <div class='ocr_carea' id='block_1_26' title="bbox 2019 1108 3662 1186">
    <p class='ocr_par' dir='ltr' id='par_1_26' title="bbox 2019 1108 3662 1186">
     <span class='ocr_line' id='line_1_26' title="bbox 2019 1108 3662 1186; baseline 0.004 -23"><span class='ocrx_word' id='word_1_161' title='bbox 2019 1124 2134 1179; x_wconf 89' lang='lat' dir='ltr'><strong>quo</strong></span> <span class='ocrx_word' id='word_1_162' title='bbox 2167 1108 2278 1164; x_wconf 90' lang='lat' dir='ltr'><strong>sita</strong></span> <span class='ocrx_word' id='word_1_163' title='bbox 2320 1114 2409 1166; x_wconf 91' lang='lat' dir='ltr'><strong>est</strong></span> <span class='ocrx_word' id='word_1_164' title='bbox 2451 1111 2681 1180; x_wconf 89' lang='lat' dir='ltr'><strong>Fausta,</strong></span> <span class='ocrx_word' id='word_1_165' title='bbox 2743 1128 2888 1168; x_wconf 83' lang='lat' dir='ltr'><strong>uxor</strong></span> <span class='ocrx_word' id='word_1_166' title='bbox 2941 1112 3309 1168; x_wconf 77' lang='lat' dir='ltr'><strong>Constantini</strong></span> <span class='ocrx_word' id='word_1_167' title='bbox 3360 1115 3662 1186; x_wconf 80' lang='lat' dir='ltr'><strong>Pogonati.</strong></span> 
     </span>
    </p>
   </div>
   <div class='ocr_carea' id='block_1_27' title="bbox 2019 1196 3667 1273">
    <p class='ocr_par' dir='ltr' id='par_1_27' title="bbox 2019 1196 3667 1273">
     <span class='ocr_line' id='line_1_27' title="bbox 2019 1196 3667 1273; baseline 0.005 -22"><span class='ocrx_word' id='word_1_168' title='bbox 2019 1196 2186 1253; x_wconf 79' lang='lat' dir='ltr'><strong>Alius</strong></span> <span class='ocrx_word' id='word_1_169' title='bbox 2215 1214 2246 1254; x_wconf 91' lang='lat' dir='ltr'><strong>e</strong></span> <span class='ocrx_word' id='word_1_170' title='bbox 2279 1214 2568 1256; x_wconf 90' lang='lat' dir='ltr'><strong>marmore</strong></span> <span class='ocrx_word' id='word_1_171' title='bbox 2599 1200 2903 1273; x_wconf 74' lang='lat' dir='ltr'><strong>Sagarino,</strong></span> <span class='ocrx_word' id='word_1_172' title='bbox 2937 1202 2996 1259; x_wconf 92' lang='lat' dir='ltr'><strong>in</strong></span> <span class='ocrx_word' id='word_1_173' title='bbox 3056 1217 3170 1273; x_wconf 87' lang='lat' dir='ltr'><strong>quo</strong></span> <span class='ocrx_word' id='word_1_174' title='bbox 3218 1204 3367 1258; x_wconf 88' lang='lat' dir='ltr'><strong>situs</strong></span> <span class='ocrx_word' id='word_1_175' title='bbox 3395 1208 3488 1259; x_wconf 88' lang='lat' dir='ltr'><strong>est</strong></span> <span class='ocrx_word' id='word_1_176' title='bbox 3515 1204 3667 1260; x_wconf 88' lang='lat' dir='ltr'><strong>Con-</strong></span> 
     </span>
    </p>
   </div>
   <div class='ocr_carea' id='block_1_28' title="bbox 2021 1287 3664 1365">
    <p class='ocr_par' dir='ltr' id='par_1_28' title="bbox 2021 1287 3664 1365">
     <span class='ocr_line' id='line_1_28' title="bbox 2021 1287 3664 1365; baseline 0.004 -23"><span class='ocrx_word' id='word_1_177' title='bbox 2021 1287 2339 1357; x_wconf 87' lang='lat' dir='ltr'><strong>stantinus,</strong></span> <span class='ocrx_word' id='word_1_178' title='bbox 2373 1305 2553 1361; x_wconf 89' lang='lat' dir='ltr'><strong>nepos</strong></span> <span class='ocrx_word' id='word_1_179' title='bbox 2591 1289 2860 1358; x_wconf 87' lang='lat' dir='ltr'><strong>Heraclii,</strong></span> <span class='ocrx_word' id='word_1_180' title='bbox 2892 1295 3053 1362; x_wconf 88' lang='lat' dir='ltr'><strong>pater</strong></span> <span class='ocrx_word' id='word_1_181' title='bbox 3090 1292 3450 1347; x_wconf 78' lang='lat' dir='ltr'><strong>Constantini</strong></span> <span class='ocrx_word' id='word_1_182' title='bbox 3483 1293 3664 1365; x_wconf 86' lang='lat' dir='ltr'><strong>Pogo-</strong></span> 
     </span>
    </p>
   </div>
   <div class='ocr_carea' id='block_1_29' title="bbox 2021 1379 3665 1454">
    <p class='ocr_par' dir='ltr' id='par_1_29' title="bbox 2021 1379 3665 1454">
     <span class='ocr_line' id='line_1_29' title="bbox 2021 1379 3665 1454; baseline 0.004 -20"><span class='ocrx_word' id='word_1_183' title='bbox 2021 1379 2158 1434; x_wconf 91' lang='lat' dir='ltr'><strong>nati.</strong></span> <span class='ocrx_word' id='word_1_184' title='bbox 2192 1381 2357 1437; x_wconf 84' lang='lat' dir='ltr'><strong>Alius</strong></span> <span class='ocrx_word' id='word_1_185' title='bbox 2387 1397 2418 1436; x_wconf 91' lang='lat' dir='ltr'><strong>e</strong></span> <span class='ocrx_word' id='word_1_186' title='bbox 2448 1398 2737 1438; x_wconf 89' lang='lat' dir='ltr'><strong>marmore</strong></span> <span class='ocrx_word' id='word_1_187' title='bbox 2755 1383 3038 1454; x_wconf 85' lang='lat' dir='ltr'><strong>Sagarino</strong></span> <span class='ocrx_word' id='word_1_188' title='bbox 3077 1383 3530 1441; x_wconf 84' lang='lat' dir='ltr'><strong>hecatontalitho</strong></span> <span class='ocrx_word' id='word_1_189' title='bbox 3559 1401 3665 1441; x_wconf 85' lang='lat' dir='ltr'><strong>seu</strong></span> 
     </span>
    </p>
   </div>
   <div class='ocr_carea' id='block_1_30' title="bbox 2021 1468 3664 1540">
    <p class='ocr_par' dir='ltr' id='par_1_30' title="bbox 2021 1468 3664 1540">
     <span class='ocr_line' id='line_1_30' title="bbox 2021 1468 3664 1540; baseline 0.002 -16"><span class='ocrx_word' id='word_1_190' title='bbox 2021 1468 2404 1533; x_wconf 90' lang='lat' dir='ltr'><strong>multicolore,</strong></span> <span class='ocrx_word' id='word_1_191' title='bbox 2430 1469 2489 1524; x_wconf 91' lang='lat' dir='ltr'><strong>in</strong></span> <span class='ocrx_word' id='word_1_192' title='bbox 2522 1486 2637 1540; x_wconf 88' lang='lat' dir='ltr'><strong>quo</strong></span> <span class='ocrx_word' id='word_1_193' title='bbox 2669 1471 2819 1526; x_wconf 89' lang='lat' dir='ltr'><strong>situs</strong></span> <span class='ocrx_word' id='word_1_194' title='bbox 2841 1476 2930 1526; x_wconf 87' lang='lat' dir='ltr'><strong>est</strong></span> <span class='ocrx_word' id='word_1_195' title='bbox 2961 1473 3329 1538; x_wconf 87' lang='lat' dir='ltr'><strong>Anastasius,</strong></span> <span class='ocrx_word' id='word_1_196' title='bbox 3372 1471 3516 1528; x_wconf 82' lang='lat' dir='ltr'><strong>alias</strong></span> <span class='ocrx_word' id='word_1_197' title='bbox 3551 1475 3664 1528; x_wconf 83' lang='lat' dir='ltr'><strong>Ar-</strong></span> 
     </span>
    </p>
   </div>
   <div class='ocr_carea' id='block_1_31' title="bbox 2018 1557 3664 1632">
    <p class='ocr_par' dir='ltr' id='par_1_31' title="bbox 2018 1557 3664 1632">
     <span class='ocr_line' id='line_1_31' title="bbox 2018 1557 3664 1632; baseline 0.004 -22"><span class='ocrx_word' id='word_1_198' title='bbox 2018 1557 2232 1612; x_wconf 88' lang='lat' dir='ltr'><strong>temius</strong></span> <span class='ocrx_word' id='word_1_199' title='bbox 2262 1558 2470 1613; x_wconf 80' lang='lat' dir='ltr'><strong>dictus.</strong></span> <span class='ocrx_word' id='word_1_200' title='bbox 2505 1559 2671 1614; x_wconf 83' lang='lat' dir='ltr'><strong>Alius</strong></span> <span class='ocrx_word' id='word_1_201' title='bbox 2709 1574 2740 1614; x_wconf 93' lang='lat' dir='ltr'><strong>e</strong></span> <span class='ocrx_word' id='word_1_202' title='bbox 2771 1575 3061 1615; x_wconf 85' lang='lat' dir='ltr'><strong>marmore</strong></span> <span class='ocrx_word' id='word_1_203' title='bbox 3104 1559 3554 1632; x_wconf 85' lang='lat' dir='ltr'><strong>Hierapolitano,</strong></span> <span class='ocrx_word' id='word_1_204' title='bbox 3604 1563 3664 1617; x_wconf 91' lang='lat' dir='ltr'><strong>in</strong></span> 
     </span>
    </p>
   </div>
   <div class='ocr_carea' id='block_1_32' title="bbox 2023 1645 3662 1716">
    <p class='ocr_par' dir='ltr' id='par_1_32' title="bbox 2023 1645 3662 1716">
     <span class='ocr_line' id='line_1_32' title="bbox 2023 1645 3662 1716; baseline 0.004 -17"><span class='ocrx_word' id='word_1_205' title='bbox 2023 1661 2140 1716; x_wconf 88' lang='lat' dir='ltr'><strong>quo</strong></span> <span class='ocrx_word' id='word_1_206' title='bbox 2161 1645 2274 1701; x_wconf 86' lang='lat' dir='ltr'><strong>sila</strong></span> <span class='ocrx_word' id='word_1_207' title='bbox 2302 1651 2393 1702; x_wconf 90' lang='lat' dir='ltr'><strong>est</strong></span> <span class='ocrx_word' id='word_1_208' title='bbox 2421 1647 2681 1716; x_wconf 86' lang='lat' dir='ltr'><strong>ejusdem</strong></span> <span class='ocrx_word' id='word_1_209' title='bbox 2706 1647 2995 1704; x_wconf 76' lang='lat' dir='ltr'><strong>Anastasii</strong></span> <span class='ocrx_word' id='word_1_210' title='bbox 3031 1648 3272 1705; x_wconf 87' lang='lat' dir='ltr'><strong>Artemii</strong></span> <span class='ocrx_word' id='word_1_211' title='bbox 3299 1666 3462 1708; x_wconf 83' lang='lat' dir='ltr'><strong>uxor.</strong></span> <span class='ocrx_word' id='word_1_212' title='bbox 3493 1649 3662 1706; x_wconf 82' lang='lat' dir='ltr'><strong>Alius</strong></span> 
     </span>
    </p>
   </div>
   <div class='ocr_carea' id='block_1_33' title="bbox 2023 1735 3666 1808">
    <p class='ocr_par' dir='ltr' id='par_1_33' title="bbox 2023 1735 3666 1808">
     <span class='ocr_line' id='line_1_33' title="bbox 2023 1735 3666 1808; baseline 0.005 -20"><span class='ocrx_word' id='word_1_213' title='bbox 2023 1749 2054 1788; x_wconf 91' lang='lat' dir='ltr'><strong>e</strong></span> <span class='ocrx_word' id='word_1_214' title='bbox 2101 1750 2392 1791; x_wconf 90' lang='lat' dir='ltr'><strong>marmore</strong></span> <span class='ocrx_word' id='word_1_215' title='bbox 2431 1735 2842 1806; x_wconf 88' lang='lat' dir='ltr'><strong>Proconnesio,</strong></span> <span class='ocrx_word' id='word_1_216' title='bbox 2901 1737 2960 1792; x_wconf 93' lang='lat' dir='ltr'><strong>in</strong></span> <span class='ocrx_word' id='word_1_217' title='bbox 3009 1754 3124 1808; x_wconf 88' lang='lat' dir='ltr'><strong>quo</strong></span> <span class='ocrx_word' id='word_1_218' title='bbox 3190 1737 3337 1794; x_wconf 87' lang='lat' dir='ltr'><strong>situ</strong></span> <span class='ocrx_word' id='word_1_219' title='bbox 3403 1743 3493 1795; x_wconf 90' lang='lat' dir='ltr'><strong>est</strong></span> <span class='ocrx_word' id='word_1_220' title='bbox 3551 1741 3666 1796; x_wconf 88' lang='lat' dir='ltr'><strong>Leo</strong></span> 
     </span>
    </p>
   </div>
   <div class='ocr_carea' id='block_1_34' title="bbox 256 1816 1917 1932">
    <p class='ocr_par' dir='ltr' id='par_1_34' title="bbox 256 1816 1904 1932">
     <span class='ocr_line' id='line_1_34' title="bbox 256 1816 1904 1894; baseline -0.001 -19"><span class='ocrx_word' id='word_1_221' title='bbox 256 1819 467 1894; x_wconf 80' lang='grc' dir='ltr'>λάρναξ</span> <span class='ocrx_word' id='word_1_222' title='bbox 516 1821 620 1874; x_wconf 82' lang='grc' dir='ltr'>ἀπὸ</span> <span class='ocrx_word' id='word_1_223' title='bbox 662 1817 818 1882; x_wconf 82' lang='grc' dir='ltr'>λίθου</span> <span class='ocrx_word' id='word_1_224' title='bbox 874 1816 1268 1892; x_wconf 83' lang='grc' dir='ltr'>Ἱεραπολίτου,</span> <span class='ocrx_word' id='word_1_225' title='bbox 1331 1818 1381 1872; x_wconf 81' lang='grc' dir='ltr'>ἐν</span> <span class='ocrx_word' id='word_1_226' title='bbox 1442 1821 1487 1890; x_wconf 82' lang='grc' dir='ltr'>ᾧ</span> <span class='ocrx_word' id='word_1_227' title='bbox 1542 1820 1820 1874; x_wconf 81' lang='grc' dir='ltr'>ἀπόκειται</span> <span class='ocrx_word' id='word_1_228' title='bbox 1869 1821 1904 1888; x_wconf 77' lang='grc' dir='ltr'><strong>ἡ</strong></span> 
     </span>
     <span class='ocr_line' id='line_1_35' title="bbox 269 1907 1871 1932; baseline 0 0"><span class='ocrx_word' id='word_1_229' title='bbox 269 1931 287 1932; x_wconf 50' lang='grc' dir='ltr'>η</span> <span class='ocrx_word' id='word_1_230' title='bbox 363 1911 379 1932; x_wconf 65' lang='lat'><strong>‘,</strong></span> <span class='ocrx_word' id='word_1_231' title='bbox 441 1911 488 1932; x_wconf 65' lang='grc' dir='ltr'><strong>’Δ</strong></span> <span class='ocrx_word' id='word_1_232' title='bbox 544 1908 773 1932; x_wconf 34' lang='lat' dir='ltr'><strong>__m_-__,&#39;_.</strong></span> <span class='ocrx_word' id='word_1_233' title='bbox 851 1911 940 1932; x_wconf 56' lang='lat' dir='ltr'><strong>___‘f</strong></span> <span class='ocrx_word' id='word_1_234' title='bbox 992 1908 1078 1932; x_wconf 55' lang='grc' dir='ltr'><strong>--ηδ</strong></span> <span class='ocrx_word' id='word_1_235' title='bbox 1128 1909 1175 1932; x_wconf 70' lang='grc' dir='ltr'><strong>’Δ</strong></span> <span class='ocrx_word' id='word_1_236' title='bbox 1204 1927 1282 1932; x_wconf 52' lang='grc' dir='ltr'><strong>--Α</strong></span> <span class='ocrx_word' id='word_1_237' title='bbox 1318 1907 1414 1932; x_wconf 54' lang='lat'><strong>,.&#39;_,&quot;</strong></span> <span class='ocrx_word' id='word_1_238' title='bbox 1497 1910 1680 1932; x_wconf 49' lang='grc' dir='ltr'><strong>*ιο-Α--</strong></span> <span class='ocrx_word' id='word_1_239' title='bbox 1707 1929 1721 1932; x_wconf 84' lang='grc'><strong><em>-</em></strong></span> <span class='ocrx_word' id='word_1_240' title='bbox 1773 1907 1794 1932; x_wconf 51' lang='grc' dir='ltr'><strong>Ἴ</strong></span> <span class='ocrx_word' id='word_1_241' title='bbox 1818 1908 1871 1932; x_wconf 38' lang='grc' dir='ltr'><strong>μζ-</strong></span> 
     </span>
    </p>
   </div>
   <div class='ocr_carea' id='block_1_35' title="bbox 2031 1816 3665 1932">
    <p class='ocr_par' dir='ltr' id='par_1_35' title="bbox 2031 1822 3665 1932">
     <span class='ocr_line' id='line_1_36' title="bbox 2031 1822 3665 1901; baseline 0.006 -25"><span class='ocrx_word' id='word_1_242' title='bbox 2031 1823 2280 1878; x_wconf 80' lang='lat' dir='ltr'><strong>Isauras.</strong></span> <span class='ocrx_word' id='word_1_243' title='bbox 2315 1822 2529 1879; x_wconf 88' lang='lat' dir='ltr'><strong>Aliuse</strong></span> <span class='ocrx_word' id='word_1_244' title='bbox 2571 1841 2859 1880; x_wconf 88' lang='lat' dir='ltr'><strong>marmore</strong></span> <span class='ocrx_word' id='word_1_245' title='bbox 2886 1825 3059 1881; x_wconf 85' lang='lat' dir='ltr'><strong>viridi</strong></span> <span class='ocrx_word' id='word_1_246' title='bbox 3085 1825 3441 1894; x_wconf 80' lang='lat' dir='ltr'><strong>Thessalico,</strong></span> <span class='ocrx_word' id='word_1_247' title='bbox 3461 1826 3522 1884; x_wconf 91' lang='lat' dir='ltr'><strong>in</strong></span> <span class='ocrx_word' id='word_1_248' title='bbox 3548 1844 3665 1901; x_wconf 87' lang='lat' dir='ltr'><strong>quo</strong></span> 
     </span>
     <span class='ocr_line' id='line_1_37' title="bbox 2031 1911 3631 1932; baseline 0 0"><span class='ocrx_word' id='word_1_249' title='bbox 2031 1912 2243 1932; x_wconf 58' lang='lat' dir='ltr'><strong>.-_-L-.</strong></span> <span class='ocrx_word' id='word_1_250' title='bbox 2283 1911 2404 1932; x_wconf 45' lang='grc' dir='ltr'><strong>-.τη</strong></span> <span class='ocrx_word' id='word_1_251' title='bbox 2885 1915 2991 1932; x_wconf 24' lang='grc' dir='ltr'><strong>,γρ</strong></span> <span class='ocrx_word' id='word_1_252' title='bbox 3126 1914 3203 1932; x_wconf 74' lang='grc' dir='ltr'><strong>ι...</strong></span> <span class='ocrx_word' id='word_1_253' title='bbox 3236 1931 3269 1932; x_wconf 37' lang='grc' dir='ltr'>η</span> <span class='ocrx_word' id='word_1_254' title='bbox 3339 1916 3376 1932; x_wconf 69' lang='grc' dir='ltr'>η</span> <span class='ocrx_word' id='word_1_255' title='bbox 3435 1923 3503 1932; x_wconf 28' lang='grc' dir='ltr'><strong>κ.</strong></span> <span class='ocrx_word' id='word_1_256' title='bbox 3594 1917 3631 1932; x_wconf 92' lang='grc'><strong>..</strong></span> 
     </span>
    </p>
   </div>
   <div class='ocr_carea' id='block_1_36' title="bbox 241 1907 1908 1983">
    <p class='ocr_par' dir='ltr' id='par_1_36' title="bbox 241 1907 1908 1983">
     <span class='ocr_line' id='line_1_38' title="bbox 241 1907 1908 1983; baseline 0.008 -23"><span class='ocrx_word' id='word_1_257' title='bbox 241 1911 388 1983; x_wconf 87' lang='grc' dir='ltr'><strong>γυνή</strong></span> <span class='ocrx_word' id='word_1_258' title='bbox 441 1908 794 1965; x_wconf 82' lang='grc' dir='ltr'>Ἀναστασίου</span> <span class='ocrx_word' id='word_1_259' title='bbox 848 1911 944 1962; x_wconf 79' lang='grc' dir='ltr'>τοῦ</span> <span class='ocrx_word' id='word_1_260' title='bbox 991 1908 1082 1961; x_wconf 85' lang='grc' dir='ltr'><strong>καὶ</strong></span> <span class='ocrx_word' id='word_1_261' title='bbox 1128 1907 1442 1981; x_wconf 75' lang='grc' dir='ltr'>Ἀρτεμίου.</span> <span class='ocrx_word' id='word_1_262' title='bbox 1497 1910 1721 1981; x_wconf 79' lang='grc' dir='ltr'>’Έτερος</span> <span class='ocrx_word' id='word_1_263' title='bbox 1773 1907 1908 1983; x_wconf 79' lang='grc' dir='ltr'>λάρ-</span> 
     </span>
    </p>
   </div>
   <div class='ocr_carea' id='block_1_37' title="bbox 253 1995 1908 2073">
    <p class='ocr_par' dir='ltr' id='par_1_37' title="bbox 253 1995 1908 2073">
     <span class='ocr_line' id='line_1_39' title="bbox 253 1995 1908 2073; baseline 0 -21"><span class='ocrx_word' id='word_1_264' title='bbox 253 2000 352 2068; x_wconf 85' lang='grc' dir='ltr'><strong>ναξ</strong></span> <span class='ocrx_word' id='word_1_265' title='bbox 403 1999 509 2052; x_wconf 86' lang='grc' dir='ltr'>ἀπὸ</span> <span class='ocrx_word' id='word_1_266' title='bbox 555 1997 715 2062; x_wconf 83' lang='grc' dir='ltr'>λίθου</span> <span class='ocrx_word' id='word_1_267' title='bbox 766 1997 1187 2073; x_wconf 79' lang='grc' dir='ltr'>Προικονησίου,</span> <span class='ocrx_word' id='word_1_268' title='bbox 1239 1995 1289 2050; x_wconf 81' lang='grc' dir='ltr'>ἐν</span> <span class='ocrx_word' id='word_1_269' title='bbox 1338 1998 1382 2069; x_wconf 82' lang='grc' dir='ltr'>ᾦ</span> <span class='ocrx_word' id='word_1_270' title='bbox 1433 1997 1714 2052; x_wconf 79' lang='grc' dir='ltr'>ἀπόκειται</span> <span class='ocrx_word' id='word_1_271' title='bbox 1760 1998 1908 2052; x_wconf 75' lang='grc' dir='ltr'><strong>Λέων</strong></span> 
     </span>
    </p>
   </div>
   <div class='ocr_carea' id='block_1_38' title="bbox 255 2085 1912 2161">
    <p class='ocr_par' dir='ltr' id='par_1_38' title="bbox 255 2085 1912 2161">
     <span class='ocr_line' id='line_1_40' title="bbox 255 2085 1912 2161; baseline 0.001 -20"><span class='ocrx_word' id='word_1_272' title='bbox 255 2088 286 2141; x_wconf 89' lang='grc' dir='ltr'>ὁ</span> <span class='ocrx_word' id='word_1_273' title='bbox 357 2089 633 2161; x_wconf 84' lang='grc' dir='ltr'>Ἰσαυρος.</span> <span class='ocrx_word' id='word_1_274' title='bbox 701 2089 928 2161; x_wconf 84' lang='grc' dir='ltr'>Ἕτερος</span> <span class='ocrx_word' id='word_1_275' title='bbox 992 2085 1189 2160; x_wconf 79' lang='grc' dir='ltr'>λάρναξ</span> <span class='ocrx_word' id='word_1_276' title='bbox 1255 2087 1360 2140; x_wconf 86' lang='grc' dir='ltr'>ἀπὸ</span> <span class='ocrx_word' id='word_1_277' title='bbox 1429 2086 1587 2142; x_wconf 80' lang='grc' dir='ltr'>λίθου</span> <span class='ocrx_word' id='word_1_278' title='bbox 1652 2087 1912 2161; x_wconf 83' lang='grc' dir='ltr'>πρασίνου</span> 
     </span>
    </p>
   </div>
   <div class='ocr_carea' id='block_1_39' title="bbox 261 2175 1913 2247">
    <p class='ocr_par' dir='ltr' id='par_1_39' title="bbox 261 2175 1913 2247">
     <span class='ocr_line' id='line_1_41' title="bbox 261 2175 1913 2247; baseline -0.001 -16"><span class='ocrx_word' id='word_1_279' title='bbox 261 2177 624 2243; x_wconf 82' lang='grc' dir='ltr'>Θετταλικοῦ,</span> <span class='ocrx_word' id='word_1_280' title='bbox 659 2175 710 2230; x_wconf 76' lang='grc' dir='ltr'>ἐν</span> <span class='ocrx_word' id='word_1_281' title='bbox 739 2178 785 2247; x_wconf 84' lang='grc' dir='ltr'>ᾤ</span> <span class='ocrx_word' id='word_1_282' title='bbox 829 2175 1077 2230; x_wconf 74' lang='grc' dir='ltr'><strong>ἀπέκειτο</strong></span> <span class='ocrx_word' id='word_1_283' title='bbox 1129 2181 1525 2238; x_wconf 82' lang='grc' dir='ltr'>Κωνσταντῖνος</span> <span class='ocrx_word' id='word_1_284' title='bbox 1577 2177 1604 2230; x_wconf 87' lang='lat'><strong>6</strong></span> <span class='ocrx_word' id='word_1_285' title='bbox 1653 2178 1770 2239; x_wconf 72' lang='grc' dir='ltr'>υἱὸς</span> <span class='ocrx_word' id='word_1_286' title='bbox 1815 2181 1913 2231; x_wconf 76' lang='grc' dir='ltr'><strong>τοῦ</strong></span> 
     </span>
    </p>
   </div>
   <div class='ocr_carea' id='block_1_40' title="bbox 259 2262 1911 2339">
    <p class='ocr_par' dir='ltr' id='par_1_40' title="bbox 259 2262 1911 2339">
     <span class='ocr_line' id='line_1_42' title="bbox 259 2262 1911 2339; baseline -0.001 -18"><span class='ocrx_word' id='word_1_287' title='bbox 259 2264 512 2339; x_wconf 79' lang='grc' dir='ltr'>Ἰσαύρου</span> <span class='ocrx_word' id='word_1_288' title='bbox 544 2266 570 2318; x_wconf 88' lang='lat'><strong>6</strong></span> <span class='ocrx_word' id='word_1_289' title='bbox 604 2264 927 2335; x_wconf 65' lang='grc' dir='ltr'>ἐπικληθεὶς..</span> <span class='ocrx_word' id='word_1_290' title='bbox 980 2262 1321 2328; x_wconf 68' lang='grc' dir='ltr'>Καϐαλλίνος</span> <span class='ocrx_word' id='word_1_291' title='bbox 1369 2268 1498 2338; x_wconf 81' lang='grc'>(94),</span> <span class='ocrx_word' id='word_1_292' title='bbox 1549 2265 1673 2320; x_wconf 82' lang='grc' dir='ltr'>ἀλλ’</span> <span class='ocrx_word' id='word_1_293' title='bbox 1713 2264 1911 2336; x_wconf 82' lang='grc' dir='ltr'>ἒξεώθη</span> 
     </span>
    </p>
   </div>
   <div class='ocr_carea' id='block_1_41' title="bbox 270 2351 1912 2428">
    <p class='ocr_par' dir='ltr' id='par_1_41' title="bbox 270 2351 1912 2428">
     <span class='ocr_line' id='line_1_43' title="bbox 270 2351 1912 2428; baseline -0.001 -17"><span class='ocrx_word' id='word_1_294' title='bbox 270 2354 381 2411; x_wconf 84' lang='grc' dir='ltr'>ὑπὸ</span> <span class='ocrx_word' id='word_1_295' title='bbox 415 2356 653 2428; x_wconf 67' lang='grc' dir='ltr'>Μιχαὴλ</span> <span class='ocrx_word' id='word_1_296' title='bbox 694 2354 782 2408; x_wconf 84' lang='grc' dir='ltr'><strong>καὶ</strong></span> <span class='ocrx_word' id='word_1_297' title='bbox 836 2351 1137 2426; x_wconf 85' lang='grc' dir='ltr'>Θεοδώρας,</span> <span class='ocrx_word' id='word_1_298' title='bbox 1183 2354 1271 2408; x_wconf 83' lang='grc' dir='ltr'><strong>καὶ</strong></span> <span class='ocrx_word' id='word_1_299' title='bbox 1320 2355 1551 2424; x_wconf 80' lang='grc' dir='ltr'>κατεκάη</span> <span class='ocrx_word' id='word_1_300' title='bbox 1602 2356 1664 2409; x_wconf 88' lang='grc' dir='ltr'>τὸ</span> <span class='ocrx_word' id='word_1_301' title='bbox 1713 2353 1912 2424; x_wconf 79' lang='grc' dir='ltr'>δύστη-</span> 
     </span>
    </p>
   </div>
   <div class='ocr_carea' id='block_1_42' title="bbox 259 2443 1915 2518">
    <p class='ocr_par' dir='ltr' id='par_1_42' title="bbox 259 2443 1915 2518">
     <span class='ocr_line' id='line_1_44' title="bbox 259 2443 1915 2518; baseline 0.001 -21"><span class='ocrx_word' id='word_1_302' title='bbox 259 2463 355 2497; x_wconf 91' lang='grc' dir='ltr'><strong>νον</strong></span> <span class='ocrx_word' id='word_1_303' title='bbox 386 2445 498 2516; x_wconf 89' lang='grc'>(95)</span> <span class='ocrx_word' id='word_1_304' title='bbox 549 2443 712 2498; x_wconf 80' lang='grc' dir='ltr'><strong>αὐτοῦ</strong></span> <span class='ocrx_word' id='word_1_305' title='bbox 764 2447 942 2516; x_wconf 80' lang='grc' dir='ltr'>σῶμα.</span> <span class='ocrx_word' id='word_1_306' title='bbox 993 2445 1235 2515; x_wconf 83' lang='grc' dir='ltr'>Ὁμοίως</span> <span class='ocrx_word' id='word_1_307' title='bbox 1295 2444 1383 2498; x_wconf 80' lang='grc' dir='ltr'><strong>καὶ</strong></span> <span class='ocrx_word' id='word_1_308' title='bbox 1429 2445 1456 2497; x_wconf 89' lang='grc' dir='ltr'>ὁ</span> <span class='ocrx_word' id='word_1_309' title='bbox 1508 2443 1700 2518; x_wconf 81' lang='grc' dir='ltr'>λάρναξ</span> <span class='ocrx_word' id='word_1_310' title='bbox 1751 2443 1915 2498; x_wconf 80' lang='grc' dir='ltr'>αὐτοῦ</span> 
     </span>
    </p>
   </div>
   <div class='ocr_carea' id='block_1_43' title="bbox 257 2530 1915 2608">
    <p class='ocr_par' dir='ltr' id='par_1_43' title="bbox 257 2530 1915 2608">
     <span class='ocr_line' id='line_1_45' title="bbox 257 2530 1915 2608; baseline 0 -22"><span class='ocrx_word' id='word_1_311' title='bbox 257 2530 458 2604; x_wconf 73' lang='grc' dir='ltr'>ἒξεώθη</span> <span class='ocrx_word' id='word_1_312' title='bbox 530 2531 618 2587; x_wconf 77' lang='grc' dir='ltr'><strong>καὶ</strong></span> <span class='ocrx_word' id='word_1_313' title='bbox 681 2534 1052 2607; x_wconf 74' lang='grc' dir='ltr'>κατεπρήσθη,</span> <span class='ocrx_word' id='word_1_314' title='bbox 1122 2533 1212 2587; x_wconf 80' lang='grc' dir='ltr'><strong>καὶ</strong></span> <span class='ocrx_word' id='word_1_315' title='bbox 1288 2533 1652 2608; x_wconf 80' lang='grc' dir='ltr'>ἐχρημάτισεν</span> <span class='ocrx_word' id='word_1_316' title='bbox 1719 2535 1795 2597; x_wconf 82' lang='grc' dir='ltr'><strong>εἰς</strong></span> <span class='ocrx_word' id='word_1_317' title='bbox 1849 2533 1915 2587; x_wconf 85' lang='grc' dir='ltr'><strong>τὰ</strong></span> 
     </span>
    </p>
   </div>
   <div class='ocr_carea' id='block_1_44' title="bbox 258 2620 1916 2698">
    <p class='ocr_par' dir='ltr' id='par_1_44' title="bbox 258 2620 1916 2698">
     <span class='ocr_line' id='line_1_46' title="bbox 258 2620 1916 2698; baseline 0 -23"><span class='ocrx_word' id='word_1_318' title='bbox 258 2625 356 2675; x_wconf 79' lang='grc' dir='ltr'><strong>τοῦ</strong></span> <span class='ocrx_word' id='word_1_319' title='bbox 390 2622 575 2694; x_wconf 85' lang='grc' dir='ltr'>Φάρου</span> <span class='ocrx_word' id='word_1_320' title='bbox 607 2623 719 2692; x_wconf 83' lang='grc'>(96)</span> <span class='ocrx_word' id='word_1_321' title='bbox 752 2622 1102 2693; x_wconf 87' lang='grc' dir='ltr'>συστεμάτια.</span> <span class='ocrx_word' id='word_1_322' title='bbox 1153 2623 1260 2678; x_wconf 86' lang='grc' dir='ltr'><strong>Καὶ</strong></span> <span class='ocrx_word' id='word_1_323' title='bbox 1303 2623 1404 2696; x_wconf 81' lang='grc' dir='ltr'><strong>γὰρ</strong></span> <span class='ocrx_word' id='word_1_324' title='bbox 1453 2623 1542 2676; x_wconf 83' lang='grc' dir='ltr'>καὶ</span> <span class='ocrx_word' id='word_1_325' title='bbox 1584 2622 1649 2677; x_wconf 84' lang='grc' dir='ltr'><strong>τὰ</strong></span> <span class='ocrx_word' id='word_1_326' title='bbox 1706 2620 1916 2698; x_wconf 86' lang='grc' dir='ltr'>μεγάλα</span> 
     </span>
    </p>
   </div>
   <div class='ocr_carea' id='block_1_45' title="bbox 261 2704 1917 2784">
    <p class='ocr_par' dir='ltr' id='par_1_45' title="bbox 261 2704 1917 2784">
     <span class='ocr_line' id='line_1_47' title="bbox 261 2704 1917 2784; baseline 0.001 -22"><span class='ocrx_word' id='word_1_327' title='bbox 261 2704 498 2763; x_wconf 78' lang='grc' dir='ltr'>ἆϐϐάκια</span> <span class='ocrx_word' id='word_1_328' title='bbox 545 2710 612 2763; x_wconf 83' lang='grc' dir='ltr'>τὰ</span> <span class='ocrx_word' id='word_1_329' title='bbox 657 2707 783 2763; x_wconf 78' lang='grc' dir='ltr'>ὄντα</span> <span class='ocrx_word' id='word_1_330' title='bbox 836 2709 886 2763; x_wconf 79' lang='grc' dir='ltr'>ἐν</span> <span class='ocrx_word' id='word_1_331' title='bbox 931 2714 1010 2781; x_wconf 75' lang='grc' dir='ltr'>τῷ</span> <span class='ocrx_word' id='word_1_332' title='bbox 1067 2709 1217 2781; x_wconf 75' lang='grc' dir='ltr'>αὐτῷ</span> <span class='ocrx_word' id='word_1_333' title='bbox 1274 2711 1443 2784; x_wconf 83' lang='grc' dir='ltr'>Φάρῳ</span> <span class='ocrx_word' id='word_1_334' title='bbox 1500 2710 1558 2766; x_wconf 81' lang='grc' dir='ltr'>ἐκ</span> <span class='ocrx_word' id='word_1_335' title='bbox 1597 2715 1695 2765; x_wconf 79' lang='grc' dir='ltr'>τοῦ</span> <span class='ocrx_word' id='word_1_336' title='bbox 1751 2711 1917 2765; x_wconf 78' lang='grc' dir='ltr'>αὐτοῦ</span> 
     </span>
    </p>
   </div>
   <div class='ocr_carea' id='block_1_46' title="bbox 263 2797 1914 2874">
    <p class='ocr_par' dir='ltr' id='par_1_46' title="bbox 263 2797 1914 2874">
     <span class='ocr_line' id='line_1_48' title="bbox 263 2797 1914 2874; baseline 0.001 -20"><span class='ocrx_word' id='word_1_337' title='bbox 263 2797 534 2874; x_wconf 86' lang='grc' dir='ltr'>λάρνακος</span> <span class='ocrx_word' id='word_1_338' title='bbox 588 2800 934 2874; x_wconf 83' lang='grc' dir='ltr'>τυγχανοντά</span> <span class='ocrx_word' id='word_1_339' title='bbox 1002 2798 1134 2854; x_wconf 79' lang='grc' dir='ltr'>εἰσιν</span> <span class='ocrx_word' id='word_1_340' title='bbox 1210 2801 1345 2873; x_wconf 84' lang='grc'>(97).</span> <span class='ocrx_word' id='word_1_341' title='bbox 1417 2801 1640 2874; x_wconf 80' lang='grc' dir='ltr'>Ἕτερος</span> <span class='ocrx_word' id='word_1_342' title='bbox 1715 2799 1914 2874; x_wconf 76' lang='grc' dir='ltr'>λάρναξ</span> 
     </span>
    </p>
   </div>
   <div class='ocr_carea' id='block_1_47' title="bbox 2014 1911 3738 1983">
    <p class='ocr_par' dir='ltr' id='par_1_47' title="bbox 2014 1911 3738 1983">
     <span class='ocr_line' id='line_1_49' title="bbox 2014 1911 3738 1983; baseline 0.003 -16"><span class='ocrx_word' id='word_1_343' title='bbox 2014 1912 2246 1983; x_wconf 88' lang='lat' dir='ltr'><strong>jacebat</strong></span> <span class='ocrx_word' id='word_1_344' title='bbox 2276 1911 2412 1969; x_wconf 89' lang='lat' dir='ltr'><strong>olim</strong></span> <span class='ocrx_word' id='word_1_345' title='bbox 2441 1913 2613 1969; x_wconf 90' lang='lat' dir='ltr'><strong>istius</strong></span> <span class='ocrx_word' id='word_1_346' title='bbox 2647 1913 2854 1969; x_wconf 88' lang='lat' dir='ltr'><strong>Leonis</strong></span> <span class='ocrx_word' id='word_1_347' title='bbox 2885 1915 3069 1970; x_wconf 84' lang='lat' dir='ltr'><strong>Isauri</strong></span> <span class='ocrx_word' id='word_1_348' title='bbox 3123 1914 3304 1983; x_wconf 81' lang='lat' dir='ltr'><strong>ﬁlius,</strong></span> <span class='ocrx_word' id='word_1_349' title='bbox 3337 1916 3666 1972; x_wconf 88' lang='lat' dir='ltr'><strong>Constanti-</strong></span> <span class='ocrx_word' id='word_1_350' title='bbox 3735 1970 3738 1972; x_wconf 24' lang='grc' dir='ltr'><strong>γ</strong></span> 
     </span>
    </p>
   </div>
   <div class='ocr_carea' id='block_1_48' title="bbox 2023 2001 3666 2072">
    <p class='ocr_par' dir='ltr' id='par_1_48' title="bbox 2023 2001 3666 2072">
     <span class='ocr_line' id='line_1_50' title="bbox 2023 2001 3666 2072; baseline 0.004 -18"><span class='ocrx_word' id='word_1_351' title='bbox 2023 2018 2156 2069; x_wconf 91' lang='lat' dir='ltr'><strong>nus,</strong></span> <span class='ocrx_word' id='word_1_352' title='bbox 2187 2001 2359 2072; x_wconf 82' lang='lat' dir='ltr'><strong>vulgo</strong></span> <span class='ocrx_word' id='word_1_353' title='bbox 2389 2001 2726 2058; x_wconf 88' lang='lat' dir='ltr'><strong>Caballinus</strong></span> <span class='ocrx_word' id='word_1_354' title='bbox 2783 2003 2992 2059; x_wconf 83' lang='lat' dir='ltr'><strong>dictus.</strong></span> <span class='ocrx_word' id='word_1_355' title='bbox 3041 2002 3249 2059; x_wconf 83' lang='lat' dir='ltr'><strong>Verum</strong></span> <span class='ocrx_word' id='word_1_356' title='bbox 3303 2003 3546 2060; x_wconf 86' lang='lat' dir='ltr'><strong>Michael</strong></span> <span class='ocrx_word' id='word_1_357' title='bbox 3608 2009 3666 2060; x_wconf 88' lang='lat' dir='ltr'><strong>et</strong></span> 
     </span>
    </p>
   </div>
   <div class='ocr_carea' id='block_1_49' title="bbox 2020 2089 3667 2164">
    <p class='ocr_par' dir='ltr' id='par_1_49' title="bbox 2020 2089 3667 2164">
     <span class='ocr_line' id='line_1_51' title="bbox 2020 2089 3667 2164; baseline 0.003 -20"><span class='ocrx_word' id='word_1_358' title='bbox 2020 2089 2322 2145; x_wconf 87' lang='lat' dir='ltr'><strong>Theodora</strong></span> <span class='ocrx_word' id='word_1_359' title='bbox 2349 2089 2611 2160; x_wconf 79' lang='lat' dir='ltr'><strong>impurae</strong></span> <span class='ocrx_word' id='word_1_360' title='bbox 2628 2093 2757 2162; x_wconf 88' lang='lat' dir='ltr'><strong>ejus</strong></span> <span class='ocrx_word' id='word_1_361' title='bbox 2783 2091 3062 2164; x_wconf 88' lang='lat' dir='ltr'><strong>reliquias</strong></span> <span class='ocrx_word' id='word_1_362' title='bbox 3085 2092 3221 2148; x_wconf 89' lang='lat' dir='ltr'><strong>inde</strong></span> <span class='ocrx_word' id='word_1_363' title='bbox 3249 2091 3581 2163; x_wconf 86' lang='lat' dir='ltr'><strong>ejiciebant,</strong></span> <span class='ocrx_word' id='word_1_364' title='bbox 3609 2097 3667 2150; x_wconf 93' lang='lat' dir='ltr'><strong>et</strong></span> 
     </span>
    </p>
   </div>
   <div class='ocr_carea' id='block_1_50' title="bbox 2022 2178 3666 2252">
    <p class='ocr_par' dir='ltr' id='par_1_50' title="bbox 2022 2178 3666 2252">
     <span class='ocr_line' id='line_1_52' title="bbox 2022 2178 3666 2252; baseline 0.003 -20"><span class='ocrx_word' id='word_1_365' title='bbox 2022 2178 2142 2250; x_wconf 89' lang='lat' dir='ltr'><strong>igni</strong></span> <span class='ocrx_word' id='word_1_366' title='bbox 2188 2178 2651 2248; x_wconf 83' lang='lat' dir='ltr'><strong>comburebant;</strong></span> <span class='ocrx_word' id='word_1_367' title='bbox 2700 2181 3093 2252; x_wconf 78' lang='lat' dir='ltr'><strong>sarcophagus</strong></span> <span class='ocrx_word' id='word_1_368' title='bbox 3122 2184 3322 2235; x_wconf 85' lang='lat' dir='ltr'><strong>autem</strong></span> <span class='ocrx_word' id='word_1_369' title='bbox 3371 2181 3510 2236; x_wconf 90' lang='lat' dir='ltr'><strong>sede</strong></span> <span class='ocrx_word' id='word_1_370' title='bbox 3556 2197 3666 2237; x_wconf 87' lang='lat' dir='ltr'><strong>sua</strong></span> 
     </span>
    </p>
   </div>
   <div class='ocr_carea' id='block_1_51' title="bbox 2023 2267 3668 2341">
    <p class='ocr_par' dir='ltr' id='par_1_51' title="bbox 2023 2267 3668 2341">
     <span class='ocr_line' id='line_1_53' title="bbox 2023 2267 3668 2341; baseline 0.003 -20"><span class='ocrx_word' id='word_1_371' title='bbox 2023 2267 2290 2322; x_wconf 88' lang='lat' dir='ltr'><strong>revulsus</strong></span> <span class='ocrx_word' id='word_1_372' title='bbox 2304 2283 2576 2336; x_wconf 89' lang='lat' dir='ltr'><strong>serraque</strong></span> <span class='ocrx_word' id='word_1_373' title='bbox 2596 2269 2628 2323; x_wconf 90' lang='lat' dir='ltr'><strong>d</strong></span> <span class='ocrx_word' id='word_1_374' title='bbox 2639 2270 2886 2324; x_wconf 88' lang='lat' dir='ltr'><strong>issectus</strong></span> <span class='ocrx_word' id='word_1_375' title='bbox 2902 2268 3166 2324; x_wconf 89' lang='lat' dir='ltr'><strong>inserviit</strong></span> <span class='ocrx_word' id='word_1_376' title='bbox 3181 2269 3252 2323; x_wconf 91' lang='lat' dir='ltr'><strong>ad</strong></span> <span class='ocrx_word' id='word_1_377' title='bbox 3267 2269 3370 2324; x_wconf 79' lang='lat' dir='ltr'><strong>fori</strong></span> <span class='ocrx_word' id='word_1_378' title='bbox 3393 2274 3668 2341; x_wconf 82' lang='lat' dir='ltr'><strong>systrem-</strong></span> 
     </span>
    </p>
   </div>
   <div class='ocr_carea' id='block_1_52' title="bbox 2023 2359 3669 2432">
    <p class='ocr_par' dir='ltr' id='par_1_52' title="bbox 2023 2359 3669 2432">
     <span class='ocr_line' id='line_1_54' title="bbox 2023 2359 3669 2432; baseline 0.004 -20"><span class='ocrx_word' id='word_1_379' title='bbox 2023 2359 2201 2414; x_wconf 90' lang='lat' dir='ltr'><strong>matia</strong></span> <span class='ocrx_word' id='word_1_380' title='bbox 2227 2359 2351 2430; x_wconf 90' lang='lat' dir='ltr'><strong>[seu</strong></span> <span class='ocrx_word' id='word_1_381' title='bbox 2383 2359 2702 2431; x_wconf 87' lang='lat' dir='ltr'><strong>repagula].</strong></span> <span class='ocrx_word' id='word_1_382' title='bbox 2744 2360 2931 2416; x_wconf 85' lang='lat' dir='ltr'><strong>Etiam</strong></span> <span class='ocrx_word' id='word_1_383' title='bbox 2993 2376 3208 2432; x_wconf 80' lang='lat' dir='ltr'><strong>magna</strong></span> <span class='ocrx_word' id='word_1_384' title='bbox 3245 2361 3490 2417; x_wconf 89' lang='lat' dir='ltr'><strong>abbacia</strong></span> <span class='ocrx_word' id='word_1_385' title='bbox 3513 2366 3669 2432; x_wconf 79' lang='lat' dir='ltr'><strong>ejus-</strong></span> 
     </span>
    </p>
   </div>
   <div class='ocr_carea' id='block_1_53' title="bbox 2024 2447 3668 2520">
    <p class='ocr_par' dir='ltr' id='par_1_53' title="bbox 2024 2447 3668 2520">
     <span class='ocr_line' id='line_1_55' title="bbox 2024 2447 3668 2520; baseline 0.004 -19"><span class='ocrx_word' id='word_1_386' title='bbox 2024 2447 2154 2502; x_wconf 88' lang='lat' dir='ltr'><strong>dem</strong></span> <span class='ocrx_word' id='word_1_387' title='bbox 2198 2447 2306 2503; x_wconf 89' lang='lat' dir='ltr'><strong>fori</strong></span> <span class='ocrx_word' id='word_1_388' title='bbox 2337 2465 2406 2503; x_wconf 82' lang='lat' dir='ltr'><strong>ex</strong></span> <span class='ocrx_word' id='word_1_389' title='bbox 2426 2449 2628 2503; x_wconf 89' lang='lat' dir='ltr'><strong>eodem</strong></span> <span class='ocrx_word' id='word_1_390' title='bbox 2667 2448 3026 2520; x_wconf 88' lang='lat' dir='ltr'><strong>sarcophago</strong></span> <span class='ocrx_word' id='word_1_391' title='bbox 3059 2449 3208 2505; x_wconf 80' lang='lat' dir='ltr'><strong>facta</strong></span> <span class='ocrx_word' id='word_1_392' title='bbox 3238 2454 3400 2505; x_wconf 89' lang='lat' dir='ltr'><strong>sunt.</strong></span> <span class='ocrx_word' id='word_1_393' title='bbox 3443 2449 3607 2506; x_wconf 85' lang='lat' dir='ltr'><strong>Alius</strong></span> <span class='ocrx_word' id='word_1_394' title='bbox 3635 2467 3668 2507; x_wconf 78' lang='grc' dir='ltr'>θ</span> 
     </span>
    </p>
   </div>
   <div class='ocr_carea' id='block_1_54' title="bbox 2027 2533 3671 2605">
    <p class='ocr_par' dir='ltr' id='par_1_54' title="bbox 2027 2533 3671 2605">
     <span class='ocr_line' id='line_1_56' title="bbox 2027 2533 3671 2605; baseline 0.002 -17"><span class='ocrx_word' id='word_1_395' title='bbox 2027 2550 2311 2590; x_wconf 87' lang='lat' dir='ltr'><strong>marmore</strong></span> <span class='ocrx_word' id='word_1_396' title='bbox 2340 2534 2755 2603; x_wconf 88' lang='lat' dir='ltr'><strong>Proconnesio,</strong></span> <span class='ocrx_word' id='word_1_397' title='bbox 2785 2535 2842 2589; x_wconf 92' lang='lat' dir='ltr'><strong>in</strong></span> <span class='ocrx_word' id='word_1_398' title='bbox 2885 2551 3001 2605; x_wconf 91' lang='lat' dir='ltr'><strong>quo</strong></span> <span class='ocrx_word' id='word_1_399' title='bbox 3033 2533 3142 2590; x_wconf 88' lang='lat' dir='ltr'><strong>sita</strong></span> <span class='ocrx_word' id='word_1_400' title='bbox 3198 2544 3284 2591; x_wconf 87' lang='lat' dir='ltr'><strong>est</strong></span> <span class='ocrx_word' id='word_1_401' title='bbox 3315 2535 3494 2602; x_wconf 86' lang='lat' dir='ltr'><strong>lrene,</strong></span> <span class='ocrx_word' id='word_1_402' title='bbox 3524 2553 3671 2592; x_wconf 83' lang='lat' dir='ltr'><strong>uxor</strong></span> 
     </span>
    </p>
   </div>
   <div class='ocr_carea' id='block_1_55' title="bbox 2024 2623 3668 2682">
    <p class='ocr_par' dir='ltr' id='par_1_55' title="bbox 2024 2623 3668 2682">
     <span class='ocr_line' id='line_1_57' title="bbox 2024 2623 3668 2682; baseline 0.002 -5"><span class='ocrx_word' id='word_1_403' title='bbox 2024 2624 2387 2679; x_wconf 88' lang='lat' dir='ltr'><strong>Constantini</strong></span> <span class='ocrx_word' id='word_1_404' title='bbox 2445 2623 2723 2679; x_wconf 87' lang='lat' dir='ltr'><strong>Caballini</strong></span> <span class='ocrx_word' id='word_1_405' title='bbox 2780 2625 2934 2678; x_wconf 73' lang='lat'><strong>878</strong></span> <span class='ocrx_word' id='word_1_406' title='bbox 3003 2624 3174 2680; x_wconf 91' lang='lat' dir='ltr'><strong>modo</strong></span> <span class='ocrx_word' id='word_1_407' title='bbox 3217 2624 3378 2682; x_wconf 88' lang='lat' dir='ltr'><strong>dicti.</strong></span> <span class='ocrx_word' id='word_1_408' title='bbox 3428 2625 3594 2681; x_wconf 84' lang='lat' dir='ltr'><strong>Alius</strong></span> <span class='ocrx_word' id='word_1_409' title='bbox 3637 2641 3668 2681; x_wconf 88' lang='lat' dir='ltr'><strong>e</strong></span> 
     </span>
    </p>
   </div>
   <div class='ocr_carea' id='block_1_56' title="bbox 2026 2711 3670 2783">
    <p class='ocr_par' dir='ltr' id='par_1_56' title="bbox 2026 2711 3670 2783">
     <span class='ocr_line' id='line_1_58' title="bbox 2026 2711 3670 2783; baseline 0.002 -16"><span class='ocrx_word' id='word_1_410' title='bbox 2026 2728 2316 2769; x_wconf 88' lang='lat' dir='ltr'><strong>marmore</strong></span> <span class='ocrx_word' id='word_1_411' title='bbox 2351 2712 2522 2767; x_wconf 85' lang='lat' dir='ltr'><strong>viridi</strong></span> <span class='ocrx_word' id='word_1_412' title='bbox 2554 2711 2927 2778; x_wconf 85' lang='lat' dir='ltr'><strong>Thessalico,‘</strong></span> <span class='ocrx_word' id='word_1_413' title='bbox 2957 2713 3017 2768; x_wconf 90' lang='lat' dir='ltr'><strong>in</strong></span> <span class='ocrx_word' id='word_1_414' title='bbox 3074 2728 3190 2783; x_wconf 92' lang='lat' dir='ltr'><strong>quo</strong></span> <span class='ocrx_word' id='word_1_415' title='bbox 3231 2713 3344 2768; x_wconf 78' lang='lat' dir='ltr'><strong>sita</strong></span> <span class='ocrx_word' id='word_1_416' title='bbox 3387 2717 3478 2768; x_wconf 88' lang='lat' dir='ltr'><strong>est</strong></span> <span class='ocrx_word' id='word_1_417' title='bbox 3526 2730 3670 2770; x_wconf 81' lang='lat' dir='ltr'><strong>uxor</strong></span> 
     </span>
    </p>
   </div>
   <div class='ocr_carea' id='block_1_57' title="bbox 2022 2800 3667 2874">
    <p class='ocr_par' dir='ltr' id='par_1_57' title="bbox 2022 2800 3667 2874">
     <span class='ocr_line' id='line_1_59' title="bbox 2022 2800 3667 2874; baseline 0.001 -16"><span class='ocrx_word' id='word_1_418' title='bbox 2022 2802 2290 2874; x_wconf 88' lang='lat' dir='ltr'><strong>ejusdem</strong></span> <span class='ocrx_word' id='word_1_419' title='bbox 2325 2800 2632 2858; x_wconf 90' lang='lat' dir='ltr'><strong>Caballini.</strong></span> <span class='ocrx_word' id='word_1_420' title='bbox 2666 2801 2914 2857; x_wconf 88' lang='lat' dir='ltr'><strong>Stataria</strong></span> <span class='ocrx_word' id='word_1_421' title='bbox 2953 2802 3080 2873; x_wconf 89' lang='lat' dir='ltr'><strong>[seu</strong></span> <span class='ocrx_word' id='word_1_422' title='bbox 3111 2801 3503 2857; x_wconf 84' lang='lat' dir='ltr'><strong>conditorium</strong></span> <span class='ocrx_word' id='word_1_423' title='bbox 3534 2802 3667 2874; x_wconf 90' lang='lat' dir='ltr'><strong>plu-</strong></span> 
     </span>
    </p>
   </div>
   <div class='ocr_carea' id='block_1_58' title="bbox 1315 2907 2606 2965">
    <p class='ocr_par' dir='ltr' id='par_1_58' title="bbox 1315 2907 2606 2965">
     <span class='ocr_line' id='line_1_60' title="bbox 1315 2907 2606 2965; baseline 0.001 -2"><span class='ocrx_word' id='word_1_424' title='bbox 1315 2908 1519 2964; x_wconf 81' lang='lat' dir='ltr'><strong>JOAN.</strong></span> <span class='ocrx_word' id='word_1_425' title='bbox 1551 2911 1691 2964; x_wconf 87' lang='lat' dir='ltr'><strong>JAC.</strong></span> <span class='ocrx_word' id='word_1_426' title='bbox 1729 2909 1992 2965; x_wconf 81' lang='lat' dir='ltr'><strong>REISKII</strong></span> <span class='ocrx_word' id='word_1_427' title='bbox 2025 2907 2606 2965; x_wconf 78' lang='lat' dir='ltr'><strong>COMMENTARIUS.</strong></span> 
     </span>
    </p>
   </div>
   <div class='ocr_carea' id='block_1_59' title="bbox 266 2997 3666 3072">
    <p class='ocr_par' dir='ltr' id='par_1_59' title="bbox 266 2997 3666 3072">
     <span class='ocr_line' id='line_1_61' title="bbox 266 2997 3666 3072; baseline 0 -18"><span class='ocrx_word' id='word_1_428' title='bbox 266 3000 440 3072; x_wconf 88' lang='lat' dir='ltr'><strong>ambo</strong></span> <span class='ocrx_word' id='word_1_429' title='bbox 472 3000 716 3071; x_wconf 87' lang='lat' dir='ltr'><strong>catalogi</strong></span> <span class='ocrx_word' id='word_1_430' title='bbox 752 2998 1046 3053; x_wconf 77' lang='grc' dir='ltr'>Ἰουστίνου</span> <span class='ocrx_word' id='word_1_431' title='bbox 1079 3017 1182 3071; x_wconf 88' lang='lat' dir='ltr'><strong>pro</strong></span> <span class='ocrx_word' id='word_1_432' title='bbox 1213 3001 1564 3072; x_wconf 66' lang='lat' dir='ltr'><strong>Justiniano.</strong></span> <span class='ocrx_word' id='word_1_433' title='bbox 1609 3003 1652 3072; x_wconf 77' lang='grc' dir='ltr'>Α</span> <span class='ocrx_word' id='word_1_434' title='bbox 1690 3005 1748 3054; x_wconf 88' lang='grc' dir='ltr'><strong>Β.</strong></span> <span class='ocrx_word' id='word_1_435' title='bbox 1784 3016 1912 3054; x_wconf 90' lang='lat' dir='ltr'><strong>mu-</strong></span> <span class='ocrx_word' id='word_1_436' title='bbox 1945 3002 1988 3068; x_wconf 84' lang='lat' dir='ltr'><strong>C</strong></span> <span class='ocrx_word' id='word_1_437' title='bbox 2017 3001 2195 3072; x_wconf 86' lang='lat' dir='ltr'><strong>talogi</strong></span> <span class='ocrx_word' id='word_1_438' title='bbox 2244 3002 2356 3054; x_wconf 89' lang='lat' dir='ltr'><strong>AB.</strong></span> <span class='ocrx_word' id='word_1_439' title='bbox 2387 3000 2580 3072; x_wconf 54' lang='grc' dir='ltr'><strong>θεοῦ.</strong></span> <span class='ocrx_word' id='word_1_440' title='bbox 2632 2998 2795 3054; x_wconf 91' lang='lat' dir='ltr'><strong>Prior</strong></span> <span class='ocrx_word' id='word_1_441' title='bbox 2821 2999 3057 3069; x_wconf 89' lang='lat' dir='ltr'><strong>quidem</strong></span> <span class='ocrx_word' id='word_1_442' title='bbox 3116 2999 3305 3054; x_wconf 89' lang='lat' dir='ltr'><strong>solum</strong></span> <span class='ocrx_word' id='word_1_443' title='bbox 3328 2997 3666 3072; x_wconf 35' lang='lat' dir='ltr'><strong>Aarticulum</strong></span> 
     </span>
    </p>
   </div>
   <div class='ocr_carea' id='block_1_60' title="bbox 269 3070 1909 3138">
    <p class='ocr_par' dir='ltr' id='par_1_60' title="bbox 269 3070 1909 3138">
     <span class='ocr_line' id='line_1_62' title="bbox 269 3070 1909 3138; baseline -0.002 -13"><span class='ocrx_word' id='word_1_444' title='bbox 269 3071 471 3125; x_wconf 87' lang='lat' dir='ltr'><strong>lierem</strong></span> <span class='ocrx_word' id='word_1_445' title='bbox 534 3070 986 3137; x_wconf 29' lang='lat' dir='ltr'><strong>non’nominat,</strong></span> <span class='ocrx_word' id='word_1_446' title='bbox 1021 3070 1220 3127; x_wconf 83' lang='lat' dir='ltr'><strong>dicens</strong></span> <span class='ocrx_word' id='word_1_447' title='bbox 1268 3077 1495 3126; x_wconf 89' lang='lat' dir='ltr'><strong>tantum</strong></span> <span class='ocrx_word' id='word_1_448' title='bbox 1534 3070 1812 3123; x_wconf 82' lang='grc' dir='ltr'>ἀπόκειται</span> <span class='ocrx_word' id='word_1_449' title='bbox 1875 3072 1909 3138; x_wconf 76' lang='grc' dir='ltr'>ἡ</span> 
     </span>
    </p>
   </div>
   <div class='ocr_carea' id='block_1_61' title="bbox 273 3141 1912 3212">
    <p class='ocr_par' dir='ltr' id='par_1_61' title="bbox 273 3141 1912 3212">
     <span class='ocr_line' id='line_1_63' title="bbox 273 3141 1912 3212; baseline 0.002 -19"><span class='ocrx_word' id='word_1_450' title='bbox 273 3141 409 3212; x_wconf 84' lang='grc' dir='ltr'><strong>γυνή</strong></span> <span class='ocrx_word' id='word_1_451' title='bbox 463 3142 777 3204; x_wconf 83' lang='grc' dir='ltr'>Ἰουστίνου,</span> <span class='ocrx_word' id='word_1_452' title='bbox 838 3142 947 3198; x_wconf 92' lang='lat' dir='ltr'><strong>DC.</strong></span> <span class='ocrx_word' id='word_1_453' title='bbox 1006 3149 1196 3198; x_wconf 90' lang='lat' dir='ltr'><strong>tamen</strong></span> <span class='ocrx_word' id='word_1_454' title='bbox 1249 3143 1310 3198; x_wconf 90' lang='lat' dir='ltr'><strong>in</strong></span> <span class='ocrx_word' id='word_1_455' title='bbox 1357 3143 1588 3199; x_wconf 86' lang='lat' dir='ltr'><strong>nomine</strong></span> <span class='ocrx_word' id='word_1_456' title='bbox 1645 3143 1912 3198; x_wconf 77' lang='lat' dir='ltr'><strong>Eudociie</strong></span> 
     </span>
    </p>
   </div>
   <div class='ocr_carea' id='block_1_62' title="bbox 271 3213 816 3268">
    <p class='ocr_par' dir='ltr' id='par_1_62' title="bbox 271 3213 816 3268">
     <span class='ocr_line' id='line_1_64' title="bbox 271 3213 816 3268; baseline 0 0"><span class='ocrx_word' id='word_1_457' title='bbox 271 3213 481 3268; x_wconf 92' lang='lat' dir='ltr'><strong>Nostro</strong></span> <span class='ocrx_word' id='word_1_458' title='bbox 511 3216 816 3268; x_wconf 71' lang='lat' dir='ltr'><strong>consentit.</strong></span> 
     </span>
    </p>
   </div>
   <div class='ocr_carea' id='block_1_63' title="bbox 345 3284 1914 3355">
    <p class='ocr_par' dir='ltr' id='par_1_63' title="bbox 345 3284 1914 3355">
     <span class='ocr_line' id='line_1_65' title="bbox 345 3284 1914 3355; baseline 0.001 -18"><span class='ocrx_word' id='word_1_459' title='bbox 345 3284 457 3355; x_wconf 92' lang='lat'>(88)</span> <span class='ocrx_word' id='word_1_460' title='bbox 497 3285 655 3340; x_wconf 85' lang='lat' dir='ltr'><strong>Alias</strong></span> <span class='ocrx_word' id='word_1_461' title='bbox 673 3285 1103 3340; x_wconf 83' lang='lat' dir='ltr'><strong>Rhinotmetus.</strong></span> <span class='ocrx_word' id='word_1_462' title='bbox 1141 3285 1328 3341; x_wconf 82' lang='lat' dir='ltr'><strong>Ambo</strong></span> <span class='ocrx_word' id='word_1_463' title='bbox 1360 3285 1609 3355; x_wconf 86' lang='lat' dir='ltr'><strong>catalogi</strong></span> <span class='ocrx_word' id='word_1_464' title='bbox 1639 3287 1914 3342; x_wconf 74' lang='lat' dir='ltr'><strong>Iustinum</strong></span> 
     </span>
    </p>
   </div>
   <div class='ocr_carea' id='block_1_64' title="bbox 277 3357 1915 3430">
    <p class='ocr_par' dir='ltr' id='par_1_64' title="bbox 277 3357 1915 3430">
     <span class='ocr_line' id='line_1_66' title="bbox 277 3357 1915 3430; baseline 0.001 -20"><span class='ocrx_word' id='word_1_465' title='bbox 277 3357 562 3430; x_wconf 75' lang='lat' dir='ltr'><strong>minorem</strong></span> <span class='ocrx_word' id='word_1_466' title='bbox 597 3357 920 3421; x_wconf 87' lang='lat' dir='ltr'><strong>nominant,</strong></span> <span class='ocrx_word' id='word_1_467' title='bbox 955 3357 1231 3412; x_wconf 88' lang='lat' dir='ltr'><strong>maritum</strong></span> <span class='ocrx_word' id='word_1_468' title='bbox 1261 3358 1510 3430; x_wconf 69' lang='lat' dir='ltr'><strong>Sophias,</strong></span> <span class='ocrx_word' id='word_1_469' title='bbox 1544 3360 1800 3428; x_wconf 82' lang='lat' dir='ltr'><strong>proxime</strong></span> <span class='ocrx_word' id='word_1_470' title='bbox 1829 3373 1915 3412; x_wconf 88' lang='lat' dir='ltr'><strong>se-</strong></span> 
     </span>
    </p>
   </div>
   <div class='ocr_carea' id='block_1_65' title="bbox 315 3427 527 3483">
    <p class='ocr_par' dir='ltr' id='par_1_65' title="bbox 315 3427 527 3483">
     <span class='ocr_line' id='line_1_67' title="bbox 315 3427 527 3483; baseline -0.005 0"><span class='ocrx_word' id='word_1_471' title='bbox 315 3427 527 3483; x_wconf 89' lang='lat' dir='ltr'><strong>uentis.</strong></span> 
     </span>
    </p>
   </div>
   <div class='ocr_carea' id='block_1_66' title="bbox 273 3444 1915 3571">
    <p class='ocr_par' dir='ltr' id='par_1_66' title="bbox 273 3444 1915 3571">
     <span class='ocr_line' id='line_1_68' title="bbox 315 3444 527 3483; baseline -0.005 0"><span class='ocrx_word' id='word_1_472' title='bbox 315 3444 527 3483; x_wconf 82' lang='lat' dir='ltr'><strong>uenus.</strong></span> 
     </span>
     <span class='ocr_line' id='line_1_69' title="bbox 273 3444 1915 3571; baseline 0.002 -19"><span class='ocrx_word' id='word_1_473' title='bbox 273 3444 306 3499; x_wconf 75' lang='lat' dir='ltr'><strong>q</strong></span> <span class='ocrx_word' id='word_1_474' title='bbox 342 3499 452 3571; x_wconf 87' lang='lat'>(89)</span> <span class='ocrx_word' id='word_1_475' title='bbox 485 3499 606 3553; x_wconf 76' lang='lat' dir='ltr'><strong>Alia</strong></span> <span class='ocrx_word' id='word_1_476' title='bbox 641 3501 861 3570; x_wconf 89' lang='lat' dir='ltr'><strong>species</strong></span> <span class='ocrx_word' id='word_1_477' title='bbox 897 3500 1209 3556; x_wconf 87' lang='lat' dir='ltr'><strong>marmoris</strong></span> <span class='ocrx_word' id='word_1_478' title='bbox 1239 3499 1550 3570; x_wconf 90' lang='lat' dir='ltr'><strong>Docimini,</strong></span> <span class='ocrx_word' id='word_1_479' title='bbox 1576 3499 1734 3571; x_wconf 87' lang='lat' dir='ltr'><strong>quod</strong></span> <span class='ocrx_word' id='word_1_480' title='bbox 1756 3517 1915 3571; x_wconf 83' lang='lat' dir='ltr'><strong>gem-</strong></span> 
     </span>
    </p>
   </div>
   <div class='ocr_carea' id='block_1_67' title="bbox 277 3571 1305 3628">
    <p class='ocr_par' dir='ltr' id='par_1_67' title="bbox 277 3571 1305 3628">
     <span class='ocr_line' id='line_1_70' title="bbox 277 3571 1305 3628; baseline 0.001 -3"><span class='ocrx_word' id='word_1_481' title='bbox 277 3587 427 3625; x_wconf 89' lang='lat' dir='ltr'><strong>mam</strong></span> <span class='ocrx_word' id='word_1_482' title='bbox 461 3571 742 3628; x_wconf 86' lang='lat' dir='ltr'><strong>onvcbem</strong></span> <span class='ocrx_word' id='word_1_483' title='bbox 789 3572 978 3628; x_wconf 89' lang='lat' dir='ltr'><strong>colore</strong></span> <span class='ocrx_word' id='word_1_484' title='bbox 1018 3572 1305 3626; x_wconf 89' lang='lat' dir='ltr'><strong>imitatur.</strong></span> 
     </span>
    </p>
   </div>
   <div class='ocr_carea' id='block_1_68' title="bbox 343 3642 1916 3714">
    <p class='ocr_par' dir='ltr' id='par_1_68' title="bbox 343 3642 1916 3714">
     <span class='ocr_line' id='line_1_71' title="bbox 343 3642 1916 3714; baseline 0.003 -21"><span class='ocrx_word' id='word_1_485' title='bbox 343 3642 454 3714; x_wconf 83' lang='lat'>(90)</span> <span class='ocrx_word' id='word_1_486' title='bbox 505 3642 634 3697; x_wconf 89' lang='lat' dir='ltr'><strong>Vid.</strong></span> <span class='ocrx_word' id='word_1_487' title='bbox 695 3643 935 3697; x_wconf 90' lang='lat' dir='ltr'><strong>Cedren.</strong></span> <span class='ocrx_word' id='word_1_488' title='bbox 979 3660 1035 3714; x_wconf 94' lang='lat' dir='ltr'><strong>p.</strong></span> <span class='ocrx_word' id='word_1_489' title='bbox 1092 3645 1196 3698; x_wconf 82' lang='grc'><strong>430</strong></span> <span class='ocrx_word' id='word_1_490' title='bbox 1244 3644 1364 3699; x_wconf 90' lang='lat' dir='ltr'><strong>ubi.</strong></span> <span class='ocrx_word' id='word_1_491' title='bbox 1445 3659 1597 3714; x_wconf 5' lang='lat' dir='ltr'><strong>eum,</strong></span> <span class='ocrx_word' id='word_1_492' title='bbox 1636 3643 1916 3698; x_wconf 88' lang='lat' dir='ltr'><strong>accubare</strong></span> 
     </span>
    </p>
   </div>
   <div class='ocr_carea' id='block_1_69' title="bbox 282 3713 1913 3783">
    <p class='ocr_par' dir='ltr' id='par_1_69' title="bbox 282 3713 1913 3783">
     <span class='ocr_line' id='line_1_72' title="bbox 282 3713 1913 3783; baseline 0.002 -17"><span class='ocrx_word' id='word_1_493' title='bbox 282 3713 440 3766; x_wconf 84' lang='lat' dir='ltr'><strong>uxori</strong></span> <span class='ocrx_word' id='word_1_494' title='bbox 473 3728 592 3766; x_wconf 80' lang='lat' dir='ltr'><strong>suae</strong></span> <span class='ocrx_word' id='word_1_495' title='bbox 622 3714 941 3783; x_wconf 68' lang='lat' dir='ltr'><strong>Anastasis:</strong></span> <span class='ocrx_word' id='word_1_496' title='bbox 969 3713 1028 3769; x_wconf 89' lang='lat' dir='ltr'><strong>in</strong></span> <span class='ocrx_word' id='word_1_497' title='bbox 1059 3714 1180 3768; x_wconf 61' lang='lat' dir='ltr'><strong>aede</strong></span> <span class='ocrx_word' id='word_1_498' title='bbox 1237 3713 1336 3768; x_wconf 89' lang='lat' dir='ltr'><strong>SS.</strong></span> <span class='ocrx_word' id='word_1_499' title='bbox 1373 3713 1775 3783; x_wconf 81' lang='lat' dir='ltr'><strong>Apostolorum</strong></span> <span class='ocrx_word' id='word_1_500' title='bbox 1807 3717 1913 3770; x_wconf 88' lang='lat' dir='ltr'><strong>ait.</strong></span> 
     </span>
    </p>
   </div>
   <div class='ocr_carea' id='block_1_70' title="bbox 279 3782 1914 3840">
    <p class='ocr_par' dir='ltr' id='par_1_70' title="bbox 279 3782 1914 3840">
     <span class='ocr_line' id='line_1_73' title="bbox 279 3782 1914 3840; baseline 0.001 -3"><span class='ocrx_word' id='word_1_501' title='bbox 279 3784 580 3838; x_wconf 79' lang='lat' dir='ltr'><strong>Anastasia</strong></span> <span class='ocrx_word' id='word_1_502' title='bbox 618 3782 714 3838; x_wconf 86' lang='lat' dir='ltr'><strong>illa</strong></span> <span class='ocrx_word' id='word_1_503' title='bbox 765 3789 852 3838; x_wconf 87' lang='lat' dir='ltr'><strong>est</strong></span> <span class='ocrx_word' id='word_1_504' title='bbox 905 3785 1015 3838; x_wconf 90' lang='lat' dir='ltr'><strong>alio</strong></span> <span class='ocrx_word' id='word_1_505' title='bbox 1073 3784 1309 3840; x_wconf 88' lang='lat' dir='ltr'><strong>nomine</strong></span> <span class='ocrx_word' id='word_1_506' title='bbox 1367 3782 1642 3839; x_wconf 83' lang='lat' dir='ltr'><strong>celebrior</strong></span> <span class='ocrx_word' id='word_1_507' title='bbox 1678 3785 1914 3839; x_wconf 85' lang='lat' dir='ltr'><strong>Martius</strong></span> 
     </span>
    </p>
   </div>
   <div class='ocr_carea' id='block_1_71' title="bbox 283 3854 1920 3924">
    <p class='ocr_par' dir='ltr' id='par_1_71' title="bbox 283 3854 1920 3924">
     <span class='ocr_line' id='line_1_74' title="bbox 283 3854 1920 3924; baseline 0.001 -17"><span class='ocrx_word' id='word_1_508' title='bbox 283 3854 412 3924; x_wconf 90' lang='lat' dir='ltr'><strong>(vid.</strong></span> <span class='ocrx_word' id='word_1_509' title='bbox 439 3871 616 3918; x_wconf 85' lang='lat' dir='ltr'><strong>supra</strong></span> <span class='ocrx_word' id='word_1_510' title='bbox 649 3872 700 3918; x_wconf 92' lang='lat' dir='ltr'><strong>p.</strong></span> <span class='ocrx_word' id='word_1_511' title='bbox 733 3855 885 3924; x_wconf 81' lang='grc'><strong>364.)</strong></span> <span class='ocrx_word' id='word_1_512' title='bbox 917 3855 1089 3909; x_wconf 89' lang='lat' dir='ltr'><strong>Fabia</strong></span> <span class='ocrx_word' id='word_1_513' title='bbox 1137 3872 1270 3908; x_wconf 89' lang='lat' dir='ltr'><strong>vero</strong></span> <span class='ocrx_word' id='word_1_514' title='bbox 1321 3855 1414 3910; x_wconf 88' lang='lat' dir='ltr'><strong>hic</strong></span> <span class='ocrx_word' id='word_1_515' title='bbox 1465 3863 1783 3909; x_wconf 88' lang='lat' dir='ltr'><strong>memorata</strong></span> <span class='ocrx_word' id='word_1_516' title='bbox 1833 3861 1920 3908; x_wconf 90' lang='lat' dir='ltr'><strong>est</strong></span> 
     </span>
    </p>
   </div>
   <div class='ocr_carea' id='block_1_72' title="bbox 286 3923 1920 3994">
    <p class='ocr_par' dir='ltr' id='par_1_72' title="bbox 286 3923 1920 3994">
     <span class='ocr_line' id='line_1_75' title="bbox 286 3923 1920 3994; baseline 0 -14"><span class='ocrx_word' id='word_1_517' title='bbox 286 3923 438 3991; x_wconf 89' lang='lat' dir='ltr'><strong>prior</strong></span> <span class='ocrx_word' id='word_1_518' title='bbox 466 3923 710 3980; x_wconf 85' lang='lat' dir='ltr'><strong>Heraclii</strong></span> <span class='ocrx_word' id='word_1_519' title='bbox 741 3941 900 3982; x_wconf 84' lang='lat' dir='ltr'><strong>uxor.</strong></span> <span class='ocrx_word' id='word_1_520' title='bbox 935 3926 1108 3981; x_wconf 86' lang='lat' dir='ltr'><strong>Fabia</strong></span> <span class='ocrx_word' id='word_1_521' title='bbox 1137 3927 1392 3982; x_wconf 87' lang='lat' dir='ltr'><strong>Eudocia</strong></span> <span class='ocrx_word' id='word_1_522' title='bbox 1415 3926 1576 3994; x_wconf 32' lang='lat' dir='ltr'><strong>avid.</strong></span> <span class='ocrx_word' id='word_1_523' title='bbox 1605 3925 1688 3980; x_wconf 93' lang='lat' dir='ltr'><strong>Du</strong></span> <span class='ocrx_word' id='word_1_524' title='bbox 1733 3927 1920 3994; x_wconf 77' lang='lat' dir='ltr'><strong>Gange</strong></span> 
     </span>
    </p>
   </div>
   <div class='ocr_carea' id='block_1_73' title="bbox 282 3989 1919 4068">
    <p class='ocr_par' dir='ltr' id='par_1_73' title="bbox 282 3989 1919 4068">
     <span class='ocr_line' id='line_1_76' title="bbox 282 3989 1919 4068; baseline -0.002 -15"><span class='ocrx_word' id='word_1_525' title='bbox 282 3989 424 4053; x_wconf 79' lang='lat' dir='ltr'><strong>Fem.</strong></span> <span class='ocrx_word' id='word_1_526' title='bbox 459 3997 691 4068; x_wconf 82' lang='lat' dir='ltr'><strong>Byzant.</strong></span> <span class='ocrx_word' id='word_1_527' title='bbox 743 3997 943 4068; x_wconf 67' lang='lat' dir='ltr'><strong>p.118.</strong></span> <span class='ocrx_word' id='word_1_528' title='bbox 992 3998 1095 4053; x_wconf 87' lang='lat' dir='ltr'><strong>Pro</strong></span> <span class='ocrx_word' id='word_1_529' title='bbox 1156 3998 1334 4053; x_wconf 85' lang='lat' dir='ltr'><strong>Fabia</strong></span> <span class='ocrx_word' id='word_1_530' title='bbox 1392 3989 1632 4052; x_wconf 76' lang='grc' dir='ltr'>Φλαϐία.</span> <span class='ocrx_word' id='word_1_531' title='bbox 1701 3989 1919 4064; x_wconf 61' lang='lat' dir='ltr'><strong>Flavia,</strong></span> 
     </span>
    </p>
   </div>
   <div class='ocr_carea' id='block_1_74' title="bbox 284 4067 996 4138">
    <p class='ocr_par' dir='ltr' id='par_1_74' title="bbox 284 4067 996 4138">
     <span class='ocr_line' id='line_1_77' title="bbox 284 4067 996 4138; baseline -0.004 -14"><span class='ocrx_word' id='word_1_532' title='bbox 284 4067 698 4124; x_wconf 34' lang='lat' dir='ltr'><strong>habent&#39;ambo</strong></span> <span class='ocrx_word' id='word_1_533' title='bbox 727 4067 996 4138; x_wconf 85' lang='lat' dir='ltr'><strong>catalogi.</strong></span> 
     </span>
    </p>
   </div>
   <div class='ocr_carea' id='block_1_75' title="bbox 349 4138 1917 4212">
    <p class='ocr_par' dir='ltr' id='par_1_75' title="bbox 349 4138 1917 4212">
     <span class='ocr_line' id='line_1_78' title="bbox 349 4138 1917 4212; baseline -0.001 -18"><span class='ocrx_word' id='word_1_534' title='bbox 349 4141 462 4212; x_wconf 82' lang='lat' dir='ltr'>(9i)</span> <span class='ocrx_word' id='word_1_535' title='bbox 494 4141 658 4212; x_wconf 84' lang='lat' dir='ltr'><strong>Apud</strong></span> <span class='ocrx_word' id='word_1_536' title='bbox 685 4138 967 4212; x_wconf 82' lang='lat' dir='ltr'><strong>Cangium</strong></span> <span class='ocrx_word' id='word_1_537' title='bbox 999 4139 1040 4194; x_wconf 93' lang='lat' dir='ltr'><strong>l.</strong></span> <span class='ocrx_word' id='word_1_538' title='bbox 1078 4153 1126 4194; x_wconf 91' lang='lat' dir='ltr'><strong>c.</strong></span> <span class='ocrx_word' id='word_1_539' title='bbox 1163 4156 1220 4211; x_wconf 93' lang='lat' dir='ltr'><strong>p.</strong></span> <span class='ocrx_word' id='word_1_540' title='bbox 1267 4140 1392 4212; x_wconf 76' lang='lat'><strong>120,</strong></span> <span class='ocrx_word' id='word_1_541' title='bbox 1422 4140 1791 4212; x_wconf 71' lang='lat' dir='ltr'><strong>Anastasiam</strong></span> <span class='ocrx_word' id='word_1_542' title='bbox 1821 4154 1917 4193; x_wconf 91' lang='lat' dir='ltr'><strong>re-</strong></span> 
     </span>
    </p>
   </div>
   <div class='ocr_carea' id='block_1_76' title="bbox 288 4210 1920 4282">
    <p class='ocr_par' dir='ltr' id='par_1_76' title="bbox 288 4210 1920 4282">
     <span class='ocr_line' id='line_1_79' title="bbox 288 4210 1920 4282; baseline 0.001 -17"><span class='ocrx_word' id='word_1_543' title='bbox 288 4210 439 4282; x_wconf 80' lang='lat' dir='ltr'><strong>perio</strong></span> <span class='ocrx_word' id='word_1_544' title='bbox 462 4210 742 4282; x_wconf 89' lang='lat' dir='ltr'><strong>appellari</strong></span> <span class='ocrx_word' id='word_1_545' title='bbox 774 4228 1010 4266; x_wconf 89' lang='lat' dir='ltr'><strong>uxorem</strong></span> <span class='ocrx_word' id='word_1_546' title='bbox 1034 4211 1396 4266; x_wconf 85' lang='lat' dir='ltr'><strong>Constantini</strong></span> <span class='ocrx_word' id='word_1_547' title='bbox 1432 4211 1730 4280; x_wconf 84' lang='lat' dir='ltr'><strong>Pogonati.</strong></span> <span class='ocrx_word' id='word_1_548' title='bbox 1754 4211 1920 4266; x_wconf 87' lang='lat' dir='ltr'><strong>Forte</strong></span> 
     </span>
    </p>
   </div>
   <div class='ocr_carea' id='block_1_77' title="bbox 289 4283 1920 4353">
    <p class='ocr_par' dir='ltr' id='par_1_77' title="bbox 289 4283 1920 4353">
     <span class='ocr_line' id='line_1_80' title="bbox 289 4283 1920 4353; baseline -0.001 -16"><span class='ocrx_word' id='word_1_549' title='bbox 289 4283 342 4338; x_wconf 88' lang='lat' dir='ltr'><strong>id</strong></span> <span class='ocrx_word' id='word_1_550' title='bbox 365 4283 476 4352; x_wconf 89' lang='lat' dir='ltr'><strong>ipsi</strong></span> <span class='ocrx_word' id='word_1_551' title='bbox 527 4299 739 4338; x_wconf 89' lang='lat' dir='ltr'><strong>nomen</strong></span> <span class='ocrx_word' id='word_1_552' title='bbox 771 4283 901 4348; x_wconf 86' lang='lat' dir='ltr'><strong>fuit,</strong></span> <span class='ocrx_word' id='word_1_553' title='bbox 944 4300 1274 4353; x_wconf 71' lang='lat' dir='ltr'><strong>praenomen</strong></span> <span class='ocrx_word' id='word_1_554' title='bbox 1309 4287 1501 4338; x_wconf 90' lang='lat' dir='ltr'><strong>autem</strong></span> <span class='ocrx_word' id='word_1_555' title='bbox 1527 4283 1760 4337; x_wconf 84' lang='lat' dir='ltr'><strong>Fausta.</strong></span> <span class='ocrx_word' id='word_1_556' title='bbox 1785 4284 1920 4353; x_wconf 89' lang='lat' dir='ltr'><strong>Am-</strong></span> 
     </span>
    </p>
   </div>
   <div class='ocr_carea' id='block_1_78' title="bbox 291 4352 1916 4428">
    <p class='ocr_par' dir='ltr' id='par_1_78' title="bbox 291 4352 1916 4428">
     <span class='ocr_line' id='line_1_81' title="bbox 291 4352 1916 4428; baseline -0.003 -19"><span class='ocrx_word' id='word_1_557' title='bbox 291 4354 471 4428; x_wconf 75' lang='lat' dir='ltr'><strong>bobus</strong></span> <span class='ocrx_word' id='word_1_558' title='bbox 521 4354 797 4428; x_wconf 82' lang='lat' dir='ltr'><strong>catalogis</strong></span> <span class='ocrx_word' id='word_1_559' title='bbox 836 4352 1073 4428; x_wconf 82' lang='lat' dir='ltr'><strong>deerant</strong></span> <span class='ocrx_word' id='word_1_560' title='bbox 1158 4361 1414 4428; x_wconf 74' lang='lat' dir='ltr'><strong>extrema</strong></span> <span class='ocrx_word' id='word_1_561' title='bbox 1465 4354 1638 4409; x_wconf 90' lang='lat' dir='ltr'><strong>verba</strong></span> <span class='ocrx_word' id='word_1_562' title='bbox 1688 4353 1722 4420; x_wconf 76' lang='grc' dir='ltr'>ἡ</span> <span class='ocrx_word' id='word_1_563' title='bbox 1783 4352 1916 4428; x_wconf 75' lang='grc' dir='ltr'><strong>γυνῇ</strong></span> 
     </span>
    </p>
   </div>
   <div class='ocr_carea' id='block_1_79' title="bbox 289 4425 1922 4500">
    <p class='ocr_par' dir='ltr' id='par_1_79' title="bbox 289 4425 1922 4500">
     <span class='ocr_line' id='line_1_82' title="bbox 289 4425 1922 4500; baseline -0.001 -21"><span class='ocrx_word' id='word_1_564' title='bbox 289 4425 686 4500; x_wconf 57' lang='grc' dir='ltr'>ῌωνσταντίνου</span> <span class='ocrx_word' id='word_1_565' title='bbox 722 4425 1108 4500; x_wconf 68' lang='grc' dir='ltr'>Ηωγῳνάτου.</span> <span class='ocrx_word' id='word_1_566' title='bbox 1167 4426 1507 4500; x_wconf 89' lang='lat' dir='ltr'><strong>Suspicatus</strong></span> <span class='ocrx_word' id='word_1_567' title='bbox 1569 4425 1922 4500; x_wconf 50' lang='lat' dir='ltr'><strong>_tamen_&#39;fuit</strong></span> 
     </span>
    </p>
   </div>
   <div class='ocr_carea' id='block_1_80' title="bbox 287 4497 1919 4567">
    <p class='ocr_par' dir='ltr' id='par_1_80' title="bbox 287 4497 1919 4567">
     <span class='ocr_line' id='line_1_83' title="bbox 287 4497 1919 4567; baseline 0 -16"><span class='ocrx_word' id='word_1_568' title='bbox 287 4497 530 4554; x_wconf 90' lang='lat' dir='ltr'><strong>Bandur.</strong></span> <span class='ocrx_word' id='word_1_569' title='bbox 567 4503 607 4552; x_wconf 92' lang='lat' dir='ltr'><strong>t.</strong></span> <span class='ocrx_word' id='word_1_570' title='bbox 637 4498 709 4562; x_wconf 90' lang='grc' dir='ltr'><strong>ΙΙ,</strong></span> <span class='ocrx_word' id='word_1_571' title='bbox 747 4515 801 4567; x_wconf 86' lang='grc' dir='ltr'>ρ.</span> <span class='ocrx_word' id='word_1_572' title='bbox 833 4497 960 4563; x_wconf 86' lang='grc'><strong>812,</strong></span> <span class='ocrx_word' id='word_1_573' title='bbox 996 4497 1269 4567; x_wconf 88' lang='lat' dir='ltr'><strong>Pogonati</strong></span> <span class='ocrx_word' id='word_1_574' title='bbox 1297 4513 1531 4552; x_wconf 83' lang='lat' dir='ltr'><strong>uxorem</strong></span> <span class='ocrx_word' id='word_1_575' title='bbox 1567 4497 1715 4552; x_wconf 86' lang='lat' dir='ltr'><strong>hanc</strong></span> <span class='ocrx_word' id='word_1_576' title='bbox 1749 4497 1919 4551; x_wconf 90' lang='lat' dir='ltr'><strong>Faus-</strong></span> 
     </span>
    </p>
   </div>
   <div class='ocr_carea' id='block_1_81' title="bbox 288 4568 1917 4638">
    <p class='ocr_par' dir='ltr' id='par_1_81' title="bbox 288 4568 1917 4638">
     <span class='ocr_line' id='line_1_84' title="bbox 288 4568 1917 4638; baseline -0.001 -16"><span class='ocrx_word' id='word_1_577' title='bbox 288 4572 400 4624; x_wconf 84' lang='lat' dir='ltr'><strong>tam</strong></span> <span class='ocrx_word' id='word_1_578' title='bbox 451 4570 650 4624; x_wconf 82' lang='lat' dir='ltr'><strong>fuisse.</strong></span> <span class='ocrx_word' id='word_1_579' title='bbox 701 4572 867 4624; x_wconf 86' lang='lat' dir='ltr'><strong>Forte</strong></span> <span class='ocrx_word' id='word_1_580' title='bbox 927 4573 1062 4623; x_wconf 90' lang='lat' dir='ltr'><strong>nata</strong></span> <span class='ocrx_word' id='word_1_581' title='bbox 1093 4569 1422 4623; x_wconf 87' lang='lat' dir='ltr'><strong>illalacuna</strong></span> <span class='ocrx_word' id='word_1_582' title='bbox 1451 4585 1520 4623; x_wconf 80' lang='lat' dir='ltr'><strong>ex</strong></span> <span class='ocrx_word' id='word_1_583' title='bbox 1551 4585 1639 4638; x_wconf 91' lang='lat' dir='ltr'><strong>eo,</strong></span> <span class='ocrx_word' id='word_1_584' title='bbox 1673 4568 1827 4638; x_wconf 92' lang='lat' dir='ltr'><strong>quod</strong></span> <span class='ocrx_word' id='word_1_585' title='bbox 1851 4568 1917 4621; x_wconf 88' lang='lat' dir='ltr'><strong>li-</strong></span> 
     </span>
    </p>
   </div>
   <div class='ocr_carea' id='block_1_82' title="bbox 291 4639 1917 4711">
    <p class='ocr_par' dir='ltr' id='par_1_82' title="bbox 291 4639 1917 4711">
     <span class='ocr_line' id='line_1_85' title="bbox 291 4639 1917 4711; baseline 0 -17"><span class='ocrx_word' id='word_1_586' title='bbox 291 4639 532 4706; x_wconf 76' lang='lat' dir='ltr'><strong>brarius,</strong></span> <span class='ocrx_word' id='word_1_587' title='bbox 566 4639 667 4710; x_wconf 91' lang='lat' dir='ltr'><strong>qui</strong></span> <span class='ocrx_word' id='word_1_588' title='bbox 710 4641 857 4695; x_wconf 88' lang='lat' dir='ltr'><strong>istos</strong></span> <span class='ocrx_word' id='word_1_589' title='bbox 890 4641 1182 4711; x_wconf 81' lang='lat' dir='ltr'><strong>catalogus</strong></span> <span class='ocrx_word' id='word_1_590' title='bbox 1225 4645 1322 4696; x_wconf 91' lang='lat' dir='ltr'><strong>aut</strong></span> <span class='ocrx_word' id='word_1_591' title='bbox 1366 4641 1556 4711; x_wconf 88' lang='lat' dir='ltr'><strong>potius</strong></span> <span class='ocrx_word' id='word_1_592' title='bbox 1588 4640 1917 4709; x_wconf 85' lang='lat' dir='ltr'><strong>catalogum</strong></span> 
     </span>
    </p>
   </div>
   <div class='ocr_carea' id='block_1_83' title="bbox 291 4711 1926 4784">
    <p class='ocr_par' dir='ltr' id='par_1_83' title="bbox 291 4711 1926 4784">
     <span class='ocr_line' id='line_1_86' title="bbox 291 4711 1926 4784; baseline -0.001 -18"><span class='ocrx_word' id='word_1_593' title='bbox 291 4712 549 4784; x_wconf 64' lang='lat' dir='ltr'><strong>exaravit,</strong></span> <span class='ocrx_word' id='word_1_594' title='bbox 571 4711 866 4784; x_wconf 80' lang='lat' dir='ltr'><strong>inveniret</strong></span> <span class='ocrx_word' id='word_1_595' title='bbox 897 4712 956 4766; x_wconf 91' lang='lat' dir='ltr'><strong>in</strong></span> <span class='ocrx_word' id='word_1_596' title='bbox 999 4712 1346 4784; x_wconf 85' lang='lat' dir='ltr'><strong>primigenio</strong></span> <span class='ocrx_word' id='word_1_597' title='bbox 1384 4713 1694 4780; x_wconf 81' lang='lat' dir='ltr'><strong>exemplari</strong></span> <span class='ocrx_word' id='word_1_598' title='bbox 1729 4711 1926 4784; x_wconf 77' lang='lat' dir='ltr'><strong>confu-</strong></span> 
     </span>
    </p>
   </div>
   <div class='ocr_carea' id='block_1_84' title="bbox 294 4781 1922 4853">
    <p class='ocr_par' dir='ltr' id='par_1_84' title="bbox 294 4781 1922 4853">
     <span class='ocr_line' id='line_1_87' title="bbox 294 4781 1922 4853; baseline 0 -16"><span class='ocrx_word' id='word_1_599' title='bbox 294 4783 503 4838; x_wconf 90' lang='lat' dir='ltr'><strong>sionem</strong></span> <span class='ocrx_word' id='word_1_600' title='bbox 525 4782 620 4838; x_wconf 91' lang='lat' dir='ltr'><strong>hic</strong></span> <span class='ocrx_word' id='word_1_601' title='bbox 650 4781 783 4848; x_wconf 87' lang='lat' dir='ltr'><strong>loci,</strong></span> <span class='ocrx_word' id='word_1_602' title='bbox 816 4781 1264 4853; x_wconf 61' lang='lat' dir='ltr'><strong>cujus&#39;vestigia</strong></span> <span class='ocrx_word' id='word_1_603' title='bbox 1291 4784 1347 4837; x_wconf 89' lang='lat' dir='ltr'><strong>in</strong></span> <span class='ocrx_word' id='word_1_604' title='bbox 1381 4784 1595 4838; x_wconf 83' lang='lat' dir='ltr'><strong>nostris</strong></span> <span class='ocrx_word' id='word_1_605' title='bbox 1628 4783 1922 4838; x_wconf 89' lang='lat' dir='ltr'><strong>membra-</strong></span> 
     </span>
    </p>
   </div>
   <div class='ocr_carea' id='block_1_85' title="bbox 290 4854 1926 4926">
    <p class='ocr_par' dir='ltr' id='par_1_85' title="bbox 290 4854 1926 4926">
     <span class='ocr_line' id='line_1_88' title="bbox 290 4854 1926 4926; baseline 0.001 -19"><span class='ocrx_word' id='word_1_606' title='bbox 290 4855 374 4926; x_wconf 83' lang='lat' dir='ltr'><strong>nis</strong></span> <span class='ocrx_word' id='word_1_607' title='bbox 396 4861 738 4926; x_wconf 86' lang='lat' dir='ltr'><strong>supersunt._</strong></span> <span class='ocrx_word' id='word_1_608' title='bbox 765 4854 896 4926; x_wconf 80' lang='lat' dir='ltr'><strong>Post</strong></span> <span class='ocrx_word' id='word_1_609' title='bbox 919 4856 1138 4926; x_wconf 72' lang='lat' dir='ltr'><strong>Faustae</strong></span> <span class='ocrx_word' id='word_1_610' title='bbox 1169 4871 1381 4910; x_wconf 89' lang='lat' dir='ltr'><strong>nomen</strong></span> <span class='ocrx_word' id='word_1_611' title='bbox 1428 4854 1586 4926; x_wconf 89' lang='lat' dir='ltr'><strong>enim</strong></span> <span class='ocrx_word' id='word_1_612' title='bbox 1649 4854 1926 4926; x_wconf 89' lang='lat' dir='ltr'><strong>leguntur</strong></span> 
     </span>
    </p>
   </div>
   <div class='ocr_carea' id='block_1_86' title="bbox 290 4922 1564 4997">
    <p class='ocr_par' dir='ltr' id='par_1_86' title="bbox 290 4922 1564 4997">
     <span class='ocr_line' id='line_1_89' title="bbox 290 4922 1564 4997; baseline 0.001 -19"><span class='ocrx_word' id='word_1_613' title='bbox 290 4922 640 4997; x_wconf 77' lang='lat' dir='ltr'><strong>insertabaec</strong></span> <span class='ocrx_word' id='word_1_614' title='bbox 674 4941 687 4979; x_wconf 92' lang='lat'><strong>:</strong></span> <span class='ocrx_word' id='word_1_615' title='bbox 721 4922 771 4976; x_wconf 84' lang='grc' dir='ltr'>ἐν</span> <span class='ocrx_word' id='word_1_616' title='bbox 793 4924 838 4994; x_wconf 84' lang='grc' dir='ltr'>ᾦ</span> <span class='ocrx_word' id='word_1_617' title='bbox 869 4924 1169 4992; x_wconf 78' lang='grc' dir='ltr'>ἀπόκειται,</span> <span class='ocrx_word' id='word_1_618' title='bbox 1204 4943 1328 4997; x_wconf 65' lang='lat' dir='ltr'><strong>quas</strong></span> <span class='ocrx_word' id='word_1_619' title='bbox 1364 4925 1564 4980; x_wconf 88' lang='lat' dir='ltr'><strong>delevi.</strong></span> 
     </span>
    </p>
   </div>
   <div class='ocr_carea' id='block_1_87' title="bbox 353 4994 1926 5069">
    <p class='ocr_par' dir='ltr' id='par_1_87' title="bbox 353 4994 1926 5069">
     <span class='ocr_line' id='line_1_90' title="bbox 353 4994 1926 5069; baseline 0 -20"><span class='ocrx_word' id='word_1_620' title='bbox 353 4997 459 5065; x_wconf 89' lang='lat'>(92)</span> <span class='ocrx_word' id='word_1_621' title='bbox 491 4995 703 5069; x_wconf 86' lang='lat' dir='ltr'><strong>Filium</strong></span> <span class='ocrx_word' id='word_1_622' title='bbox 735 4997 1102 5069; x_wconf 86' lang='lat' dir='ltr'><strong>Constantini</strong></span> <span class='ocrx_word' id='word_1_623' title='bbox 1142 4994 1418 5069; x_wconf 85' lang='lat' dir='ltr'><strong>Pogonati</strong></span> <span class='ocrx_word' id='word_1_624' title='bbox 1450 4997 1604 5069; x_wconf 78' lang='lat' dir='ltr'><strong>patri</strong></span> <span class='ocrx_word' id='word_1_625' title='bbox 1628 4994 1926 5069; x_wconf 73' lang='lat' dir='ltr'><strong>cognomi-</strong></span> 
     </span>
    </p>
   </div>
   <div class='ocr_carea' id='block_1_88' title="bbox 291 5066 1923 5124">
    <p class='ocr_par' dir='ltr' id='par_1_88' title="bbox 291 5066 1923 5124">
     <span class='ocr_line' id='line_1_91' title="bbox 291 5066 1923 5124; baseline -0.001 -2"><span class='ocrx_word' id='word_1_626' title='bbox 291 5083 409 5122; x_wconf 86' lang='lat' dir='ltr'><strong>nem</strong></span> <span class='ocrx_word' id='word_1_627' title='bbox 445 5067 672 5121; x_wconf 88' lang='lat' dir='ltr'><strong>nullum</strong></span> <span class='ocrx_word' id='word_1_628' title='bbox 700 5068 852 5124; x_wconf 88' lang='lat' dir='ltr'><strong>novi.</strong></span> <span class='ocrx_word' id='word_1_629' title='bbox 908 5069 1035 5124; x_wconf 88' lang='lat' dir='ltr'><strong>Filii</strong></span> <span class='ocrx_word' id='word_1_630' title='bbox 1087 5069 1169 5123; x_wconf 87' lang='lat' dir='ltr'><strong>illi</strong></span> <span class='ocrx_word' id='word_1_631' title='bbox 1197 5066 1365 5123; x_wconf 69' lang='lat' dir='ltr'><strong>erant</strong></span> <span class='ocrx_word' id='word_1_632' title='bbox 1393 5066 1761 5123; x_wconf 82' lang='lat' dir='ltr'><strong>Justiniantis</strong></span> <span class='ocrx_word' id='word_1_633' title='bbox 1785 5066 1923 5120; x_wconf 81' lang='lat' dir='ltr'><strong>Rhi-</strong></span> 
     </span>
    </p>
   </div>
   <div class='ocr_carea' id='block_1_89' title="bbox 293 5137 1928 5207">
    <p class='ocr_par' dir='ltr' id='par_1_89' title="bbox 293 5137 1928 5207">
     <span class='ocr_line' id='line_1_92' title="bbox 293 5137 1928 5207; baseline 0 -16"><span class='ocrx_word' id='word_1_634' title='bbox 293 5145 574 5192; x_wconf 86' lang='lat' dir='ltr'><strong>notmetus</strong></span> <span class='ocrx_word' id='word_1_635' title='bbox 606 5147 656 5192; x_wconf 90' lang='lat' dir='ltr'><strong>et</strong></span> <span class='ocrx_word' id='word_1_636' title='bbox 691 5137 1008 5195; x_wconf 85' lang='lat' dir='ltr'><strong>Heraclius.</strong></span> <span class='ocrx_word' id='word_1_637' title='bbox 1053 5141 1224 5195; x_wconf 90' lang='lat' dir='ltr'><strong>Posui</strong></span> <span class='ocrx_word' id='word_1_638' title='bbox 1271 5156 1401 5204; x_wconf 70' lang='lat' dir='ltr'><strong>ergo</strong></span> <span class='ocrx_word' id='word_1_639' title='bbox 1430 5141 1485 5192; x_wconf 88' lang='lat' dir='ltr'><strong>in</strong></span> <span class='ocrx_word' id='word_1_640' title='bbox 1519 5139 1741 5194; x_wconf 88' lang='lat' dir='ltr'><strong>Latinis</strong></span> <span class='ocrx_word' id='word_1_641' title='bbox 1771 5145 1928 5207; x_wconf 83' lang='lat' dir='ltr'><strong>pater</strong></span> 
     </span>
    </p>
   </div>
   <div class='ocr_carea' id='block_1_90' title="bbox 293 5207 1926 5281">
    <p class='ocr_par' dir='ltr' id='par_1_90' title="bbox 293 5207 1926 5281">
     <span class='ocr_line' id='line_1_93' title="bbox 293 5207 1926 5281; baseline 0 -18"><span class='ocrx_word' id='word_1_642' title='bbox 293 5207 610 5281; x_wconf 15' lang='lat' dir='ltr'><strong>locorhujus</strong></span> <span class='ocrx_word' id='word_1_643' title='bbox 637 5210 815 5263; x_wconf 86' lang='lat' dir='ltr'><strong>vocis.</strong></span> <span class='ocrx_word' id='word_1_644' title='bbox 842 5212 1002 5265; x_wconf 89' lang='lat' dir='ltr'><strong>Certe</strong></span> <span class='ocrx_word' id='word_1_645' title='bbox 1028 5212 1299 5281; x_wconf 87' lang='lat' dir='ltr'><strong>Pogonati</strong></span> <span class='ocrx_word' id='word_1_646' title='bbox 1326 5218 1486 5280; x_wconf 77' lang='lat' dir='ltr'><strong>pater</strong></span> <span class='ocrx_word' id='word_1_647' title='bbox 1508 5211 1926 5264; x_wconf 87' lang='lat' dir='ltr'><strong>Constantinus</strong></span> 
     </span>
    </p>
   </div>
   <div class='ocr_carea' id='block_1_91' title="bbox 295 5280 1927 5352">
    <p class='ocr_par' dir='ltr' id='par_1_91' title="bbox 295 5280 1927 5352">
     <span class='ocr_line' id='line_1_94' title="bbox 295 5280 1927 5352; baseline 0.001 -20"><span class='ocrx_word' id='word_1_648' title='bbox 295 5281 390 5334; x_wconf 79' lang='lat' dir='ltr'><strong>fuit</strong></span> <span class='ocrx_word' id='word_1_649' title='bbox 419 5280 868 5336; x_wconf 81' lang='lat' dir='ltr'><strong>incoronatiune</strong></span> <span class='ocrx_word' id='word_1_650' title='bbox 901 5280 1126 5344; x_wconf 53' lang='lat' dir='ltr'><strong>dictus,</strong></span> <span class='ocrx_word' id='word_1_651' title='bbox 1148 5283 1415 5352; x_wconf 83' lang='lat' dir='ltr'><strong>quamvis</strong></span> <span class='ocrx_word' id='word_1_652' title='bbox 1442 5281 1612 5345; x_wconf 74' lang='lat' dir='ltr'><strong>vulgo</strong></span> <span class='ocrx_word' id='word_1_653' title='bbox 1645 5282 1927 5335; x_wconf 81' lang='lat' dir='ltr'><strong>Constans</strong></span> 
     </span>
    </p>
   </div>
   <div class='ocr_carea' id='block_1_92' title="bbox 293 5352 1930 5421">
    <p class='ocr_par' dir='ltr' id='par_1_92' title="bbox 293 5352 1930 5421">
     <span class='ocr_line' id='line_1_95' title="bbox 293 5352 1930 5421; baseline 0.001 -16"><span class='ocrx_word' id='word_1_654' title='bbox 293 5352 517 5418; x_wconf 87' lang='lat' dir='ltr'><strong>audiat;</strong></span> <span class='ocrx_word' id='word_1_655' title='bbox 578 5353 693 5407; x_wconf 82' lang='lat' dir='ltr'><strong>vid.</strong></span> <span class='ocrx_word' id='word_1_656' title='bbox 741 5357 820 5406; x_wconf 92' lang='lat' dir='ltr'><strong>Du</strong></span> <span class='ocrx_word' id='word_1_657' title='bbox 879 5355 1068 5408; x_wconf 63' lang='lat' dir='ltr'><strong>Canae</strong></span> <span class='ocrx_word' id='word_1_658' title='bbox 1103 5353 1137 5406; x_wconf 90' lang='lat' dir='ltr'><strong>l.</strong></span> <span class='ocrx_word' id='word_1_659' title='bbox 1180 5369 1228 5406; x_wconf 91' lang='lat' dir='ltr'><strong>c.</strong></span> <span class='ocrx_word' id='word_1_660' title='bbox 1263 5370 1312 5421; x_wconf 92' lang='lat' dir='ltr'><strong>p.</strong></span> <span class='ocrx_word' id='word_1_661' title='bbox 1362 5354 1485 5406; x_wconf 78' lang='grc'><strong>120.</strong></span> <span class='ocrx_word' id='word_1_662' title='bbox 1520 5354 1710 5416; x_wconf 77' lang='lat' dir='ltr'><strong>Neque</strong></span> <span class='ocrx_word' id='word_1_663' title='bbox 1741 5354 1930 5406; x_wconf 69' lang='lat' dir='ltr'><strong>obstat</strong></span> 
     </span>
    </p>
   </div>
   <div class='ocr_carea' id='block_1_93' title="bbox 282 5423 1928 5493">
    <p class='ocr_par' dir='ltr' id='par_1_93' title="bbox 282 5423 1928 5493">
     <span class='ocr_line' id='line_1_96' title="bbox 282 5423 1928 5493; baseline -0.001 -16"><span class='ocrx_word' id='word_1_664' title='bbox 282 5424 428 5492; x_wconf 85' lang='lat' dir='ltr'><strong>quod</strong></span> <span class='ocrx_word' id='word_1_665' title='bbox 448 5425 739 5479; x_wconf 84' lang='lat' dir='ltr'><strong>Constans</strong></span> <span class='ocrx_word' id='word_1_666' title='bbox 772 5424 869 5478; x_wconf 90' lang='lat' dir='ltr'><strong>ille</strong></span> <span class='ocrx_word' id='word_1_667' title='bbox 899 5425 953 5477; x_wconf 90' lang='lat' dir='ltr'><strong>in</strong></span> <span class='ocrx_word' id='word_1_668' title='bbox 992 5424 1187 5479; x_wconf 82' lang='lat' dir='ltr'><strong>Sicilia</strong></span> <span class='ocrx_word' id='word_1_669' title='bbox 1220 5426 1602 5493; x_wconf 79' lang='lat' dir='ltr'><strong>interemptus</strong></span> <span class='ocrx_word' id='word_1_670' title='bbox 1631 5425 1685 5477; x_wconf 88' lang='lat' dir='ltr'><strong>in</strong></span> <span class='ocrx_word' id='word_1_671' title='bbox 1723 5423 1928 5478; x_wconf 87' lang='lat' dir='ltr'><strong>balneo</strong></span> 
     </span>
    </p>
   </div>
   <div class='ocr_carea' id='block_1_94' title="bbox 293 5493 1929 5564">
    <p class='ocr_par' dir='ltr' id='par_1_94' title="bbox 293 5493 1929 5564">
     <span class='ocr_line' id='line_1_97' title="bbox 293 5493 1929 5564; baseline 0 -16"><span class='ocrx_word' id='word_1_672' title='bbox 293 5496 534 5564; x_wconf 88' lang='lat' dir='ltr'><strong>perierit.</strong></span> <span class='ocrx_word' id='word_1_673' title='bbox 569 5493 751 5550; x_wconf 86' lang='lat' dir='ltr'><strong>Filius</strong></span> <span class='ocrx_word' id='word_1_674' title='bbox 782 5496 936 5549; x_wconf 85' lang='lat' dir='ltr'><strong>enim</strong></span> <span class='ocrx_word' id='word_1_675' title='bbox 968 5497 1094 5562; x_wconf 85' lang='lat' dir='ltr'><strong>ejus</strong></span> <span class='ocrx_word' id='word_1_676' title='bbox 1126 5496 1361 5549; x_wconf 82' lang='lat' dir='ltr'><strong>exuvias</strong></span> <span class='ocrx_word' id='word_1_677' title='bbox 1387 5493 1929 5564; x_wconf 74' lang='lat' dir='ltr'><strong>Constantinopolin</strong></span> 
     </span>
    </p>
   </div>
   <div class='ocr_carea' id='block_1_95' title="bbox 291 5566 1929 5637">
    <p class='ocr_par' dir='ltr' id='par_1_95' title="bbox 291 5566 1929 5637">
     <span class='ocr_line' id='line_1_98' title="bbox 291 5566 1929 5637; baseline 0.001 -18"><span class='ocrx_word' id='word_1_678' title='bbox 291 5566 589 5636; x_wconf 86' lang='lat' dir='ltr'><strong>reportavit</strong></span> <span class='ocrx_word' id='word_1_679' title='bbox 619 5573 675 5620; x_wconf 91' lang='lat' dir='ltr'><strong>et</strong></span> <span class='ocrx_word' id='word_1_680' title='bbox 707 5567 766 5621; x_wconf 90' lang='lat' dir='ltr'><strong>in</strong></span> <span class='ocrx_word' id='word_1_681' title='bbox 801 5569 921 5621; x_wconf 59' lang='lat' dir='ltr'><strong>aede</strong></span> <span class='ocrx_word' id='word_1_682' title='bbox 942 5566 1466 5634; x_wconf 89' lang='lat' dir='ltr'><strong>SS.Apostolorum</strong></span> <span class='ocrx_word' id='word_1_683' title='bbox 1501 5582 1676 5637; x_wconf 87' lang='lat' dir='ltr'><strong>penes</strong></span> <span class='ocrx_word' id='word_1_684' title='bbox 1708 5574 1929 5637; x_wconf 89' lang='lat' dir='ltr'><strong>patrem</strong></span> 
     </span>
    </p>
   </div>
   <div class='ocr_carea' id='block_1_96' title="bbox 295 5637 1929 5707">
    <p class='ocr_par' dir='ltr' id='par_1_96' title="bbox 295 5637 1929 5707">
     <span class='ocr_line' id='line_1_99' title="bbox 295 5637 1929 5707; baseline 0.001 -17"><span class='ocrx_word' id='word_1_685' title='bbox 295 5637 406 5707; x_wconf 80' lang='lat' dir='ltr'><strong>ejus</strong></span> <span class='ocrx_word' id='word_1_686' title='bbox 436 5637 769 5693; x_wconf 85' lang='lat' dir='ltr'><strong>Heraclium</strong></span> <span class='ocrx_word' id='word_1_687' title='bbox 826 5639 1273 5694; x_wconf 87' lang='lat' dir='ltr'><strong>Constantinum</strong></span> <span class='ocrx_word' id='word_1_688' title='bbox 1325 5639 1615 5707; x_wconf 89' lang='lat' dir='ltr'><strong>deposuit,</strong></span> <span class='ocrx_word' id='word_1_689' title='bbox 1649 5642 1796 5692; x_wconf 89' lang='lat' dir='ltr'><strong>teste</strong></span> <span class='ocrx_word' id='word_1_690' title='bbox 1828 5638 1929 5692; x_wconf 87' lang='lat' dir='ltr'><strong>Ce-</strong></span> 
     </span>
    </p>
   </div>
   <div class='ocr_carea' id='block_1_97' title="bbox 297 5707 1928 5782">
    <p class='ocr_par' dir='ltr' id='par_1_97' title="bbox 297 5707 1928 5782">
     <span class='ocr_line' id='line_1_100' title="bbox 297 5707 1928 5782; baseline -0.001 -20"><span class='ocrx_word' id='word_1_691' title='bbox 297 5707 461 5764; x_wconf 89' lang='lat' dir='ltr'><strong>dreno</strong></span> <span class='ocrx_word' id='word_1_692' title='bbox 493 5727 548 5781; x_wconf 92' lang='lat' dir='ltr'><strong>p.</strong></span> <span class='ocrx_word' id='word_1_693' title='bbox 575 5710 698 5768; x_wconf 70' lang='lat'><strong>436.</strong></span> <span class='ocrx_word' id='word_1_694' title='bbox 736 5709 926 5782; x_wconf 82' lang='lat' dir='ltr'><strong>Longe</strong></span> <span class='ocrx_word' id='word_1_695' title='bbox 940 5709 1108 5767; x_wconf 88' lang='lat' dir='ltr'><strong>aliter</strong></span> <span class='ocrx_word' id='word_1_696' title='bbox 1127 5709 1316 5764; x_wconf 89' lang='lat' dir='ltr'><strong>locum</strong></span> <span class='ocrx_word' id='word_1_697' title='bbox 1347 5708 1502 5764; x_wconf 78' lang='lat' dir='ltr'><strong>hunc</strong></span> <span class='ocrx_word' id='word_1_698' title='bbox 1534 5708 1808 5763; x_wconf 81' lang='lat' dir='ltr'><strong>exhibent</strong></span> <span class='ocrx_word' id='word_1_699' title='bbox 1839 5724 1928 5762; x_wconf 85' lang='lat' dir='ltr'><strong>ca-</strong></span> 
     </span>
    </p>
   </div>
   <div class='ocr_carea' id='block_1_98' title="bbox 2019 3069 3667 3156">
    <p class='ocr_par' dir='ltr' id='par_1_98' title="bbox 2019 3069 3667 3156">
     <span class='ocr_line' id='line_1_101' title="bbox 2019 3069 3667 3156; baseline 0.001 -32"><span class='ocrx_word' id='word_1_700' title='bbox 2019 3069 2416 3156; x_wconf 44' lang='lat' dir='ltr'><strong>habét,‘quem</strong></span> <span class='ocrx_word' id='word_1_701' title='bbox 2442 3071 2548 3126; x_wconf 90' lang='lat' dir='ltr'><strong>DC.</strong></span> <span class='ocrx_word' id='word_1_702' title='bbox 2584 3072 2905 3156; x_wconf 54' lang='lat' dir='ltr'><strong>posteri‘ore</strong></span> <span class='ocrx_word' id='word_1_703' title='bbox 2934 3072 3066 3156; x_wconf 64' lang='lat' dir='ltr'><strong>loco</strong></span> <span class='ocrx_word' id='word_1_704' title='bbox 3081 3071 3291 3126; x_wconf 82' lang='lat' dir='ltr'><strong>refert:</strong></span> <span class='ocrx_word' id='word_1_705' title='bbox 3469 3075 3667 3156; x_wconf 40' lang='lat' dir='ltr'><strong>a’ut’em</strong></span> 
     </span>
    </p>
   </div>
   <div class='ocr_carea' id='block_1_99' title="bbox 2021 3138 3660 3215">
    <p class='ocr_par' dir='ltr' id='par_1_99' title="bbox 2021 3138 3660 3215">
     <span class='ocr_line' id='line_1_102' title="bbox 2021 3138 3660 3215; baseline -0.002 -18"><span class='ocrx_word' id='word_1_706' title='bbox 2021 3143 2196 3198; x_wconf 80' lang='lat' dir='ltr'><strong>habet</strong></span> <span class='ocrx_word' id='word_1_707' title='bbox 2217 3138 2323 3196; x_wconf 71' lang='lat' dir='ltr'><strong>hos</strong></span> <span class='ocrx_word' id='word_1_708' title='bbox 2353 3144 2500 3215; x_wconf 77' lang='lat' dir='ltr'><strong>duos</strong></span> <span class='ocrx_word' id='word_1_709' title='bbox 2525 3159 2538 3197; x_wconf 85' lang='lat'><strong>:</strong></span> <span class='ocrx_word' id='word_1_710' title='bbox 2585 3138 2738 3215; x_wconf 78' lang='grc' dir='ltr'>ἒτὲρα</span> <span class='ocrx_word' id='word_1_711' title='bbox 2786 3139 2995 3215; x_wconf 82' lang='grc' dir='ltr'>λάρναξ</span> <span class='ocrx_word' id='word_1_712' title='bbox 3029 3138 3456 3215; x_wconf 38' lang='grc' dir='ltr'>Σαγγαρικὴλέν</span> <span class='ocrx_word' id='word_1_713' title='bbox 3485 3138 3660 3215; x_wconf 42' lang='grc' dir='ltr'>ᾗ-ᾆπό</span> 
     </span>
    </p>
   </div>
   <div class='ocr_carea' id='block_1_100' title="bbox 2019 3160 3667 3282">
    <p class='ocr_par' dir='ltr' id='par_1_100' title="bbox 2019 3160 3667 3282">
     <span class='ocr_line' id='line_1_103' title="bbox 2021 3160 3660 3265; baseline -0.002 -68"><span class='ocrx_word' id='word_1_714' title='bbox 2021 3160 2196 3198; x_wconf 77' lang='lat' dir='ltr'><strong>habet</strong></span> <span class='ocrx_word' id='word_1_715' title='bbox 2217 3160 2323 3196; x_wconf 84' lang='lat' dir='ltr'><strong>nos</strong></span> <span class='ocrx_word' id='word_1_716' title='bbox 2353 3160 2538 3197; x_wconf 86' lang='lat' dir='ltr'><strong>auos:</strong></span> <span class='ocrx_word' id='word_1_717' title='bbox 2585 3160 2738 3265; x_wconf 69' lang='grc' dir='ltr'>ετερα</span> <span class='ocrx_word' id='word_1_718' title='bbox 2797 3160 2995 3210; x_wconf 73' lang='grc' dir='ltr'>Λαρναξ</span> <span class='ocrx_word' id='word_1_719' title='bbox 3029 3160 3371 3215; x_wconf 59' lang='grc' dir='ltr'>δαγγαρικη,</span> <span class='ocrx_word' id='word_1_720' title='bbox 3405 3160 3456 3194; x_wconf 87' lang='grc' dir='ltr'><strong>εν</strong></span> <span class='ocrx_word' id='word_1_721' title='bbox 3485 3160 3521 3210; x_wconf 85' lang='grc' dir='ltr'>ῃ</span> <span class='ocrx_word' id='word_1_722' title='bbox 3553 3160 3660 3194; x_wconf 90' lang='grc' dir='ltr'><strong>απο</strong></span> 
     </span>
     <span class='ocr_line' id='line_1_104' title="bbox 2019 3210 3667 3282; baseline -0.002 -15"><span class='ocrx_word' id='word_1_723' title='bbox 2019 3233 2194 3267; x_wconf 86' lang='grc' dir='ltr'>κειται</span> <span class='ocrx_word' id='word_1_724' title='bbox 2226 3211 2621 3282; x_wconf 85' lang='grc' dir='ltr'>Κωνστάντιος,</span> <span class='ocrx_word' id='word_1_725' title='bbox 2751 3213 2870 3266; x_wconf 73' lang='grc' dir='ltr'>υἱοῦ</span> <span class='ocrx_word' id='word_1_726' title='bbox 2909 3210 3465 3282; x_wconf 16' lang='grc' dir='ltr'>Κωνσταντίνουῗυὶοὖ</span> <span class='ocrx_word' id='word_1_727' title='bbox 3503 3211 3667 3282; x_wconf 63' lang='grc' dir='ltr'>Ἡρα-</span> 
     </span>
    </p>
   </div>
   <div class='ocr_carea' id='block_1_101' title="bbox 2019 3281 3666 3356">
    <p class='ocr_par' dir='ltr' id='par_1_101' title="bbox 2019 3281 3666 3356">
     <span class='ocr_line' id='line_1_105' title="bbox 2019 3281 3666 3356; baseline -0.002 -19"><span class='ocrx_word' id='word_1_728' title='bbox 2019 3284 2230 3341; x_wconf 88' lang='grc' dir='ltr'>κλείου.</span> <span class='ocrx_word' id='word_1_729' title='bbox 2286 3283 2478 3356; x_wconf 72' lang='grc' dir='ltr'>Ἑτέρα</span> <span class='ocrx_word' id='word_1_730' title='bbox 2543 3281 2761 3356; x_wconf 2' lang='grc' dir='ltr'>λάρναξ(</span> <span class='ocrx_word' id='word_1_731' title='bbox 2820 3281 3255 3356; x_wconf 76' lang='grc' dir='ltr'>ἑκατοντάλιθος,</span> <span class='ocrx_word' id='word_1_732' title='bbox 3315 3281 3371 3356; x_wconf 71' lang='grc' dir='ltr'>ἐν</span> <span class='ocrx_word' id='word_1_733' title='bbox 3522 3281 3666 3356; x_wconf 41' lang='grc' dir='ltr'>-ᾀπό-</span> 
     </span>
    </p>
   </div>
   <div class='ocr_carea' id='block_1_102' title="bbox 2019 3353 3664 3482">
    <p class='ocr_par' dir='ltr' id='par_1_102' title="bbox 2019 3353 3664 3482">
     <span class='ocr_line' id='line_1_106' title="bbox 2019 3353 3664 3482; baseline -0.002 -72"><span class='ocrx_word' id='word_1_734' title='bbox 2019 3376 2191 3482; x_wconf 53' lang='grc' dir='ltr'>κίιται</span> <span class='ocrx_word' id='word_1_735' title='bbox 2253 3353 2561 3423; x_wconf 83' lang='grc' dir='ltr'>Κώνστανς,</span> <span class='ocrx_word' id='word_1_736' title='bbox 2617 3353 2650 3408; x_wconf 56' lang='grc' dir='ltr'>’ὁ</span> <span class='ocrx_word' id='word_1_737' title='bbox 2691 3355 2807 3416; x_wconf 71' lang='grc' dir='ltr'>υἱὸς</span> <span class='ocrx_word' id='word_1_738' title='bbox 2857 3353 3265 3420; x_wconf 72' lang='grc' dir='ltr'>Κωνσταντίνου</span> <span class='ocrx_word' id='word_1_739' title='bbox 3325 3353 3445 3406; x_wconf 76' lang='grc' dir='ltr'><strong>υἱοῦ</strong></span> <span class='ocrx_word' id='word_1_740' title='bbox 3501 3353 3664 3426; x_wconf 82' lang='grc' dir='ltr'>Ἦρα-</span> 
     </span>
     <span class='ocr_line' id='line_1_107' title="bbox 2019 3449 2222 3482; baseline 0 0"><span class='ocrx_word' id='word_1_741' title='bbox 2019 3449 2051 3482; x_wconf 89' lang='grc' dir='ltr'><strong>κ</strong></span> <span class='ocrx_word' id='word_1_742' title='bbox 2094 3449 2222 3482; x_wconf 86' lang='grc' dir='ltr'>ειου.</span> 
     </span>
    </p>
   </div>
   <div class='ocr_carea' id='block_1_103' title="bbox 2017 3449 2222 3482">
    <p class='ocr_par' dir='ltr' id='par_1_103' title="bbox 2017 3449 2222 3482">
     <span class='ocr_line' id='line_1_108' title="bbox 2017 3449 2222 3482; baseline 0 0"><span class='ocrx_word' id='word_1_743' title='bbox 2017 3449 2222 3482; x_wconf 85' lang='grc' dir='ltr'>κΛειου.</span> 
     </span>
    </p>
   </div>
   <div class='ocr_carea' id='block_1_104' title="bbox 2095 3495 3666 3572">
    <p class='ocr_par' dir='ltr' id='par_1_104' title="bbox 2095 3495 3666 3572">
     <span class='ocr_line' id='line_1_109' title="bbox 2095 3495 3666 3572; baseline -0.003 -18"><span class='ocrx_word' id='word_1_744' title='bbox 2095 3501 2208 3572; x_wconf 85' lang='grc'>(95)</span> <span class='ocrx_word' id='word_1_745' title='bbox 2245 3499 2389 3572; x_wconf 89' lang='lat' dir='ltr'><strong>Puto</strong></span> <span class='ocrx_word' id='word_1_746' title='bbox 2421 3517 2453 3554; x_wconf 89' lang='lat' dir='ltr'><strong>a</strong></span> <span class='ocrx_word' id='word_1_747' title='bbox 2509 3498 2884 3572; x_wconf 80' lang='lat' dir='ltr'><strong>multitudine</strong></span> <span class='ocrx_word' id='word_1_748' title='bbox 2933 3499 3194 3556; x_wconf 91' lang='lat' dir='ltr'><strong>colorum</strong></span> <span class='ocrx_word' id='word_1_749' title='bbox 3219 3497 3531 3562; x_wconf 88' lang='lat' dir='ltr'><strong>variorum,</strong></span> <span class='ocrx_word' id='word_1_750' title='bbox 3564 3495 3666 3572; x_wconf 77' lang='lat' dir='ltr'><strong>qui</strong></span> 
     </span>
    </p>
   </div>
   <div class='ocr_carea' id='block_1_105' title="bbox 2023 3563 3668 3639">
    <p class='ocr_par' dir='ltr' id='par_1_105' title="bbox 2023 3563 3668 3639">
     <span class='ocr_line' id='line_1_110' title="bbox 2023 3563 3668 3639; baseline -0.003 -12"><span class='ocrx_word' id='word_1_751' title='bbox 2023 3563 2299 3627; x_wconf 79' lang='lat' dir='ltr'><strong>marmori</strong></span> <span class='ocrx_word' id='word_1_752' title='bbox 2357 3571 2608 3639; x_wconf 89' lang='lat' dir='ltr'><strong>inerant,</strong></span> <span class='ocrx_word' id='word_1_753' title='bbox 2665 3570 2748 3625; x_wconf 91' lang='lat' dir='ltr'><strong>sic</strong></span> <span class='ocrx_word' id='word_1_754' title='bbox 2803 3569 3024 3626; x_wconf 88' lang='lat' dir='ltr'><strong>dictum</strong></span> <span class='ocrx_word' id='word_1_755' title='bbox 3060 3572 3290 3638; x_wconf 85' lang='lat' dir='ltr'><strong>fuisse;</strong></span> <span class='ocrx_word' id='word_1_756' title='bbox 3345 3587 3460 3625; x_wconf 92' lang='lat' dir='ltr'><strong>non</strong></span> <span class='ocrx_word' id='word_1_757' title='bbox 3511 3563 3668 3639; x_wconf 52' lang='lat' dir='ltr'><strong>qu&#39;od</strong></span> 
     </span>
    </p>
   </div>
   <div class='ocr_carea' id='block_1_106' title="bbox 2024 3642 3668 3715">
    <p class='ocr_par' dir='ltr' id='par_1_106' title="bbox 2024 3642 3668 3715">
     <span class='ocr_line' id='line_1_111' title="bbox 2024 3642 3668 3715; baseline -0.003 -17"><span class='ocrx_word' id='word_1_758' title='bbox 2024 3645 2264 3715; x_wconf 72' lang='lat' dir='ltr'><strong>praecise</strong></span> <span class='ocrx_word' id='word_1_759' title='bbox 2320 3647 2423 3698; x_wconf 84' lang='lat' dir='ltr'><strong>tot.</strong></span> <span class='ocrx_word' id='word_1_760' title='bbox 2467 3645 2565 3698; x_wconf 90' lang='lat' dir='ltr'><strong>sed</strong></span> <span class='ocrx_word' id='word_1_761' title='bbox 2624 3642 2770 3715; x_wconf 80' lang='lat' dir='ltr'><strong>forte</strong></span> <span class='ocrx_word' id='word_1_762' title='bbox 2821 3642 3143 3714; x_wconf 86' lang='lat' dir='ltr'><strong>pauciores,</strong></span> <span class='ocrx_word' id='word_1_763' title='bbox 3185 3658 3421 3715; x_wconf 80' lang='lat' dir='ltr'><strong>semper</strong></span> <span class='ocrx_word' id='word_1_764' title='bbox 3471 3648 3668 3695; x_wconf 89' lang='lat' dir='ltr'><strong>tamen</strong></span> 
     </span>
    </p>
   </div>
   <div class='ocr_carea' id='block_1_107' title="bbox 2025 3713 3672 3783">
    <p class='ocr_par' dir='ltr' id='par_1_107' title="bbox 2025 3713 3672 3783">
     <span class='ocr_line' id='line_1_112' title="bbox 2025 3713 3672 3783; baseline -0.004 -13"><span class='ocrx_word' id='word_1_765' title='bbox 2025 3713 2212 3781; x_wconf 83' lang='lat' dir='ltr'><strong>inulti,</strong></span> <span class='ocrx_word' id='word_1_766' title='bbox 2245 3715 2363 3769; x_wconf 90' lang='lat' dir='ltr'><strong>sive</strong></span> <span class='ocrx_word' id='word_1_767' title='bbox 2384 3730 2446 3768; x_wconf 88' lang='lat' dir='ltr'><strong>ea</strong></span> <span class='ocrx_word' id='word_1_768' title='bbox 2477 3713 2740 3768; x_wconf 87' lang='lat' dir='ltr'><strong>naturale</strong></span> <span class='ocrx_word' id='word_1_769' title='bbox 2763 3713 3132 3783; x_wconf 82' lang='lat' dir='ltr'><strong>preductum,</strong></span> <span class='ocrx_word' id='word_1_770' title='bbox 3165 3714 3286 3769; x_wconf 90' lang='lat' dir='ltr'><strong>sive</strong></span> <span class='ocrx_word' id='word_1_771' title='bbox 3315 3713 3459 3768; x_wconf 88' lang='lat' dir='ltr'><strong>artis</strong></span> <span class='ocrx_word' id='word_1_772' title='bbox 3489 3716 3672 3783; x_wconf 85' lang='lat' dir='ltr'><strong>tesse-</strong></span> 
     </span>
    </p>
   </div>
   <div class='ocr_carea' id='block_1_108' title="bbox 2025 3781 3666 3856">
    <p class='ocr_par' dir='ltr' id='par_1_108' title="bbox 2025 3781 3666 3856">
     <span class='ocr_line' id='line_1_113' title="bbox 2025 3781 3666 3856; baseline -0.002 -16"><span class='ocrx_word' id='word_1_773' title='bbox 2025 3785 2178 3841; x_wconf 84' lang='lat' dir='ltr'><strong>lariae</strong></span> <span class='ocrx_word' id='word_1_774' title='bbox 2209 3784 2298 3840; x_wconf 94' lang='lat' dir='ltr'><strong>vel</strong></span> <span class='ocrx_word' id='word_1_775' title='bbox 2329 3785 2728 3856; x_wconf 83' lang='lat' dir='ltr'><strong>musivaeopus</strong></span> <span class='ocrx_word' id='word_1_776' title='bbox 2744 3781 2951 3851; x_wconf 76' lang='lat' dir='ltr'><strong>fuerit;</strong></span> <span class='ocrx_word' id='word_1_777' title='bbox 2986 3786 3100 3840; x_wconf 91' lang='lat' dir='ltr'><strong>vid.</strong></span> <span class='ocrx_word' id='word_1_778' title='bbox 3134 3784 3467 3852; x_wconf 87' lang='lat' dir='ltr'><strong>Salmas,ad</strong></span> <span class='ocrx_word' id='word_1_779' title='bbox 3482 3781 3666 3838; x_wconf 77' lang='lat' dir='ltr'><strong>Solin.</strong></span> 
     </span>
    </p>
   </div>
   <div class='ocr_carea' id='block_1_109' title="bbox 2025 3874 3663 3996">
    <p class='ocr_par' dir='ltr' id='par_1_109' title="bbox 2025 3874 3663 3996">
     <span class='ocr_line' id='line_1_114' title="bbox 2025 3874 3663 3996; baseline -0.002 -17"><span class='ocrx_word' id='word_1_780' title='bbox 2025 3874 2397 3996; x_wconf 56' lang='lat' dir='ltr'><strong>p.(§::)).Ali88</strong></span> <span class='ocrx_word' id='word_1_781' title='bbox 2453 3925 2877 3996; x_wconf 77' lang='lat' dir='ltr'><strong>Capronymus.</strong></span> <span class='ocrx_word' id='word_1_782' title='bbox 2927 3924 3007 3980; x_wconf 93' lang='lat' dir='ltr'><strong>De</strong></span> <span class='ocrx_word' id='word_1_783' title='bbox 3060 3923 3243 3996; x_wconf 87' lang='lat' dir='ltr'><strong>ipsius</strong></span> <span class='ocrx_word' id='word_1_784' title='bbox 3299 3924 3358 3977; x_wconf 91' lang='lat' dir='ltr'><strong>in</strong></span> <span class='ocrx_word' id='word_1_785' title='bbox 3409 3923 3530 3996; x_wconf 69' lang='lat' dir='ltr'><strong>aede</strong></span> <span class='ocrx_word' id='word_1_786' title='bbox 3566 3925 3663 3996; x_wconf 71' lang='lat' dir='ltr'><strong>SS.</strong></span> 
     </span>
    </p>
   </div>
   <div class='ocr_carea' id='block_1_110' title="bbox 2027 3993 3668 4067">
    <p class='ocr_par' dir='ltr' id='par_1_110' title="bbox 2027 3993 3668 4067">
     <span class='ocr_line' id='line_1_115' title="bbox 2027 3993 3668 4067; baseline -0.003 -15"><span class='ocrx_word' id='word_1_787' title='bbox 2027 3993 2428 4067; x_wconf 80' lang='lat' dir='ltr'><strong>Apestolorum</strong></span> <span class='ocrx_word' id='word_1_788' title='bbox 2474 3993 2767 4067; x_wconf 75' lang='lat' dir='ltr'><strong>sepultura</strong></span> <span class='ocrx_word' id='word_1_789' title='bbox 2825 3995 2999 4050; x_wconf 86' lang='lat' dir='ltr'><strong>habet</strong></span> <span class='ocrx_word' id='word_1_790' title='bbox 3054 3993 3545 4067; x_wconf 8' lang='lat' dir='ltr'><strong>Cedren,g_p_._468,</strong></span> <span class='ocrx_word' id='word_1_791' title='bbox 3598 3993 3668 4048; x_wconf 89' lang='lat' dir='ltr'><strong>de</strong></span> 
     </span>
    </p>
   </div>
   <div class='ocr_carea' id='block_1_111' title="bbox 2028 4065 3671 4123">
    <p class='ocr_par' dir='ltr' id='par_1_111' title="bbox 2028 4065 3671 4123">
     <span class='ocr_line' id='line_1_116' title="bbox 2028 4065 3671 4123; baseline -0.004 0"><span class='ocrx_word' id='word_1_792' title='bbox 2028 4065 2185 4123; x_wconf 67' lang='lat' dir='ltr'><strong>urna:</strong></span> <span class='ocrx_word' id='word_1_793' title='bbox 2218 4071 2412 4122; x_wconf 88' lang='lat' dir='ltr'><strong>autem</strong></span> <span class='ocrx_word' id='word_1_794' title='bbox 2445 4072 2502 4122; x_wconf 91' lang='lat' dir='ltr'><strong>et</strong></span> <span class='ocrx_word' id='word_1_795' title='bbox 2532 4065 2755 4120; x_wconf 90' lang='lat' dir='ltr'><strong>ossium</strong></span> <span class='ocrx_word' id='word_1_796' title='bbox 2789 4065 3108 4122; x_wconf 85' lang='lat' dir='ltr'><strong>infortunio</strong></span> <span class='ocrx_word' id='word_1_797' title='bbox 3136 4065 3520 4121; x_wconf 88' lang='lat' dir='ltr'><strong>idemibidem</strong></span> <span class='ocrx_word' id='word_1_798' title='bbox 3557 4077 3671 4118; x_wconf 82' lang='lat' dir='ltr'><strong>me-</strong></span> 
     </span>
    </p>
   </div>
   <div class='ocr_carea' id='block_1_112' title="bbox 2027 4133 3670 4267">
    <p class='ocr_par' dir='ltr' id='par_1_112' title="bbox 2027 4133 3670 4267">
     <span class='ocr_line' id='line_1_117' title="bbox 2027 4133 3670 4267; baseline -0.002 -72"><span class='ocrx_word' id='word_1_799' title='bbox 2027 4148 2235 4267; x_wconf 37' lang='lat' dir='ltr'><strong>mogiagl),</strong></span> <span class='ocrx_word' id='word_1_800' title='bbox 2266 4143 2324 4193; x_wconf 87' lang='lat' dir='ltr'><strong>et</strong></span> <span class='ocrx_word' id='word_1_801' title='bbox 2357 4142 2462 4193; x_wconf 86' lang='lat' dir='ltr'><strong>Leo</strong></span> <span class='ocrx_word' id='word_1_802' title='bbox 2511 4137 2828 4194; x_wconf 90' lang='lat' dir='ltr'><strong>Grammat.</strong></span> <span class='ocrx_word' id='word_1_803' title='bbox 2883 4154 2937 4209; x_wconf 94' lang='lat' dir='ltr'><strong>p.</strong></span> <span class='ocrx_word' id='word_1_804' title='bbox 2984 4137 3108 4206; x_wconf 81' lang='grc'><strong>467,</strong></span> <span class='ocrx_word' id='word_1_805' title='bbox 3168 4141 3225 4193; x_wconf 90' lang='lat' dir='ltr'><strong>et</strong></span> <span class='ocrx_word' id='word_1_806' title='bbox 3259 4137 3468 4209; x_wconf 78' lang='lat' dir='ltr'><strong>Symeo</strong></span> <span class='ocrx_word' id='word_1_807' title='bbox 3516 4133 3670 4207; x_wconf 80' lang='lat' dir='ltr'><strong>Mag.</strong></span> 
     </span>
     <span class='ocr_line' id='line_1_118' title="bbox 2027 4229 2239 4267; baseline -0.014 0"><span class='ocrx_word' id='word_1_808' title='bbox 2027 4229 2082 4267; x_wconf 81' lang='grc' dir='ltr'><strong>ο.</strong></span> <span class='ocrx_word' id='word_1_809' title='bbox 2227 4251 2239 4264; x_wconf 95' lang='grc'><strong>.</strong></span> 
     </span>
    </p>
   </div>
   <div class='ocr_carea' id='block_1_113' title="bbox 2025 4229 3668 4353">
    <p class='ocr_par' dir='ltr' id='par_1_113' title="bbox 2025 4229 3668 4353">
     <span class='ocr_line' id='line_1_119' title="bbox 2025 4229 3668 4353; baseline -0.002 -17"><span class='ocrx_word' id='word_1_810' title='bbox 2025 4229 2399 4353; x_wconf 38' lang='grc' dir='ltr'><strong>μῶἓῗνωιῑ</strong></span> <span class='ocrx_word' id='word_1_811' title='bbox 2430 4279 2700 4353; x_wconf 56' lang='lat' dir='ltr'><strong>imputas.</strong></span> <span class='ocrx_word' id='word_1_812' title='bbox 2727 4281 2808 4336; x_wconf 91' lang='lat' dir='ltr'><strong>Ne</strong></span> <span class='ocrx_word' id='word_1_813' title='bbox 2832 4281 2964 4352; x_wconf 89' lang='lat' dir='ltr'><strong>quis</strong></span> <span class='ocrx_word' id='word_1_814' title='bbox 2995 4281 3262 4347; x_wconf 89' lang='lat' dir='ltr'><strong>miretur,</strong></span> <span class='ocrx_word' id='word_1_815' title='bbox 3310 4278 3502 4353; x_wconf 71' lang='lat' dir='ltr'><strong>videat</strong></span> <span class='ocrx_word' id='word_1_816' title='bbox 3541 4291 3668 4348; x_wconf 68' lang='lat' dir='ltr'><strong>quae</strong></span> 
     </span>
    </p>
   </div>
   <div class='ocr_carea' id='block_1_114' title="bbox 2028 4349 3486 4423">
    <p class='ocr_par' dir='ltr' id='par_1_114' title="bbox 2028 4349 3486 4423">
     <span class='ocr_line' id='line_1_120' title="bbox 2028 4349 3486 4423; baseline -0.005 -13"><span class='ocrx_word' id='word_1_817' title='bbox 2028 4349 2558 4423; x_wconf 36' lang='lat' dir='ltr'><strong>designiﬁcation—e</strong></span> <span class='ocrx_word' id='word_1_818' title='bbox 2589 4352 2768 4423; x_wconf 83' lang='lat' dir='ltr'><strong>huius</strong></span> <span class='ocrx_word' id='word_1_819' title='bbox 2788 4349 2946 4408; x_wconf 72' lang='lat' dir='ltr'><strong>vocis</strong></span> <span class='ocrx_word' id='word_1_820' title='bbox 2965 4353 3151 4423; x_wconf 80' lang='lat' dir='ltr'><strong>dicam</strong></span> <span class='ocrx_word' id='word_1_821' title='bbox 3178 4353 3328 4423; x_wconf 84' lang='lat' dir='ltr'><strong>adp.</strong></span> <span class='ocrx_word' id='word_1_822' title='bbox 3361 4349 3486 4404; x_wconf 79' lang='lat'><strong>373.</strong></span> 
     </span>
    </p>
   </div>
   <div class='ocr_carea' id='block_1_115' title="bbox 2098 4419 3672 4496">
    <p class='ocr_par' dir='ltr' id='par_1_115' title="bbox 2098 4419 3672 4496">
     <span class='ocr_line' id='line_1_121' title="bbox 2098 4419 3672 4496; baseline -0.003 -18"><span class='ocrx_word' id='word_1_823' title='bbox 2098 4419 2213 4496; x_wconf 78' lang='lat'>(96)</span> <span class='ocrx_word' id='word_1_824' title='bbox 2243 4425 2489 4479; x_wconf 88' lang='lat' dir='ltr'><strong>Secutus</strong></span> <span class='ocrx_word' id='word_1_825' title='bbox 2515 4440 2641 4479; x_wconf 91' lang='lat' dir='ltr'><strong>sum</strong></span> <span class='ocrx_word' id='word_1_826' title='bbox 2665 4419 3102 4496; x_wconf 81' lang='lat' dir='ltr'><strong>interpretando</strong></span> <span class='ocrx_word' id='word_1_827' title='bbox 3130 4419 3435 4496; x_wconf 83' lang='lat' dir='ltr'><strong>lectionem</strong></span> <span class='ocrx_word' id='word_1_828' title='bbox 3467 4419 3672 4496; x_wconf 79' lang='lat' dir='ltr'><strong>ambo-</strong></span> 
     </span>
    </p>
   </div>
   <div class='ocr_carea' id='block_1_116' title="bbox 2029 4490 3670 4567">
    <p class='ocr_par' dir='ltr' id='par_1_116' title="bbox 2029 4490 3670 4567">
     <span class='ocr_line' id='line_1_122' title="bbox 2029 4490 3670 4567; baseline -0.005 -15"><span class='ocrx_word' id='word_1_829' title='bbox 2029 4490 2158 4552; x_wconf 83' lang='lat' dir='ltr'><strong>rum</strong></span> <span class='ocrx_word' id='word_1_830' title='bbox 2196 4490 2625 4567; x_wconf 55' lang='lat' dir='ltr'><strong>&#39;catalogorum,</strong></span> <span class='ocrx_word' id='word_1_831' title='bbox 2658 4499 2760 4566; x_wconf 90' lang='lat' dir='ltr'><strong>qui</strong></span> <span class='ocrx_word' id='word_1_832' title='bbox 2788 4490 2890 4566; x_wconf 74' lang='lat' dir='ltr'><strong>pro</strong></span> <span class='ocrx_word' id='word_1_833' title='bbox 2922 4493 3078 4567; x_wconf 77' lang='grc' dir='ltr'>φάρῳ</span> <span class='ocrx_word' id='word_1_834' title='bbox 3134 4494 3449 4567; x_wconf 78' lang='lat' dir='ltr'><strong>posteriore</strong></span> <span class='ocrx_word' id='word_1_835' title='bbox 3504 4490 3670 4567; x_wconf 70' lang='lat' dir='ltr'><strong>exhi-</strong></span> 
     </span>
    </p>
   </div>
   <div class='ocr_carea' id='block_1_117' title="bbox 2029 4557 3672 4642">
    <p class='ocr_par' dir='ltr' id='par_1_117' title="bbox 2029 4557 3672 4642">
     <span class='ocr_line' id='line_1_123' title="bbox 2029 4557 3672 4642; baseline -0.007 -18"><span class='ocrx_word' id='word_1_836' title='bbox 2029 4569 2169 4642; x_wconf 69' lang='lat' dir='ltr'><strong>bent</strong></span> <span class='ocrx_word' id='word_1_837' title='bbox 2208 4557 2578 4642; x_wconf 51' lang='lat' dir='ltr'><strong>spopoo.vNam</strong></span> <span class='ocrx_word' id='word_1_838' title='bbox 2613 4557 2713 4636; x_wconf 65' lang='lat' dir='ltr'><strong>prb</strong></span> <span class='ocrx_word' id='word_1_839' title='bbox 2748 4557 3183 4642; x_wconf 48' lang='lat' dir='ltr'><strong>_primo_&#39;cp&#39;atpou</strong></span> <span class='ocrx_word' id='word_1_840' title='bbox 3238 4564 3455 4642; x_wconf 70' lang='lat' dir='ltr'><strong>habent</strong></span> <span class='ocrx_word' id='word_1_841' title='bbox 3501 4557 3672 4642; x_wconf 55' lang='grc' dir='ltr'>παλατ</span> 
     </span>
    </p>
   </div>
   <div class='ocr_carea' id='block_1_118' title="bbox 2027 4635 3673 4709">
    <p class='ocr_par' dir='ltr' id='par_1_118' title="bbox 2027 4635 3673 4709">
     <span class='ocr_line' id='line_1_124' title="bbox 2027 4635 3673 4709; baseline -0.002 -17"><span class='ocrx_word' id='word_1_842' title='bbox 2027 4637 2164 4695; x_wconf 79' lang='grc' dir='ltr'>τίου.</span> <span class='ocrx_word' id='word_1_843' title='bbox 2204 4635 2358 4694; x_wconf 72' lang='grc' dir='ltr'><strong>ι’όέω</strong></span> <span class='ocrx_word' id='word_1_844' title='bbox 2390 4655 2493 4709; x_wconf 90' lang='lat' dir='ltr'><strong>pro</strong></span> <span class='ocrx_word' id='word_1_845' title='bbox 2525 4635 2854 4708; x_wconf 67' lang='grc' dir='ltr'>συστεμάτια</span> <span class='ocrx_word' id='word_1_846' title='bbox 2885 4635 3103 4692; x_wconf 84' lang='lat' dir='ltr'><strong>habent</strong></span> <span class='ocrx_word' id='word_1_847' title='bbox 3157 4635 3673 4709; x_wconf 33' lang='grc' dir='ltr'>στήθεαηΗθε-ευιὶι</span> 
     </span>
    </p>
   </div>
   <div class='ocr_carea' id='block_1_119' title="bbox 2033 4704 3672 4788">
    <p class='ocr_par' dir='ltr' id='par_1_119' title="bbox 2033 4704 3672 4788">
     <span class='ocr_line' id='line_1_125' title="bbox 2033 4704 3672 4788; baseline -0.005 -21"><span class='ocrx_word' id='word_1_848' title='bbox 2033 4713 2312 4767; x_wconf 68' lang='lat' dir='ltr'><strong>columna:</strong></span> <span class='ocrx_word' id='word_1_849' title='bbox 2362 4704 2566 4788; x_wconf 68' lang='lat' dir='ltr'><strong>saxeas,</strong></span> <span class='ocrx_word' id='word_1_850' title='bbox 2618 4704 2698 4763; x_wconf 82' lang='lat' dir='ltr'><strong>ad</strong></span> <span class='ocrx_word' id='word_1_851' title='bbox 2748 4710 2998 4782; x_wconf 86' lang='lat' dir='ltr'><strong>pectoris</strong></span> <span class='ocrx_word' id='word_1_852' title='bbox 3036 4709 3275 4764; x_wconf 89' lang='lat' dir='ltr'><strong>humani</strong></span> <span class='ocrx_word' id='word_1_853' title='bbox 3301 4704 3672 4788; x_wconf 76' lang='lat' dir='ltr'><strong>altitudinem</strong></span> 
     </span>
    </p>
   </div>
   <div class='ocr_carea' id='block_1_120' title="bbox 2033 4781 3672 4855">
    <p class='ocr_par' dir='ltr' id='par_1_120' title="bbox 2033 4781 3672 4855">
     <span class='ocr_line' id='line_1_126' title="bbox 2033 4781 3672 4855; baseline -0.005 -17"><span class='ocrx_word' id='word_1_854' title='bbox 2033 4799 2305 4855; x_wconf 84' lang='lat' dir='ltr'><strong>proceras,</strong></span> <span class='ocrx_word' id='word_1_855' title='bbox 2340 4781 2660 4855; x_wconf 76' lang='grc' dir='ltr'>συστήματα</span> <span class='ocrx_word' id='word_1_856' title='bbox 2691 4789 2884 4855; x_wconf 87' lang='lat' dir='ltr'><strong>autem</strong></span> <span class='ocrx_word' id='word_1_857' title='bbox 2915 4786 3054 4855; x_wconf 90' lang='lat' dir='ltr'><strong>sunt</strong></span> <span class='ocrx_word' id='word_1_858' title='bbox 3085 4795 3396 4851; x_wconf 88' lang='lat' dir='ltr'><strong>compages</strong></span> <span class='ocrx_word' id='word_1_859' title='bbox 3418 4782 3475 4834; x_wconf 89' lang='lat' dir='ltr'><strong>et</strong></span> <span class='ocrx_word' id='word_1_860' title='bbox 3496 4781 3672 4855; x_wconf 64' lang='lat' dir='ltr'><strong>series</strong></span> 
     </span>
    </p>
   </div>
   <div class='ocr_carea' id='block_1_121' title="bbox 2073 4847 3670 4923">
    <p class='ocr_par' dir='ltr' id='par_1_121' title="bbox 2073 4847 3670 4923">
     <span class='ocr_line' id='line_1_127' title="bbox 2073 4847 3670 4923; baseline -0.004 -15"><span class='ocrx_word' id='word_1_861' title='bbox 2073 4847 2300 4909; x_wconf 19' lang='lat' dir='ltr'><strong>lurium’</strong></span> <span class='ocrx_word' id='word_1_862' title='bbox 2322 4847 2729 4908; x_wconf 82' lang='lat' dir='ltr'><strong>columnarum</strong></span> <span class='ocrx_word' id='word_1_863' title='bbox 2780 4854 2951 4923; x_wconf 91' lang='lat' dir='ltr'><strong>(quod</strong></span> <span class='ocrx_word' id='word_1_864' title='bbox 2989 4869 3149 4923; x_wconf 63' lang='lat' dir='ltr'><strong>paene</strong></span> <span class='ocrx_word' id='word_1_865' title='bbox 3212 4847 3414 4907; x_wconf 77' lang='lat' dir='ltr'><strong>eodem</strong></span> <span class='ocrx_word' id='word_1_866' title='bbox 3475 4847 3670 4920; x_wconf 89' lang='lat' dir='ltr'><strong>redit).</strong></span> 
     </span>
    </p>
   </div>
   <div class='ocr_carea' id='block_1_122' title="bbox 2081 4923 3673 4994">
    <p class='ocr_par' dir='ltr' id='par_1_122' title="bbox 2081 4923 3673 4994">
     <span class='ocr_line' id='line_1_128' title="bbox 2081 4923 3673 4994; baseline -0.004 -15"><span class='ocrx_word' id='word_1_867' title='bbox 2081 4926 2252 4980; x_wconf 80' lang='lat' dir='ltr'><strong>Iacuit</strong></span> <span class='ocrx_word' id='word_1_868' title='bbox 2283 4929 2475 4979; x_wconf 88' lang='lat' dir='ltr'><strong>tamen</strong></span> <span class='ocrx_word' id='word_1_869' title='bbox 2510 4924 2696 4994; x_wconf 88' lang='lat' dir='ltr'><strong>magis</strong></span> <span class='ocrx_word' id='word_1_870' title='bbox 2734 4923 2793 4978; x_wconf 91' lang='lat' dir='ltr'><strong>in</strong></span> <span class='ocrx_word' id='word_1_871' title='bbox 2835 4924 3055 4980; x_wconf 86' lang='lat' dir='ltr'><strong>Latinis</strong></span> <span class='ocrx_word' id='word_1_872' title='bbox 3109 4923 3467 4994; x_wconf 87' lang='lat' dir='ltr'><strong>lectionem,_</strong></span> <span class='ocrx_word' id='word_1_873' title='bbox 3499 4933 3673 4994; x_wconf 76' lang='lat' dir='ltr'><strong>quam</strong></span> 
     </span>
    </p>
   </div>
   <div class='ocr_carea' id='block_1_123' title="bbox 2035 4991 3676 5068">
    <p class='ocr_par' dir='ltr' id='par_1_123' title="bbox 2035 4991 3676 5068">
     <span class='ocr_line' id='line_1_129' title="bbox 2035 4991 3676 5068; baseline -0.006 -17"><span class='ocrx_word' id='word_1_874' title='bbox 2035 4997 2132 5052; x_wconf 89' lang='lat' dir='ltr'><strong>alii</strong></span> <span class='ocrx_word' id='word_1_875' title='bbox 2172 5010 2404 5066; x_wconf 89' lang='lat' dir='ltr'><strong>quoque</strong></span> <span class='ocrx_word' id='word_1_876' title='bbox 2455 4991 2795 5068; x_wconf 70' lang='lat' dir='ltr'><strong>suggerunt,</strong></span> <span class='ocrx_word' id='word_1_877' title='bbox 2839 4993 3249 5068; x_wconf 77' lang='grc' dir='ltr'>συστρεμμάτια</span> <span class='ocrx_word' id='word_1_878' title='bbox 3306 4991 3490 5068; x_wconf 57' lang='lat' dir='ltr'><strong>sequi.</strong></span> <span class='ocrx_word' id='word_1_879' title='bbox 3526 4992 3676 5044; x_wconf 88' lang='lat' dir='ltr'><strong>Sunt</strong></span> 
     </span>
    </p>
   </div>
   <div class='ocr_carea' id='block_1_124' title="bbox 2036 5062 3672 5140">
    <p class='ocr_par' dir='ltr' id='par_1_124' title="bbox 2036 5062 3672 5140">
     <span class='ocr_line' id='line_1_130' title="bbox 2036 5062 3672 5140; baseline -0.007 -17"><span class='ocrx_word' id='word_1_880' title='bbox 2036 5062 2246 5140; x_wconf 71' lang='lat' dir='ltr'><strong>nempe</strong></span> <span class='ocrx_word' id='word_1_881' title='bbox 2301 5062 2685 5140; x_wconf 55' lang='grc' dir='ltr'>ἇυστρὲμρατα</span> <span class='ocrx_word' id='word_1_882' title='bbox 2766 5070 2822 5122; x_wconf 89' lang='lat' dir='ltr'><strong>et</strong></span> <span class='ocrx_word' id='word_1_883' title='bbox 2869 5062 3275 5140; x_wconf 67' lang='grc' dir='ltr'>συστρεμμάτια</span> <span class='ocrx_word' id='word_1_884' title='bbox 3331 5062 3527 5140; x_wconf 84' lang='lat' dir='ltr'><strong>omnia</strong></span> <span class='ocrx_word' id='word_1_885' title='bbox 3583 5073 3672 5113; x_wconf 85' lang='lat' dir='ltr'><strong>re-</strong></span> 
     </span>
    </p>
   </div>
   <div class='ocr_carea' id='block_1_125' title="bbox 2035 5138 3672 5213">
    <p class='ocr_par' dir='ltr' id='par_1_125' title="bbox 2035 5138 3672 5213">
     <span class='ocr_line' id='line_1_131' title="bbox 2035 5138 3672 5213; baseline 0.001 -21"><span class='ocrx_word' id='word_1_886' title='bbox 2035 5138 2582 5213; x_wconf 10' lang='lat' dir='ltr'><strong>pagula.gcarcere‘s.</strong></span> <span class='ocrx_word' id='word_1_887' title='bbox 2629 5139 2750 5193; x_wconf 91' lang='lat' dir='ltr'><strong>sive</strong></span> <span class='ocrx_word' id='word_1_888' title='bbox 2800 5156 2958 5208; x_wconf 87' lang='lat' dir='ltr'><strong>saxo,</strong></span> <span class='ocrx_word' id='word_1_889' title='bbox 3005 5138 3130 5193; x_wconf 85' lang='lat' dir='ltr'><strong>sive</strong></span> <span class='ocrx_word' id='word_1_890' title='bbox 3190 5138 3338 5192; x_wconf 82' lang='lat' dir='ltr'><strong>ferro</strong></span> <span class='ocrx_word' id='word_1_891' title='bbox 3395 5138 3496 5212; x_wconf 75' lang='lat' dir='ltr'><strong>aut</strong></span> <span class='ocrx_word' id='word_1_892' title='bbox 3540 5145 3672 5213; x_wconf 49' lang='lat' dir='ltr'><strong>frg:</strong></span> 
     </span>
    </p>
   </div>
   <div class='ocr_carea' id='block_1_126' title="bbox 2036 5200 3677 5281">
    <p class='ocr_par' dir='ltr' id='par_1_126' title="bbox 2036 5200 3677 5281">
     <span class='ocr_line' id='line_1_132' title="bbox 2036 5200 3677 5281; baseline -0.006 -18"><span class='ocrx_word' id='word_1_893' title='bbox 2036 5200 2320 5281; x_wconf 71' lang='lat' dir='ltr'><strong>quidquid</strong></span> <span class='ocrx_word' id='word_1_894' title='bbox 2357 5209 2663 5281; x_wconf 50' lang='grc' dir='ltr'>συστρέφεξ,</span> <span class='ocrx_word' id='word_1_895' title='bbox 2693 5216 2899 5265; x_wconf 67' lang='lat' dir='ltr'><strong>coercet</strong></span> <span class='ocrx_word' id='word_1_896' title='bbox 2933 5200 3182 5272; x_wconf 75' lang='lat' dir='ltr'><strong>turbam,</strong></span> <span class='ocrx_word' id='word_1_897' title='bbox 3226 5219 3412 5281; x_wconf 85' lang='lat' dir='ltr'><strong>neque</strong></span> <span class='ocrx_word' id='word_1_898' title='bbox 3444 5200 3677 5281; x_wconf 42' lang='lat' dir='ltr'><strong>siuit‘li-</strong></span> 
     </span>
    </p>
   </div>
   <div class='ocr_carea' id='block_1_127' title="bbox 2039 5271 3675 5351">
    <p class='ocr_par' dir='ltr' id='par_1_127' title="bbox 2039 5271 3675 5351">
     <span class='ocr_line' id='line_1_133' title="bbox 2039 5271 3675 5351; baseline -0.006 -16"><span class='ocrx_word' id='word_1_899' title='bbox 2039 5271 2169 5336; x_wconf 71' lang='lat' dir='ltr'><strong>bere</strong></span> <span class='ocrx_word' id='word_1_900' title='bbox 2202 5271 2453 5351; x_wconf 74' lang='lat' dir='ltr'><strong>evagari.</strong></span> <span class='ocrx_word' id='word_1_901' title='bbox 2492 5271 2777 5335; x_wconf 68' lang='grc' dir='ltr'>’Ἂϐϐάκια</span> <span class='ocrx_word' id='word_1_902' title='bbox 2836 5287 3030 5337; x_wconf 86' lang='lat' dir='ltr'><strong>autem</strong></span> <span class='ocrx_word' id='word_1_903' title='bbox 3081 5271 3218 5335; x_wconf 87' lang='lat' dir='ltr'><strong>sunt</strong></span> <span class='ocrx_word' id='word_1_904' title='bbox 3268 5271 3394 5330; x_wconf 57' lang='lat' dir='ltr'><strong>latas</strong></span> <span class='ocrx_word' id='word_1_905' title='bbox 3422 5271 3675 5351; x_wconf 74' lang='lat' dir='ltr'><strong>__tabulae,</strong></span> 
     </span>
    </p>
   </div>
   <div class='ocr_carea' id='block_1_128' title="bbox 2037 5346 3678 5424">
    <p class='ocr_par' dir='ltr' id='par_1_128' title="bbox 2037 5346 3678 5424">
     <span class='ocr_line' id='line_1_134' title="bbox 2037 5346 3678 5424; baseline -0.004 -19"><span class='ocrx_word' id='word_1_906' title='bbox 2037 5371 2160 5424; x_wconf 67' lang='lat' dir='ltr'><strong>quas</strong></span> <span class='ocrx_word' id='word_1_907' title='bbox 2189 5359 2289 5407; x_wconf 90' lang='lat' dir='ltr'><strong>aut</strong></span> <span class='ocrx_word' id='word_1_908' title='bbox 2312 5346 3111 5424; x_wconf 66' lang='lat' dir='ltr'><strong>superimponunturtalibus</strong></span> <span class='ocrx_word' id='word_1_909' title='bbox 3133 5346 3552 5424; x_wconf 79' lang='lat' dir='ltr'><strong>systematibus</strong></span> <span class='ocrx_word' id='word_1_910' title='bbox 3583 5360 3678 5398; x_wconf 85' lang='lat' dir='ltr'><strong>co-</strong></span> 
     </span>
    </p>
   </div>
   <div class='ocr_carea' id='block_1_129' title="bbox 2038 5418 3679 5494">
    <p class='ocr_par' dir='ltr' id='par_1_129' title="bbox 2038 5418 3679 5494">
     <span class='ocr_line' id='line_1_135' title="bbox 2038 5418 3679 5494; baseline -0.005 -15"><span class='ocrx_word' id='word_1_911' title='bbox 2038 5418 2517 5490; x_wconf 35' lang='lat' dir='ltr'><strong>lumnarum-aut</strong></span> <span class='ocrx_word' id='word_1_912' title='bbox 2546 5418 2618 5479; x_wconf 84' lang='lat' dir='ltr'><strong>ad</strong></span> <span class='ocrx_word' id='word_1_913' title='bbox 2649 5442 2848 5480; x_wconf 88' lang='lat' dir='ltr'><strong>muros</strong></span> <span class='ocrx_word' id='word_1_914' title='bbox 2879 5418 3347 5494; x_wconf 12' lang='lat' dir='ltr'><strong>appositaaﬁsunt,</strong></span> <span class='ocrx_word' id='word_1_915' title='bbox 3374 5418 3531 5474; x_wconf 88' lang='lat' dir='ltr'><strong>velut</strong></span> <span class='ocrx_word' id='word_1_916' title='bbox 3558 5432 3679 5472; x_wconf 87' lang='lat' dir='ltr'><strong>sca-</strong></span> 
     </span>
    </p>
   </div>
   <div class='ocr_carea' id='block_1_130' title="bbox 2039 5496 3000 5566">
    <p class='ocr_par' dir='ltr' id='par_1_130' title="bbox 2039 5496 3000 5566">
     <span class='ocr_line' id='line_1_136' title="bbox 2039 5496 3000 5566; baseline -0.004 -15"><span class='ocrx_word' id='word_1_917' title='bbox 2039 5513 2200 5555; x_wconf 85' lang='lat' dir='ltr'><strong>mna.</strong></span> <span class='ocrx_word' id='word_1_918' title='bbox 2233 5505 2296 5550; x_wconf 87' lang='lat' dir='ltr'><strong>ut</strong></span> <span class='ocrx_word' id='word_1_919' title='bbox 2329 5497 2384 5550; x_wconf 89' lang='lat' dir='ltr'><strong>in</strong></span> <span class='ocrx_word' id='word_1_920' title='bbox 2417 5496 2560 5566; x_wconf 90' lang='lat' dir='ltr'><strong>ipsis</strong></span> <span class='ocrx_word' id='word_1_921' title='bbox 2584 5497 2771 5551; x_wconf 87' lang='lat' dir='ltr'><strong>sederi</strong></span> <span class='ocrx_word' id='word_1_922' title='bbox 2803 5503 3000 5566; x_wconf 85' lang='lat' dir='ltr'><strong>queat.</strong></span> 
     </span>
    </p>
   </div>
   <div class='ocr_carea' id='block_1_131' title="bbox 2113 5568 3684 5639">
    <p class='ocr_par' dir='ltr' id='par_1_131' title="bbox 2113 5568 3684 5639">
     <span class='ocr_line' id='line_1_137' title="bbox 2113 5568 3684 5639; baseline -0.008 -12"><span class='ocrx_word' id='word_1_923' title='bbox 2113 5569 2225 5639; x_wconf 77' lang='lat'>(97)</span> <span class='ocrx_word' id='word_1_924' title='bbox 2256 5570 2329 5623; x_wconf 84' lang='lat' dir='ltr'><strong>At</strong></span> <span class='ocrx_word' id='word_1_925' title='bbox 2385 5568 2482 5634; x_wconf 88' lang='lat' dir='ltr'><strong>qui</strong></span> <span class='ocrx_word' id='word_1_926' title='bbox 2534 5572 2848 5639; x_wconf 88' lang='lat' dir='ltr'><strong>potuerunt</strong></span> <span class='ocrx_word' id='word_1_927' title='bbox 2903 5581 2976 5639; x_wconf 48' lang='lat' dir='ltr'><strong>ea</strong></span> <span class='ocrx_word' id='word_1_928' title='bbox 3024 5579 3143 5639; x_wconf 64' lang='lat' dir='ltr'><strong>una</strong></span> <span class='ocrx_word' id='word_1_929' title='bbox 3183 5579 3316 5620; x_wconf 89' lang='lat' dir='ltr'><strong>arca</strong></span> <span class='ocrx_word' id='word_1_930' title='bbox 3362 5571 3684 5618; x_wconf 82' lang='lat' dir='ltr'><strong>marmorea</strong></span> 
     </span>
    </p>
   </div>
   <div class='ocr_carea' id='block_1_132' title="bbox 2043 5634 3080 5711">
    <p class='ocr_par' dir='ltr' id='par_1_132' title="bbox 2043 5634 3080 5711">
     <span class='ocr_line' id='line_1_138' title="bbox 2043 5634 3080 5711; baseline -0.004 -17"><span class='ocrx_word' id='word_1_931' title='bbox 2043 5634 2276 5694; x_wconf 77' lang='lat' dir='ltr'><strong>concisa</strong></span> <span class='ocrx_word' id='word_1_932' title='bbox 2302 5642 2386 5694; x_wconf 88' lang='lat' dir='ltr'><strong>tot</strong></span> <span class='ocrx_word' id='word_1_933' title='bbox 2415 5643 2469 5694; x_wconf 89' lang='lat' dir='ltr'><strong>et</strong></span> <span class='ocrx_word' id='word_1_934' title='bbox 2498 5634 2662 5694; x_wconf 78' lang='lat' dir='ltr'><strong>tanta</strong></span> <span class='ocrx_word' id='word_1_935' title='bbox 2691 5653 2866 5711; x_wconf 88' lang='lat' dir='ltr'><strong>opera</strong></span> <span class='ocrx_word' id='word_1_936' title='bbox 2889 5634 3080 5692; x_wconf 79' lang='lat' dir='ltr'><strong>efﬁci?</strong></span> 
     </span>
    </p>
   </div>
  </div>
