4008 6210
331 261 359 318 1
371 260 486 321 203

1390 257 1923 319 CONSTANTINI
1969 250 2668 317 PORPHYROGENITZ

3600 254 3787 313 120-4

327 391 477 448 rium
509 405 815 463 corporum
847 392 1048 461 capax]
1077 407 1108 447 e
1155 406 1442 448 marmore
1473 391 1881 458 Proeonnesio,
1912 392 1973 447 in

2158 390 2193 442 ’ὸ
2224 387 2381 451 λίθου
2414 385 2836 461 Προικονησίου,
2869 385 2920 440 ἐν
2956 389 3001 458 ᾧ
3032 386 3317 442 ἀπόκειται
3370 385 3599 461 Εἰρήνη
3652 386 3793 455 [98}

327 496 443 552 quo
467 481 663 551 jacent
693 479 898 535 Cosmo
932 486 983 534 et
1008 481 1194 550 Irene,
1229 496 1455 537 sorores
1484 479 1786 537 Caballini.
1812 480 1972 535 Alius

328 585 616 623 marmore
647 569 1053 639 Proconnesio,
1086 571 1143 624 in
1170 586 1285 641 quo
1316 570 1464 626 situs
1485 575 1575 626 est
1618 570 1726 625 Leo
1757 570 1973 625 Chaza-

328 674 431 713 rus
462 655 617 713 filius
647 657 1014 714 Constantini
1056 658 1361 715 Caballini.
1390 660 1557 717 Alius
1587 679 1618 718 e
1680 675 1971 716 marmore

326 747 725 815 Proconnesio,
766 746 826 803 in
879 763 991 819 quo
1041 749 1148 803 sila
1199 754 1287 804 est
1336 750 1520 817 Irene,
1580 767 1722 805 uxor
1768 748 1971 804 Leonis

326 834 585 891 Chazari.
622 835 788 891 Alius
814 853 845 892 ο
876 852 1162 892 marmore
1183 837 1351 893 viridi
1377 838 1733 907 Thessalico,
1768 837 1824 890 in
1858 852 1970 907 quo

323 927 472 980 situs
517 929 603 981 est
634 925 877 981 Michael
911 925 1147 981 Balbus.
1180 925 1340 982 Alius
1382 944 1413 983 e
1463 944 1756 982 marmore
1802 930 1973 996 Saga-

321 1014 465 1078 rine,
499 1014 559 1069 in
593 1030 709 1085 quo
749 1013 863 1069 sita
892 1020 981 1069 est
1000 1014 1234 1081 Thecla,
1260 1033 1404 1071 uxor
1447 1015 1749 1072 Michaelis
1782 1016 1965 1071 Balbi.

319 1103 483 1160 Alius
503 1121 534 1159 e
555 1121 846 1160 marmore
864 1104 1053 1173 viridi,
1080 1108 1137 1160 in
1160 1123 1275 1177 quo
1307 1107 1456 1163 situs
1501 1112 1592 1163 est
1608 1104 1969 1178 Theophilus

323 1193 660 1265 imperator.
718 1194 884 1249 Alius
918 1210 1130 1265 parvus
1161 1211 1191 1250 e
1225 1212 1515 1252 marmore
1543 1194 1734 1265 viridi,
1764 1194 1823 1250 in
1857 1210 1972 1267 quo

322 1282 468 1337 situs
522 1287 612 1337 est
666 1283 1106 1348 Constantinus,

322 1384 537 1440 parvus
567 1386 598 1424 e
628 1385 917 1426 marmore
932 1371 1228 1442 Sagarino,
1261 1372 1320 1427 in
1354 1388 1468 1443 quo
1501 1372 1611 1428 sita
1651 1376 1741 1428 est
1773 1370 1969 1436 Maria,

322 1457 445 1513 ﬁlia
464 1458 797 1531 TheOphili.

1198 1283 1350 1339 ﬁlius
1416 1284 1746 1357 Theophili.
1806 1281 1972 1338 Alius
2020 1348 2023 1353 η

2081 481 2115 547 ἡ
2150 478 2283 553 γυνὴ
2318 478 2435 550 (99)
2486 477 2887 530 Κωνσταντίνου
2938 480 3035 531 τοῦ
3087 470 3477 533 Καϐαλλῖνου.
3537 477 3789 548 Ἕτερος

2082 568 2280 642 λάρναξ
2328 568 2592 640 πράσινος
2642 565 2937 635 Θεσσαλὸς,
2988 564 3041 620 ἐν
3092 566 3137 638 ᾧ
3186 568 3480 620 ἀπόκειται
3541 567 3580 632 ἡ
3636 565 3787 636 γυνή,

2078 653 2449 712 Κάϐαλλίνου.
2520 654 2823 727 Σταταραία
2885 657 2960 728 (1)
3028 655 3133 709 ἀπὸ
3200 653 3373 719 λίθων
3442 656 3788 729 1190'.on-

2081 744 2236 815 σίων,
2268 744 2319 799 ἒν
2348 739 2723 815 ᾗάπὸκεινται
2770 744 2976 816 Κοσμὼ
3025 743 3115 797 καὶ
3162 743 3372 817 Εἰρήνη
3431 746 3546 817 (2),
3606 741 3791 797 ἀδελ-

2082 834 2172 911 φαὶ
2234 828 2611 889 Καϐαλλίνου.
2663 834 2892 905 Ἕτερος
2961 829 3161 906 λάρναξ
3210 834 3668 907 Ηροικονήσιος,
3728 830 3789 884 ἐν

2082 922 2438 994 ᾧάπόκειται
2510 919 2662 975 Λέων
2722 922 2749 974 6
2810 922 3077 995 Χάζαρος,
3149 921 3264 982 υἱὸς
3326 920 3789 977 ΚωνσταντΞ-ιοιδ

2080 1015 2178 1067 τοῦ
2230 1005 2600 1065 Καϐαλλίνου.
2662 1012 2895 1083 ’Έτερος
2956 1010 3155 1083 λάρναξ
3212 1010 3318 1065 ἀπὸ
3367 1008 3545 1065 λίθου
3605 1016 3792 1083 Προε-

2082 1100 2368 1169 κονησίου,
2401 1098 2455 1153 ἐν
2507 1100 2552 1169 ᾧ
2606 1097 2890 1153 ἀπόκειται
2948 1098 3155 1172 Εἰρήνη
3214 1101 3247 1167 ἡ
3306 1100 3453 1173 γυνή
3523 1099 3791 1160 Λέοντος

2082 1194 2179 1244 τοῦ
2238 1187 2510 1259 Χαζάρου.
2572 1190 2800 1262 Ἕτερος
2862 1187 3059 1262 λάρναξ
3116 1190 3380 1263 πρᾶσινος
3454 1187 3789 1249 Θετταλὸς,

2084 1277 2135 1332 ἐν
2168 1278 2212 1349 ᾦ
2246 1276 2525 1331 ἀπόκειται
2578 1274 2813 1350 Μιχαὴλ
2861 1277 2888 1329 6
2942 1271 3216 1350 Τραὸλός.
3267 1279 3501 1351 Ἕτερος
3564 1276 3787 1351 λάρναξ

2084 1367 2189 1420 ἀπὸ
2222 1365 2379 1429 λίθου
2412 1368 2738 1440 Σαγαρινοῦ,
2790 1363 2842 1418 ἐν
2894 1364 2939 1436 ᾧ
2986 1365 3265 1420 ἀπόκειται
3317 1363 3503 1420 Θέκλα
3555 1367 3597 1433 ἡ
3636 1369 3783 1438 γυνῆ

2084 1454 2317 1531 Μιχαὴλ
2349 1458 2429 1529 (3)
2460 1459 2557 1510 τοῦ
2588 1451 2864 1526 Τραϐλοῦ.
2916 1458 3143 1530 Ἕτερος
3194 1454 3392 1531 λάρναξ
3428 1456 3551 1510 ἀπὸ
3614 1455 3783 1512 λίθου

323 1548 607 1620 πρασίνου,
669 1546 720 1602 ἒν
774 1549 821 1621 ᾧ
879 1548 1159 1604 ἀπόκειται
1217 1549 1481 1630 Θεόφιλος
1542 1552 1570 1604 6
1628 1548 1905 1625 βασιλεύς.
1983 1550 2208 1621 Ἕτερον
2286 1545 2577 1619 λαρνάκιον
2654 1544 2931 1618 πράσινον,
3015 1544 3066 1599 ἐν
3123 1545 3169 1616 ᾧ
3228 1546 3520 1601 ἀπόκειται
3618 1552 3786 1599 Κων-

326 1644 601 1699 σταντῖνος
654 1640 731 1710 (4)
777 1638 805 1692 ὁ
859 1639 973 1700 υίὸς
1031 1639 1319 1717 Θεοφίλου.
1379 1643 1601 1714 Ἕτερον
1663 1639 1951 1714 λαρνάκιον
2011 1636 2117 1691 ἀπὸ
2176 1634 2333 1690 λίθου
2395 1637 2725 1710 Σαγαρινοῦ,
2783 1633 2836 1690 ἒν
2897 1635 2943 1706 ᾦ
2999 1636 3281 1690 ἀπόκειται
3334 1636 3533 1708 Μαρία
3598 1638 3683 1707 (5)
3740 1637 3779 1699 ἦ

325 1726 565 1802 θυγάτηρ
596 1725 886 1803 Θεοφίλου.

543 1817 613 1871 De
631 1817 981 1888 sarcophagis
1009 1818 1105 1889 qui
1143 1827 1271 1873 sunt
1294 1820 1353 1874 in
1381 1821 1605 1890 porticu
1632 1819 1765 1874 (edis

879 1890 1117 1945 australi
1145 1890 1412 1961 ejusdem.

399 1977 485 2032 Ibi
516 1977 759 2048 depositi
780 1984 920 2032 sunt
950 1978 1296 2050 sarcophagi
1330 1979 1559 2034 Arcadii
1600 1983 1656 2034 et
1686 1978 1793 2034 ﬁlii
1822 1978 1972 2048 ejus,

325 2064 660 2131 Theodosii,
693 2066 1066 2136 et,Eudoxize,
1125 2084 1249 2138 quae
1309 2068 1419 2123 fuit
1476 2084 1616 2123 uxor
1654 2066 1887 2121 Arcadii
1920 2069 1978 2121 et

328 2158 515 2210 mater
541 2155 876 2211 Theodosii.
913 2157 1197 2212 Arcadius
1226 2174 1431 2213 versus
1466 2161 1759 2223 austrum,
1791 2156 1977 2211 Theo-

329 2244 526 2299 dosius
556 2260 760 2300 versus
776 2246 1247 2316 septentrionem,
1271 2246 1530 2302 Eudoxia
1561 2262 1762 2301 versus
1794 2245 1980 2300 orien-

327 2341 443 2388 tem
462 2334 677 2404 jacent.
712 2335 927 2391 Omnes
976 2340 1094 2393 tres
1152 2339 1291 2392 sunt
1334 2351 1625 2392 marmore
1655 2334 1980 2406 porphyre-

326 2425 444 2481 tico
474 2442 577 2481 seu
620 2425 906 2483 Romano.

404 2516 479 2568 De
506 2516 857 2585 sarcophagis
879 2518 936 2570 in
959 2518 1170 2587 porticu
1194 2518 1404 2572 boreali
1432 2516 1669 2587 eiusdem
1695 2516 1904 2584 templi.

412 2601 708 2657 lbisitum
739 2612 824 2657 est
881 2603 938 2658 in
998 2605 1353 2677 sarc0pbago
1402 2606 1651 2659 rotundo
1713 2604 1982 2677 cylindri-

2010 1821 2057 1886 B

2267 1815 2409 1869 Στοὰ
2448 1815 2483 1883 ἡ
2517 1814 2652 1887 πρὸς
2689 1807 3032 1887 μεσημϐρίαν
3066 1817 3162 1869 τοῦ
3193 1813 3357 1869 αὐτοῦ
3382 1818 3552 1871 ναοῦ.

2156 1978 2241 2033 Ἐν
2300 1979 2468 2051 ταύτῃ
2528 1975 2842 2031 ἀπόκεινται
2902 1976 3162 2051 λάρνακες
3234 1973 3566 2050 Ἀρκαδίου,
3639 1983 3779 2030 Θεο-

2088 2065 2275 2122 δοσίου
2312 2069 2412 2138 (6),
2472 2066 2593 2120 υἱοῦ
2650 2065 2840 2135 αὐτοῦ,
2899 2067 2988 2119 καὶ
3050 2061 3309 2135 Εὐὸοξίας
3367 2072 3475 2134 τῆς
3542 2068 3775 2139 μητρὸς

2086 2155 2272 2211 αὐτοῦ.
2306 2157 2403 2209 Καὶ
2455 2148 2595 2209 ἔστιν
2657 2156 2684 2208 6
2748 2155 2841 2227 μὲν
2902 2151 3191 2228 Ἀρκαδίου
3228 2155 3399 2232 τάφος
3454 2155 3611 2228 πρὸς
3674 2175 3775 2227 με·

2088 2240 2385 2320 σημϐρίαν,
2420 2246 2448 2299 6
2482 2242 2539 2299 δὲ
2564 2242 2857 2300 Θεοδοσίου
2881 2245 3016 2319 πρὸς
3048 2243 3245 2319 ἄρκτον
3297 2245 3345 2278 ⁴⁴
3393 2247 3502 2318 (7),
3546 2251 3669 2313 τῆς
3718 2242 3771 2297 Ei“

2088 2332 2350 2405 Εὐδοξίας
2378 2333 2868 2411 ἀνατολικὼτερος,
2902 2333 3200 2412 ἀμφότεροι
3232 2339 3540 2412 πορφυροῖ,
3592 2335 3770 2401 item

2104 2428 2377 2497 Ρωμαῖοι.

2350 2512 2495 2566 Στοὰ
2525 2513 2559 2580 ἡ
2590 2512 2728 2585 πρὸς
2761 2509 2962 2585 ἄρκτον
2993 2516 3090 2566 τοῦ
3120 2512 3286 2566 αὐτοῦ
3313 2515 3467 2565 ναοῦ.

2160 2603 2248 2656 Ἑν
2280 2601 2448 2675 ταύτῃ
2487 2604 2555 2674 τῇ
2606 2606 2739 2671 στοᾷ
2792 2604 2861 2675 τῇ
2921 2598 3056 2674 οὔσῃ
3116 2601 3251 2674 πρὸς
3310 2599 3513 2673 ἄρκτον
3573 2606 3768 2655 κεῖται

337 2691 523 2745 forme
543 2690 733 2747 colore
747 2693 1151 2764 porphyretico
1177 2710 1278 2749 seu
1313 2694 1571 2749 Romano
1594 2692 1904 2749 scelestum
1924 2698 1973 2748 el

2158 2690 2289 2765 ,ρναξ
2346 2688 2785 2764 κυλινῦροειδής,
2848 2688 2901 2743 ἐν
2960 2690 3006 2761 ᾧ
3060 2690 3342 2744 ἀπόκειται
3417 2690 3486 2743 τὸ
3548 2687 3769 2757 6-50-11;-

336 2779 759 2835 exsecrandum
792 2782 1032 2837 cadaver
1049 2781 1080 2837 J
1092 2782 1272 2837 uliani
1304 2782 1781 2855 Transgressoris
1812 2782 1973 2852 [alias

2158 2802 2184 2833 ν
2214 2781 2288 2852 (8)
2320 2780 2408 2833 καὶ
2439 2798 2760 2853 παμμιαρον
2795 2783 2960 2851 σῶμα
3004 2782 3102 2834 τοῦ
3134 2774 3459 2852 Ηαραϐάτου
3510 2777 3771 2834 Ἰουλια-

1681 2880 1926 2936 VARIIE
1967 2878 2384 2935 LECTlONES.

404 2964 452 3001 ⁴⁴
482 2963 676 3039 ἃρκτον
715 2969 971 3040 reposuit
1004 2969 1095 3035 R.,
1126 2970 1277 3024 νότον
1306 2972 1432 3027 cod.

1386 3059 1584 3116 JOAN.
1618 3061 1760 3117 JAC.
1795 3060 2062 3116 REISKII
2101 3057 2686 3116 COMMENTARIUS.

406 3146 517 3222 (98)
552 3146 647 3203 Est
679 3145 944 3216 Ckazara,
980 3149 1049 3205 de
1081 3166 1196 3222 qua
1215 3150 1370 3206 illius
1401 3150 1528 3220 ejus
1558 3148 1664 3205 Leo
1697 3148 1973 3204 Chazarus
2014 3150 2055 3215 C
2085 3146 2319 3222 tervalla
2337 3148 2511 3222 juxta
2540 3162 2602 3201 se
2624 3145 3097 3222 decurrunt.'[D_e
3128 3144 3764 3222 bisomisseuloculis,

336 3218 568 3273 dicitur.

405 3290 515 3361 (99)
548 3292 696 3343 Ante
728 3290 872 3345 hanc
896 3307 1094 3347 vocem
1114 3292 1271 3346 deest
1301 3307 1510 3347 nomen
1536 3291 1794 3361 aliquod,
1828 3291 1974 3361 forte

332 3360 575 3432 Eudocia
634 3361 973 3432 autAMaria
1053 3378 1301 3432 quarum
1367 3363 1483 3417 haec
1542 3360 1813 3428 secunda,
1877 3360 1976 3415 illa

333 3430 504 3554 grtia
552 3446 699 3554 wing;
754 3429 1220 3501 Caballinii‘uit;
1275 3432 1393 3486 vid.
1429 3434 1512 3487 Du
1570 3434 1758 3502 Cange
1818 3432 1972 3486 Fam.

386 3516 469 3554 vz.
504 3516 562 3554 ι).
712 3541 723 3554 .

385 3516 469 3569 yz.
504 3516 562 3569 p.
596 3516 723 3554 12a.

409 3571 485 3640 (1)
523 3569 645 3626 Non
678 3572 907 3643 invenio
939 3589 1187 3643 usquam
1220 3575 1368 3629 hanc
1409 3588 1633 3629 vocem.
1684 3576 1976 3640 Quantum

336 3643 533 3717 tamen
566 3642 910 3717 concludere
942 3642 1099 3715 potui
1131 3661 1198 3699 ex
1227 3644 1369 3700 locis
1396 3644 1570 3714 hujus
1595 3646 1822 3717 capitis,
1850 3644 1975 3717 qui-

335 3712 447 3767 bus
477 3715 752 3778 occurrit,
787 3712 959 3771 debet
981 3720 1175 3772 notare
1204 3712 1574 3771 conditorium
1589 3712 1835 3787 plurium
1864 3712 1980 3772 Eor-

336 3800 533 3856 porum
562 3801 742 3854 capax
774 3805 789 3850 τ,
849 3786 970 3842 sive
1025 3802 1090 3842 ea
1135 3804 1268 3843 arca
1324 3788 1493 3842 fuerit
1522 3786 1598 3842 in
1633 3789 1801 3856 duos,
1836 3797 1975 3853 tres,

338 3860 656 3929 quatuorve
698 3858 915 3912 loculos
942 3858 1301 3929 interpositis
1316 3859 1610 3914 asseribus
1643 3866 1743 3914 aut
1764 3860 1977 3915 talibus

338 3928 682 4001 marmoreis
710 3929 971 4001 dissepta
1000 3928 1138 4000 (vid.
1174 3930 1260 3985 Du
1298 3934 1485 4001 Cange
1535 3931 1724 3986 Gloss.
1767 3932 1887 3986 Lat.
1921 3948 1974 3985 v.

336 4000 659 4064 Bisomum),
693 3999 811 4055 sive
843 3999 1016 4056 fuerit
1055 3999 1516 4058 coassamentum
1554 4002 1691 4057 foris
1746 4003 1832 4056 vel
1895 4010 1977 4057 ta-

328 4071 554 4143 bulatis
579 4070 845 4140 pluribus
875 4072 988 4128 sibi
1018 4074 1075 4126 in
1117 4074 1301 4128 altum
1362 4072 1653 4142 parallelis
1688 4079 1976 4143 constans,

336 4142 415 4196 ita
448 4150 512 4197 ut
542 4159 677 4197 arca
711 4160 826 4198 una
860 4144 919 4215 in
955 4145 1231 4215 peculiari
1267 4161 1372 4199 suo
1404 4144 1663 4199 tabulato
1690 4160 1859 4214 super
1892 4144 1977 4199 al-

336 4219 457 4268 tera
492 4218 691 4279 staret,
754 4214 950 4285 qualia
997 4220 1133 4270 sunt
1187 4214 1531 4285 repositoria
1579 4215 1883 4279 librorum,
1917 4216 1979 4271 in

338 4285 555 4355 quibus
577 4286 759 4340 series
808 4286 1095 4341 minorum
1132 4286 1411 4342 librorum
1444 4302 1617 4358 super
1656 4288 1979 4358 majoribus

338 4361 521 4429 stant,
554 4361 845 4429 crescente
877 4374 1009 4412 cum
1035 4358 1438 4429 magnitudine
1459 4356 1977 4413 librorum'altitu-

338 4425 472 4500 dine
504 4426 918 4500 tabulatorum,
952 4425 1243 4500 quomodo
1277 4431 1335 4484 in
1367 4429 1732 4485 Catacumbis
1764 4429 1982 4485 Roma—

2085 3216 2472 3289 quibus~bina
2487 3234 2729 3289 corpora
2760 3232 2938 3289 prope
2961 3216 3022 3271 se
3056 3216 3244 3289 locata
3264 3217 3763 3285 continebantur,

2086 3287 2197 3345 vid.
2223 3290 2524 3345 Mabillon.
2560 3288 2675 3344 Iter
2706 3287 2883 3343 ltalicl
2921 3304 2976 3359 p.
3015 3287 3165 3358 141.]

2155 3361 2233 3425 (2)
2264 3360 2480 3414 Harum
2516 3360 2678 3416 nulla
2712 3358 2937 3415 mentio
2959 3359 3115 3430 apud
3138 3361 3224 3414 Du
3256 3358 3547 3431 Cangium
3582 3360 3757 3415 Fam.

2084 3431 2320 3485 szant.
2349 3447 2405 3485 ι).
2433 3431 2555 3485 125.

2169 3447 2320 3484 zant.
2349 3447 2405 3485 D.
2433 3447 2555 3485 130.

2132 3447 2320 3503 yzant.
2349 3447 2405 3498 p.
2433 3447 2555 3485 ιω.

2156 3504 2232 3571 (3)
2261 3501 2390 3556 Vid.
2421 3503 2661 3559 Cedren.
2698 3519 2752 3573 p.
2785 3502 2913 3557 513.
2944 3502 3173 3557 Contin.
3220 3501 3499 3573 ,Theoph.
3562 3519 3617 3572 p.
3652 3503 3748 3555 52.

2156 3573 2234 3643 (4)
2269 3574 2633 3629 Constantini
2692 3574 2893 3643 hujus,
2948 3572 3266 3644 Theophilo
3323 3573 3465 3639 nati,
3532 3574 3749 3628 nullus

2086 3646 2431 3714 scriptorom
2466 3645 2926 3700 meminit.Eruit
2943 3650 3139 3699 tamen
3162 3660 3290 3698 eum
3308 3644 3390 3698 Du
3420 3644 3616 3715 Cange
3640 3645 3685 3698 Ι.
3710 3645 3748 3698 l.

2086 3733 2142 3771 ι).
2178 3717 2298 3771 133.
2331 3721 2388 3771 et
2423 3716 2777 3771 numismale
2809 3716 3083 3771 quodam.
3143 3716 3199 3769 in
3260 3732 3372 3771 auo
3433 3720 3637 3769 tamen
3666 3733 3747 3770 an

2131 3758 2142 3770 .
2178 3730 2298 3774 135.
2331 3730 2388 3772 οι
2423 3730 2777 3771 numismale
2809 3730 3083 3781 quonam,
3143 3730 3199 3769 In
3260 3732 3372 3781 quo
3433 3730 3637 3769 tamen
3666 3733 3747 3770 an

2131 3758 2142 3770 .
2178 3733 2298 3774 ωδ.
2331 3733 2388 3772 et
2423 3733 2777 3771 numismale
2809 3733 3083 3785 quonam,
3143 3733 3199 3769 in
3260 3733 3372 3786 quo
3433 3733 3637 3769 tamen
3666 3733 3745 3770 an

2085 3733 2180 3842 Eic
2210 3788 2699 3857 ipsedesignetur,
2719 3785 3455 3852 fraterMichaelisEbriosi,
3486 3786 3745 3841 dubium

2087 3856 2277 3914 adhuc
2307 3866 2413 3914 est.
2448 3859 2664 3923 Potest,
2698 3858 2853 3914 enim
2886 3875 2953 3914 ex
2984 3875 3071 3924 eo,
3105 3857 3263 3928 quod
3286 3856 3632 3912 Michaelibi
3654 3875 3749 3913 se-

2087 3932 2245 3985 niore
2278 3930 2459 3998 vultu,
2493 3930 2903 3985 Constantinus
2952 3930 3190 4000 juniore
3229 3929 3555 3998 exhibetur,
3612 3930 3749 3984 col-

2087 4002 2209 4073 ligi,
2244 4012 2456 4071 patrem
2490 4001 2682 4067 illum,
2714 4001 3071 4056 huncﬁlium
3102 4002 3301 4056 fuisse.

2157 4075 2235 4144 (5)
2270 4073 2346 4127 De
2380 4073 2551 4143 hujus
2595 4089 2730 4128 arca
2785 4073 2899 4127 vid.
2959 4073 3201 4129 Cedren.
3261 4088 3316 4143 p.
3373 4072 3499 4138 523,
3536 4076 3597 4127 et
3630 4072 3748 4128 Leo

2089 4144 2410 4200 Grammat.
2445 4161 2502 4215 p.
2537 4145 2660 4201 451.

2160 4217 2237 4286 (6)
2265 4214 2526 4272 Junioris
2556 4214 3116 4287 nempe,Arcadioet
3137 4214 3397 4270 Eudoxia
3430 4214 3553 4269 nati
3590 4215 3745 4281 ;vid.

2089 4288 2333 4343 Cedren.
2360 4304 2414 4358 p.
2437 4288 2560 4342 334.

2161 4358 2239 4430 (7)
2273 4355 2619 4430 Ita'reposui
2647 4355 2917 4431 ριόνότον
2931 4359 3084 4431 quod
3107 4362 3228 4431 erat
3256 4357 3331 4431 in
3350 4356 3745 4421 membranis.

2091 4429 2393 4500 flagitante
2423 4429 2598 4486 sensu
2621 4429 2678 4485 et
2700 4430 3038 4500 auctoribus
3062 4430 3142 4483 AB
3175 4436 3231 4485 et
3256 4429 3364 4484 DC.

338 4496 433 4584 nis
465 4496 1145 4584 etl‘jeapolitanis'j'acere
1165 4502 1573 4584 defunctorum
1597 4517 1841 4584 corpora
1863 4506 1981 4584 tes-
2014 4518 2059 4584 ι)
2274 4500 2456 4584 Habet
2486 4501 2830 4584 vocabulum
2892 4496 3164 4584 δύστηνος.
3207 4501 3301 4555 hic
3341 4499 3449 4583 loci
3478 4500 3745 4584 eum‘si-

338 4573 496 4641 tatur
534 4568 771 4641 Keysler
825 4569 883 4625 in
930 4571 1251 4628 Itinerario.
1287 4573 1356 4629 Ut
1412 4568 1717 4641 posterius
1748 4574 1981 4628 credam

340 4639 545 4715 fuisse,
581 4638 714 4695 facit
746 4640 926 4715 locus,
973 4659 1145 4715 quem
1197 4647 1280 4698 Du
1337 4638 1530 4715 Cange
1572 4644 1757 4702 Gloss.
1791 4644 1886 4700 Gr.
1923 4660 1977 4697 v.

341 4710 645 4783 xeat-timo;
717 4710 1024 4783 s_Glossis
1115 4710 1579 4771 Graecobarbaris
1654 4716 1811 4783 citat,
1880 4715 1979 4769 ubi

340 4779 923 4859 xgnpdtepﬁv,_ijyouv
962 4785 1269 4859 erataplow
1329 4785 1563 4859 legitur.
1626 4787 1751 4842 Non
1799 4779 1983 4857 potest

338 4850 667 4926 κληματερὴ
701 4855 781 4909 ibi
806 4850 978 4929 aliud
1032 4850 1251 4924 notare,
1311 4850 1485 4929 quam
1546 4850 1979 4929 pedamentum,

338 4929 811 5001 coassame‘ntum
836 4927 957 5001 (das
982 4927 1773 5001 LallenweraonerG—erusle),
1808 4946 1983 5000 super

337 4998 572 5073 quodin
603 4997 781 5073 altum
814 4999 1118 5073 enituntur
1146 5001 1310 5071 vites,
1362 5002 1516 5072 quod
1546 4997 1983 5073 amplectuntur

336 5070 583 5144 ﬂagellis
616 5070 741 5144 suis
775 5071 984 5144 ;cujus
1017 5074 1241 5144 perticae
1284 5070 1398 5128 una
1429 5088 1606 5143 super
1635 5070 1872 5129 alteram
1897 5072 1977 5127 al-

335 5143 451 5215 ti_u_s
480 5147 659 5213 atque
690 5143 862 5197 altius
884 5146 955 5197 ad
987 5143 1143 5198 certa
1173 5144 1474 5199 inlervalla
1498 5144 1791 5215 dispositae
1807 5149 1977 5213 atque

331 5212 516 5285 afﬁxas
550 5212 706 5285 sunt.
766 5214 989 5269 Ridicas
1038 5216 1205 5285 ajunt
1237 5214 1457 5270 Latinis
1489 5212 1634 5271 tales
1666 5212 1976 5285 compages

332 5282 631 5351 appellari,
666 5286 801 5339 item
834 5282 1098 5341 escharas
1130 5304 1143 5352 ;
1179 5285 1334 5340 unde
1364 5287 1709 5340 Francicum
1759 5282 1975 5339 echalas

330 5352 613 5426 derivant,
630 5357 799 5426 quod
834 5357 973 5412 item
992 5362 1153 5411 notat
1176 5356 1317 5423 ;vid.
1342 5358 1418 5411 l)u
1438 5358 1623 5426 Gange
1639 5374 1685 5410 ν.
1715 5357 1971 5411 Bschara.

329 5424 481 5500 Sane
513 5424 677 5500 facile
701 5432 1015 5500 potuerunt
1045 5428 1192 5483 tales
1216 5444 1516 5500 compages
1539 5424 1781 5484 escharas
1809 5428 1970 5483 dictaa

326 5497 530 5571 fuisse,
564 5497 703 5571 quia
734 5500 799 5551 ut
829 5498 886 5571 in
910 5500 1164 5555 cscharis
1187 5516 1284 5555 seu
1311 5497 1568 5571 cratibus
1594 5501 1813 5567 ferreis,
1848 5501 1973 5571 qui-

326 5572 439 5624 bus
463 5569 631 5646 _l_ocu_s
663 5569 976 5646 inslruitur
1006 5572 1063 5646 in
1088 5571 1284 5646 Belgio
1315 5575 1372 5627 et
1392 5570 1563 5646 alibi,
1600 5572 1828 5646 pertica
1852 5569 1973 5646 per-

328 5640 777 5713 pendiculariler
798 5643 855 5697 et
885 5641 1156 5713 parallele
1186 5640 1257 5700 ad
1291 5644 1444 5701 ceria
1472 5648 1530 5701 et
1584 5640 1833 5715 aequalia
1852 5640 1970 5699 'in-

2093 4572 2657 4644 gniﬁcatum,quem
2691 4573 2965 4640 Arabum,
3015 4573 3167 4644 quod
3222 4571 3448 4644 proprie
3496 4571 3748 4641 quidem

2088 4642 2375 4709 miserum,
2419 4642 2752 4715 frequenter
2804 4648 2996 4699 autem
3032 4642 3391 4715 sceleratum,
3423 4642 3743 4715 impurum,

2088 4715 2423 4786 uelandum,
2474 4713 2659 4770 dirum
2714 4723 2765 4770 et
2823 4715 2962 4770 diri:
3009 4714 3377 4786 devovendum
3432 4713 3741 4786 hominem

2090 4784 2271 4857 notat.
2302 4786 2419 4842 Hoc
2451 4802 2626 4842 sensu
2661 4786 2834 4857 paulo
2873 4795 3002 4840 ante
3033 4785 3398 4857 habebamus
3430 4801 3485 4855 p.
3517 4784 3742 4857 372,716

2091 4853 2352 4938 ξύστηνον
2388 4861 2546 4938 carpta
2570 4853 2942 4938 _Cdprony31ﬁi
2975 4876 2989 4923 ;
3027 4863 3108 4938 _et
3149 4853 3517 4938 sicnqupq—ue
3551 4856 3744 4938 accipi

2092 4930 2262 4984 debet
2294 4930 2443 4998 apud
2476 4929 2716 4999 Cedren.
2746 4946 2806 4999 7p.
2832 4928 2966 4999 30,8,
2989 4928 3210 4999 etapud
3244 4928 3578 4998 Euripidem
3602 4932 3743 4980 Her-

2091 5000 2204 5055 cul.
2241 4994 2372 5055 Fur.
2406 5017 2459 5054 v.
2494 5001 2655 5067 1346,
2688 4994 2867 5071 λόγοι,
2900 4994 3157 5068 δύστηνοι
3189 4994 3407 5055 scelesti
3459 5014 3744 5053 sermone:

2090 5071 2273 5138 (locus
2302 5070 2455 5126 enim
2499 5070 2856 5128 correctiOne
2907 5088 3022 5127 non
3055 5073 3249 5142 eget),
3274 5076 3329 5125 et
3373 5074 3522 5142 apud
3551 5072 3741 5125 Theo-

2087 5142 2217 5197 crit.
2279 5142 2393 5207 XV,
2436 5144 2526 5212 31,
2586 5144 2724 5197 item
2763 5144 2936 5212 Aapnd
3010 5140 3352 5212 sophoclem
3403 5140 3540 5196 Oed.
3603 5142 3735 5209 Tyr.

2088 5230 2142 5284 p.
2175 5214 2301 5280 810,
2338 5214 2430 5269 ubi
2465 5210 2625 5268 ἄθλια
2655 5218 2712 5268 et
2761 5208 2909 5267 δεινά
2958 5217 3015 5267 et
3054 5208 3285 5282 δυστηνα
3308 5213 3510 5284 jungit
3540 5208 3731 5284 poeta,

2084 5291 2141 5411 Et
2164 5287 2316 5411 apud
2347 5286 2704 5342 Simonidem
2728 5286 2787 5341 in
2819 5284 3033 5341 Stobaai
3064 5284 3365 5356 Florilegio
3399 5283 3453 5357 ρ.
3478 5283 3609 5351 313,
3640 5283 3733 5339 ed.

2137 5373 2196 5411 ro
2232 5372 2283 5411 σε

2137 5361 2243 5412 rot°
2270 5372 2283 5412 :

2224 5462 2333 5531 Τήν
2398 5459 2442 5516 δ’
2476 5462 2536 5518 ἐκ
2564 5462 2765 5537 γαλῆς,
2806 5460 3094 5531 δύστηνον,
3155 5461 3373 5537 ὀϊζυρὸν
3406 5462 3586 5535 γένος.

2155 5570 2508 5627 Feminarum
2527 5570 2660 5644 felis
2690 5570 2878 5627 indole
2915 5568 3267 5644 przdilarum
3296 5568 3661 5639 ﬂagitiosum,

2886 5641 3271 5698 calamitosum
3323 5656 3516 5712 genus,
