4008 6210
214 345 409 406 1209

1091 342 1191 400 DE
1239 338 1688 402 CERIMONIIS
1733 339 1973 402 AULIE
2014 342 2507 409 ΒΥΖΔΝΤΙΝΑΞ
2549 347 2698 408 LIB.
2749 347 2820 406 ll.

3511 346 3667 416 1210

218 473 425 540 αὐτῆς
480 470 798 542 ἐκκλησίας,
855 469 1106 525 ἀπέναντι
1165 470 1368 541 ταύτης
1417 477 1515 540 τῆς
1573 471 1875 545 σταταραίαι

2006 477 2260 547 oratorii,
2303 482 2423 535 stat
2477 478 2877 549 sarcophagus
2909 493 3042 533 cum
3075 477 3392 549 sculpturis
3435 486 3665 538 exstan-

217 563 393 618 ἐστὶν
446 564 601 638 ἒτέρα
661 558 955 634 σταταραία
1015 560 1124 640 ἀπὸ.
1181 559 1337 615 λίθου
1396 560 1659 634 πρασίνου
1711 566 1906 615 Θεττα-

221 651 377 723 λοῦ,
414 651 469 707 ἐν
566 650 851 706 ἀπόκειται
896 650 1170 722 Μαριανὸς
1223 651 1251 704 6
1297 651 1538 725 γεγονὼς
1581 647 1904 721 δομέστικος

216 746 354 796 τῶν
407 739 652 816 σχολῶν,
702 738 794 794 καὶ
837 733 1149 810 Συμϐἀτιος
1198 740 1314 810 (24)
1354 739 1381 791 ὁ
1436 735 1672 812 ἀδελφὸς
1711 739 1902 808 αὐτοῦ,

220 830 555 909 ἀμφότεροι
597 825 827 905 ἀδελφοὶ
880 826 1168 884 Βασιλείου
1225 831 1323 882 τοῦ
1383 826 1750 905 φιλοχριστοῦ
1810 826 1904 882 δε-

224 918 475 973 σπότου.
539 917 758 985 Ἰστὲον,
827 915 911 971 ὃτι
977 913 1030 970 ἐν
1089 915 1169 985 τῷ
1237 912 1396 987 δεξιῷ
1462 914 1736 988 εὐκτηρίῳ
1800 921 1902 985 τῆς

219 1006 420 1075 αὐτῆς
448 1005 742 1075 ἐκκλησίας
773 1009 871 1058 τοῦ
921 1001 1253 1079 Προδρόμου
1298 1001 1348 1056 ἒν
1398 1008 1479 1075 τῷ
1523 1003 1662 1078 πρύς
1705 1003 1898 1058 ἀνατο-

224 1094 351 1163 λήν
397 1093 668 1166 εὐωνύμῳ
730 1093 880 1168 μὲρει
937 1096 1034 1146 τοῦ
1091 1091 1256 1146 αὐτοῦ
1325 1092 1618 1166 εὐκτηρίου
1681 1089 1898 1149 ’ίσταται

224 1180 444 1257 λάρναξ
502 1181 827 1260 ἆνάγλυφος,
883 1181 936 1237 ἐν
984 1182 1030 1252 ᾦ
1078 1181 1364 1236 ἀπόκειται
1418 1181 1737 1236 Ἀναστασὶα
1787 1185 1896 1255 (25)

225 1275 267 1342 ἡ
339 1273 586 1349 θυγάτηρ
645 1269 936 1329 Βασιλείου
1013 1274 1110 1326 τοῦ
1177 1269 1546 1348 φιλοχρίστου
1606 1267 1896 1330 δεσπότου.

225 1360 468 1431 Ἱστέον,
511 1361 593 1416 ὅτι
634 1361 686 1416 ἐν
722 1365 802 1432 τῷ
857 1361 993 1434 πρὸς
1047 1357 1320 1427 ἀνατολήν
1375 1355 1536 1430 δεξιῷ
1595 1359 1744 1432 μέρει
1801 1364 1899 1415 τοῦ

223 1449 412 1505 αὐτοῦ
479 1450 794 1524 εὐκτηρίου,
863 1449 1118 1504 ἀπέναντι
1183 1452 1281 1503 τοῦ
1350 1447 1618 1522 λάρνακος
1681 1446 1896 1504 ’ίσταται

2015 563 2196 635 tibus,
2228 567 2286 622 in
2320 585 2433 639 quo
2458 569 2615 640 jacet
2644 567 2973 634 Anastasis,
3006 567 3156 624 875
3193 567 3312 622 filia
3337 567 3533 629 Basilii
3557 571 3664 626 im-

2016 656 2384 722 peratoris.ln
2400 660 2598 714 dextro
2614 658 2683 714 ad
2699 657 3038 714 orientalem
3053 655 3233 712 latere
3246 656 3405 712 illius
3422 659 3660 714 oratorii

2013 755 2043 794 e
2073 743 2309 813 regione
2339 743 2722 814 praecedentis
2765 741 3131 814 sarcOphagi,
3180 746 3295 802 stat
3341 740 3488 798 alius
3522 760 3657 816 par-

2011 844 2141 897 vus,
2179 830 2352 886 etiam
2387 848 2520 888 cum
2558 832 2758 902 ﬁguris
2797 831 3115 902 exsculptis
3166 830 3658 901 prominentibus,

2010 916 2069 975 in
2121 936 2236 990 quo
2271 921 2470 992 jacent
2515 924 2686 978 Anna
2734 925 2789 976 et
2851 919 3090 990 Helena,
3139 920 3400 990 ejusdem
3460 920 3659 978 Basilii

2011 1007 2143 1063 ﬁlia
2171 1026 2184 1075 ;
2219 1014 2276 1064 et
2305 1014 2438 1080 Zoe,
2471 1015 2658 1066 mater
2689 1027 2722 1066 a
2746 1011 2856 1066 Deo
2904 1009 3167 1066 coronati
3224 1013 3282 1065 et
3327 1010 3662 1084 Porphyro-

2009 1097 2188 1167 geniti
2219 1098 2611 1167 Constantini,
2654 1099 2808 1154 beati
2840 1097 3236 1172 Imperatoris,
3271 1100 3501 1170 nepotis
3554 1099 3660 1154 Ba-

2009 1184 2146 1240 silii.
2181 1188 2244 1241 In
2278 1189 2630 1244 monasterio
2662 1187 3074 1258 Archistrategi
3105 1203 3202 1243 seu
3234 1187 3292 1242 S.
3321 1187 3646 1256 Michaelis,

2009 1273 2080 1330 de
2110 1281 2346 1333 auctore
2377 1276 2632 1333 Promoti
2664 1277 3082 1348 cognominati,
3108 1277 3270 1348 jacet
3295 1276 3357 1332 in
3389 1278 3517 1348 ejus
3564 1294 3650 1333 ec-

2006 1363 2193 1419 clesias
2225 1365 2424 1422 dextro
2451 1364 2630 1422 latere
2662 1367 2722 1422 in
2752 1369 3028 1435 statarea,
3048 1383 3178 1436 quas
3208 1366 3288 1422 ibi
3313 1371 3422 1434 est,
3447 1366 3652 1439 Maria,

2008 1453 2130 1507 illia
2159 1453 2379 1521 Basilii,
2411 1454 2581 1511 toties
2613 1456 2739 1526 jam
2772 1454 2991 1510 laudati
3018 1455 3272 1512 Domini.

239 1540 556 1615 λαρνάκων
614 1538 809 1615 μικρὸν
857 1536 1189 1612 ἀνάγλυφον,
1238 1537 1294 1592 ἐν
1343 1537 1389 1608 ᾦ
1446 1537 1760 1593 ἀπόκεινται
1818 1544 1980 1594 ’Ἄννα
2030 1541 2119 1594 καὶ
2156 1540 2372 1613 Ἐλένη,
2433 1542 2714 1618 θυγατέρες
2784 1543 3074 1600 Βασιλείου
3134 1547 3232 1599 τοῦ
3289 1541 3656 1621 φιλοχρίστου

231 1625 542 1700 δεσπότου,
599 1628 691 1683 καὶ
749 1630 871 1698 Ζωὴ
930 1630 965 1696 ἡ
1027 1629 1216 1700 μήτηρ
1273 1627 1679 1683 Κωνσταντίνου
1744 1631 1841 1682 τοῦ
1908 1627 2233 1692 θεοστέπτου
2297 1630 2388 1685 καὶ
2457 1633 2980 1708 Πορφυρογεννήτου
3043 1635 3140 1686 τοῦ
3207 1632 3476 1706 μακαρίου

3566 1635 3655 1706 36)

231 1716 522 1792 βασιλέως
578 1722 676 1772 τοῦ
742 1717 962 1793 ἐγγόνου
1011 1715 1322 1774 Βασιλείου.
1374 1715 1586 1784 Ἰστέον,
1639 1715 1721 1770 ὅτι
1776 1715 1830 1771 ἐν
1879 1721 1950 1791 τῇ
1998 1722 2138 1792 μονῇ
2187 1719 2282 1774 τοῦ
2334 1721 2809 1797 Ἀρχιστρατήγου
2856 1725 2953 1778 τοῦ
2996 1720 3481 1795 ἐπονομαζομένου
3544 1726 3653 1778 τῶν

228 1808 572 1881 Προμούτου
603 1806 656 1861 ἐν
706 1806 786 1878 τῷ
835 1803 994 1878 δεξιῷ
1046 1806 1198 1881 μέρει
1249 1810 1348 1874 τῆς
1403 1806 1573 1876 αὐτῆς
1620 1805 1920 1877 ἐκκλησίας
1972 1805 2024 1862 ἐν
2073 1811 2143 1882 τῇ
2183 1807 2354 1864 ἐκεῖσε
2410 1810 2706 1884 σταταραίᾳ
2762 1809 3045 1866 ἀπόκειται
3090 1811 3278 1884 Μαρία
3324 1812 3359 1879 ἠ
3410 1809 3653 1886 θυγάτηρ

229 1894 533 1951 Βασιλείου
564 1893 848 1953 δεσπότου.

840 1987 1108 2041 ΚΕΦΑΔ.
1152 1985 1284 2042 Ml".

227 2071 524 2149 Εὐφημία,
612 2072 714 2126 ὑπὸ
790 2070 1157 2144 στρατοπέδου
1258 2072 1651 2148 εὐφημουμένῃ
1757 2074 1893 2199 (27ζ,

305 2144 645 2199 νικητηοίων
693 2144 782 2198 καὶ
844 2139 1128 2199 θριάμϐων
1194 2142 1498 2199 ἀγομένων.
1559 2143 1753 2198 Ἰστέον
1811 2141 1893 2199 δ.

305 2139 645 2218 νξικητηρίων
693 2144 782 2218 καὶ
839 2139 1528 2218 θριάμϐιυνώᾶγομξένωνς
1559 2139 1773 2218 Ἰστέον’
1811 2139 1894 2213 δὲ,

306 2211 432 2270 ὅτι.
565 2213 722 2287 ,αὐτή
801 2211 1046 2287 εὐφημία
1122 2211 1315 2287 ᾅδεται
1408 2215 1500 2269 καὶ
1576 2216 1722 2286 παρᾶ
1794 2211 1892 2269 τοῦ

307 2283 678 2364 στρατοπέδου
925 2283 1086 2364 ἡνίκα
1133 2283 1453 2364 φιλοτιμία*
1477 2307 1558 2347 τις
1598 2283 1892 2359 ἢμαϊμὰς

306 2357 457 2432 παρὰ
485 2361 583 2412 τοῦ
617 2357 887 2432 βασιλέως
922 2357 1106 2419 αὐτοῖς
1137 2357 1478 2436 παρασχεθῇ.

305 2469 336 2495 ‹‹
374 2444 568 2500 [Ιολλᾶ
605 2447 670 2500 τὰ
712 2441 805 2515 ἔτη
854 2449 963 2500 τῶν
1015 2443 1310 2521 βασιλέων·
1346 2469 1374 2496 ››
1409 2447 1436 2499 6
1469 2444 1600 2508 λαὸς
1632 2447 1701 2522 γ’.
1755 2471 1783 2499 ‹‹
1833 2447 1890 2503 Ὀ

233 2531 386 2588 δεῖνα
433 2535 523 2588 καὶ
584 2535 612 2588 6
680 2531 827 2589 δεῖνα
904 2533 1155 2609 μεγάλων
1228 2533 1500 2609 βασι..έων
1567 2532 1656 2590 καὶ
1724 2534 1892 2590 αὐτο-

229 2623 520 2698 κρατόρων
552 2621 740 2678 πολλὰ
786 2623 852 2678 τὰ
892 2617 1009 2692 ἔτη·
1048 2648 1074 2674 ››
1110 2624 1138 2678 ὁ
1172 2622 1306 2686 λαὸς
1333 2625 1399 2700 γ’.
1434 2648 1463 2677 cc
1513 2626 1574 2681 Ὀ
1607 2622 1752 2679 δεῖνα
1798 2623 1890 2680 καῖ

235 2712 264 2766 6
333 2709 484 2766 δεῖνα
547 2716 657 2767 τῶν
727 2708 1118 2768 εὐσεϐεστάτων
1187 2712 1502 2788 αὐγουστῶν
1569 2711 1759 2769 πολλά
1821 2717 1891 2768 τὰ

232 2794 353 2868 ἔτη*
390 2823 418 2852 ››
453 2802 480 2854 6
513 2799 646 2862 λαὸς
675 2802 740 2876 γ’.
779 2824 808 2854 ‹‹
848 2805 968 2857 Τῶν
1017 2805 1541 2879 πορφυρογεννήτων
1588 2800 1775 2857 πολλὰ
1821 2803 1887 2857 τὰ

235 2887 353 2959 ἔτηο
390 2913 419 2941 ››
463 2890 491 2943 6
532 2888 666 2953 λαὸς
702 2891 768 2965 γ’.
821 2914 848 2941 ‹‹
898 2885 1334 2964 Θεοπροόλήτων
1386 2891 1654 2966 βασιλέων
1700 2890 1887 2962 πολλὰ

233 2980 306 3034 τὰ
354 2973 469 3050 ἔτη·
524 3002 552 3031 ››
610 2981 637 3034 6
687 2977 821 3040 λαὸς
876 2980 946 3055 γ’,
998 3004 1026 3032 ‹‹
1095 2975 1546 3054 Θεοκυϐερνήτων
1618 2979 1884 3045 βασιλέων

228 3065 418 3122 πολλὰ
445 3067 514 3122 τὰ
542 3063 660 3138 ἔτη·
698 3091 726 3119 ››
758 3069 785 3121 6
828 3065 962 3129 λαὸς
1003 3070 1070 3144 γ’.
1129 3091 1150 3119 ι
1203 3067 1670 3141 Κοσμοσυστάτων
1723 3071 1888 3143 βασι-

232 3155 374 3212 λὲων
413 3155 599 3211 πολλὰ
647 3156 714 3211 τὰ
757 3153 876 3228 ἔτηο
928 3181 956 3209 ››
997 3158 1025 3211 6
1077 3156 1208 3219 λαὸς
1253 3159 1318 3232 γ’.
1376 3182 1398 3210 (ι
1435 3159 1882 3231 Κοσμοποθήτων

237 3245 506 3320 βασιλέων
539 3243 725 3301 πολλὰ
767 3247 833 3301 τὰ
875 3240 992 3328 ἔτη·
1040 3267 1065 3299 s
1108 3247 1136 3302 6
1177 3245 1310 3308 λαὸς
1361 3247 1426 3323 γ’.
1465 3271 1494 3298 ‹‹
1525 3244 1880 3314 Ἀνδρειοτά-

1922 1988 1971 2055 Β
2591 1990 2827 2046 CAPUT
2866 1990 3059 2048 XLIII.

2003 2076 2340 2150 Acclamatio
2367 2087 2694 2146 castrorum,
2739 2079 2957 2150 quando
3012 2079 3328 2150 triumphus
3371 2080 3439 2136 de
3492 2079 3654 2137 victis

2072 2148 2318 2204 hostibus
2343 2150 2532 2218 agitur
2559 2155 2613 2206 et
2658 2148 2906 2221 insignia
2952 2148 3199 2207 victorias
3242 2154 3644 2221 producuntur.

2073 2221 2418 2304 pacandam
2450 2225 2708 2304 cantatur
2749 2223 3073 2304 quoquefzb
3113 2227 3388 2304 exercitu,
3421 2227 3648 2304 quando

2069 2290 2425 2371 largiriouem
2455 2293 2522 2348 ab
2559 2290 2889 2365 imperdtors
2925 2294 3178 2365 aliquam
3209 2297 3306 2348 aut
3335 2290 3643 2364 majumam

2069 2368 2353 2432 impetrat.

2070 2469 2096 2503 ε
2116 2451 2278 2507 Multi
2292 2452 2410 2508 sint
2428 2453 2565 2508 anni
2588 2454 3024 2524 imperatorum;
3045 2473 3073 2503 »
3092 2453 3301 2524 repetit
3321 2452 3495 2509 turba
3515 2457 3640 2523 ter;

1995 2539 2164 2610 (quod
2193 2543 2359 2597 etiam
2389 2541 2455 2598 de
2508 2544 2758 2599 omnibus
2812 2545 2966 2614 infra
3019 2544 3238 2614 scriptis
3285 2544 3639 2600 acclamatio-

1993 2631 2156 2686 nibus
2183 2633 2390 2700 factum
2419 2647 2552 2698 esse,
2584 2632 2831 2704 sufﬁciat
2858 2633 3022 2689 semel
3040 2633 3366 2703 monuisse).
3404 2655 3434 2683 α
3474 2632 3638 2689 Illius

1993 2725 2052 2775 et
2079 2718 2243 2774 illius
2275 2737 2627 2792 magnorum
2657 2737 2851 2794 regum
2889 2728 2947 2778 et
2995 2723 3419 2793 imperatorum
3469 2721 3639 2778 multi

1993 2807 2110 2863 sint
2139 2810 2297 2864 anni.
2331 2809 2495 2865 Illius
2525 2816 2583 2866 et
2612 2810 2768 2866 illius
2799 2810 3199 2882 piissimarum
3241 2812 3638 2882 Augustarum

1991 2897 2161 2954 multi
2191 2899 2306 2954 sint
2326 2900 3118 2973 anni.Porphyr0genitorum
3144 2900 3313 2957 multi
3336 2902 3455 2957 sint
3475 2901 3636 2958 anni.

1989 2988 2030 3042 A
2061 2987 2176 3042 Deo
2208 2993 2603 3058 promotorum
2631 2989 3049 3060 imperatorum
3091 2991 3259 3045 multi
3313 2991 3432 3046 sint
3473 2990 3633 3046 anni.

1990 3077 2035 3130 A
2066 3075 2182 3131 Deo
2214 3077 2666 3145 gubernatorum
2692 3078 3110 3149 imperatorum
3137 3078 3307 3134 multi
3329 3080 3451 3135 sint
3473 3080 3635 3136 anni.

1990 3165 2038 3218 Α
2071 3167 2185 3220 toto
2217 3169 2503 3220 terrarum
2545 3167 2683 3220 orbe
2724 3167 3269 3222 commendatorum
3314 3167 3634 3238 imperato—

1991 3268 2122 3307 rum
2154 3252 2322 3308 multi
2353 3252 2472 3309 sint
2503 3254 2661 3309 anni.
2693 3255 2738 3308 A
2760 3259 2876 3309 toto
2914 3259 3203 3310 terrarum
3237 3255 3376 3311 orbe
3405 3256 3636 3326 cupito-

233 3355 342 3390 των
369 3331 638 3410 βασιλέων
669 3333 854 3390 πολλὰ
883 3335 951 3390 τὰ
975 3329 1090 3406 ἔνη·
1125 3358 1154 3388 ››
1196 3335 1224 3389 ὁ
1265 3334 1398 3397 λαὸς
1443 3341 1508 3412 γ’.
1563 3359 1591 3386 ‹‹
1623 3337 1875 3407 Νικητῶν

1997 3357 2122 3397 rum
2153 3342 2574 3413 imperatorum
2607 3343 2774 3398 multi
2807 3343 2920 3398 sint
2960 3345 3119 3398 anni.
3155 3342 3634 3400 Fortissimorum

242 3423 507 3500 βασιλέων
541 3423 726 3480 πολλᾶ
757 3424 823 3479 τὰ
869 3421 986 3496 ἔτηο
1023 3449 1050 3476 ››
1085 3426 1112 3479 ὁ
1145 3422 1278 3487 λαὸς
1308 3426 1374 3498 γ’.
1424 3449 1452 3476 ‹‹
1503 3424 1882 3499 Ἐχθρολετῶν

239 3512 504 3590 βασιλέων
532 3512 719 3569 πολλά
746 3515 813 3570 τὰ
843 3509 958 3585 ἔτη·
997 3538 1026 3567 ››
1058 3515 1086 3568 6
1129 3512 1260 3577 λαὸς
1303 3515 1370 3590 γ’.
1425 3539 1454 3567 ‹‹
1487 3514 1880 3571 ιῐλουτοποιῶν

242 3602 503 3676 βασιλέων
536 3603 721 3658 πολλὰ
749 3604 815 3657 τὰ
846 3600 960 3674 ἔτη·
1019 3625 1042 3656 ι
1095 3604 1123 3658 ὁ
1163 3603 1296 3667 λαὸς
1350 3611 1417 3679 γ’.
1469 3627 1498 3658 κ
1544 3603 1881 3680 Ὀρθοδόξων

244 3686 510 3764 βασιλέων
550 3688 737 3746 πολλὰ
777 3693 846 3746 τὰ
891 3688 1009 3761 ἔτη·
1045 3716 1075 3744 ››
1126 3694 1154 3747 6
1199 3691 1330 3756 λαὸς
1389 3700 1456 3767 γ’.
1516 3717 1544 3746 ‹‹
1597 3695 1681 3749 Γἱέ
1725 3698 1882 3764 Θεοῦ,

245 3779 383 3848 ζωὴν
434 3779 647 3840 αὐτοῖς’
683 3802 711 3830 ››
754 3780 782 3836 6
815 3777 948 3841 λαὸς
989 3782 1055 3854 γ’.
1103 3804 1125 3831 ι
1179 3781 1266 3835 Υἱὲ
1305 3785 1465 3850 Θεοῦ,
1515 3777 1884 3854 συμϐασίλευ-

241 3887 325 3922 σον
363 3867 569 3928 αὐτοῖς·
615 3892 642 3919 ››
698 3868 726 3921 6
768 3865 898 3930 λαὸς
945 3868 1012 3942 γ’.
1067 3892 1095 3920 (ί
1145 3869 1234 3923 Υἱὲ
1283 3873 1438 3941 Θεοῦ,
1489 3871 1712 3948 χάρισαι
1744 3872 1880 3943 ἡμῖν

238 3957 381 4018 τούς·
415 3955 478 4010 αὐ
520 3979 550 4008 ››
583 3957 610 4010 6
647 3955 779 4017 λαὸς
811 3956 882 4033 γ’.
914 3981 941 4008 ‹‹
974 3956 1065 4011 Υἱὲ
1093 3961 1250 4027 Θεοῦ,
1281 3959 1408 4019 τοὺς
1439 3959 1674 4037 χρόνους
1704 3959 1880 4014 αὐτῶν

240 4042 491 4116 πλήθυνε·
529 4067 557 4096 ››
589 4045 617 4101 ὁ
649 4041 783 4107 λαὸς
813 4046 882 4120 γ’.
917 4070 945 4097 ‹‹
985 4046 1078 4100 Υἱὲ
1107 4051 1267 4119 Θεοῦ,
1299 4043 1598 4102 ἒπάκουσον
1633 4049 1816 4122 ἡμῶνσ
1852 4071 1881 4099 ››

1993 3431 2408 3503 imperatorum
2443 3430 2609 3488 multi
2642 3431 2761 3488 sint
2792 3431 2950 3486 anni.
2973 3430 3431 3488 Victoriosorum
3451 3433 3638 3505 impe-

1993 3522 2249 3573 ratorum
2284 3517 2456 3572 multi
2481 3516 2600 3572 sint
2628 3516 2789 3574 anni.
2814 3521 3020 3572 Hostes
3045 3517 3414 3588 perdentium
3451 3518 3638 3590 impe-

1993 3615 2249 3663 ratorum
2282 3605 2454 3661 multi
2484 3607 2605 3662 sint
2652 3605 2811 3661 anni.
2845 3605 3166 3662 Ditantium
3220 3605 3636 3679 imperatorum

1993 3695 2166 3752 multi
2195 3695 2314 3752 sint
2342 3694 2500 3749 anni.
2533 3695 3000 3752 Orthodoxorum
3025 3695 3438 3768 imperatorum
3464 3695 3640 3753 multi

1992 3785 2114 3840 sint
2141 3783 2300 3838 anni.
2335 3783 2441 3837 Fili
2471 3783 2593 3853 Dei,
2625 3783 2798 3838 vitam
2841 3783 2988 3853 ipsis
3031 3783 3342 3856 [indulge].
3379 3785 3480 3839 Fili
3512 3785 3641 3852 Dei,

1992 3887 2235 3943 regnum
2269 3886 2400 3926 cum
2434 3870 2554 3927 illis
2585 3871 2954 3927 administra.
2986 3871 3092 3926 Fili
3120 3872 3245 3941 Dei,
3275 3871 3512 3940 indulge
3541 3889 3640 3929 no-

1993 3959 2082 4016 bis
2114 3974 2229 4015 eos.
2256 3957 2363 4014 Fili
2404 3959 2528 4029 Dei,
2582 3959 2912 4030 multiplica
2958 3959 3224 4031 ipsorum
3271 3976 3477 4018 annos.
3531 3961 3641 4016 Fili

1992 4046 2116 4114 Dei,
2147 4046 2354 4102 exaudi
2385 4062 2508 4102 nos.
2537 4047 2774 4105 Crescat
2802 4047 2947 4103 ﬁdes
2991 4047 3470 4105 Christianorum.
3505 4048 3638 4104 Cre-

1274 4166 1470 4224 JOAN.
1514 4165 1662 4223 JAC.
1697 4166 1961 4224 REISKII
1992 4164 2583 4223 COMMENTARIUS.

311 4271 419 4396 fi)
451 4272 771 4328 Marianum
802 4272 1064 4343 quidem,
1088 4276 1148 4328 at
1170 4289 1283 4328 non
1305 4272 1463 4329 hunc
1481 4273 1875 4346 Symbatium,

351 4351 403 4396 et
434 4346 510 4396 du
545 4347 735 4396 Canae
758 4343 797 4396 l.
830 4359 880 4396 c.

244 4341 403 4397 habet
434 4346 510 4398 du
545 4347 735 4415 Cange
758 4343 797 4398 l.
819 4341 880 4401 'c.

1987 4273 2268 4329 suevisse.
2290 4271 2417 4328 Scio
2444 4287 2675 4344 quoque
2692 4273 3079 4344 Alexandrum
3104 4272 3452 4344 Episcopum
3477 4274 3631 4344 apud

1995 4345 2202 4401 Euseb.
2221 4345 2361 4400 llist.
2379 4343 2586 4400 sceles.
2605 4345 2644 4399 l.
2662 4361 2736 4412 v1,
2756 4361 2808 4400 c.
2823 4361 2860 4400 ιι
2880 4344 2993 4400 fine
3016 4343 3367 4412 Clementem
3387 4343 3633 4400 Alexan-

309 4388 412 4489 (ᾖ)
429 4388 942 4487 ééc'J£§%'u}ia'ést
962 4424 1216 4489 quatuor
1230 4415 1423 4472 Basilii
1439 4415 1712 4483 ﬁliarum,
1729 4434 1875 4489 quas

1997 4418 2220 4472 irinum
2237 4417 2429 4489 adhuc
2444 4416 2639 4489 vivum
2656 4388 2747 4468 τὸζι
2767 4415 3036 4489 μακάριον
3053 4407 3634 4489 πρεσϐύτερονίειρρθιο

255 4483 330 4559 Du
361 4483 549 4554 Gange
571 4483 776 4559 p.141,
807 4483 1093 4559 memorat
1122 4487 1491 4559 quidem,sed
1524 4483 1876 4559 absque-no-

250 4556 414 4611 mine.
440 4556 592 4614 Duas
616 4558 762 4614 alias
787 4559 848 4613 in
871 4556 1193 4615 continenti
1213 4561 1476 4616 nominat
1501 4556 1729 4616 Noster.
1755 4569 1876 4616 An-

245 4633 451 4702 namet
481 4628 781 4702 Helenam.
815 4629 1077 4686 Tandem
1112 4631 1169 4684 in
1211 4631 1327 4687 ﬁne
1374 4631 1585 4702 capitis
1629 4632 1870 4688 Mariam

246 4699 506 4765 nominat.
531 4699 832 4774 Allabemus
863 4717 1002 4773 ergo
1034 4702 1270 4759 nomina
1317 4699 1577 4760 omnium
1624 4711 1873 4774 quatuor

245 4786 494 4826 sororum
529 4770 783 4827 illarum.

305 4842 413 4911 (26)
433 4841 895 4917 Pretervideram
913 4844 1065 4917 hunc
1080 4843 1548 4917 locum,ideoque
1561 4844 1870 4900 omiseram

245 4927 356 4968 eum
373 4918 430 4987 in
450 4916 818 4987 argumentis
840 4915 957 4987 illis
974 4915 1247 4987 allegare,
1272 4915 1485 4987 quibus
1507 4917 1868 4987 demonstra-

246 4988 351 5039 tum
412 4985 507 5057 iyi_
547 4988 605 5040 in
665 4986 1020 5057 praefatione,
1075 4985 1234 5042 nulla
1290 4985 1664 5043 Cerimoniali
1733 4989 1865 5043 huic

245 5055 631 5129 assutafuisse,
655 5055 918 5129 ignotum
942 5075 1059 5129 qua
1086 5075 1217 5113 man
1229 5075 1286 5126 υ,
1309 5075 1441 5114 vero
1464 5060 1586 5129 ejus
1607 5063 1864 5125 auctore,

247 5125 606 5201 Cpnstantino
639 5125 936 5200 Porphyr.,
960 5125 1174 5185 Leonis
1197 5125 1339 5194 tilio,
1367 5125 1704 5201 posteriora.
1741 5129 1865 5186 Μα-

247 5195 410 5268 κάριος
441 5199 594 5255 enim
628 5216 696 5255 ea
726 5195 876 5256 certe
907 5195 1072 5258 (state
1105 5201 1338 5256 nonnisi
1368 5195 1457 5257 _de
1497 5201 1614 5255 vita
1662 5202 1862 5256 defun-

1982 4487 2182 4555 lare,et
2197 4489 2254 4542 in
2273 4487 2609 4542 universum
2625 4487 3045 4551 beatos,felioes
3059 4487 3330 4542 homines
3344 4488 3532 4545 adhuc
3546 4488 3630 4543 vi-

1980 4577 2081 4615 vos
2095 4559 2226 4615 olim
2244 4557 2688 4630 μακαρίους,νὶὶα
2702 4559 2927 4614 functos
2940 4563 3131 4614 autem
3145 4557 3441 4630 μακαρίτας
3457 4559 3638 4615 fuisse

1978 4631 2350 4701 dictos,quod
2367 4631 2520 4686 clare
2550 4636 2790 4700 apparet
2807 4646 2874 4685 ex
2910 4630 3179 4686 Athenae
3200 4630 3632 4702 p.113.Sedille

1979 4717 2120 4758 usus
2143 4702 2406 4774 vocabuli
2431 4717 2696 4774 perrarus
2716 4706 2808 4757 est
2828 4707 2886 4757 et
2908 4702 3134 4774 decimo
3159 4701 3374 4774 saeculo
3400 4720 3452 4774 p.
3479 4701 3540 4757 C.
3567 4720 3626 4759 n.

1968 4774 2094 4844 jam
2125 4774 2347 4829 dudum
2379 4772 2648 4829 desierat.
2663 4772 2902 4830 Possem
2918 4790 3075 4829 nunc
3095 4773 3154 4829 in
3171 4774 3285 4830 fine
3299 4772 3475 4844 hujus
3488 4777 3630 4830 Mor-

1974 4845 2148 4900 tuarii
2167 4844 2382 4900 multos
2406 4845 2618 4899 addere
2641 4845 3058 4916 imperatorum
3081 4845 3344 4902 tumulos
3357 4853 3626 4902 eteorum

1973 4917 2099 4972 ioca
2132 4917 2413 4983 indicare,
2444 4933 2595 4987 quos
2625 4915 2829 4973 Noster
2853 4916 3369 4987 praeteriit.Verum
3393 4918 3619 4985 omitto,

1971 4989 2456 5060 quiaperparum
2483 5002 2552 5042 ea
2583 4987 2866 5060 sedulitas
2892 4989 3196 5059 profutura
3233 4993 3406 5044 esset.

2041 5056 2160 5131 (27)
2189 5056 2342 5115 Ferri
2376 5063 2561 5131 potest
2590 5056 2908 5131 etdebetin
2930 5061 3114 5131 ferreo
3143 5056 3622 5131 scriptoredictio

1968 5128 2251 5201 perqtiatn
2283 5128 2429 5202 dura
2459 5128 2704 5201 εὐφημία
2756 5128 3170 5202 εὐφημουμένη,
3204 5128 3472 5202 quamvis
3502 5128 3616 5202 leni

1967 5199 2288 5276 mutatione
2313 5199 2739 5276 reﬁngipdssit
2789 5199 3312 5276 semetipsa.an
3363 5199 3620 5276 generali

249 5271 340 5343 ctis
365 5270 688 5337 dicebatur,
709 5279 771 5326 ut
787 5271 952 5327 hodie
967 5272 1271 5343 μακαρίτης
1288 5289 1456 5329 nemo
1475 5272 1546 5329 de
1561 5273 1684 5329 vivo
1697 5273 1858 5328 dicit.

249 5339 494 5412 Ideoque,
509 5358 644 5398 cum
663 5344 855 5416 dictus
876 5339 1288 5400 Constantinus
1317 5343 1580 5416 μακάριος
1602 5343 1858 5416 appelle-

247 5416 344 5486 tur,
363 5420 591 5469 constat
607 5429 739 5486 eum
759 5415 858 5470 illo
872 5422 1144 5486 tempore,
1171 5431 1298 5470 cum
1317 5418 1426 5471 ista
1438 5415 1856 5482 soriberentur,

248 5483 304 5559 in,
327 5485 732 5559 vivisamplius
754 5503 866 5559 non
892 5483 1092 5559 fuisse.
1117 5487 1247 5559 Scio
1271 5488 1531 5558 quidem,
1557 5488 1858 5559 Olympio-

249 5557 385 5630 nicas
413 5557 554 5630 olim
589 5556 888 5630 μακαρίους
919 5557 1098 5630 tuisse
1140 5556 1364 5630 dictos;
1399 5575 1449 5613 ν.
1500 5556 1850 5614 Artemidor.

248 5624 280 5680 1.
308 5643 352 5684 v.
384 5644 440 5684 n.
473 5629 547 5701 76
567 5624 817 5686 {verum
833 5645 903 5685 ex
925 5628 1024 5685 illo
1048 5629 1170 5701 ipso
1194 5629 1316 5685 loco
1347 5624 1848 5701 quoqueAconstat,

250 5702 482 5754 mortuos
513 5699 613 5755 illa
628 5703 754 5772 jam
783 5705 949 5758 atate
971 5700 1173 5758 eodem
1194 5699 1431 5757 nomine
1461 5699 1688 5757 laudari
1709 5717 1849 5757 con-

1963 5271 2155 5327 indice
2185 5277 2441 5340 capitum
2470 5271 2653 5342 hujus
2684 5273 2817 5328 libri
2847 5271 2920 5343 (ir.
2958 5292 3011 5343 p.
3041 5271 3170 5343 295)
3191 5271 3271 5343 sic
3294 5271 3620 5343 concipitur

1962 5343 2170 5418 titulus
2203 5338 2380 5418 hujus
2411 5338 2619 5418 capitis
2645 5338 3084 5418 alimmum-16w
3111 5338 3613 5418 6-iré_0tpatorré6mv

1961 5412 2119 5484 νίκης
2166 5415 2253 5469 καὶ
2281 5410 2597 5486 *θριάμϐων
2655 5410 2988 5487 ἀγομένωνη
3018 5415 3126 5470 Pro
3181 5410 3340 5487 ,νίκης
3381 5425 3498 5472 erat
3555 5417 3611 5471 in

1962 5488 2326 5560 membranis
2350 5485 2533 5556 νικητι
2566 5485 2714 5543 cum
2733 5485 2778 5542 Η
2798 5485 3276 5560 superimposito,
3308 5489 3466 5560 quod
3494 5502 3607 5542 non

1962 5563 2149 5630 potest
2176 5559 2331 5615 aliud
2366 5554 2546 5630 quam
2575 5554 2910 5630 νικητηρίων
2939 5554 3090 5630 esse}

2031 5629 2143 5702 (28)
2176 5631 2354 5686 Index
2385 5626 2552 5687 modo
2584 5626 2787 5702 dictus
2807 5627 3024 5702 inserit
3066 5626 3275 5702 10:13:06
3309 5632 3474 5702 ante_
3497 5644 3569 5700 po

1955 5699 2228 5758 stremam
2259 5718 2479 5762 vocem.
2509 5699 2751 5758 Perinde
2781 5703 2872 5756 est
2902 5699 3078 5768 adsit,
3109 5700 3197 5758 vel
3227 5699 3396 5756 absit.
3428 5699 3607 5757 Notat
