4008 6210
213 387 388 451 1213

1077 392 1176 453 DE
1221 392 1674 458 CERIMUNIIS
1719 396 1954 456 AUIJE
1994 397 2468 458 BYZANTINIE
2514 397 2659 458 LIB.
2706 398 2782 458 Il.

3425 372 3427 374 ’
3481 393 3635 455 1214

213 523 369 598 ηγὸς
418 522 517 590 τῆς
565 521 756 594 Σάμου
821 516 966 596 ἔχειν
1023 525 1248 599 στρατὸν
1299 525 1362 598 δ’,
1413 528 1500 581 καὶ
1552 525 1784 591 διπλοῦς
1814 536 1880 599 α’,

2027 531 2155 587 600.
2187 533 2490 602 Strategus
2517 529 2674 586 Sami
2698 532 2991 599 receperat
3020 527 3081 582 in
3112 542 3173 583 se
3205 529 3480 598 praestare
3497 526 3638 582 4000

218 613 378 684 ὁμοῦ
410 618 466 668 ε’.
498 607 750 679 Ἐδέξατο
784 611 811 664 ὁ
840 613 1139 686 στρατηγὸς
1187 619 1284 668 τοῦ
1338 615 1566 689 Αἰγαίου
1621 617 1890 694 πελάγους

1998 625 2053 676 et
2087 621 2247 676 mille
2278 619 2533 691 duplos;
2585 619 2810 676 faciunt
2858 617 3034 674 simul
3094 616 3401 688 quinquies
3455 617 3634 671 mille.

215 696 380 776 ἔχειν
422 700 646 774 στρατὸν
701 705 766 774 γ’,
823 701 912 755 καὶ
959 697 1193 766 διπλοῦς
1240 711 1304 760 α’.
1360 705 1533 778 Ὁμοῦ
1562 707 1624 762 τὸ
1659 713 1762 762 πᾶν
1796 730 1892 785 γι-

2027 713 2295 782 ltrategus
2334 710 2504 782 [Egmi
2567 708 2744 764 maris
2793 711 3086 780 receperat
3143 707 3205 762 in
3253 721 3316 761 se
3368 710 3640 776 praestare

216 787 422 852 λνάδες
453 796 539 860 κη’
569 788 659 842 καὶ
686 789 751 847 τ’.

227 1075 337 1130 Διὰ
383 1077 491 1128 τῶν
550 1069 988 1152 ιιοιϐαλλιιρ-ικῶνΔ
1034 1080 1165 1152 τῶνλ
1200 1077 1534 1151 ὀφειλόντων
1564 1078 1892 1152 ταξιιδεῦσαι

809 1147 885 1209 εἰς
938 1147 1002 1201 τὸ
1057 1147 1323 1220 πλόϊμον.

307 1233 617 1309 Σχολάριοι
711 1238 1074 1312 Θρᾳκησιάνοι
1167 1239 1257 1292 καὶ
1345 1238 1653 1306 Μακεδόνες
1739 1240 1892 1315 ,αλζλ

227 1321 374 1378 Ἀπὸ
419 1327 520 1377 τοῦ
575 1322 807 1396 θέματος
861 1329 970 1379 τῶν
1020 1327 1340 1400 Θρᾳκησίων
1388 1350 1456 1402 γα.
1509 1331 1641 1386 Ἀπὸ
1680 1334 1776 1384 τοῦ
1807 1330 1894 1384 0&-

230 1431 414 1484 ματος
467 1409 760 1476 Σεϐαστίας
821 1416 1095 1490 Ἀρμένιοι
1154 1439 1220 1491 δα.
1271 1419 1412 1492 ’Δμὸ
1471 1420 1532 1474 τὸ
1591 1419 1892 1475 Πλατάνιον

223 1501 486 1574 Ἀρμένοι
520 1504 594 1580 φ’,
626 1503 731 1558 ἀπὸ
785 1511 886 1573 τῆς
937 1505 1141 1579 Πρίνης
1189 1514 1258 1584 cp"
1311 1509 1452 1580 ὁμοῦ
1491 1504 1892 1585 χαϐαλλαρικοὶ

232 1589 279 1650 ’ς
315 1587 422 1659 λζ’,
451 1590 542 1645 καὶ
571 1592 714 1665 ὁμοῦ
743 1593 806 1647 τὸ
835 1597 939 1648 πᾶν
971 1590 1059 1647 διά
1087 1615 1146 1648 τε
1174 1599 1271 1650 τοῦ
1300 1595 1547 1670 πλοΐμου
1579 1595 1669 1653 διά
1696 1619 1755 1654 τε
1784 1603 1892 1654 τῶν

233 1674 667 1753 καϐαλλαριχῶν
702 1679 953 1755 χιλιάδες
985 1679 1066 1737 λδ“
1097 1679 1196 1751 λζ.

635 1877 734 1932 Διά
770 1881 868 1932 τοῦ
915 1875 1202 1952 βασιλικοῦ
1232 1877 1498 1954 πλοῖμου.

315 1962 588 2038 Δρόμονις
646 1966 686 2034 ξ’
724 1963 944 2039 ἔχοντες
993 1966 1092 2021 ἀνὰ
1139 1966 1351 2044 ἀνδρῶν
1408 1969 1756 2041 κωπηλατῶν
1788 1972 1888 2044 σλ“,

237 2052 333 2106 καὶ
363 2052 463 2108 ἀνὰ
491 2051 840 2127 πολεμιστῶν
875 2057 937 2109 ο“’
985 2055 1126 2129 ὁμοῦ
1175 2057 1426 2132 χιλιάδες
1468 2067 1558 2131 ιη“.
1592 2060 1892 2140 Πάμφυλοι

243 2150 316 2214 μ’·
362 2141 414 2212 ἔξ
453 2143 524 2196 ὧν
576 2144 631 2196 οἱ
685 2144 780 2217 μὲν
825 2151 868 2198 κ’
916 2145 1205 2224 πάμφυλοι
1245 2147 1343 2202 ἀνᾶ
1389 2145 1598 2224 ἀνδρῶν
1635 2151 1725 2224 ρξ’,
1753 2151 1805 2204 o't
1838 2149 1896 2205 δὲ

236 2227 416 2307 ἕτεροι
474 2233 521 2287 x‘
581 2235 680 2288 ἂνὰ
737 2233 946 2309 ἀνδρῶν
988 2234 1092 2309 pl‘,
1148 2239 1239 2292 καὶ
1297 2241 1433 2303 Ῥῶς
1599 2241 1739 2313 ὁμοῦ
1774 2243 1894 2309 ,εωζ

237 2320 419 2393 Ὁμοῦ
448 2323 510 2377 τὸ
541 2328 643 2378 πᾶν
673 2322 925 2399 χιλιάδες
947 2333 1029 2401 κγ“
1054 2327 1144 2381 καὶ
1176 2323 1293 2386 δύο.

1996 801 2160 865 3000,
2189 805 2246 855 et
2277 799 2436 854 mille
2459 798 2706 870 duplos;
2736 798 2960 854 faciunt
2990 793 3168 853 simul
3199 798 3407 865 quater
3454 793 3637 851 mille.

2003 889 2070 944 lli
2102 904 2307 944 omnes
2337 887 2655 960 computati
2687 887 2949 943 efﬁciunt
2977 885 3181 956 viginti
3211 889 3338 940 octo
3369 881 3552 938 millia
3584 887 3640 937 et

2003 983 2325 1034 tercentum
2357 979 2570 1049 capita.

2112 1087 2184 1143 De
2214 1087 2510 1158 equitibus,
2542 1084 2640 1157 qui
2668 1085 2940 1142 debebant
2969 1086 3029 1140 in
3057 1084 3230 1140 classe
3259 1081 3524 1138 militare.

2071 1245 2350 1304 Scholarii
2405 1245 2775 1303 Thracesiani
2823 1249 2881 1302 et
2930 1246 3276 1302 Macedones
3333 1242 3494 1299 mille
3536 1241 3639 1298 tri-

1997 1336 2158 1406 ginta
2215 1340 2457 1406 septem.
2512 1335 2552 1390 E
2626 1336 2871 1390 themate
2942 1333 3390 1389 Thracesiorum
3457 1329 3635 1386 mille.

1999 1426 2093 1480 81
2109 1427 2147 1478 7
2181 1425 2220 1478 E
2245 1424 2496 1480 themate
2525 1424 2802 1480 Sebastim
2834 1422 3068 1478 Armeni
3124 1420 3302 1478 mille.
3352 1421 3393 1475 E
3449 1419 3639 1474 Plata-

1999 1515 2095 1570 nio
2126 1513 2363 1569 Armeni
2393 1514 2720 1585 quingenti,
2755 1527 2784 1567 θ
2834 1511 3006 1567 Prina
3037 1511 3361 1582 quingenti.
3397 1508 3642 1564 Faciunt

1999 1602 2175 1658 simul
2205 1602 2391 1658 sexies
2421 1601 2582 1658 mille
2611 1601 2853 1673 triginta
2883 1604 3108 1672 septem
3141 1601 3406 1670 equites;
3437 1601 3494 1652 et
3531 1613 3642 1652 an-

2000 1692 2292 1748 numerati
2349 1691 2752 1762 superioribus
2799 1688 3082 1744 classiarii
3134 1688 3355 1743 faciunt
3407 1685 3642 1756 triginta

2001 1785 2256 1853 quatuor
2285 1779 2468 1837 millia
2499 1785 2554 1836 et
2584 1779 2825 1852 triginta
2854 1783 3094 1848 septem.

2510 1888 2587 1942 De
2615 1885 2796 1943 classe
2823 1883 3132 1956 imperiali.

2073 1976 2289 2033 Classis
2339 1975 2661 2048 imperialis
2701 1975 3006 2032 constabat
3045 1971 3429 2030 dromonibus
3474 1987 3641 2027 sexa-

2004 2066 2184 2136 ginta.
2218 2066 2448 2138 Singuli
2497 2066 2800 2123 dromones
2847 2064 3136 2121 vehebant
3186 2062 3547 2118 ducentenos
3589 2067 3645 2116 et

2005 2157 2264 2228 trigenos
2295 2156 2570 2227 remiges,
2604 2155 2820 2211 milites
2847 2161 3044 2210 autem
3077 2157 3485 2224 septuagenos.
3539 2151 3646 2206 Fa-

2008 2245 2172 2300 ciunt
2202 2244 2381 2300 simul
2421 2243 2642 2315 sumpti
2681 2242 3003 2298 octodecim
3054 2239 3258 2295 millia.
3309 2237 3646 2310 Pamphylia

2010 2349 2182 2404 porro
2213 2335 2519 2389 constabat
2549 2331 2958 2403 quadraginta,
2981 2344 3230 2400 quorum
3256 2327 3456 2398 viginti
3482 2325 3650 2380 vehe-

241 2413 388 2515 bant
416 2414 570 2516 viros
591 2423 866 2473 centenos
895 2424 954 2473 et
985 2435 1344 2491 sexagenos;
1381 2420 1588 2492 reliqui
1634 2422 1838 2493 viginti
1893 2426 2088 2478 autem
2141 2422 2426 2479 vehebant
2471 2423 2624 2478 viros
2670 2424 2946 2476 centenos
2975 2424 3033 2474 et
3082 2417 3343 2489 trigenos
3399 2419 3456 2471 et
3502 2414 3648 2471 Rus-

243 2519 344 2559 sos
374 2508 433 2558 in
459 2508 796 2562 universum
829 2508 1251 2580 septingentos.
1285 2509 1529 2565 Faciunt
1559 2527 1763 2568 omnes
1794 2511 1971 2568 simul
2006 2512 2188 2568 millia
2205 2512 2401 2583 viginti
2431 2511 2541 2567 tria
2571 2515 2629 2565 et
2659 2511 2774 2566 duo
2804 2509 3093 2565 homines.

530 2625 630 2680 Διά
657 2629 755 2680 τοῦ
782 2624 1012 2698 θέματος
1033 2631 1141 2681 τῶν
1175 2622 1621 2702 Κιϐυρῥαιωτῶν.

318 2714 592 2787 Δρόμονες
648 2721 704 2768 ιε’
761 2712 963 2792 ἔχοντα
1010 2715 1112 2770 ἀνὰ
1159 2715 1369 2791 ἀνδρῶν
1418 2717 1769 2789 κωπηλατῶν
1801 2719 1903 2789 σλ“,

246 2801 338 2857 καὶ
397 2802 497 2856 ἀνὰ
555 2801 906 2876 πολεμιστῶν
967 2813 1028 2859 o"
1089 2806 1230 2876 ὁμοῦ
1279 2805 1533 2885 χιλιάδες
1593 2807 1634 2864 δ’
1689 2810 1780 2863 καὶ
1833 2816 1902 2887 φ’·

248 2889 547 2965 Πάμφυλοι
609 2894 666 2953 ις’
723 2887 946 2967 ἔχοντες
1000 2894 1056 2947 οἱ
1118 2895 1212 2967 μὲν
1266 2903 1303 2957 ς’
1352 2896 1450 2950 ἀνὰ
1490 2895 1694 2972 ἀνδρῶν
1725 2900 1819 2972 ρξ’,
1853 2900 1905 2954 οἱ

251 2976 310 3034 δὲ
337 2977 513 3055 ἕτεροι
549 2986 578 3034 ι’
608 2980 707 3034 ἀνὰ
737 2976 946 3055 ἀνδρῶν
994 2979 1095 3058 ρλ“·
1149 2983 1292 3055 ὁμοῦ
1324 2982 1576 3058 χιλιάδες
1683 2987 1772 3041 καὶ
1808 2988 1903 3058 σε’.

245 3072 420 3145 Ὁμοῦ
449 3072 512 3126 τὸ
541 3077 644 3126 πᾶν
676 3070 928 3149 χιλιάδες
960 3081 998 3136 ς’
1027 3072 1118 3128 καὶ

2382 2633 2454 2688 De
2481 2632 2718 2687 themate
2747 2628 3276 2701 Cibyrrhaeotarum.

2086 2721 2403 2776 Praestabat
2434 2721 2540 2776 hoc
2570 2719 2770 2775 thema
2785 2720 3094 2773 dromones
3124 2713 3476 2786 quindecim.
3507 2727 3650 2783 quo-

2017 2826 2148 2866 rum
2179 2810 2396 2883 singuli
2427 2810 2702 2865 tenebant
2748 2809 3000 2880 remiges
3029 2807 3391 2861 ducentenos
3431 2806 3490 2858 et
3548 2801 3651 2856 tri-

2015 2917 2191 2971 genos
2223 2904 2280 2956 et
2312 2899 2528 2956 milites
2561 2902 2971 2969 septuagenos.
3001 2894 3233 2950 Faciunt
3264 2896 3472 2964 quater
3493 2888 3653 2944 mille

2013 2994 2070 3045 et
2100 2989 2472 3060 quingentos.
2506 2985 2858 3058 Pamphylcs
2874 2982 3189 3055 praestabat
3209 2980 3486 3050 sedecim,
3509 2994 3655 3050 quo-

2014 3095 2146 3133 rum
2178 3093 2278 3133 sex
2306 3078 2539 3147 quidem
2573 3074 2862 3130 vehebant
2896 3071 3054 3128 viros
3092 3074 3368 3127 centenos
3399 3072 3457 3123 et
3486 3083 3652 3122 sexa-

251 3179 454 3234 genos,
487 3163 682 3218 caeteri
721 3164 922 3221 decem
963 3181 1097 3221 vero
1146 3170 1421 3223 centenos
1477 3172 1535 3224 et
1591 3168 1869 3240 trigenos.
1929 3167 2175 3224 Faciunt
2223 3164 2402 3222 simul
2463 3163 2649 3220 millia
2700 3163 2817 3218 duo
2875 3163 2932 3216 et
2989 3161 3269 3216 ducentos
3327 3155 3653 3227 sexaginta.

248 3251 434 3308 Simul
463 3252 689 3324 sumpti
718 3252 1019 3326 pamphyli
1040 3258 1098 3311 et
1127 3256 1428 3311 dromones
1456 3256 1676 3313 faciunt
1703 3257 1884 3315 millia
1913 3271 2015 3314 sex
2045 3260 2102 3312 et
2129 3255 2531 3328 septingentos
2559 3252 2881 3324 sexaginta.

631 3359 729 3414 Διὰ
765 3363 862 3414 τοῦ
908 3359 1143 3433 θέματος
1174 3363 1271 3434 τῆς
1307 3362 1518 3435 Σάμου.

323 3445 594 3521 Δρόμονες
631 3456 658 3502 ι’
688 3443 908 3524 ἔχοντες
939 3449 1039 3505 ἀνᾶ
1069 3448 1276 3526 ἀνδρῶν
1321 3450 1672 3521 κωπηλατῶν
1701 3455 1781 3509 σλ⁹
1811 3453 1901 3508 καὶ

253 3534 348 3590 ἀνᾶ
371 3535 720 3610 πολεμιστῶν
751 3543 810 3591 θ’·
847 3539 990 3611 ὁμοῦ
1030 3560 1098 3614 ⁸γ.
1152 3539 1446 3620 Πάμφυλοι
1481 3542 1570 3617 ιβ’,
1603 3536 1822 3617 ἔχοντες
1851 3544 1902 3597 cl

261 3624 352 3697 μὲν
409 3623 449 3678 δ’
508 3626 606 3680 άνά
651 3625 856 3701 ἀνδρῶν
915 3627 1265 3698 κωπηλπιτῶν
1327 3632 1421 3703 ρξ’,
1477 3632 1527 3685 οἳ
1589 3628 1645 3685 δὲ
1703 3631 1752 3701 η’
1806 3631 1906 3686 ἀνὰ

259 3710 463 3786 ἀνδρῶν
495 3713 594 3786 pl"
629 3716 771 3787 ὁμοῦ
800 3724 942 3790 καχπ¹
972 3715 1150 3788 Ὁμοῦ
1187 3719 1248 3772 τὸ
1291 3722 1394 3772 πᾶν
1427 3715 1519 3772 διὰ
1547 3717 1643 3773 τοῦ
1676 3719 1906 3792 θέματος

257 3807 354 3869 τῆς
386 3801 570 3875 Σάμου
599 3801 762 3878 γδχπκ

1935 3368 1985 3434 C

2565 3363 2647 3416 De
2671 3361 2912 3418 themate
2938 3357 3113 3414 Sami.

2085 3458 2406 3509 Dromones
2464 3451 2691 3518 decem,
2751 3447 3033 3504 habentes
3107 3441 3326 3517 singuli
3403 3442 3656 3513 remiges

2013 3546 2370 3600 ducentenos
2385 3545 2443 3596 et
2457 3539 2737 3612 trigenos.
2759 3537 2977 3593 milites
2991 3539 3398 3606 septuagenos.
3414 3532 3660 3588 Faciunt

2016 3631 2187 3688 simul
2218 3636 2307 3686 ter
2339 3630 2518 3685 mille.
2554 3625 2855 3700 Pamphyli
2885 3624 3214 3692 duodecim,
3248 3637 3494 3694 quorum
3522 3636 3660 3691 qua-

2016 3725 2150 3776 tuor
2179 3719 2430 3788 remiges
2459 3717 2745 3774 vehebant
2776 3719 3052 3772 centenos
3082 3717 3139 3768 et
3176 3727 3496 3783 sexagenos
3543 3709 3661 3764 sin-

2019 3808 2180 3878 guli;
2215 3806 2738 3877 reliquorumgocto
2768 3810 2965 3860 autem
3013 3802 3228 3873 singuli
3280 3804 3554 3856 centenos
3602 3801 3660 3852 et

262 3893 539 3964 trigenos.
574 3895 821 3950 Faciunt
843 3896 1018 3951 simul
1049 3897 1271 3968 sumpti
1307 3897 1467 3953 mille
1513 3901 1850 3954 sexcentum
1900 3905 1954 3954 et
1997 3897 2314 3968 octoginta.
2363 3895 2550 3952 Simul
2598 3895 2819 3966 sumpti
2877 3894 3189 3948 dromones
3247 3895 3304 3946 et
3359 3887 3661 3960 pamphyli

262 3982 534 4040 thematis
565 3985 725 4040 Sami
757 3985 980 4041 iaciunt
1009 3991 1216 4057 quater
1247 3985 1404 4041 mille
1435 3995 1770 4043 sexcentum
1801 3993 1859 4043 et
1886 3986 2195 4057 octoginta.

475 4090 574 4146 Διὰ
600 4096 698 4146 τοῦ
732 4093 963 4165 θὲματος
990 4096 1088 4148 τοῦ
1138 4093 1369 4169 Αἰγαίου
1399 4091 1695 4169 πελάγους.

333 4181 606 4255 Δρόμονες
658 4187 699 4251 ζ’
746 4175 964 4260 ἔχοντες
1016 4181 1116 4236 ἀνά
1162 4179 1373 4256 ἀνδρῶν
1421 4182 1776 4253 κωπηλατῶν
1809 4182 1911 4253 σλ“,

265 4270 350 4324 καὶ
380 4269 482 4325 ἀνὰ
509 4269 861 4343 πολεμιστῶν
892 4280 954 4326 ο“’
997 4272 1140 4345 ὁμοῦ
1187 4272 1306 4346 ,βρᾋ
1357 4271 1652 4350 Πάμφῦλοι
1684 4274 1724 4342 ζ’
1754 4270 1916 4349 ἔχον-

262 4380 344 4422 τες
376 4360 427 4415 ol
463 4361 558 4434 μὶν
589 4367 633 4437 γ’
663 4360 760 4416 ἀνὰ
789 4359 1002 4436 ἀνδρῶν
1046 4363 1138 4437 ρξ’,
1183 4361 1233 4416 οἱ
1283 4358 1342 4416 δὲ
1369 4357 1542 4436 ἕτεροι
1592 4359 1635 4416 δ’
1680 4363 1780 4418 ἀνὰ
1822 4361 1916 4416 ἀν-

265 4446 401 4524 δρῶν
434 4448 537 4524 pl"
575 4451 718 4523 ὁμοῦ
749 4472 812 4520 ,α.
845 4452 1025 4524 Ὁμοῦ
1066 4452 1130 4506 τὸ
1178 4455 1282 4506 πᾶν
1315 4447 1404 4505 διὰ
1431 4455 1528 4507 ¹τοῦ
1559 4452 1791 4526 θέματος
1817 4455 1914 4508 τοῦ

263 4540 490 4618 Αἰγαίου
521 4539 796 4620 πελάγους
824 4549 935 4616 ,γρκ

687 4740 785 4795 Διά
812 4743 909 4794 τοῦ
935 4739 1168 4813 θέματος
1196 4737 1484 4800 Ἑλλάδος.

2457 4095 2534 4150 De
2563 4094 2805 4150 themate
2831 4092 3007 4160 Α’ραὶ
3032 4091 3225 4145 maris.

2095 4186 2418 4242 Dromones
2449 4189 2698 4256 septem,
2730 4182 3007 4238 vehentes
3028 4176 3244 4249 singuli
3267 4176 3516 4248 remiges
3536 4176 3662 4246 250,

2026 4275 2244 4332 milites
2270 4276 2362 4341 70,
2386 4275 2606 4330 faciunt
2629 4273 2790 4329 2100.
2817 4268 3119 4342 Pamphyli
3141 4271 3386 4339 septem,
3409 4281 3662 4338 quorum

2023 4371 2140 4422 tres
2190 4364 2474 4421 vehebant
2533 4362 2754 4435 singuli
2814 4359 2946 4428 16ος
3002 4360 3072 4414 de
3129 4355 3368 4427 reliquis
3415 4359 3666 4426 quatuor

2023 4451 2242 4524 singuli
2275 4452 2414 4518 130;
2448 4450 2668 4507 faciunt
2692 4447 2869 4504 mille.
2901 4445 3112 4501 Totum
3143 4459 3279 4516 ergo
3317 4441 3662 4512 contingens

2023 4541 2297 4598 thematis
2343 4540 2518 4612 ΙΕεωί
2566 4537 2746 4594 maris
2815 4539 2938 4592 erat
2979 4539 3068 4590 ter
3115 4531 3277 4588 mille
3321 4534 3378 4586 et
3426 4534 3660 4586 centum

2021 4631 2346 4689 hominum.

2539 4737 2615 4792 De
2642 4735 2878 4791 themate
2909 4732 3148 4789 Graeciae.

331 4826 626 4902 Δρόμονες·
681 4836 710 4882 ι’
758 4826 977 4903 ἔχοντες
1025 4829 1123 4883 ἆνᾶ
1173 4825 1385 4903 ἀνδρῶν
1429 4827 1776 4900 κωπηλατῶν
1810 4825 1905 4900 σλ]

2097 4827 2415 4882 Dromones
2445 4824 2646 4880 decem
2692 4821 2971 4877 vehentes
3002 4815 3221 4890 singuli
3252 4815 3504 4888 remiges
3533 4814 3658 4868 230.

266 4916 350 4972 καὶ
381 4917 480 4972 ἀνὰ
510 4917 860 4992 πολεμιστῶν
893 4926 953 4973 ο“·
988 4919 1129 4991 ὁμοῦ
1170 4942 1240 4995 κγ.

686 5008 783 5064 Διά
829 5011 938 5063 τῶν
987 5005 1316 5082 Μαρδαῖτῶν
1353 5010 1485 5081 (34).

332 5095 726 5171 Μαρδαξαῖται,
760 5097 984 5172 στράτὸς
1033 5098 1125 5151 σὺν
1157 5096 1440 5172 ἀρχόντων
1471 5098 1609 5171 (35),
1639 5093 1792 5167 ,δπζξ
1823 5097 1914 5152 καὶ

2025 4915 2238 4973 milites
2266 4915 2357 4982 70,
2391 4914 2610 4970 faciunt
2639 4916 2724 4968 ter
2755 4909 2934 4966 mille.

2637 5002 2712 5057 De
2741 4999 3042 5056 Mardaitis.

2097 5093 2516 5151 Mardaitorum
2547 5089 2749 5162 copim,
2780 5088 3029 5145 ducibus
3059 5104 3262 5144 eorum
3293 5082 3662 5156 computatis.

1315 5262 1519 5320 JOAN.
1553 5262 1697 5320 JAC.
1732 5261 1997 5318 REISKII
2028 5257 2622 5318 COMMENTARIUS.

337 5416 449 5489 (34)
481 5416 630 5472 Sunt
653 5415 875 5488 gemini
908 5414 1198 5472 Mardailm
1229 5412 1539 5470 orientales
1570 5419 1619 5469 et
1654 5412 1919 5489 occiden-

339 5559 455 5629 (35)
487 5558 847 5626 Frequenter
870 5557 1067 5628 jungit
1096 5556 1309 5612 Noster
1330 5553 1392 5629 Δἐν
1425 5558 1483 5611 et
1511 5553 1604 5608 σύν
1627 5483 1917 5629 εθηὶῗῗάξξ

278 5626 446 5687 Paulo
477 5637 611 5702 post
641 5626 926 5686 habemus
959 5626 1188 5700 quoque
1214 5626 1579 5753 cuva'pxlgvrec
1627 5626 1685 5681 in
1727 5627 1916 5681 nomio

278 5703 488 5753 nativo.
519 5707 805 5753 tanquam
838 5701 886 5753 si
919 5716 1034 5753 una
1065 5717 1171 5753 vox
1203 5704 1380 5753 esset.
1458 5698 1737 5753 roconius
1786 5697 1916 5753 Hm-

278 5697 496 5770 nativo,
519 5707 805 5770 tanquam
838 5701 886 5756 si
919 5697 1034 5770 una
1065 5697 1171 5756 vox
1203 5697 1737 5770 esset.'Procopiu_s
1786 5697 1920 5770 Hm-

280 5766 484 5828 schelii
511 5789 565 5844 p.
614 5766 738 5844 127,
788 5771 878 5843 ξὺν
937 5766 1214 5848 φυλακῶν.
1259 5773 1326 5827 Et
1371 5770 1433 5827 in
1480 5766 1662 5826 veteri
1711 5767 1922 5825 inscri-

2026 5410 2224 5483 ptione
2253 5412 2406 5483 apud
2441 5409 2753 5483 Pocokium
2789 5425 2842 5481 p.
2876 5409 2966 5483 50.

2145 5471 2453 5558 Περσεφόνη
2485 5477 2769 5558 πρόπολον
2789 5471 3024 5558 ’σφετέρῃ
3058 5471 3546 5558 εἱσῇγάγενοάῦλὴν

2252 5541 2418 5620 ΙΙαῖτρὶ
2443 5541 2543 5607 ’σὺν
2576 5541 3120 5627 αἰνογόουίμηὲῥρρς,
3147 5541 3441 5627 ξᾲβλαϐίῳ

2099 5613 2434 5698 Ρνοεενρίᾶια
2461 5642 2622 5681 suam
2651 5613 2937 5698 in'autani
2959 5613 3178 5698 ξῄᾴιιαξίι
3201 5619 3371 5698 [hanc
3392 5613 3664 5698 puellam]

2030 5701 2092 5751 ut
2121 5704 2257 5754 esset
2297 5689 2563 5754 'mi-nistra
2591 5696 2743 5764 patri
2788 5707 2890 5749 suo
2937 5690 3163 5748 Abtabio
3204 5689 3272 5748 ἐι
3303 5689 3667 5744 molestissime

2031 5771 2218 5824 matri.
