4008 6210
365 325 519 388 1215

1443 312 1987 380 ΟΟΝΞΤΑΝΤΙΝΙ
2034 312 2734 374 PORPHYROGENITI

3646 308 3808 365 1216

361 454 695 512 efﬁciebant
728 456 933 525 quater
962 451 1120 507 mille
1168 452 1461 525 octOginta
1502 454 1725 522 septem
1771 444 2001 519 capita;

2183 443 2255 497 ῑτὰ
2286 445 2607 515 προσθήκην
2649 440 2827 515 ἕτεροι
2876 457 2928 511 ᾳ·
2985 439 3128 511 δμοῦ
3188 443 3332 506 λαις.
3383 438 3581 507 Ὀμοῦ
3608 436 3669 487 τὸ
3700 440 3811 487 zi-

364 544 579 616 quibus
598 540 911 598 accedebat
934 540 1216 595 mantissa
1240 539 1399 595 mille
1425 536 1727 593 hominum
1751 551 1765 601 ;
1787 531 2007 588 faciunt

362 633 524 689 5087.
558 632 706 687 Tota
734 644 871 701 ergo
906 628 1127 686 navalis
1159 628 1368 684 militia
1414 643 1444 684 e
1492 627 1674 683 classe
1719 619 2005 694 imperiali

361 728 419 777 et
448 738 477 776 e
509 720 693 776 classe
728 718 1066 792 provinciali
1098 718 1417 790 composita
1445 716 1749 774 constabat
1779 716 2005 767 dromo-

362 811 535 868 nibus
550 815 783 867 centum
800 814 856 864 et
878 809 1180 865 duodecim
1194 851 1207 876 ,
1224 815 1277 865 et
1292 806 1623 880 pamphylis
1638 803 2006 877 septuaginta

363 901 662 972 quinque;
696 897 849 954 878
876 898 1187 969 remigibus
1213 898 1481 967 trigesies
1508 902 1565 951 et
1585 901 1791 966 quater
1822 890 2002 956 mille,

364 988 650 1044 militibus
680 988 840 1056 7340,
876 986 1082 1042 Russis
1110 987 1239 1054 700,
1271 984 1564 1040 Mardaitis
1591 983 1751 1038 5087.

813 1096 974 1162 Roga:
1003 1092 1326 1163 imperiali:
1345 1093 1558 1148 classis.

435 1185 733 1242 Exercitus
760 1199 889 1239 cum
924 1182 1173 1238 ducibus
1204 1185 1432 1237 constat
1473 1182 1645 1235 12502
1691 1175 2003 1247 capitibus.

362 1276 519 1345 Roga
546 1278 635 1329 est
663 1277 956 1329 centenar.
992 1272 1080 1337 15,
1112 1271 1257 1326 litras
1276 1272 1371 1337 90,
1394 1271 1754 1326 numismata
1783 1266 2004 1323 decem.

359 1364 659 1419 Accedunt
690 1362 980 1418 mantissa
1003 1360 1162 1417 mille
1186 1360 1314 1428 viri,
1338 1375 1588 1430 quorum
1613 1356 1827 1429 singuli
1852 1354 2006 1412 acci-

362 1454 530 1525 piunt
580 1470 740 1509 num.
774 1455 846 1522 5;
907 1453 1128 1508 faciunt
1172 1453 1337 1509 litras
1382 1452 1474 1520 69,
1529 1467 1693 1507 num.
1725 1450 1831 1516 32;
1872 1447 2005 1503 dein

362 1543 535 1598 Russi
566 1544 691 1608 700,
722 1558 966 1614 quorum
992 1558 1129 1613 roga
1151 1541 1209 1596 in
1235 1541 1569 1597 universum
1601 1543 1931 1596 estcenten.
1953 1539 2004 1589 1.

361 1632 520 1688 Facit
552 1648 688 1703 roga
710 1631 917 1688 classis
938 1637 995 1688 et
1012 1635 1337 1687 Bassorum
1362 1628 1540 1685 simul
1563 1626 1897 1686 centenaria
1918 1626 2005 1692 17,

362 1722 525 1779 litras
555 1722 644 1788 59,
681 1721 1042 1777 numismata
1072 1722 1161 1776 42.

731 1829 806 1881 De
834 1828 1065 1882 themate
1096 1824 1622 1897 Cibyrrhazotaram.

433 1916 606 1972 Totus
637 1916 767 1985 ejus
796 1914 1073 1970 thematis
1092 1914 1383 1969 exercitus
1414 1929 1533 1968 una
1578 1928 1713 1967 cum
1757 1911 2008 1967 ducibus

363 2012 418 2060 et
449 2004 647 2075 duplis
677 2007 904 2059 constat
932 2002 1225 2075 capitibus
1252 2003 1415 2059 6160.
1446 2002 1603 2073 Roga
1634 2004 1722 2058 est
1770 2003 1999 2055 centen.

359 2093 416 2160 2,
449 2092 598 2149 litras
628 2094 720 2162 21,
757 2109 921 2149 num.
954 2094 1043 2149 42.

913 2202 990 2255 De
1017 2200 1253 2255 themate
1280 2199 1458 2255 Sami.

433 2292 675 2345 Constat
712 2290 841 2361 ejus
891 2290 1178 2345 exercitus
1229 2306 1348 2345 una
1397 2305 1532 2345 cum
1592 2288 1840 2343 ducibus
1872 2287 2011 2342 4680

362 2378 654 2449 capitibus
685 2382 741 2433 et
762 2376 958 2449 duplis
975 2376 1151 2433 mille.
1179 2376 1337 2449 Roga
1358 2381 1447 2431 est
1464 2378 1781 2446 centum.2,
1807 2374 1921 2430 litr.
1954 2377 2005 2443 1,

366 2484 533 2525 num.
564 2470 651 2525 11.
1578 2534 1579 2537 η

797 2576 868 2629 De
898 2574 1132 2629 themate
1159 2572 1332 2643 Αἱρωὶ
1358 2575 1550 2629 maris.

446 2662 739 2718 Exercitus
769 2678 900 2717 cum
934 2661 1183 2717 ducibus
1232 2662 1357 2730 310,
1408 2661 1574 2733 dupli
1624 2660 1804 2717 mille.
1856 2662 2007 2733 Roga

373 2756 602 2809 centen.
637 2752 688 2818 1,
721 2751 838 2808 litr.
860 2752 952 2818 54,
986 2767 1149 2805 num.
1184 2751 1237 2807 3.

751 2859 825 2913 De
853 2856 1143 2912 Mardaitis
1171 2856 1623 2913 occidentalibus.

435 2948 738 3005 Exercitus
781 2961 913 3002 curn
964 2946 1209 3001 ducibus
1252 2946 1412 3001 4087.
1466 2948 1625 3018 Roga
1691 2955 1918 3005 centen.
1951 2949 2004 3005 4.

2033 1818 2081 1881 Β

2116 528 2205 585 διὰ
2231 552 2290 586 τε
2318 536 2415 586 τοῦ
2449 531 2741 607 βασιλικοῦ
2772 529 3045 602 πλοῖμου,
3106 525 3194 582 διά
3250 548 3311 582 τε
3370 531 3487 580 τῶν
3548 526 3805 595 Baptizare

2115 616 2373 693 δρὸμθνες
2416 622 2546 697 ριβ’,
2596 619 2889 699 πάμφυλοι
2937 620 3027 687 os',
3079 614 3272 691 ἄνδρες
3318 612 3695 683 tumuli-.1:
3732 634 3818 687 χι-

2116 706 2301 771 λιάδες
2332 706 2432 778 λδ’,
2461 710 2551 764 καὶ
2584 707 2918 781 πολεμισταὶ
2946 712 3103 780 ’ζτμζ
3125 707 3214 761 καὶ
3235 708 3375 767 Ῥὦς
3412 709 3493 777 ψ’,
3532 704 3635 757 καὶ
3666 704 3823 769 Μιςρ

2116 797 2292 854 δαῖται
2321 803 2470 874 ,ετ-ιζ’.

2363 1087 2434 1142 A't
2468 1085 2627 1161 ῥόγαι
2661 1082 2751 1139 διὰ
2784 1089 2882 1140 τοῦ
2933 1084 3224 1160 βασιλικοῦ
3255 1088 3544 1155 πλοὶμου.

2189 1176 2429 1248 Στρατὸς
2489 1175 2853 1250 συνάρχοντες
2904 1172 3157 1250 χιλιάδες
3214 1174 3283 1247 ιβ’
3330 1174 3427 1226 καὶ
3476 1172 3610 1245 φβ’.
3645 1173 3819 1241 Ῥοῖί

2115 1264 2435 1338 κεντηνάρια
2469 1266 2545 1334 ιε’,
2582 1263 2765 1339 λίτραι
2813 1265 2880 1343 ιί,
2937 1266 2986 1323 ι’,
3034 1265 3357 1339 Προσθήχῃν
3404 1261 3607 1316 αὐτῶν
3640 1283 3689 1325 δτι
3726 1261 3821 1312 ἂνξ

2114 1355 2470 1427 νομισμάτων
2502 1355 2561 1420 ε’,
2608 1351 2898 1429 γινόμενον
2953 1354 3131 1429 λίτραι
3180 1356 3269 1425 ξθ’,
3321 1352 3677 1425 νομίσματα

2115 1445 2251 1507 Ῥῶς
2282 1446 2355 1518 ψ’,
2388 1446 2521 1517 ῥόγα
2552 1446 2909 1518 κεντηνὰριον
2960 1449 3031 1503 a'.
3082 1442 3256 1516 Ὁμοῦ
3288 1441 3378 1497 διὰ
3403 1447 3509 1497 τοῦ
3546 1440 3815 1511 πλοῖμσσ

2114 1534 2203 1588 καὶ
2253 1538 2362 1589 τῶν
2402 1535 2537 1594 Ῥῶς
2588 1532 2722 1608 ῥὸγα
2768 1533 3095 1609 κεντηνάρια
3147 1534 3229 1603 ιζ’,
3279 1530 3470 1606 λίτραι
3525 1530 3641 1597 νϐ’,
3700 1529 3815 1599 μᾷἐ.

2360 1822 2460 1876 Διὰ
2486 1826 2587 1877 τοῦ
2630 1823 2863 1895 etiam):
2910 1824 3018 1875 τῶν
3068 1814 3531 1896 Κιόυῤῥαιωτῶν.

2182 1914 2424 1987 Στρατὸς
2485 1912 2844 1986 συνάρχοντες
3110 1910 3278 1985 Ῥόγα
3330 1907 3684 1981 κεπηνάρια
3737 1906 3804 1977 β’.

2112 2000 2294 2075 λίτραι
2324 2003 2428 2074 ια’,
2466 2002 2559 2075 μβ’
2591 2000 2683 2055 σὺν
2710 2006 2831 2062 τοῖς
2859 1997 3100 2061 διπλοῖς.

2477 2197 2573 2251 Διά
2618 2201 2715 2251 τοῦ
2766 2196 2997 2269 θὲματος
3046 2201 3147 2263 τῆς
3200 2192 3409 2265 Σάμου.

2182 2287 2389 2363 Σρατὸς
2423 2286 2786 2359 συνάρχοντες
2833 2282 2998 2357 ,δχπλ
3046 2282 3135 2337 καὶ
3186 2281 3291 2336 ἀπὸ
3322 2286 3429 2335 τῶν
3463 2277 3703 2334 διπλῶν
3730 2301 3796 2346 .2.

2110 2376 2268 2453 Ῥόγα
2297 2375 2619 2448 κεντηνάρια
2654 2375 2722 2447 β’,
2756 2371 2916 2446 λίτρα
2944 2378 3010 2441 α’,
3045 2377 3127 2428 ια’.

2324 2572 2425 2627 Διὰ
2461 2575 2559 2627 τοῦ
2592 2569 2826 2643 θέματος
2857 2573 2956 2625 τοῦ
3004 2570 3237 2646 Αἰγαίου
3266 2565 3564 2641 πελάγους.

2183 2661 2425 2735 Στρατὸς
2457 2661 2824 2739 συνάρχοντες
2872 2668 2968 2735 lyp’
3012 2660 3101 2713 καὶ
3154 2658 3260 2713 ἀπὸ
3308 2663 3416 2713 τῶν
3466 2654 3701 2711 διπλῶν
3728 2678 3793 2727 ¹α.

2106 2749 2271 2824 Ῥόγα
2299 2748 2649 2824 κεντηνᾶριον
2698 2752 2765 2819 α’,
2819 2748 3004 2823 λίτραι
3034 2746 3129 2816 νδ’,
3160 2749 3230 2822 γ’.

2430 2857 2527 2912 Διά
2566 2861 2673 2913 τῶν
2719 2854 3046 2930 Μαρδαϊτῶν
3079 2862 3181 2925 τῆς
3214 2856 3447 2915 Δῦσεως.

2180 2948 2421 3020 Στρατὸς
2453 2947 2816 3021 συνάρχοντες
2860 2947 2905 2982 ⁴⁸
2950 2945 3102 3014 ,δπζπ
3153 2945 3319 3019 Ῥόγα
3348 2942 3684 3015 κενττψεὶρια
3717 2939 3784 2995 δ’,

359 3039 480 3094 litr.
514 3038 605 3106 66,
640 3054 800 3093 num.
833 3036 940 3105 32;
978 3037 1260 3091 mantissa
1290 3036 1474 3106 mille}
1499 3036 1831 3102 hominum,
1865 3053 2004 3109 quo-

2183 3056 2289 3110 rpat
2333 3036 2423 3106 ξς’,
2476 3034 2583 3108 λβ“.
2632 3035 2730 3089 Καὶ
2777 3037 2811 3104 ἡ
2855 3036 3141 3108 προσθήκη
3192 3030 3401 3106 ἀνδρῶν
3450 3053 3501 3105 β
3551 3032 3654 3085 ἆνᾶ
3711 3033 3782 3099 π’,

356 3146 484 3187 rum
526 3131 777 3202 quisque
809 3137 1014 3186 octona
1048 3127 1403 3183 numismata
1434 3128 1661 3202 accipit,
1686 3130 1822 3186 facit
1860 3147 2003 3186 cen-

2183 3126 2388 3199 ιόμενον
2423 3127 2467 3199 ρ’
2500 3126 2566 3194 α’,
2600 3122 2780 3197 λίτραι
2817 3125 2901 3193 ια’,
2951 3126 3020 3194 η’.
3053 3127 3223 3194 Ὁμοῦ
3270 3123 3331 3177 τὸ
3378 3125 3484 3175 πᾶν
3532 3118 3625 3174 διὰ
3677 3124 3784 3173 τῶν

355 3219 698 3287 ten.1,litr.
732 3219 818 3283 11,
852 3234 1017 3274 num.
1068 3219 1121 3274 8.
1180 3217 1244 3272 In
1296 3217 1635 3273 universum
1686 3235 1821 3290 ergo
1871 3220 2004 3276 facit

2183 3216 2435 3294 ιρδαῖτῶν
2492 3224 2592 3287 τῆς
2667 3214 2871 3277 δύσεως
2930 3218 3067 3293 ῥόγα
3114 3215 3440 3289 κέντηνᾶρια
3494 3214 3536 3267 ε’
3595 3213 3781 3287 λέτριιι

355 3324 495 3381 roga
527 3308 943 3365 Mardaitarum
992 3306 1445 3363 occidentalium
1496 3312 1723 3362 centen.
1774 3309 1829 3375 5,
1882 3308 2000 3364 litr.

355 3398 447 3451 77.
484 3413 640 3454 num.
676 3397 762 3451 42.
798 3397 947 3451 Tota
978 3410 1206 3449 summa
1239 3409 1509 3466 rogaram
1562 3412 1664 3466 pro
1715 3396 2001 3465 imperiali

360 3483 625 3549 classico,
656 3500 759 3554 pro
791 3483 1011 3551 Russis,
1046 3498 1148 3552 pro
1179 3481 1422 3538 classico
1454 3483 1791 3553 provinciali
1814 3489 1871 3539 et
1903 3502 2002 3555 pro

365 3571 667 3627 Mardaitis
701 3570 1165 3627 occidentalibus
1195 3578 1284 3626 est
1340 3577 1569 3626 conten.
1605 3571 1696 3639 29,
1759 3569 1877 3627 litr.
1912 3573 2001 3640 13,

366 3658 646 3715 numism.
678 3659 770 3716 66.

923 3767 997 3821 De
1025 3780 1159 3836 roga
1178 3764 1443 3836 equitum.

435 3856 544 3913 Pro
584 3853 889 3912 scholariis
920 3854 1329 3911 Thracesianis
1360 3861 1418 3912 et
1458 3856 1897 3926 Macedonibus,
1930 3860 2001 3916 ad

2111 3309 2203 3378 σε’,
2241 3309 2353 3382 ρλβ’.
2387 3308 2491 3363 Καὶ
2527 3309 2670 3379 ὁμοῦ
2693 3308 2756 3362 τὸ
2789 3313 2892 3361 πᾶν
2926 3303 3016 3361 διά
3051 3326 3109 3360 τι
3152 3309 3249 3360 τοῦ
3284 3302 3581 3377 βασιλικοῦ
3612 3302 3781 3358 πλοῖα

2114 3418 2241 3469 μου,
2291 3398 2401 3450 τῶν
2448 3397 2609 3467 Ῥῶς,
2659 3400 2768 3450 τῶν
2808 3398 3114 3470 θεματικῶν
3162 3394 3422 3467 πλοῒμων
3451 3391 3546 3447 καί
3582 3396 3697 3446 τῶν
3739 3393 3783 3426 ⁸³

2110 3480 2435 3559 Μαρδαϊτῶν
2486 3492 2587 3555 τῆς
2648 3482 2852 3548 δύσεως
2914 3486 3047 3559 ῥόγα
3101 3485 3425 3559 κεντηνάρια
3452 3484 3558 3553 κθ“,
3595 3478 3783 3553 “res:

2113 3580 2202 3650 ιγ’,
2234 3575 2322 3645 ξέ-

2434 3771 2531 3825 me
2554 3778 2653 3841 τῆς
2682 3770 2843 3845 ῥόγας
2870 3775 2975 3826 τῶν
2999 3766 3446 3845 καϐαλΑαρικῶν.

2182 3859 2281 3916 Διὰ
2324 3860 2432 3916 τῶν
2482 3859 2797 3935 σχολαρίων
2838 3864 2947 3916 τῶν
2996 3860 3380 3935 Θρᾳκησιάνων
3445 3857 3535 3914 καὶ
3589 3859 3778 3914 Maiis.

1711 3958 1954 4015 VARle
2000 3960 2306 4018 LECTION
2313 3962 2414 4018 ES.

438 4047 461 4081 ‘
513 4045 891 4119 συναρχοντῶν
923 4045 1016 4100 od.
1092 4043 1139 4081 ⁴⁹
1172 4042 1431 4117 πλοΐμῶν
1470 4048 1576 4100 τῶν
1607 4052 1678 4102 Μ.
1709 4048 1799 4101 καὶ
1828 4053 1929 4116 τῆς
1960 4051 2087 4107 cod.

1431 4143 1627 4200 JOAN.
1666 4144 1806 4200 JAC.
1849 4146 2109 4202 REISKII
2146 4147 2713 4204 COMMENTARIUS.

370 4243 538 4299 tales.
573 4242 663 4298 Illi
692 4245 858 4297 erant
886 4244 1107 4313 veteres
1129 4240 1334 4313 Pisidas
1358 4243 1415 4295 et
1440 4240 1833 4313 Pamphyli,et
1853 4242 2019 4299 habi-

372 4317 569 4369 tabant
599 4315 754 4369 circa
784 4313 1060 4367 Attaliam
1094 4311 1152 4366 in
1187 4311 1440 4384 themate
1463 4311 2015 4384 Cibyrrhaéotarum.

373 4386 510 4438 inde
532 4385 799 4441 traducta
822 4400 956 4454 pars
978 4399 1182 4439 eorum
1207 4382 1607 4453 deponebatur
1641 4386 1696 4439 in
1716 4386 2018 4443 Thessalia

368 4460 424 4529 et
453 4457 791 4529 Macedonia
814 4462 871 4529 et
903 4472 1003 4529 per
1034 4455 1283 4529 insulas
1310 4455 1487 4529 βεεωῇ
1546 4458 1723 4511 maris
1781 4474 2015 4529 sparge-

372 4525 605 4581 bantur.
642 4527 703 4580 lli
738 4526 877 4580 dicti
908 4528 1144 4581 fuerunt
1166 4525 1569 4582 occidentales.
1598 4525 1895 4584 Heracli’us
1916 4525 2014 4585 eos

371 4612 474 4652 suo
508 4604 762 4667 tempore
794 4599 852 4651 in
900 4605 1155 4652 montem
1204 4596 1488 4652 Libanum
1540 4604 1596 4654 et
1646 4582 2012 4655 Palaestinam
2046 4582 2092 4647 D

371 4668 658 4733 mittebat,
686 4667 1095 4740 utSaracenos
1122 4667 1201 4723 ibi
1230 4677 1499 4723 vexarent
1530 4675 1585 4724 et
1608 4671 2012 4740 reprimerent.

370 4740 528 4803 Quod
579 4739 807 4811 egregie
862 4740 1140 4811 fecerunt,
1195 4739 1684 4811 totumitractum’
1744 4760 1776 4797 a
1838 4742 2015 4809 Nigro

373 4815 590 4879 monte,
628 4809 741 4865 hoc
762 4813 848 4882 est
880 4810 951 4864 ab
983 4809 1291 4866 Antiochia
1314 4810 1449 4865 inde
1468 4816 1524 4866 et
1546 4813 1765 4869 ﬁnibus
1783 4813 2016 4882 Ciliciae,

374 4883 659 4955 usquead
695 4880 893 4955 urbem
919 4890 1177 4955 sanctam
1224 4883 1674 4955 excursionibus
1706 4890 1762 4939 et
1795 4880 2018 4955 depraeé-

367 4951 704 5009 dationibus
736 4951 1099 5007 infestantes.
1137 4953 1178 5007 E
1221 4953 1435 5008 vicinia
1456 4951 1881 5012 Saracenorum
1928 4958 2017 5012 vi-

372 5027 586 5083 dentur
617 5039 826 5081 nomen
852 5023 1262 5094 accepisse.Cl.
1282 5028 1683 5082 Assemannus
1696 5037 1846 5083 certe
1866 5027 2013 5083 Bibl.

372 5098 467 5154 Or.
500 5102 542 5152 t.
576 5101 619 5152 Ι.
667 5114 720 5164 p.
781 5096 906 5160 502,
967 5094 1022 5167 id
1083 5095 1309 5167 derivat
1362 5112 1394 5149 a
1453 5098 1711 5165 Marada,
1773 5100 2012 5167 rebellis,

372 5171 552 5296 (eram,
586 5168 890 5223 indomitus
920 5166 1048 5235 [uia
1083 5164 1208 5219 Non
1241 5166 1644 5236 improbabilia
1676 5186 1744 5225 ea
1791 5164 2015 5242 etymoé

397 5241 529 5296 ogia
558 5248 666 5295 est.
700 5238 888 5294 Possit
908 5252 1134 5296 quoque
1165 5236 1252 5290 vel
1287 5253 1317 5290 a
1349 5237 1538 5296 redda.
1568 5239 1655 5293 vel
1688 5258 1721 5294 a
1752 5242 1877 5296 rad.
1911 5244 2015 5295 de-

397 5241 529 5311 ogia
558 5248 666 5295 est.
700 5238 888 5294 Possit
908 5252 1134 5311 quoque
1165 5236 1252 5311 vel
1287 5253 1317 5290 a
1349 5237 1538 5311 redda,
1568 5239 1655 5293 vel
1688 5258 1721 5294 a
1752 5236 1877 5309 rad',
1911 5244 2016 5295 de-

374 5307 568 5367 rivari.
621 5311 853 5365 Scilicet
907 5326 938 5362 a
1010 5307 1187 5380 priori
1255 5311 1344 5362 est
1382 5310 1496 5380 _in_
1533 5307 1871 5380 participio
1914 5328 2011 5368 vm

374 5382 805 5451 conjugationis
885 5378 1133 5435 Murtadd
1184 5382 1273 5451 et
1336 5378 1393 5451 al
1477 5378 1797 5435 Murtaddah
1880 5392 2013 5438 sunt

372 5450 667 5523 apostdtae,
717 5453 944 5521 relapsi,
996 5450 1263 5523 harelici.
1332 5450 1492 5523 Forte
1548 5461 1685 5505 sunt
1740 5452 1795 5507 hi
1855 5454 2009 5508 Mar-

372 5521 537 5583 daitw
568 5522 908 5595 iidemicnm
947 5521 1315 5595 Paulicianis,
1352 5521 1653 5595 haereticis,
1687 5523 1784 5595 qui
1809 5540 1876 5580 ex
1905 5528 2012 5580 Ar-

376 5598 572 5654 menia
594 5604 645 5650 et
673 5594 807 5649 Asia
837 5594 894 5648 in
927 5593 1236 5650 Thraciam
1287 5610 1319 5665 a
1361 5593 1723 5665 Copronymo
1762 5598 2010 5654 traducti

373 5675 429 5727 et
460 5670 613 5726 circa
644 5664 1077 5738 Philippopolin
1109 5664 1355 5738 depositi
1381 5664 1659 5738 fuerunt.
1693 5666 1757 5738 Si
1798 5683 1927 5724 vero
1977 5686 2010 5725 a

371 5742 475 5797 rad
532 5735 1198 5811 repetasfsignificabit
1251 5737 1308 5811 al
1374 5735 1668 5792 Murtadah
1744 5736 2008 5811 homines

374 5811 470 5884 qui
500 5812 570 5868 ad
597 5807 980 5883 quaerendum
1010 5807 1091 5878 id,
1123 5807 1277 5879 quod
1308 5812 1589 5880 appetunt
1616 5812 1673 5866 et
1701 5824 1815 5878 quo
1853 5808 2005 5865 indi-

2128 4251 2289 4316 gent,
2322 4252 2537 4302 exeunt
2568 4252 2624 4301 et
2653 4246 2948 4302 oberrant.
2982 4246 3159 4302 Erant
3189 4247 3347 4301 enim
3381 4245 3437 4300 hi
3469 4245 3772 4301 Μαι-δεῖξε

2128 4320 2317 4389 magis
2346 4318 2557 4373 subitis
2583 4317 2642 4371 in
2667 4334 2837 4388 agros
2859 4318 3098 4372 hostiles
3123 4317 3569 4384 incursionibus,
3604 4333 3775 4385 agen-

2126 4389 2216 4443 dis
2241 4390 2470 4458 praadis,
2504 4389 2770 4445 locandis
2793 4389 3047 4451 insidiis,
3079 4405 3257 4460 quam
3283 4405 3489 4460 pugnae
3521 4390 3772 4460 stataria

2129 4460 2569 4527 utiles,husaris
2598 4461 2814 4516 nostris
2846 4459 3185 4516 similesJIn
3217 4459 3388 4515 omni
3405 4466 3555 4515 certe
3584 4459 3773 4514 histo-

2125 4532 2235 4594 ria,
2288 4540 2349 4585 ut
2402 4532 2502 4586 feri
2548 4532 2813 4587 crudeles
2866 4532 3134 4587 homines
3178 4531 3605 4587 describuntur.
3662 4532 3767 4586 Ce-

2124 4602 2340 4657 drenus
2364 4618 2419 4673 p.
2453 4604 2549 4657 451
2582 4604 2783 4673 laudat
2804 4618 3006 4658 eorum
3032 4604 3422 4673 dexteritatem
3445 4619 3513 4657 ex
3534 4604 3768 4657 insidiis

2167 4678 2319 4729 ostes
2343 4669 2627 4747 obruegndi
2664 4690 2677 4731 :
2729 4669 2886 4742 δίκην
2918 4670 3249 4747 Μ-αρδαξςτῶν
3298 4672 3659 4747 κρυπτόμενοι
3712 4675 3764 4726 oi

2144 4743 2920 4822 Ρωμαίίοιέξαίφνης-τοὺτοις
2963 4743 3395 4822 ἐπιρῥίσττοντέςη
3428 4746 3608 4822 Erlad_
3652 4762 3761 4800 no—

2127 4816 2578 4889 tatpabulatum
2610 4818 2698 4873 vel
2740 4824 3018 4889 aquatum
3060 4816 3245 4889 exire,
3296 4818 3383 4872 vel
3432 4817 3758 4888 quasitum,

2127 4886 2226 4941 ubi
2261 4904 2431 4959 aqua,
2466 4890 2564 4944 ubi
2595 4886 2895 4960 pabultim,
2940 4888 3037 4944 ubi
3087 4888 3145 4942 in
3198 4886 3537 4944 universum
3588 4890 3759 4943 victui

2127 4960 2459 5014 necessaria
2477 4961 2615 5027 sint,
2640 4976 2841 5029 eoque,
2862 4960 3058 5017 saltim
3082 4961 3536 5029 quodammodo,
3559 4974 3756 5029 conve-

2126 5030 2367 5087 niebant
2399 5047 2533 5086 cum
2567 5026 3023 5101 praecursoribus
3056 5026 3359 5097 eiercitus,
3388 5035 3505 5092 τοῖς
3534 5026 3757 5102 προδρό-

2129 5120 2276 5174 μοις,
2312 5106 2375 5156 ut
2407 5102 2615 5159 Noster
2648 5102 2904 5174 appellat
2952 5104 3009 5155 in
3044 5103 3297 5157 Tactico.
3334 5102 3642 5174 Μουρτάτοι
3670 5118 3757 5172 ap-

2167 5172 2422 5227 ellantur
2450 5191 2483 5228 a
2514 5172 2737 5230 Codino
2766 5173 2930 5228 Ofﬁc.
2963 5174 3039 5239 Il,
3074 5191 3131 5227 n.
3173 5175 3262 5228 65.
3298 5180 3355 5228 et
3383 5172 3542 5229 V.'n.
3574 5173 3677 5238 87;
3705 5189 3753 5225 v.

2178 5260 2208 5296 u
2245 5244 2438 5317 Cange
2463 5262 2519 5300 v.
2553 5240 2889 5317 Μυρταῒτης,
2922 5244 3020 5298 ubi
3063 5247 3150 5298 vir
3188 5246 3568 5317 doctissimus
3616 5245 3755 5317 etde

2124 5313 2214 5369 his
2248 5314 2455 5387 litteris
2479 5313 2695 5387 optime
2720 5319 2960 5371 meritus
2986 5315 3264 5370 nonnulla
3286 5316 3479 5380 habet,
3504 5332 3632 5387 quae
3652 5314 3755 5384 ipsi

2123 5389 2186 5439 ut
2216 5386 2581 5441 orientalium
2617 5388 2938 5443 litterarum
2968 5387 3121 5441 haud
3151 5389 3331 5455 perito
3357 5386 3533 5441 facile
3554 5391 3754 5442 condo-

2122 5472 2225 5531 nes
2261 5472 2274 5522 ;
2308 5464 2369 5511 ut
2399 5464 2487 5513 est
2509 5459 2649 5513 illud
2676 5460 2746 5513 de
2765 5457 3088 5531 μυρσαῒτης,
3112 5458 3405 5531 quodnon
3436 5459 3750 5529 dignitatis,

2122 5527 2227 5600 sed
2251 5531 2545 5600 proprium
2563 5527 2819 5585 hominis
2839 5527 3046 5584 nomen
3064 5536 3171 5584 est.
3190 5530 3395 5585 Adhuc
3418 5527 3751 5596 notandum,

2121 5614 2151 5653 e
2182 5597 2375 5674 Nostri
2410 5618 2464 5673 p.
2511 5602 2616 5656 382
2664 5617 2964 5674 apparare,
2999 5600 3385 5674 occidentales
3426 5602 3750 5674 Mardaitas,

2122 5674 2186 5745 u_t
2225 5672 2283 5727 in
2317 5672 2631 5743 provinciis
2663 5672 2971 5745 maritimis
3001 5673 3321 5745 depositos,
3345 5678 3553 5731 nautas
3580 5672 3747 5745 potis-

2120 5741 2339 5799 simum
2372 5747 2428 5800 et
2459 5745 2709 5816 remiges
2736 5749 2792 5800 et
2823 5743 3040 5815 piratas
3072 5741 3270 5799 fuisse.
