4008 6210
217 358 416 419 1217
1023 398 1036 410 .
1114 353 1214 412 DE
1257 354 1708 416 CERIMONIIS
1751 357 1927 418 AUL.

2026 358 2494 419 ΒΥΖΑΝΤῙΝᾸΞ
2538 359 2682 426 LIB.
2734 363 2812 421 Il.
3513 362 3671 425 1218

215 486 427 544 ὃόνων
462 487 598 562 ὑπὲρ
626 484 836 560 ἀνδρῶν
866 483 1069 560 χι..ίων
1117 481 1220 554 λζ’.
1263 486 1429 558 Ῥόγα
1455 487 1807 562 κεντηνάριον
1842 489 1910 556 α’,

2026 489 2183 546 mille
2215 490 2457 563 triginta
2486 495 2543 547 et
2574 496 2800 564 septem
2832 492 3007 560 viros,
3055 510 3194 566 roga
3225 498 3314 552 est
3353 499 3582 552 conten.
3618 497 3672 563 1,

215 577 441 652 λίτραι
504 577 616 650 μα’,
671 572 772 634 κδ’.
832 575 929 630 Διὰ
986 578 1082 628 τοῦ
1139 575 1372 647 θέματος
1425 579 1533 629 τῶν
1592 575 1912 650 Θρᾳκησίων

2028 579 2174 634 litraa
2204 579 2293 645 41,
2335 595 2500 634 num.
2531 581 2623 635 24.
2674 585 2783 635 Pro
2817 584 2903 637 ter
2942 581 3104 637 mille
3148 582 3288 638 viris
3337 599 3367 639 e
3417 583 3674 641 themate

221 668 392 742 ὓπὶρ
427 665 632 742 ἀνδρῶν
667 687 710 741 ,γ
741 664 837 718 δινὰ
868 664 1227 737 νομισμάτων
1357 665 1491 740 ῥόγα
1524 665 1589 736 ρ’,
1623 664 1808 739 λίτραι
1841 669 1917 750 π’,

2027 667 2473 725 Thracesiorum
2519 673 2796 740 (quorum
2849 671 3255 743 unusquisque
3294 671 3431 728 bina
3481 675 3676 729 numi-

222 754 354 812 κδ’.
420 759 520 811 Διὰ
576 759 673 809 τοῦ
733 754 966 826 θέματος
1029 748 1352 813 Σεϐαστείας
1413 754 1545 827 ὑπὲρ
1604 751 1815 828 ἀνδρῶν
1873 748 1918 825 ,ά

2029 763 2217 812 smata
2248 759 2306 812 in
2339 759 2690 829 stipendium
2726 758 2986 831 accipit.)
3015 765 3107 815 est
3155 776 3296 832 roga
3344 767 3571 816 centen.
3624 764 3674 829 1,

229 846 393 923 ρόγα
439 849 486 920 ρ’
533 848 601 915 α“,
651 842 834 918 λίτραι
887 844 976 919 ιγ’,
1025 840 1124 898 κδ’.
1176 844 1272 898 Διὰ
1319 848 1426 898 τῶν
1475 843 1776 918 ’Δρμενίων
1810 850 1918 900 τῶν

2026 845 2143 901 litr.
2173 847 2264 916 80,
2319 849 2595 902 numism.
2642 849 2730 902 24.
2776 849 2885 904 Pro
2936 849 3097 905 mille
3146 851 3286 906 viris
3338 866 3368 906 θ
3415 850 3677 907 themate

231 940 617 992 ΠΛατανιτῶν
675 934 809 1007 ὓπερ
865 929 1070 1007 ἀνδρῶν
1145 934 1194 1008 φ’
1270 931 1369 986 ἀνὰ
1443 934 1798 1006 νομισμάτων
1856 936 1914 1001 ς“,

229 1024 392 1100 ῥόγα
446 1022 812 1096 κεντηνάριον,
866 1022 1046 1094 λίτραι
1099 1028 1208 1094 μα“,
1253 1023 1366 1094 μή.
1414 1021 1512 1076 Διᾶ
1558 1027 1664 1076 τῶν
1719 1028 1915 1096 Ἀρμε-

231 1113 390 1167 νίων
451 1113 660 1187 Πρίνης
738 1111 870 1185 ὑπὲρ
927 1107 1132 1184 ἀνδρῶν
1205 1112 1249 1164 υ“
1305 1109 1392 1165 ἐνά
1449 1111 1802 1184 νομισμάτων
1857 1113 1914 1184 ε’,

237 1202 399 1278 ῥόγα
425 1201 771 1276 κεντηνάριον
831 1203 898 1266 ⁵ο,
958 1197 1138 1273 λίτραι
1195 1201 1294 1268 κζ’,
1354 1202 1448 1262 νς“.
1508 1201 1682 1273 Ὁμοῦ
1713 1195 1919 1256 καϐχλ-

240 1289 451 1366 λάριοι
509 1290 664 1366 ’βλζζ
715 1291 882 1362 Ῥὸγα
935 1292 1256 1359 κεντηνάρια
1316 1289 1384 1365 β’,
1439 1287 1624 1364 λίτραι
1673 1288 1771 1360 νό’,
1804 1288 1912 1360 λη’.

327 1380 433 1434 Καὶ
466 1380 517 1434 οἱ
548 1379 683 1434 κατὰ
730 1379 1046 1451 προσθήκην
1097 1375 1287 1451 ἄνδρες
1325 1377 1633 1456 τρισγίλιοι
1672 1377 1914 1434 ἰννεακόο

241 1491 368 1524 σιοι
405 1468 540 1545 ῥόγα
590 1470 653 1542 ρ’,
703 1470 770 1535 α’,
833 1465 1015 1541 λίτραι
1073 1469 1174 1541 νβ’,
1230 1468 1322 1528 vc‘.
1385 1469 1481 1523 Καὶ
1527 1469 1670 1542 ὁμοῦ
1703 1467 1791 1524 διὰ
1817 1474 1914 1524 τοῦ

235 1554 670 1632 καϐαλλαρικοῦ
729 1555 865 1632 ρόγα
919 1557 1245 1632 κεντηνάρια
1301 1553 1366 1625 8⁸,
1427 1556 1613 1632 λίτραι
1675 1559 1742 1630 ζ’,
1803 1559 1911 1632 κβ“.

2026 936 2298 992 Sebastia:
2331 943 2416 990 est
2463 952 2602 1007 roga
2633 941 2784 992 cent.
2833 940 2882 1002 1,
2932 937 3073 993 liti-ae
3108 939 3197 1007 13,
3232 956 3396 995 num.
3441 941 3533 998 24.
3567 940 3675 998 Pru

2025 1024 2360 1095 quingentis
2394 1024 2534 1080 viris
2582 1040 2648 1079 ex
2679 1024 2947 1080 Armenia
2994 1027 3484 1095 Plataniensibus,
3520 1030 3677 1084 senis

2025 1111 2286 1167 nummis
2318 1113 2377 1168 in
2411 1112 2677 1183 singulos
2708 1112 3038 1184 imputatis,
3070 1119 3159 1170 est
3191 1132 3327 1187 roga
3357 1125 3584 1173 ceuten.
3621 1118 3673 1184 1,

2027 1200 2148 1256 litr.
2181 1202 2270 1266 41,
2307 1202 2568 1258 ιιυω.48.
2605 1201 2708 1257 Pro
2739 1202 3180 1274 quadringentis
3212 1204 3360 1276 vigis
3390 1219 3458 1260 ex
3491 1208 3681 1262 Arme-

2026 1291 2117 1346 nis
2151 1292 2377 1358 Prines,
2409 1292 2604 1362 quinis
2635 1292 2896 1348 nummis
2942 1293 3002 1348 in
3034 1293 3300 1366 singulos
3349 1296 3681 1380 imputatis,

2024 1385 2115 1436 est
2146 1397 2287 1452 roga
2317 1385 2472 1436 cent.
2508 1384 2558 1448 1,
2592 1379 2708 1436 litr.
2739 1382 2834 1447 2‘7,
2867 1397 3027 1438 num.
3058 1383 3151 1438 56.
3193 1383 3339 1439 Tota
3369 1399 3506 1457 ergo
3540 1379 3682 1457 roga

2030 1468 2480 1525 caballariorum
2530 1485 2630 1525 seu
2681 1471 2944 1541 equitum
2995 1470 3085 1527 bis
3134 1471 3296 1529 mille
3339 1473 3580 1546 triginta
3626 1479 3683 1529 et

2030 1563 2255 1632 septem
2284 1563 2427 1615 sunt
2458 1561 2790 1616 centenaria
2820 1562 2875 1630 2,
2909 1559 3026 1616 litr.
3058 1562 3148 1628 54,
3184 1577 3344 1618 num.
3377 1563 3468 1618 38.
3500 1565 3680 1619 Acce-

215 1643 421 1707 ‘dunt
470 1650 765 1706 mantissaa
807 1648 932 1706 loco
975 1653 1064 1704 ter
1113 1647 1272 1705 mille
1323 1651 1602 1720 nongenti
1651 1649 1779 1719 viri,
1831 1665 2080 1722 quorum
2129 1665 2266 1721 roga
2308 1654 2398 1706 est
2447 1657 2595 1706 cent.
2631 1651 2684 1717 1,
2734 1648 2850 1705 Iitr.
2899 1650 2992 1707 52.
3045 1649 3144 1706 Est
3186 1667 3322 1724 ergo
3382 1669 3518 1725 roga
3577 1669 3680 1726 pro

239 1743 384 1796 tota
415 1739 733 1796 cabatlaria
763 1739 1094 1794 centenaria
1125 1744 1398 1810 quatuor,
1430 1738 1574 1794 litrzs
1604 1740 1662 1806 7,
1697 1755 1858 1795 num.
1889 1740 1988 1794 22.

731 1837 827 1890 Διὰ
866 1839 964 1889 τοῦ
1015 1832 1294 1909 προχρέου
1327 1836 1462 1907 (36).
1957 1845 2004 1911 Β

337 1925 440 1979 Διὰ
483 1928 588 1978 τῶν
640 1921 897 1996 πλοΐμων
949 1928 1058 1977 τῶν
1107 1930 1154 1995 γ’
1203 1921 1449 1997 θεμάτων
1502 1927 1610 1978 τῶν
1643 1925 1696 1994 ξε
1727 1919 1927 1998 Κιϐυῤ·

261 2013 522 2091 ῥαιωτῶν
571 2019 674 2082 τῆς
727 2014 918 2084 Σάμου
966 2011 1189 2067 καὶτοῦ
1236 2013 1464 2087 Αἰγαίου
1495 2012 1765 2089 πελάγους
1797 2015 1931 2088 ὑπὲρ

257 2102 482 2178 ἀνδρῶν
514 2125 563 2178 κγ
595 2104 695 2158 ἀνὰ
805 2101 983 2178 λίτραι
1015 2105 1126 2177 ny‘,
1175 2099 1276 2159 κδ’.
1328 2104 1425 2158 Διά
1453 2109 1563 2158 τῶν
1596 2100 1928 2179 Μαρδαϊτῶν

262 2201 374 2263 τῆς
437 2192 639 2248 δύσεως
704 2197 1074 2269 τουρμαρχῶν
1131 2195 1201 2268 γ’,
1260 2193 1361 2248 ἀνὰ
1418 2193 1514 2261 λς’,
1558 2191 1930 2270 δρουγγαρίων

268 2284 367 2356 μβ“
407 2282 508 2336 ἀνὰ
585 2283 675 2356 ιβ’,
743 2285 1004 2355 κομήτων
1077 2282 1168 2356 μβ“
1233 2282 1334 2336 ἀνὰ
1402 2283 1441 2343 ς’
1506 2286 1850 2358 στρατιωτῶν
1891 2302 1930 2356 γε

265 2371 375 2426 ἀνά
435 2369 500 2439 δ’,
557 2371 817 2447 γινόμενα
891 2369 1171 2448 ἀμφότερα
1239 2370 1559 2445 χεντηνάρια
1617 2373 1684 2446 β’,
1744 2370 1927 2447 λίτραι

267 2459 373 2538 ιιθκ,
431 2462 522 2522 νς“.
583 2461 680 2514 Διὰ
735 2464 840 2514 τῶι
899 2459 1199 2534 Ἀρμενίων
1277 2462 1526 2532 θεμάτων
1606 2455 1928 2520 Σεϐαστείας

266 2553 640 2626 τουρμαρχῶν
703 2551 739 2604 ε’
797 2550 894 2604 ἂνὰ
947 2549 1037 2623 ιβ’,
1099 2545 1474 2626 δρουγγαρίων
1536 2551 1567 2603 ι’
1627 2551 1725 2604 ἂνὰ
1758 2551 1930 2619 ς’,κο-

276 2639 468 2708 μήτων
509 2645 559 2708 η“
613 2635 713 2693 ἂνᾶι
769 2646 826 2708 ε’,
885 2643 1232 2711 στρατιωτῶν
1285 2636 1639 2693 έννεακοσίων
1669 2639 1929 2708 ἑξήκοντα

263 2725 426 2780 πέντε
474 2726 572 2780 ἀνὰ
621 2724 684 2793 δ’,
733 2726 994 2801 γινόμενα
1045 2725 1312 2803 ἀγφότερα
1372 2725 1553 2799 λίτραι
1603 2729 1670 2781 vs‘
1719 2728 1781 2796 ζ’.
1833 2727 1930 2781 Διά

270 2820 380 2868 τῶν
435 2815 737 2888 Ἀρμενίων
811 2814 1014 2888 [lpian
1064 2813 1248 2888 ἄνδρες
1299 2817 1348 2893 φ’
1397 2817 1498 2870 ἀνὰ
1551 2817 1616 2890 β“,
1674 2815 1930 2890 γινόμενα

273 2900 457 2976 λίτραι
517 2909 604 2976 ιγ’,
659 2899 749 2972 ES‘.
803 2903 899 2956 Καὶ
957 2903 1100 2973 ὁμοῦ
1158 2899 1245 2956 διὰ
1299 2907 1396 2957 τοῦ
1445 2903 1756 2980 άμφοτέρου
1799 2923 1932 2977 προ-

285 2993 460 3065 χρέου
515 2997 592 3066 pp‘
651 2988 714 3060 δ’,
747 2989 930 3061 λίτραι
979 2991 1172 3065 νβ’,ξ“.
1208 2990 1428 3060 Ἰστέον,
1489 2992 1571 3046 δτι
1630 2989 1843 3064 ἐδέξατο
1901 2993 1927 3046 6

2035 2991 2352 3063 unicuique
2371 2991 2623 3047 duodeni
2644 2991 2812 3047 solidi
2840 2991 3193 3063 stipendium
3217 2998 3386 3062 sunt;
3419 2999 3477 3050 et
3498 2996 3674 3050 drun-

280 3079 577 3153 στρατηγὸς
632 3081 739 3133 τῶν
806 3072 1234 3153 Κιϐυῤῥαιωτῶν
1289 3080 1379 3134 καὶ
1431 3080 1458 3133 ὁ
1507 3081 1789 3135 κατεπάνω
1819 3085 1927 3135 τῶν

2035 3080 2214 3152 gariis
2242 3080 2464 3146 decem,
2499 3096 2748 3151 quorum
2799 3081 3015 3151 singuli
3063 3081 3424 3152 stipendium
3458 3083 3675 3140 habent

278 3165 606 3239 Μαρδαϊτῶν
657 3165 965 3236 Ἀτταλίας,
1013 3165 1106 3221 τίνοι
1150 3169 1178 3222 6
1231 3169 1325 3241 μὲν
1391 3171 1696 3246 στρατηγὸς
1748 3169 1927 3244 εὐτρε-

330 3255 342 3272 1
517 3253 538 3272 Ί
573 3257 583 3272 1
625 3252 649 3272 ᾗ
743 3253 798 3272 δι
879 3257 893 3272 9
951 3257 965 3272 ς
1043 3261 1069 3271 η-
1205 3257 1216 3272 I
1293 3261 1317 3272 ο
1434 3260 1461 3271 ο
1841 3262 1863 3272 ο

2041 3183 2208 3224 senos
2260 3169 2519 3236 solidos;
2553 3174 2610 3223 et
2641 3169 2954 3224 comitibus
2984 3173 3133 3236 octo,
3183 3169 3431 3242 singulis
3480 3172 3679 3242 quinis

280 3255 411 3330 πίσῃ
449 3252 709 3330 χελάνδια
740 3253 836 3309 δύο
869 3257 973 3310 ἀπὸ
1003 3261 1110 3310 τῶν
1160 3257 1360 3311 οὐσιῶν
1395 3260 1504 3310 τῶν
1535 3262 1927 3332 τουρμαρχῶν,

2043 3257 2246 3314 solidis
2305 3257 2517 3325 censis,
2575 3261 2632 3312 et
2690 3257 2974 3312 militibus
3029 3259 3314 3330 gregariis
3370 3260 3682 3331 nongentis

285 3345 312 3398 6
346 3341 401 3399 δέ
425 3344 703 3399 κατεπάνω
735 3348 839 3398 τῶν
874 3341 1200 3419 Μἰρδαϊτῶν
1229 3345 1517 3420 εὐτρεπίσῃ
1543 3345 1775 3422 γαλαίας
1797 3349 1927 3419 (37),

2045 3347 2348 3420 sexaginta
2378 3347 2627 3410 duobus,
2671 3347 2971 3418 quaternis
3022 3347 3282 3403 nummis
3311 3348 3374 3404 in
3423 3349 3686 3422 singulos

284 3432 371 3488 καὶ
435 3431 525 3487 διὰ
572 3431 815 3508 Μαρτίου
881 3435 1051 3505 μηνὸς
1115 3434 1479 3489 ἀποστείΛωσι
1525 3434 1661 3489 αὖτά
1711 3436 1786 3497 εἰς
1834 3443 1927 3490 Συ-

2046 3436 2392 3509 imputatis;
2425 3440 2515 3490 est
2562 3450 2702 3507 roga
2735 3437 2791 3490 in
2826 3436 3155 3491 universum
3189 3437 3273 3494 lit.
3304 3437 3397 3504 55,
3430 3454 3593 3494 num.
3626 3440 3682 3493 7.

282 3522 417 3596 ρίαν,
462 3524 551 3577 ἳνα
590 3524 713 3599 περὶ
763 3526 977 3578 πάντων
1031 3529 1138 3578 τῶν
1185 3523 1355 3579 ἐκεῖσε
1405 3523 1796 3598 μελετωμένων
1842 3524 1927 3579 καῖ

2045 3527 2118 3581 De
2146 3526 2424 3580 Armenia
2463 3525 2684 3580 Prines.
2717 3523 2973 3580 Veniunt
3020 3525 3154 3581 inde
3201 3525 3307 3581 viri
3358 3527 3687 3598 quingenti,

285 3611 667 3685 πραττομένων
727 3611 1007 3685 ένέγκωσιν
1056 3613 1340 3686 ἀπόκρισιν
1399 3615 1487 3668 καὶ
1545 3613 1747 3684 ἀληθὲς
1801 3636 1927 3686 μαν-

2043 3613 2260 3685 singuli
2295 3613 2525 3669 duobus
2547 3613 2750 3670 solidis
2773 3613 3203 3670 censi.Faciunt
3233 3612 3398 3671 litras
3427 3617 3685 3685 13,num.

288 3695 463 3756 δάτον,
499 3698 716 3767 ’ἰστέοη
751 3700 834 3754 ὅτι
893 3698 1108 3770 ἐδέξατο
1177 3702 1205 3756 ὁ
1262 3703 1750 3776 πρωτοσπαθάριος
1785 3703 1927 3757 Λέων

2040 3704 2129 3758 64.
2164 3703 2310 3759 Tota
2341 3719 2575 3758 summa
2604 3703 2873 3774 prochrei
2905 3709 3134 3759 centen.
3166 3703 3362 3769 4,1ίιι·.
3395 3708 3484 3774 52,
3519 3721 3685 3762 num.

1645 3817 1872 3873 VARUS
1913 3814 2325 3873 LECTIONES.

2569 1837 2722 1894 879
2755 1837 2826 1894 De
2861 1838 3140 1910 prochreo.

2104 1929 2213 1983 Pro
2245 1932 2334 1983 ter
2363 1927 2525 1983 mille
2546 1928 2684 1983 viris
2706 1927 3020 1985 classiariis
3041 1945 3072 1984 e
3099 1929 3293 1986 tribus
3316 1928 3433 1986 illis
3461 1931 3680 1988 thema-

2032 2016 2213 2084 tibus,
2245 2016 2773 2088 Cibyrrbmotarum
2823 2033 3053 2090 nempe,
3086 2019 3243 2075 Sami
3277 2023 3453 2092 atque
3503 2021 3680 2078 maris

2033 2105 2226 2176 Egaai,
2279 2105 2433 2160 binis
2485 2106 2548 2160 in
2600 2105 2864 2175 singulos
2915 2108 3173 2162 nummis
3222 2107 3550 2180 imputatis,
3597 2115 3686 2166 est

2036 2209 2206 2264 rogar
2235 2192 2352 2246 lilr.
2387 2191 2834 2258 83,num.24.De
2865 2193 3168 2250 Mardaitis
3201 2196 3681 2253 occidentalibus.
3719 2207 3724 2210 '

2039 2281 2146 2337 Pro
2177 2281 2533 2337 turmarchis
2581 2283 2770 2337 tribus
2799 2283 2933 2338 inde
2980 2282 3194 2354 petitis,
3231 2300 3582 2356 unoquoque
3613 2286 3686 2340 36

2040 2371 2302 2426 nummis
2325 2372 2610 2426 estimato
2635 2389 2649 2439 ;
2676 2371 3010 2443 drungariis
3033 2371 3379 2443 42,singulis
3396 2373 3682 2430 duodenis

2036 2459 3146 2527 numismatibusaestimatis;comitibus
3163 2461 3686 2529 12,5enisnummis

2034 2550 2093 2604 in
2113 2564 2404 2620 quemque
2419 2548 2746 2621 imputatis;
2769 2549 3057 2605 militibus
3070 2549 3355 2622 gregariis
3369 2551 3682 2622 quinquies

2036 2638 2216 2704 mille,
2250 2639 2548 2708 quaternis
2597 2637 2656 2692 in
2711 2637 2976 2710 singulos
3023 2640 3285 2694 nummis
3335 2638 3680 2711 imputatis;

2034 2727 2340 2783 conficitur
2388 2743 2527 2796 roga
2573 2734 2804 2783 centen.
2851 2727 2906 2796 2,
2948 2727 3063 2782 litr.
3116 2728 3208 2795 99,
3241 2743 3408 2783 num.
3457 2729 3547 2783 56.
3595 2730 3673 2784 De

2035 2815 2391 2871 thematibus
2421 2814 2747 2882 Armeniis;
2780 2820 2838 2871 et
2869 2815 3058 2885 primo
3087 2816 3160 2870 de
3209 2815 3463 2872 themate
3491 2816 3673 2873 Seba-

2033 2903 2179 2958 stie.
2213 2902 2320 2958 Pro
2353 2903 2702 2958 turmarcbis
2733 2905 2866 2958 inde
2903 2903 3095 2973 petitis
3135 2903 3675 2976 quinque,quorum

354 3909 401 3946 ⁵ο
431 3911 634 3968 ΣΧΟΛ.
675 3911 835 3967 Οὕτω
865 3911 1001 3966 κατᾶ
1038 3915 1379 3987 προσθήκην.

1343 4035 1541 4092 JOAN.
1579 4037 1720 4092 JAC.
1766 4034 2027 4091 REISKII
2068 4029 2662 4088 COMMENTARIUS.

362 4131 474 4200 (36)
505 4131 650 4206 Quid
687 4127 962 4206 πρόχρεον
992 4133 1092 4198 sit,
1125 4151 1239 4189 non
1271 4143 1505 4205 exputo,
1539 4151 1731 4206 neque
1778 4134 1942 4206 inve-
2052 4131 2186 4206 ρίαι,
2221 4147 2255 4186 a
2279 4129 2518 4206 σάττειν,
2549 4128 2971 4206 οηςνεὶνε.λ1ἰδί
3003 4137 3193 4184 tamen
3230 4129 3433 4206 melior
3460 4131 3694 4188 videtur

301 4203 412 4264 nio,
447 4205 544 4276 qui
577 4200 1016 4276 doceat.’Fuitne
1038 4207 1193 4276 quod
1226 4200 1605 4260 nos'dicimus
1633 4200 1936 4274 Handgeld,
2050 4200 2231 4259 altera
2279 4201 2462 4276 lectio
2497 4203 2753 4273 σατοῦραι
2805 4200 2888 4256 vel
2939 4209 3103 4276 certe
3136 4203 3454 4274 σκατοῖφιι,
3505 4219 3692 4276 eaque

301 4273 519 4343 Angela,
584 4275 893 4343 Vorschusr,
953 4273 1155 4332 avahce
1222 4277 1490 4344 d'argent,
1556 4273 1937 4332 nummorum
2049 4277 2265 4346 pariter
2293 4274 2540 4328 Arabica
2570 4289 2678 4327 vox
2725 4288 2876 4328 esse.
2908 4273 3208 4346 Signiﬁcat
3243 4288 3464 4346 nempe
3498 4273 3694 4330 rhclhr

306 4362 682 4416 summa,quae
717 4348 883 4402 militi
908 4347 964 4401 in
987 4349 1201 4402 bellum
1224 4350 1370 4403 ituro
1393 4349 1449 4403 in
1466 4365 1726 4404 mensem
1754 4365 1936 4404 unum
2048 4344 2340 4400 dimidiam
2372 4348 2449 4399 rei
2482 4346 2764 4414 cujusque
2791 4344 3172 4414 partem.Ergo
3200 4344 3391 4400 cluhor
3420 4361 3589 4400 naves
3612 4346 3696 4402 di-

308 4418 614 4472 alterumve
646 4423 780 4472 ante
831 4418 1090 4474 debitum
1127 4421 1440 4475 terminum
1492 4419 1841 4487 solvebatur,
1877 4424 1940 4474 ut
2048 4419 2227 4472 midiz
2257 4418 2397 4480 sint,
2431 4431 2555 4486 qua:
2584 4416 2653 4468 ad
2689 4416 3166 4487 cumbariasgseu
3217 4417 3470 4487 grandes
3517 4433 3694 4474 naves

305 4487 401 4543 sibi
452 4504 632 4552 arma,
668 4489 904 4563 victum‘
935 4496 991 4544 et
1039 4491 1154 4546 alia
1199 4493 1529 4547 necessaria
1581 4485 1936 4563 expeditioni
2047 4487 2303 4563 habeant
2333 4485 2618 4563 rationem
2645 4486 2972 4563 dimidiam.
3005 4485 3367 4563 Neque—haec
3396 4487 3521 4563 sola
3552 4493 3693 4544 sunt

310 4574 633 4630 comparare
667 4558 908 4630 posset?
1656 4557 1669 4563 ’
1973 4613 2010 4630 η
2044 4557 2345 4630 vocabula
2373 4560 2605 4612 nautica
2653 4559 2899 4612 Arabica
2931 4557 3129 4614 Graios
3177 4558 3407 4614 civitate
3454 4560 3692 4616 donata.

370 4613 477 4704 (37)
510 4613 745 4704 Estv'ox
776 4613 1020 4686 Arabica
1049 4634 1289 4702 Khdliat,
1323 4634 1394 4688 de
1425 4649 1541 4704 quo
1573 4635 1688 4689 dixi
1725 4633 1797 4689 ad
1826 4633 1935 4688 Ta-
1971 4613 2014 4678 ί)
2043 4633 2184 4704 sunt
2215 4641 2266 4686 et
2299 4629 2531 4704 alia,_ut
2557 4644 2692 4704 e._c.
2725 4632 2893 4704 Ταριτ
2926 4613 3691 4704 ιιιανίά,υειο.ττιονίεξᾷιιιιξί

309 4700 488 4778 rapha:
521 4700 850 4778 Μνυιιιιιιοειῐῃ
888 4705 1060 4778 p.748.
1097 4699 1478 4760 Commodum
1514 4705 1938 4778 hicexponen-
2046 4702 2206 4756 dicas
2241 4702 2584 4778 venatrirmt
2615 4699 3129 4778 Bataviappellant
3151 4716 3287 4757 suae
3304 4701 3694 4770 lagden.Unde

307 4772 584 4843 dusvenit
611 4771 771 4826 locus
797 4771 1232 4831 Continuatoris
1255 4771 1729 4832 Constantiniani
1754 4777 1938 4843 p.t22.
2047 4779 2241 4827 autem
2275 4779 2359 4826 tot.
2388 4771 2632 4826 Arabica
2663 4771 2944 4825 vocabula
2975 4773 3034 4826 in
3069 4774 3329 4827 Graecum
3360 4789 3690 4829 sermonem

310 4841 507 4915 script.
547 4851 668 4912 post
699 4843 1176 4915 'l‘bgophan.,ubi
1208 4849 1319 4902 tria
1343 4851 1576 4902 navium
1611 4841 1825 4914 genera
1849 4863 1944 4902 no-
2047 4861 2109 4898 se
2144 4849 2535 4915 penetrarunt,
2559 4857 2702 4915 cum
2735 4843 2922 4915 Graeci
2947 4843 3146 4915 multis
3175 4844 3404 4900 saeculis
3435 4856 3569 4900 ante
3598 4851 3700 4900 Sa-

312 4909 614 4991 minantur,
647 4909 979 4991 χουμὸεἱρια,
1004 4909 1195 4990 γαλέαι
1229 4925 1283 4972 et
1314 4921 1588 4991 σατοῦραι.
1612 4909 1737 4991 N_isi
1772 4919 1944 4973 malis
2048 4909 2289 4991 racenos
2322 4913 3208 4991 navigationemexcoluerint,et
3244 4917 3698 4991 medio_quoque

315 4985 617 5062 cmnngrias
649 5002 681 5040 a
710 4983 1172 5062 76po§_deriVare
1203 4983 1494 5062 (κο-ὄμϐος,
1527 4983 1828 5062 κόμϐοςβε
1848 5001 1942 5062 γο-
2046 5003 2182 5062 aevo,
2218 4986 2268 5062 si
2303 5001 2429 5062 non-
2460 4984 2621 5062 plus,
2647 4989 2799 5062 certe
2831 5001 2943 5040 non
2974 4986 3402 5062 minusquam
3425 4983 3693 5041 Saraceni

324 5073 407 5128 μος
441 5054 591 5109 idem
625 5054 750 5112 esse
778 5054 916 5113 alibi
948 5060 1086 5126 dixi,
1108 5065 1164 5115 et
1195 5054 1404 5115 valeret
1428 5070 1564 5115 tunc
1594 5054 1941 5116 vocabulum
2047 5055 2370 5121 Andalusii,
2404 5055 2546 5128 Afri,
2583 5056 2906 5128 Cretenses,
2951 5054 3254 5128 Egyptiif
3278 5057 3407 5128 Syri
3439 5072 3611 5112 naves
3639 5061 3696 5111 et

319 5127 458 5201 idem
479 5132 664 5201 atque
694 5130 967 5201 onerariae
992 5135 1203 5201 naves),
1238 5135 1420 5200 possit
1441 5133 1512 5187 ab
1541 5132 1808 5194 Arabico,
1842 5131 1946 5186 ϐα·
2047 5128 2241 5201 pretia
2268 5132 2443 5201 atque
2477 5126 2679 5181 itinera
2713 5127 3009 5201 maritima
3029 5126 3423 5194 exercuerim,
3447 5128 3694 5201 ideoque

2048 5198 2284 5253 navium
2319 5199 2440 5252 haec
2470 5213 2684 5268 genera
2713 5198 2934 5253 dudum
2966 5205 3100 5254 ante
3129 5205 3444 5268 Saracenos
3476 5199 3692 5253 habue-

2047 5267 2513 5339 rint,eorumque
2546 5284 2682 5324 cum
2716 5269 2862 5339 ipsis
2894 5271 3153 5325 numina.
3178 5269 3317 5332 Quis
3350 5267 3458 5324 hoc
3485 5269 3688 5325 dicat?

2045 5344 2189 5396 Mira
2219 5357 2310 5396 res
2340 5347 2429 5396 est
2461 5341 2796 5410 linguarum
2831 5341 3094 5395 mutatio.
3129 5339 3200 5395 Ut
3231 5355 3322 5395 res
3360 5356 3580 5408 omnes,
3613 5341 3695 5397 ita

2048 5412 2276 5468 dialecti
2308 5427 2537 5483 quoque
2569 5418 2723 5466 certo
2755 5412 3066 5483 stabilique
3109 5411 3235 5465 loco
3279 5427 3393 5467 non
3427 5418 3686 5479 manent,

2048 5485 2147 5540 sed
2184 5482 2563 5539 mutanturin
2587 5484 2802 5547 dies,ut
2823 5482 3398 5539 homines.Vicinitas
3428 5484 3690 5553 gentium

2049 5565 2100 5610 et
2132 5555 2494 5610 consuetudo
2526 5558 2582 5608 et
2612 5554 2871 5607 studium
2899 5553 3145 5608 novandi
3173 5554 3395 5610 homini
3425 5556 3693 5609 innatum

2051 5626 2304 5682 multum
2337 5625 2394 5681 in
2428 5640 2752 5683 sermonem
2783 5639 3019 5696 quoque
3047 5623 3690 5696 valent.Vid.ad-.p.380.

323 5197 732 5273 bar,_derivari,
766 5201 821 5254 id
855 5209 945 5273 est
973 5218 1136 5273 naves
1160 5197 1430 5273 'gr'andes,
1483 5204 1653 5272 primi
1695 5203 1941 5265 ordinis,

324 5267 575 5344 maximae
606 5269 820 5344 formae.
854 5269 1052 5326 Γαλέαι
1093 5267 1252 5341 sunt,
1289 5283 1346 5329 ut
1396 5267 1570 5344 patet,
1605 5281 1811 5330 nostra)
1840 5291 1943 5343 ga-

321 5339 445 5414 lercr
471 5345 529 5394 et
558 5341 834 5410 gnleoner.
871 5348 943 5398 De
969 5339 1499 5414 catoﬁpai'tandem
1545 5339 1658 5400 non
1691 5339 1941 5409 constat,

320 5411 459 5486 itane
490 5418 663 5477 recte,
692 5430 765 5486 an
801 5415 1014 5469 rectius
1044 5411 1334 5486 σοιδιτοῦραι
1357 5418 1664 5476 scribatur.
1698 5423 1761 5471 ut
1786 5417 1942 5486 apud

322 5482 659 5559 Scriptorem
692 5483 832 5559 Vitas
883 5486 1080 5540 Basilii
1127 5482 1544 5559 Macedonisp.
1582 5490 1682 5544 185
1726 5490 1770 5544 A
1803 5482 1947 5559 legi-

324 5553 484 5626 turﬁi
520 5555 809 5622 posterius
859 5560 1150 5626 praeferas,
1184 5558 1328 5612 nihil
1378 5553 1645 5626 diﬂ'erent
1693 5553 1946 5614 nominis

325 5624 554 5701 quidem
574 5623 1003 5701 signiﬁcatione
1031 5646 1064 5684 a
1092 5633 1210 5689 ταῖς
1235 5623 1594 5701 κουμὸαρίαις
1617 5645 1718 5686 seu
1749 5645 1946 5685 onera-

327 5695 430 5762 riiS,
461 5697 508 5750 si
543 5695 811 5752 ita'velis.
847 5699 991 5754 Nam
1041 5695 1553 5772 σακτοῦραίθδεὲηῐ
1603 5718 1700 5772 pro
1733 5718 1945 5754 σακτω-
