4008 6210
195 391 371 455 1229

1053 398 1152 459 DE
1195 401 1647 464 CERIMONIIS
1692 355 1926 464 AULIE
1970 405 2452 467 ΒΥΖΑΝΤΙΝᾹΞ
2491 409 2648 470 LIB.
2697 410 2776 471 Il.

3464 419 3619 480 1230

193 533 384 588 αὐτοῦ
415 533 585 607 ῥηγὸς
618 533 733 607 (71)
763 531 1146 611 σκαραμάγγια
1176 529 1421 610 δίκτρινα
1470 537 1532 600 ς’.
1568 536 1732 612 Λόγῳ
1760 541 1856 592 τοῦ

1989 539 2197 602 .huris;
2223 539 2402 612 alipta
2439 543 2564 598 500.
2597 545 2706 599 Pro
2737 544 2865 614 ejus
2895 551 3113 615 septem
3154 547 3463 607 comitibus
3491 554 3620 609 sin-

188 621 456 693 κόμητος
486 623 575 676 καὶ
610 621 917 698 μαρκησίου
949 625 1059 694 (72)
1088 628 1186 677 τοῦ
1211 625 1378 679 αὐτοῦ
1401 623 1570 700 ῥηγὸς
1599 630 1696 680 τοῦ
1715 625 1860 696 πλη-

191 713 489 781 σιάζοντος
518 711 581 765 τὸ
613 710 751 783 θὲμα
783 705 1160 788 Λαγοϐαρδὶας
1193 713 1580 789 σκαραμάγγια
1620 722 1675 783 ε“,
1723 713 1865 770 δικί-

187 821 385 876 τρινον
415 802 480 870 α’,
515 796 786 876 διρόδινον
822 803 889 872 α’,
923 796 1194 857 διϐένετον
1223 804 1286 869 α’,
1325 801 1587 876 δίασπρον
1619 806 1685 859 α“ο
1719 806 1861 877 ὁμοῦ

194 891 598 967 σκαραμάγγια
632 891 696 959 θ“,
729 889 1007 968 ἐσωφόρια
1039 891 1103 961 δ’,
1139 891 1414 970 ἑσωφόρια
1447 893 1764 964 λεπτὸζηλο.
1792 897 1860 969 γ’·

197 981 355 1054 ὁμοῦ
388 986 449 1051 ζ’.
482 982 654 1056 Ἔργα
682 979 890 1056 ἀργυρᾶ
922 978 1193 1060 διάχρυσα
1223 983 1291 1056 γ’.
1328 981 1389 1038 Εἴ
1422 980 1479 1037 δὲ
1505 983 1594 1036 καὶ
1635 983 1793 1045 αὐτὸς
1835 985 1862 1038 6

204 1069 314 1145 ῥήξ
349 1068 410 1124 οὐ
447 1067 840 1145 παραγένηται,
875 1070 1174 1145 ἀποστείλῃ
1209 1068 1266 1125 δὲ
1296 1069 1450 1143 λαὸν,
1499 1071 1589 1126 καὶ
1632 1092 1865 1127 καταπο-

205 1156 507 1232 λεμήσωσι
533 1158 622 1212 καὶ
653 1160 955 1232 ἀφανίσωσι
986 1159 1112 1222 τοὺς
1143 1160 1447 1223 ἀποστάτας
1481 1163 1568 1217 καὶ
1609 1160 1864 1236 παραδὼ·

208 1269 356 1302 σωσι
399 1248 466 1302 τά
514 1249 716 1323 κάστρα
762 1252 842 1320 τῷ
899 1253 1184 1325 στρατηγῷ
1241 1244 1638 1324 Λαγοϐαρδὶας.
1689 1250 1865 1306 ὡσαύ-

207 1357 329 1399 τως
363 1335 435 1392 δι³
462 1336 639 1392 αὐτῶν
664 1336 966 1412 ἀποστείηῃ
1000 1338 1066 1392 τὰ
1097 1337 1474 1415 προρῥηθὲντα
1509 1341 1681 1394 πάντα
1728 1342 1864 1416 πρὸς

210 1426 313 1481 τὸν
377 1426 536 1502 ῥῆγα.
587 1422 884 1497 Ἐδόθησαν
923 1430 1002 1498 τῷ
1044 1427 1518 1502 πρωτοσπαθαρίῳ
1567 1429 1866 1505 Ἐπιφανίῳ

214 1511 382 1588 λόγῳ
413 1511 598 1584 ἐξόδου
630 1516 742 1589 (73)
768 1518 866 1569 τοῦ
912 1513 1080 1571 αὐτοῦ
1127 1513 1393 1589 ταξειδίου
1441 1523 1540 1587 τῆς
1591 1513 1870 1594 Λαγοϐαρ-

213 1600 341 1665 δίας
397 1604 782 1678 σκαραμάγγια
831 1600 1101 1683 διαφόρων
1158 1609 1366 1680 χροιῶν
1419 1605 1510 1661 καὶ
1560 1606 1863 1680 ἐξεμπλίων

212 1695 283 1762 ς’,
356 1693 624 1769 ἐσωρόρια
680 1692 912 1749 ὀκτάλια
968 1692 1042 1765 λ’,
1104 1695 1338 1770 λωρωτὰ
1394 1698 1463 1764 κ’,
1512 1696 1748 1768 ἀληθινὰ
1799 1707 1864 1755 κ’.

211 1783 306 1854 Ἐξ
354 1783 532 1838 αὐτῶν
580 1780 865 1853 ἐξωδίασεν
923 1785 951 1838 6
1008 1785 1496 1858 πρωτοσπαθάριος
1555 1788 1865 1865 Ἐπιφάνιος

213 1872 605 1946 σκαραμέγγια
637 1873 706 1944 β’,
757 1871 1029 1950 ἐσωφόρια
1076 1872 1302 1928 ὀκτάλια
1352 1879 1432 1944 ιζ,
1484 1878 1720 1951 Λωρωτά
1770 1877 1862 1951 ιβ’,

211 1957 458 2029 ἀληθινὰ
487 1956 570 2017 ιδ’.
606 1960 756 2016 Μετὰ
790 1957 846 2014 δὲ
890 1961 952 2015 τὸ
1002 1958 1332 2037 ἀναδραμεῖν
1376 1962 1535 2018 αὐτὸν
1587 1964 1863 2037 εἰσεκόμι-

211 2069 306 2102 σεν
372 2048 441 2103 τὰ
504 2050 925 2122 περισσεύσαντα
991 2053 1370 2126 σκαραμάγγια
1459 2051 1527 2124 δ’,
1597 2052 1869 2132 ἐσωφόρια

211 2138 452 2194 ὀκτάλια
485 2139 572 2212 ιγ’,
604 2137 840 2213 λωρωτά
889 2146 960 2210 η“,
1019 2139 1253 2210 ἀληθινα
1296 2149 1358 2205 ς’.
1407 2143 1620 2210 Ἰστὲον,
1673 2143 1758 2199 ὅτι
1803 2145 1869 2198 τὰ

213 2229 486 2302 Θεματικὰ
540 2229 755 2300 πλόϊμα
810 2229 862 2284 ὲν
913 2234 982 2303 τῇ
1046 2233 1182 2287 κατά
1237 2233 1462 2307 Κρήτης
1522 2232 1693 2308 ἀφίξει
1752 2232 1871 2304 ἐρο-

215 2317 487 2392 γεύθησαν
520 2321 573 2388 (7
613 2323 630 2389 )
673 2315 864 2380 οὕτως’
918 2321 968 2372 οἱ
1017 2321 1366 2395 τουρμάρχαι
1415 2321 1514 2375 ἀνά
1563 2320 1630 2388 λ’,
1681 2323 1737 2376 οἱ
1777 2322 1871 2377 κό-

223 2426 398 2478 μητες
428 2408 528 2469 τῆς
571 2406 772 2479 κόρτης
820 2406 915 2461 ἀνὰ
965 2414 1030 2476 κ’,
1080 2409 1131 2462 οἱ
1179 2407 1574 2483 χαρτουλάριοι
1624 2415 1733 2464 τῶν
1783 2421 1871 2473 θε-

224 2494 414 2568 μάτων
460 2495 559 2549 ἀνά
605 2501 669 2562 κ’,
718 2497 768 2548 οἱ
818 2491 1132 2568 δομέστικοι
1187 2501 1294 2551 τῶν
1356 2497 1603 2569 Θεμάτων
1659 2499 1758 2552 ἀνά
1803 2505 1869 2567 κ’,

221 2585 274 2637 οἱ
317 2581 670 2658 δρουγγάριοι
699 2583 797 2638 ἀνὰ
845 2585 912 2654 κ“,
963 2587 1019 2638 οἱ
1068 2585 1308 2660 κόμητες
1348 2587 1444 2640 ἄνα
1488 2594 1551 2655 ς’,
1603 2588 1654 2641 οἱ
1708 2607 1871 2661 στραο

219 2679 416 2730 τιῶται
449 2673 543 2725 ἀνᾶ
575 2673 643 2748 γ’,
696 2673 750 2726 οἱ
801 2671 1100 2748 ναύκληροι
1159 2679 1266 2730 τῶν
1323 2675 1534 2753 γαλεῶν
1578 2676 1677 2732 ἀνά
1725 2674 1792 2746 δ’,
1845 2677 1873 2730 6

223 2763 356 2825 λαὸς
421 2769 530 2818 τῶν
590 2763 825 2839 γαλεῶν,
883 2763 1009 2834 ἤτοι
1089 2767 1141 2820 οἱ
1226 2764 1556 2840 Μαρδαῖται,
1645 2767 1744 2822 ἀνὰ
1802 2769 1870 2841 γ’.

225 2851 448 2918 Ίστὲον,
499 2852 604 2924 ὅτι,
646 2853 698 2907 οἱ
747 2857 844 2908 τοῦ
900 2853 1133 2926 θέματος
1193 2860 1290 2910 τοῦ
1347 2857 1711 2930 Χαρπεζικὲου
1762 2859 1871 2926 (75)

225 2941 574 3016 ὶρογεύθησεν
636 2940 830 3004 οὕτως.
880 2945 945 3000 Οἱ
999 2942 1231 3018 μεγάλοι
1285 2949 1658 3022 τουρμάρχαι,
1709 2948 1736 3001 6
1786 2966 1878 3019 με·

226 3031 489 3107 ριάρχης,
522 3031 550 3085 6
581 3032 760 3103 κόμης
795 3035 896 3095 τῆς
945 3034 1148 3106 κόρτης
1195 3033 1284 3089 καὶ
1332 3035 1359 3089 6
1411 3033 1730 3108 δομέστικος
1775 3041 1875 3090 τοῦ

228 3120 462 3193 θέματος
526 3120 620 3173 ἀνᾶ
686 3122 743 3188 ε’,
813 3121 864 3175 οἱ
935 3119 1281 3196 ἓλαττὸτεροι
1365 3124 1713 3200 τουρμάρχαι
1779 3125 1875 3180 ἀνὰ

224 3209 578 3280 ννμισμάτων
614 3206 675 3277 δ’,
710 3209 760 3262 οἱ
803 3208 1154 3285 δρουγγαριοι
1208 3212 1302 3266 ἀνά
1332 3214 1399 3289 γ’,
1450 3214 1502 3267 οἱ
1548 3218 1873 3288 στρατιῶται

1973 628 2121 700 gulis
2145 630 2452 702 esophoria
2476 633 2632 690 bina.
2667 635 2774 690 Pro
2805 651 2901 691 sex
2921 637 3047 707 ejus
3077 637 3621 710 episcopistotidem

1973 721 2379 790 scaramangia
2409 722 2639 779 citrina.
2670 725 3146 796 Proejuscomite
3177 733 3234 782 et
3266 731 3620 799 marcbione,

1974 808 2492 878 cujusjurisdictio
2525 827 2655 866 cum
2688 814 2988 884 provincia
3031 815 3447 888 Longobardizs
3479 837 3622 876 con-

1975 897 2270 963 terminat,
2309 902 2721 972 scaramangia
2766 903 2822 970 5,
2865 903 3136 959 citrinum
3202 907 3252 976 1,
3305 923 3533 965 roseum
3570 912 3620 976 1,

1976 988 2244 1040 venetum
2281 988 2330 1054 1,
2365 993 2420 1042 et
2451 988 2649 1044 album
2681 990 2702 1042 1
2733 1006 2747 1056 ;
2799 991 2858 1046 in
2894 993 3226 1050 universum
3287 1013 3620 1054 scaraman-

1975 1075 2067 1145 gia
2121 1074 2174 1128 9.
2228 1077 2368 1130 Item
2426 1077 2737 1150 esOphoria
2793 1081 3236 1154 [praestantiora]
3308 1086 3340 1140 4
3395 1091 3452 1142 et
3510 1087 3623 1143 tria

1976 1163 2198 1218 minuta
2230 1185 2244 1232 ;
2279 1165 3041 1242 simulesophoria7;opera
3070 1175 3624 1244 argenteainaurata

1973 1253 2027 1306 3.
2062 1252 2324 1309 Habebat
2355 1255 2714 1328 Epiphanius
2736 1258 2795 1314 in
2828 1260 3144 1328 mandatis,
3167 1266 3251 1328 ut,
3284 1263 3332 1318 si
3368 1280 3466 1320 rex
3498 1265 3623 1337 ipse

1977 1358 2091 1397 non
2150 1343 2449 1400 adveniret
2499 1346 2612 1402 sibi
2658 1347 3030 1418 Opitulatum,
3103 1351 3355 1409 mitteret
3423 1357 3623 1411 tamen

1977 1430 2190 1501 copias,
2225 1449 2352 1502 quae
2384 1434 2723 1506 subigerent
2761 1441 2818 1492 et
2875 1439 3329 1497 exterminarent
3357 1442 3621 1513 rebelles,

1977 1519 2322 1591 prmsidique
2344 1522 2748 1594 Longobardize
2776 1531 2961 1584 castra
2986 1528 3382 1596 restituerent,
3417 1533 3626 1590 nihilo-

1979 1604 2172 1661 minus
2231 1607 2350 1678 regi
2431 1609 2702 1678 praedicta
2733 1627 2976 1668 munera
3034 1615 3285 1672 mitteret
3341 1633 3446 1690 per
3501 1621 3625 1688 ejus

1977 1693 2266 1761 homines,
2303 1695 2458 1752 haud
2489 1713 2659 1754 secus
2681 1715 2746 1754 ac
2777 1699 2966 1771 siipse
2989 1703 3284 1760 adfuisset.
3317 1707 3624 1763 Addeban-

1979 1786 2077 1838 tur
2117 1786 2580 1858 protospathario
2624 1788 2949 1860 Epiphanio
2981 1807 3047 1846 eo
3079 1793 3214 1863 ﬁne,
3250 1799 3313 1849 ut
3361 1795 3622 1866 haberet,

1981 1871 2135 1928 unde
2174 1883 2444 1945 sumplus
2513 1875 2570 1930 in
2630 1875 2731 1932 illa
2782 1878 3212 1950 Longobardica
3261 1884 3626 1954 expeditione

1979 1960 2211 2029 faceret,
2241 1963 2650 2036 scaramangia
2671 1965 3026 2023 diversorum
3062 1969 3323 2026 colorum
3351 1978 3409 2028 et
3438 1989 3625 2029 exem-

1980 2048 2209 2121 plorum
2243 2067 2486 2108 numero
2518 2067 2638 2119 sex,
2673 2054 2981 2125 esophoria
3011 2056 3220 2112 octalia
3249 2075 3352 2115 seu
3393 2060 3624 2117 octoul-

1979 2139 2141 2194 naria
2170 2139 2259 2208 30,
2326 2138 2513 2195 lorota
2544 2159 2646 2197 seu
2668 2141 2806 2198 loris
2837 2143 3120 2216 insignita
3150 2148 3236 2203 vel
3304 2150 3625 2206 cancellata

1976 2228 2068 2296 20,
2127 2229 2301 2282 rubra
2345 2230 2437 2285 20.
2489 2231 2569 2285 De
2627 2230 2716 2286 his
2799 2234 3076 2303 expendit
3126 2240 3625 2324 protospatharips

1978 2316 2341 2388 Epiphanius
2390 2321 2794 2391 searamangia
2840 2325 2899 2388 2,
2958 2324 3270 2396 esophoria
3293 2327 3502 2383 octalia
3536 2316 3626 2396 1'7,

1980 2405 2162 2461 lorota
2194 2407 2277 2477 12,
2321 2409 2499 2463 rubra
2532 2410 2615 2464 14.
2645 2410 2888 2482 Reliqua
2932 2414 3269 2470 restituebat
3319 2415 3376 2471 in
3419 2417 3624 2474 urbem

1982 2509 2270 2565 reversus,
2329 2498 2726 2569 scaramangia
2777 2501 2832 2569 4,
2891 2501 3203 2572 esOphoria
3278 2505 3488 2562 octalia
3535 2509 3623 2575 13,

1981 2582 2164 2639 lorota
2195 2587 2248 2652 8,
2282 2585 2460 2640 rubra
2488 2588 2541 2641 6.
2600 2587 2899 2644 Classiarii
2959 2591 3344 2662 provinciales
3376 2595 3626 2666 accipie—

1983 2673 2128 2727 bant
2156 2674 2214 2729 in
2243 2673 2603 2746 expeditione
2633 2677 2900 2734 Cretense
2918 2695 3086 2752 rogas
3109 2681 3166 2736 in
3182 2682 3339 2737 hunc
3353 2684 3622 2740 modum:

1981 2762 2331 2819 turmarcbae
2363 2763 2593 2834 trigena
2622 2767 2984 2824 numismata
3015 2787 3028 2836 ;
3053 2769 3288 2826 comites
3317 2772 3493 2828 cortis
3523 2790 3624 2830 seu

1983 2856 2236 2928 praetorii
2263 2852 2466 2910 vicena
2499 2853 3205 2923 ;chartulariithematum
3233 2860 3372 2915 item
3397 2861 3624 2932 vicena;

1984 2943 2287 3001 domestici
2322 2944 2650 3000 thematum
2684 2943 2819 3001 item
2853 2963 2866 3013 ;
2901 2947 3199 3018 drungarii
3224 2951 3623 3018 tantumdem;

1985 3035 2224 3092 comites
2275 3048 2462 3099 sena;
2524 3034 2772 3105 gregarii
2842 3035 3058 3091 milites
3113 3041 3322 3106 terna;
3377 3040 3629 3096 naucleri

1985 3126 2284 3198 galearum
2308 3140 2411 3178 seu
2443 3123 2771 3178 triremium
2796 3129 3111 3194 quaterna;
3162 3129 3410 3198 populus
3431 3128 3630 3200 galea-

1987 3231 2114 3270 rum
2143 3229 2245 3270 seu
2269 3212 2435 3267 turba
2466 3215 2716 3281 nautica,
2765 3211 3059 3268 Mardaitae
3102 3220 3259 3286 puta,
3295 3220 3478 3272 terna.
3523 3217 3629 3281 Qui

228 3299 322 3353 ἀνὰ
459 3298 676 3370 Ἰστέον,
739 3299 820 3354 ὅτι
873 3302 925 3354 οἱ
975 3297 1376 3370 Σολαϐησιανοι
1429 3305 1479 3358 οἱ
1533 3306 1873 3368 καθισθὲντες

1989 3305 2056 3360 de
2087 3303 2342 3358 themate
2388 3299 2698 3372 Cbarpezic
2737 3305 2924 3367 erant,
2955 3300 3315 3372 accipiebant
3361 3320 3529 3375 rogas
3566 3305 3628 3362 in

226 3387 302 3449 εἰς
333 3389 394 3443 τὸ
445 3386 661 3461 ὁψίκιον
712 3387 1078 3464 ἐρογεύοησαν
1131 3391 1329 3453 οὕτως’
1387 3393 1442 3446 αἱ
1499 3398 1646 3466 τρεῖς
1693 3393 1866 3447 αὐτῶν

227 3476 456 3553 κεφαλαὶ
513 3475 608 3532 ἆνά
655 3483 712 3545 ε“,
763 3478 852 3532 καὶ
903 3479 953 3533 οἱ
1009 3476 1194 3535 λοιποῖ
1231 3480 1328 3535 ἀνά
1388 3489 1741 3555 νομισμάτων
1793 3484 1866 3557 γ’.

1980 3393 2135 3448 hunc
2169 3391 2432 3447 modum.
2468 3389 2660 3458 Magni
2693 3391 3063 3458 turmarcbie,
3113 3389 3250 3448 item
3278 3394 3626 3463 meriarcha,

1979 3496 2172 3539 comes
2194 3479 2372 3536 cortis
2430 3483 2486 3533 et
2543 3478 2901 3534 domesticus
2944 3478 3219 3537 thematis
3268 3482 3630 3555 accipiebant

1260 3579 1459 3635 JOAN.
1501 3580 1645 3637 JAC.
1689 3581 1952 3637 REISKII
1991 3574 2582 3635 COMMENTARIUS.

233 3676 351 3728 erat
381 3673 702 3746 Manasses,
749 3673 890 3729 olim
951 3675 1256 3746 episcopus
1314 3675 1687 3743 Arelatensis,
1741 3685 1879 3734 tunc

235 3752 424 3798 autem
459 3745 529 3796 ab
563 3746 736 3798 aliine
766 3761 896 3812 suo,
929 3762 1060 3816 rege
1081 3745 1342 3816 Hagone,
1365 3749 1420 3801 in
1458 3748 1676 3802 Italiam
1709 3765 1877 3804 voca-

237 3819 333 3870 tus
361 3825 416 3870 et
473 3817 806 3887 episcopatu
853 3823 1024 3886 atque
1083 3819 1338 3871 marcbia
1397 3819 1684 3887 Tridenti,
1742 3820 1880 3874 item

237 3888 569 3956 episcopatu
598 3885 1004 3942 Mantuauoet
1035 3887 1352 3943 Veronensi
1405 3885 1678 3955 donatus,
1729 3894 1881 3945 Mar-

239 3957 366 4014 chio
399 3957 690 4026 Eporedize
724 3963 846 4013 erat
898 3958 1301 4027 Berengarius,
1363 3960 1522 4015 ﬁlius
1561 3959 1877 4016 Adelberti.

238 4029 592 4099 Spoletinum
648 4029 913 4099 protinus
947 4030 1385 4086 nominabinus.
1436 4031 1544 4085 Sed
1587 4031 1881 4088 Albericus

241 4101 480 4172 Romam
517 4099 775 4155 consulis
825 4101 1060 4157 nomine
1112 4101 1370 4172 regebat,
1418 4101 1678 4157 Marociae
1725 4103 1882 4159 ﬁlius

242 4171 1033 4244 Hugonisiregisprivignus.
1068 4173 1130 4228 In
1185 4171 1468 4244 reliquos,
1514 4174 1565 4227 si
1596 4174 1762 4240 tanti,
1792 4173 1882 4229 in-

241 4245 472 4316 quirant
505 4243 756 4300 histories
779 4243 987 4300 Italicas
1036 4244 1213 4300 medii
1278 4243 1382 4300 aevi
1413 4245 1627 4302 curiosi
1674 4262 1880 4318 ruspa-

244 4321 412 4371 tores.

307 4388 416 4470 (7i)
447 4386 895 4470 Quinametiam
932 4387 1257 4470 hisint‘ser
1289 4387 1549 4470 episcopi
1581 4387 1746 4470 regis.
1768 4389 1882 4470 tiu:

245 4459 428 4531 genis,
454 4474 544 4531 me
579 4459 790 4513 melius
831 4461 1085 4515 dixerint
1142 4458 1512 4515 historiarum
1572 4460 1747 4515 medii
1780 4460 1883 4515 a-vi

244 4530 427 4602 periti.
463 4530 629 4585 Forte
652 4531 869 4602 fuerint
897 4531 956 4584 hi
988 4531 1347 4602 Risanusaut
1376 4531 1883 4602 Januensis,'t‘ici-

246 4603 457 4729 aeneis,
491 4601 962 4668 Mediolanensis,
986 4601 1362 4671 Veronensis,
1423 4601 1800 4674 Aquileianus
1831 4609 1886 4660 et

297 4688 560 4728 avennas.

297 4688 560 4728 avennas.

315 4743 753 4816 (72)7Marcbio,
821 4743 942 4815 regi
994 4745 1220 4815 Hugoni
1273 4759 1507 4816 parens,
1567 4748 1636 4802 ad
1695 4745 1897 4800 thema

251 4815 648 4883 Longobardiae
703 4816 1006 4885 proximus
1057 4820 1180 4871 erat
1262 4815 1413 4872 eirea
1469 4817 1572 4871 illa
1628 4821 1890 4886 tempora

252 4886 626 4958 Theobatdus,
671 4886 888 4956 Spoleti
945 4891 1001 4942 et
1044 4888 1329 4942 Camertis
1385 4887 1658 4953 Marcbio,
1710 4903 1891 4958 eoque

253 4957 432 5028 Α.934
457 4956 757 5020 defuncto.
816 4960 1164 5028 Ansgarius,
1198 4959 1356 5014 ﬁlius
1387 4958 1707 5024 Adelberti,
1740 4956 1892 5014 Mar-

252 5027 471 5085 cbionis
503 5029 822 5102 Eporediie.
885 5027 1208 5100 Spoletani,
1251 5031 1520 5102 quamvis
1558 5032 1734 5102 duces
1769 5030 1892 5101 ple-

255 5115 499 5170 rumque
555 5099 842 5166 audirent,
903 5099 1100 5157 revera
1158 5099 1352 5157 tam‘en
1406 5099 1782 5157 marchiones‘
1837 5106 1894 5157 et

255 5171 490 5244 comites
546 5175 731 5244 erant,
787 5177 862 5239 et,
921 5176 988 5227 ut
1053 5172 1132 5244 ait
1203 5171 1484 5240 Murator,
1537 5176 1575 5228 t.
1618 5177 1658 5238 t,
1693 5172 1890 5244 Antiq.

255 5243 376 5300 Ital.
415 5258 511 5314 _p.
614 5243 766 5306 270.,
843 5258 991 5299 nunc
1075 5242 1253 5310 ducis,
1340 5259 1487 5299 nunc
1534 5242 1890 5310 marcliiom'i,

254 5312 526 5370 interdum
582 5315 754 5370 etiam
796 5317 1011 5370 comitis
1068 5313 1228 5371 titulo
1321 5316 1584 5385 insigniti
1657 5332 1893 5371 cernun-

256 5393 359 5442 tur.

320 5457 434 5528 (73)
485 5459 632 5527 Ergo
684 5474 796 5512 non
837 5473 1129 5525 nummos,
1185 5457 1286 5512 sed
1329 5464 1516 5513 vestes
1563 5457 1675 5527 ipsi
1727 5458 1897 5512 adde-

260 5529 405 5595 bant,
433 5545 578 5599 quas
609 5529 883 5584 venderet
914 5529 1101 5600 (erant
1147 5534 1341 5584 autem
1387 5531 1559 5599 panni
1593 5530 1804 5583 Ci’taui
1836 5532 1896 5582 in

259 5600 484 5668 Europa
525 5601 868 5655 occidentali
909 5601 1026 5655 cari
1077 5604 1135 5655 et
1182 5601 1320 5671 rari)
1378 5611 1430 5655 et
1487 5600 1622 5655 inde
1663 5603 1895 5655 viveret.

265 5675 464 5726 Parum
490 5671 672 5744 digna
706 5671 827 5744 haec
851 5688 940 5728 res
999 5676 1165 5744 esset,
1184 5743 1187 5744 ν
1205 5671 1417 5744 legatis
1448 5677 1794 5744 nostrorum
1818 5687 1900 5744 re-

268 5758 415 5815 gum.
437 5745 501 5815 In
531 5741 813 5815 A'byssino
847 5748 900 5798 et
931 5741 1310 5799 orientalibus
1360 5743 1712 5815 quibusdam
1747 5741 1899 5815 regi:-

269 5812 373 5870 bus
425 5812 714 5872 minorum
763 5815 1023 5888 gentium
1067 5812 1549 5889 paupertinarum
1600 5812 1899 5884 αιτιοι-[εἰ

1987 3677 2157 3748 legali
2189 3691 2387 3748 eorum
2421 3672 2654 3748 Armeni
2684 3677 2784 3729 aut
2811 3673 2993 3730 Judaei
3026 3683 3369 3733 mercatores
3395 3683 3550 3748 sunt,
3573 3682 3631 3735 et

1987 3746 2115 3802 cu'm
2197 3746 2508 3816 mancipiis
2565 3750 2831 3800 castratis
2906 3755 3293 3802 mercaturam
3341 3746 3658 3806 exercent“

1987 3819 2148 3874 Conf.
2209 3816 2466 3870 Bernieri
2534 3818 2798 3871 Itinerar.
2871 3824 2926 3872 et
2982 3818 3183 3872 relatio
3233 3819 3503 3875 historica
3560 3823 3630 3876 de

1987 3887 2242 3956 Cboadja
2267 3888 2520 3951 Morado,
2565 3886 2719 3957 regis
2752 3887 3052 3956 EtbiOpiae
3085 3894 3375 3958 quondam
3411 3892 3481 3945 ad
3516 3893 3630 3946 Ba-

1989 3967 2150 4014 tavos
2181 3963 2391 4028 legato,
2432 3960 2563 4028 post
2600 3957 2879 4024 Opuseula
2939 3957 3205 4013 Ludovici
3265 3960 3341 4014 du
3376 3961 3527 4016 Four
3556 3964 3631 4018 de

1991 4031 2288 4101 Longerue
2312 4028 2515 4098 Lipsiae
2557 4044 2708 4082 anno
2733 4028 2870 4081 1750
2899 4029 3072 4101 edita.
3107 4031 3378 4085 Attamen
3410 4038 3534 4087 erat
3563 4049 3629 4088 eo

1989 4099 2247 4170 tempore
2269 4115 2422 4175 _mos
2455 4107 2804 4175 mercatores
2836 4115 2948 4175 pro
2975 4099 3182 4171 legatis
3211 4102 3503 4168 mittendi,
3530 4121 3632 4175 pro

1991 4169 2233 4228 istorum
2269 4171 2571 4243 hominum
2632 4169 2990 4243 parcimonia
3036 4169 3093 4226 et
3137 4180 3493 4243 paupertate.
3530 4169 3634 4230 'lta

1991 4246 2120 4301 Otto
2153 4243 2361 4312 I,imp.
2388 4242 2776 4312 Luitfredum,
2818 4242 3145 4298 institorem
3191 4242 3295 4299 seu
3345 4252 3635 4302 mercato-

1990 4333 2133 4382 rem,
2159 4311 2576 4388 πραγματεοτήν
2609 4312 3039 4388 Moguntinum,
3068 4315 3317 4388 legahat_
3353 4315 3522 4388 QPlin
3562 4317 3634 4372 ad

1991 4384 2440 4444 Constantinum
2480 4384 3146 4456 Porphyrogennetumf
3188 4402 3242 4441 v.
3295 4385 3631 4458 Luitprand.

1991 4459 2135 4515 Hist.
2169 4461 2265 4524 Vl,
2297 4461 2351 4512 2.

2065 4531 2178 4602 (74)
2208 4532 2275 4584 At
2297 4526 2593 4602 quotiesid
2626 4526 3050 4602 iteratpm_?Ad
3067 4531 3360 4602 quantum
3377 4530 3635 4600 spatium

1997 4597 2289 4673 imputata
2314 4597 2470 4673 ipsis
2502 4597 2608 4654 fuit
2639 4613 2776 4673 roga
2797 4597 2824 4652 7
2855 4597 3531 4673 Singulisnemensibus,
3564 4619 3638 4656 an

1997 4669 2436 4729 trifnestribus?
2466 4675 2586 4740 Ego
2611 4670 2929 4742 crederem,
2959 4669 3018 4725 in
3035 4669 3297 4742 singulos
3327 4669 3642 4728 annos'aut

2006 4754 2156 4800 certe
2187 4760 2290 4816 pro
2339 4748 2462 4816 tota
2495 4741 2872 4816 expeditione
2920 4744 3090 4812 (pour
3138 4741 3642 4816 ’uneucampagne

2000 4821 2127 4870 tout
2155 4813 2393 4883 entiere)
2428 4813 2609 4867 fuisse
2665 4819 2889 4866 tantum
2935 4817 3233 4883 erogatum
3271 4813 3390 4868 illis
3422 4813 3641 4871 militia:

2003 4887 2244 4943 diversis
2272 4884 2836 4954 ducibus,quantum
2853 4883 2947 4939 hic
2970 4890 3319 4941 recensetur.
3350 4886 3640 4941 Minutum

2001 4969 2151 5014 certe
2184 4973 2287 5028 pro
2337 4961 2533 5028 nostra
2562 4960 2747 5028 aetate.
2800 4954 2960 5028 Patet
3006 4972 3076 5011 ex
3120 4973 3178 5028 p.
3239 4957 3346 5011 386
3392 4958 3641 5028 singulis

2001 5026 2238 5101 quidem
2272 5026 2790 5101 mensibusdatam
2823 5027 3000 5082 fuisse
3049 5026 3272 5101 rogam,
3303 5028 3403 5083 sed
3435 5026 3642 5098 quovis

2002 5097 2203 5157 mense
2233 5097 2640 5155 tantummodo
2672 5102 2934 5168 quartam
2959 5097 3340 5169 partemejus
3370 5097 3641 5169 summa,

2003 5189 2132 5244 qum
2161 5171 2256 5227 hic
2286 5173 2503 5241 scripta
2529 5177 2634 5244 est,
2670 5167 2803 5224 cum
2841 5167 2975 5244 tota
3001 5167 3284 5240 expeditio
3340 5184 3459 5224 non
3489 5167 3645 5224 ultra

2003 5241 2756 5316 quatuormensesdurare
2788 5241 3248 5316 subsumeretur,

2075 5316 2189 5385 (75)
2219 5313 2438 5368 Thema
2467 5311 2769 5385 Charpezik
2819 5317 2950 5385 aut,
2979 5309 3376 5385 Chnrpeziki'on
3435 5308 3645 5366 nullibi

2005 5380 2246 5456 reperio.
2291 5385 2540 5452 Cogitavi
2572 5384 2890 5456 aliquando
2918 5384 2993 5456 de
3040 5380 3308 5456 Darbrsrk
3364 5383 3418 5456 in
3461 5385 3646 5456 conti-

2007 5453 2119 5512 niis
2151 5456 2362 5512 Cilicia:
2396 5462 2450 5510 et
2470 5453 2754 5521 Syringin
2784 5454 3041 5507 faucibus
3070 5466 3124 5506 et
3159 5453 3304 5521 pyiis
3337 5454 3470 5518 site,
3504 5453 3647 5507 cele-

2005 5529 2130 5584 bris
2162 5528 2415 5582 nominis
2463 5525 2760 5580 clisurain
2794 5524 3032 5577 historia
3093 5523 3358 5578 Arabica.
3401 5523 3648 5578 Rectene

2011 5600 2476 5668 conjectaverim,
2498 5597 2747 5652 viderint
2776 5595 2892 5649 alii.
2923 5594 3035 5650 Sed
3062 5593 3647 5668 scrupulummovet,

2011 5665 2166 5740 quod
2225 5667 2584 5741 Χαρπεζίκιον
2641 5674 2916 5741 _recurrat
2965 5681 3021 5736 p.
3055 5665 3293 5723 385._et
3347 5665 3652 5737 aliquoties

2013 5738 2321 5814 deinceps,
2337 5755 2517 5812 eaque
2541 5738 2826 5810 scriptura
2843 5743 3178 5796 constanter
3197 5745 3472 5795 servetur.
