4008 6210
259 379 289 435 1
309 373 440 436 233

1140 376 1235 435 DE
1279 374 1730 436 CERIMONIIS
1777 376 2011 436 AUL/E
2056 377 2531 437 BYZAN'l‘IN/E
2575 378 2718 437 LIB.
2767 378 2842 438 ll.

3530 381 3680 442 1234

276 507 515 569 πόλεως
571 509 622 561 οἱ
672 509 969 583 στρατηγοὶ
1009 511 1105 562 τοῦ
1164 507 1396 583 Αἰγαίου
1455 506 1727 582 πελάγους
1790 510 1918 579 μετὰ

2037 511 2350 566 dromones
2380 510 2470 578 20,
2505 527 2753 584 quorum
2786 527 2922 566 cum
2955 513 3168 583 singuli
3204 514 3372 570 binas
3403 515 3683 572 haberent

257 593 588 669 χελανδίων
643 597 957 674 παμφύλων
992 602 1034 666 ζ’
1063 595 1162 650 ἀνὰ
1209 594 1417 670 ἀνδρῶν
1461 603 1540 671 ρκ’
1575 597 1671 650 κπὶ
1721 597 1925 670 χελαν-

262 683 419 741 δίων
453 687 722 742 οὐσιακῶν
755 686 802 742 δ’
832 687 930 741 ἆνᾶ
980 685 1185 755 ἀνδρῶν
1229 688 1332 760 ρη’.
1369 685 1706 758 Κατελείοοη
1742 684 1798 742 δὲ
1837 689 1924 742 καὶ

261 775 376 848 μία
412 775 569 831 ούσία
599 776 674 838 εἷς
728 777 788 831 τὸ
835 778 1002 850 κόψαι
1042 778 1141 846 τὴν
1181 783 1283 845 τῆς
1334 773 1538 851 ὀγδόης
1601 775 1926 840 ἷνδικτίονος

257 863 449 934 ξυλήν
484 869 618 935 (80).
654 867 714 924 Ὀ
745 867 1049 941 στρατηγὸς
1080 872 1179 934 τῆς
1225 866 1412 938 Σάμου
1439 867 1572 938 μετᾶ
1620 864 1924 940 χελανδίων

262 954 592 1031 παμφύλων
655 962 694 1024 ς’
753 955 850 1010 ἀνὰ
897 952 1102 1031 ἀνδρῶν
1165 956 1236 1009 αν“
1265 955 1354 1010 καὶ
1403 953 1707 1030 χελανδίων
1739 957 1924 1011 οὐσιαο

313 1048 344 1059 ~
457 1045 469 1062 \
535 1043 548 1062 θ
600 1043 612 1060 ι
681 1043 695 1064 ν
743 1041 766 1060 κ
819 1049 839 1059 ν
1013 1045 1028 1068 φ
1089 1045 1101 1068 ι
1312 1045 1321 1060 σ
1547 1042 1587 1062 Μ
1759 1046 1772 1062 ι
1897 1051 1922 1061 η

261 1065 389 1098 κων
429 1051 456 1112 ς
524 1065 622 1098 ανα
670 1059 879 1118 ανορων
938 1065 1004 1118 ρη
1036 1089 1047 1101 .
1109 1043 1505 1114 Απεσταλησαν
1542 1061 1597 1099 οε
1650 1066 1782 1117 μετα
1829 1067 1926 1100 του

257 1133 769 1207 πρωτοσπαθαρίου
825 1134 1084 1190 Ἰωάννου
1123 1135 1212 1187 καὶ
1272 1134 1591 1207 ἆσηκρητης
1642 1133 1693 1188 ἐν
1733 1136 1926 1212 Ἀφρι-

258 1226 343 1295 κῇ
372 1224 486 1294 (81)
518 1220 784 1297 χελάνδιά
812 1223 861 1296 γ’
891 1222 978 1277 καὶ
1005 1219 1268 1296 δρόμονες
1301 1219 1347 1276 δ’
1378 1222 1477 1276 ἀνὰ
1506 1219 1713 1296 ἀνδρῶν
1744 1231 1838 1280 σκ’.
1867 1225 1927 1281 Ὀ

269 1311 588 1385 στρατηγὸς
649 1316 757 1366 τῶν
792 1307 1218 1386 Κιϐυρῥαιωτῶν
1246 1313 1397 1384 ’μετὰ
1445 1311 1541 1386 χε)
1556 1311 1748 1367 ανδίων
1778 1334 1930 1385 παμ-

263 1397 469 1477 φύλων
505 1401 548 1468 ς’
579 1399 678 1454 ἀνὰ
725 1397 938 1476 ἀνδρῶν
963 1401 1040 1474 ρν⁹
1087 1400 1178 1454 καὶ
1230 1397 1538 1473 χελανδίων
1573 1403 1848 1478 ούφιακῶν
1882 1403 1930 1471 ς’

268 1487 380 1543 ἂνᾶ
439 1485 644 1562 ἀνδρῶν
679 1491 766 1563 ρι’⁶
823 1487 1152 1568 κατελείφθη
1189 1487 1245 1543 δὲ
1296 1489 1385 1543 καὶ
1441 1489 1515 1551 εἷς
1558 1489 1783 1568 φύλαξιν
1824 1494 1926 1546 τοῦ

266 1578 517 1650 Θὲματος
576 1576 860 1657 πάμφυλοι
933 1579 999 1652 β’,
1055 1577 1280 1633 οὐσιακὰ
1347 1576 1408 1636 δ’.
1473 1577 1808 1657 Κατελείφθη
1869 1577 1926 1634 δὲ

266 1668 365 1723 καὶ
403 1670 480 1731 εἰς
523 1670 584 1725 τὸ
622 1671 786 1742 κόψαι
815 1671 917 1738 τήν
978 1670 1076 1736 τὴς
1134 1666 1338 1745 ὀγδόης
1399 1666 1715 1731 ἷνδικτίονος
1759 1669 1924 1740 ξυλὴν

268 1757 461 1812 οὐσίαι
502 1760 574 1832 β’.
636 1757 970 1836 Κατελείφθη
1021 1755 1078 1812 δὲ
1134 1759 1218 1812 καὶ
1285 1756 1362 1818 εἷς
1412 1758 1636 1837 φύλαξιν
1686 1761 1800 1832 (82)
1829 1763 1926 1814 τοῦ

2033 617 2170 656 suos
2202 601 2380 668 usias,
2414 601 2817 656 efﬁciebantur
2856 600 2996 656 USltB
3037 602 3122 656 40.
3165 603 3480 660 Russorum
3519 610 3683 661 erant

2033 689 2134 745 viri
2165 690 2292 754 584,
2327 689 2540 760 quibus
2576 691 2620 745 si
2655 697 3036 746 accensentur
3071 691 3140 745 42
3180 693 3341 763 pueri
3386 710 3488 748 seu
3532 694 3681 749 servi

2032 777 2092 832 in
2148 779 2355 833 castris
2413 779 2756 846 servientes,
2788 785 2958 836 erunt
3014 781 3188 836 Βυξεί
3243 781 3497 836 universi
3552 783 3679 836 629.

2031 866 2316 922 Tulmatzi
2353 868 2479 934 368,
2525 868 2730 938 captivi
2783 869 2914 924 700.
2977 868 3476 940 Relinquebantur
3521 869 3680 926 domi

2032 957 2106 1011 ad
2155 955 2479 1012 custodiam
2531 956 2692 1012 urbis
2745 957 2960 1028 [regiae]
3009 957 3247 1029 strategi
3291 957 3462 1029 ΔΑΖεωί
3510 957 3682 1014 maris

2033 1063 2167 1104 cum
2201 1044 2524 1101 cbelandiis
2552 1045 2883 1117 pampbylis
2910 1047 2966 1116 6,
2999 1062 3242 1117 quorum
3267 1046 3500 1118 singula
3533 1055 3682 1104 tene-

2037 1141 2172 1193 bant
2201 1137 2354 1192 viros
2397 1145 2670 1192 centenos
2712 1137 2964 1204 vicenos,
3005 1141 3062 1192 et
3099 1136 3428 1194 cbelandiis
3471 1139 3680 1195 usiacis

2033 1227 2333 1298 quaternis
2366 1225 2613 1296 singulis
2643 1225 2796 1282 viros
2827 1230 3104 1282 centenos
3134 1231 3370 1283 octonos
3411 1226 3682 1283 vehenti-

2034 1316 2160 1372 bus.
2195 1314 2319 1372 Una
2352 1331 2582 1387 quoque
2615 1315 2738 1370 usia
2769 1315 3212 1387 relinquebatur
3247 1317 3318 1372 ad
3347 1316 3680 1372 credendam

2031 1404 2287 1476 ligneam
2315 1405 2617 1460 materiam
2651 1406 2777 1475 [pro
2800 1405 3062 1460 aediﬁcii
3084 1405 3332 1477 publicis
3362 1405 3678 1478 erigendis]

2033 1509 2131 1564 per
2180 1494 2497 1549 instantem
2552 1501 2811 1549 octavam
2856 1493 3235 1551 indictionem
3286 1495 3411 1567 [seu
3460 1510 3680 1550 annum

2032 1584 2301 1654 proxime
2348 1584 2731 1654 secuturum].
2788 1583 2962 1639 Porro
3012 1583 3388 1640 mittebantur
3436 1583 3496 1639 in
3545 1584 3682 1640 Cre-

2030 1672 2172 1743 tam]
2209 1676 2496 1743 strategus
2515 1672 2670 1727 Sami
2695 1687 2826 1728 cum
2855 1671 3178 1728 cbelandiis
3200 1672 3536 1745 pampbylis
3557 1689 3678 1742 sex,

2033 1777 2281 1832 quorum
2317 1760 2775 1833 unumquodque
2818 1761 2967 1817 viros
2999 1767 3275 1818 centenos
3313 1762 3679 1834 quinquage-

267 1852 447 1917 κυροῦ
498 1851 769 1923 Στεφάνου
825 1853 922 1902 τοῦ
954 1844 1384 1924 γυναικαδέλφου
1427 1851 1522 1902 τοῦ
1572 1845 1844 1922 βασιλέως
1875 1848 1918 1904 ἐν

2035 1867 2142 1906 nos
2172 1850 2458 1917 trahebat,
2489 1855 2545 1906 et
2586 1849 2909 1906 cbelandiis
2950 1851 3165 1906 usiacis
3199 1851 3254 1919 6,
3286 1855 3341 1906 et
3381 1850 3438 1905 in
3477 1866 3680 1906 eorum

262 1933 452 2008 Ῥόδῳ
509 1935 666 1991 ούσία
713 1942 764 1990 α’
819 1938 912 1991 καὶ
973 1935 1253 2009 δρομόνων
1314 1934 1359 1991 δ’
1415 1937 1510 1991 ἀνᾶ
1565 1935 1770 2011 ἀνδρῶν
1822 1939 1923 1994 cx"

263 2023 472 2079 Γαλὲαι
501 2031 601 2094 τῆς
642 2024 929 2088 Ἀτταλίας
977 2027 1058 2092 ιε’,
1095 2025 1180 2096 Ἐξ
1240 2025 1417 2081 αὐτῶν
1478 2025 1807 2102 κατελείφθῆ
1850 2028 1926 2090 εἷς

262 2111 500 2191 φύλαξιν
544 2119 641 2169 τοῦ
689 2114 920 2187 θέματος
967 2115 1164 2189 γαλὲαι
1223 2116 1280 2176 ς’.
1337 2115 1534 2171 Γαλὲαι
1577 2117 1682 2185 τῆς
1713 2118 1923 2172 Ἀντιο-

261 2203 427 2276 χείας
459 2205 566 2271 (83)
739 2201 1172 2278 Κςτελείφθησαν
1221 2204 1312 2258 καὶ
1362 2205 1516 2259 αὗται
1561 2205 1638 2265 εἷς
1697 2203 1922 2284 φύλαξιν

249 2294 356 2344 τοῦ
389 2289 558 2344 αὐτοῦ
604 2292 860 2363 θέματος.
898 2291 1093 2347 Γαλέαι
1151 2299 1251 2361 τῆς
1305 2292 1618 2366 Καρπάθου.
1668 2292 1921 2348 Κατελείο

261 2390 478 2459 φθησαν
530 2377 605 2441 εἷς
655 2379 882 2458 φύλαξιν
934 2384 1034 2446 τῆς
1084 2383 1259 2451 νήσου
1303 2383 1598 2456 Καρπάθου
1645 2381 1814 2456 γαλέα
1854 2384 1918 2438 α’.

263 2467 404 2524 ’Δπὸ
441 2472 538 2522 τοῦ
583 2466 820 2541 θὲματος
865 2466 1287 2538 Πελοποννησον)
1339 2471 1366 2523 6
1425 2471 1790 2548 τουρμάρχης
1821 2478 1920 2540 τῆς

264 2557 550 2630 παραλίου
589 2558 724 2630 μετᾶ
772 2554 1074 2633 χελανδίων
1137 2555 1221 2614 δι’.
1254 2558 1389 2616 Ἀπὸ
1428 2562 1534 2613 τῶν
1596 2557 1918 2632 Μαρδαῖτῶν

261 2650 372 2702 τῶν
406 2653 504 2715 τῆς
555 2646 766 2702 Δύσεως
826 2648 1098 2720 θεμάτων,
1132 2643 1515 2716 Νικοπόλεως,
1578 2646 1922 2720 Πελοποννή-

268 2755 388 2804 σου,
413 2733 760 2813 Κεφαληνίας
793 2733 981 2810 ἄνδρες
1011 2759 1074 2810 ὶγ.

2038 1956 2393 2011 unoquoque
2451 1939 2588 1995 viris
2645 1939 2766 1994 108.
2829 1939 3215 1995 Mittebantur
3263 1955 3492 2010 quoque
3542 1955 3679 1995 cum

2033 2030 2257 2086 Joanne
2289 2028 2756 2100 protospathario
2786 2037 2838 2084 et
2870 2038 3124 2084 asecreta
3163 2029 3223 2084 in
3256 2029 3510 2085 Africam
3543 2029 3680 2084 cbe-

2034 2118 2231 2174 landia
2276 2119 2310 2173 3
2359 2123 2414 2173 et
2463 2119 2772 2174 dromones
2831 2118 2884 2182 4,
2938 2118 3214 2174 habentes
3263 2117 3477 2189 singuli
3526 2117 3680 2174 viros

2034 2209 2391 2264 ducentenos
2458 2208 2712 2262 vicenos.
2783 2207 3082 2278 Strategus
3146 2205 3678 2275 Cibyrrbaeotarum

2035 2297 2376 2352 mittebatur
2405 2312 2538 2351 cum
2570 2295 2894 2350 cbelandiis
2927 2294 3254 2366 pampbylis
3284 2311 3406 2360 sex,
3439 2293 3680 2350 trahen-

2033 2386 2190 2440 tibus
2248 2385 2496 2456 singulis
2547 2384 2700 2439 viros
2759 2388 3032 2440 centenos
3099 2383 3565 2455 quinquagenos,
3625 2387 3685 2440 et

2032 2474 2354 2529 cbelandiis
2382 2473 2598 2529 usiacis
2629 2474 2664 2527 6
2694 2489 2825 2528 cum
2867 2471 3008 2527 viris
3037 2489 3270 2544 quoque
3310 2473 3570 2528 centenis
3608 2473 3680 2528 de

2033 2564 2144 2619 nis.
2182 2563 2683 2634 Relinquebantur
2713 2563 2771 2617 in
2805 2561 3142 2634 presidium
3176 2561 3484 2632 provincias
3519 2577 3680 2632 parn-

2029 2651 2188 2722 phyli
2218 2652 2273 2720 2,
2305 2652 2504 2708 usiaca
2533 2650 2838 2708 chelandia
2869 2652 2900 2706 4
2925 2670 2939 2719 ς
2965 2652 3101 2706 item
3134 2649 3276 2706 usiae
3303 2653 3339 2704 2
3359 2651 3430 2706 ad
3462 2652 3682 2706 caeden-

2029 2741 2163 2796 dam
2227 2741 2532 2797 materiam
2587 2757 2689 2812 pro
2738 2744 2942 2796 octava
2990 2739 3329 2796 indictione.
3380 2738 3568 2795 Etiam
3617 2739 3679 2795 in

271 2827 461 2882 insula
520 2827 720 2884 Rhodo
779 2828 1207 2884 observandum
1277 2829 1588 2886 Dominum
1659 2830 2038 2901 Stephanum,
2107 2832 2343 2888 fratrem
2416 2830 2824 2902 imperatricis,
2881 2829 3320 2902 relinquebatur
3377 2831 3508 2887 usia
3563 2847 3682 2888 una

273 2921 332 2972 et
361 2917 665 2973 dromonia
697 2928 963 2989 quatuor,
1021 2919 1128 2972 220
1193 2921 1454 2990 quodque
1515 2920 1968 2976 classiariorum.
2029 2923 2104 2977 De
2152 2921 2484 2992 quindecim
2559 2921 2740 2992 galeis
2798 2921 3022 2977 Attaliaa
3075 2921 3556 2992 relinquebantur
3607 2921 3680 2977 ad

277 3006 598 3062 custodiam
645 3007 813 3062 istius
852 3006 1156 3076 provincias
1200 3008 1374 3079 galeze
1416 3023 1537 3063 sex.
1584 3007 1745 3063 Domi
1787 3025 2022 3080 quoque
2058 3012 2376 3066 manebant
2413 3011 2541 3066 duaa
2580 3011 2910 3067 Antiochiae
2951 3010 3130 3082 galeae
3176 3009 3430 3081 praesidii
3478 3026 3678 3067 causa.

273 3094 516 3151 Nautica
556 3111 787 3166 quoque
825 3096 912 3151 vis
952 3097 1158 3152 insulae
1207 3097 1481 3169 Carpathi
1524 3097 1681 3154 domi
1723 3099 2024 3155 restitabat
2061 3101 2332 3157 eumdem
2383 3101 2440 3155 in
2489 3102 2684 3157 tinem.
2733 3101 3104 3157 Cunsistebat
3151 3103 3278 3154 tum
3332 3116 3398 3156 ea
3451 3104 3576 3156 tota
3619 3099 3682 3155 in

272 3201 386 3240 una
443 3183 629 3256 galea.
688 3185 1048 3257 Expeditioni
1106 3187 1380 3243 intererat
1438 3203 1467 3242 e
1529 3187 1781 3244 themate
1840 3187 2222 3262 Peloponnesi
2277 3191 2615 3246 turmarcha
2671 3207 2784 3245 οτω
2841 3190 3146 3244 maritimae
3203 3205 3335 3244 cum
3375 3188 3672 3245 cbelandii

274 3278 538 3346 quatuor.
579 3274 990 3331 Mardaitarum
1031 3291 1061 3332 θ
1101 3277 1413 3348 provinciis
1453 3277 1931 3348 occidentalibus,
1973 3283 2037 3334 ut
2085 3279 2368 3352 Nicopoli,
2420 3279 2815 3351 Peloponneso
2865 3283 2922 3334 et
2962 3277 3312 3351 Cephalenia
3358 3278 3678 3335 excitorum

271 3362 512 3420 aderant
540 3363 649 3418 viri
682 3368 769 3419 ter
800 3364 974 3420 mille.

760 3453 857 3507 Διᾶ
888 3457 985 3508 τυῦ
1010 3448 1450 3527 καϐαλλαρικοῦ.

345 3541 482 3596 Ἀπὸ
528 3545 624 3596 τοῦ
684 3541 916 3614 θέματος
983 3542 1200 3616 Θρᾴκης
1257 3545 1284 3598 6
1349 3548 1760 3619 τοποτηρητης,
1827 3547 1916 3600 καὶ

275 3628 378 3682 ἀπὸ
407 3635 517 3684 τῶν
549 3626 594 3684 δ’
633 3632 929 3705 ταγμάτων
976 3629 1239 3709 ἄρχοντες
1290 3631 1475 3707 ἄνδρες
1510 3633 1660 3706 μλθ’,
1710 3633 1921 3710 σχολά-

282 3721 512 3790 ριοιτῶν
569 3715 612 3772 δ’
639 3718 958 3792 ταγμάτων,
1016 3718 1208 3793 ἄνδρες
1265 3718 1390 3775 τνδ’·
1461 3723 1606 3795 ὁμοῦ
1656 3723 1918 3799 ἄρχοντες

272 3804 360 3860 καὶ
391 3805 684 3881 σχολάριοι
732 3812 842 3862 τῶν
876 3805 918 3861 δ’
972 3811 1288 3884 ταγμάτων,
1324 3807 1511 3884 ἄνδρες
1579 3812 1717 3888 υἱιγῆ
1775 3814 1913 3870 ’Λπὸ

2665 3463 2742 3516 De
2769 3461 3048 3531 equitatu.

2099 3548 2377 3621 Equitum
2419 3549 2660 3605 aderant
2701 3549 2771 3604 ad
2831 3548 2993 3604 illam
3034 3545 3460 3618 expeditionem
3505 3546 3586 3604 hi.
3633 3547 3674 3602 E

2033 3636 2287 3693 themate
2317 3637 2574 3694 Thracia:
2607 3635 2981 3692 lociservator
3010 3641 3063 3693 et
3083 3641 3329 3708 quatuor
3353 3640 3679 3710 tagmatum

2029 3732 2301 3792 rectores,
2336 3727 2436 3798 qui
2468 3728 2621 3782 viros
2659 3726 2758 3781 139
2797 3726 3150 3793 efﬁciebant,
3195 3741 3327 3781 cum
3372 3725 3682 3782 scholariia

2025 3821 2276 3883 quatuor
2325 3819 2673 3884 tagmatum,
2725 3814 3014 3886 capitibus
3066 3815 3190 3868 354.
3233 3813 3298 3868 In
3337 3815 3675 3870 universum

271 3899 377 3951 τῶν
446 3895 676 3969 θὲματος
735 3895 1065 3961 Μακεδονίας
1136 3900 1165 3953 6'
1221 3903 1610 3974 τοποτηρητής
1661 3903 1749 3955 καὶ
1808 3901 1916 3956 ἀπὸ

2035 3901 2110 3957 illi
2141 3902 2485 3969 efficiebant,
2528 3907 2644 3957 tam
2677 3908 2950 3970 rectores,
2993 3917 3173 3972 quam
3216 3901 3492 3958 scholarii
3534 3918 3680 3974 qua-

273 3990 376 4040 τῶν
405 3983 450 4040 δ’
496 3987 794 4064 ταγμάτων
845 3986 1135 4067 ἄρχοντες,
1194 3986 1382 4064 ἄνδρες
1437 3991 1546 4065 πγ’.
1608 3989 1913 4066 Σχολάριοι

2025 3995 2155 4048 tuor
2184 3999 2508 4064 tagmatum
2559 3992 2737 4049 simul
2777 3992 3019 4064 sumpti,
3060 3993 3254 4064 capita
3292 3993 3417 4050 493.
3464 3997 3504 4046 Ε
3547 3993 3676 4048 the-

1313 4109 1517 4166 JOAN.
1578 4111 1722 4168 JAC.
1767 4109 2021 4167 BEISKII
2060 4109 2651 4168 COMMENTARIUS.

343 4214 460 4291 (30)_
503 4215 564 4269 Id
614 4219 704 4272 est
733 4213 934 4291 _Eoliav
965 4217 1336 4289 lignaturam,
1400 4219 1705 4274 materiam
1742 4218 1908 4291 ligni

281 4286 561 4358 crededam
597 4303 698 4358 pro
731 4286 1048 4344 indictione
1092 4306 1195 4345 seu
1239 4306 1394 4346 anno
1442 4291 1658 4346 futuro.
1713 4286 1908 4347 Naﬁtze

2020 4235 2127 4273 nos
2154 4218 2374 4273 Arabes
2404 4232 2722 4286 eorumque
2755 4217 2975 4273 multos
3005 4216 3266 4273 diversos
3291 4217 3524 4289 regulos
3551 4234 3674 4273 om-

2020 4305 2125 4345 nes
2155 4290 2518 4345 exercebant.
2565 4290 2682 4344 Illse
2722 4289 3052 4345 simultates
3098 4293 3356 4360 tempore
3398 4293 3533 4360 post
3552 4289 3672 4360 sub

283 4357 371 4412 otii
402 4357 661 4426 tempore
680 4360 765 4414 vel
799 4360 1033 4431 quando
1057 4377 1169 4416 non
1197 4361 1253 4416 in
1290 4362 1651 4431 expeditione
1677 4362 1912 4417 nautica
2019 4361 2343 4424 Almoézzo,
2369 4363 2541 4417 istius
2566 4360 2897 4416 Almansuri
2923 4359 3157 4431 ﬁilio,in
3174 4357 3433 4431 apertum
3452 4359 3672 4416 bellum

280 4435 486 4494 essent,
527 4431 598 4485 ad
631 4447 806 4502 opera
838 4433 1069 4501 publica
1101 4432 1550 4501 adhibebantur,
1584 4438 1648 4488 ut
1669 4435 1736 4488 ad
1760 4449 1913 4488 com-

2021 4435 2424 4504 erumpebant.
2481 4432 2724 4488 Videtur
2778 4433 2977 4502 itaque
3028 4430 3354 4504 legationis
3398 4431 3557 4486 illius
3607 4433 3668 4487 in

282 4503 612 4574 por‘tandam
673 4501 933 4559 aedificiis
970 4503 1224 4574 publicis
1271 4503 1568 4559 struendis
1609 4505 1907 4560 materiem
2019 4501 2269 4560 Africam
2295 4520 2502 4574 scopus
2535 4504 2730 4567 fuisse,
2757 4508 2816 4574 ut
2840 4501 3175 4567 A’lmansur,
3200 4501 3474 4574 dominus
3496 4505 3672 4574 maris

283 4571 406 4638 (vid.
445 4572 556 4628 Leo
585 4573 847 4629 Gramm.

882 4592 937 4645 p.
971 4572 1077 4628 $72
1106 4581 1163 4631 et
1202 4576 1324 4630 481.
1357 4575 1598 4632 Cedren.
1632 4593 1686 4644 p.
1718 4577 1826 4631 585
1854 4581 1912 4631 et
2021 4572 2428 4632 mediterranei
2476 4579 2624 4630 inter
2654 4573 2912 4630 Siciliam
2951 4579 3008 4629 et
3044 4572 3320 4645 Graeciam
3359 4573 3670 4644 interjecti,

283 4642 420 4712 599),
479 4645 563 4699 ita
618 4645 710 4700 hic
767 4642 1012 4719 Iociiad
1074 4647 1344 4703 caedenda
1408 4648 1565 4718 ligna
1630 4642 1690 4703 in
1757 4648 2346 4719 silvisDSaracenos
2412 4649 2733 4712 Cretenses,
2801 4652 2865 4702 ut
2915 4662 2954 4719 _a
3016 4644 3317 4719 Saracenis
3393 4642 3672 4716 Hispanis

288 4729 380 4784 pro
433 4729 542 4771 neu
585 4720 688 4771 aut
729 4717 926 4788 palatii
965 4722 1067 4773 aut
1119 4720 1264 4775 forte
1305 4717 1479 4775 totius
1529 4719 1694 4774 urbis
1743 4719 1918 4775 CPta-

285 4799 380 4838 me.

347 4857 455 4926 (81)
504 4857 697 4914 Africa
737 4857 832 4914 bic
872 4864 959 4916 est
1000 4877 1110 4916 non
1154 4878 1289 4932 pars
1328 4865 1609 4917 terrarum
1651 4861 1806 4916 orbis
1850 4862 1922 4916 de

286 4933 524 5001 quatuor
551 4945 688 4997 una,
721 4932 819 4984 sed
846 4937 947 4986 aut
970 4932 1267 5001 provincia
1288 4934 1489 4988 stricte
1518 4933 1603 4989 sic
1625 4933 1802 4996 dicta,
1825 4939 1924 4988 aut

291 4996 452 5076 hujus
484 4996 789 5076 provincia
822 4996 1087 5072 capitalis
1127 5004 1510 5076 cognominis,
1551 5003 1719 5060 sedes
1769 5005 1922 5076 regia

288 5068 762 5147 Fathemidarum,
821 5068 1132 5147 antequam
1195 5068 1252 5130 i'n
1295 5079 1606 5147 Egyptum
1645 5068 1924 5129 transmi-

286 5147 519 5266 grarent,
551 5141 696 5198 alias
727 5146 795 5227 de
826 5141 1123 5227 conditore
1154 5151 1209 5200 et
1240 5141 1629 5228 gentis'istins
1659 5152 1714 5200 et
1737 5147 1918 5228 urbis,

341 5213 526 5266 ahadl.
561 5214 829 5266 Mahadla
852 5217 1008 5266 dicta
1036 5219 1110 5266 (ν.
1144 5217 1498 5266 D’Herhelnt.
1526 5216 1669 5266 Bibl.
1701 5216 1914 5266 Orient.

341 5213 829 5285 ahadi,Mahadia
852 5217 1008 5271 dicta
1036 5219 1110 5285 (ν.
1144 5213 1498 5272 D’Herhelot.
1526 5216 1669 5271 Bibl.
1701 5216 1914 5272 Orient.

286 5298 330 5336 v.
369 5284 612 5339 Mehedia
654 5301 707 5355 p.
749 5288 901 5357 573.)
943 5284 1361 5343 Dominahatur
1409 5294 1602 5343 autem
1655 5305 1721 5343 eo
1771 5296 1919 5344 tem-

287 5360 652 5430 pore,‘A._dC.
711 5357 837 5417 949.
883 5361 1086 5414 Africa:
1130 5361 1470 5423 Almansur,
1523 5377 1699 5430 nepos
1759 5361 1918 5414 illius

288 5425 622 5501 Almaba_dii,
674 5445 849 5499 quem
903 5432 1072 5485 modo
1128 5425 1806 5501 nominavimusfprimi
1847 5432 1917 5486 de

289 5505 438 5564 gente
489 5498 964 5574 Fatbemldarum
1004 5502 1060 5556 in
1101 5503 1290 5557 Africa
1331 5509 1388 5557 et
1438 5498 1784 5574 Mauritania
1819 5501 1917 5574 dy-

292 5575 471 5644 nastis.
529 5571 677 5644 Non!
717 5571 862 5644 bene
927 5573 1305 5628 conveniebat
1369 5575 1458 5628 bis
1535 5571 1912 5644 Fathemidis,

291 5640 468 5715 stricte
521 5645 580 5715 et
621 5641 830 5715 Siciliae
875 5651 1046 5715 atque
1109 5645 1388 5700 Sardiniae
1447 5645 1720 5710 dominis,
1781 5640 1912 5699 cum

295 5707 616 5781 Ommiadis,
649 5713 750 5786 qui
777 5707 1113 5787 supremum
1137 5721 1278 5773 tunc
1309 5716 1616 5789 imperium
1639 5707 1893 5787 in’ilispa

2031 4720 2449 4790 dependentes,
2505 4732 2827 4790 eorumque
2877 4715 3049 4790 olim_
3087 4714 3368 4790 ἀττρικους,
3447 4714 3676 4774 vexaret

2032 4787 2315 4862 quantum
2349 4798 2539 4862 posset
2567 4806 2581 4857 ;
2615 4787 2747 4862 vid."
2764 4788 2833 4844 ad
2866 4804 2919 4859 p.
2953 4787 3080 4853 330,
3114 4787 3296 4862 _di_cta.

2103 4861 2212 4932 (82)
2266 4861 2615 4932 Stephanus,
2669 4859 2823 4915 {ilius
2878 4859 3126 4932 Romani
3175 4859 3476 4932 Lecapeni,
3530 4859 3669 4915 olim

2030 4929 2382 5002 imperator;
2419 4933 2646 4988 tandem
2685 4947 2836 4986 anno
2875 4930 3000 4995 945,
3041 4930 3279 4986 ineunte
3318 4929 3352 4985 a
3389 4929 3672 4986 Constan-

2033 5001 2151 5081 tino
2187 5004 2446 5081 _impe_rio_
2494 5009 2691 5059 exums
2751 5003 2922 5081 etin
2979 5002 3406 5081 Procpnnesum
3458 5001 3670 5081 primo,

2031 5075 2241 5130 deinde
2289 5072 2554 5130 Rhodum
2605 5072 2945 5137 translatus,
3000 5073 3238 5128 exilium
3279 5079 3335 5126 et
3384 5072 3671 5140 privatam

2029 5148 2204 5200 vitam
2240 5162 2340 5216 per
2380 5146 2446 5200 19
2489 5162 2672 5201 annos
2712 5145 2976 5200 toleravit
3017 5144 3124 5198 Vid
3175 5143 3411 5216 Cedren.
3445 5159 3498 5212 p.
3541 5141 3670 5198 634.

2029 5223 2085 5272 et
2118 5213 2453 5286 Luit'prand.
2484 5217 2700 5271 Hister.
2737 5217 2774 5272 l.
2808 5232 2886 5278 vr.
2914 5231 3040 5284 cap.
3076 5213 3276 5286 10.11.

2102 5289 2214 5360 (83)
2254 5283 2622 5343 Antiochiam
2664 5288 2936 5360 tenebant
2963 5285 3149 5360 Graeci
3203 5283 3389 5360 ab_A.
3422 5283 3496 5360 _C.
3541 5283 3667 5360 903.

2027 5355 2205 5428 (teste
2230 5361 2368 5431 Hagi
2402 5360 2668 5425 Chalifal)
2702 5363 2768 5431 ad
2805 5362 2868 5413 A.
2921 5358 3076 5431 1070,
3110 5371 3224 5424 quo
3264 5355 3468 5431 Turcis
3504 5355 3672 5431 cessit

2027 5426 2157 5501 post
2205 5426 2403 5487 infelix
2455 5433 2687 5486 Romani
2744 5429 3017 5501 Diogenis
3068 5442 3200 5480 cum
3238 5428 3380 5501 AAlp.
3424 5426 3671 5501 Arsiana

2028 5498 2310 5572 praelium.
2365 5503 2542 5571 Atqui
2583 5498 3046 5572 tameniinvenio
3099 5499 3248 5572 apud
3291 5498 3666 5572 Abult'edam,

2027 5569 2180 5628 anno
2219 5575 2349 5628 Chr.
2408 5569 2534 5643 965,
2592 5589 2717 5630 eam
2755 5569 3079 5643 _Saragenis
3129 5569 3514 5624 Tarsensibus
3572 5583 3669 5638 pa-

2026 5645 2231 5701 ruisse.
2293 5647 2456 5702 Anno
2504 5641 2697 5701 tamen
2743 5641 2870 5709 969,
2928 5641 3217 5698 Romanos
3262 5655 3390 5696 eam
3425 5655 3657 5712 recupe~

2027 5731 2179 5773 rasse
2210 5717 2362 5773 idem
2393 5716 2495 5771 ait.
