4008 6210
213 348 397 409 1241

1090 351 1189 412 DE
1235 351 1688 413 CEBIMONHS
1735 348 1970 424 AUlu‘E
2015 353 2490 414 BYZANTIN/E
2532 355 2681 415 LIB.
2728 356 2802 416 II.

3500 355 3656 418 1242

214 476 532 555 σφενδόναι
593 477 816 553 σιδηραῖ
867 481 1162 550 πετζέϊναι,
1212 479 1421 536 πέταλα
1469 485 1687 555 πορτῶν
1755 481 1900 554 λόγῳ

2018 484 2392 564 bit\clibanos
2423 485 2512 552 6t),
2545 485 2738 557 galeas
2765 487 2836 540 60
2867 491 2923 542 et
2961 486 3169 542 loricas
3219 488 3415 544 denas.
3450 488 3657 546 Usiaca

215 566 506 630 ἐνδύσεως
571 573 678 624 τῶν
743 566 1016 646 διαφόρων
1093 569 1420 644 τροχιλίων,
1489 570 1695 632 cetera:
1765 573 1898 643 (95),

214 657 498 728 τζόκους,
561 658 892 733 ἀξινορῦγια,
943 659 1160 735 βαρέας,
1236 660 1522 732 β’)ρσάρια,
1586 659 1904 727 κέντουκλο,

221 745 529 821 σκαφίδια,
633 745 924 823 καλδάρια,
1037 748 1314 803 καποῦλια
1415 749 1551 820 {96),
1649 750 1904 821 πτυάρια,

224 838 474 911 σχοινία
549 835 801 912 διάφορα,
877 837 1098 916 καρφῖα,
1185 834 1526 911 ἆρμελαύπια
1600 839 1731 908 (97).
1810 837 1907 890 Διά

221 933 346 996 τῆς
417 926 745 996 ἐξοπλίσεως
791 932 899 981 τῶν
978 931 1325 1003 μαγγανικῶν
1384 923 1658 995 ἐξόπλισις
1715 946 1907 1000 τετρα-

231 1013 391 1091 ρὲἶων
457 1013 520 1083 δ’,
599 1011 915 1072 λαϐδαόἑων
983 1014 1046 1081 δ’,
1119 1015 1408 1070 εἷλακτιῶν
1451 1016 1566 1086 (98)
1605 1011 1669 1084 δ’,
1737 1013 1902 1088 ἤγουν

225 1102 579 1179 κρικέλλους
634 1104 729 1159 ἀνὰ
781 1102 898 1174 δύο,
950 1105 1260 1180 παγούρους
1308 1111 1372 1170 α’,
1424 1101 1712 1182 σφενδόνας
1759 1102 1908 1175 σιδη-

232 1198 344 1267 ρᾶς
416 1193 505 1268 ιβ’,
561 1191 768 1248 πὲταλα
833 1197 1048 1267 πορτῶν
1120 1194 1198 1254 εἱς
1255 1193 1320 1246 τὰ
1373 1191 1636 1270 τροχίλια
1684 1199 1744 1265 α’,
1797 1192 1905 1248 σεί-

231 1302 377 1343 στας
438 1283 503 1356 ρ’,
572 1282 886 1359 ἀξινορῦγια
952 1285 1015 1349 α’,
1078 1280 1306 1337 πελέκια
1372 1283 1438 1358 ρ’,
1501 1283 1782 1358 τζικούρια
1839 1285 1903 1354 τ’,

229 1371 436 1446 κριοὺς
467 1370 542 1432 sic
571 1371 666 1434 τὰς
698 1371 948 1446 χελώνας
985 1373 1035 1440 ι’,
1089 1370 1285 1446 βαρέας
1335 1371 1578 1446 μεγάλας
1608 1378 1672 1438 κ’,
1710 1371 1904 1447 βαρέας

237 1461 452 1534 μικρᾶς
483 1459 551 1516 λ’.

2009 573 2313 629 chelandia
2346 574 2636 629 habebant
2663 591 2910 646 quaeque
2931 574 3194 631 clibanos
3221 576 3425 641 denos,
3458 576 3656 649 galeas

2017 663 2218 727 denas,
2254 662 2462 718 loricas
2495 671 2696 719 tenues
2736 665 2904 719 binas
2964 670 3020 719 et
3078 663 3340 736 vulgares
3397 678 3654 721 octonas.

2015 755 2346 822 Apparatus
2377 752 2780 824 expugnandis
2800 754 3009 808 castris
3034 753 3277 809 idoneus
3303 753 3396 808 hic
3416 754 3614 808 aderat
3639 770 3653 808 :

2016 841 2219 895 Turris
2279 840 2490 911 lignea,
2548 842 2892 906 testudines,
2935 841 3329 897 arcubalistraa
3409 843 3660 913 grandes

2015 945 2146 984 cum
2181 929 2458 984 trochleis
2481 934 2539 985 et
2566 930 2807 986 funibus
2839 947 2940 1002 per
2968 933 3142 987 strias
3165 931 3349 997 tortis,
3369 931 3658 1002 petrarite,

2016 1016 2318 1083 cantherii,
2345 1017 2775 1073 machinaecum
2802 1034 2908 1074 suo
2953 1025 3262 1090 apparatu.
3307 1019 3658 1074 Testudines

2016 1106 2309 1161 habebant
2340 1107 2546 1162 arietes
2578 1123 2738 1174 suos,
2783 1106 3018 1178 reliqua:
3066 1108 3209 1163 varii
3249 1107 3478 1180 generis
3527 1124 3658 1164 ma-

2015 1195 2199 1250 china;
2232 1194 2493 1251 circellos
2526 1211 2658 1252 cum
2694 1196 2974 1268 appositis
3029 1197 3300 1268 utrinque
3331 1197 3656 1264 forﬁcibus,

2016 1282 2265 1339 circulos
2294 1288 2351 1340 et
2399 1283 2662 1339 annulos.
2718 1285 2930 1340 Fundat
2987 1285 3185 1342 ferrem
3243 1290 3300 1342 et
3347 1285 3656 1354 coriaceaa;

2016 1373 2282 1440 bracteae,
2315 1373 2518 1444 quales
2570 1373 2752 1444 portis
2807 1373 2973 1428 indui
3027 1373 3216 1430 solent
3257 1373 3656 1430 incrustandis

2013 1461 2182 1516 variis
2214 1462 2528 1529 trochleis;
2577 1461 2854 1530 malleos;
2918 1463 3186 1533 stipites;
3219 1462 3442 1533 ligones
3493 1468 3658 1519 terra

234 1551 600 1608 revellendas
625 1576 640 1619 ;
668 1550 870 1607 barilia
901 1568 1002 1608 seu
1056 1552 1263 1620 cados;
1299 1553 1498 1620 coria;
1531 1558 1844 1618 centones;
1879 1551 2160 1622 scaphas;
2221 1550 2478 1608 caldaria
2531 1568 2634 1608 seu
2694 1551 2882 1607 ahena
2930 1569 3095 1623 aqua?
3142 1553 3540 1610 calefaciendis
3572 1553 3662 1609 la-

233 1641 353 1696 bra
387 1640 604 1712 [qualia
633 1645 770 1696 sunt
797 1641 1113 1706 balnearia,
1150 1640 1207 1695 in
1241 1642 1458 1713 quibus
1499 1641 1768 1697 homines
1825 1641 2074 1697 linteave
2116 1641 2446 1712 lavantur];
2498 1641 2694 1697 bottas
2751 1643 3054 1712 egerendis
3111 1643 3383 1698 sordibus
3444 1642 3660 1710 lutove,

235 1730 422 1785 funes
450 1729 659 1797 varios,
691 1729 904 1797 clavos,
937 1729 1294 1786 armelausia
1329 1747 1432 1786 seu
1456 1747 1595 1803 saga
1625 1730 1846 1787 thoraci
1879 1730 2224 1801 superindui
2272 1730 2463 1787 solita.
2505 1732 2590 1786 Ad
2645 1732 2972 1800 machinas,
3021 1733 3298 1804 pelrarias
3347 1737 3486 1804 puta
3526 1733 3557 1786 4
3605 1736 3662 1789 et

1297 1829 1500 1886 JOAN.
1531 1830 1674 1886 JAC.
1710 1829 1975 1885 REISKII
2005 1827 2608 1886 COMMENTARIUS.

242 1927 460 1994 forma,
494 1927 594 1998 sed
629 1929 856 1982 tantum
893 1927 1297 1998 magnitudine
1345 1927 1761 1998 discrepuisse,
1804 1927 1905 1983 illa
1933 1931 1981 1995 B
2012 1927 2221 1998 nusius
2245 1926 3658 1998 indescriptionebelliVenetorumcumCPtanis,

243 1999 507 2068 majora,
542 1997 648 2052 hos
681 1999 935 2054 minores
969 1997 1169 2065 fuisse,
1201 2001 1373 2055 ambo
1400 1997 1650 2055 cichlos
1684 2001 1900 2055 ferreos

243 2068 325 2123 ad
357 2068 908 2141 apprehendendum
951 2070 1171 2141 aliquid
1206 2078 1309 2126 aut
1339 2073 1406 2126 ad
1445 2071 1773 2140 alligandos
1808 2072 1900 2126 tu-

245 2136 545 2213 nes.’Post
576 2136 796 2213 σιδηραῖ
826 2147 928 2196 aut
955 2136 1334 2197 inserendum
1367 2148 1457 2198 est
1487 2136 1598 2210 καί,
1631 2147 1732 2198 aut
1778 2143 1902 2198 sal-

246 2212 368 2283 tim;
393 2227 621 2283 comma
653 2215 1165 2283 interponendum.

328 2282 442 2352 (95)
474 2282 759 2352 Dubitavi,
795 2282 910 2354 quo
944 2286 1114 2340 modo
1146 2300 1341 2342 vocem
1376 2283 1528 2341 hanc
1579 2285 1896 2340 redderem.

248 2353 521 2428 Poteram
573 2353 1238 2428 catenas’interpretari,
1288 2362 1344 2410 et
1395 2356 1477 2411 sic
1527 2358 1630 2428 teci
1684 2357 1897 2428 p.390.

249 2425 402 2501 Nam
436 2441 612 2496 supra
643 2427 711 2479 ad
749 2443 836 2501 p._
870 2427 976 2482 336
1003 2425 1440 2501 "demonstravi,
1475 2427 1627 2501 σειρά
1683 2425 1741 2483 et.
1799 2445 1902 2478 σει-

252 2495 382 2549 στὸν
413 2495 586 2551 omne
630 2497 953 2567 pendulum,
1005 2498 1218 2560 laxum.
1267 2495 1730 2555 oscz’ltans'esse.
1789 2503 1902 2553 Ma-

252 2567 339 2622 lui
373 2575 567 2622 tamen
600 2568 834 2623 matteas
883 2575 1127 2637 vertere,
1159 2567 1266 2622 ἀπὸ
1305 2572 1402 2623 τοῦ
1452 2569 1634 2640 σείειν,
1687 2571 1758 2626 ab
1811 2571 1900 2624 in-

254 2640 547 2696 euﬁendo.

327 2710 642 2784 (96)AVenit
687 2728 719 2765 a
766 2711 978 2784 Latino
1035 2713 1280 2784 capulus,
1319 2714 1471 2784 quod
1532 2729 1720 2768 arcam
1775 2727 1901 2767 esse

254 2782 494 2856 mortuis
536 2783 848 2856 e/feiemlz's,
901 2799 1060 2839 uerno
1098 2782 1356 2854 ignorat.
1417 2786 1671 2856 Proprie
1705 2788 1899 2856 tamen

254 2854 483 2927 capulus
513 2865 596 2927 est
627 2854 825 2908 omnia
853 2871 988 2909 arca
1017 2857 1418 2927 cujuscunque
1449 2854 1616 2922 usus,
1651 2855 1801 2909 facta
1829 2855 1900 2908 ad

257 2924 440 3000 instar
493 2923 698 3000 mium,
756 2927 1041 3000 praesepis,
1091 2923 1339 3000 scipine;
1406 2929 1558 3000 unde
1635 2927 1904 2994 jumenta

258 2997 537 3066 pabulum
569 2998 829 3066 capiunt.
866 2997 1019 3066 Κάπη
1053 2997 1136 3053 est
1168 2998 1222 3052 ii
1279 2999 1431 3067 quod
1484 2997 1764 3060 κάπτεται,
1800 3013 1902 3064 pa-

259 3067 486 3134 bulum,
519 3078 570 3121 ct
600 3084 701 3122 vas
733 3067 1014 3137 ligneum,
1065 3085 1397 3133 saxeumve,
1434 3072 1588 3125 unde
1645 3067 1902 3120 κάπτεται

258 3137 345 3193 die
374 3139 592 3209 Krippe.
628 3138 766 3193 lnde
795 3137 1154 3210 xainalocet
1201 3141 1428 3210 capulus
1477 3158 1612 3196 arca
1661 3139 1904 3210 praesepi

261 3210 488 3282 similis,
511 3208 579 3263 et
600 3211 843 3282 tandem
878 3208 1181 3264 καπούλιον
1210 3208 1372 3266 novis
1401 3213 1598 3282 graecis
1631 3208 1718 3282 est
1745 3208 1906 3277 capit-

267 3280 372 3347 lus,
405 3297 538 3335 arca
563 3279 786 3336 ahenea
809 3282 892 3337 vel
919 3282 1131 3353 lignea,
1153 3279 1491 3349 labrum,'in
1521 3299 1635 3353 quo
1655 3281 1900 3342 lavatur.

261 3353 384 3424 eine
421 3353 824 3408 Waschwanne.
857 3354 1023 3410 Clare
1055 3354 1161 3408 hoc
1193 3359 1349 3424 patet
1379 3369 1447 3408 ex
1481 3355 1602 3424 loco
1650 3355 1908 3408 Pseudo-

262 3423 956 3495 DioscoridishquemDu
991 3423 1205 3495 Cange,
1253 3443 1323 3495 v.7
1358 3423 1673 3495 Καποῦλιον
1726 3426 1904 3495 citat:

263 3492 539 3565 Καὶταῦτα
561 3488 802 3565 ἔμϐαλον
823 3493 898 3556 εἷς
920 3488 1220 3550 καποῦὶῖιον
1245 3494 1332 3548 καὶ
1355 3493 1609 3558 ἐπιθύσας
1639 3493 1901 3560 ἐπιθῦειν,

266 3561 671 3638 [ἐπιθύεινγέεὶῗ
741 3568 894 3638 idem
978 3570 1128 3638 quod
1210 3565 1570 3633 ἐπισπένδειν,
1660 3566 1901 3638 ἐπιχεῖν,

264 3630 676 3720 superfundere]
760 3633 933 3720 ὅξουί
996 3630 1235 3720 icio/‘30.»;
1268 3639 1367 3720 ..ἓν
1443 3643 1522 3720 ξιξ)
1555 3630 1895 3720 ’.καποῆίῴ

259 3706 380 3765 τοὺς
439 3707 741 3777 κάμνοντας
820 3706 1379 3773 κοιλιακοῦς,ἱη‹1ιίἰι
1440 3706 1527 3764 his
1576 3710 1632 3764 in
1663 3706 1902 3771 labrum,

263 3786 312 3832 et
339 3782 627 3848 superfusa
655 3779 878 3833 tantillo
908 3784 1054 3836 aceti
1083 3782 1210 3845 iube
1239 3797 1309 3834 ea:
1349 3785 1533 3835 ventre
1581 3781 1903 3834 laborantes

264 3851 320 3903 in
351 3850 504 3905 labro
533 3849 792 3904 desidere.
832 3851 997 3904 Liber
1046 3851 1163 3915 ille,
1198 3852 1349 3905 unde
1401 3851 1521 3905 11ch
1574 3851 1761 3905 rhesis
1803 3853 1906 3904 de-

266 3919 775 3992 prompta,procul
807 3920 1001 3992 dubio;
1035 3937 1105 3976 ex
1161 3921 1402 3976 Arabico
1459 3921 1650 3976 Greece
1705 3937 1906 3992 versus

263 3998 382 4060 est;
416 3993 464 4048 si
500 3992 845 4064 haberemus
877 3991 1142 4058 Arabica,
1179 3992 1420 4048 dubium
1456 4007 1586 4064 non
1619 3997 1727 4059 est,
1762 3991 1902 4064 quin

264 4059 691 4134 ριὀκαπούλιον
728 4063 804 4116 ibi
837 4079 1032 4119 vocem
1068 4066 1252 4132 Aman.
1286 4063 1692 4130 reperiremus.

336 4134 444 4204 (87)
496 4134 915 4190 Armilausium
965 4139 1052 4190 est.
1099 4136 1216 4205 sagi
1267 4151 1449 4204 genus
1496 4135 1648 4189 infra
1696 4133 1902 4204 pubem

267 4209 458 4260 statim
500 4206 776 4261 desinens
807 4215 860 4261 et
912 4206 1156 4262 manicis
1205 4222 1427 4272 carens,
1483 4221 1728 4276 quarum
1781 4205 1904 4260 loco

268 4275 455 4348 hiatus
502 4277 599 4348 vel
622 4279 912 4348 fenestras
961 4277 1214 4334 habebat
1278 4275 1513 4348 amplas
1569 4277 1906 4332 exserendis

266 4347 533 4404 brachiis.
587 4347 708 4404 Non
760 4349 1062 4404 ditl‘ercbat
1111 4366 1144 4404 a
1190 4347 1631 4420 Romanoisago
1681 4348 1790 4402 nisi
1844 4349 1901 4403 in

269 4435 354 4485 eo,
385 4423 534 4491 quod
569 4422 830 4475 manicas
864 4437 1101 4491 prorsus
1129 4419 1601 4488 haberetnullas,
1636 4436 1769 4474 cum
1803 4420 1902 4475 Ro-

269 4507 494 4546 manum
529 4492 836 4561 perbreves
860 4491 1100 4546 haberet
1125 4499 1182 4546 et
1207 4508 1319 4546 non
1345 4491 1418 4546 ad
1448 4492 1761 4546 articulum
1798 4491 1904 4545 bu-

268 4566 536 4618 mericum
571 4562 769 4634 cubito
802 4565 1175 4634 pertinentes.
1208 4562 1444 4617 Videtur
1474 4564 1652 4618 vestis
1693 4579 1722 4618 e
1763 4566 1901 4617 Ger-

269 4636 450 4706 mania
483 4634 538 4687 in
576 4632 817 4706 Italiam
838 4639 895 4689 et
929 4635 1202 4706 deinceps
1234 4635 1292 4690 in
1336 4635 1611 4706 Graeciam
1641 4637 1897 4706 venisse.

269 4703 473 4760 Nomen
509 4710 664 4760 certe
694 4705 1105 4761 Germanicum
1136 4703 1241 4762 est.
1267 4705 1614 4761 Armelausia
1635 4705 1788 4760 idem
1812 4709 1902 4760 est

270 4780 429 4848 atque
460 4776 721 4848 Armelos,
742 4777 905 4848 quod
935 4783 1088 4832 caret
1119 4777 1434 4832 armalibus
1475 4793 1576 4832 seu
1628 4777 1896 4848 manicis,

269 4846 354 4902 vel
381 4848 568 4916 potius
602 4846 1018 4903 brachialibus.
1052 4852 1165 4904 Aut
1195 4847 1380 4904 falsus
1409 4855 1461 4904 et
1493 4854 1747 4918 nugatus
1793 4847 1901 4902 fuit

273 4919 518 4974 lsidorus
548 4919 591 4973 Ι.
625 4934 741 4984 xix,
775 4934 825 4973 c.
859 4921 948 4985 22,
992 4924 1096 4975 aut
1127 4936 1240 4976 non
1276 4921 1428 4974 idem
1479 4920 1896 4974 vestimentum

274 4990 414 5043 omni
448 4994 707 5060 tempore
736 5006 803 5046 eo
836 4991 1072 5046 nomine
1095 4991 1269 5047 venit.
1303 4989 1612 5056 Describit,
1645 4988 1742 5044 ille
1773 4990 1895 5045 sic:

275 5059 764 5130 armelausa’vulgo
794 5063 874 5117 sic
904 5065 1112 5127 vocata,
1145 5061 1285 5132 quod
1314 5067 1446 5116 ante
1499 5066 1554 5115 et
1610 5067 1760 5116 retro
1805 5059 1900 5114 di-

275 5133 376 5186 visa
402 5140 568 5203 atque
595 5140 781 5202 aperta
815 5141 912 5196 est,
948 5133 1006 5187 in
1036 5137 1207 5187 armis
1240 5137 1451 5187 tantum
1499 5134 1708 5203 clausa,
1739 5132 1902 5202 quasi

277 5202 598 5258 armictausa
635 5203 825 5256 littera
866 5204 904 5258 6
952 5204 1158 5258 ablata.
1210 5205 1366 5259 Idem
1415 5203 1621 5272 repetit
1669 5202 1898 5269 Uautio,

276 5275 471 5329 addens
499 5275 875 5329 annetausam
912 5283 963 5329 et
1021 5275 1336 5330 Sclavt'nam
1392 5274 1643 5330 eamdem
1702 5282 1900 5330 vestem

276 5362 392 5400 esse.
424 5346 583 5410 Quod
617 5346 665 5401 si
700 5352 851 5401 recte
882 5345 1170 5416 perhibet,
1200 5348 1466 5415 idemque
1505 5352 1596 5400 est
1642 5346 1900 5401 Sclavina

278 5425 427 5486 atque
458 5418 897 5480 vestimentum,
933 5419 1083 5487 quod
1112 5419 1165 5472 in
1193 5419 1438 5472 Saxonia
1459 5417 1738 5472 vocabulo
1766 5418 1900 5472 inde

279 5489 511 5544 derivato
543 5488 853 5544 Schattmne
882 5488 1268 5558 appellamus,
1299 5495 1412 5543 toto
1449 5488 1592 5543 cmlo
1627 5489 1902 5543 differunt

281 5560 607 5616 armelausia
634 5559 840 5615 Isidori
862 5565 920 5613 et
943 5560 1295 5615 armelausia
1313 5559 1598 5615 Sclavina.
1625 5559 1898 5614 lllacnim

284 5630 463 5702 Isidori
489 5632 816 5688 Grmcorum
841 5636 935 5702 est
960 5628 1192 5702 ἐπωμίς,
1217 5631 1549 5702 Latinorum
1575 5629 1895 5702 scapulare.

284 5701 432 5773 cujus
462 5702 783 5777 elegantem
839 5701 1009 5760 habet
1055 5703 1371 5776 imaginem
1424 5701 1635 5758 Paulus
1684 5701 1900 5757 Rham-

2012 1997 2214 2054 tabula
2243 1997 2434 2065 tertia,
2477 2001 2783 2068 repetitam
2826 2016 2860 2053 a
2902 1999 2986 2054 Du
3039 1999 3258 2068 Cangio
3306 2001 3538 2056 dissert.
3589 1997 3659 2056 de

2012 2070 2273 2126 nummis
2303 2069 2420 2124 tab.
2450 2087 2505 2124 v1
2539 2079 2591 2124 et
2624 2069 2799 2125 aliam
2833 2069 3102 2125 Horatius
3127 2069 3374 2126 Blancus
3405 2073 3465 2126 in
3503 2070 3659 2126 notis

2009 2145 2079 2196 ad
2115 2141 2848 2213 PaullumVWarnet'ridum
2883 2142 2943 2196 in
2977 2143 3229 2213 imagine
3260 2143 3654 2198 coronationis

2010 2213 2164 2284 regis
2198 2212 2642 2284 Lcngobardici,
2675 2217 2731 2284 et
2763 2215 2898 2284 item
2932 2212 3116 2268 aliam
3151 2216 3474 2284 Bandurius
3520 2216 3658 2268 Ant-

2011 2283 2162 2364 Imp.
2193 2287 2290 2364 ρι’.
2323 2283 2361 2340 t.
2397 2299 2461 2348 II,
2497 2301 2551 2364 p.
2616 2283 2722 2364 63_2
2777 2283 2912 2364 tab.‘
2944 2285 2998 2364 3,
3057 2285 3155 2364 ubi
3184 2283 3430 2364 helenae
3482 2285 3660 2354 impe-

2011 2355 2206 2409 ratrici
2241 2370 2471 2410 crucem
2499 2355 2812 2409 invenienti
2846 2355 3080 2409 adstant
3107 2355 3330 2409 ostiarii
3383 2360 3498 2409 duo
3544 2371 3650 2410 eu-

2012 2426 2188 2480 nucbi
2218 2433 2486 2497 gerentes
2511 2427 2810 2497 epomidas
2834 2442 2935 2481 seu
2970 2425 3339 2492 armilausas,
3375 2428 3433 2481 in
3482 2427 3657 2481 armis

2010 2496 2244 2563 clausas,
2278 2507 2335 2551 ut
2368 2499 2448 2552 ait
2479 2498 2769 2562 Isodorus,
2801 2496 2854 2551 id
2888 2501 2978 2553 est
3009 2498 3066 2552 in
3105 2498 3338 2568 regione
3383 2499 3658 2552 brachio—

2013 2585 2141 2623 rum
2175 2569 2388 2624 solidas
2438 2569 2760 2639 epomidas.
2793 2571 2894 2622 Est
2943 2585 3139 2625 revera
3188 2569 3491 2639 scapulare
3541 2570 3646 2624 hoc

2010 2641 2362 2705 armilausz‘a,
2397 2640 2448 2694 id
2483 2647 2594 2709 est,
2625 2642 2800 2694 vestis
2831 2640 3230 2696 brachialibus
3271 2656 3496 2694 carens.
3545 2639 3658 2694 Ve-

2012 2727 2140 2766 rum
2157 2712 2301 2766 solet
2324 2710 2518 2782 potius
2539 2711 2852 2780 scapulare,
2877 2727 3052 2781 quam
3077 2709 3418 2766 armilausia
3441 2711 3650 2767 vocari.

2012 2783 2159 2838 Illud
2193 2788 2385 2837 autem
2421 2782 2854 2847 vestimentum,
2889 2783 3042 2853 quod
3097 2783 3272 2851 vulgo
3319 2797 3386 2838 eo
3419 2782 3649 2837 nomine

2011 2854 2274 2909 veniebat
2298 2854 2460 2920 olim,
2489 2854 2599 2908 fuit
2629 2853 2800 2923 quale
2831 2853 3252 2924 descripsimus
3301 2869 3504 2921 sagum
3551 2869 3653 2924 pro

2012 2924 2259 2980 manicis
2290 2925 2522 2992 amplas
2549 2927 2837 2980 fenestras
2859 2923 3103 2985 habens.
3129 2941 3227 2996 per
3249 2941 3394 2996 quas
3419 2923 3658 2980 brachia

2012 3002 2446 3052 exsererentur.
2466 2996 3220 3052 Militarishecarmilausia
3242 3003 3385 3051 erat.
3411 2996 3655 3051 Militum

2009 3067 2162 3123 enim
2195 3073 2492 3138 gestamen
2527 3069 2700 3122 fuisse
2729 3067 3153 3132 artnilausiam,
3185 3073 3414 3123 constat
3440 3083 3508 3122 ex
3539 3067 3655 3122 illis

2008 3137 2506 3209 auctor’umrlocis,
2547 3155 2694 3208 quos
2727 3139 2811 3193 Du
2846 3139 3038 3209 Gange
3083 3141 3173 3192 Gl.
3226 3143 3346 3192 Lat.
3381 3139 3444 3195 h.
3484 3154 3539 3192 v.
3571 3139 3654 3193 al-

2011 3208 2532 3280 legavitsAlterum
2580 3209 2726 3264 illud
2776 3217 3045 3279 superius
3090 3209 3432 3264 armilausiae
3465 3225 3650 3278 genus

1933 3302 1979 3365 ο
2011 3279 2409 3365 pompaticum
2444 3283 2630 3350 magis
2662 3280 3175 3365 erat,‘certe_mi|iti
3197 3297 3361 3365 arma
3383 3281 3652 3365 tractanti

2021 3351 2246 3407 inutile.
2279 3355 2425 3406 Sane
2455 3368 2570 3406 non
2613 3356 2832 3420 poterat
2859 3355 3060 3417 armis,
3111 3351 3220 3406 hoc
3266 3356 3357 3408 est
3406 3353 3651 3420 thoraci,

2018 3423 2383 3491 superindui,
2419 3424 2566 3490 quod
2617 3427 2810 3478 tamen
2851 3423 2922 3478 de
2971 3423 3287 3478 armilausa
3338 3422 3651 3479 Mauricius

2019 3495 2295 3549 afﬁrmat.
2323 3494 2454 3565 Fuit
2485 3494 2855 3565 igituraltera
2876 3495 2998 3549 haec
3022 3494 3286 3549 militaris
3309 3494 3652 3550 armilausia

2017 3565 2245 3622 diversa
2273 3566 2346 3620 ab
2376 3564 2476 3620 illa
2507 3564 2804 3637 superiore
2835 3566 3162 3637 pompatica
3192 3572 3248 3621 et
3279 3582 3521 3637 prorsus
3553 3581 3646 3637 ea-

2017 3583 2245 3622 aiversa
2273 3583 2346 3620 an
2376 3583 2476 3620 tua
2507 3583 2804 3637 superiore
2835 3583 3162 3637 pompauca
3192 3583 3248 3621 et
3322 3583 3521 3620 rorsus
3553 3583 3646 3620 ea-

2017 3638 2148 3692 dem
2179 3653 2311 3692 cum
2360 3637 2644 3693 Sclavina.
2695 3637 3084 3692 Schalaunam
3131 3583 3493 3708 appeflamus
3540 3635 3656 3708 pal-

2017 3707 2161 3763 lium
2209 3707 2400 3779 talare
2459 3725 2572 3764 non
2645 3708 2931 3779 amplum,
2989 3725 3023 3763 a
3096 3707 3321 3779 peetore
3390 3707 3653 3779 apertum

2017 3786 2120 3833 aut
2167 3778 2420 3848 globulis
2467 3778 2797 3841 consertile,
2857 3781 2980 3835 loco
3039 3778 3402 3834 manicarum
3462 3778 3657 3847 ampla

2019 3849 2304 3904 foramina
2337 3849 2556 3904 habens
2588 3851 2922 3904 exserendis
2969 3850 3246 3904 brachiis.
3281 3852 3326 3902 A
3355 3850 3656 3904 schatonna

2017 3919 2124 3974 hac
2175 3935 2286 3974 non
2347 3920 2646 3974 differebat
2700 3927 2962 3974 veterum
3011 3919 3299 3984 Sclavina.
3359 3920 3470 3974 nisi
3531 3919 3657 3974 sola

2015 3989 2405 4061 longitudine.
2439 3989 2744 4045 Desinebat
2773 3991 2928 4044 enim
2951 3991 3104 4044 intra
3123 3991 3329 4061 pubem
3355 3996 3412 4061 et
3443 4007 3651 4060 genua.

2017 4060 2335 4129 Imaginem
2368 4061 2496 4131 ejus
2527 4061 2717 4116 videre
2745 4066 2836 4116 est
2866 4062 2922 4116 in
2958 4060 3351 4132 notis’Angcli
3385 4060 3456 4116 de
3496 4061 3653 4117 Nuce

2017 4135 2083 4188 ad
2116 4132 2438 4188 Chronicon
2472 4131 2821 4188 Cassinense
2853 4137 2894 4189 t.
2930 4149 3005 4198 tv,
3027 4131 3261 4202 Script.’
3285 4131 3416 4188 Rer.
3470 4132 3652 4188 Italic.

2015 4221 2073 4275 p.
2104 4205 2229 4258 217.
2256 4205 2462 4271 Vestis,
2488 4220 2664 4274 quam
2715 4204 2900 4260 sancti
2946 4205 3062 4258 duo
3111 4204 3216 4258 viri
3267 4203 3344 4258 ibi
3403 4218 3512 4258 aere
3561 4219 3657 4259 ex-

2016 4276 2195 4346 pressi
2229 4291 2428 4345 gerere
2455 4277 2918 4347 conspiciuntur,
2951 4275 3219 4347 Sclavina
3240 4281 3350 4347 est,
3383 4281 3436 4331 et
3463 4280 3658 4330 exacte

2015 4345 2186 4403 refert
2216 4346 2581 4403 westam'seu
2604 4345 2983 4402 camisolium
3019 4345 3098 4402 vel
3135 4346 3388 4402 tunicam
3431 4353 3657 4401 nostra-

2013 4419 2156 4473 tium
2175 4421 2528 4474 rusticorum
2549 4419 2802 4490 demptis
2816 4417 3236 4490 brachialibus,
3256 4433 3504 4488 quorum
3529 4416 3656 4490 loco

2016 4490 2277 4545 fenestrae
2329 4496 2546 4562 patent.
2597 4491 2658 4544 In
2690 4488 2942 4562 'pectore
2991 4488 3175 4545 scissa
3231 4506 3344 4544 non
3394 4494 3503 4556 est,
3553 4488 3653 4544 sed

2015 4562 2191 4616 tablio
2243 4561 2538 4632 praetexta,
2573 4561 2910 4632 margaritis
2969 4577 3072 4632 per
3108 4567 3438 4632 utramque
3493 4576 3654 4616 oram

2015 4631 2304 4688 continuis
2354 4638 2578 4689 ornato.
2625 4631 2785 4687 Circa
2836 4631 3054 4688 femora
3103 4631 3319 4687 habent
3367 4631 3476 4686 illae
3528 4634 3653 4686 duae

2011 4705 2277 4776 sclavinte
2292 4704 2736 4776 scissuras,quae
2751 4721 2783 4760 a
2799 4704 3069 4760 fenestris
3084 4704 3157 4760 hu
3171 4702 3480 4760 meralibus
3495 4702 3647 4759 haud

2011 4775 2260 4831 multum
2294 4775 2529 4830 absunt.

2080 4847 2193 4916 (98)
2222 4846 2347 4902 Non
2379 4846 2610 4904 invenio
2632 4846 2782 4902 hanc
2807 4862 3000 4903 vocem
3027 4846 3164 4904 alibi
3189 4851 3472 4904 notatam.
3507 4845 3653 4914 Quid

2009 4919 2352 4990 crediderim
2393 4934 2542 4990 esse,
2578 4935 2610 4973 ο
2667 4919 2890 4974 Latinis
2950 4925 3127 4990 patet.
3188 4919 3388 4975 Putavi
3443 4933 3654 4990 nempe

2010 4993 2110 5043 aut
2152 4989 2304 5060 male
2360 4989 2444 5044 sic
2493 4990 2782 5060 scriptum
2831 5007 2865 5046 a
2923 4988 3180 5057 librario,
3243 4996 3345 5045 aut
3399 5007 3431 5060 a
3490 4988 3652 5060 novis

2009 5059 2222 5132 Graecis
2245 5061 2328 5114 ita
2347 5075 2511 5116 corru
2525 5059 3084 5132 ptepronuntiatum
3115 5078 3232 5117 aevo
3261 5059 3446 5115 medio
3471 5059 3652 5114 fuisse

2009 5148 2115 5202 pro
2145 5128 2479 5199 ἡλακατιῶν.
2522 5128 2616 5187 Est
2645 5128 2904 5201 ’ἠλακάτη
2952 5133 3160 5198 malus,
3203 5139 3492 5202 truncus,_
3522 5144 3650 5184 sca-

2053 5219 2120 5275 us
2153 5218 2428 5275 procerus
2488 5203 2702 5258 omnis.
2753 5200 3050 5260 Sententia
3099 5201 3430 5275 perobscuri
3482 5200 3650 5275 hujus

2033 5271 2169 5338 oci,'
2226 5281 2506 5347 quantum
2598 5293 2702 5347 ego
2795 5277 3070 5347 equidem
3099 5271 3442 5347 'Apervideo,
3497 5271 3650 5347 haec

2010 5350 2118 5400 est.
2151 5343 2255 5400 Adi
2293 5345 2558 5415 singulas
2609 5343 2863 5414 q'uatuor
2919 5343 3305 5414 petrariarum
3366 5343 3653 5413 pertinere

2010 5416 2286 5471 dicuntur
2315 5417 2435 5471 bini
2468 5418 2670 5472 circuli
2696 5417 2881 5482 t'errei,
2905 5417 2994 5471 vel
3028 5421 3261 5485 torques
3287 5421 3422 5481 etc.,
3448 5415 3651 5470 eadem

2009 5487 2363 5560 totidemque
2395 5488 2469 5543 ad
2501 5489 2766 5560 singulas
2817 5493 3070 5560 quatuor
3119 5488 3566 5560 Labdarearum,
3601 5492 3656 5538 et

2011 5559 2284 5682 iamdem~
2308 5557 2670 5631 totidemque
2705 5561 2952 5628 denique
2982 5558 3052 5613 ad
3096 5557 3362 5631 singulas
3410 5562 3660 5629 quatuor

2037 5665 2044 5682 Α
2075 5649 2347 5682 .ακατιων.

2034 5649 2221 5697 λιιακατ
2234 5649 2347 5687 ιων.
