4008 6210
443 355 595 416 1247

1509 344 2029 411 CONS’l‘ANTINI
2075 346 2771 410 PORPHYBOGENITI

3734 341 3853 397 1118

442 490 547 557 les,
579 496 633 545 et
663 489 731 544 ad
766 489 1048 544 armanda
1079 503 1282 544 novem
1318 487 1563 544 Russica
1588 486 1817 543 carabia
1847 492 1900 542 et
1930 485 2079 542 duas

2203 484 2285 539 τὸν
2320 485 2623 539 θεόσωστον
2658 482 2945 559 βασιλικὸν
2978 480 3175 538 στόλον
3208 486 3309 537 τοῦ
3366 478 3707 556 βασιλικόν
3735 478 3857 529 πὶςίο

444 578 727 633 uniremes
746 577 1037 648 captivoru
1050 593 1103 631 m
1121 576 1501 648 aliaque,qua3
1516 593 1647 633 secu
1659 577 1731 631 nd
1744 592 1839 630 um
1854 591 2081 630 sacrum

444 668 782 721 mandatum
816 668 1328 737 supernumeraria
1358 666 1686 736 comparari
1720 670 1777 719 et
1810 664 2080 720 distribui

443 756 767 811 debuerunt
800 755 855 812 in
890 755 1137 811 classem
1182 756 1425 827 regiam,
1470 772 1647 826 quam
1681 754 1831 810 Deus
1872 757 2080 809 servet.

443 844 531 899 Illi
582 844 808 899 nummi
857 843 940 900 sic
994 845 1230 900 fuerunt
1272 844 1529 915 expensi.
1579 842 1814 913 Accepit
1858 842 2083 898 Joacim

440 934 942 1005 protospatbarius
964 943 1017 990 et
1043 935 1254 991 arcbon
1290 934 1633 989 armamenti
1658 934 1781 1004 [seu
1808 932 2085 1004 magister

440 1029 496 1080 ct
524 1024 785 1095 provisor
835 1028 1141 1095 apparatus
1188 1021 1377 1078 bellici
1438 1022 1682 1093 navalis]
1732 1037 1835 1093 pro
1886 1036 2084 1076 emcn-

441 1113 531 1170 dis
566 1113 673 1169 500
719 1113 947 1170 tribolis
994 1114 1344 1170 numismata
1371 1114 1477 1168 260
1506 1117 1563 1169 et
1588 1113 1733 1167 mill.
1766 1114 1819 1181 3,
1852 1128 1953 1184 pro
1993 1128 2083 1166 se-

442 1202 677 1258 curibus
724 1203 830 1257 500
878 1202 1102 1273 accepit
1144 1218 1309 1257 num.
1370 1202 1459 1271 50,
1510 1218 1610 1273 pro
1673 1202 1778 1256 200
1823 1200 2090 1273 bipenni-

441 1291 550 1347 bus
579 1293 668 1358 20,
711 1309 811 1363 pro
844 1291 984 1346 4000
1026 1291 1238 1362 gladiis
1282 1291 1415 1346 ferri
1463 1290 1641 1346 libras
1686 1291 1882 1346 decem
1917 1288 2081 1344 exhi-

441 1380 660 1437 bendas
693 1380 871 1436 fabris
921 1380 1213 1452 gladiariis
1262 1380 1632 1450 armamenti,
1679 1396 1781 1452 pro
1826 1379 2087 1435 emendis

440 1471 787 1526 carbonibus
822 1487 985 1525 num.
1015 1470 1105 1540 30,
1142 1486 1243 1541 pro
1280 1469 1517 1539 paribus
1554 1469 1919 1525 manicarum
1973 1469 2083 1522 fer-

440 1576 670 1616 rearum
701 1560 964 1616 ducentis
1013 1575 1175 1615 num.
1226 1561 1348 1615 100.
1402 1561 1461 1615 In
1516 1560 1859 1614 universum
1914 1557 2087 1627 igitur

443 1650 665 1721 accepit
706 1650 803 1705 ille
849 1649 1073 1706 Joacim
1123 1648 1401 1720 magister
1448 1648 1795 1704 armamenti
1838 1648 1895 1703 in
1944 1663 2084 1702 auro

443 1739 815 1796 mumismata
846 1740 949 1794 460
978 1746 1031 1794 et
1064 1737 1208 1794 mill.
1247 1739 1304 1804 0,
1339 1754 1465 1809 qum
1514 1736 1777 1793 efﬁciunt
1822 1735 1985 1792 litras
2026 1737 2082 1802 6,

2193 595 2300 648 μου
2330 574 2420 629 καὶ
2453 573 2667 629 λοιπῶν
2729 577 2782 648 χ’
2841 574 3024 649 λίτραι
3077 569 3177 638 κδ’,
3224 571 3294 627 τὰ
3353 571 3469 625 καὶ
3523 564 3859 638 ἐξοδεαςθῇτς

2190 663 2384 726 οὕτως.
2448 661 2645 734 Ἐδόθη
2717 664 2973 736 Ἰωακεῖμ
3038 658 3568 738 πρωτοσπαθαρὶῳ
3641 658 3734 711 καὶ
3801 658 3861 725 '1;-

2188 775 2345 830 χοντι
2387 758 2489 810 τοῦ
2539 753 2892 829 ἀρμαμέντου
2942 754 3076 829 ὑπὲρ
3134 748 3461 827 τριϐολῖων
3506 744 3794 823 χιλιάδων
3824 756 3865 821 ξ,

2187 866 2232 900 ν·
2268 846 2361 914 σε’.
2408 845 2531 918 ζνγ’.
2585 842 2783 913 Ἐδόθη
2832 843 2925 897 τὸν
2970 842 3129 897 αὐτὸν
3182 840 3469 913 Ἰωακείμ
3511 839 3666 910 ὑπὲρ
3701 844 3869 906 τζαςίν

2403 934 2414 951 ¹
2560 936 2567 945 '
2633 934 2645 956 9
2700 930 2755 952 δ’
2921 933 2934 949 κ
3071 931 3084 952 ν
3134 933 3147 949 ς
3234 933 3247 953 ν
3453 930 3472 947 ι
3582 928 3599 947 ρ
3659 927 3673 943 ς
3812 924 3853 954 -η,

2190 934 2322 1008 Ρίων
2364 955 2435 1011 φφ
2474 955 2588 991 νονο
2650 936 2829 1003 Εοοθη
2881 953 2975 987 τον
3027 953 3187 987 αυτον
3254 938 3537 1001 Ιωαγ,ειμ
3577 947 3721 999 οπερ
3751 946 3871 978 :31;-

2188 1024 2321 1078 κίων
2355 1024 2397 1077 σ¹
2449 1045 2475 1077 ν
2501 1028 2545 1077 κ’
2598 1020 2756 1086 Ἐδόθ
2866 1023 2880 1039 “
2999 1022 3101 1059 ’-“ι
3142 1023 3182 1077 Ἰ
3309 1021 3351 1061 ρῖ
3451 1019 3470 1039 ’
3536 1018 3565 1059 ‘c
3649 1020 3749 1061 ἔτι
3786 1018 3869 1067 οἷς

2229 1068 2240 1078 .
2404 1067 2418 1091 ,
2483 1067 2494 1079 .
2553 1066 2563 1077 .
2763 1044 2794 1093 η
2826 1043 2920 1077 τον
2954 1043 3116 1076 αυυοι
3187 1042 3415 1091 manu);
3444 1038 3609 1094 um?
3649 1038 3805 1089 ’.γαρ

2192 1108 2463 1187 χιλιάδων
2524 1108 2568 1165 δ“
2626 1109 2778 1186 λόγῳ
2833 1114 2939 1166 τῶν
2997 1111 3267 1179 τςιπάτων
3302 1111 3424 1181 (19)
3463 1106 3596 1161 ἀπὸ
3634 1106 3701 1158 τὸ
3736 1104 3875 1175 ἄρρεν

2193 1201 2385 1273 μὲντον
2451 1196 2675 1274 σίδηρον
2743 1195 2996 1274 χ’ἱλιάδες
3048 1206 3074 1252 ι¹
3120 1198 3209 1253 καὶ
3256 1198 3393 1270 ὑπὲρ
3485 1195 3724 1269 ἀγορᾶς
3781 1214 3877 1245 κυ-

2190 1284 2399 1360 ϐονίουν
2438 1287 2565 1347 ν·λ’-
2608 1285 2807 1358 Ἐδόθη
2874 1293 2954 1360 τῷ
3004 1287 3152 1359 αὖτῷ
3203 1285 3489 1358 Ἰωακεέμ
3531 1285 3689 1357 ὑπὲρ
3725 1302 3876 1355 χειρε-

2189 1377 2409 1451 etim
2473 1381 2647 1453 ζυγῶν
2701 1378 2765 1444 α’,
2821 1378 2940 1451 ν.ρ“.
2999 1374 3173 1449 Ὁμοῧ
3222 1376 3285 1431 τὰ
3317 1373 3585 1439 δοθέντα
3648 1373 3876 1429 Ἰωακεέε

2190 1466 2416 1543 ἄρχοντι
2484 1470 2581 1521 τοῦ
2662 1462 3010 1541 ἀρμαμὲντοῦ
3064 1467 3105 1522 ’Χ
3173 1467 3307 1537 (20),
3362 1467 3573 1534 υξςντε
3644 1462 3875 1536 yiwipm

2190 1554 2371 1631 λίτραι
2434 1557 2494 1626 ς’,
2556 1553 2693 1628 λδγ“,
2752 1552 2948 1624 Ἐδόθη
3013 1554 3146 1629 ὑπὲρ
3217 1554 3432 1627 ἀγορᾶς
3507 1555 3639 1605 τῶν
3705 1552 3872 1604 πανίαν

2185 1651 2296 1702 τῶν
2356 1646 2628 1718 ῥασιακῶν
2687 1642 2839 1718 λόγῳ
2915 1644 3193 1712 ποιήσεως
3266 1642 3553 1716 ἀρμὲνων
3627 1639 3755 1694 ἒνὲι
3807 1640 3875 1690 in:

2187 1739 2389 1810 πηχῶν
2451 1732 2499 1789 λ’
2555 1738 2665 1788 τῶν
2725 1740 2771 1797 θ“
2825 1727 3103 1806 καραϐίων
3156 1736 3266 1786 τῶν
3322 1732 3507 1801 Ῥῶς,
3569 1730 3672 1784 καὶ
3712 1726 3869 1799 ἑτέρω

442 1830 803 1885 nomismata
818 1830 907 1895 34,
928 1828 1074 1883 mill.
1104 1829 1155 1882 3.
1181 1828 1288 1882 Pro
1307 1827 1575 1882 emendis
1596 1826 1804 1896 pannis
1840 1825 2079 1894 crassis,

2203 1824 2441 1899 ἰρμένων
2601 1822 2703 1877 ἆνᾶ
2749 1826 2950 1896 πηχῶν
2996 1822 3083 1890 κη¹
3143 1826 3249 1875 τῶν
3432 1819 3747 1893 μονερῖων
3792 1821 3870 1869 tim

443 1934 554 1988 quo
581 1918 786 1972 exinde
817 1917 1021 1971 fierent
1049 1915 1174 1971 vela
1205 1930 1434 1981 novem,
1466 1913 1699 1986 singula
1729 1914 2082 1970 tricenarum

442 2004 735 2071 ulnarum,
756 2004 813 2059 in
834 2021 1006 2060 usum
1028 2019 1228 2059 novem
1252 2004 1613 2060 carabiorum
1639 2003 1858 2059 Russos
1879 2005 2085 2059 vehen-

441 2095 607 2160 tium,
659 2098 714 2151 et
746 2095 863 2150 alia
904 2093 1027 2150 vela
1077 2093 1489 2149 duodevicenis
1533 2093 1761 2149 octonis
1814 2093 1974 2150 ulnis
2020 2094 2079 2148 in

442 2201 617 2241 usum
650 2185 1044 2241 moneriorum
1068 2200 1166 2240 seu
1192 2183 1545 2240 uniremium
1577 2183 1838 2255 captivos
1870 2182 2084 2241 vehen-

442 2272 588 2330 tium
620 2289 868 2347 expensa
899 2279 1036 2329 sunt
1058 2274 1417 2330 numismata
1441 2273 1576 2328 1154
1604 2297 1618 2339 ;
1644 2272 1816 2328 simul
1839 2289 2084 2346 compu-

442 2364 580 2419 tatis
611 2363 746 2419 illuc
777 2363 988 2434 pannis
1022 2362 1139 2417 illis
1172 2361 1467 2418 crassioris
1500 2361 1602 2427 (ili,
1636 2361 1737 2432 qui
1771 2378 1870 2432 per
1899 2363 2083 2417 abun-

442 2452 699 2508 dantiam
718 2456 773 2508 et
790 2469 965 2521 super
991 2468 1299 2507 numerum
1324 2451 1381 2505 in
1408 2451 1623 2506 Russos
1645 2450 1814 2505 diditi
1832 2451 2083 2506 fuerunt.

444 2546 489 2594 Α
538 2541 837 2598 monachis
882 2541 1156 2597 cellarum
1191 2540 1527 2595 monasterii
1574 2540 1797 2595 domini
1843 2540 2085 2595 Romani

441 2637 499 2687 et
528 2648 560 2686 a
591 2632 1082 2687 carminatoribus
1110 2630 1218 2686 l'ori
1266 2630 1444 2701 empti
1494 2630 1727 2685 fuerunt
1771 2646 1872 2700 per
1899 2630 2088 2686 varios

443 2722 708 2779 homines
756 2723 933 2793 panni
977 2740 1079 2794 pro
1131 2739 1362 2777 summa
1410 2738 1574 2778 num.
1605 2722 1711 2776 3'20
1762 2726 1821 2777 et
1853 2721 1997 2777 mill.
2033 2722 2084 2791 4,

444 2827 799 2882 unoquoque
830 2826 1022 2881 panno
1055 2810 1509 2866 milliarensibus
1539 2810 1693 2865 senis
1725 2815 1940 2881 empto.
1963 2814 2088 2865 Huc

443 2916 675 2972 quoque
707 2900 998 2970 pertinent
1026 2904 1222 2972 empta
1254 2916 1284 2955 ο
1316 2900 1548 2971 regione
1591 2898 1875 2955 sacellarii
1907 2904 1964 2955 et
1994 2916 2091 2957 ve-

444 2991 652 3047 stiarii.
679 2991 742 3047 In
768 2991 1090 3047 mercedem
1123 2990 1422 3047 sutoribus
1450 2989 1733 3056 velorum,
1759 2990 1856 3062 qui
1891 3006 2089 3059 supra-

445 3080 599 3137 dicta
629 3081 752 3138 vela
789 3081 1175 3148 elaborarunt,
1210 3080 1381 3137 simul
1417 3084 1474 3135 et
1505 3097 1605 3150 pro
1638 3080 1821 3150 pretio
1854 3078 2086 3135 filorum

2195 1912 2572 1987 αἰχμαλώτων
2626 1912 2717 1965 σὺν
2764 1915 2870 1965 τῶν
2922 1907 3180 1965 δοθέντων
3210 1910 3422 1964 πανῖων
3466 1908 3738 1985 ῥασικῶν
3768 1904 3866 1959 κπτὲ
3946 1950 3947 1965 χ

2193 2001 2498 2076 περίσσειαν
2554 1998 2680 2062 τοὺς
2749 1999 2946 2063 αὐτοὺς
3020 2000 3175 2062 Ῥῶς.
3254 1999 3414 2073 Ὑπὲρ
3511 1997 3741 2052 πανῖων
3804 1993 3866 2047 ἰτᾶ

2196 2096 2302 2146 τῶν
2375 2090 2698 2167 ἀμφοτέρων
2770 2086 2937 2164 αρνδ’,
3015 2090 3082 2143 τὰ
3164 2088 3256 2142 καὶ
3331 2087 3735 2163 ἀγορασθέντα
3788 2084 3861 2138 εἲτέ

2193 2179 2319 2242 τοὺς
2372 2174 2611 2242 ἆϐϐἀδας
2660 2177 2735 2241 εἷς
2774 2180 2842 2232 τὰ
2884 2176 3123 2233 ἐνοικικᾶ
3178 2183 3277 2246 τῆς
3330 2181 3525 2250 μονῆς
3574 2181 3685 2231 τοῦ
3724 2179 3860 2245 κυρῶ

2194 2271 2479 2343 Ῥωμανοῦ
2542 2268 2632 2323 καὶ
2695 2268 2801 2322 ἀπὸ
2851 2266 2980 2328 τοὺς
3049 2267 3493 2342 ἀναγναςεαρίους
3554 2269 3662 2321 τοῦ
3720 2266 3861 2343 φόρον

2196 2358 2302 2414 ἀπὸ
2346 2356 2619 2436 διαφόρων
2649 2357 2956 2433 προσώπων
2993 2360 3100 2411 τῶν
3137 2358 3181 2412 ΙΙ
3212 2356 3447 2429 νομίσμ,
3492 2358 3619 2426 (21)
3651 2356 3748 2422 τί,
3781 2350 3855 2419 ζζ,

2197 2451 2263 2506 τὰ
2312 2451 2401 2505 καὶ
2461 2449 2827 2524 ἀγορασθέντα
2910 2448 3248 2503 κατενώπιον
3322 2450 3419 2501 τοῦ
3500 2443 3853 2518 σακελλαρὲω

2195 2541 2434 2594 καὶτοῦ
2496 2539 2824 2614 βεστιαρίου.
2904 2534 3205 2608 Ἐδόθησαν
3284 2537 3413 2607 ὑπὲρ
3507 2536 3714 2608 μισθοῦ
3762 2535 3845 2584 τῶν

2195 2627 2588 2705 ἀρμενοράφων
2646 2631 2756 2682 τῶν
2824 2628 3112 2700 καμόντων
3166 2626 3233 2682 τὰ
3309 2625 3441 2682 αὐτὰ
3514 2626 3734 2699 ἄρμενα
3779 2619 3847 2671 fit

2197 2719 2395 2794 ἀγορᾶς
2439 2718 2701 2790 νήματος,
2744 2716 2849 2791 λγέ
2917 2713 3112 2786 Ἐδόθη
3168 2716 3301 2787 ὑπὲρ
3360 2716 3577 2790 ἀγορᾶς
3648 2709 3842 2783 ξυλοχε.

2197 2807 2362 2881 ραίων
2415 2805 2570 2882 λόγῳ
2616 2809 2724 2861 τῶν
2779 2804 2955 2859 αὐτῶν
3017 2806 3079 2858 ια’
3137 2798 3489 2877 καραὸίωνη.
3540 2799 3706 2867 ἐδόθη
3738 2798 3840 2867 ὑπὲρ

2197 2897 2392 2970 ἀγορᾶς
2449 2894 2711 2970 σχοινίων
2769 2892 2923 2969 λόγῳ
2969 2898 3220 2967 κρυπτῶν
3267 2891 3557 2968 ἐπικήρων
3619 2890 3704 2944 καί
3758 2906 3837 2940 m-

2198 2982 2508 3060 διοδρόμων
2540 2989 2647 3040 τῶν
2686 2976 2861 3038 αὐτῶν
2899 2985 2964 3037 ια’
2994 2982 3267 3056 ἀρμένων,
3318 2988 3432 3057 ν.γ“.
3493 2978 3698 3048 Ἐδόθη
3732 2975 3837 3045 ὑπὲρ

2196 3075 2393 3150 ἀγορᾶς
2435 3072 2723 3152 διφθερέων
2766 3069 2849 3141 ιδ’,
2901 3073 3058 3144 ν.ξβ“,
3091 3072 3165 3133 ὡς
3195 3076 3304 3126 τῶν
3336 3071 3541 3145 ἐτέρων
3584 3071 3649 3125 ιϐ’
3677 3066 3832 3143 dicae-

441 3169 499 3225 in
523 3186 648 3226 eam
674 3186 795 3226 rem
817 3169 1232 3239 adhibitorum,
1257 3185 1507 3240 expensa
1538 3169 1772 3225 fuerunt
1807 3186 1969 3224 num.
1995 3168 2081 3223 33.

2203 3162 2332 3238 ρίων
2384 3160 2641 3217 δοθέντων
2689 3162 2797 3217 ἀπὸ
2844 3165 2951 3216 τῶν
2999 3161 3370 3234 ἀποκειμένων
3421 3159 3505 3222 εἷς
3550 3162 3615 3215 τὸ
3641 3154 3831 3213 εἰδικόν.

440 3263 551 3316 Pro
599 3260 864 3317 emendis
912 3258 1180 3316 antennis
1212 3259 1420 3330 ligneis
1466 3259 1701 3314 illorum
1732 3258 1791 3313 11
1828 3257 2089 3314 carabio-

442 3365 573 3404 rum
606 3365 860 3421 expensa
890 3354 1119 3415 sunt...;
1155 3365 1257 3419 pro
1293 3347 1554 3403 emendis
1591 3347 1830 3403 funibus
1862 3347 1919 3402 in
1950 3362 2091 3416 sup—

442 3435 801 3508 plementum
852 3453 1072 3503 eorum,
1106 3454 1232 3507 qua
1280 3452 1434 3491 nunc
1475 3441 1637 3502 sunt,
1671 3439 1773 3490 aut
1818 3435 2092 3504 deinceps

442 3531 634 3592 erunt,
657 3533 709 3580 et
732 3526 1097 3597 ignorantur,
1130 3525 1363 3595 putrida
1395 3528 1567 3595 atque
1601 3522 1827 3594 fragilia
1854 3524 1910 3578 in
1937 3522 2093 3578 funi-

443 3614 553 3670 bus
583 3617 639 3667 et
670 3612 932 3684 plexibus
965 3613 1191 3667 funium
1231 3612 1617 3669 annularibus
1649 3616 1934 3667 antennas
1964 3628 2092 3667 am-

444 3700 740 3758 bientibus
800 3702 1136 3757 earumdem
1199 3702 1259 3755 11
1324 3699 1581 3756 velorum
1643 3717 1895 3774 expensa
1954 3704 2093 3757 sunt

446 3807 610 3857 num,
646 3794 695 3857 3,
757 3807 860 3862 pro
919 3790 1185 3847 emendis
1239 3789 1491 3863 pellibus
1550 3791 1620 3847 12
1676 3807 1928 3861 expensa
1983 3807 2092 3849 nu-

2199 3249 2394 3322 Ἐδὸθη
2465 3251 2597 3326 ὑπὲρ
2664 3250 2897 3326 ἁλειφῆς
2973 3254 3083 3306 τῶν
3142 3248 3319 3305 αὑτῶν
3378 3246 3696 3327 διφθερὲων,
3757 3244 3825 3311 Cv"

2200 3338 2393 3411 Ἐδόθη
2447 3341 2580 3415 ὑπὲρ
2627 3341 2824 3415 ἀγορᾶς
2871 3341 3162 3416 μαγγάνων
3213 3338 3365 3413 λόγῳ
3411 3342 3525 3393 τῶν
3562 3337 3731 3393 αὐτῶν
3761 3334 3825 3391 αι’,

2200 3425 2494 3503 “Fuﬁa”:
2529 3441 2556 3493 θ
2590 3438 2649 3491 ςλ
2678 3426 2878 3499 Ἐδόθη
2915 3429 3046 3503 ὑπὲρ
3098 3429 3295 3504 ἀγορᾶς
3324 3426 3557 3483 κωπίων
3582 3427 3709 3491 τπε“,
3737 3442 3758 3474 ν
3778 3420 3820 3473 εἱ

2202 3515 2397 3589 Ἐδόθη
2437 3519 2569 3595 ὑπὲρ
2618 3520 3009 3593 ναυπηγήσεως
3062 3522 3170 3572 τῶν
3230 3518 3402 3572 αὐτῶν
3457 3525 3551 3586 ia‘,
3586 3506 3822 3590 καραϐἱων

2198 3611 2306 3663 τῶν
2352 3628 2411 3663 τε
2459 3613 2699 3684 σχιστῶν
2748 3609 2838 3663 καὶ
2886 3611 2992 3662 τῶν
3035 3603 3342 3683 περιϐόλων
3380 3606 3562 3661 αὐτῶν
3614 3606 3698 3660 καὶ
3726 3599 3821 3655 lo:-

2199 3702 2340 3765 πῶν,
2371 3705 2515 3754 ν.ια“.
2551 3694 2748 3766 Ἐδόθη
2786 3698 2918 3770 ὑπὲρ
2950 3695 3382 3770 καλαφατήσεως
3412 3702 3522 3750 τῶν
3559 3695 3726 3751 αὐτῶν
3755 3695 3817 3749 ια’.

2199 3783 2499 3863 καραϐίων,
2550 3786 2714 3863 ν.λγ“.
2759 3784 2957 3858 Ἐδόθη
3011 3787 3141 3860 ὑπὲρ
3185 3786 3385 3863 ἀγορᾶς
3425 3786 3627 3860 ἑτέρων
3655 3778 3818 3837 aravit»?

1478 3896 1680 3955 JOAN.
1720 3896 1864 3954 JAC.
1909 3896 2177 3954 REISKII
2228 3894 2825 3953 COMMENTARIUS.

516 3995 629 4068 (19)
674 3994 753 4068 Ut
799 3994 1020 4067 aliquid
1079 3995 1298 4068 darem,
1329 4011 1443 4068 non
1505 3996 1660 4068 quod
1718 3999 1941 4051 rectum
2003 4012 2094 4052 me

446 4069 585 4123 dare
614 4066 944 4138 crederem,
975 4066 1117 4138 verti
1146 4082 1245 4137 pro
1274 4066 1448 4135 fabris
1475 4067 1801 4138 gladiariz‘s.
1834 4072 1935 4123 Est
1962 4069 2095 4137 qui—

447 4141 602 4205 dem,
636 4136 954 4212 τζαῐφηνιῄ
991 4135 1652 4212 τζαίπυςαίῙηΑιίᾳοὶοο
1695 4135 2093 4212 gladius._Sed

446 4228 551 4282 pro
602 4206 1093 4282 gladiarioAfabro
1126 4207 1223 4282 illi
1271 4206 1455 4282 τζιάπ,
1490 4209 1643 4280 Siap,
1689 4206 1909 4265 dicunt.
1944 4210 2093 4280 Ergo

446 4276 638 4338 saltim
687 4276 997 4349 τζιαπάδωι
1049 4280 1288 4352 deberet
1338 4276 1771 4352 hicg_scriptum
1817 4297 1946 4336 esse
1990 4276 2092 4352 pro

444 4347 745 4421 τζιπάτων,
775 4370 809 4407 a
849 4351 1202 4423 nominativo
1248 4347 1556 4423 τζιαπάδες,
1598 4347 1654 4407 et
1701 4353 1757 4406 in
1808 4347 2093 4423 singulari

444 4422 696 4492 τζιαπάς.
748 4424 1030 4491 Exspecto
1081 4422 1259 4490 igitur
1308 4422 1546 4477 meliora
1575 4429 1631 4479 et
1660 4422 1926 4479 certiora.
1966 4425 2094 4481 Uti-

448 4511 581 4567 nam
616 4494 831 4567 liceret
860 4495 1059 4567 locum
1105 4493 1377 4567 He‘ronis,
1409 4510 1582 4567 quem
1618 4494 1705 4567 Du
1759 4494 1949 4567 Gange
1998 4495 2086 4550 Gl.

449 4565 548 4637 Gr.
598 4583 650 4637 p.
706 4565 863 4632 1571,
914 4581 965 4619 v.
1017 4563 1263 4632 Τζιπάτα
1313 4560 1568 4634 adducit,
1618 4566 1677 4621 in
1737 4560 2093 4623 conn'exione
2123 4560 2168 4625 Ι)

448 4636 660 4708 legere,
694 4637 887 4707 itaque
938 4637 1284 4707 perspicere,
1317 4637 1455 4708 quid
1490 4653 1557 4693 ea
1586 4637 1699 4693 sibi
1742 4640 1921 4706 velit;
1950 4640 2095 4695 forte

450 4712 797 4777 congrueret
830 4712 1031 4763 nostro
1064 4708 1208 4765 loco.

519 4779 631 4854 (20)
666 4777 929 4854 Insolens
969 4778 1078 4854 hoc
1129 4779 1545 4852 compendium
1594 4797 1712 4836 non
1742 4780 1907 4854 vider)
1934 4782 2098 4854 quid

448 4850 637 4923 possit
689 4850 844 4907 aliud
876 4850 1234 4923 significare,
1267 4850 1445 4922 quam
1481 4855 1709 4926 χρυσοῦ,
1743 4852 1900 4924 quod
1931 4850 2103 4909 libra-

449 4951 568 5007 rius
615 4949 759 5006 alias
791 4950 1091 5006 consuevit
1120 4966 1221 5021 per
1241 4947 1309 5019 x‘
1330 4951 1670 5023 exprimere.
1714 4952 1953 5023 Signum
1978 4934 2105 5038 [γη

454 5059 560 5117 hoc
607 5059 736 5131 ipso
786 5074 950 5115 versu
1002 5057 1253 5130 positum
1304 5057 1498 5131 simile
1539 5058 1657 5115 fere
1687 5063 1776 5116 cst
1809 5057 1914 5127 illi,
1948 5056 2101 5131 quod

453 5129 809 5188 membranae
840 5129 1079 5197 dabant,
1104 5134 1161 5184 et
1188 5130 1338 5198 quod
1374 5130 1520 5185 mihi
1548 5131 1737 5186 visum
1775 5132 1880 5185 fuit
1912 5129 2102 5185 milia-

448 5204 563 5259 resi
596 5202 984 5273 asigniﬁcare,
1018 5216 1266 5273 quorum
1302 5206 1522 5273 certum
1556 5218 1867 5258 numerum
1901 5206 2106 5273 auctor

451 5275 508 5328 in
544 5271 811 5344 promptu
866 5289 981 5328 non
1033 5271 1304 5344 habebat.
1343 5271 1448 5327 Pro
1479 5289 1545 5328 eo
1585 5273 1642 5327 in
1689 5273 1911 5328 Latinis
1954 5272 2104 5344 jussi

449 5344 651 5400 cifram
673 5361 887 5416 oppon,
903 5343 1341 5416 significaturus
1361 5345 1568 5416 nonid,
1590 5346 1742 5416 quod
1773 5344 1973 5412 vulgos
1996 5343 2108 5416 ole-

448 5431 578 5471 mus
602 5431 669 5471 ea
692 5413 1034 5482 cit'ra,nulla
1053 5414 1433 5482 miliarensia,
1465 5416 1564 5470 sed
1589 5413 1952 5471 miliarensia
1978 5413 2103 5485 qui-

454 5500 677 5559 dem,at
701 5512 813 5551 non
840 5499 958 5552 noti
987 5497 1236 5553 numeri.
1279 5491 1643 5640 orbae

518 5570 633 5640 (21)
668 5568 1007 5625 Membrana
1038 5571 1121 5625 sic
1164 5586 1177 5625 :
1207 5570 1312 5621 τῶν
1580 5588 1633 5621 νν

518 5570 633 5642 (21)
668 5568 1007 5625 Membrana
1038 5571 1121 5625 sic
1164 5586 1177 5625 :
1207 5565 1327 5640 16w]
1478 5565 1973 5642 va.Quomodo
1998 5565 2105 5639 logi

451 5653 658 5709 debeat
697 5649 793 5706 hic
834 5647 1017 5722 locus,
1050 5648 1261 5707 melius
1291 5648 1523 5722 dixerit,
1556 5649 1656 5722 qui
1690 5649 1882 5722 magis
1910 5665 2106 5706 versa-

448 5728 548 5781 tus
580 5724 639 5779 in
672 5721 937 5802 numeris
983 5721 1399 5802 etﬁcodicibua
1422 5721 1893 5802 Graecismssiis,
1928 5736 2106 5802 quam

451 5810 558 5875 ego
590 5796 820 5860 quidem
856 5808 1006 5849 sum.
1042 5791 1185 5848 Dedi
1218 5793 1441 5864 aliquid
1475 5809 1505 5850 e
1537 5795 1897 5876 conjectura,
1922 5791 1995 5848 ne
2029 5791 2110 5845 ni-

448 5864 530 5919 hil
596 5865 818 5921 darem.
873 5864 1036 5935 Apud
1099 5863 1492 5923 Montfaucon.
1552 5881 1613 5920 in
1675 5864 1945 5937 Palangr.
2008 5862 2103 5918 Gr.

2204 4045 2262 4101 p.
2286 4029 2411 4096 360,
2436 4030 2659 4099 reperio
2693 4030 2939 4101 figuram
2964 4013 3093 4089 [Δ
3114 4030 3448 4104 significare
3470 4030 3679 4086 scribis
3698 4026 3821 4081 Gre-

2203 4110 2288 4163 cis
2335 4110 2652 4165 mi'li'aresia
2679 4126 2793 4167 sex.
2829 4110 3141 4183 Hic_locus
3194 4127 3285 4167 me
3331 4111 3586 4178 induxit,
3621 4115 3820 4183 utam);

2202 4195 2411 4306 fuoque
2439 4197 2622 4251 panno
2665 4182 2815 4237 senis
2859 4181 3185 4238 miliaresii’s
3214 4190 3395 4254 empta
3423 4184 3649 4239 darem.
3684 4178 3820 4234 Simi-

2229 4253 2275 4306 is
2307 4256 2502 4306 nostro
2529 4251 2663 4306 huic
2695 4252 2821 4306 loco
2854 4254 3288 4306 quodammodo
3309 4259 3399 4306 est
3419 4254 3568 4306 alter
3601 4249 3817 4306 proxime

2229 4253 2275 4307 is
2307 4256 2502 4308 nostro
2529 4251 2663 4308 huic
2695 4252 2821 4310 loco
2854 4251 3399 4325 quodammodo—est
3419 4254 3568 4311 alter
3599 4251 3817 4327 proxime

3742 4355 3765 4388 ο

2201 4441 2453 4495 sequens
2511 4445 2567 4500 p.
2626 4430 2752 4500 390,
2816 4430 2951 4504 ὑπὲρ
3013 4426 3215 4505 ἄγορᾶς
3278 4428 3530 4485 κιλικῖων
3589 4451 3623 4484 α
3672 4429 3818 4481 τῶνς

2201 4516 2485 4594 ν.ρξς’(β’
2513 4538 2562 4581 ς.
2604 4517 2761 4574 Verti
2792 4520 3044 4576 similem
3074 4520 3147 4593 [in
3182 4522 3419 4576 modum
3478 4521 3697 4590 singula
3742 4525 3819 4584 ρνο

2206 4623 2354 4681 senis
2422 4620 2880 4694 numismalibus,
2933 4624 3073 4694 etc,
3132 4620 3279 4694 bene
3349 4637 3568 4694 gnarus
3629 4621 3682 4694 id_
3728 4626 3814 4694 noti

2206 4662 2359 4753 ἴδοιο
2388 4707 2623 4749 versum
2655 4707 2798 4747 esse.
2832 4662 2979 4747 Nam
3012 4663 3073 4747 si,
3092 4692 3254 4747 mille
3281 4662 3606 4763 pugnorum
3642 4682 3816 4758 singuli

2206 4767 2387 4838 empti
2438 4765 2676 4820 fuerunt
2716 4762 2902 4838 pretio
2934 4779 3207 4838 senorum
3242 4762 3813 4838 miliaresiorum,_n€-

2207 4832 2369 4895 cesse
2423 4839 2508 4892 est
2556 4850 2656 4907 sex
2703 4832 3059 4907 milliarmil.
3100 4836 3281 4907 totius
3332 4836 3561 4907 numeri
3609 4832 3812 4907 pretiuiii

2208 4911 2410 4966 luisse.
2453 4906 2630 4977 Atqui
2661 4922 2761 4960 sex
2819 4906 2999 4961 millia
3058 4906 3478 4961 miliarensium
3544 4909 3615 4962 ad
3669 4906 3817 4977 num}-

2208 4987 2399 5038 smata
2421 4970 2654 5050 redacta
2674 4977 2997 5047 (continent
3019 4983 3213 5050 autem
3242 4979 3605 5033 nomismata
3627 4970 3813 5050 singg!a

2208 5053 2479 5109 duodena
2529 5041 2907 5119 miliarensia)
2955 5048 3219 5104 efﬁciunt
3268 5050 3549 5105 numism.

2208 5131 2404 5180 autem
2456 5126 2685 5175 tantum
2729 5110 2981 5189 expensa
3027 5121 3301 5176 dicuntur
3341 5110 3812 5189 numismata

2209 5196 2332 5251 mil.
2364 5199 2418 5249 6.
2452 5194 2707 5261 Apparet
2754 5180 2913 5262 ergo,
2956 5190 3243 5247 calculum
3296 5192 3505 5247 falsum
3556 5209 3699 5248 esse.
3734 5180 3808 5239 Sed

2209 5284 2312 5337 per
2339 5262 2807 5337 trepidationem,
2840 5279 2971 5316 cum
3006 5267 3283 5337 urgerent
3320 5262 3631 5335 typothetaa
3661 5268 3710 5337 et
3733 5270 3809 5311 me-

2210 5334 2431 5393 ditandi
2482 5341 2657 5405 atque
2707 5334 2848 5388 alios
2900 5334 3273 5405 consultandi
3325 5334 3581 5390 mortuos
3634 5336 3809 5389 vivosve

2209 5410 2395 5466 otium
2426 5423 2541 5462 non
2564 5404 2745 5471 esset,
2780 5405 2913 5460 dedi
2955 5404 3202 5476 aliquid,
3238 5410 3300 5461 ut
3329 5406 3467 5470 dixi,
3504 5422 3577 5461 ne
3617 5410 3809 5477 progus

2210 5479 2358 5537 nihil
2391 5478 2611 5535 darem.
2643 5476 2970 5532 Emendent
3001 5473 3121 5532 haec
3151 5482 3282 5549 post
3312 5494 3417 5533 nos
3443 5473 3690 5533 venturi.
3718 5473 3811 5530 Hec

2210 5571 2340 5644 ipsa
2372 5564 2751 5697 figurari
2778 5566 2943 5637 quasi
2976 5574 3125 5623 esset
3149 5586 3182 5641 γ
3205 5571 3261 5624 et
3282 5587 3310 5639 ρ
3334 5584 3467 5625 cum
3491 5562 3810 5639 superposito

2212 5737 2244 5804 ο
2276 5736 2451 5793 parvo
2482 5720 2568 5801 est
2597 5717 2656 5772 in
2692 5716 3043 5773 membranis
3071 5718 3284 5800 nostris
3304 5717 3406 5789 ibi,
3429 5718 3527 5774 ubi
3551 5718 3621 5774 cl.
3648 5712 3810 5792 Leicltd

2214 5810 2272 5843 in
2308 5806 2411 5843 sua
2456 5788 2712 5843 editione
2745 5805 2802 5843 ο.
2836 5789 2956 5843 195.
2991 5790 3145 5843 dedit
3179 5796 3263 5843 ις’.
3296 5791 3403 5843 hoc
3449 5794 3537 5843 est
3574 5789 3807 5843 XVlzt'l-

2214 5789 2411 5847 in'sua
2456 5789 2712 5845 editione
2745 5805 2802 5858 p.
2836 5789 2956 5857 195,
2991 5790 3145 5844 dedit
3179 5796 3263 5855 ις’,
3296 5791 3403 5846 hoc
3449 5794 3537 5845 est
3574 5789 3784 5857 XVl;vi

2213 5865 2383 5919 detur
2416 5867 2609 5917 tamen
2644 5861 2838 5932 potius
2866 5859 2945 5915 ibi
2976 5860 3206 5917 decuria
3228 5863 3473 5919 delenda
3503 5877 3644 5919 esse.
