4008 6210
157 345 360 406 1249

159 476 478 553 ῥασιακῶν
547 475 592 550 ρ’
637 478 744 530 τῶν
789 471 1050 530 δοθέντων
1106 474 1241 528 κατὰ
1296 471 1602 548 περίσσειαν
1643 472 1719 536 εἰς
1765 471 1854 527 τὸν
1883 475 1939 542 Α

159 563 362 620 αὐτὸν
401 562 625 632 στόλον,
657 585 705 621 ν.
733 565 841 634 κη“,
875 563 1002 637 ζιβ“.
1037 559 1235 632 Ἐδόθη
1267 563 1400 638 ὑπὲρ
1430 561 1629 637 ἀγορᾶς
1657 563 1860 638 βυρσα-

159 654 322 728 ρῖων
388 653 434 690 ⁵⁷
505 654 700 727 βοείων
766 653 905 728 ρκβ“,
972 672 1108 722 πην.
1177 648 1374 722 Ἐδόθη
1446 651 1580 726 ὑπὲρ
1644 651 1851 726 ἀγορᾶς

161 741 555 798 κεντοῦκλων
588 750 630 796 σ¹
653 746 759 796 τῶν
799 739 1061 804 δοθέντων
1109 742 1245 796 κατά
1291 739 1598 814 περίσσειαν
1649 740 1856 812 ὁμοίως

168 835 263 895 εἷς
295 835 369 888 τὸ
407 832 695 908 βασιλικὸν
742 829 1006 904 πλόϊμον,
1056 836 1178 901 κηζ.
1233 828 1432 900 Ἐδόθη
1483 830 1612 903 ὑπὲρ
1661 829 1859 904 ἀγορᾶς

165 922 460 978 κιΑικοῖων
493 943 541 997 ,α
568 926 675 976 τῶν
707 923 769 991 ζ’,
802 942 850 978 ν.
886 923 1010 994 ρξε’,
1065 921 1159 990 ζς’.
1227 917 1423 989 Ἐδόθη
1479 919 1610 992 ὑπὲρ
1655 917 1859 994 ἀγορᾶς

169 1011 469 1090 σχοινίων
539 1010 854 1084 λεπταρίων
921 1011 1012 1064 καὶ
1099 1007 1410 1084 χαρταρῖων
1505 1008 1594 1062 καὶ
1651 1006 1855 1075 λοιπῆς

174 1098 420 1174 ἐξόδου,
477 1122 526 1157 ν.
601 1101 662 1169 ις’
721 1105 816 1168 ξς.
885 1097 1052 1174 Λόγῳ
1118 1104 1346 1166 ποιῆσαι
1413 1095 1643 1171 ἆτεγίων
1705 1093 1856 1150 κιλι-

172 1189 367 1245 κζνων
434 1191 498 1264 ρ“,
556 1188 731 1264 ρπγν’.
792 1183 988 1254 Ἐδόθη
1053 1186 1184 1259 ὑπὲρ
1251 1185 1456 1260 ἀγορᾶς
1540 1182 1856 1257 κασσιτέρου

185 1277 400 1351 λίτραι
432 1279 496 1348 σ“,
544 1299 591 1334 ν.
639 1273 739 1330 λδ“.
795 1272 990 1346 Ἐδόθη
1055 1275 1186 1348 ὑπὲρ
1233 1275 1435 1349 ἀγορᾶς
1480 1271 1856 1348 χαλκώματος

188 1368 475 1443 λίτραισ“,
519 1387 565 1421 ν.
613 1368 706 1437 ιη’.
741 1362 934 1434 Ἐδόθη
971 1365 1103 1438 ὑπὲρ
1125 1364 1322 1439 ἀγορᾶς
1342 1360 1640 1440 σκαφιδίων
1663 1382 1858 1436 στρογ-

181 1455 395 1534 γύλων
431 1455 685 1531 μεγάλων
721 1462 783 1528 ρ’,
817 1476 866 1511 ν.
921 1455 1011 1529 ιβ’.
1059 1450 1255 1522 Ἐδόθη
1308 1452 1442 1526 ὑπὲρ
1479 1451 1677 1526 ἀγορᾶς
1726 1471 1858 1506 σκα-

188 1544 410 1625 φιδίων
473 1545 815 1619 μικροτέρων
875 1549 942 1617 ρ’,
976 1566 1024 1600 ν.
1071 1543 1170 1616 κγ’.
1231 1539 1425 1612 Ἐδόθη
1471 1542 1604 1615 ὑπὲρ
1655 1541 1855 1614 ἀγορᾶς

188 1633 522 1709 καλδαρὲων
584 1640 647 1704 σ“,
704 1656 754 1691 ν.
807 1633 910 1708 λγ“.
953 1629 1151 1701 Ἐδόθη
1210 1631 1344 1705 ὑπὲρ
1401 1629 1600 1706 ἀγορᾶς
1650 1650 1856 1684 καπου-

187 1724 342 1781 λίων
385 1726 450 1800 β’,
482 1746 530 1778 ν.
568 1731 639 1797 μ’.
671 1719 871 1791 Ἐδόθη
899 1721 1034 1793 ὑπὲρ
1063 1720 1264 1796 ἀγορᾶς
1294 1720 1570 1794 πτυαρίων
1600 1740 1663 1786 ια.
1695 1741 1745 1778 ν.
1773 1717 1855 1778 ιδ’.

185 1812 404 1884 Ἐδόθη
443 1814 578 1882 ὑπὲρ
605 1814 803 1886 ἀγορᾶς
833 1809 1029 1884 ἑτέρων
1061 1805 1241 1863 κάδων
1265 1807 1602 1882 μικροτέρων
1632 1814 1694 1867 ν’.
1726 1830 1772 1866 ν.
1797 1810 1854 1867 ε’.

181 1902 398 1974 Ἐδόθη
444 1904 573 1977 ὑπὲρ
625 1901 824 1977 ἀγορᾶς
873 1901 1057 1974 ἑτέρου
1108 1899 1425 1975 κασσιτέρου
1476 1897 1655 1974 λίτραι
1715 1901 1851 1953 σ¹τᾶ

182 1991 427 2056 δοθέντα
458 1989 688 2066 Μιχαὴλ
719 1993 865 2064 χυτῇ
897 1990 1012 2062 (22)
1045 1987 1196 2064 λόγῳ
1225 1986 1688 2059 κατακολλήσεως
1730 1987 1852 2043 δια-

183 2085 384 2160 φόρων
445 2078 614 2155 ἔργων
663 2083 770 2134 τῶν
817 2076 1113 2155 σιφουνίων
1168 2082 1270 2132 τοῦ
1341 2078 1630 2154 βασιλικοῦ
1692 2076 1855 2132 πλοΐ-

189 2192 329 2244 μου,
362 2193 413 2228 ν.
439 2169 574 2238 λςν’.
606 2165 804 2239 Ἐδόθη
832 2168 965 2241 ὑπὲρ
996 2167 1195 2242 ἃγορᾶς
1217 2167 1416 2239 κηρίου
1438 2165 1619 2240 λίτραι
1640 2167 1767 2240 ρ’,ν.
1792 2167 1850 2224 ε’.

190 2257 402 2330 Ἐδόθη
439 2259 572 2333 ὑπὲρ
599 2257 798 2332 ἀγορᾶς
866 2251 1128 2329 μοΛιϐίου
1177 2255 1344 2330 ἀργοῦ
1396 2254 1579 2331 λίτραι
1611 2256 1674 2324 σ“,
1708 2276 1754 2311 ν.
1787 2253 1850 2325 δ’,

190 2347 407 2419 Ἐδόθη
453 2349 584 2420 ὑπὲρ
635 2348 839 2422 ἀγορᾶς
886 2343 1260 2420 χαλκώματος
1320 2342 1583 2424 διαφόρου
1633 2348 1712 2416 τῷ
1759 2341 1855 2399 δο-

193 2440 349 2504 θέντι
379 2440 492 2512 (23)
524 2436 680 2513 λόγῳ
719 2444 822 2506 τῆς
859 2436 1160 2510 ὑπουργίας
1203 2439 1302 2490 τοῦ
1349 2431 1712 2510 δρουγγαρίοὺ
1757 2438 1856 2489 τοῦ

195 2525 454 2598 πλοέμου
527 2526 660 2602 ὑπὲρ
718 2522 994 2580 κακαόίων
1064 2523 1319 2600 μεγάλων
1391 2524 1456 2598 β’,
1518 2523 1608 2577 καὶ
1661 2521 1856 2598 ἑτέρῶν

196 2611 482 2672 κακοϐίων
527 2614 762 2688 μεσαῖων
808 2615 854 2650 ⁵⁸
906 2615 974 2689 β’,
1033 2613 1124 2668 καὶ
1173 2607 1628 2692 χυτροκακαϐίων
1672 2633 1856 2688 γανω-

195 2709 306 2760 τῶν
339 2701 403 2774 δ’,
457 2704 548 2758 καὶ
605 2702 955 2776 κουκουμῖων
1019 2701 1274 2780 μεγάλων
1334 2701 1400 2776 β’,
1445 2702 1534 2756 καὶ
1593 2701 1852 2777 τιγανίων

202 2793 464 2869 μεγάλων
535 2795 601 2868 β’,
667 2791 1117 2868 χαλκοσταμνίου
1186 2794 1301 2864 (24)
1364 2795 1634 2866 γανωτοῦ,
1718 2790 1855 2860 ἑνὸς,

199 2880 486 2957 φλατρίων
515 2884 774 2954 γανωτῶν
809 2881 876 2954 β’,
911 2872 1334 2953 χερνιϐοξεστῶν
1370 2878 1440 2951 β“,
1472 2899 1521 2932 ν.
1553 2873 1653 2932 κδ’.
1683 2878 1857 2950 Ὁμοῦ

197 2971 262 3026 τὸ
303 2975 406 3024 πᾶν
443 2967 626 3039 ἔξοδος
659 2976 710 3044 χ“
750 2967 929 3042 λίτρα.
969 2974 1070 3036 κα“,
1101 2988 1151 3024 ν.
1184 2967 1280 3037 νζ“,
1316 2965 1438 3039 μιλ.
1468 2973 1529 3036 ς’.
1559 2963 1856 3036 Ἐδόθησαν

203 3059 354 3134 παρὰ
442 3062 541 3114 τοῦ
645 3055 850 3113 εἰδικοῦ
949 3052 1141 3130 κόρδαι
1241 3054 1543 3126 μεταξωταὶ
1639 3057 1861 3128 σπάρτι-

203 3171 309 3204 ναι.
383 3145 681 3218 Ἐδόθησαν
743 3144 921 3219 ἓτεραι
1007 3141 1202 3219 κόρδαι
1243 3205 1248 3208 _
1293 3143 1594 3217 μεταξωταὶ
1665 3145 1855 3218 μικραὶ

203 3235 359 3313 λόγῳ
401 3243 509 3293 τῶν
556 3233 1013 3310 τοξοϐολιστρῶν.
1067 3233 1264 3302 Ἐδόθη
1307 3234 1518 3308 ὁμοίως
1563 3233 1712 3306 παρὰ
1757 3237 1855 3289 τοῦ

205 3325 412 3383 εἰδικοῦ
447 3326 600 3404 λόγῳ
628 3332 736 3381 τῶν
770 3319 1188 3398 καλυϐωμάτων
1239 3327 1346 3377 τῶν
1404 3319 1711 3397 χελανδίων
1758 3326 1857 3378 τοῦ

210 3416 492 3491 βασιλικοῦ
522 3413 770 3488 πλοῖμου
801 3413 900 3469 ἀνὰ
929 3413 1176 3488 χαρτίων
1207 3418 1243 3466 ε’
1277 3407 1534 3484 μολίὸιον
1580 3410 1782 3486 χαρτία
1811 3411 1855 3486 ρ’

205 3527 284 3561 στι
317 3505 498 3579 λίτραι
531 3506 604 3581 γ’.
649 3501 845 3572 Ἐδόθη
895 3503 990 3557 τὸν
1050 3498 1412 3577 δρουγγάριον
1460 3504 1558 3556 τοῦ
1605 3498 1852 3573 πλοΐμου

209 3595 312 3650 ἀπὸ
354 3600 455 3649 τοῦ
502 3592 784 3649 κατεπάνω
840 3597 940 3647 τοῦ
982 3589 1225 3665 ἅρματος
1273 3592 1318 3626 ⁵³
1373 3592 1485 3662 (⁸25)
1545 3589 1744 3654 σπαθία
1786 3612 1851 3664 ly,

213 3703 496 3756 σκουταρια
551 3703 620 3755 χ,
678 3682 939 3755 κοντάρια
997 3702 1062 3753 ογ,
1123 3676 1348 3754 σαγίτας
1413 3677 1665 3754 χιλιάδες
1742 3686 1850 3752 σμ’,

214 3772 386 3847 ἑτέρας
439 3772 660 3847 σαγίτας
720 3768 870 3844 λόγῳ
927 3773 1035 3822 τῶν
1082 3762 1524 3842 τοξοϐολεστρῶν
1576 3767 1714 3839 μύας
1766 3786 1854 3842 χι-

217 3859 389 3924 λιάδες
423 3857 486 3918 δ’.

1892 1857 1940 1921 Β

1054 342 1156 403 DE
1199 339 1662 404 CEBIMONIIS
1705 340 1948 404 AULE
1987 339 2458 403 BYZANTINIE
2499 341 2648 403 LIB.
2698 341 2774 402 ll.

3455 342 3611 404 1250

1969 472 2165 529 mism.
2187 473 2278 544 62,
2303 490 2438 530 nam
2471 474 2706 547 reliquas
2733 474 2798 529 19
2828 473 3008 548 pelles
3040 475 3189 532 data:
3219 480 3356 534 sunt
3383 493 3452 533 ex
3483 477 3613 532 illa-

1970 579 2099 620 rum
2123 579 2532 637 numero,quae
2556 565 2613 619 in
2636 565 2788 620 idico
2825 566 3101 637 deposita:
3131 568 3351 637 jacent.
3369 571 3477 622 Pro
3508 585 3614 624 un-

1968 658 2136 708 ctura
2161 655 2500 710 earumdem
2531 654 2770 726 pellium
2800 670 3033 724 expens.
3069 672 3231 711 num.
3264 657 3321 726 7,
3356 657 3502 712 mill.
3533 659 3608 725 0;

1968 759 2072 813 pro
2129 743 2390 799 emendis
2457 745 2760 816 manganis
2829 745 3066 799 illorum
3124 746 3183 799 11
3245 746 3609 801 carabiorum

1968 847 2131 886 num.
2163 832 2219 899 9,
2253 831 2400 886 mill.
2432 831 2502 899 6;
2538 847 2642 902 pro
2690 833 2949 887 emendis
2988 833 3163 888 remis
3210 833 3317 888 485
3361 850 3522 888 num.
3553 835 3611 889 5.

1969 919 2076 974 Pro
2117 924 2494 990 compactura
2526 936 2627 975 seu
2660 920 3040 977 fabricatione
3087 920 3318 977 illorum
3354 922 3412 975 11
3450 939 3612 978 cara-

1967 1008 2198 1064 hiorum
2229 1013 2287 1064 et
2312 1007 2702 1064 cancellorum
2743 1010 3316 1082 sepimentorumque
3357 1011 3616 1068 tabulata

1969 1112 2197 1152 summa
2244 1096 2602 1168 cingentium
2664 1097 3136 1170 reliquarumque
3183 1103 3613 1156 structurarum

1969 1185 2260 1241 navalium
2295 1202 2458 1242 num.
2494 1187 2579 1241 11.
2612 1187 2766 1242 890
2795 1192 2902 1244 Pro
2951 1187 3214 1259 picatura
3259 1188 3496 1245 illorum
3549 1191 3605 1245 11

1968 1274 2334 1331 carabiorum
2365 1290 2528 1332 num.
2551 1276 2642 1330 33.
2667 1277 2774 1330 Pro
2795 1276 3060 1332 emendis
3091 1278 3195 1334 100
3223 1279 3429 1348 pannis
3458 1294 3615 1334 cras-

1967 1363 2050 1419 sis
2093 1362 2222 1418 aliis
2270 1365 2341 1419 ad
2391 1364 2810 1420 abundantiam
2859 1365 2920 1420 in
2969 1364 3219 1422 classem
3280 1367 3614 1426 distributis

1969 1468 2133 1508 num.
2163 1453 2255 1518 28,
2287 1453 2436 1508 mill.
2471 1453 2575 1522 12;
2606 1470 2708 1526 pro
2752 1454 3016 1510 emendis
3047 1455 3222 1512 coriis
3254 1455 3480 1512 bovillis
3514 1459 3616 1512 122

1967 1557 2218 1612 expensa
2249 1558 2410 1597 num.
2443 1542 2535 1611 88,
2568 1541 2712 1598 mill.
2747 1543 2820 1611 0;
2847 1559 2947 1615 pro
2977 1545 3242 1600 emendis
3273 1547 3616 1603 centonibus

1968 1630 2231 1686 ducentis
2254 1632 2469 1703 pariter
2494 1647 2674 1704 super
2695 1647 3009 1688 numerum
3035 1634 3288 1706 erogatis
3309 1634 3368 1689 in
3393 1635 3610 1708 regiam

1967 1721 2214 1777 classem
2261 1736 2516 1792 expensa
2569 1737 2732 1776 num.
2781 1723 2874 1790 28,
2925 1721 3141 1791 mill...;
3195 1739 3296 1795 pro
3349 1725 3616 1783 emendis

1967 1809 2177 1866 ciliciis
2211 1809 2396 1874 mille,
2428 1809 2657 1880 singula
2687 1827 2790 1883 pro
2820 1811 2976 1867 senis
3008 1813 3484 1880 numismatibus,
3517 1831 3618 1870 ex-

1967 1916 2148 1971 pensa
2179 1901 2417 1956 fuerunt
2449 1917 2612 1956 num.
2639 1902 2761 1971 166,
2787 1900 2933 1957 mill.
2955 1902 3010 1958 6.
3038 1901 3144 1957 Pro
3170 1904 3434 1959 emendis
3464 1904 3612 1960 funi-

1961 1991 2073 2045 bus
2125 1989 2368 2046 minutis
2408 1995 2466 2047 et
2505 1991 2722 2047 chartis
2771 2007 2875 2046 seu
2922 1992 3278 2048 membranis
3318 1998 3374 2048 et
3404 1993 3462 2048 in
3496 1993 3633 2052 alia.

1965 2079 2297 2135 necessaria
2334 2095 2587 2152 expensa
2628 2081 2867 2136 fuerunt
2907 2097 3069 2136 num.
3108 2083 3196 2148 15,
3229 2081 3379 2139 mill.
3419 2084 3474 2150 6,
3509 2099 3613 2154 pro

1959 2167 2522 2224 faciendistentoriis
2533 2168 2782 2224 cilicinis
2795 2174 3029 2224 centum
3044 2186 3173 2240 exp.
3189 2172 3612 2226 numism.183.

1961 2255 2106 2311 mill.
2129 2257 2186 2324 0,
2212 2273 2316 2329 pro
2337 2256 2606 2313 emendis
2637 2256 2834 2312 stanni
2864 2257 3031 2314 libris
3061 2258 3328 2314 ducentis
3359 2275 3615 2330 expensa

1962 2345 2245 2401 numism.
2278 2346 2385 2414 34;
2421 2362 2524 2417 pro
2553 2362 2724 2402 aenea
2759 2346 3010 2402 materiai
3040 2346 3204 2402 libris
3234 2349 3339 2401 200
3363 2363 3614 2419 expensa

1965 2435 2186 2492 numis.
2223 2435 2328 2504 18;
2361 2451 2464 2506 pro
2509 2433 2744 2506 scaphis
2790 2435 3011 2507 magnis
3060 2436 3329 2492 rotundis
3378 2441 3614 2492 centum

1969 2540 2221 2597 expensa
2265 2524 2546 2579 numism.
2585 2524 2695 2592 24;
2724 2540 2826 2595 pro
2859 2524 3186 2580 minoribus
3217 2526 3350 2581 aliis
3381 2534 3615 2582 centum

1964 2613 2246 2669 numism.
2275 2613 2374 2682 12;
2410 2629 2513 2685 pro
2537 2612 2797 2668 emendis
2820 2613 3022 2668 ahenis
3052 2612 3318 2670 caldariis
3348 2614 3616 2671 ducentis

1963 2703 2248 2759 numism.
2272 2701 2342 2756 33
2367 2720 2381 2769 ;
2406 2718 2510 2773 pro
2534 2701 2714 2756 labris
2737 2699 2823 2756 vel
2845 2701 3011 2773 cupis
3033 2701 3122 2756 bis
3149 2701 3309 2758 mille
3341 2719 3502 2758 num.
3526 2705 3615 2775 40,

1964 2809 2068 2864 pro
2099 2791 2275 2847 bottis
2306 2789 2467 2846 mille
2499 2808 2659 2846 num.
2686 2790 2789 2858 11;;
2815 2806 2916 2860 pro
2939 2789 3071 2846 aliis
3095 2790 3421 2848 minoribus
3452 2794 3614 2850 cadis

1964 2881 2050 2937 vel
2083 2880 2254 2935 doliis
2282 2879 2710 2952 quinquaginta
2740 2878 3020 2934 numism.
3045 2881 3081 2934 5
3105 2897 3118 2938 :
3144 2896 3246 2952 pro
3268 2881 3461 2937 adhuc
3483 2882 3616 2939 aliis

1965 2971 2158 3027 stanni
2192 2970 2359 3026 libris
2386 2971 2514 3035 200,
2537 2986 2661 3041 quae
2692 2969 2842 3025 datae
2876 2970 3107 3025 luerunt
3138 2971 3316 3027 fusori
3344 2971 3612 3028 Michaéli

1969 3060 2040 3115 ad
2075 3056 2543 3114 ferruminandas
2571 3056 2764 3114 varias
2789 3057 3092 3114 machinas
3113 3059 3430 3130 siphonum
3460 3062 3614 3133 ignis

1970 3147 2154 3204 Graeci
2176 3145 2506 3217 ejaculandi
2521 3145 2726 3202 classis
2739 3149 2928 3218 regiae,
2945 3163 3198 3216 expensa
3216 3150 3472 3204 numism
3485 3191 3498 3204 .
3511 3150 3612 3219 30;

1968 3235 2119 3292 mill.
2143 3235 2207 3296 0;
2233 3250 2336 3306 pro
2358 3250 2498 3290 cerae
2520 3233 2784 3290 emendis
2805 3233 2971 3290 libris
2993 3240 3228 3290 centum
3248 3237 3530 3292 numism.
3549 3240 3615 3306 5;

1965 3341 2069 3398 pro
2101 3324 2368 3380 emendis
2415 3322 2639 3395 plumbi
2673 3323 2730 3378 in
2763 3339 2960 3378 massa
2995 3325 3082 3379 vel
3115 3325 3282 3380 crudi
3319 3325 3481 3381 libris
3508 3327 3616 3382 200

1963 3429 2130 3472 num.
2155 3414 2186 3467 4
2211 3429 2225 3480 ;
2252 3429 2354 3485 pro
2385 3412 2651 3468 emendis
2682 3413 2895 3478 massis
2927 3411 3102 3468 sancis
3127 3413 3189 3469 in
3213 3429 3382 3470 usum
3405 3415 3613 3472 culina)

1964 3506 2264 3577 drungarii
2295 3505 2500 3562 classis
2530 3506 2600 3560 ad
2633 3505 2966 3562 afﬁciendos
2998 3506 3133 3561 inde
3162 3509 3408 3564 cacabos
3438 3525 3614 3579 gran-

1962 3596 2066 3652 des
2087 3597 2235 3651 duos
2255 3599 2312 3651 et
2333 3595 2480 3651 alios
2503 3595 2652 3650 duos
2676 3595 2875 3650 medias
2899 3596 3114 3663 formae,
3139 3601 3196 3652 et
3216 3597 3460 3654 cacabos
3482 3597 3614 3654 olli-

1964 3686 2178 3741 formes
2208 3689 2510 3740 stannatos
2541 3690 2790 3755 quatuor
2815 3689 2876 3739 et
2902 3701 3182 3741 cucumos
3209 3689 3463 3758 grandes
3495 3687 3613 3744 duo

1963 3781 2016 3829 et
2048 3772 2371 3842 sartagines
2403 3773 2658 3842 grandes
2687 3773 2854 3836 duas.
2887 3779 2941 3828 et
2975 3773 3273 3830 matellam
3307 3775 3432 3846 [seu
3466 3775 3616 3832 hau-

1963 3866 2150 3916 strum
2182 3859 2323 3931 vini]
2358 3875 2583 3915 aeneum
2618 3860 2712 3930 [ab
2741 3859 3075 3930 angustiore
3114 3877 3212 3916 ore
3244 3878 3450 3917 versus
3481 3863 3615 3918 fun-

220 3953 350 4008 dum
384 3949 695 4020 latescens]
727 3951 1068 4003 stannatum
1101 3960 1302 4012 unum,
1337 3950 1395 4001 et
1426 3944 1666 4016 lagenas
1715 3952 2019 4002 stannatas
2069 3948 2235 4013 duas,
2267 3952 2325 4002 et
2353 3947 2631 4002 malluvia
2661 3948 2800 4014 duo,
2833 3963 3087 4018 expensa
3142 3951 3378 4005 fuerunt
3422 3952 3618 4008 numi-

222 4047 396 4098 smata
426 4040 626 4112 viginti
661 4047 930 4111 quatuor.
965 4037 1026 4092 In
1059 4036 1397 4092 universum
1451 4035 1577 4091 auri
1608 4035 1750 4091 litrm
1781 4038 1872 4102 21,
1908 4035 2188 4092 numism.
2219 4035 2308 4102 57,
2345 4034 2486 4090 mill.
2519 4035 2574 4092 6.
2611 4035 2828 4090 ldicum
2880 4052 3052 4106 porro
3097 4037 3253 4094 dedit
3303 4045 3481 4094 restes
3513 4054 3618 4111 per

223 4132 380 4186 strias
411 4127 655 4184 ﬁrmiter
696 4132 879 4182 tortos
928 4124 1258 4197 spartinos;
1292 4128 1476 4180 restes
1506 4122 1652 4178 alios
1681 4124 1934 4179 striatim
1967 4130 2143 4180 tortos
2176 4123 2431 4180 minores
2462 4140 2563 4194 pro
2594 4122 2986 4180 arcubalistis.
3025 4127 3131 4180 Pro
3163 4125 3442 4182 tabulatis
3471 4125 3614 4182 che-

221 4219 533 4276 landiorum
564 4216 732 4288 regiis
765 4213 985 4279 ‘classis
1034 4213 1402 4269 bractcandis
1451 4211 1746 4281 sigillatim
1778 4213 1836 4268 in
1871 4213 2332 4284 unumquodque
2391 4211 2762 4268 chelandium
2823 4213 3032 4284 quinas
3091 4213 3354 4270 bracteas
3414 4214 3613 4287 plum-

224 4311 365 4366 beas.
409 4313 471 4366 In
523 4307 858 4364 universum
909 4321 1047 4379 ergo
1091 4307 1150 4362 in
1198 4303 1402 4376 viginti
1451 4303 1759 4360 chelandia
1804 4305 2071 4361 bracteas
2119 4303 2347 4375 plumbi
2395 4310 2653 4370 centum,
2703 4305 3020 4377 pendentes
3067 4304 3245 4362 libras
3293 4311 3380 4362 ter
3426 4306 3610 4363 mille.

224 4399 529 4472 Drucgario
561 4398 768 4454 classis
799 4396 977 4452 dabat
1005 4400 1320 4464 catepanus
1349 4392 1593 4450 armatis
1627 4394 1755 4465 [seu
1807 4393 2270 4462 armamentarii]
2314 4391 2541 4464 gladios
2584 4398 2670 4449 ter
2700 4393 2882 4462 mille,
2915 4403 3079 4451 scuta
3107 4394 3376 4462 totidem,
3407 4404 3610 4453 contos

224 4509 312 4548 seu
359 4491 557 4547 hastas
613 4490 878 4555 totidem,
911 4486 1256 4559 sagittarum
1317 4484 1504 4540 millia
1558 4486 1684 4552 240,
1717 4486 1965 4542 aliarum
2025 4484 2388 4557 sagittarum,
2421 4483 2678 4554 qualium
2741 4501 2886 4542 usus
2915 4490 3004 4542 est
3035 4487 3092 4542 in
3156 4487 3529 4545 arcubalistis
3559 4497 3613 4546 et

227 4599 356 4655 quas
384 4597 613 4638 muscas
643 4580 730 4635 vel
762 4577 1121 4635 muschettas
1145 4575 1466 4650 appellant,
1501 4575 1684 4632 millia
1712 4581 1982 4648 quatuor.

1557 4721 1799 4779 VARI/l5
1836 4720 2250 4780 LECTIONES.

291 4853 656 4982 ⁸ἺΞυρσοιρίων
713 4870 828 4911 em.
887 4855 979 4924 11.,
1038 4851 1227 4926 βυσάρ.
1278 4849 1406 4906 cod.
1468 4850 1525 4904 et
1571 4847 1660 4903 ed.
1739 4845 1786 4881 ⁵⁸
1847 4844 2050 4918 μεσέων
2105 4852 2161 4904 et
2217 4856 2506 4920 κυθροκακ.
2569 4849 2700 4907 cod.
2759 4852 2816 4906 et
2871 4849 2961 4906 ed.
3037 4848 3086 4884 5°
3123 4852 3220 4904 τοῦ
3264 4849 3398 4906 κατὰ
3438 4849 3615 4927 ἅρμα-

291 4944 359 4982 ce
403 4969 415 4982 .

231 4946 311 4990 τος
335 4944 415 4983 ea.

1250 5062 1456 5120 JOAN.
1495 5060 1642 5117 JAC.
1685 5060 1951 5118 REISKII
1990 5062 2580 5122 COMMENTARIUS.

293 5194 391 5265 (22)
419 5192 603 5260 Χυτὴν
655 5191 750 5247 hic
777 5193 958 5265 puto
991 5189 1266 5265 eumdem
1308 5202 1437 5243 esse
1469 5190 1649 5265 atque
1678 5202 1852 5258 quem
1885 5190 1932 5256 Ι)
1966 5187 2191 5265 stioris,
2239 5188 2400 5265 fundi
2435 5188 2692 5265 glatioris.
2740 5190 2930 5265 Gloss.
2974 5192 3073 5248 Gr.
3105 5193 3225 5247 Lat.
3261 5207 3275 5244 :
3318 5189 3616 5258 latalata,

233 5256 322 5336 nos
367 5256 723 5336 appellamus
766 5256 1128 5332 R'othgimer,
1161 5262 1416 5316 iusorem
1459 5256 1851 5324 metallorum,
1966 5256 2250 5336 ἀρύταινα.
2287 5260 2592 5336 Μαιειιαια,
2625 5262 2900 5333 σταμνίον.

232 5330 824 5406 ῐιιδιυιὶιόυρι-δτίοω.
909 5330 917 5332 ⁷
962 5402 999 5406 _
1192 5402 1242 5406 η
1464 5401 1513 5406 __
2005 5330 2401 5406 7(25)uFuisse
2449 5335 2630 5406 armis
2680 5330 3016 5406 praefectum
3067 5331 3320 5402 aliquem
3370 5330 3511 5388 olim
3556 5331 3617 5388 in

292 5409 389 5479 (23)
422 5409 501 5463 Ita
545 5398 927 5463 membranas.
961 5402 1078 5476 Ego
1110 5402 1342 5479 quidem
1376 5401 1516 5479 quid
1550 5399 1664 5458 sibi
1691 5398 1851 5479 velit,
1966 5403 2102 5458 aula
2132 5398 2381 5479 CPtana,
2402 5405 2512 5460 sub
2535 5398 3117 5479 cujusdispositione
3147 5398 3533 5479 essent_arma
3563 5409 3620 5460 et

233 5471 324 5535 non
375 5471 634 5551 intelligo
683 5482 741 5534 et
798 5471 1038 5549 prorsus
1097 5471 1288 5532 deleta
1343 5471 1514 5530 ambo
1570 5471 1854 5529 vocabula
1967 5489 2271 5551 armorum
2307 5471 2874 5551 horreum—dubium
2922 5474 3144 5551 nullum
3177 5475 3478 5551 est.__Num
3512 5493 3620 5551 au-

237 5552 460 5607 mallem.
564 5545 595 5551 ⁷
798 5545 818 5549 ⁷
1059 5618 1064 5619 ί
1310 5616 1326 5619 Α
1461 5615 1472 5619 _
1743 5613 1779 5619 __
1965 5547 2085 5619 tem
2139 5547 2445 5616 Catcpanu:
2489 5549 2731 5603 Armati:
2779 5546 2876 5601 ille
2918 5545 3085 5619 tuerit
3131 5547 3620 5619 appellatus,_du-

292 5625 413 5706 (24)⁹
437 5620 728 5706 Σταμνίον-
774 5624 863 5706 est
919 5618 1074 5691 quod
1134 5633 1241 5706 nos
1266 5613 1858 5706 ’ξζᾷηᾴςζὼορρςιξξ-
1970 5615 2110 5686 bito,
2146 5613 2276 5675 cum
2299 5619 2570 5692 nuspiam
2601 5619 2729 5690 ejus
2757 5616 3112 5676 mentionem
3145 5613 3268 5678 fieri
3302 5616 3615 5675 inveniam.

240 5687 376 5760 mus,
392 5687 576 5752 Latini
609 5695 911 5759 matulam,
936 5687 1042 5747 'vas
1069 5689 1390 5747 rotundum
1436 5687 1643 5746 oriﬁcii
1673 5702 1858 5762 angu-
