4008 6210
191 359 419 416 1265
1128 360 1229 418 DE
1274 357 1731 420 CERIMONIIS

2076 362 2528 423 3YZANTIN1E
2572 363 2718 423 LIB.
2765 364 2847 422 II.
3506 365 3659 426 4268

191 492 321 542 τοῦ
385 489 551 561 ἁγίου
595 486 908 560 [Ινεύματος
961 493 1056 543 τοῦ
1106 489 1219 552 ἐνὸς
1269 493 1356 546 καὶ
1410 492 1578 564 μόνου
1639 490 1774 561 ἀληθ

2071 494 2198 550 ilius
2229 497 2344 551 veri
2377 496 2478 552 Dei
2511 496 2718 552 nostri.
2751 493 2852 550 Ille
2882 497 2938 550 et
2966 493 3062 550 ille
3092 493 3292 550 ﬁdeles
3325 499 3380 551 et
3417 497 3654 553 creden-

196 582 376 630 Θεοῦ
417 579 600 648 ἡμῶν.
647 579 708 633 Ὀ
759 575 907 632 δεῖνα
954 579 1041 632 καὶ
1095 579 1122 632 6
1164 578 1311 634 δεῖνα
1353 582 1538 636 πιστοὶ
1565 580 1616 635 ἐν
1645 582 1779 652 αὐτᾷ

2077 601 2104 639 s
2136 585 2194 640 in
2229 587 2500 640 eumdem
2532 586 2716 642 Deum
2747 584 3126 653 imperatores
3155 585 3550 641 Romanorum
3585 589 3654 644 ad

197 671 350 738 Θεῷ
397 665 644 740 βασιλεῖς
676 667 968 739 Ῥωμαίων
1017 669 1152 743 πρὸς
1203 671 1229 723 6
1286 667 1433 724 δεῖνα
1478 672 1567 725 τὸν
1603 673 1780 744 ἁγιώτι

2084 691 2201 743 um,
2236 676 2666 730 sanctissimum
2711 675 2903 728 Roma
2964 690 3170 744 papam
3203 679 3259 728 et
3289 675 3655 744 spiritualem

197 755 431 808 πάπαν
499 755 724 826 Ῥώμης
790 757 879 810 καὶ
947 759 1308 830 πνευματικὸν
1365 762 1524 832 ἡμῶν
1592 761 1780 832 Πατέρα

2067 770 2276 819 astrum
2311 765 2564 820 Patrem.
2609 786 2636 813 »
2671 764 2895 819 Similis
2919 763 3168 818 formula
3197 762 3256 817 in
3335 763 3545 818 litteris
3580 765 3650 820 ad

195 842 490 914 Ὁμοίως
535 846 621 898 καὶ
673 844 750 908 εἰς
785 845 876 899 τὸν
928 845 1104 900 πάπαν
1156 845 1585 922 Ἀλεξανδρείας,
1629 847 1774 916 πλὴν

2072 853 2405 908 itriarcham
2463 852 2823 908 Alexandria
2891 852 3219 920 adhibetur,
3271 858 3655 924 praterquam

197 933 364 1005 τέρα
419 932 480 987 οὐ
537 933 750 1009 γράφει.
819 934 1061 1007 Ὁμοίως
1129 937 1215 989 καὶ
1279 936 1355 998 εἷς
1402 937 1493 990 τὸν
1553 937 1780 1011 πατριάρ

2072 943 2166 998 ιοᾱ
2189 943 2284 998 ille
2305 947 2468 1014 pater
2496 942 2864 1014 imperatoris
2892 941 3209 1012 spiritualis
3249 959 3364 998 non
3395 941 3655 1014 appella-

200 1022 592 1101 Ἀντιοχείας
623 1025 711 1077 καὶ
759 1023 850 1077 τὸν
896 1025 1242 1102 πατριάρχην
1290 1022 1711 1096 Ἰεροσολύμων,
1753 1046 1783 1078 π

2077 1049 2122 1088 r.
2148 1032 2360 1087 Eadem
2393 1034 2522 1102 ipsa
2555 1029 2798 1088 formula
2821 1046 3066 1103 quoque,
3101 1032 3201 1086 sed
3233 1031 3406 1088 etiam
3440 1033 3657 1102 absque

199 1113 603 1183 πνευματικὸν
655 1113 859 1185 πατέρα
909 1112 970 1166 οὐ
1019 1123 1233 1190 γράφει.
1289 1115 1356 1170 Αἱ
1404 1112 1458 1167 δὲ
1493 1112 1782 1187 βοῦλλαι]

2070 1122 2184 1176 ιιι-ἱε
2217 1121 2406 1189 titulo,
2440 1121 2804 1177 honorantur
2847 1119 3186 1191 patriarcha
3245 1120 3569 1176 Antiochia
3599 1125 3653 1176 et

203 1201 320 1254 σαῖ
355 1198 694 1273 τρισόλδιαι.
738 1200 832 1262 Εἷς
881 1201 971 1256 τὸν
1021 1196 1528 1275 πρωτοσύμϐουλον
1557 1205 1688 1275 (59),
1722 1202 1786 1276 ἤκι

2067 1209 2561 1280 ierosolymorum.
2612 1211 2692 1266 Ad
2734 1210 2840 1265 hos
2900 1226 3030 1280 qua
3087 1208 3422 1280 diriguntur
3478 1208 3650 1264 bulla

203 1291 296 1352 εἰς
368 1291 467 1344 τὸν
526 1289 939 1364 ἀμερμουμνῆν.
1010 1289 1229 1345 Βοῦλλα
1277 1296 1453 1365 χρυσᾶ
1518 1291 1779 1365 τετρασολ

2068 1316 2214 1365 irea,
2249 1304 2390 1354 sunt
2439 1299 2716 1354 trisoldia
2748 1299 2872 1368 [seu
2909 1297 3120 1353 litteris
3167 1299 3238 1352 ad
3272 1313 3370 1354 eos
3395 1299 3651 1354 destina-

205 1401 234 1432 ‹
302 1382 413 1451 Τῷ
467 1377 1025 1455 μεγαλοπρεπεστάτῳ
1083 1380 1129 1415 ⁶⁴
1188 1379 1553 1454 εὐγενεστάτῳ
1600 1380 1686 1434 καὶ
1746 1402 1784 1434 π

2067 1406 2079 1441 3
2110 1405 2378 1460 appensa
2410 1385 2580 1441 bulla
2610 1405 2796 1443 aurea
2829 1392 2947 1443 tres
2980 1388 3197 1443 solidos
3219 1403 3426 1443 aureos
3459 1387 3650 1443 valore

203 1466 460 1542 ϐλεπτῳ
493 1471 520 1524 6
562 1467 704 1524 δεῖνα
752 1466 1246 1543 πρωτοσυμϐούλῳ
1295 1472 1384 1525 καὶ
1436 1470 1786 1546 διατάκτορι(

2064 1477 2274 1548 ruant].
2310 1476 2477 1532 Bulla
2506 1493 2698 1543 aurea,
2742 1493 2869 1548 qua
2899 1477 2969 1531 ad
3032 1477 3559 1547 protosymbulum,
3592 1477 3647 1533 id

199 1565 328 1615 τῶν
393 1563 706 1634 Ἀγαρηνῶν
754 1561 857 1614 ἀπὸ
909 1561 936 1613 6
987 1558 1134 1614 δεῖνα
1183 1562 1274 1615 καὶ
1307 1563 1335 1614 6
1369 1559 1517 1615 δεῖνα
1546 1567 1653 1615 τῶν
1686 1583 1782 1615 mo

2078 1572 2108 1633 ζ,
2156 1569 2624 1620 Amermumnam
2685 1564 2956 1631 mittitur,
3017 1570 3104 1620 est
3159 1564 3474 1620 tetrasodia
3521 1565 3661 1636 [seu-

203 1648 651 1725 αὐτοκρατόρων
706 1649 1029 1722 Αὐγούστων
1094 1647 1351 1726 μεγάλων
1424 1650 1689 1725 βασιλέων
1758 1651 1786 1706 Ἱ

2062 1654 2151 1710 μιθι
2179 1659 2430 1727 quatuor
2460 1655 2679 1711 solidos
2712 1653 2939 1724 aureos]
3001 1658 3058 1709 et
3095 1653 3273 1709 habet
3297 1654 3378 1725 [in
3409 1659 3645 1710 externa

303 1739 320 1792 ί
381 1762 393 1776 λ
476 1739 540 1795 Ὀ
596 1736 620 1755 “
653 1745 674 1753 ”
861 1739 874 1757 ⁸
928 1739 954 1792 6
1011 1735 1092 1792 δ’
1372 1741 1384 1758 ‘
1718 1744 1744 1754 ”

207 1760 293 1812 μα
325 1761 430 1794 ωι.
593 1755 739 1793 οεινα
786 1760 876 1793 και
1045 1760 1158 1793 εινα
1207 1761 1386 1794 πιστοί
1437 1739 1487 1793 ἐν
1539 1742 1757 1813 Χριστῳ

2060 1759 2201 1798 ’δινεα
2241 1743 2605 1814 membrana]
2654 1743 2803 1799 hanc
2851 1741 3318 1813 inscriptionem.
3347 1763 3376 1792 ‹‹
3409 1742 3643 1814 Magno,

1598 1839 1833 1894 VARIAS
1873 1839 2177 1894 LECTION
2187 1840 2288 1896 ES.

288 1933 342 1967 ⁶⁴
377 1933 590 1990 ΣΧΟΛ.
625 1933 740 2006 Χρή
777 1929 996 2000 εἰδέναι,
1028 1931 1111 1988 ὅτι
1144 1932 1630 2007 ἀμηραλμουμνῆς
1664 1932 1871 2007 ὀφείλει
1904 1933 2174 2008 λέγεσθαι,

1271 2042 1479 2101 JOAN.
1520 2044 1665 2101 JAC.
1707 2044 1966 2102 REISKII
2012 2045 2605 2103 COMMENTARIUS.

207 2141 568 2216 pauperiem
603 2142 793 2216 prodit
833 2141 993 2216 bulla
1023 2144 1219 2216 unius
1241 2143 1435 2216 solidi.
1470 2145 1654 2209 Quam
1684 2144 1874 2216 tenuis
1909 2148 1961 2212 Β
1989 2145 2184 2201 omnia
2209 2147 2346 2215 jura
2378 2162 2528 2201 suae
2557 2145 2740 2202 sacris
2755 2145 2952 2201 bibliis
2982 2145 3300 2200 deduxisse.
3340 2146 3468 2216 [‘De
3499 2148 3639 2204 Pro-

208 2213 430 2269 debuit
460 2213 858 2287 talis‘braetea
880 2215 1088 2268 fuisse!
1123 2214 1388 2287 Nobilius
1435 2221 1630 2270 tamen
1671 2215 1756 2270 vel
1789 2217 1873 2270 sic
1989 2213 2310 2287 tosymbulo,
2345 2217 2767 2273 Saracenorum
2799 2218 2965 2282 duce,
2999 2217 3235 2282 Basileo,
3268 2213 3504 2273 nomine
3534 2221 3636 2274 lm-

211 2284 649 2359 quoquebulla
688 2302 860 2359 aurea
893 2287 1067 2359 unius
1098 2285 1270 2359 solidi
1297 2302 1452 2342 more
1482 2287 1740 2352 illorum,
1776 2288 1874 2355 qui
1985 2284 2345 2359 peratoribus
2375 2289 2588 2344 Gracia
2640 2288 2891 2358 proprio,
2941 2289 3078 2343 item
3099 2358 3114 2359 γ
3135 2289 3208 2359 de
3239 2288 3482 2356 Archego
3513 2289 3633 2346 vid.

212 2355 595 2430 affectatione
617 2355 964 2430 humilitatis
1002 2358 1252 2430 avaritia
1311 2364 1367 2412 et
1410 2360 1689 2430 censibus
1746 2359 1873 2414 suis
1984 2355 2271 2430 Anonym.
2314 2360 2578 2415 Salemit.
2638 2355 2851 2414 Chr—on.
2912 2359 3064 2428 apud
3098 2355 3443 2412 Murator.t.
3474 2359 3540 2424 II,
3571 2376 3628 2430 p.

213 2430 403 2502 valde
434 2427 680 2502 favente,
715 2427 958 2502 nonnisi
974 2429 1273 2502 plumbeis
1327 2429 1499 2483 bullis
1541 2431 1871 2497 utebantur,
1980 2427 2173 2501 241]"
2189 2431 2402 2486 Locum
2424 2432 2856 2502 quasitumnon
2884 2427 3099 2496 inveni,
3131 2427 3629 2502 intereacont'erri

213 2499 793 2572 nonnisiplumbum
813 2500 884 2553 ad
911 2499 1876 2564 aliosmittebant,aurumsibisero
1981 2499 2154 2557 velim
2179 2502 2264 2557 Du
2307 2499 2594 2572 Cangium
2640 2501 2933 2558 Glossario
2966 2502 3084 2556 Lat.
3129 2500 3188 2554 h.
3222 2518 3274 2556 ν.
3330 2500 3503 2554 Venit
3535 2501 3631 2557 hic

213 2571 454 2625 vabant.
479 2571 720 2640 Dignius
748 2571 1092 2644 imperatore
1124 2589 1194 2644 se
1243 2572 1425 2642 gessit
1467 2574 1708 2628 Carolus
1767 2573 1869 2640 M.,
1982 2574 2126 2644 mihi
2160 2571 2534 2644 exponendus
2589 2579 2648 2628 et
2678 2573 3063 2628 vindicandus
3113 2572 3275 2628 locus
3332 2572 3629 2644 Acbmetie

222 2643 794 2716 quemmonasterio
836 2643 1068 2716 cuidam
1110 2643 1558 2716 Compendiensi
1617 2645 1867 2716 diploma
1979 2643 2365 2716 Onirocritici,
2392 2646 2491 2716 qui
2522 2647 2710 2715 capite
2752 2661 2874 2711 XLV,
2910 2662 2965 2715 p.
2999 2644 3069 2716 3§
3099 2644 3238 2716 edit.
3264 2643 3473 2716 Rigalt.
3512 2644 3632 2714 agit

215 2709 560 2789 donationis
575 2728 710 2768 cum
743 2730 1000 2789 appensa
1025 2714 1186 2770 bulla
1206 2709 1379 2789 aurea
1401 2722 1528 2770 octo
1559 2715 1642 2789 v_el
1669 2709 1866 2789 decem
1977 2715 2102 2789 ηερὶ
2133 2719 2229 2789 τοις)
2261 2709 2535 2788 ὀνείρᾶτος
2589 2709 3258 2789 ’ἱοῦᾼπρωέοᾶυμὸοὗλοψ-
3306 2709 3390 2769 Du
3434 2709 3629 2789 Gange

216 2785 688 2859 ducatosaureos
706 2787 993 2859 pendente
1009 2787 1365 2859 concessisse
1381 2787 1664 2842 narralDu
1680 2788 1869 2858 Gange
1978 2785 2162 2842 GlOss.
2195 2787 2292 2842 Gr.
2326 2785 2384 2859 p.'
2410 2789 2534 2852 860,
2572 2787 2750 2859 exillo
2766 2785 2961 2859 capite
2985 2785 3309 2859 'conlendit,
3343 2802 3457 2859 nop
3484 2785 3628 2859 ach-

216 2873 272 2912 v.
313 2857 480 2928 Bulla
511 2873 525 2922 ;
559 2855 672 2910 vid.
709 2857 954 2928 dicenda
986 2857 1057 2911 ad
1092 2874 1148 2927 p.
1181 2858 1306 2914 398.
1802 2855 1826 2858 ⁷
1977 2863 2191 2927 meten,
2225 2855 2410 2914 tilium
2432 2858 2625 2928 Sirini,
2657 2855 2953 2914 auctorem
2989 2874 3116 2914 esse
3146 2857 3380 2912 illorum
3411 2855 3624 2911 Oniro-

291 2927 406 2999 (59)
440 2927 833 3001 Confuderunt
865 2927 1042 3001 Graci
1082 2930 1503 3001 Amiralomara
1525 2945 1624 2983 seu
1648 2928 1867 3001 princi-
1975 2929 2443 2993 criticorum,sed
2469 2927 2851 2986 recentiorum
2887 2928 3160 3001 aliquem,
3193 2937 3250 2984 et
3283 2928 3619 3001 Prutosym-

211 2997 338 3069 pem
367 3001 688 3069 principum
710 3000 797 3054 vel
819 2998 1613 3070 archontemarchontumqua
1643 3000 1700 3054 in
1735 3001 1868 3055 aula
1975 3001 2181 3056 bulum
2215 3002 2694 3057 ibimemoratum
2720 3019 2834 3056 non
2859 2997 3620 3063 esse-alMamunumﬁllum

218 3070 553 3141 Bagdadica
610 3070 797 3140 prima
846 3070 1272 3140 postcbalifam
1321 3072 1576 3140 dignitas
1633 3077 1756 3126 erat
1811 3076 1868 3125 et

216 3142 419 3197 omnia
451 3141 681 3196 nomine
701 3141 923 3196 chalifa
939 3143 1168 3211 agebat,
1201 3159 1333 3196 cum
1368 3142 1601 3211 cliuli/t1,
1635 3148 1699 3196 ut
1731 3143 1866 3197 huic

218 3213 461 3267 titulum
513 3213 853 3280 tribuerent,
918 3214 1017 3283 qui
1077 3211 1233 3268 illius
1305 3219 1454 3278 erat;
1516 3219 1572 3268 et
1661 3220 1865 3282 prate-

222 3301 321 3339 rea
351 3299 549 3355 vocem
583 3285 736 3338 amir
759 3285 873 3338 alia
907 3285 1158 3351 notione,
1191 3301 1365 3354 quam
1406 3283 1578 3355 vulgo
1612 3301 1724 3338 non
1758 3286 1863 3339 ha-

227 3355 342 3422 bet,
365 3354 574 3410 habere
608 3360 804 3409 tamen
864 3372 967 3426 per
1023 3356 1305 3410 rationem
1366 3354 1576 3426 lingua
1608 3355 1864 3410 Arabica

226 3432 437 3510 potest,
493 3426 871 3510 accipiebant.
930 3427 1386 3510 ScilicetAmara
1425 3428 1861 3510 verbum-quod

1976 3074 2046 3125 ab
2073 3088 2268 3126 amore.
2289 3073 2608 3128 litterarum
2624 3074 2974 3128 celebratum
2989 3071 3285 3134 cbalifam,
3303 3071 3402 3125 sed
3436 3069 3619 3125 alium

1975 3142 2227 3213 aliquem
2257 3144 2633 3199 recenliorem
2693 3143 2992 3210 chalifam,
3049 3142 3402 3213 Egyptium,
3442 3141 3619 3213 idque

1974 3212 2123 3275 ideo,
2157 3215 2308 3282 quod
2347 3216 2570 3269 dicatur
2601 3214 2814 3270 ibidem
2845 3213 2943 3269 ille
2971 3212 3204 3268 Mamu’n
3231 3228 3342 3267 non
3374 3226 3505 3266 esse
3539 3212 3612 3266 de

1975 3291 2145 3355 gente
2172 3281 2767 3355 Protosymbulorum.
2826 3286 2932 3340 Sed
3006 3299 3304 3354 perperam
3334 3281 3622 3338 intellexit

1974 3357 2289 3443 obscuram
2315 3365 2376 3411 ut
2403 3357 2699 3443 inscitam’,
2729 3362 2786 3443 at
2812 3359 2977 3441 erant
3005 3355 3616 3443 illatempora,'narra-

1974 3427 2602 3514 ti’onem.~V,ocabulurn
2633 3427 2694 3480 σύ
2736 3427 2841 3498 (ὃτι
2873 3430 3073 3514 10210”
3095 3424 3158 3478 σὺ
3209 3424 3320 3514 οξχ
3351 3424 3616 3514 ἑώρακας

232 3492 373 3577 alias
406 3492 679 3577 imperare
707 3503 864 3577 notat
891 3504 948 3577 et
984 3499 1192 3577 iubere,
1225 3500 1650 3577 debetquoque
1682 3492 1859 3552 idter-
1893 3511 1935 3577 C
1974 3497 2039 3577 06
2066 3498 2170 3577 χᾲρ
2202 3497 2251 3551 εἴ
2277 3497 2335 3552 ἐκ
2364 3503 2465 3552 τοῦ
2505 3499 2612 3577 τῷν
2637 3492 3164 3577 ςπρερτοσυμϐούλων
3218 3492 3470 3577 αἳματος)
3502 3512 3618 3552 non

231 3570 367 3624 dum
399 3570 1072 3625 notarecomitiumdrzre.
1107 3573 1224 3624 Hoc
1257 3574 1412 3639 patet
1441 3570 1591 3624 clare
1613 3586 1680 3624 ex
1711 3575 1864 3625 octa-

229 3656 299 3695 va
327 3641 642 3710 ejusiverbi
680 3641 1111 3710 conjugatione,
1172 3658 1295 3709 qua
1353 3646 1442 3695 est
1509 3643 1771 3707 Itamara,
1805 3647 1862 3696 et

235 3709 395 3766 notat.
448 3709 821 3782 βουλεῦεσοαζ,
879 3712 991 3764 sibi
1059 3713 1357 3766 consilium
1388 3712 1454 3764 at)
1485 3713 1662 3766 altero
1682 3719 1863 3780 petere

238 3783 321 3838 vel
351 3797 580 3836 sumere.
615 3782 762 3852 Ergo
793 3784 938 3835 amir
967 3783 1052 3836 vel
1075 3785 1241 3846 amir,
1271 3791 1355 3835 est
1387 3797 1452 3835 ea
1486 3784 1706 3836 ratione
1755 3784 1864 3836 ati-

238 3854 376 3925 quis,
413 3855 503 3906 cui
518 3854 809 3925 consilium
839 3852 1029 3906 datur.
1071 3857 1213 3922 Ergo
1245 3853 1675 3925 Amiralomarai
1709 3859 1862 3925 recto

240 3918 418 3995 potest
446 3924 848 3995 vertiprimus
897 3918 1283 3995 consultorum,
1333 3918 1860 3995 πρωτοσῦμϐουλος,

242 3994 492 4068 quamvis
519 3994 811 4049 ordinaris
843 3994 1021 4068 soleat
1042 3995 1330 4048 Arabibus
1363 3998 1726 4068 imperantem
1758 3994 1863 4068 im-

240 4065 542 4138 perantium
574 4071 793 4138 notare.
824 4067 1047 4138 Arabici
1063 4071 1253 4120 tamen
1273 4065 1579 4138 scriptores
1595 4065 1862 4131 sollicite,

243 4137 415 4210 utpar
445 4141 589 4202 erat,
612 4137 924 4210 dignitates
953 4137 1217 4210 diversas
1256 4137 1490 4210 icbalifa
1531 4141 1587 4191 et
1618 4138 1864 4192 archon-

244 4208 778 4280 tisarchontum’ml
797 4208 1629 4280 protosymbulidistinguunt,
1663 4214 1867 4280 contra

247 4297 409 4352 quam
442 4279 622 4335 Graci
656 4279 942 4335 fecerunt:
963 4279 1386 4352 quemﬁmorcm
1411 4281 1697 4352 scholium
1728 4279 1864 4352 sub-

244 4349 448 4422 jectum
489 4359 642 4408 recte
703 4349 1091 4422 reprehendit.
1139 4351 1434 4421 Exempla,
1497 4349 1594 4406 ubi
1645 4350 1866 4406 chalit‘a

250 4423 1083 4496 Protosymhuliﬁappellantur
1138 4422 1415 4496 aiGracis
1463 4423 1866 4496 scriptoribus,

254 4493 459 4551 exstant
481 4496 633 4566 apud
665 4493 1006 4566 Theophan.
1049 4494 1266 4566 p,7309,
1300 4495 1424 4560 329,
1454 4495 1579 4548 362.
1615 4493 1868 4563 Insignis

257 4573 335 4622 est
359 4565 696 4637 locus’apud
717 4565 956 4637 Selden.
1009 4567 1080 4620 de
1110 4565 1286 4620 Titul.
1348 4566 1557 4621 Honor.
1589 4581 1643 4636 p.
1687 4566 1776 4634 30,
1801 4580 1868 4620 ex

259 4638 478 4709 epistola
508 4636 847 4692 Ludovicill
871 4639 938 4692 ad
963 4637 1240 4709 Basiliam
1261 4637 1654 4701 Macedonem,
1690 4637 1869 4690 ubide

258 4708 404 4764 titulo
425 4710 667 4764 Basileus
692 4724 822 4763 cum
855 4724 920 4764 eo
935 4708 1175 4778 rixatur,
1191 4725 1444 4778 eumque
1474 4709 1542 4763 ad
1561 4724 1622 4763 se
1641 4722 1868 4778 quoque

261 4781 521 4850 pertinere
549 4781 867 4835 contendit.
900 4779 1000 4834 Sed
1029 4796 1127 4836 nec
1171 4780 1268 4834 hoc
1285 4778 1653 4834 admiratione
1699 4782 1868 4845 caret,

260 4852 345 4915 ait,
373 4851 506 4922 quod
533 4853 755 4919 asseris,
781 4851 1018 4906 Arabum
1050 4851 1356 4921 principem
1390 4850 1868 4922 Protosymbutum

261 4920 522 4990 dici,'cum
554 4924 610 4976 in
645 4920 1529 4976 voluminibusriostris'nihiltate
1551 4920 1870 4991 reperiatur

261 4996 480 5049 etvestri
525 4994 734 5049 codices
791 4993 945 5048 modo
988 4994 1276 5063 Archigon,
1336 4995 1492 5048 modo
1549 5008 1746 5062 regem,
1788 4991 1871 5046 vel

264 5065 474 5131 quolibet
505 5066 616 5119 alio
658 5065 916 5120 vocabulo
948 5071 1279 5132 nuncupant.
1332 5064 1442 5119 Sed
1489 5080 1585 5119 nos
1615 5064 1870 5118 omnibus

266 5138 438 5191 litteris
457 5152 640 5190 sacras
670 5137 980 5205 Scripturas
998 5137 1374 5206 prec/erimus,
1406 5149 1530 5205 qua
1560 5150 1664 5188 non
1681 5139 1874 5190 Proto-

263 5209 538 5279 symbutos,
566 5207 656 5262 sed
705 5224 853 5278 reges
903 5209 1121 5263 Arabiae
1151 5212 1200 5260 et
1223 5206 1381 5279 Saba!
1400 5208 1678 5279 perspicue
1706 5207 1872 5277 pro/i-

267 5273 461 5350 téntur;
511 5273 830 5349 Chaganuin
901 5295 1022 5333 vero
1066 5295 1175 5333 non
1232 5273 1530 5350 Piraulatum‘
1590 5273 1871 5350 [51mm]

267 5351 498 5418 Avarum,
531 5367 639 5404 non
666 5350 1056 5417 Chazarorum,
1106 5353 1202 5403 aut
1233 5349 1740 5403 Northmannorum
1772 5349 1874 5420 [ita

269 5439 322 5477 eo
358 5432 601 5492 tempore
649 5420 1022 5492 appellabant
1054 5437 1196 5490 quos
1230 5437 1338 5492 nos
1370 5421 1538 5475 hodie
1571 5421 1788 5476 Russos
1819 5425 1876 5474 et

270 5491 477 5550 Tataros
505 5491 782 5564 dicimus]
817 5491 1130 5558 nuncupari
1160 5491 1484 5564 reperimus,
1516 5509 1688 5562 neque
1716 5495 1872 5562 prin-

272 5564 412 5634 cipem
440 5563 777 5632 Bulgarum,’
797 5563 888 5618 sed
911 5581 1088 5633 regem
1130 5564 1209 5618 vel
1238 5563 1521 5617 dominum
1557 5565 1873 5633 Bulgarum.

274 5639 456 5703 Ergone
486 5639 634 5692 sacri
663 5637 888 5691 codices
918 5640 1456 5706 eorumtemporum
1477 5635 1760 5706 pleniores
1775 5650 1875 5706 no-

279 5708 388 5762 stris
413 5713 465 5762 et
490 5707 559 5763 de
591 5707 816 5763 chalilis
847 5705 1288 5770 Saracenorum,
1322 5707 1392 5760 de
1412 5705 1696 5772 Chaganis
1733 5705 1879 5760 Cha-

277 5794 505 5833 zarorum
538 5783 595 5833 et
626 5779 1002 5850 Bulgarorum
1032 5779 1433 5850 memorabant
1460 5777 1486 5830 ‘2
1521 5771 1797 5832 Videntur
1814 5791 1879 5830 eo

277 5853 497 5920 tempore
527 5848 842 5922 principes,
871 5851 1025 5922 quod
1059 5849 1204 5906 alios
1235 5848 1412 5905 libros
1463 5865 1578 5905 non
1618 5851 1880 5916 nossent,

1973 3571 2042 3624 ad
2069 3568 2549 3637 Mamunum,sed
2583 3571 2653 3625 ad
2685 3568 2864 3624 illum
2909 3569 3203 3624 hominem
3238 3568 3409 3636 redit,
3443 3583 3618 3638 quem

1974 3641 2027 3697 al
2061 3643 2298 3696 Mamun
2327 3645 2396 3697 ad
2416 3642 2762 3708 Achmelem,
2790 3641 2977 3695 {ilium
3005 3640 3201 3704 Sirini,
3221 3639 3450 3694 misisse
3481 3639 3618 3692 dici-

1973 3719 2070 3767 tur
2086 3715 2513 3783 propositurum
2530 3714 2642 3784 ipsi
2667 3718 2962 3768 somnium
2977 3713 3117 3766 illud
3133 3717 3188 3766 et
3203 3710 3619 3784 simulaturum

1978 3785 2090 3838 sibi
2122 3785 2420 3853 obtigisse.
2458 3783 2876 3838 Verumtamen
2908 3792 2988 3838 est
3019 3783 3338 3838 Graeculum
3373 3783 3621 3853 istorum

1975 3851 2489 3910 Onirocriticorum
2507 3865 2796 3909 auctorem
2815 3860 2929 3907 tem
2941 3870 3076 3921 pora
3092 3853 3451 3908 oonfudisse.
3469 3851 3618 3905 Nam

1977 3925 2236 3988 Achmet,
2266 3927 2420 3979 [ilius
2450 3925 2649 3986 Sirini,
2674 3927 2883 3979 saculo
2901 3923 3229 3994 penecitius
3247 3923 3413 3994 obiit,
3443 3936 3618 3994 quam

1975 3997 2026 4050 al
2066 3995 2290 4050 Mamun
2322 3995 2546 4050 Cbalil‘a
2605 3996 2713 4048 fuit
2745 3992 2950 4049 factus.
2985 3994 3101 4048 Hoc
3134 3992 3424 4063 posterius
3457 3998 3516 4047 Α.
3551 3992 3614 4046 F.

1978 4068 2099 4128 199,
2127 4082 2223 4121 seu
2254 4069 2318 4120 A.
2346 4068 2405 4120 C.
2439 4067 2540 4120 814
2557 4067 2819 4134 contigit,
2852 4064 2993 4119 illud
3025 4067 3208 4134 prius,
3241 4063 3434 4118 obitus
3463 4063 3617 4117 Ach-

1977 4138 2170 4205 metis,
2202 4140 2266 4192 A.
2333 4139 2389 4191 F.
2424 4139 2546 4205 110,
2570 4153 2671 4192 seu
2707 4139 2769 4190 A.
2804 4137 2864 4191 C.
2913 4137 3038 4190 728.
3078 4135 3379 4189 Debuisset
3409 4149 3620 4205 nempe

1977 4204 2272 4264 Graculus
2300 4209 2384 4263 sic
2411 4204 2706 4263 narrasse:
2728 4205 3305 4273 AbdolMalek,tilius
3321 4204 3618 4269 Merwani,

1973 4281 2208 4334 videbat
2246 4281 2564 4342 somnium,
2600 4296 2714 4350 quo
2747 4279 2858 4334 sibi
2883 4278 3186 4350 videbatur
3216 4277 3504 4350 quaternio
3546 4273 3620 4350 ⁸ςιι

1977 4350 2167 4406 Caaba
2189 4352 2461 4420 mingere.
2491 4345 2751 4406 Mittebat
2780 4350 2965 4421 igitur
3000 4345 3620 4421 familiaremsibiali-

1975 4439 2146 4492 quem
2180 4425 2250 4477 ad
2272 4416 2611 4489 Achmeten,
2647 4416 2833 4476 nuqu
2858 4420 3037 4492 rSirini
3067 4416 3618 4492 (ll‘Herbelot_Bibl.

1977 4487 2193 4549 Orient.
2230 4511 2283 4564 p.
2317 4495 2350 4547 8
2373 4511 2405 4548 a
2438 4494 2549 4548 {ine
2572 4487 2648 4548 ait
2675 4491 3036 4564 adSaidum,
3075 4487 3622 4564 'ﬁl_ium__al_Mesaj—

1978 4565 2138 4634 iebi).
2170 4559 2273 4620 cui
2306 4581 2439 4620 cum
2472 4565 2709 4636 ignotus
2730 4563 2833 4636 ille
2856 4562 3080 4618 cbatit‘a
3130 4559 3435 4636 familiaris
3464 4575 3623 4636 som-

1979 4631 2162 4703 nium,
2198 4642 2474 4706 tanquam
2497 4631 2619 4691 sibi
2650 4634 3359 4706 oblatum,exposuisset,
3385 4631 3622 4706 nolebat

1978 4701 2262 4763 Sirinides
2293 4701 2922 4778 interpretari,dicens,
2947 4705 3002 4760 id
3027 4701 3099 4778 ad
3133 4719 3416 4778 eum_n_0n
3449 4701 3624 4773 perti-

1979 4795 2136 4848 nere,
2173 4784 2235 4832 ut
2265 4779 2365 4848 qui
2397 4774 2468 4834 ad
2500 4787 2730 4848 gentem
2751 4774 3354 4848 Protosymbulinihil
3387 4775 3619 4848 faceret.

1977 4845 2249 4920 Spec'tare
2267 4845 2459 4904 autem
2482 4845 2773 4904 somnium
2793 4849 2863 4904 ad
2888 4846 3410 4920 Protosymbulum.
3439 4845 3623 4920 igitur

1980 4916 2214 4976 curasse
2245 4921 2426 4975 Abdal
2461 4921 2832 4976 Malecumad
2873 4916 3619 4987 seSirinidenarcessi;qui

1980 5008 2170 5048 coram
2204 4992 2256 5046 al
2290 4992 2505 5047 chalifa
2527 4993 2876 5047 constitutus
2907 4991 3057 5045 hanc
3087 4990 3311 5046 dederit
3341 4987 3622 5057 interpre-

1981 5063 2256 5119 tationem
2295 5080 2307 5116 :
2338 5063 2599 5118 futurum
2632 5079 2780 5132 esse,
2814 5067 2897 5126 ut,
2921 5069 3032 5117 etc.

2054 5135 2167 5204 (60)
2199 5135 2523 5205 Respondet
2557 5134 2664 5190 hoc
2693 5125 3036 5189 vocabulum
3074 5132 3316 5205 Arabico
3337 5125 3618 5205 Quali/ah,

1982 5197 2160 5276 idque
2203 5197 2636 5278 interpretatur.
2724 5205 2960 5276 Proprie
3030 5204 3266 5278 quidem
3349 5197 3494 5252 illud
3566 5201 3623 5278 et

1982 5267 2374 5334 successorem'
2416 5273 2695 5349 διάδοχον,
2773 5267 3171 5349 είυὶεᾳνξυητ,
3227 5267 3618 5349 Ῑοπρτηρητήγ

1987 5354 2183 5423 notat;
2237 5349 2447 5423 deinde
2494 5342 2651 5410 vero.
2685 5342 2836 5418 quia
2894 5346 2992 5418 qui
3037 5345 3162 5399 loco
3193 5342 3430 5423 alterius
3456 5348 3543 5396 est
3565 5346 3623 5423 et

1988 5421 2064 5476 rei
2105 5419 2279 5475 alicui
2313 5425 2538 5490 praest,
2577 5413 3132 5485 eam—curat'eaque
3191 5413 3302 5490 ipsi
3361 5413 3624 5490 curanda

1987 5486 2464 5546 committiturab
2498 5507 2584 5556 eo,
2637 5491 2736 5560 qui
2790 5491 2939 5559 legat
2973 5508 2987 5552 ;
3020 5502 3087 5540 ex
3134 5501 3199 5560 ep
3259 5486 3496 5550 factum,
3558 5487 3622 5537 ut

1987 5563 2249 5617 Cbalitah
2283 5580 2513 5634 quoque
2541 5557 2762 5634 vulgari
2790 5557 3040 5613 Arabum
3071 5561 3127 5610 et
3154 5557 3477 5634 Turcarum
3509 5569 3621 5634 usu

1987 5625 2448 5704 commissar'ium',
2482 5625 2827 5704 μανδᾶὲωρα,
2859 5646 2935 5684 un
2963 5631 3208 5704 cummis,
3247 5633 3428 5704 notet,
3460 5625 3621 5679 ordi-

1989 5711 2270 5778 natorem,
2323 5701 2672 5778 Sizratazopa.
2741 5701 2826 5778 'De
2904 5701 3169 5778 nomine
3233 5702 3623 5778 Agarenorum

1990 5724 2270 5774 natorem,
2323 5724 2580 5759 οιατακτο
2621 5724 2672 5758 α.
2748 5724 2826 5758 υῧ
2905 5724 3142 5756 ηυωιιιυ
3233 5724 3269 5754 ﬂ
3316 5724 3550 5753 uruuuru

1990 5777 2232 5849 ejusque
2261 5791 2393 5834 vero
2414 5724 2744 5847 significatu
2775 5777 2831 5829 et
2859 5771 3081 5844 origine
3102 5771 3172 5827 ad
3201 5787 3255 5844 p.
3278 5724 3388 5824 353
3409 5767 3550 5830 dixi.
