4008 6210
203 338 239 396 1
258 339 418 399 269

1145 347 1246 405 DE
1293 347 1764 434 CERIMONlIS.
1799 349 2030 409 AULAE
2076 350 2550 411 BYZANTlN/E
2595 353 2740 412 LIB.
2792 356 2870 414 II.

3527 358 3684 419 1270

220 473 455 542 χρυσῆ
487 465 765 562 Stoa—Itala:
799 495 825 521 ‹‹
866 473 1125 562 Κέλευσις
1175 474 1233 530 ἐκ
1261 482 1370 532 τῶν
1423 478 1804 558 φιλοχρίστων
1852 476 1923 534 δε-

2045 480 2151 536 hos
2184 499 2385 539 omnes
2417 483 2568 539 idem
2602 488 2694 539 est
2723 484 2910 557 stylus
2940 489 2998 540 et
3025 485 3250 557 titulus,
3283 489 3682 562 inscriptionis

217 562 486 611 σποτῶν
518 560 654 632 πρὸς
686 560 713 613 6
745 557 894 616 δεῖνα
926 564 1016 617 τὸν
1051 561 1396 634 ἐνδοξότατον
1427 557 1868 642 κουρογπαλάτγμ.
1896 594 1922 620 n

221 646 432 722 Ἐχει
468 643 525 700 δὲ
555 648 679 722 περὶ
713 649 870 703 αὐτὸν
904 652 930 705 ὁ
980 652 1407 726 κουροπαλάτης
1456 656 1637 730 ἑτέρας
1686 655 1925 726 ἐξουσίας

221 732 302 790 δ’.
357 735 462 798 Εἰς
489 737 579 790 τὸν
642 738 883 813 ἄρχοντα
930 745 1026 795 τοῦ
1075 746 1369 819 Βεριασάχ,
1422 741 1655 820 Ἰϐηρία·
1707 746 1782 808 εἷς
1834 747 1926 801 τὸν

232 821 521 898 ἄρχοντα
569 831 666 881 τοῦ
727 828 1334 907 Καρνατάης,’16ηρῖα⁶
1397 833 1473 898 εἰς
1531 837 1623 890 τὸν
1685 836 1926 910 ἄρχοντα

228 919 356 968 τοῦ
433 915 628 986 Κοῦελ,
687 915 918 994 Ἰϐηρία·
954 921 1028 982 εἰς
1076 921 1168 975 τὸν
1219 922 1459 998 ἄρχοντα
1509 930 1608 979 τοῦ
1671 927 1924 1000 Ἀτζαρᾶ,

230 999 504 1079 Ἰϐηρία·
561 1028 585 1058 α
636 1007 896 1071 Κέλευσις
959 1009 1016 1064 ἐκ
1060 1016 1165 1066 τῶν
1222 1010 1600 1090 φιλοχρῖστων
1649 999 1924 1070 δεσποτῶν

230 1094 402 1167 πρὸς
456 1096 484 1149 6
536 1092 698 1152 δεῖνα.
736 1122 763 1148 ››
814 1098 908 1160 Εἰς
958 1099 1050 1154 τὸν
1100 1099 1549 1178 ἐξουσιοκράτορα
1599 1107 1711 1179 (67)
1755 1105 1926 1160 Ἀλα-

232 1180 380 1241 via:
415 1184 554 1253 (68).
586 1182 803 1239 Βούλλα
836 1194 1016 1260 χρυσῆ
1051 1184 1325 1259 δισολδία,
1363 1215 1388 1243 α
1423 1193 1510 1248 Ἐν
1558 1193 1786 1266 ὀνόματι
1824 1198 1924 1248 τοῦ

239 1270 504 1343 Πατρὸς,
532 1273 620 1326 καὶ
651 1277 752 1326 τοῦ
784 1274 932 1342 Tim},
967 1277 1054 1330 καὶ
1088 1282 1184 1332 τοῦ
1238 1280 1396 1353 ἁγίου
1447 1283 1779 1354 Πνεύματος,
1829 1287 1924 1338 τοῦ

239 1357 383 1420 ἑνὸς
418 1360 510 1413 καὶ
546 1361 712 1433 μόνου
746 1360 1012 1432 ἀληθινοῦ
1043 1371 1176 1420 Θεοῦ
1208 1370 1390 1439 ἡμῶν.
1419 1376 1812 1434 Κωνσταντῖνος
1835 1372 1923 1426 καὶ

237 1448 571 1519 ⁸Ρωμανὸς,
605 1450 787 1505 πίστοὶ
821 1450 871 1505 ἐν
902 1452 1049 1526 αὐτῴ
1079 1455 1155 1526 τῷ
1187 1461 1304 1528 Θεῷ
1339 1457 1581 1530 βασιλεῖς
1613 1460 1920 1532 Ῥωμαίων,

243 1537 407 1612 πρὸς
442 1539 470 1592 6
504 1535 645 1592 δεῖνα
675 1541 766 1593 τὸν
787 1539 1134 1612 ἐξουσιαστὴν
1165 1543 1422 1608 Ἀλανίας
1442 1549 1531 1601 καὶ
1554 1552 1917 1621 πνευματικὸν

249 1626 434 1697 ἡμῶν
506 1627 705 1686 τέκνον.
779 1652 803 1682 s
861 1631 954 1692 Ei;
1016 1633 1106 1686 τὸν
1176 1633 1522 1705 ἐξουσιαστήν
1608 1632 1918 1712 Ἀϐασγίας.

248 1714 504 1805 Βοῦλλο(
525 1725 703 1790 χρυσῆ
740 1716 1009 1774 δισολδία⁶
1046 1745 1074 1772 ‹‹
1110 1722 1370 1786 Κέλευσις
1400 1723 1458 1778 ἐκ
1505 1730 1611 1779 τῶν
1657 1727 1921 1805 φιλοχρί-

250 1824 409 1859 σνων
464 1801 738 1861 δεσποτῶν
795 1809 932 1882 πρὸς
963 1811 991 1863 ὁ
1024 1807 1170 1865 δεῖνα
1220 1813 1310 1866 τὸν
1360 1822 1624 1890 περιφανῆ
1678 1817 1921 1886 ἐξουσία-

250 1895 398 1962 στήν
463 1892 774 1971 Ἀὗασγίας,
809 1922 838 1949 ››
884 1898 977 1960 Εἷς
1035 1900 1126 1954 τὸν
1182 1900 1419 1976 ἄρχοντα
1478 1900 1792 1967 Ἀλϐανίας·
1841 1906 1916 1969 εἷς

245 1983 352 2037 τὸν
389 1985 634 2059 ἄρχοντα
664 1993 773 2042 τῶν
825 1984 1209 2063 Κρεϐατάδων,
1269 1993 1438 2068 ἤγουν
1477 1995 1568 2048 τὸν
1619 1995 1914 2069 λεγόμενον

255 2068 575 2145 Κρεϐατᾶψ
611 2076 686 2138 εἷς
733 2078 824 2131 τὸν
870 2075 1107 2153 ἄρχοντα
1163 2078 1462 2148 Κηδωνὶας’
1516 2084 1593 2146 εἰς
1638 2083 1766 2146 τοὺς
1822 2087 1919 2160 ἆρ-

255 2181 470 2237 χοντας
527 2164 851 2240 Τζαναρῖας’
925 2167 1000 2231 εἰς
1065 2169 1156 2223 τὸν
1218 2170 1463 2243 ἃρχοντει
1525 2176 1622 2226 τοῦ
1679 2169 1916 2247 Σαρϐἆν,

256 2249 471 2316 οἵτινες
527 2259 726 2308 κεῖνται
790 2256 956 2328 μέσον
1018 2257 1273 2320 Ἀλανὶας
1331 2262 1420 2314 καὶ
1469 2263 1779 2336 Τζαναρίας·
1843 2264 1919 2326 εἰς

253 2340 393 2401 τοὺς
437 2342 713 2417 ἄρχοντας
739 2345 944 2414 Ἀζίας,
987 2345 1038 2400 ἐν
1081 2347 1126 2418 ᾦ
1159 2347 1291 2402 εἰσιν
1324 2351 1380 2402 αἱ
1414 2352 1674 2406 Kac-misti
1727 2349 1920 2406 πύλαιο

265 2428 348 2490 εἲς
377 2430 472 2484 τὸν
503 2429 741 2507 ἄρχοντα
787 2434 996 2508 Χρύσαο
1052 2435 1129 2496 εἰς
1175 2437 1266 2490 τὸν
1321 2438 1563 2512 ἄρχοντα
1610 2440 1656 2476 ⁸⁵
1703 2439 1922 2514 Βρὲζαν·

298 2517 349 2552 ὀρ
421 2519 435 2536 ‘
513 2519 540 2540 ,Ι
576 2540 592 2552 λ
921 2529 945 2539 ο
1060 2526 1068 2541 ν
1170 2524 1187 2554 ι
1333 2526 1342 2538 θ
1436 2525 1447 2540 ‘
1512 2528 1523 2542 ε
1705 2533 1730 2543 ο
1787 2527 1801 2548 Ἰ

266 2539 347 2579 ει..
381 2539 475 2573 τον
505 2541 745 2597 αρχοντα
775 2524 997 2579 Μωκαν.
1033 2528 1051 2595 (
1078 2526 1277 2594 Ιστεον,
1312 2527 1395 2581 ὅτι
1430 2547 1534 2582 απο
1565 2531 1762 2583 Μωκαν
1785 2549 1925 2584 εστιν

267 2610 304 2677 ἡ
341 2609 596 2672 Μαιῶτις
631 2609 852 2686 λίμνη.)
883 2616 1193 2693 Ἐπιγραςρὴ
1230 2613 1304 2676 εἷς
1337 2616 1539 2678 πάντας
1571 2618 1698 2681 τοὺς
1735 2639 1927 2691 προει-

273 2699 567 2771 ρημένουςο
604 2724 632 2751 ‹‹
665 2699 920 2764 Κέλευσις
953 2702 1012 2756 ἐκ
1066 2709 1175 2758 τῶν
1226 2703 1600 2783 φιλοχρίστων
1648 2704 1922 2762 δεσποτῶν

267 2787 409 2860 πρὸς
434 2788 461 2841 6
485 2784 630 2842 δεῖνα
644 2789 734 2843 τὸν
760 2788 1002 2869 ἄρχοντα
1015 2789 1200 2860 τῆσδε.
1225 2815 1250 2846 s
1279 2793 1374 2857 Εἷς
1395 2795 1485 2848 τὸν
1507 2795 1796 2858 καθολικὸν
1811 2797 1926 2869 (69)

267 2875 581 2950 Ἀρμενίας,
623 2877 700 2940 εἷς
731 2879 819 2934 τὸν
849 2880 1142 2944 καθολικὸν
1175 2878 1438 2957 Ἰϐηρίας,
1473 2882 1548 2946 εἷς
1581 2886 1672 2938 τὸν
1705 2886 1928 2938 καθολι-

2037 590 2284 645 nempe:
2323 597 2350 626 ‹‹
2384 576 2713 632 Mandatum
2743 594 2774 631 a
2805 577 3056 633 dominis
3085 575 3374 636 Christum
3423 584 3683 640 amanti—

2037 664 2145 718 bus
2178 669 2243 718 ad
2280 664 2469 735 illum,
2505 668 2838 737 praefectum
2886 667 3043 722 illius
3093 667 3292 739 [castri
3340 671 3426 726 vel
3478 675 3680 744 praere-

2037 754 2255 825 cturse].
2293 775 2320 803 »
2348 756 2430 809 Ad
2464 756 2857 827 curopalatem
2911 756 3110 812 lberiaa
3160 757 3317 814 bulla
3365 776 3540 816 aurea
3587 763 3682 816 bi-
3757 751 3760 754 ’

2035 841 2241 896 soldia.
2268 866 2296 893 «
2320 846 2647 899 Mandatum
2683 863 2714 899 a
2746 845 2999 901 dominis
3027 846 3325 903 Christum
3354 852 3682 907 amantibus

2036 931 2107 985 ad
2165 930 2353 998 illum,
2397 932 2883 1004 gloriosissimum
2943 935 3354 1007 curopalatem.
3409 958 3438 988 »
3497 937 3681 994 Habet

2036 1022 2232 1074 autem
2283 1020 2645 1092 curopalates
2693 1023 2988 1094 appositas
3031 1023 3141 1079 sibi
3192 1029 3441 1095 quatuor
3490 1027 3680 1083 adhuc

2035 1105 2180 1162 alias
2212 1113 2550 1178 potestates,
2584 1125 2792 1182 nempe
2823 1112 3122 1181 praefectos
3163 1113 3492 1183 Beriasach,
3539 1117 3679 1171 Car-

2036 1200 2238 1262 nataee,
2259 1198 2396 1253 Cuel
2418 1202 2475 1254 et
2497 1202 3034 1265 Atzara,tractuum
3059 1201 3276 1270 Iberia,
3292 1203 3362 1258 ad
3388 1220 3536 1274 quos
3558 1203 3680 1261 haec

2036 1284 2306 1358 dirigitur
2352 1287 2698 1359 inscriptio:
2744 1289 3080 1346 Mandatum
3129 1309 3161 1346 a
3209 1292 3464 1347 dominis
3513 1293 3680 1348 Chri-

2036 1377 2188 1428 stum
2222 1377 2554 1431 amantibus
2585 1377 2655 1430 ad
2690 1375 2878 1433 illum.
2900 1400 2928 1428 »
2959 1379 3041 1433 Ad
3077 1385 3425 1448 potestatum
3458 1381 3679 1438 Alanis:

2037 1462 2285 1517 mittitur
2312 1465 2472 1520 bulla
2493 1481 2667 1521 aurea
2698 1466 2947 1521 bisoldia
2979 1483 3110 1522 sum
3136 1468 3242 1524 hac
3268 1469 3676 1542 inscriptione:

2034 1573 2062 1599 ‹‹
2088 1553 2149 1606 In
2175 1551 2406 1608 nomine
2436 1554 2646 1618 Patris,
2669 1560 2726 1609 et
2747 1552 2895 1620 Filii,
2917 1560 2973 1610 et
2998 1555 3246 1625 Spiritus
3269 1558 3478 1627 sancti,
3503 1557 3680 1614 unius

2032 1647 2091 1698 et
2119 1641 2298 1698 solius
2330 1642 2447 1698 veri
2474 1644 2568 1698 Dei
2593 1644 2800 1712 nostri,
2821 1645 3240 1702 Constantinus
3271 1652 3328 1704 et
3357 1647 3678 1718 Romanus,

2034 1731 2234 1786 ﬁdeles
2266 1731 2322 1785 in
2355 1733 2559 1787 eodem
2610 1733 2720 1788 Deo
2752 1732 3126 1804 imperatores
3157 1735 3572 1802 Romanorum,
3605 1738 3677 1794 ad

1952 1855 1998 1920 Β
2033 1819 2218 1887 illum,
2253 1825 2603 1891 potestatum
2656 1820 2869 1876 Alania
2915 1826 2971 1877 et
3001 1821 3360 1892 spiritualem
3411 1829 3676 1881 nostrum

2030 1910 2238 1964 filium.
2272 1933 2301 1960 ››
2333 1910 2420 1964 Ad
2468 1916 2815 1980 potestatum
2865 1912 3148 1980 Abasgiaz,
3182 1912 3345 1968 bulla
3375 1930 3554 1970 aurea
3583 1914 3678 1969 bi-

2027 1996 2208 2053 soldia
2239 2014 2373 2053 cum
2417 1997 2518 2053 hac
2573 1999 2995 2070 inscriptione:
3029 2022 3057 2052 ‹‹
3095 2000 3440 2058 Mandatum
3473 2019 3507 2057 a
3539 2001 3677 2073 phi-

2028 2087 2324 2142 lochristis
2373 2086 2628 2143 dominis
2660 2089 2731 2144 ad
2777 2089 2970 2154 illum,
3000 2089 3290 2146 illustrem
3322 2096 3678 2162 potestatum

2032 2176 2312 2248 Abasgitc.
2348 2198 2376 2224 »
2407 2176 2492 2231 Ad
2528 2177 2864 2232 archontem
2898 2195 2996 2233 seu
3030 2179 3364 2249 praefectum
3397 2179 3482 2234 vel
3515 2180 3680 2251 prin-

2033 2265 2218 2334 cipem
2259 2263 2543 2329 Albaniae,
2577 2265 2650 2320 ad
2685 2266 3024 2322 archontem
3067 2267 3470 2333 Crebatadum,
3502 2267 3677 2339 vulgo

2034 2353 2119 2408 sic
2149 2355 2367 2408 dictum
2401 2354 2744 2421 Crebatam;
2779 2355 2849 2408 ad
2895 2355 3231 2411 archonlem
3281 2355 3571 2422 Cidoniaz;
3605 2356 3678 2411 ad

2035 2443 2341 2497 archontes
2386 2442 2638 2497 Zanariae
2671 2460 2684 2509 ;
2717 2443 2786 2496 ad
2821 2445 3158 2500 archontem
3207 2444 3455 2500 Sarbani
3507 2446 3680 2515 (jacet

2036 2547 2103 2585 ea
2148 2531 2306 2586 natio
2355 2530 2549 2586 media
2595 2531 2745 2587 inter
2787 2533 3128 2589 Tzanariam
3161 2538 3217 2589 et
3246 2533 3574 2604 Alaniam);
3609 2534 3679 2589 ad

2036 2619 2345 2675 archontes
2395 2619 2563 2687 Aziaa,
2597 2619 2719 2686 (ubi
2769 2625 2906 2676 sunt
2953 2627 3128 2694 portat
3168 2621 3450 2693 Caspiae);
3483 2623 3554 2676 ad
3587 2639 3680 2677 ar-

2037 2708 2304 2764 chontem
2356 2711 2592 2777 Mocan;
2627 2709 2733 2779 (est
2783 2709 2934 2765 circa
2984 2710 3251 2781 paludem
3293 2711 3676 2784 Meotidem);

2034 2800 2105 2854 ad
2136 2813 2340 2853 omnes
2370 2797 2476 2854 hos
2515 2797 2820 2870 inscriptio
2852 2799 3172 2856 litterarum
3213 2804 3301 2854 est
3336 2801 3538 2857 eadem
3570 2800 3679 2858 hoc

2037 2887 2185 2958 stylo
2216 2893 2496 2958 concepta
2523 2903 2535 2940 :
2567 2907 2587 2935 ι
2622 2886 2961 2944 Mandatum
2991 2905 3022 2943 a
3053 2887 3454 2961 philochristis
3484 2890 3676 2945 domi-

1621 2994 1862 3051 VARI/E
1901 2995 2316 3052 LECTIONES.

337 3079 386 3113 ⁸⁵
417 3079 492 3142 εἰς
523 3079 614 3134 τὸν
649 3078 887 3159 ἄρχοντα
918 3081 1106 3157 Χρύσα
1135 3082 1314 3138 semel
1348 3085 1500 3149 cod.,
1533 3084 1621 3139 ed.
1658 3100 1960 3155 perperam
1992 3085 2104 3138 bis.

1301 3181 1503 3238 JOAN.
1536 3182 1682 3239 JAC.
1726 3182 1974 3238 REISKII
2017 3181 2601 3239 COMMENTARIUS.

339 3279 604 3367 (6.7).an
630 3297 843 3367 nomen
877 3281 960 3367 vel
994 3281 1088 3364 hic
1119 3281 1324 3367 titulus
1356 3281 1726 3364 peculiariter
1751 3281 1919 3367 attri-
1950 3284 1992 3348 ί]
2035 3282 2260 3367 uiduae
2293 3283 2408 3338 Bab
2437 3282 2492 3367 el
2517 3281 2712 3367 αζηᾳᾳρ
2759 3282 2979 3367 distare.
3016 3283 3168 3367 [‘seu.
3195 3283 3377 3367 portis
3407 3283 3680 3367 Caspiis].

168 3349 178 3360 “
271 3349 556 3407 buebstur
576 3352 894 3408 Alanorum
917 3349 1371 3418 domino,Graaci
1397 3353 1629 3423 imperii
1663 3353 1876 3408 vasallo
1902 3370 1916 3419 ;

273 3424 386 3480 vid.
439 3425 737 3478 Constant.
775 3426 1048 3496 Porphyr.
1083 3427 1154 3479 de
1186 3425 1423 3496 iadmiu.
1459 3424 1602 3494 imp.
1653 3441 1709 3491 p.
1742 3426 1835 3491 6‘2,
1866 3428 1924 3479 et

275 3496 562 3566 praecipue
594 3500 674 3550 Du
708 3495 902 3565 Cange
933 3497 1001 3549 ad
1036 3495 1290 3550 Alexiad.
1326 3513 1379 3561 p.
1411 3497 1517 3549 209
1543 3503 1600 3550 et
1638 3497 1763 3550 395.

345 3569 454 3636 (68)
491 3568 571 3620 Du
611 3569 803 3638 Cange
832 3570 900 3620 ad
936 3566 1193 3622 Alexiad.
1231 3584 1286 3638 p.
1321 3568 1444 3633 209,
1478 3568 1715 3622 eosdem
1759 3570 1924 3635 putat

280 3651 398 3690 esse
429 3640 712 3706 Abasgoe,
745 3638 959 3692 Alanos
990 3645 1044 3691 et
1079 3639 1292 3692 Iberos.
1326 3638 1494 3691 Alani
1525 3638 1612 3692 vel
1643 3639 1832 3692 Allani
1868 3642 1924 3692 et

283 3709 484 3760 Albani
537 3724 674 3761 num
721 3709 895 3762 iidem
950 3710 1087 3772 sint,
1123 3711 1400 3776 (lisquirit
1431 3708 1627 3762 Barth.
1662 3711 1730 3762 ad
1766 3708 1919 3762 Guil.

284 3777 494 3832 Briton.
530 3795 581 3847 p.
614 3779 703 3832 31.
737 3781 899 3843 Quod
951 3780 1094 3832 mihi
1147 3779 1388 3834 delinire
1427 3779 1485 3832 in
1530 3788 1754 3848 promtu
1807 3796 1923 3834 non

283 3858 381 3904 est.
417 3849 702 3904 Abulieda
732 3866 882 3904 certe
916 3867 1213 3920 nunquam
1264 3848 1526 3911 Albanos,
1561 3852 1661 3920 sed
1691 3867 1924 3920 semper

285 3920 504 3975 Alliinos
552 3926 874 3991 nuncupat,
909 3919 1188 3991 tanquam
1242 3923 1290 3975 si
1337 3921 1392 3974 al
1441 3919 1723 3976 articulus
1770 3919 1923 3975 eeset

284 3992 644 4064 praepositus,
679 3993 873 4064 ipsum
924 4009 1134 4047 nomen
1187 3993 1322 4047 Lan.
1358 3992 1569 4058 Abasgi
1622 3997 1818 4064 autem
1866 3995 1923 4046 et

283 4063 461 4118 Allani
495 4063 904 4134 proculdubio
936 4064 1147 4119 diversi
1179 4070 1340 4126 sunt,
1366 4079 1480 4117 non
1504 4068 1734 4117 tantum
1768 4063 1918 4126 ideo,

285 4137 420 4204 quod
447 4135 539 4206 hic
563 4141 842 4206 tanquam
868 4137 1108 4190 diversis
1131 4142 1334 4204 gentes
1355 4141 1796 4206 enumerantur,
1819 4135 1918 4206 sed

285 4206 447 4261 etiam
497 4205 646 4262 situs
690 4205 1076 4262 demonstrat.
1111 4209 1301 4261 Alleni
1335 4207 1490 4260 enim
1530 4205 1714 4260 multo
1747 4205 1920 4260 altius

285 4294 478 4333 versus
529 4279 992 4350 septentrionem
1045 4279 1101 4333 in
1154 4280 1280 4349 ipso
1325 4282 1581 4350 Caucaso
1631 4276 1916 4350 habitant,

286 4351 480 4419 Abasgi
532 4348 729 4404 autem
763 4350 822 4405 in
864 4349 1052 4405 littore
1086 4348 1266 4404 maris
1297 4349 1507 4418 Caspii,
1541 4350 1695 4418 quod
1741 4348 1917 4402 etiam

289 4422 466 4477 adnuo
499 4437 656 4476 mare
681 4423 954 4486 Abosqun,
987 4422 1057 4475 de
1084 4421 1229 4492 ipsis
1260 4420 1601 4492 appellatur.
1639 4423 1918 4492 Autgergo

289 4492 482 4562 diversi
519 4502 654 4546 sunt
685 4493 757 4546 ab
790 4494 1059 4557 Abeassis,
1092 4493 1191 4562 qui
1231 4491 1305 4546 ad
1333 4498 1580 4546 Pontum
1633 4491 1918 4545 Euxinum

293 4561 636 4629 habitarunt,
687 4563 784 4617 ubi
834 4565 1006 4618 etiam
1057 4561 1340 4619 Abulleda
1388 4563 1593 4617 Abchas
1650 4563 1916 4630 collocat,

2032 3354 2112 3412 Ad
2141 3354 2405 3409 ditionem
2450 3353 2688 3408 Ardobil
2729 3355 2893 3427 refert
2923 3353 2979 3408 al
3009 3355 3283 3427 Azizicus.
3319 3355 3442 3422 Hoc,
3477 3353 3680 3427 inquit,

2031 3437 2266 3492 tempore
2321 3441 2430 3480 non
2482 3427 2726 3493 superest
2776 3425 3033 3491 Muganae
3086 3425 3416 3490 celebritas;
3457 3425 3681 3483 tantum

2029 3507 2182 3553 notae
2210 3501 2338 3550 sunt
2367 3502 2534 3553 terra:
2552 3496 2970 3569 _Mugan,_terrz
3002 3495 3115 3550 illae
3147 3507 3336 3564 vastae,
3359 3500 3680 3569 frequentes

2030 3572 2190 3638 aquis
2213 3577 2262 3623 et
2289 3570 2487 3623 cannis
2535 3566 2810 3634 Sacthari,
2841 3571 2889 3621 el
2917 3570 3157 3637 pascuis,
3191 3569 3250 3622 in
3281 3566 3476 3624 littore
3506 3571 3680 3626 maris

2034 3640 2480 3696 Thaberestanici
2530 3655 2696 3710 prope
2752 3654 2926 3705 mare,
2986 3640 3046 3693 in
3102 3649 3302 3702 puncto
3357 3641 3683 3697 occidentali

2028 3713 2440 3780 septentrionali
2493 3712 2679 3766 Tebriz.
2717 3711 2789 3765 ad
2825 3710 3005 3765 decem
3051 3712 3168 3780 fere
3216 3711 3506 3766 diztarum
3554 3713 3682 3768 inde

2028 3785 2374 3836 distantiam.
2411 3782 2492 3835 lbi
2540 3782 2866 3836 hibernatur
2913 3781 3058 3835 0rdu
3087 3781 3322 3849 (Horda,
3355 3789 3548 3837 castra
3592 3784 3680 3839 vel

2031 3853 2188 3921 aula)
2221 3855 2544 3906 Tatatorum
2576 3861 2632 3905 ut
2667 3856 2991 3922 plurimum.
3025 3857 3197 3906 Porro
3224 3853 3382 3906 addit
3411 3854 3468 3906 al
3498 3855 3682 3909 Azizi-

2028 3939 2144 3983 cus,
2185 3924 2372 3990 illugan
2423 3937 2536 3976 esse
2583 3926 2643 3975 in
2689 3925 3034 3976 extremitate
3091 3932 3374 3977 terrarum
3427 3925 3586 3978 Kilan
3643 3941 3680 3981 α

2029 3995 2194 4061 plaga
2245 3991 2615 4053 occidentali;
2645 3994 2792 4046 inter
2837 4008 2958 4046 eam
2997 4001 3048 4046 et
3087 3995 3286 4048 ostium
3332 3994 3493 4062 ﬂuvii
3540 3996 3676 4052 Carr

2030 4065 2136 4135 [vel
2170 4063 2342 4135 Cyri],
2372 4065 2424 4117 si
2450 4079 2642 4135 nempe
2688 4078 2856 4130 super
2885 4063 3066 4117 littore
3117 4067 3296 4135 maris
3325 4079 3510 4119 versus
3539 4067 3680 4121 occi-

2028 4133 2238 4208 dentem
2267 4133 2390 4208 cum
2421 4134 2657 4204 aliquali
2686 4150 2868 4188 versus
2899 4135 3124 4208 boream
3155 4133 3524 4191 inclinatione
3548 4154 3679 4208 pro-

2028 4207 2204 4273 cedas,
2255 4205 2516 4261 interesse
2568 4207 2639 4258 26
2690 4222 3050 4276 parasangas,
3102 4205 3250 4260 inter
3305 4212 3503 4261 ostium
3549 4205 3675 4262 uero

2030 4279 2177 4333 idem
2227 4277 2353 4332 (Σπνὶ
2381 4287 2432 4332 et
2459 4277 2519 4332 ul
2567 4277 2698 4342 Bab,
2733 4280 2792 4330 in
2848 4277 3031 4332 littore
3078 4279 3249 4332 maris
3293 4277 3526 4334 σιωπανὶ
3563 4294 3677 4335 esse

2026 4351 2089 4403 2t
2145 4365 2508 4419 parasangas.
2553 4351 2804 4420 Apparet
2853 4347 3011 4413 hinc,
3047 4347 3513 4420 falliauctorem
3566 4367 3673 4405 no-

2027 4427 2208 4476 strum
2245 4421 2300 4475 in
2333 4436 2421 4486 eo,
2455 4421 2607 4490 quod
2651 4419 2856 4474 ’Mocan
2903 4421 2976 4490 ad
3028 4419 3301 4489 paludem
3349 4420 3670 4477 Masotidem

2028 4493 2275 4548 collocat
2305 4497 2360 4546 et
2391 4489 2541 4546 haue
2571 4492 2641 4545 ab
2675 4491 2768 4545 illa
2805 4489 3060 4561 incipere
3089 4490 3189 4545 ait.

2097 4565 2210 4635 (69)
2263 4561 2334 4618 Ut
2381 4562 2581 4635 Romae
2605 4567 2666 4635 et
2713 4559 3228 4635 CPleosiepiscopi
3261 4577 3324 4617 se
3369 4559 3670 4635 οἰκουμενι-

291 4639 381 4688 aut
425 4635 771 4717 migrarunt,
805 4635 890 4690 vel
931 4651 1013 4717 ea.
1046 4645 1230 4717 parte,
1263 4634 1366 4717 vel.
1398 4641 1518 4717 tota
1567 4649 1731 4717 gens,
1767 4635 1914 4714 utin
1949 4645 1992 4710 ι)
2023 4632 2152 4694 ms;
2195 4632 2541 4717 appellant,
2600 4634 2682 4716 ita
2756 4632 3222 4717 Christianorum
3295 4632 3666 4691 orientalium

292 4721 635 4786 nonnmagna
655 4711 934 4786 terrarum
959 4704 1260 4786 distantia,
1281 4705 1650 4786 vel_a_Pontio
1667 4704 1914 4786 _Euxino

293 4778 351 4831 ad
379 4775 674 4846 Caspium,
698 4776 785 4832 vel
807 4781 879 4832 ab
902 4777 1009 4832 hoc
1040 4780 1110 4833 ad
1144 4779 1332 4832 illum.
1359 4775 1632 4847 Τζαναρία
1664 4778 1806 4831 forte
1827 4782 1916 4831 est

291 4849 430 4920 regio
481 4850 806 4916 honorum,
846 4849 1000 4904 circa
1043 4850 1287 4905 Pontum
1341 4848 1648 4903 Euxinum.
1697 4849 1914 4902 Arabes

291 4920 684 4993 videnturgeos
724 4936 791 4974 ar
841 4921 952 4975 Ran
1003 4921 1356 4993 appellasse,
1393 4921 1543 4993 unde
1578 4935 1675 4988 per
1702 4935 1912 4993 corru-

293 4991 526 5064 ptionem
551 4990 714 5045 ﬂuxit
738 5008 949 5046 nomen
976 4990 1123 5058 Irim,
1143 4993 1292 5064 quod
1311 4991 1411 5046 toti
1429 4990 1510 5044 illi
1535 4991 1740 5064 tractiii
1768 4993 1914 5044 inter

293 5063 602 5117 Armeniam
627 5069 684 5116 et
704 5079 864 5118 mare
893 5061 1175 5133 Caspium
1203 5078 1512 5118 commune
1542 5069 1644 5133 est.
1671 5061 1914 5133 Tzanto-

293 5149 402 5187 rum
436 5135 605 5188 sedes
631 5133 900 5203 designat
929 5130 1202 5203 Agathine
1235 5135 1396 5203 initio
1429 5133 1557 5188 libri
1589 5131 1670 5186 V:
1706 5130 1912 5203 οἷκοῦσι

292 5203 346 5276 τὰ
394 5204 529 5276 πρὸς
585 5203 739 5257 νότον
765 5201 1003 5276 (ἄνεμον
1060 5209 1157 5258 τοῦ
1224 5202 1742 5276 Εὗξείνουιπόντου
1811 5201 1914 5256 ὑπὸ

295 5270 656 5347 Τραπεζοῦντα
702 5276 801 5343 τὴν
849 5270 1034 5331 πόλιν.
1069 5270 1330 5348 Sequens
1371 5270 1581 5347 Σαρϐἆν
1624 5277 1916 5330 videretur

295 5348 427 5402 idem
487 5365 617 5403 esse
675 5356 847 5418 atque
903 5349 1218 5410 Schirwan,
1263 5349 1377 5402 nisi
1435 5351 1684 5404 additum
1739 5351 1912 5413 esset,

299 5419 532 5474 medium
578 5420 635 5474 id
678 5420 873 5489 jacere
922 5420 1074 5475 inter
1120 5421 1408 5475 Allaniam
1441 5427 1498 5475 et
1540 5421 1912 5475 Tzanaream.

301 5491 364 5562 De
407 5492 587 5545 Mocan
637 5491 756 5545 haec
804 5490 978 5547 habet
1014 5491 1316 5559 Abult’eda,
1357 5493 1456 5562 qui
1505 5495 1575 5546 ad
1628 5493 1783 5558 long.
1822 5490 1914 5562 78,

301 5560 428 5619 latit.
447 5565 658 5632 33(aut
687 5562 1070 5619 38;collocat:
1096 5563 1282 5619 Mucan
1313 5560 1411 5625 est,
1434 5569 1493 5618 ut
1522 5565 1602 5617 ait
1629 5566 1685 5619 al
1719 5561 1913 5628 Lobab,

302 5635 410 5706 urbs
438 5633 495 5691 in
528 5637 709 5689 tractu
753 5634 1019 5699 Derbend,
1062 5638 1524 5704 quemadmodum
1572 5635 1813 5706 perhibet
1861 5649 1916 5706 os

305 5701 654 5764 Samanensis.
689 5707 862 5762 Plura
905 5723 1010 5763 non
1052 5701 1162 5762 dat.
1205 5707 1388 5764 Filius
1429 5701 1659 5762 Hauc'ali
1694 5703 1913 5773 asserit,

2025 4707 2242 4762 summi
2266 4707 2542 4776 episcopi,
2565 4706 2666 4776 qui
2692 4720 2898 4775 nempe
2918 4705 3276 4762 Antiocheno
3300 4721 3416 4760 non
3441 4716 3662 4776 parent,

2023 4779 2326 4833 catholicos
2348 4793 2409 4832 se
2426 4777 2715 4846 appellant
2745 4792 2846 4831 seu
2878 4777 3191 4847 generales.
3223 4779 3445 4832 Arabes
3479 4777 3672 4833 Tsclta-

2024 4849 2162 4908 solik
2218 4849 2485 4915 efferunt,
2517 4854 2575 4904 et
2605 4849 2687 4903 sic
2738 4863 2971 4918 quoque
3026 4849 3232 4904 extulit
3287 4847 3397 4904 hoc
3455 4863 3665 4905 nomen

2025 4923 2250 4975 Marcus
2283 4919 2498 4974 Paulus
2528 4923 2782 4974 Venetus
2815 4919 2858 4982 Ι,
2895 4920 2979 4984 15,
3015 4935 3172 4974 more
3203 4919 3399 4974 Italico
3428 4919 3667 4984 [acolick

2022 5007 2285 5055 exaratis,
2316 5007 2369 5044 v.
2405 4997 2490 5046 Du
2531 4995 2718 5060 Gange
2749 5007 2800 5043 v.
2838 4989 3167 5046 Catholicus.
3203 4989 3386 5046 Hodie
3435 4995 3664 5045 tantum

2025 5079 2176 5117 unus
2198 5067 2464 5128 superest
2483 5063 2944 5117 Christianorum
2963 5079 3061 5132 per
3077 5061 3396 5116 Chaldteam
3413 5077 3662 5132 summus

2024 5134 2302 5204 pontifex,
2330 5133 2651 5189 catholicus
2682 5134 2892 5204 dictus,
2918 5130 3172 5202 Bagdadi
3208 5130 3661 5204 residenssolim

2024 5201 2215 5260 tamen
2244 5207 2438 5273 plures
2460 5210 2642 5260 erant.
2671 5203 2774 5259 Hic
2797 5212 2950 5259 certe
2975 5201 3092 5258 ires
3113 5201 3323 5257 diversi
3356 5203 3663 5258 nominan-

2023 5283 2121 5331 tur
2168 5271 2465 5337 Catholici.
2510 5277 2808 5342 Armeniae,
2842 5275 3060 5340 Iberiaa,
3099 5273 3374 5341 Albaniae,
3407 5280 3465 5329 et
3519 5277 3661 5331 forte

2023 5347 2123 5419 qui
2155 5348 2326 5403 hodie
2355 5347 2609 5417 episcopi
2652 5347 2915 5419 audiunt,
2949 5345 3214 5402 catholici
3254 5350 3377 5419 tum
3410 5345 3662 5415 appella-

2021 5416 2252 5475 bantur.
2286 5416 2911 5480 Annensisculholieus,
2945 5431 3119 5488 quem
3157 5419 3236 5469 Du
3269 5416 3458 5488 Cange
3482 5421 3520 5473 l.
3553 5434 3602 5473 c.
3625 5433 3657 5472 ο

2021 5491 2332 5545 Wilhelmo
2361 5492 2527 5561 Tyrio
2559 5497 2860 5552 memorat,
2883 5487 3128 5561 sedebat
3151 5488 3303 5558 apud
3335 5487 3538 5561 Anam,
3559 5505 3658 5561 ur-

2024 5563 2153 5616 bem
2188 5564 2256 5616 ad
2291 5557 2665 5633 Euphratem,
2698 5562 2768 5616 de
2798 5557 3202 5633 qu_a_'I:eixeira
3232 5564 3292 5633 e_t_
3318 5560 3467 5633 delle.
3493 5557 3654 5633 Valle

2022 5633 2082 5688 in
2117 5629 2454 5690 ltinerariis.
2479 5634 2564 5688 Ad
2599 5634 2786 5687 locum
2817 5629 2931 5684 Nili
2963 5630 3295 5702 Doxopatrii
3327 5630 3541 5702 ibidem
3562 5629 3655 5702 _oi-

2025 5712 2206 5762 talum
2241 5708 2574 5773 tenendum,
2609 5702 2944 5771 Bagdadum
2975 5719 3010 5759 ι
3037 5697 3248 5759 ῦτῶοἰε
3285 5697 3646 5774 Εἴρηνόπολιν
