4008 6210
380 336 536 395 12⁵79
1430 335 1984 398 CONSTANTINI

2137 335 2722 398 RPHYROGENITI
3658 334 3788 391 {£80

378 467 995 541 dirigiturinscriptio,
1028 467 1712 525 nominePatzinacorum
1732 485 2001 540 expresso

2141 454 2532 540 Σέρϐλωνίείς
2573 468 2663 522 τὸν
2716 464 2962 544 ἄρχοντα
3008 470 3115 521 τῶν
3163 461 3558 539 Ζαχλοῦμων·
3610 461 3681 521 εἷς
3722 466 3798 515 τὸν

379 564 437 615 et
465 558 679 615 similis
710 572 941 627 quoque
966 555 1148 612 bulla.
1192 557 1271 611 Ad
1305 556 1643 613 archontem
1678 558 2010 623 Chrobatia,

2137 555 2378 631 ἄρχοντα
2407 561 2504 611 τοῦ
2538 554 2779 626 Κανάλη·
2816 556 2891 618 εἷς
2946 556 3035 609 τὸν
3088 554 3327 628 ἄρχοντα
3384 557 3505 607 τῶν
3570 547 3799 623 T332:-

378 648 740 711 Serblorum,
798 646 1249 701 Zacblumorum
1308 647 1530 716 Canali,
1615 648 2010 703 Trabunorum

2137 664 2258 699 νων·
2296 645 2371 708 εἷς
2411 646 2501 700 τὸν
2556 646 2797 720 ἄρχοντα
2842 644 3123 723 Διοκλείας
3162 646 3224 697 ⁵⁸.
3281 644 3361 703 εἷς
3419 644 3520 695 τὸν
3580 643 3803 713 ἄρχοντί

378 736 489 807 [vel
521 734 973 805 Terbunorum],
1008 734 1274 803 Dioclea,
1303 736 1573 791 Morabia
1596 735 1677 791 sic
1708 736 1981 791 scribitur
2007 754 2010 789 :

2137 732 2451 808 ἣιωραῦίας.
2514 736 2825 810 Ἐπιγραφή
2884 736 2959 798 εἷς
3022 735 3237 797 αὐτούς’
3301 758 3329 784 (ί
3390 731 3679 791 Κέλευσις
3763 730 3807 783 ἐκ

2127 829 2237 879 τῶν
2272 823 2649 901 φιλοχρίστων
2686 823 2959 879 δεσποτῶν
3000 826 3136 886 πρὸς
3165 824 3254 877 τὸν
3292 824 3318 877 6
3353 820 3517 876 δεῖνα
3562 821 3663 876 τὸν
3719 820 3807 893 ἱρ-

2130 933 2302 987 χοντα
2331 911 2515 979 τῆσδε.
2552 939 2579 964 ››
2611 914 2832 971 Βοὺλλα
2863 921 3041 989 χρυσῆ
3078 911 3351 968 δισολδία.
3402 911 3513 973 Εἷς
3539 910 3641 964 τὸν
3672 911 3807 983 ῥῆγι

2129 1002 2429 1077 Φραγγίας.
2463 1000 2689 1059 Βούλλα
2718 1010 2923 1077 χρυσῆ·
2959 1025 2983 1055 ι
3022 1004 3110 1059 Ἑν
3144 1003 3379 1075 ὀνόματι
3412 1004 3521 1053 τοῦ
3574 1000 3811 1069 Πατριὶς,

377 848 404 874 ‹‹
466 824 801 881 Mandatum
841 840 875 879 a
931 822 1329 894 philochristis
1386 825 1646 896 despotis
1686 826 1756 879 ad
1829 826 2019 894 illum,

376 913 714 969 archontem
764 912 925 968 illius
987 913 1316 983 provincia.
1352 935 1381 963 »
1416 914 1494 968 Ad
1520 913 1627 969 hos
1657 913 1819 969 bulla
1851 930 2022 970 aurea

371 1002 747 1059 estbisoldia.
777 1002 862 1056 Ad
895 1017 1093 1074 regem
1134 1001 1385 1058 Francia
1419 1003 1503 1058 sic
1534 1003 1847 1059 scribitur:
1876 1026 1903 1053 «
1956 1006 2019 1059 In

372 1092 608 1149 nomine
640 1090 846 1160 Patris,
879 1096 937 1147 et
969 1091 1122 1159 Filii,
1153 1095 1210 1146 et
1240 1091 1487 1163 spiritus
1516 1093 1725 1157 sancti,
1760 1094 1934 1149 unius
1966 1097 2021 1149 et

377 1180 557 1237 solius
588 1180 701 1236 veri
760 1180 859 1235 Dei
906 1180 1106 1249 nostri,
1167 1180 1581 1237 Constantinus
1612 1186 1669 1237 et
1699 1182 2020 1251 Romanus,

375 1271 577 1326 ﬁdeles
595 1271 652 1325 in
684 1270 884 1325 eodem
899 1268 1033 1336 Deo,
1060 1269 1299 1337 excelsi,
1321 1270 1586 1342 Augusti,
1612 1271 2017 1343 imperatores,

376 1360 576 1431 magni
619 1374 781 1431 reges
832 1358 1242 1425 Romanorum,
1280 1359 1509 1425 dileclo,
1569 1360 1916 1416 charissimo
1964 1365 2021 1416 et

376 1448 665 1519 spirituali
706 1450 903 1503 nostro
937 1448 1117 1513 fratri,
1139 1447 1885 1517 illi,nobilissimo,illustri
1903 1450 2018 1519 regi

376 1537 645 1593 Francia.
677 1559 703 1590 ιο
734 1538 820 1593 Ad
851 1554 1185 1609 supremum
1218 1539 1518 1593 dominum
1556 1539 1728 1593 India
1760 1539 1844 1593 sic
1874 1539 2017 1593 scri-

2127 1179 2216 1235 καὶ
2251 1181 2417 1252 μόνου
2477 1180 2743 1250 ἀληθινοῦ
2791 1184 2924 1235 Θεοῦ
2982 1184 3163 1254 ἡμῶν.
3226 1183 3662 1238 Κωνσταντῖνος
3724 1178 3813 1229 καὶ

2126 1270 2403 1341 Ῥωμανὸς
2434 1272 2615 1325 πιστοὶ
2652 1268 2704 1323 ἐν
2736 1268 2882 1341 αὖτῷ
2911 1268 2991 1342 τῷ
3022 1274 3155 1341 Θεῷ,
3210 1268 3421 1342 ὑψηλοὶ
3478 1267 3811 1342 Αῧγουστοε

2126 1358 2523 1433 αὐτοκράτορες
2570 1357 2799 1433 μεγάλοι
2852 1357 3094 1434 βασιλεῖς
3138 1358 3459 1429 Ῥωμαίων,
3522 1361 3614 1427 τῷ
3663 1359 3808 1430 in”-

2124 1447 2378 1519 πημὲνφ,
2421 1446 2814 1520 πεποθημένφ,
2870 1448 2957 1501 καὶ
3010 1452 3357 1519 πνευματικῷ
3410 1448 3595 1516 ἡμῶν
3654 1444 3811 1497 ἐξελε

2125 1540 2210 1613 φῷ
2240 1536 2267 1589 6
2300 1533 2448 1591 δεῖνα
2479 1541 2557 1607 τῷ
2599 1535 2962 1611 εὐγενεστάτω
3009 1531 3359 1611 περιϐλέπτῳ
3412 1534 3554 1609 ῥηγί
3616 1540 3807 1609 Φραιίο

376 1629 577 1684 bitur:
629 1651 657 1679 ‹‹
716 1629 1131 1685 Constantinus
1204 1632 1260 1684 et
1310 1629 1630 1695 Romanus,
1701 1627 1902 1683 ﬁdeles
1960 1628 2010 1682 in

2137 1622 2266 1699 γίας.
2302 1648 2331 1674 ››
2380 1625 2475 1686 Εἰς
2515 1626 2605 1679 τὸν
2660 1624 2993 1699 ὑπερέχοντα
3045 1626 3360 1697 κυριεύοντα
3408 1620 3624 1681 Ἰνδίας
3669 1625 3807 1692 (85)

375 1717 604 1775 Christo
636 1719 751 1775 Deo
779 1718 971 1789 magni
995 1719 1391 1789 imperatores,
1410 1732 1575 1789 reges
1600 1718 2010 1785 Romanorum,

2137 1736 2154 1761 ς(
2186 1718 2589 1776 Κωνσταντῖνος
2621 1714 2711 1767 καὶ
2744 1714 3044 1787 Ῥωμανὸς,
3093 1714 3271 1767 πιστοὶ
3327 1712 3379 1766 ἐν
3427 1716 3675 1785 Χριστῷ
3727 1716 3803 1780 τῷ

374 1808 448 1873 ad
478 1808 668 1874 illum,
696 1824 1035 1879 supremum
1060 1808 1361 1863 dominum
1382 1808 1580 1875 India,
1614 1807 1893 1862 dilectum
1918 1824 2010 1862 no-

2137 1806 2240 1873 Βεῷ
2338 1801 2565 1875 μεγάλοι
2660 1802 3051 1878 αὐτοκράτορες
3145 1801 3391 1877 βασιλεῖς
3467 1800 3802 1873 Ῥωμαίων,

376 1902 557 1953 atrum
590 1899 863 1952 amicum.
900 1919 927 1945 ››
960 1898 1041 1951 Ad
1079 1897 1383 1951 dominum
1417 1895 1621 1951 Felicis
1645 1896 1866 1951 Arabia
1890 1896 2010 1951 mit-

2137 1891 2259 1964 πρὸς
2301 1892 2328 1945 6
2371 1889 2516 1947 δεῖνα
2579 1892 2671 1947 τὸν
2743 1891 3077 1968 ὑπερέχοντα
3144 1890 3331 1965 κύριον
3398 1897 3514 1959 τῆς
3577 1887 3800 1952 Ἰνδῖαςη

375 1987 518 2040 titur
563 2002 740 2041 aurea
790 1984 947 2041 bulla
977 2001 1111 2040 cum
1169 1984 1277 2040 hoc
1325 1984 1545 2040 titulo:
1598 2007 1625 2032 «
1686 1984 2010 2040 Constanti-

2137 1980 2211 2034 :6v
2254 1980 2607 2055 ἠγαπημένον
2651 1984 2809 2053 ἡμῶν
2856 1980 3040 2058 φίλον.
3086 2006 3105 2032 ι
3152 1979 3247 2040 Εἷς
3304 1980 3397 2035 τὸν
3460 1980 3801 2054 κυριεύοντα

377 2090 489 2129 nus
548 2079 606 2129 et
655 2074 973 2142 Romanus,
1008 2072 1207 2129 fideles
1256 2072 1315 2127 in
1375 2072 1605 2128 Christo
1653 2072 1766 2129 Deo
1816 2073 2010 2146 magni

2137 2076 2218 2139 τῆς
2252 2067 2591 2143 Εὐδαίμονος
2624 2065 2897 2144 Ἀραϐίας.
2930 2068 3150 2127 Βοὺλλα
3187 2076 3391 2145 χρυσῆ·
3428 2094 3461 2120 ‹‹
3494 2075 3803 2123 [iunctav-

374 2165 772 2233 imperatores,
789 2178 950 2235 reges
965 2163 1381 2234 Romanorum,
1407 2163 1478 2219 ad
1499 2162 1685 2230 illum,
1710 2163 2010 2219 dominum

2137 2165 2267 2221 τῖνος
2297 2160 2387 2213 καὶ
2418 2160 2716 2233 Ῥωμανὸς,
2756 2160 2941 2215 πιστοὶ
2981 2158 3032 2213 ἐν
3077 2162 3297 2233 Χριστῷ
3343 2163 3421 2229 τῷ
3476 2163 3628 2229 Θεῷ,
3688 2180 3793 2230 με-

371 2254 665 2311 Arabia.»
2118 2248 2283 2325 γάλοι
2314 2248 2709 2323 αὐτοκράτορες
2740 2247 2985 2324 βασιλεῖς
3016 2246 3329 2322 Ῥωμαίων,
3362 2247 3507 2321 πρὸς
3554 2248 3582 2300 6
3641 2245 3795 2301 δεῖνα

2117 2340 2209 2393 τὸν
2240 2338 2557 2413 κυριεύοντα
2584 2345 2684 2407 τῆς
2713 2334 2986 2412 Ἀραϐίας.
3023 2360 3047 2391 ι

2712 2431 2979 2486 ΚΕΨΑΛ.
3026 2430 3154 2485 ΜΘ’.

2118 2517 2267 2574 Εἰσὶν
2335 2519 2402 2573 τὰ
2468 2516 2743 2594 ἐκτεθέντα
2811 2514 3068 2594 δίδοσ-σαι-
3122 2517 3267 2592 παρά
3328 2521 3439 2594 τῷν
3484 2516 3791 2594 ⁸(Ξτίξειλένο

2187 2611 2314 2664 τωνᾼ
2355 2592 2614 2664 τιμᾶσθαι
2690 2587 2772 2664 ἔν-
2816 2610 2875 2644 τε
2949 2587 3218 2664 ᾇξιώμασὶ
3301 2589 3391 2642 καί
3465 2587 3786 2664 essetam,

2188 2662 2367 2737 καθὼς
2437 2662 2687 2736 ὑπῆρχον
2757 2660 2843 2715 ἐπὶ
2910 2660 3133 2722 Λέοντος
3215 2665 3311 2714 τοῦ
3396 2660 3787 2737 φιὶοχρίστου

2189 2729 2474 2789 δεσπότου.

438 2826 763 2898 Imperialis
786 2826 1091 2881 mandalor
1108 2827 1286 2881 dabat
1306 2825 1647 2882 litrasduas.
1682 2825 2008 2898 Imperialis

2184 2823 2245 2879 Ὀ
2300 2821 2583 2897 βασιλικὸς
2642 2820 2930 2896 μανδάτωρ
2986 2820 3173 2895 λίτρας
3363 2823 3427 2877 Ὁ
3482 2822 3798 2895 βασιλικὸς

364 2916 705 2971 candidatus
723 2915 1175 2987 tres.Imperialis
1189 2919 1403 2971 strator
1416 2919 1683 2987 quatuor.
1704 2914 2009 2985 Imperialis

2137 2908 2436 2973 ιανδιδάτος
2480 2911 2670 2985 λίτρας
2713 2913 2783 2986 γ’.
2831 2913 2893 2968 Ὀ
2948 2912 3231 2985 βασιλικὸς
3283 2911 3538 2984 στράτωρ
3592 2910 3797 2985 λίτρας

364 3004 1502 3081 spathariusquinque.4001mperialis
1522 3005 2008 3077 spatbarocandi-

2137 3004 2176 3058 ς’,
2223 3001 2279 3054 Ὀ
2336 2998 2620 3074 βασιλικὸς
2670 3001 2968 3073 σπαθάριος
3021 2999 3211 3072 λίτρας
3258 3006 3312 3055 ε’.
3363 2999 3427 3055 Ὀ
3480 2999 3793 3073 βασιλικὸς

358 3096 531 3150 datus
546 3094 2010 3167 sex.Imperialisprotospathariusduodecim,inter-

2137 3087 2673 3164 rnaOapoxavBiSi'roc
2722 3088 2913 3164 λίτρας
2968 3096 3028 3158 ς.
3083 3090 3141 3145 Ὀ
3195 3085 3477 3161 βασιλικὸς
3556 3109 3797 3160 πρωτοο

362 3184 499 3240 dum
516 3201 747 3256 quoque
760 3184 1180 3255 duodeviginti.
1201 3184 1484 3240 Hiomnes
1501 3188 1727 3240 tantum
1752 3186 2003 3252 solvunt,

2137 3178 2412 3252 τπαθάριος
2469 3176 2656 3252 λίτρας
2714 3179 2802 3251 ιβ’,
2860 3177 3131 3239 πολλάκις
3180 3176 3235 3232 δὲ
3282 3176 3368 3231 καὶ
3423 3182 3495 3247 ιη“
3558 3176 3787 3253 λίτρος.

961 2434 1190 2492 CAPUT
1228 2435 1415 2491 XLIX.

372 2528 647 2596 Exposita
678 2526 759 2581 vel
783 2530 933 2583 taxa
962 2525 1404 2591 honorariorum,
1436 2539 1560 2595 quae
1588 2525 1824 2593 pendere
1851 2523 2011 2579 debe-

447 2599 575 2651 bant
605 2614 789 2652 recens
832 2601 905 2651 ad
962 2597 1263 2665 digmtates
1320 2600 1371 2650 et
1403 2598 1711 2660 [unctiones
1750 2598 2009 2665 provecti,

442 2669 628 2794 qualis
657 2669 757 2722 sub
804 2670 979 2723 Leone
1014 2667 1371 2738 philochristo
1426 2668 1641 2738 despola
1698 2667 1825 2723 illa?
1862 2670 2011 2723 laxas

440 2754 573 2793 eran
608 2780 621 2792 .

2127 1094 2217 1147 καί
2268 1097 2364 1146 τοῦ
2420 1093 2569 1161 ὶ“ἱοῦ,
2620 1092 2709 1147 καὶ
2758 1097 2856 1147 τοῦ
2916 1093 3074 1167 ἁγίου
3135 1092 3477 1164 Πνε·5ματος,
3531 1094 3642 1144 τοῦ
3704 1090 3815 1148 ἐνὸς
3914 1104 3929 1151 1.

362 3273 480 3329 sive
511 3290 643 3328 cum
677 3273 801 3328 suis
832 3273 1219 3329 axiomatibus
1240 3273 1790 3344 simulaliaquoque
1816 3273 2007 3328 ofﬁcia

360 3363 719 3434 gerant,sive
743 3362 956 3417 minus.
993 3364 1201 3417 Eorum
1236 3378 1463 3432 quoque
1496 3362 1543 3416 si
1569 3362 1701 3433 quis
1723 3361 1784 3416 in
1815 3362 2003 3432 regios

358 3455 594 3520 rogatos
625 3454 726 3504 aut
783 3450 1078 3520 stipendia
1136 3450 1519 3520 percipientes
1550 3449 1786 3505 inscribi
1818 3450 2003 3520 cupit,

359 3537 533 3591 solvit
565 3541 771 3604 prater
801 3537 1179 3591 honorarium
1236 3536 1328 3591 sui
1378 3537 1685 3591 axiomatis
1716 3537 1905 3591 adhuc
1930 3536 2004 3590 li-

360 3629 480 3677 tras
508 3632 777 3694 quatuor.
812 3623 872 3678 Si
903 3623 1050 3678 inter
1089 3622 1414 3689 ministros,
1447 3623 1537 3677 sui
1572 3624 1824 3695 quisque
1853 3624 2006 3679 ordi-

358 3710 473 3779 nis,
500 3710 1036 3783 chrysotriclinares
1069 3711 1284 3767 ascribi
1333 3710 1515 3782 cupit,
1544 3716 1781 3783 prastat
1804 3720 2004 3783 prater

365 3816 546 3873 supra
576 3801 857 3872 scriptam
906 3804 1099 3856 taxam
1129 3800 1320 3856 adhuc
1352 3799 1497 3856 alias
1537 3800 1703 3857 litras
1736 3806 2000 3872 quatuor.

366 3892 473 3956 Qui
507 3891 668 3961 cupit
699 3891 757 3945 in
790 3906 1059 3962 magnam
1114 3890 1414 3946 hetariam
1475 3890 1673 3963 recipi,
1717 3892 1883 3948 solvit
1930 3891 2003 3961 (si

363 3981 600 4053 quidem
632 3981 756 4050 ejus
788 3996 924 4051 roga
952 3981 1329 4052 quadraginta
1375 3982 1730 4038 numismata
1763 3998 1875 4039 non
1906 3998 2003 4037 ex-

360 4072 539 4141 cedit)
570 4070 995 4126 litrassedecim
1024 4072 1207 4141 ;quod
1225 4070 1272 4125 si
1303 4086 1436 4125 vero
1451 4070 1785 4142 ampliorem
1801 4088 2001 4143 rogem

356 4159 446 4216 vel
476 4160 755 4215 salarium
781 4158 1075 4224 sollicitat,
1118 4158 1287 4215 debet
1334 4158 1508 4213 etiam
1534 4160 1823 4215 bonorarii
1874 4164 2004 4215 taxa

360 4250 673 4305 ascendere
696 4265 764 4304 ea
790 4248 1175 4319 proportione,
1210 4250 1272 4302 ut
1310 4263 1411 4318 pro
1470 4249 1726 4319 septenis
1758 4249 2006 4319 quibus-

360 4353 473 4407 que
503 4354 649 4408 roga
674 4337 1127 4392 numismatibus
1160 4337 1255 4391 det
1284 4335 1546 4407 singulas
1580 4336 1763 4392 litras.
1817 4336 2006 4393 Simili

2119 3269 2453 3344 ’Δμφότεροι
2508 3266 2655 3322 οὗτοι
2714 3264 2809 3323 κόίν
2856 3287 2915 3322 τε
2971 3269 3100 3322 ὦσιν
3151 3265 3226 3328 εἷς
3272 3266 3522 3345 ὀφφίκια,
3578 3266 3685 3321 κᾶν
3730 3288 3791 3322 τε

2118 3358 2218 3429 μή.
2261 3356 2322 3412 Εἰ
2374 3354 2430 3411 δὲ
2478 3357 2567 3410 καὶ
2617 3354 2675 3409 ἐκ
2725 3357 2931 3411 τουτων
2982 3377 3067 3417 τις
3128 3354 3271 3419 θέλει
3338 3356 3428 3409 καὶ
3496 3356 3584 3419 εἰς
3650 3358 3789 3417 τοὺς

2118 3443 2437 3519 βασιλικοὺς
2489 3446 2615 3506 τοὺς
2667 3444 2920 3520 ἐνρὸγους
2969 3444 3230 3519 ὀρθῶσαι,
3290 3444 3523 3521 παρέχει
3582 3443 3788 3512 ἔξωθεν

2110 3539 2212 3601 τῆς
2263 3540 2433 3606 τιμῆς
2490 3538 2587 3588 τοῦ
2639 3533 2945 3606 ἀξιώματος
2993 3533 3180 3608 λίτρας
3228 3531 3289 3589 δ’.
3344 3532 3405 3590 Εἴ
3448 3531 3504 3587 δὲ
3557 3534 3653 3587 καὶ
3705 3535 3786 3596 εἷς

2111 3622 2203 3675 τὸν
2260 3621 2743 3700 χρυσοτρίκλινον,
2813 3624 3041 3697 παρέχει
3111 3622 3293 3697 ἑτέρας
3339 3620 3531 3696 λίτρας
3595 3620 3661 3679 δ’.
3716 3626 3781 3678 Ὀ

2117 3710 2289 3766 θέλων
2320 3714 2558 3785 γενέσθαι
2619 3712 2695 3774 εἷς
2749 3713 2847 3780 τήν
2908 3711 3155 3787 μεγάλην
3216 3712 3501 3787 ἑταιρείαν,
3565 3712 3613 3765 εί
3676 3714 3781 3783 μὲν

2115 3797 2254 3855 ἐστιν
2285 3803 2320 3869 ἡ
2354 3800 2487 3876 ῥόγα
2516 3800 2681 3855 αὑτοῦ
2717 3800 2883 3875 μέχρι
2923 3801 3277 3874 νομισμάτων
3335 3808 3386 3874 μ¹
3437 3802 3573 3874 (86),
3628 3821 3783 3871 παρ-

2116 3892 2230 3966 έχει
2263 3890 2447 3965 λίτρας
2482 3892 2561 3960 ις’·
2622 3890 2668 3945 εἰ
2719 3888 2776 3945 δὲ
2822 3890 3047 3947 πλείονα
3095 3890 3255 3967 ῥόγαν
3308 3890 3575 3959 ἐπιζητεῖ,
3638 3891 3779 3943 κατὰ

2116 3980 2405 4055 ἀναλογίαν
2472 3988 2573 4049 τῆς
2642 3981 2803 4056 ῥόγας
2872 3980 3078 4060 ὀφείλει
3165 3974 3581 4048 ἀναϐιϐάζεσθαι
3682 3979 3777 4032 καὶ

2112 4071 2175 4125 τὸ
2203 4071 2447 4144 τίμημα,
2499 4072 2666 4146 ἤγουν
2714 4071 2780 4125 τὰ
2839 4072 2879 4140 ς’
2937 4070 3269 4144 νομίσματα,
3339 4068 3524 4143 λίτραν
3584 4072 3653 4126 α’.
3718 4070 3777 4123 Ὀ

2117 4159 2191 4221 εἷς
2232 4161 2331 4228 τὴν
2378 4159 2544 4233 μέσην
2604 4158 2868 4235 ἑταιρείαν
2926 4160 3097 4224 θέλων
3150 4158 3415 4233 γενέσθαι,
3473 4157 3559 4212 ἐὰν
3634 4157 3780 4229 λαμ-

2118 4244 2269 4303 ϐάνει
2332 4249 2498 4323 ῥόγαν
2558 4250 2875 4322 νομίσματα
2930 4252 2997 4320 κ’,
3056 4246 3265 4326 ὀφείλει
3323 4245 3504 4302 δοῦναι
3575 4247 3772 4317 lli-.ng

2119 4343 2167 4390 ι“’
2221 4337 2266 4391 εἰ
2317 4337 2373 4391 δὲ
2430 4336 2607 4391 πλείω
2663 4342 2770 4391 τῶν
2823 4338 2867 4391 κ’
2915 4338 3268 4410 νομισμάτων
3320 4335 3581 4406 ἓπιζητεῖ,
3632 4337 3773 4389 κατᾶ

361 4406 535 4482 modo
568 4406 666 4498 qui
701 4427 953 4482 mediam
979 4425 1037 4481 in
1065 4426 1360 4481 hateriam
1388 4406 1571 4498 recipi
1629 4426 1804 4497 cupit,
1838 4427 1886 4483 si
1918 4428 2005 4483 vi—

2137 4426 2409 4499 ἱναλογίαν
2440 4432 2541 4495 τῆς
2572 4425 2732 4501 ῥόγας
2779 4406 2994 4505 ὀφείλει.
3040 4406 3386 4500 ἀναϐιβάζειν
3432 4424 3522 4478 καὶ
3566 4424 3631 4478 τὸ
3676 4424 3769 4477 τί-

1720 4517 1957 4574 VARI/E
1998 4518 2297 4576 LECTION
2308 4518 2403 4574 ES.

435 4614 478 4649 ⁸⁸
511 4610 794 4674 Διοκλείας
826 4629 938 4669 em.
972 4617 1061 4686 R.,
1090 4611 1340 4676 Δικλείας
1371 4616 1498 4671 cod.
1532 4620 1590 4671 et
1619 4616 1705 4671 ed.

1414 4714 1606 4770 JOAN.
1645 4714 1787 4772 JAC.
1823 4715 2088 4773 REISKII
2103 4716 2689 4773 COMMENTARIUS.

365 4803 462 4858 hic
484 4809 749 4862 recenset
786 4805 1205 4861 Constantinus
1244 4821 1372 4876 c_ap.
1422 4804 1493 4858 29
1551 4806 1623 4858 de
1673 4805 2003 4861 administr.

364 4876 612 4947 imperio
664 4895 720 4949 p.
770 4876 837 4930 87
860 4882 1124 4949 sqq.Pro
1146 4872 1579 4949 Τερϐᾱυνιώταις
1640 4881 1830 4949 autem
1883 4894 2003 4933 me-

367 4955 560 5003 morat
583 4948 781 5004 noster
831 4948 1154 5005 Trabunos.
1222 4948 1602 5021 Occupabant
1661 4948 1748 5003 ba
1801 4953 2007 5021 gentes

369 5036 531 5075 oram
564 5037 793 5077 omnem
863 5021 1039 5077 maris
1090 5022 1367 5077 Adriatici
1400 5020 1919 5091 septentrionalem,
1937 5022 2007 5076 ab

368 5091 543 5147 Istria
573 5093 708 5148 inde
738 5109 925 5164 usque
956 5094 1027 5148 ad
1080 5089 1520 5164 Dyrrhachium.
1584 5092 1690 5146 Pro
1740 5089 2007 5157 Δικλείας,

368 5165 523 5233 quod
547 5164 641 5219 hic
673 5163 889 5220 dabant
929 5164 1301 5232 membrana,
1327 5163 1463 5219 alibi
1496 5178 1725 5233 quoque
1777 5164 1891 5218 alio
1918 5180 2007 5219 er-

370 5230 496 5289 rore
520 5233 726 5289 Δοκλία
760 5235 1055 5292 scribitur.
1102 5230 1343 5289 Rectum
1392 5238 1481 5290 est
1514 5230 1814 5302 Ἄιόόιλεια,
1857 5240 1920 5291 ut
1950 5236 2006 5290 in

362 5306 1073 5378 latinaiinterpretatione
1105 5306 1436 5378 submonui.

436 5376 549 5449 (_8_5)
571 5376 788 5449 Nempe
819 5377 1230 5434 commercium
1265 5379 1446 5433 fuisse
1464 5378 1845 5433 Constantino
1877 5394 2007 5432 cum

367 5447 547 5520 Indis,
587 5447 764 5518 supra
821 5450 1239 5519 demonstravi,
1290 5450 1551 5520 adeoque
1598 5465 1731 5504 cum
1773 5449 2008 5504 domino

364 5519 590 5593 Arabia
624 5520 804 5593 felicis
838 5538 1094 5593 quoque.

438 5592 555 5663 (86)
590 5591 806 5647 Dicitur
836 5590 929 5647 hic
952 5590 1114 5650 litras
1146 5593 1214 5649 46
1262 5594 1319 5649 in
1352 5597 1537 5647 taxum
1587 5590 1675 5647 vel
1701 5600 2006 5647 consuetu-

369 5663 564 5718 dinem
601 5669 873 5737 prastare
904 5664 1025 5737 ille,
1074 5666 1241 5737 cujus
1276 5681 1410 5736 roga
1464 5668 1551 5719 est
1588 5664 1656 5717 ad
1694 5663 1762 5716 40
1790 5663 2007 5719 solidos

367 5736 787 5807 aureos.’Roga
807 5752 940 5793 vero
972 5736 1066 5792 hic
1115 5736 1223 5793 loci
1256 5744 1419 5793 estne
1465 5751 1661 5791 annua
1718 5751 1791 5789 an
1841 5750 2006 5789 men-

2117 4805 2323 4862 strua?
2378 4807 2437 4862 Si
2492 4822 2707 4875 annua,
2768 4805 2966 4862 debuit
3041 4809 3305 4877 receptus
3363 4806 3421 4877 in
3464 4803 3765 4859 hetariam

2117 4877 2267 4933 hanc
2297 4877 2640 4947 dignitatem
2665 4878 2846 4934 nimio
2876 4892 3070 4932 emere
3119 4876 3539 4947 et’quindecim
3576 4891 3767 4928 anno-

2120 4965 2249 5004 rum
2283 4948 2507 5004 reditus
2538 4949 2712 5004 simul
2745 4954 2800 5004 et
2830 4948 3322 5005 semeletl‘undere
3351 4948 3475 5003 etin
3510 4954 3767 5001 anteces-

2120 5037 2253 5077 sum
2288 5021 2829 5092 imperialicamera
2853 5021 3091 5088 solvere,
3126 5020 3276 5089 quod
3310 5018 3762 5092 vixquindecim

2120 5091 2407 5147 annorum
2433 5093 2678 5147 decursu
2712 5093 2834 5161 ipse
2857 5096 3155 5163 recuperet
3211 5108 3311 5163 per
3344 5091 3605 5145 minutas
3630 5105 3766 5163 por-

2119 5165 2328 5219 tiones.
2362 5163 2467 5218 Vix
2490 5164 2720 5218 videtur
2748 5164 2857 5219 hoc
2889 5161 3334 5219 mercimonium
3356 5176 3592 5232 aquam
3616 5167 3674 5214 et
3707 5161 3759 5213 in

2121 5251 2230 5290 usu
2276 5237 2469 5291 fuisse.
2523 5235 2670 5301 Quid
2720 5236 2767 5289 si
2810 5252 2947 5305 ergo
2993 5239 3335 5301 statuamus,
3387 5248 3589 5305 regam
3634 5247 3759 5285 eam

2120 5314 2479 5361 menstruam
2516 5307 2697 5362 fuisse
2720 5308 2748 5378 ‘I
2768 5303 2942 5378 Atqui
2968 5308 3311 5377 paupertina
3340 5306 3501 5378 curia
3533 5303 3720 5378 Byzan
3742 5332 3758 5343 ο

2118 5378 2242 5432 tina
2272 5384 2493 5433 tantum
2534 5395 2649 5433 non
2673 5375 2951 5434 solvebat.
2970 5375 3397 5448 Qui—potuisset
3446 5375 3757 5443 imperium

2119 5450 2311 5504 medio
2342 5454 2401 5504 et
2444 5448 2650 5504 ultimo
2706 5466 2821 5505 avo
2879 5450 3045 5505 valde
3103 5450 3357 5504 accisum
3408 5451 3492 5501 tot
3548 5462 3761 5515 expen-

2119 5537 2313 5602 sarum
2372 5537 2568 5602 .onera
2632 5522 2835 5577 ferre?
2898 5522 3104 5602 Fuitne
3151 5536 3290 5602 ergo
3338 5519 3475 5602 litra
3531 5515 3756 5597 argenti

2119 5593 2214 5647 hic
2264 5590 2589 5663 designata,
2635 5608 2702 5648 ea
2746 5594 3116 5663 pr0portione
3172 5588 3363 5663 minor
3417 5589 3549 5663 litra
3610 5588 3759 5656 auri,

2120 5680 2321 5789 quiem?
2351 5662 2653 5736 argentum
2709 5662 2781 5720 ad
2832 5680 3039 5721 aurum
3108 5663 3276 5734 vulgo
3354 5662 3565 5717 habere
3623 5675 3763 5715 cen-

2120 5752 2179 5789 se
2213 5753 2280 5789 ur

2118 5740 2280 5792 setur
