4008 6210
189 402 390 466 1281
1080 402 1180 463 DE
1225 404 1674 467 CERIMONIIS
1719 402 1954 466 AULE
1996 401 2474 463 BYZANTIN/E
2515 402 2670 464 LIB.
2718 403 2793 464 Il.
3484 408 3636 474 1282

193 559 421 612 μημα.
453 537 515 594 Ὀ
548 534 623 598 εἷς
676 533 802 600 τοὺς
852 536 1189 611 Φαργάνους,
1240 535 1347 592 εἴτε
1394 537 1471 602 εἷς
1514 536 1640 600 τοὺς
1687 533 1872 606 Χαζά-

1993 535 2137 605 ginti
2169 551 2332 591 num.
2364 535 2422 590 in
2466 551 2662 605 rogam
2711 538 2940 610 accipit,
2974 537 3142 595 solvit
3180 540 3346 598 litras
3393 543 3629 615 decem;

195 646 360 701 ρους
406 625 580 689 θέλων
611 623 874 700 γενέσθαι,
917 623 1122 703 ὀφείλει
1173 622 1378 680 διδόναι
1435 625 1624 698 λίτρας
1674 627 1736 696 ζ’,
1788 623 1872 695 δη-

1996 624 2205 698 quodsi
2235 640 2368 681 vero
2400 626 2718 681 auctiorem
2751 643 2946 696 rogam
2984 628 3226 699 ﬂagitat,
3255 631 3426 687 debet
3458 636 3630 690 etiam

195 715 426 771 λονότι
459 715 524 768 νὰ
556 717 672 786 (87)
705 711 820 791 ἔχει
875 713 1039 789 ῥόγαν
1091 715 1411 788 νομίσματα
1463 717 1552 787 ιβ’.
1602 716 1662 772 '0
1707 711 1763 769 δὲ
1811 713 1872 768 εἷ‹

1995 714 2274 784 majorem
2307 718 2499 768 texam
2549 714 2768 770 solvere
2816 733 2918 786 pro
2969 718 3191 773 ratione
3236 725 3415 774 auctae
3466 739 3633 792 rogas.

190 804 272 858 τὸ
349 806 662 878 τραπέζιον,
713 801 820 857 εἷ’τε
871 802 948 864 είς
1004 802 1064 857 τὸ
1129 802 1452 878 βεστιάριον,
1513 802 1620 858 εἷ’τε
1691 803 1766 865 εἷς
1823 801 1872 856 τὲ

1994 803 2102 867 Qui
2134 801 2290 873 cupit
2318 801 2378 856 in
2429 801 2723 874 Farganos
2753 808 2853 860 aut
2889 805 3175 862 Chazaros
3224 808 3421 879 recipi,
3466 810 3637 866 solvit

196 890 795 965 ὀιρχοντογεννήματα
883 890 1055 945 θέλων
1136 891 1403 964 γενέσθαι,
1463 891 1550 946 ἐὰν
1619 885 1864 964 λαμϐάνε

1991 890 2156 946 litras
2187 895 2454 962 septem;
2488 892 2537 945 si
2589 908 2796 964 nempe
2827 910 3024 963 rogam
3075 895 3382 952 duodecim
3437 900 3632 955 numi-

201 979 398 1056 ῥὸγοιν
446 979 760 1053 νομίσματα
823 980 872 1050 ι’,
922 978 1128 1055 ὀφείλει
1187 976 1394 1034 διδόναι
1451 979 1640 1055 λίτρας
1700 980 1762 1049 ς’.
1825 979 1872 1034 'C

1992 983 2249 1036 smatum
2279 978 2629 1044 habeat.Qui
2662 982 2734 1037 ad
2764 983 3082 1054 trapezium
3107 1001 3209 1040 seu
3243 986 3632 1043 ministerium

200 1068 295 1129 εἷς
336 1069 473 1130 τοὺς
505 1068 807 1142 κληρικοὺς
843 1071 940 1122 τοῦ
986 1071 1115 1122 ναοῦ
1169 1066 1340 1122 Θὲλων
1388 1068 1631 1143 γενέσθαι
1677 1065 1864 1145 ὀφείλε

1991 1084 2168 1124 sacraa
2202 1067 2513 1135 mensae,ad
2545 1069 2977 1138 vestiarium,in
3009 1072 3635 1144 archontogennemata

203 1153 443 1211 διδόναι
477 1156 666 1231 λίτρας
700 1163 761 1226 ζ’.
794 1158 855 1213 '0
894 1155 972 1220 εἷς
1018 1157 1086 1210 τὰ
1133 1156 1469 1231 ἀσηκρητεῖα
1522 1155 1742 1228 μέλλων
1794 1177 1872 1234 γε·

1991 1174 2094 1213 seu
2124 1156 2342 1212 valetos
2375 1155 2688 1214 nobiliores
2717 1160 2876 1230 cupit
2907 1160 3159 1231 recipi,si
3191 1177 3390 1232 regam
3421 1164 3632 1236 accipit

201 1249 440 1315 νὲσθαι,
494 1246 580 1301 ἐὰν
639 1242 908 1319 λαμϐάνει
963 1245 1127 1320 ρὁαν
1190 1245 1501 1319 νομίσματα
1547 1244 1616 1313 λ’,
1677 1245 1872 1324 ὀφείλει

1991 1247 2187 1303 decem
2220 1251 2669 1316 numismatum,
2701 1248 2874 1305 solvit
2905 1266 3003 1304 sex
3032 1249 3219 1306 litras.
3242 1252 3633 1324 Recipiendus

205 1333 446 1389 διδόναι
480 1333 670 1409 λίτρας
732 1335 823 1410 ιβ’.
887 1333 950 1390 Εἰ
1012 1331 1069 1388 δὲ
1124 1333 1351 1389 πλείονα
1399 1333 1566 1410 ῥόγαν
1616 1333 1883 1405 ἐπιζητεῖ,

205 1426 369 1478 κατα
438 1422 734 1498 ἀναλογίαν
792 1425 893 1487 τῆς
961 1421 1126 1497 ῥόγας
1193 1421 1398 1499 ὀφείλει
1465 1417 1883 1490 ἀναϐιϐάζεσθαι

205 1513 314 1568 καὶ
351 1513 418 1569 τὸ
447 1513 688 1586 τίμημα.
740 1513 798 1565 '0
852 1510 908 1566 δὲ
962 1511 1214 1586 νοτάριος
1277 1517 1385 1566 τῶν
1445 1511 1824 1586 ἀσηκρητειῶν
1856 1512 1883 1566 ὁ

1989 1426 2097 1481 dus
2129 1426 2187 1481 in
2220 1436 2525 1496 asecretas,
2558 1426 2606 1482 si
2659 1427 2868 1498 accipit
2916 1443 3109 1498 rogam
3161 1428 3396 1499 triginta
3445 1432 3632 1486 numi-

1989 1519 2268 1586 smatum,
2302 1516 2478 1574 solvit
2525 1515 2690 1572 litras
2719 1516 3047 1572 duodecim.
3079 1517 3135 1571 Si
3183 1522 3376 1573 autem
3430 1535 3630 1590 rogam

1989 1336 2135 1393 inter
2165 1337 2407 1396 clericos
2438 1337 2634 1411 palatii
2665 1335 2834 1393 solvit
2863 1337 3022 1394 litras
3053 1344 3296 1410 septem.
3332 1341 3633 1413 Recipien-
3710 1381 3724 1397 .

210 1600 409 1666 θέλων
464 1601 722 1678 γενέσθαι,
779 1599 867 1656 ἐὰν
917 1595 1188 1673 λαμϐάνει
1241 1599 1408 1676 ῥόγαν
1461 1599 1775 1673 νομίσματα
1815 1606 1882 1672 κ’,

209 1690 440 1769 ὀφείλει
474 1688 656 1745 δοῦναι
705 1688 898 1764 λίτρας
955 1691 1024 1758 η’.
1074 1691 1135 1746 '0
1183 1687 1240 1744 δὲ
1291 1684 1749 1764 κουϐικουλάριος
1794 1689 1883 1745 θὲ-

213 1778 344 1835 λων
375 1779 645 1855 γενέσθαι,
687 1779 733 1834 εἰ
803 1777 895 1852 μέν
961 1777 1102 1832 ἐστιν
1155 1777 1259 1833 ε’ἰτε
1316 1777 1392 1841 εἷς
1448 1780 1510 1834 τὸ
1569 1785 1879 1854 τραπέζιον,

211 1870 333 1925 ε’ἰτε
395 1870 473 1932 εἷς
537 1871 600 1924 τὸ
663 1867 990 1944 βεστιάριον,
1049 1867 1137 1922 καί
1188 1867 1329 1924 θέλει
1397 1867 1636 1942 γενέσθαι
1687 1864 1876 1923 κουϐι-
1914 1898 1960 1963 Β

212 1956 551 2032 κουλάριος,
585 1956 672 2011 ἐὰν
703 1955 1092 2030 καταλιμπάνῃ
1126 1956 1221 2018 τὰς
1263 1956 1454 2018 ὰνόνας
1503 1958 1690 2027 αὐτοῦ,
1741 1955 1876 2012 δίδει

215 2045 388 2122 λόγῳ
421 2045 705 2101 κανισκίου
761 2045 1071 2119 νομίσματα
1102 2043 1170 2101 λ’.
1214 2045 1277 2101 El
1311 2045 1368 2100 δὲ
1417 2043 1663 2116 ἐπιζητεῖ
1709 2045 1874 2122 ῥόγαν

216 2135 397 2189 αὐτοῦ
456 2134 754 2205 αὐξηθῆναι
814 2134 900 2187 καὶ
959 2135 1054 2197 τὰς
1104 2132 1317 2203 ἀνόνας,
1375 2136 1514 2189 κατᾶ
1578 2133 1875 2210 ἀναλογίαν

213 2231 326 2293 τῆς
371 2225 540 2298 ρόγας
590 2224 681 2277 καὶ
737 2227 844 2278 τῶν
900 2222 1098 2276 ἀνονῶν
1155 2221 1320 2277 αὐτοῦ
1373 2222 1580 2302 ὀφείλει
1615 2219 1874 2278 ἀναϐιϐά-

219 2321 414 2384 ζεσθαι
444 2315 531 2368 καὶ
568 2314 628 2368 τὸ
661 2310 825 2385 δόμα.
873 2313 936 2368 '0
987 2309 1044 2366 δὲ
1095 2313 1200 2366 ἀπὸ
1252 2312 1520 2386 καλιγίων
1573 2315 1685 2387 (88)
1730 2313 1878 2390 γενό-

229 2423 400 2475 μενος
467 2397 929 2475 κουϐικουλάριος
996 2400 1042 2455 εί
1118 2401 1210 2473 μὲν
1275 2400 1504 2456 αἰτεῖται
1579 2397 1874 2474 λαμϐάνειν

220 2490 397 2565 ῥόγαν
432 2496 498 2556 κ’,
541 2489 749 2562 ὀφείλει
792 2485 996 2542 διδόναι
1055 2485 1246 2560 λίτρας
1291 2495 1360 2559 η’.
1409 2490 1471 2546 '0
1523 2487 1579 2543 δὲ
1636 2486 1723 2544 διὰ
1773 2491 1874 2544 πό-

219 2575 368 2639 λεως
413 2580 525 2650 (89)
583 2577 755 2632 Θέλων
825 2577 1068 2653 γενέσθαι
1135 2571 1595 2651 κουϐικουλάριος
1664 2577 1873 2654 ὀφείλει

221 2663 410 2721 δοῦναι
459 2665 652 2742 λίτρας
700 2673 758 2736 ς’.
813 2667 874 2723 'O
927 2663 984 2720 δὲ
1041 2665 1145 2720 ἀπὸ
1209 2669 1305 2720 τοῦ
1370 2661 1873 2742 κουόικουλαράτου

221 2753 450 2828 μέλλων
540 2757 782 2830 γενέσθαι
876 2753 1581 2830 σπαθαροχουοικουλάριος
1668 2753 1872 2832 ὀφείλει

215 2841 407 2899 δοῦναι
443 2844 633 2919 λίτρας
666 2846 732 2900 δι’.
766 2845 890 2900 Ἐὰν
935 2842 1104 2898 δὲκαὶ
1136 2846 1456 2914 προσθήκην
1490 2844 1652 2918 ῥόγας
1681 2845 1872 2915 ἐπιζηο

212 2939 321 3002 τεῖ,
354 2933 490 2988 κατᾶ
519 2933 807 3009 ἀναλογίαν
840 2940 939 3002 τῆς
983 2935 1145 3007 ῥόγας
1197 2932 1366 2988 αὐτοῦ
1424 2933 1634 3007 ὀφείλει
1685 2929 1872 2991 ἀναϐι-

223 3017 476 3093 ϐάζεσθαι
509 3023 600 3078 καὶ
631 3024 693 3078 τὸ
721 3024 964 3095 τίμημα.
996 3024 1057 3080 Ὁ
1092 3019 1149 3076 δὲ
1179 3022 1284 3076 ἀπὸ
1327 3022 1572 3096 καλίγων
1625 3023 1871 3098 γενέσθαι

222 3112 396 3177 θέλων
431 3107 1132 3187 σπαθαροκουϐικουλάριος
1164 3110 1374 3186 ὀφείλει
1414 3109 1623 3166 διδόναι
1678 3109 1870 3187 λίτρας

227 3203 279 3256 ι’.
313 3200 376 3256 Εἰ
410 3198 465 3254 δὲ
507 3201 596 3256 καὶ
644 3203 965 3274 προσθήκην
1018 3199 1182 3276 ῥόγας
1223 3199 1492 3271 ἐπιζητεῖ,
1541 3200 1678 3254 κατά
1732 3201 1869 3254 ἀνα-

228 3288 416 3364 λογίαν
443 3296 542 3359 τῆς
593 3269 754 3365 ῥόγας
805 3269 1027 3367 ὀφείλει.
1061 3269 1485 3357 ἀναϐιϐάζεσθαι
1539 3290 1627 3343 καὶ
1684 3290 1747 3343 τὸ
1792 3288 1873 3343 τί-
1903 3269 1948 3334 C

234 3400 411 3452 μημα.
463 3379 524 3436 Ὀ
583 3375 639 3433 δὲ
697 3378 971 3453 ὀστιάριος
1030 3377 1135 3432 ἀπὸ
1191 3383 1290 3432 τοῦ
1342 3373 1874 3452 σπαθαροκουϐικου-

232 3467 466 3542 λαράτου
524 3465 696 3522 θέλων
753 3469 988 3543 γενέσθαι
1055 3467 1260 3544 ὀφείλει
1328 3465 1510 3522 δοῦναι
1578 3467 1768 3543 λίτρας
1822 3468 1870 3526 ι’.

232 3557 294 3611 Εἰ
333 3554 388 3610 δὲ
436 3559 523 3611 καί
565 3560 885 3630 προσθήκην
936 3556 1104 3633 ῥόγας
1158 3557 1422 3627 ἐπιζητεῖ,
1481 3556 1618 3610 κατὰ
1673 3555 1875 3611 ἀναλο-

231 3645 342 3718 γίαν
373 3653 474 3713 τῆς
534 3647 694 3720 ῥὸγας
746 3645 949 3722 ὀφείλει
1002 3639 1415 3714 ἁναϐιϐάζεσθαι
1459 3645 1547 3701 καὶ
1595 3646 1658 3700 τὸ
1705 3644 1873 3718 τίμη-

1989 1603 2213 1676 ﬂagitat
2241 1606 2578 1674 auctiorem,
2611 1605 2780 1661 debet
2809 1606 2983 1661 etiam
3015 1605 3246 1662 auctius
3279 1623 3380 1678 pro
3411 1608 3633 1665 ratione

1992 1691 2364 1748 honorarium
2399 1693 2640 1750 solvere.
2671 1695 2730 1748 Si
2761 1693 3022 1749 notarius
3075 1699 3461 1751 asecretarum
3498 1696 3632 1768 quis

1989 1782 2149 1851 cupit
2179 1786 2236 1838 et
2266 1783 2435 1838 debet
2466 1782 2612 1851 ﬁeri,
2644 1782 2816 1838 solvit
2847 1782 3011 1838 litras
3041 1788 3189 1853 octo,
3224 1783 3272 1838 si
3319 1800 3526 1856 nempe
3569 1786 3629 1841 in

1991 1885 2183 1940 rogam
2213 1871 2568 1926 numismata
2599 1871 2802 1941 viginti
2834 1870 3064 1940 accipit.
3106 1871 3212 1934 Qui
3241 1871 3630 1929 cubicularius

1988 1959 2277 2013 creandas
2307 1963 2419 2027 est,
2451 1959 2573 2014 sive
2603 1963 2773 2014 antea
2804 1959 2862 2014 in
2885 1958 3139 2030 trapezio
3170 1976 3271 2015 seu
3307 1960 3628 2017 ministerio

1987 2048 2054 2102 ad
2089 2063 2378 2115 mensam,
2404 2047 2523 2103 sive
2553 2048 2613 2103 in
2643 2048 2912 2104 vestiario
2943 2065 3044 2103 seu
3079 2048 3404 2105 ministerio
3452 2066 3628 2106 sacras

1985 2134 2163 2190 vestis
2197 2135 2386 2203 fuerit,
2421 2135 2594 2205 ille,si
2626 2152 2884 2192 annonas
2916 2153 3052 2192 suas
3083 2137 3427 2209 sibi,quales
3458 2143 3628 2194 antea

1987 2225 2244 2289 fuerunt,
2277 2224 2528 2295 relinqui
2564 2225 2912 2296 patitur,dat
2942 2227 3178 2280 nomine
3206 2226 3480 2296 sportulae
3513 2245 3625 2282 nu-

1985 2311 2256 2367 mismata
2279 2312 2603 2384 triginta.Si
2623 2318 2816 2368 autem
2840 2329 3035 2384 rogam
3060 2330 3228 2368 suam
3249 2330 3626 2385 annonaeque

1984 2401 2179 2472 augeri
2222 2400 2520 2468 sollicitat,
2571 2401 2736 2457 debet
2781 2401 2953 2457 etiam
3003 2402 3378 2457 honorarium
3421 2404 3623 2476 augeri

1983 2508 2086 2561 pro
2118 2490 2338 2547 ratione
2369 2497 2549 2547 auctae
2582 2507 2730 2562 roga:
2761 2495 2817 2546 et
2863 2508 3248 2550 annonarnm.
3280 2492 3387 2556 Qui
3433 2498 3623 2549 autem

1983 2596 2018 2636 a
2043 2579 2244 2652 caligis
2276 2581 2341 2634 fit
2371 2580 2836 2644 cubicularius,si
2871 2581 3140 2652 precibus
3169 2582 3390 2637 obtinet
3422 2599 3622 2654 rogam

1979 2667 2184 2739 viginti
2216 2668 2668 2737 numismatum,
2703 2669 2869 2724 debet
2900 2669 3064 2724 litras
3089 2674 3217 2726 octo
3247 2670 3405 2726 dare.
3440 2670 3624 2726 Urba-

1982 2772 2091 2812 nus
2122 2758 2406 2813 creandus
2437 2757 2837 2813 cubicularius
2867 2759 2965 2813 dat
2992 2758 3158 2814 litras
3191 2763 3358 2814 sex.E
3389 2759 3625 2814 cubicu-

1980 2844 2124 2901 lario
2156 2847 2586 2918 promovendus
2615 2848 2682 2902 ad
2727 2846 3492 2918 spatharocuhiculariatum
3524 2848 3625 2904 de-

1981 2934 2076 2989 bet
2102 2940 2353 3005 quatuor
2382 2935 2581 3002 litras;
2617 2935 2950 2991 sollicitanti
3000 2941 3190 2992 autem
3241 2941 3621 3008 augmentum

1979 3039 2128 3093 roga
2185 3023 2357 3078 debet
2411 3024 2584 3079 etiam
2646 3025 3023 3080 honorarium
3092 3025 3290 3097 augeri
3365 3043 3466 3095 pro
3525 3043 3620 3081 ra-

1981 3111 2315 3168 tione.40!
2362 3113 2469 3176 Qui
2501 3130 2534 3168 a
2563 3112 2768 3183 caligis
2798 3112 3469 3184 spatbarocubicularius
3500 3114 3623 3169 vult

1979 3209 2034 3257 et
2065 3201 2235 3256 debet
2262 3201 2406 3267 ﬁeri,
2439 3203 2540 3257 dat
2569 3201 2734 3257 litras
2765 3201 2960 3258 decem
2991 3221 3004 3270 ;
3039 3208 3112 3267 et,
3143 3203 3187 3258 si
3221 3203 3496 3259 sollicitat
3525 3218 3622 3258 au-

1979 3295 2282 3362 gmentum
2335 3306 2507 3362 rogas,
2540 3291 2636 3345 dat
2678 3290 2910 3346 auctius
2961 3306 3194 3362 quoque
3240 3291 3620 3347 honorarium

1979 3377 2188 3450 aequali
2245 3378 2488 3434 ratione.
2548 3379 2591 3433 E
2641 3378 3272 3449 spatharocubiculario
3331 3379 3619 3434 creandas

1979 3467 2246 3523 ostiarius
2278 3467 2377 3522 dat
2405 3466 2568 3522 litras
2599 3467 2797 3521 decem
2828 3471 2886 3521 et
2916 3469 3068 3537 plus,
3103 3466 3151 3521 si
3184 3465 3314 3538 plus
3343 3483 3494 3538 rogas
3526 3466 3623 3521 ﬂa-

1978 3557 2144 3628 gitat,
2181 3556 2609 3627 proportionate
2651 3555 2889 3611 scilicet.
2928 3556 3012 3610 Ab
3053 3555 3353 3610 ostiariatu
3388 3572 3620 3626 promo-

1979 3647 2202 3700 vendus
2236 3644 2307 3698 ad
2340 3643 2802 3715 primiceriatum
2835 3643 3116 3699 datlitras
3147 3645 3347 3700 decem
3374 3647 3462 3711 ;et
3487 3644 3621 3716 plus

240 3754 327 3806 μα.
359 3735 417 3790 '0
451 3731 506 3787 δὲ
537 3736 897 3806 πριμικήριος
929 3733 1034 3788 ἀπὸ
1082 3733 1144 3787 τὸ
1191 3732 1508 3806 ὀστιαράτον
1555 3731 1726 3796 θέλων
1779 3754 1872 3807 γε-

1991 3733 2133 3799 iusta
2165 3733 2223 3786 in
2255 3734 2645 3802 proportione,
2682 3734 2731 3788 si
2763 3732 2894 3804 plus
2926 3749 3081 3804 rogas
3128 3733 3417 3804 rogaverit
3445 3738 3623 3804 atque

238 3824 410 3886 νὲσθαι
442 3821 650 3898 ὀφείλει
682 3819 892 3875 διδόναι
933 3820 1123 3895 λίτρας
1179 3827 1223 3875 ι’.
1277 3821 1340 3878 Εἰ
1389 3819 1445 3875 δὶ
1491 3821 1581 3875 καὶ
1636 3824 1876 3891 προσθή-

241 3935 337 3983 κην
368 3912 530 3989 ρὁας
563 3912 830 3982 ἐπιζητςῖ,
862 3912 994 3965 κατὰ
1027 3910 1316 3986 ἀναλογίαν
1346 3917 1445 3981 τῆς
1480 3911 1640 3986 ῥόγας
1667 3911 1873 3987 ὀφείλει

240 3997 639 4070 ἀναϐιϐάζεσθαι
672 4001 761 4054 καὶ
792 4002 854 4056 τὸ
874 4001 1118 4075 τίμημα.

239 4094 312 4149 Τὰ
376 4090 705 4176 ἐφειλόμενα
773 4087 1050 4176 δίδοσθαι,
1089 4087 1304 4176 δόματα
1344 4089 1455 4176 είς,
1497 4089 1564 4175 τὰ
1630 4108 1873 4163 χαρτουο

478 4159 685 4236 λαράτα
724 4162 812 4216 καὶ
854 4163 1124 4237 νοταράτα
1160 4159 1268 4217 τῶν
1307 4159 1594 4234 σεκρέτῶν.

313 4344 374 4400 Oi.
402 4343 644 4417 νοτάριοι
701 4347 800 4397 τοῦ
858 4339 1064 4398 εἰδικοῦ
1107 4341 1298 4415 λίτρας
1335 4342 1422 4394 vs"
1466 4341 1518 4395 οἱ
1559 4339 1874 4415 χαρτουλά-

247 4452 343 4507 ριοι
405 4429 497 4486 τοῦ
558 4435 806 4505 γεννιγοῦ
847 4429 1037 4504 λίτρας
1101 4434 1185 4503 ξε·
1226 4431 1278 4484 οἱ
1335 4424 1435 4502 ἔξω
1477 4430 1874 4508 χαρτουλάριοι

249 4525 334 4574 τοῦ
373 4525 637 4594 γεννικοῦ,
696 4518 821 4589 ἤτοι
887 4524 994 4574 τῶν
1049 4517 1290 4593 ἀρκλῶν,
1359 4517 1567 4592 λίτρας.
1623 4519 1674 4573 o't
1736 4537 1878 4593 χαρ-

1978 3821 2390 3893 impetraverit.

1980 4092 2054 4146 Ea
2065 4106 2203 4161 ,quz
2215 4108 2247 4144 a
2269 4106 2456 4144 recens
2471 4092 2758 4147 honorati:
2772 4093 3063 4149 honorarii
3076 4095 3186 4150 loco
3201 4095 3260 4148 in
3271 4093 3536 4149 chartula
3544 4110 3631 4149 ra-

2053 4168 2108 4216 ta
2130 4164 2212 4216 vel
2232 4163 2542 4217 tribunalia
2559 4164 3100 4233 rhartulariorum,el
3118 4167 3405 4220 nolariata
3425 4165 3511 4221 vel
3531 4166 3632 4219 tri-

2057 4251 2290 4306 bunalia
2320 4253 2664 4307 notariorum
2687 4256 3014 4308 secretorum
3040 4253 3208 4324 pendi
3236 4254 3444 4309 debent.

2055 4339 2274 4394 Notarii
2334 4339 2470 4396 idici
2523 4355 2628 4396 seu
2687 4341 2767 4396 rei
2825 4341 3064 4412 privatas
3109 4341 3407 4412 accipiunt
3458 4339 3626 4397 litras

1983 4428 2404 4499 quinquaginta
2437 4429 3075 4501 quinque.Cbartularii
3107 4431 3293 4501 genici
3323 4431 3449 4501 [seu
3480 4446 3619 4487 sara-

1981 4515 2052 4570 rii
2098 4517 2339 4588 publici]
2383 4518 2546 4573 litras
2595 4520 2972 4592 septuaginta
3021 4520 3318 4590 quinque;
3370 4519 3626 4575 extranei

246 4609 510 4684 τουλάριοι
576 4614 672 4664 τοῦ
739 4613 1132 4684 στρατιωτικοῦ
1200 4608 1387 4683 λίτρας
1447 4610 1517 4682 μ’·
1605 4609 1656 4662 οἱ
1714 4610 1868 4663 νστά·

1991 4603 2322 4660 :bartularii
2356 4606 2660 4662 stratiotici
2692 4623 2794 4663 seu
2827 4607 2951 4662 ﬁsci
2983 4607 3255 4664 militaris
3286 4606 3372 4662 lit.
3397 4609 3486 4663 40.
3511 4607 3625 4664 No-

247 4719 344 4773 ριοι
394 4703 490 4753 τοῦ
550 4703 942 4772 στρατιωτικοῦ
1009 4697 1201 4772 λίτρας
1266 4705 1330 4752 δι”
1393 4699 1444 4752 οἱ
1482 4696 1722 4768 νοτάριοι
1774 4699 1870 4768 τῆς

245 4786 493 4857 σακὲλλης
572 4785 760 4860 λίτρας
830 4785 896 4840 λ”
976 4789 1027 4842 οἱ
1111 4788 1339 4863 νοτάριοι
1398 4791 1492 4844 τοῦ
1555 4787 1868 4861 βεστιαρίου

251 4875 439 4951 λίτρας.

254 4965 364 5040 Περί
404 4970 508 5020 τῶν
550 4964 927 5040 αἰχμαλώτων
952 5037 965 5040 Α
1008 4967 1337 5040 Σαρακηνῶν
1412 4966 1525 5037 (90)
1599 4967 1704 5017 τῶν
1784 4964 1871 5019 ἐπὶ

707 5037 900 5110 θέματι
946 5036 1374 5112 βαπτιζομένων.

310 5127 414 5201 Χρὴ
464 5124 680 5196 εἰδέναι,
729 5124 813 5180 ὅτι
877 5122 1159 5202 ὀφείλουσι
1216 5117 1508 5196 λαμϐάνειν
1575 5125 1720 5197 παρᾶ
1773 5126 1871 5178 τοῦ

1982 4695 2112 4750 tarii
2142 4696 2452 4752 stratiotici
2502 4697 2616 4752 litr.
2648 4699 2738 4751 20.
2791 4697 3013 4752 Notarii
3057 4697 3257 4754 sacelli
3307 4698 3471 4754 litras
3519 4697 3626 4754 tri-

1981 4783 2160 4854 ginta.
2193 4784 2414 4839 Notarii
2445 4785 2704 4842 vestiarii
2733 4785 2898 4842 litras
2929 4803 2982 4841 o.

2090 4967 2162 5022 De
2186 4967 2420 5038 captivis
2447 4966 2772 5033 Saracenis,
2803 4967 2898 5039 qui
2927 4967 3119 5038 aliqua
3148 4968 3208 5024 in
3237 4968 3523 5038 provincia

2546 5039 2812 5109 baptizata"
2839 5042 3074 5110 fuerint.

2056 5125 2215 5182 Unus
2246 5127 2448 5183 talium
2483 5127 2731 5199 quisque
2779 5129 2949 5185 debet
2975 5146 3008 5183 ιι
3056 5126 3447 5199 protonotario
3496 5124 3626 5180 the-

1283 5258 1484 5314 JOAN.
1517 5257 1662 5316 JAC.
1701 5258 1958 5315 REISKII
1991 5259 2578 5318 COMMENTARIUS.

317 5387 410 5457 (87)
439 5386 537 5442 Sic
566 5384 772 5442 dicunt
800 5384 932 5440 novi
977 5383 1160 5440 Graeci
1195 5399 1296 5454 pro
1325 5381 1427 5457 ἳνα.
1472 5382 1576 5457 Hic
1625 5381 1735 5438 loci
1768 5399 1872 5457 no:

259 5452 333 5514 tat
381 5452 472 5513 ubi
525 5457 612 5513 vel
663 5457 914 5528 quando;
967 5471 1087 5528 quo
1129 5452 1304 5528 sensu
1351 5452 1441 5507 ’ἱνα
1482 5453 1667 5528 etiam
1717 5455 1873 5528 apud

262 5524 685 5585 vetustissimos
744 5533 800 5584 et
866 5524 1311 5600 probatissimos
1383 5524 1696 5596 scriptores
1756 5524 1875 5581 'ha-

263 5600 422 5742 be(t8"8|')'
444 5672 682 5728 Videtur
727 5687 797 5727 ex
828 5672 936 5728 hoc
973 5670 1097 5725 loco
1142 5667 1635 5742 cubiculariorum
1688 5682 1872 5742 unus-

267 5738 482 5814 quisque
511 5744 790 5800 habuisse
820 5759 1021 5800 curam
1056 5738 1362 5834 peculiaris
1392 5738 1612 5796 servitii
1644 5738 1714 5794 ad
1747 5752 1870 5794 cor~

1984 5400 2096 5454 pus
2126 5391 2443 5455 augustum
2470 5387 2862 5458 pertinentis,
2894 5391 2961 5441 ut
3007 5400 3161 5440 unus
3205 5401 3248 5458 a_
3286 5385 3505 5452 calceis,
3536 5385 3625 5442 al-

1985 5464 2070 5510 ter
2112 5472 2147 5510 a
2198 5458 2364 5513 barba
2401 5456 2715 5530 vel—coma,
2773 5458 2974 5514 tertius
3021 5474 3054 5510 a
3111 5456 3376 5512 malluvio
3433 5465 3486 5513 et
3545 5458 3625 5514 sic

1983 5543 2174 5668 pagg).
2217 5598 2605 5657 Cubicularius
2652 5602 2893 5655 urbanus
2949 5602 3046 5652 aut
3101 5599 3165 5653 in
3211 5601 3350 5653 urbe
3396 5598 3622 5653 videtur

1982 5668 2065 5724 illi
2086 5672 2332 5742 opponi,
2363 5673 2460 5742 qui
2491 5673 2551 5727 in
2585 5671 2814 5742 palatiis
2840 5669 3196 5742 suburbanis
3225 5669 3419 5742 servit.

2053 5740 2167 5812 (90)
2203 5740 2395 5798 Medio
2429 5760 2545 5799 avo
2585 5740 2912 5823 Saracenus
2942 5745 2998 5796 et
3044 5741 3224 5798 Arabs
3273 5741 3423 5798 idem
3475 5744 3618 5810 erat,
