4008 6210
179 307 400 368 1285
1099 311 1199 370 DE
1242 313 1699 376 CERIMONIIS
1741 317 1972 379 AULE
2012 320 2488 394 BYZANTINE
2532 337 2678 398 LIB.
2726 341 2802 400 lI.

3491 350 3646 413 1286

179 461 423 531 culos,
457 461 612 519 leves
644 461 886 572 milites,
918 464 1360 572 excursionibus
1385 466 1444 522 in
1474 483 1682 540 agrum
1697 469 1970 529 hostilem
1987 478 2045 530 et
2057 469 2270 548 praedis
2291 489 2530 558 agendis
2550 493 2782 548 tantum
2808 494 3447 572 destinatos,]equibus
3469 504 3644 563 etiam

178 552 528 607 Tzecones
561 551 684 623 [seu
718 551 1216 660 Peloponnesiaci]
1247 556 1639 660 desumuntur
1675 566 1730 614 et
1757 561 2087 634 seliguntur
2111 571 2170 626 in
2205 551 2442 634 castella
2472 582 2543 636 ad
2603 585 2831 654 agenda
2887 551 3639 660 interimuprijn's-idiajd'J;

176 641 336 694 veri
383 640 598 696 milites
628 641 701 718 ob
734 640 884 697 bella
915 643 1148 698 absunt.
1185 644 1330 700 Loca
1360 661 1493 702 vero
1523 647 1608 702 vel
1643 649 1804 705 fundi
1833 659 1932 706 aut
1964 659 2176 725 praedia
2206 662 2464 734 ipsorum
2497 640 2890 730 ὴθῐιουίηιθιιθα
2918 640 3146 743 ναοέιῇ,
3176 640 3366 750 Seque
3397 640 3642 741 afﬁgi);

182 731 359 784 dam
401 732 737 796 traduntur,
775 732 879 788 sed
911 742 1147 789 manent
1181 740 1550 806 sequestrata
1570 742 1628 794 et
1652 740 1841 796 afﬁxis
1870 745 2050 803 sacris
2092 731 2270 810 bullis
2301 758 2551 830 signata,
2612 769 2677 819 ut
2730 779 2868 821 usus
2897 731 3362 826 fructus'e'orum
3388 731 3642 831 eduxera-

185 821 384 875 rium
421 821 722 937 publicum
757 823 988 889 redeat;
1021 840 1088 937 ep
1118 825 1258 937 fine;
1285 833 1345 881 ut
1377 826 1547 927 εἰμιίί
1589 829 2079 937 cuidamcassato
2104 821 2403 918 contingat
2451 821 2695 911 fac-ultas
2730 821 3024 912 fortunam
3059 821 3246 916 suam
3266 821 3642 937 sitim—tasqu'e

190 924 311 964 res
355 911 747 978 restaurandi,
783 916 1084 984 recuperet
1118 914 1332 971 fundos
1363 915 1640 987 pristinos
1674 918 2062 996 militiamque
2093 911 2428 1001 pristin;m,

876 1019 1136 1074 ΚΕΦΑΛ.
1180 1021 1262 1075 Νὀ
1921 1038 1974 1105 Α

201 1103 386 1186 Εισξν
456 1106 509 1158 αἱ
565 1108 701 1160 κατά
762 1107 932 1176 τύπον
985 1105 1150 1186 ’ῥόγᾳι
1209 1113 1315 1186 τῷν
1410 1115 1730 1186 στρατηγῶν
1799 1113 1889 1166 καὶ

290 1176 783 1252 κλεισουραρχῶν,
841 1176 1424 1255 Δκαθὸίιξέρογεύοντο
1479 1176 1890 1246 ’ἐπὶ”’Λέοντος

291 1251 406 1300 τοῦ
441 1246 804 1324 φιλοχρίέτού
838 1246 1124 1308 δεσπότου.

297 1337 366 1390 '0
404 1339 707 1412 στρατηγὸς
755 1342 860 1392 τῶν
903 1337 1272 1394 Ἀνατολικῶν
1327 1339 1420 1398 λλ.
1476 1349 1548 1414 μ“.
1591 1343 1652 1400 '0
1701 1365 1891 1417 στρατ-

209 1425 378 1499 ηγὸς
432 1430 540 1479 τῶν
588 1427 960 1500 Ἀρμενιακῶν
1020 1425 1111 1482 λλ.
1178 1430 1248 1501 μ’.

213 1514 561 1588 Θρᾳκησίων
592 1513 685 1570 λλ.
723 1520 794 1587 μ’.
827 1516 889 1572 Ὁ
921 1517 1226 1592 στρατηγὸς
1256 1522 1353 1571 τοῦ
1384 1519 1638 1592 Ὀψικίου
1689 1519 1781 1578 λλ.
1816 1519 1887 1577 λ’.

209 1603 285 1659 'O
321 1603 634 1678 στρατηγὸς
677 1607 786 1657 τῶν
835 1603 1250 1678 Βουκελλαρίων
1301 1603 1395 1662 λλ.
1453 1604 1522 1664 λ“.
1572 1608 1632 1663 '0
1689 1628 1891 1685 στρατ-

214 1693 368 1768 ηγὸς
409 1691 796 1757 Καππαδοκίας
827 1694 920 1752 Λλ.
950 1697 1017 1751 κ’.
1049 1697 1110 1753 '0
1135 1697 1439 1774 στρατηγὸς
1465 1703 1560 1753 τοῦ
1582 1700 1890 1774 Χαρσιανοῦ

2697 1051 2851 1109 CAP.
2889 1054 2950 1109 L.

2007 1127 2213 1220 Tatfrid
2241 1151 2526 1220 rogorum,
2559 1157 2692 1212 quas
2714 1143 2923 1220 pi_typi
2949 1148 3050 1200 aut
3096 1149 3357 1220 formulae
3383 1153 3642 1220 praescri-

2070 1211 2183 1288 ptas
2193 1211 2599 1288 atquefeceptw
2607 1211 2950 1288 accipiebant
2962 1211 3190 1288 urategi
3200 1230 3255 1274 el
3281 1211 3486 1277 olis'ura
3493 1224 3640 1278 relisa

2073 1277 2313 1347 tempore
2340 1283 2550 1353 Leonis,
2584 1277 2796 1340 domini
2815 1287 3097 1344 Christum
3116 1277 3378 1348 amantis.

2072 1363 2370 1440 Strategus
2394 1371 2823 1432 Anatolicorum
2838 1377 3154 1448 accipiebat
3168 1379 3357 1437 littras
3369 1382 3458 1438 40.
3477 1383 3640 1439 Stra-

2001 1453 2171 1522 tegus
2199 1457 2676 1518 Armeniacorum
2710 1463 2823 1519 litr.
2853 1465 2942 1521 40.
2976 1466 3281 1540 Strategus
3303 1469 3640 1527 Thracesio-

2002 1555 2128 1632 rum
2161 1542 2274 1599 litr.
2309 1547 2396 1601 40.
2427 1549 2724 1623 Strategus
2756 1552 2972 1624 Opsicii
3045 1554 3130 1611 lit.
3189 1557 3278 1612 30.
3339 1558 3642 1632 Strategus

2004 1631 2453 1692 Bucellariorum
2479 1637 2640 1696 litras
2660 1640 2751 1695 30.
2767 1641 3454 1717 StrategusCappadocia:
3476 1631 3642 1704 litras

2000 1719 2407 1795 20.Strategus
2428 1727 2727 1784 Chareiani
2753 1729 2916 1786 litras
2951 1733 3040 1786 20.
3071 1732 3370 1804 Strategus
3409 1735 3642 1806 Paphla-

1319 1431 1382 1485 Ὀ
1450 1432 1720 1506 «arma;
1784 1438 1892 1487 τῶν

216 1779 329 1849 λλ,
365 1782 437 1838 κ’.
469 1782 530 1838 '0
560 1783 866 1856 στρατηγὸς
902 1783 1285 1862 Παφλαγονίας
1317 1785 1410 1842 λλ.
1465 1789 1530 1842 κ“.
1585 1789 1646 1846 '0
1695 1810 1892 1863 στρατ-

219 1870 372 1944 ηγὸς
449 1876 666 1944 Θρᾳκης
742 1870 832 1926 λλ.
911 1874 976 1928 κ’.
1053 1873 1111 1926 '0
1186 1877 1487 1952 στρατηγὸς
1554 1876 1894 1942 Μακεδονίας

219 1956 328 2015 λλ.
367 1957 438 2014 λ’.
472 1960 534 2015 '0
575 1961 876 2034 στρατηγὸς
917 1959 1156 2018 Χάλόίας
1215 1961 1309 2021 λλ.
1354 1971 1405 2035 i‘,
1467 1966 1540 2027 ὡς
1591 1963 1890 2041 λαμϐάνων

230 2047 352 2103 ἀπὸ
385 2052 484 2103 τοῦ
515 2049 848 2126 κουμερκίου
881 2053 992 2123 (95)
1026 2053 1207 2124 ἑτέρας
1237 2051 1330 2112 λλ.
1384 2056 1434 2110 ι’.
1481 2057 1541 2112 '0
1592 2059 1895 2132 στρατηγὸς

229 2137 556 2199 ΚοΛωνείας
592 2136 684 2196 λλ.
716 2147 781 2195 κ’.
815 2141 876 2196 Ὁ
907 2141 1210 2218 στρατηγὸς
1240 2145 1660 2218 Μεσοποταμίας
1693 2145 1786 2203 λλ.
1829 2149 1891 2204 ο“.

229 2224 329 2280 διὰ
375 2228 440 2281 τὸ
490 2221 638 2304 ἔχειν
687 2227 847 2282 αὐτὸν
897 2228 1026 2284 ὅλον
1076 2231 1138 2284 τὸ
1187 2232 1539 2308 κουμέρκιον.
1595 2234 1655 2290 '0
1703 2255 1897 2309 στρατ-

230 2315 383 2392 ηγὸς
420 2313 763 2386 Σεϐαστείας,
793 2318 869 2380 ὡς
902 2317 974 2372 ὥν
1003 2319 1128 2374 τότε
1176 2321 1640 2401 κλεισουράρχης,
1691 2322 1782 2380 λλ.
1828 2332 1891 2400 ιε’.

233 2407 296 2458 '0
331 2405 642 2479 στρατηγὸς
687 2403 974 2475 Λικανδοῦ,
1019 2409 1094 2470 ὡς
1142 2407 1215 2463 ὤν
1267 2411 1388 2465 τότε
1435 2409 1900 2492 κλεισουράρχης,
1931 2404 1979 2470 Β

242 2491 344 2550 λλ.
385 2494 444 2551 ε’.
476 2494 536 2550 '0
587 2497 892 2570 στρατηγὸς
943 2496 1288 2567 Σελευκείας,
1335 2499 1411 2560 ὡς
1458 2496 1532 2553 ὤν
1576 2501 1700 2555 τότε
1745 2491 1899 2558 κλει-

239 2583 591 2656 σουράρχης,
627 2581 720 2640 λλ.
754 2585 809 2639 ε’.
843 2585 899 2637 '0
939 2587 1246 2662 στρατηγὸς
1280 2590 1715 2663 Λεοντοκώμεως
1761 2594 1897 2665 (96),

242 2671 322 2732 ὡς
383 2670 460 2725 ὢν
517 2674 640 2727 τότε
697 2673 1159 2749 κλεισουράρχης,
1215 2675 1308 2731 λλ.
1370 2687 1424 2730 ε’.
1484 2679 1546 2734 '0
1595 2681 1898 2755 στρατηγὸς

238 2765 354 2814 τῶν
389 2755 817 2835 Κιϐυῤῥαιωτῶν
849 2760 938 2818 λλ.
994 2764 1040 2818 ι’.
1101 2766 1161 2820 '0
1212 2767 1513 2843 στρατηγὸς
1561 2774 1662 2837 τῆς
1707 2771 1899 2842 Σάμου

243 2845 342 2904 λλ.
399 2851 448 2904 ι’.
496 2850 558 2905 Ὁ
610 2853 908 2926 στρατηγὸς
960 2855 1056 2905 τοῦ
1106 2851 1328 2927 Αἰγαίου
1378 2856 1650 2931 πελάγους
1701 2856 1793 2914 λλ.
1847 2859 1896 2913 ι’.

243 2937 463 3003 Ἰστέον,
497 2936 581 2991 ὅτι
612 2939 664 2991 οἱ
694 2945 793 3006 τῆς
828 2939 1044 3001 Δύσεως
1095 2943 1393 3018 στρατηγοὶ
1444 2944 1544 2998 οὐκ
1586 2944 1899 3020 ὲρογεύοντο

244 3021 336 3078 διὰ
361 3027 422 3078 τὸ
457 3021 756 3097 λαμϐάνειν
808 3027 1002 3088 αὐτοὺς
1057 3029 1162 3082 ἀπὸ
1220 3036 1328 3084 τῶν
1387 3028 1538 3086 ἲδίων
1584 3034 1761 3088 αὐτῶν
1814 3046 1901 3098 θε-

253 3113 438 3185 μάτων
506 3116 602 3175 τὰς
664 3113 801 3176 ἰδίας
865 3116 1040 3170 αὐτῶν
1114 3119 1392 3188 συνηθείας
1452 3121 1568 3174 κατ’
1642 3119 1781 3183 ἔτος.
1840 3125 1900 3182 '0

251 3203 554 3277 στρατηγὸς
590 3203 1028 3274 Πελοποννήσου.
1066 3208 1124 3262 '0
1170 3210 1470 3284 στρατηγὸς
1517 3210 1894 3274 Νικοπόλεως.

254 3290 316 3346 Ὀ
350 3292 647 3365 στρατηγὸς
704 3291 996 3356 Ἑλλάδος.
1037 3300 1090 3348 Ὁ
1155 3299 1456 3371 στρατηγὸς
1514 3297 1785 3364 Σικελίας.
1837 3303 1897 3359 '0

249 3383 553 3455 στρατηγὸς
602 3377 1001 3457 Λαγοϐαρὸίας.
1057 3385 1113 3436 '0
1178 3388 1485 3460 στρατηγὸς
1541 3393 1895 3460 Στρυμῶνος.

247 3470 308 3526 '0
355 3471 660 3544 στρατηγὸς
715 3471 1077 3549 Κεφαληνίας.
1119 3475 1180 3532 '0
1236 3477 1543 3552 στρατηγὸς
1619 3477 1896 3534 Θεσσαλο-

249 3558 421 3627 νίκης.
463 3561 524 3615 '0
566 3562 869 3634 στρατηγὸς
926 3566 1023 3616 τοῦ
1087 3562 1422 3636 Δυρῥαχίου.
1482 3566 1539 3618 '0
1595 3573 1894 3642 στρατηγὸς

251 3644 577 3716 Δαλματίας.
611 3648 671 3702 '0
701 3651 1003 3724 στρατηγὸς
1037 3653 1343 3724 Χερσῶνος.

249 3841 369 3917 Περῖ
399 3843 461 3897 τὸ
499 3842 638 3906 τίνες
673 3843 770 3898 οὐκ
801 3843 1080 3922 ὀφείλοοσι
1143 3846 1519 3918 στρατεύεσθαι
1558 3850 1878 3922 τηρωνάτου

832 3917 1118 3989 γινομένου
1149 3917 1286 3990 (97).

317 4179 377 4235 Οἱ
408 4179 460 4234 ἐν
498 4184 576 4251 τῷ
609 4174 984 4252 κουϐουκλείῳ
1015 4181 1440 4258 κατειλεγμένοι.
1497 4183 1564 4239 Οἱ
1625 4183 1703 4244 είς
1761 4184 1886 4244 τοὺς

255 4269 560 4341 βασιλικοὺς
587 4271 928 4345 ἀνθρώπους.
962 4273 1029 4329 Οἱ
1060 4272 1135 4332 εἲς
1175 4274 1274 4341 τήν
1318 4269 1567 4346 μεγάλην
1600 4272 1882 4347 ἑταιρείαν.

253 4359 311 4414 Οἱ
339 4359 409 4419 εἰς
437 4360 538 4427 τήν
585 4363 754 4432 μὲσην
801 4360 1086 4435 ἑταιρείαν.
1139 4363 1204 4417 Οἱ
1250 4361 1324 4422 εἷς
1368 4360 1494 4422 τοὺς
1542 4364 1883 4437 Φαργάνους.

253 4447 313 4501 Οἱ
342 4446 410 4510 εἷς
442 4450 540 4516 τήν
594 4448 870 4518 οίκειακήν
921 4451 1207 4523 τράπεζαν.
1257 4451 1322 4507 Οἱ
1377 4450 1452 4512 εἰς
1501 4451 1566 4503 τὰ
1615 4451 1886 4528 ἄρχοντο-

253 4540 568 4609 γεννήματα.
619 4540 686 4596 Οἱ
738 4540 814 4601 εἰς
867 4541 928 4593 τὸ
984 4540 1253 4595 οἰκειακὸν
1309 4541 1640 4615 βεστιάριον.
1691 4543 1759 4599 Οἱ
1809 4542 1885 4604 εἰς

252 4625 306 4678 τὸ
335 4625 551 4681 σκέπτον
601 4635 702 4696 τῆς
755 4627 1092 4702 Αὖγούστης.
1145 4631 1214 4687 Οἱ
1261 4629 1338 4693 είς
1381 4631 1510 4691 τοὺς
1562 4628 1885 4704 βασιλικοὺς

254 4716 527 4790 στράτορας
586 4714 623 4786 ἤ
682 4719 809 4780 τοὺς
877 4719 1215 4792 ἱπποκράτας
1269 4722 1406 4792 (98).
1477 4721 1545 4776 0't
1613 4721 1690 4782 εἰς
1757 4719 1885 4780 τοὺς

2001 1811 2186 1897 goniae
2205 1810 2317 1866 litr.
2341 1813 2430 1868 20.
2456 1815 2744 1888 Strategus
2763 1819 3018 1875 Thracias
3041 1821 3206 1876 litras
3225 1823 3316 1879 20.
3341 1824 3640 1897 Strategus

2003 1895 2351 1955 Macedonia:
2382 1902 2499 1958 litr.
2531 1904 2621 1960 30.
2655 1909 2958 1978 Strategus
3015 1908 3265 1964 Cbaldiaa
3310 1911 3426 1967 litr.
3461 1895 3558 1980 1οξ
3580 1920 3643 1970 ut

2005 1985 2102 2057 qui
2133 1993 2409 2057 preterea
2438 1992 2633 2049 decem
2661 1995 2809 2050 alias
2855 1995 3022 2054 litras
3052 2014 3083 2054 e
3126 2000 3476 2056 commercio
3535 2017 3640 2058 seu

2003 2075 2388 2148 vectigalibus
2419 2081 2700 2137 mercium
2732 2084 3148 2142 introeuntium
3199 2097 3254 2143 et
3305 2089 3641 2146 exeuntium

2007 2162 2136 2219 fert.
2171 2165 2471 2240 Strategus
2500 2169 2748 2226 Coloniae
2777 2173 2940 2229 litras
2983 2175 3074 2229 20.
3109 2176 3406 2248 Strategus
3455 2179 3642 2234 Meso-

2007 2256 2276 2324 potamia:
2306 2257 2353 2324 Ι,
2385 2273 2438 2326 ο,
2469 2259 2736 2331 [prorsus
2766 2261 2954 2336 nihil].
2991 2269 3054 2319 ut
3093 2265 3193 2336 qui
3250 2271 3437 2321 totum
3484 2284 3642 2324 com-

2008 2344 2289 2401 mercium
2321 2362 2424 2402 seu
2457 2350 2678 2406 reditus
2706 2352 3076 2424 vectigalium
3116 2371 3320 2412 omnes
3364 2356 3473 2427 ipsi
3530 2359 3642 2414 sibi

2010 2439 2220 2488 servat.
2267 2435 2562 2506 Strategus
2608 2440 2906 2509 Sebastiaa,
2941 2449 3002 2496 ut
3051 2444 3151 2514 qui
3199 2448 3338 2500 tunc
3367 2446 3644 2518 temporis

2005 2522 2132 2592 (sub
2158 2523 2366 2595 Leone)
2397 2525 2756 2584 clisurarcha
2780 2535 3006 2586 tantum
3040 2536 3182 2599 erat,
3233 2532 3271 2588 l.
3312 2533 3368 2589 5.
3419 2533 3643 2591 Strate-

2003 2625 2115 2682 gue
2140 2612 2410 2684 Lycandi,
2425 2617 2579 2671 403
2601 2625 2659 2671 ut
2677 2620 2774 2689 qui
2798 2623 2923 2675 tum
2943 2619 3298 2677 clisurarcha
3318 2627 3462 2688 erat,
3479 2623 3641 2684 litras

2000 2701 2054 2755 5.
2089 2701 2388 2772 Strategus
2419 2705 2716 2776 Seleuciae,
2743 2713 2807 2763 ut
2835 2711 2937 2780 qui
2967 2715 3092 2766 tum
3113 2710 3468 2768 clisurarcha
3497 2716 3640 2779 erat,

2002 2787 2167 2846 litras
2202 2793 2257 2846 5.
2291 2792 2590 2864 Strategus
2616 2797 3042 2866 Leontocomes,
3067 2805 3132 2853 ut
3154 2801 3257 2871 qui
3287 2807 3408 2855 tum
3431 2801 3643 2856 elisur-

2001 2877 2178 2933 arcba
2233 2885 2376 2948 erat,
2432 2881 2549 2938 litr.
2607 2885 2663 2941 5.
2739 2889 3044 2959 Strategus
3116 2888 3641 2961 Cibyrrhasotarum

2002 2965 2166 3023 litras
2189 2970 2275 3024 10.
2313 2970 2613 3044 Strategus
2641 2976 2796 3028 Sami
2841 2976 2957 3030 litr.
3011 2979 3076 3031 10
3124 2979 3420 3050 Strategus
3462 2981 3640 3038 maris

2001 3055 2173 3126 Α]εωί
2204 3057 2321 3111 litr.
2358 3059 2442 3113 1Ο.
2475 3063 2721 3132 Strategi
2754 3063 3082 3120 Occidentis
3111 3083 3227 3121 non
3275 3068 3641 3138 accipiebant

2002 3159 2196 3216 rogas,
2215 3147 2354 3216 quia
2370 3149 2824 3208 consuetudines
2848 3169 3001 3207 unus
3023 3169 3224 3209 eorum
3241 3154 3484 3227 quisque
3506 3173 3639 3211 suas

2003 3235 2303 3289 annuatim
2335 3250 2366 3290 e
2398 3251 2501 3292 suo
2531 3237 2784 3293 themate
2834 3241 3073 3298 ferebat.
3106 3242 3256 3297 Sunt
3310 3248 3504 3298 autem
3553 3245 3638 3299 illi

2002 3326 2327 3389 sequentes.
2362 3324 2664 3396 Strategus
2697 3328 3103 3399 Peloponnesi.
3137 3330 3438 3402 Strategus
3468 3333 3638 3388 Nico-

2001 3409 2219 3480 poleos.
2254 3412 2556 3485 Slrategus
2589 3415 2850 3472 Helladis
2895 3433 2996 3473 seu
3056 3419 3307 3475 Graecia.
3339 3420 3639 3492 Strategus

2001 3498 2233 3554 Siciliae.
2287 3501 2588 3574 Strategus
2644 3504 3006 3575 Lagobardiae
3057 3523 3157 3561 seu
3202 3509 3634 3579 Longobardias.

1998 3586 2300 3658 Strategus
2334 3590 2684 3660 Strymonis.
2727 3591 3028 3664 Strategus
3067 3595 3447 3667 Cephalenias.
3481 3597 3638 3652 Stre-

1996 3677 2165 3745 tegus
2185 3675 2955 3751 Thessalonicesﬁtrategus
2971 3682 3638 3754 Dyrrhachii.Strategus

1918 3761 1961 3826 (ζ
1999 3762 2318 3816 Dalmatiae.
2353 3764 2658 3836 Strategus
2689 3767 3018 3823 Chersonis.

1996 3865 2171 3944 Index
2210 3883 2423 3944 eorum,
2481 3869 2578 3939 qui
2632 3887 2742 3927 non
2797 3881 3053 3928 tenentur
3109 3891 3168 3929 ιη
3224 3876 3635 3944 expeditionem

2056 3942 2314 4016 et-‘oastra
2342 3941 2444 4004 ire,
2474 3944 2689 4010 quando
2717 3944 2991 4016 tironatus
3021 3946 3084 4012 ﬁt
3131 3961 3228 4000 seu
3262 3941 3485 4016 juveni:
3528 3952 3635 4004 mi-

2066 4007 2195 4061 litia
2224 4009 2284 4062 in
2314 4007 2498 4064 unum
2518 4017 2702 4067 coacta
2720 4014 2896 4068 locum
2916 4007 3184 4070 solemnia
3213 4007 3279 4070 ἰή
3299 4018 3636 4074 armisexer—

2065 4081 2200 4132 cilia
2229 4080 2381 4148 facit.

2068 4186 2346 4242 Cubiculo
2376 4189 2636 4261 ascripti.
2669 4191 2775 4256 Qui
2799 4192 2870 4246 ad
2913 4192 3186 4250 basilicas
3235 4194 3323 4250 vel
3370 4197 3630 4254 cessaris-

1997 4292 2103 4331 nos
2144 4277 2477 4346 pertinent;
2512 4278 2615 4349 qui
2647 4281 2718 4334 ad
2755 4296 3028 4352 magnam
3052 4281 3389 4353 heteriam;
3422 4285 3524 4352 qui
3555 4287 3627 4341 ad

1997 4365 2246 4420 mediam
2280 4366 2571 4422 hetteriam
2599 4385 2612 4435 ;
2638 4368 2739 4440 qui
2770 4369 2843 4424 ad
2876 4371 3172 4442 Farganos
3196 4391 3210 4441 ;
3235 4372 3336 4444 qui
3357 4374 3428 4428 ad
3453 4376 3634 4446 priva-

1997 4456 2114 4508 tam
2150 4471 2407 4510 inensam
2443 4475 2458 4524 ;
2492 4457 2591 4527 qui
2623 4459 2694 4511 ad
2726 4458 3390 4531 archonlogennemata;
3425 4463 3524 4534 qui
3556 4465 3629 4521 ad

2001 4542 2286 4612 privatum
2306 4545 2645 4600 vestiarium
2665 4549 2793 4618 ;qui
2812 4549 2881 4602 ad
2903 4553 3200 4620 sceptrum
3221 4552 3632 4624 Augustm,qui

1997 4631 2704 4701 adimperialesstratores
2733 4636 3182 4707 velequisones;
3217 4640 3315 4710 qui
3343 4641 3413 4695 ad
3446 4640 3632 4713 impe-

1998 4720 2169 4776 riales
2198 4721 2437 4779 clericos
2467 4723 2690 4794 palatii.
2725 4724 2932 4784 Clerici
2965 4742 3083 4782 nea
3115 4743 3216 4784 seu
3250 4744 3408 4785 novae
3445 4729 3633 4787 eccle-

1257 4896 1451 4952 JOAN.
1493 4895 1637 4951 JAC.
1682 4896 1938 4952 REISKll
1979 4895 2569 4954 COMMENTARIUS.

315 5045 415 5114 (95)
445 5045 546 5126 Est
580 5046 731 5101 idem
766 5063 832 5100 ac
867 5047 910 5100 si
945 5047 1308 5126 diceremus:
1344 5046 1686 5126 hicvelil‘le
1716 5045 1868 5126 acc_i_-
1905 5051 1947 5114 D
1981 5045 2294 5126 multarum
2314 5048 2546 5126 orbium
2561 5051 3051 5126 nomineobtinet,
3072 5054 3629 5126 formaruntquoque

257 5115 611 5186 pitsalarium
646 5135 820 5173 suum
852 5133 916 5172 ex
944 5119 1154 5183 Accisa,
1189 5134 1288 5173 seu
1322 5135 1392 5172 ex
1443 5118 1540 5172 illo
1567 5117 1868 5182 tribunali,

1980 5117 2215 5195 κῴμεως
2267 5119 2324 5173 in
2356 5120 2495 5195 _bae
2562 5124 3003 5195 compositione.
3038 5117 3430 5195 ⁷Λεοντοκοῦμὴ
3475 5117 3630 5176 Λέον-

257 5185 658 5266 ubivectigalia
719 5188 1096 5258 recipiuntur.
1150 5187 1488 5266 Κουμὲρκιον
1550 5190 1870 5266 estipsum

2009 5185 2323 5266 ὁτᾷρλιεεξδί
2354 5191 2410 5245 in
2446 5185 2980 5266 themate'Lycandi
3013 5213 3115 5252 seu
3163 5202 3219 5250 in
3257 5185 3499 5250 Isauria.

258 5259 668 5331 commercium,
697 5268 1043 5325 mercatura,
1089 5261 1401 5331 negotiatio
1451 5269 1505 5314 et
1547 5264 1867 5330 portorium

258 5345 342 5398 pro
389 5329 713 5400 importatis
770 5337 870 5385 aut
927 5329 1240 5399 exportatis
1297 5329 1630 5398 mercibus;
1683 5349 1734 5384 ν.
1770 5331 1867 5400 Du

256 5399 418 5470 Gange
441 5399 512 5456 ad
547 5403 703 5458 Alex.
730 5418 787 5471 p.
817 5401 942 5456 315.
978 5401 1312 5474 Κουμὲρκιον
1363 5405 1459 5454 τοῦ
1484 5399 1862 5474 νπανηγυρίου,

255 5474 456 5545 vectigal
489 5474 898 5540 nundinarum,
932 5473 1218 5545 estapud
1276 5473 1610 5542 Theophan.
1647 5491 1703 5544 p.
1735 5474 1860 5529 396.

2055 5259 2669 5338 (9]).Tironatum‘hic
2719 5259 2847 5338 esse
2895 5272 3030 5338 puto
3082 5283 3194 5321 non
3241 5272 3460 5321 statum
3517 5281 3620 5322 seu

1981 5331 2373 5408 conditionem
2395 5333 2624 5401 tironis,
2643 5337 2743 5392 sed
2769 5331 3089 5392 solemnem
3113 5352 3488 5408 congressum
3514 5338 3624 5394 mi-

1978 5399 2114 5477 litias
2140 5403 2300 5477 rudis
2323 5413 2376 5458 et
2407 5423 2589 5475 nuper
2612 5399 2948 5476 conscriplae
2968 5409 3036 5462 ad
3062 5399 3391 5463 condictum
3409 5409 3619 5477 locum,

1979 5480 2037 5551 ut
2071 5474 2408 5551 tirocinium
2442 5474 2523 5532 ibi
2556 5487 2766 5551 ponant
2795 5474 3286 5551 ceramustratego
3335 5474 3618 5535 thematis

255 5543 458 5601 Gnther.
485 5562 541 5615 p.
571 5546 698 5599 725.
742 5543 1158 5600 commercium
1210 5545 1468 5601 nonnihil
1520 5563 1554 5600 a
1601 5543 1864 5616 vectigali
1975 5549 2032 5599 et
2061 5544 2468 5602 dexteritatem
2493 5543 2736 5603 suamin
2761 5548 3047 5602 tractandi
3069 5543 3250 5606 armis
3273 5556 3612 5607 monstrent.

259 5613 454 5670 ditierre
483 5613 792 5672 monstrat.

2044 5616 2154 5684 (98)
2191 5616 2416 5692 Poterat
2461 5635 2694 5691 quoque
2739 5617 3164 5692 ἱπποκράτορας.
3210 5622 3271 5677 In
3323 5626 3616 5678 membra-

317 5683 411 5754 (96)
434 5688 515 5741 Ad
572 5688 816 5744 formam
850 5686 1275 5744 terminationis
1335 5683 1576 5752 πόλεως,
1622 5703 1748 5756 quae
1803 5685 1861 5741 in

2018 5684 2066 5739 is
2104 5694 2227 5741 erat
2260 5683 2494 5761 ἱπποκρῖ
2517 5683 2646 5744 cum
2679 5709 2706 5742 τ
2732 5683 3204 5762 superimposito.
