4008 6210
227 346 394 406 1289
1051 342 1154 402 DE
1197 339 1664 402 CERIMONIIS
1708 340 1944 401 AULAE
1987 335 2457 400 BYZANTINE
2501 343 2649 403 LIB.
2699 343 2774 404 Ιῐ.
3492 343 3646 408 1290

216 479 430 551 ἕτοιμά
463 477 586 546 εἶσι,
617 475 707 530 καὶ
757 469 902 549 λάϐῃ
949 475 1011 528 τὸ
1064 479 1331 539 Paratus,
1374 473 1714 550 εἰσέρχονται
1746 472 1882 525 κατὰ

2012 471 2145 527 lica.
2181 475 2392 530 Parata
2423 478 2480 530 in
2507 475 2660 530 hunc
2685 477 2918 532 modum
2953 476 3150 534 omnia
3182 493 3310 536 esse
3336 479 3538 536 videns
3570 481 3647 537 si-

213 572 291 624 16
345 562 467 631 ἔθος
534 567 586 619 oi
629 565 929 638 πατρίκιοι.
994 565 1131 619 Εἶτα
1194 560 1472 640 ἐξέρχεται
1526 563 1554 615 6
1607 560 1884 635 βασιλεὺς,

2012 565 2305 619 entiarius
2338 572 2400 619 ut
2431 565 2675 636 [editum
2708 583 2739 621 a
2770 567 3102 638 praeposito]
3123 570 3380 638 accepit:
3413 593 3441 620 ‹‹
3465 570 3645 626 Para-

215 658 322 713 καὶ
349 655 565 710 ’ίσταται
608 653 660 709 ἐν
712 658 792 725 τῷ
846 653 993 725 μέσῳ
1038 654 1134 705 τοῦ
1187 649 1432 725 μεγάλου
1462 650 1764 724 τρικλίνου,
1797 649 1887 704 καὶ

2012 665 2095 706 :us
2121 673 2148 701 ιι
2176 652 2361 722 [puta,
2385 653 2837 724 imperatorjam
2861 654 2992 726 est],
3020 655 3240 710 intrant
3263 658 3345 725 [in
3371 673 3650 728 magnum

215 748 406 803 πάντα
461 744 665 819 γίνεται
728 743 802 804 ὡς
881 741 932 794 έν
1010 739 1405 814 κονσιστωρίῳ,
1463 741 1554 793 καὶ
1612 738 1889 816 ἐξέρχεται

2012 740 2343 812 triclinium]
2382 741 2648 812 patricii:
2681 743 2812 798 dein
2845 745 3140 813 egreditur
3168 745 3223 815 [θ
3252 744 3524 800 cubiculo
3560 747 3651 802 vel

217 835 662 912 δηριγευόμενος
722 829 811 886 διὰ
865 838 968 899 τῆς
1031 829 1369 904 βαλνιαρίας,
1427 831 1514 884 καὶ
1578 829 1705 883 ὅταν
1755 825 1889 903 ἔλθῃ

2003 835 2221 884 centone
2249 831 2379 902 suo]
2412 830 2728 901 imperator
2757 833 2825 886 ad
2859 833 3116 888 medium
3150 849 3331 904 usque
3371 851 3653 906 magnum

217 928 378 982 ὅπου
441 925 491 978 oi
549 918 864 977 κανδιδάτοι
921 919 986 976 τὰ
1047 918 1192 974 ὅπλα
1240 923 1525 993 κρατοῦσιν
1557 919 1623 985 ⁷ο,
1674 917 1784 972 ἐκεῖ
1841 917 1894 970 οἱ

2003 917 2348 984 triclinium,
2386 919 2483 972 ubi
2515 921 2800 988 consistit,
2827 921 3088 992 fiuntque
3119 922 3315 977 omnia
3348 928 3411 977 ut
3437 924 3495 977 in
3522 939 3657 979 con-

2003 1006 2236 1062 sistorio
2264 1025 2280 1077 ;
2307 1016 2359 1063 et
2389 1008 2523 1063 dein
2542 1010 2659 1062 exit
2689 1009 2744 1062 in
2767 1026 3074 1080 procerum
3092 1011 3368 1066 comitatu
3403 1027 3504 1084 per
3525 1012 3655 1068 bal-

2006 1096 2273 1151 nearium
2301 1100 2390 1152 vel
2423 1095 2720 1163 balneum,
2768 1102 2824 1154 et
2871 1099 3102 1170 quando
3152 1099 3294 1155 illuc
3322 1102 3654 1171 accesserit,

2008 1185 2107 1239 ubi
2135 1190 2294 1241 stant
2325 1187 2620 1242 candidati
2665 1188 2724 1243 in
2757 1190 2958 1256 armis,
2993 1189 3074 1246 ibi
3107 1190 3330 1246 tribuni
3363 1194 3656 1264 praesentis

215 1009 510 1088 τριϐοὖνοι
575 1015 672 1067 τοῦ
738 1009 1063 1084 πραισέντου
1119 1011 1519 1083 προσκυνοῦσιν
1575 1007 1758 1076 αὐτὸν,
1803 1004 1893 1060 καὶ

215 1105 323 1160 σὺν
402 1101 586 1162 αὐτοῖς
643 1101 672 1154 6
729 1101 1092 1174 πριμικήριος
1148 1102 1256 1151 τῶν
1338 1095 1696 1168 δομεστίκων.
1758 1096 1895 1152 Εἶτα

214 1192 430 1248 ἐκεῖθεν
500 1188 805 1267 εἷσέρχεται
874 1186 950 1250 εἰς
1013 1187 1105 1241 τὸν
1170 1182 1535 1259 ἱππόδρομον,
1616 1186 1705 1239 καὶ
1785 1183 1896 1239 ἐκεῖ

220 1282 618 1354 προσκυνεῖται
669 1276 771 1330 ὑπὸ
819 1278 925 1328 τῶν
979 1269 1322 1346 δομεστίκων
1369 1273 1458 1326 καὶ
1501 1270 1892 1345 προτηκτόρων

226 1370 353 1440 ἅμα
422 1363 638 1438 εἰσέλθῃ
702 1365 802 1432 τήν
871 1361 1058 1436 θύραν,
1125 1360 1214 1415 καὶ
1284 1357 1711 1435 δηριγευόμενος
1753 1357 1896 1433 ἐξέρ-

227 1476 402 1532 χεται
460 1452 560 1523 ἔξω
617 1456 712 1507 τοῦ
759 1447 1136 1526 ἱπποδρόμου,
1190 1453 1298 1504 τῶν
1345 1446 1533 1503 ’ίππων
1585 1445 1898 1519 ἑλκομένων

227 1543 451 1618 ἒμπρὸς
500 1543 689 1609 αὐτοῦ,
742 1539 832 1594 καὶ
889 1536 1176 1614 ἀνέρχεται
1248 1537 1324 1599 εἰς
1382 1537 1444 1592 τὸ
1503 1533 1720 1610 ὄχημα.
1795 1536 1895 1592 Καὶ

224 1637 463 1698 ἕκαστος
511 1639 618 1689 τῶν
669 1631 948 1708 ἀρχόντων
998 1632 1138 1687 κατὰ
1190 1630 1337 1699 τάξιν
1383 1627 1534 1702 φιλεῖ
1580 1629 1648 1684 τὰ
1698 1630 1899 1706 γόνατα

229 1725 428 1792 αὐτοῦ,
457 1723 546 1779 καὶ
581 1723 716 1797 μετὰ
758 1724 963 1784 πάντας
1013 1723 1039 1776 6
1091 1719 1334 1795 ἔπαρχος
1383 1723 1491 1773 τῶν
1523 1717 1900 1794 πραιτωρίων,

2007 1273 2242 1346 [nempe
2287 1275 2508 1330 militiae
2553 1281 2655 1332 aut
2719 1278 3057 1349 comitatus]
3106 1280 3350 1337 adorant
3396 1296 3551 1346 eum,
3600 1289 3654 1336 et

2007 1383 2141 1422 cum
2179 1369 2289 1438 ipsi
2323 1367 2691 1438 primicerius
2721 1370 3199 1429 domesticorum.
3222 1373 3358 1429 Inde
3381 1374 3561 1429 intrat
3591 1374 3650 1429 in

2010 1456 2253 1524 circum,
2283 1461 2341 1512 et
2370 1457 2448 1513 ibi
2481 1458 2758 1513 adoratur
2789 1476 2823 1513 a
2860 1460 3196 1516 domesticis
3225 1465 3283 1517 et
3313 1462 3653 1532 protectorio
3691 1449 3698 1458 ’

2009 1546 2144 1610 bus,
2176 1560 2309 1601 cum
2362 1545 2618 1617 primum
2652 1547 2857 1618 pedem
2905 1548 2964 1602 in
3013 1549 3141 1619 ejus
3173 1554 3340 1620 porta
3370 1550 3654 1622 posuerit.

2008 1634 2147 1690 Inde
2176 1635 2294 1690 exit
2326 1634 2384 1690 in
2416 1637 2696 1691 comitatu
2746 1653 3047 1708 procerum
3081 1654 3110 1694 e
3141 1638 3313 1706 circo,
3345 1639 3508 1711 equis
3538 1640 3652 1697 im-

2009 1723 2326 1795 perialibus
2359 1723 2587 1780 interim
2639 1741 2834 1780 coram
2867 1725 2990 1793 ipso
3030 1743 3210 1782 manu
3243 1727 3566 1798 productis,
3600 1731 3659 1784 et

229 1815 311 1876 ὡς
362 1811 598 1870 ὀφείλων
653 1809 972 1886 συγκαθίσαι
1015 1809 1186 1881 αὐτῷ,
1233 1809 1319 1863 καὶ
1368 1807 1642 1883 ἐπιτρέπει
1675 1809 1702 1863 6
1739 1808 1893 1883 βασις

2012 1813 2275 1868 asoendit
2305 1813 2363 1867 in
2397 1813 2763 1869 carrucham.
2793 1815 2942 1872 405
2981 1818 3043 1870 In
3075 1830 3144 1871 ea
3172 1816 3453 1872 residenti
3484 1833 3655 1872 oscu-

228 1899 390 1971 λεὺς,
459 1903 503 1956 εἰ
575 1899 862 1976 βούλεται,
927 1904 1043 1960 τοῖς
1102 1897 1336 1974 ἄρχουσι
1391 1899 1603 1953 καθίσαι
1647 1897 1721 1960 είς
1769 1897 1896 1958 τοὺς

221 1990 440 2052 ’ίππους
488 1991 684 2059 αὐτῶν,
750 1988 839 2043 καὶ
897 1989 1181 2056 κάθηνται.
1231 1989 1294 2046 Ὁ
1345 1985 1402 2042 δὲ
1450 1985 1691 2062 ἔπαρχος
1751 1985 1903 2062 φιλεῖ

227 2080 366 2140 τοὺς
409 2076 580 2140 πόδας
610 2082 708 2132 τοῦ
763 2075 1058 2153 βασιλέως,
1109 2077 1198 2131 καὶ
1249 2076 1534 2152 ἀνέρχεται
1566 2075 1642 2137 εἷς
1673 2076 1770 2145 τήν
1804 2095 1901 2128 κα-

233 2168 445 2244 ροῦχαν
504 2167 564 2221 ἐκ
611 2169 712 2220 τοῦ
765 2166 1052 2239 ἀριστεροῦ
1098 2163 1322 2241 μέρους,
1370 2164 1460 2218 καὶ
1501 2161 1742 2228 ἵσταται,
1808 2161 1900 2217 καὶ

233 2256 371 2313 ἐπὰν
433 2254 694 2329 ἐπιτρέψῃ
764 2254 911 2326 αὖτῷ
968 2253 1206 2324 καθίσαι,
1264 2253 1430 2308 πάλιν
1491 2252 1640 2330 φιλεῖ
1695 2252 1761 2305 τά
1805 2252 1900 2325 γόο

235 2368 374 2402 νατα
403 2347 568 2401 αὐτοῦ
611 2347 699 2399 καὶ
747 2346 997 2413 καθηται.
1051 2344 1154 2399 Καὶ
1205 2345 1233 2398 6
1279 2340 1524 2416 μουλίων
1559 2345 1636 2416 (4)
1661 2340 1900 2411 ἵσταται,

238 2437 358 2505 καὶ,
392 2437 522 2491 ἐπὰν
553 2433 810 2508 κελευθῇ,
843 2434 932 2488 καὶ
984 2433 1142 2495 αὐτὸς
1176 2431 1330 2510 φιλεῖ
1365 2434 1513 2487 κάτω
1544 2431 1670 2492 τοὺς
1703 2429 1899 2500 πόδας,

238 2527 333 2580 καὶ
380 2525 632 2594 κάθηται.
687 2525 1031 2596 Ἕμπροσθεν
1098 2519 1155 2576 δὲ
1223 2521 1577 2595 βαστάζουσιν
1625 2522 1653 2576 6
1698 2540 1904 2591 κουρο-

241 2615 500 2684 παλάτης
548 2614 592 2648 ⁷¹
643 2613 733 2672 καὶ
783 2613 811 2666 6
857 2608 1167 2684 δηκουρίων
1220 2615 1292 2683 (5)
1341 2611 1408 2664 τά
1458 2616 1636 2685 χρυσᾶ
1684 2605 1900 2686 ῥαϐδία.

242 2701 608 2773 Ἑκατέρωθεν
662 2699 718 2756 δὲ
768 2701 1007 2772 κόμητες
1065 2698 1314 2774 σχολῶν,
1363 2699 1455 2760 οὓς
1515 2698 1574 2753 ἃν
1635 2697 1902 2770 κελεύσει,

241 2785 707 2864 παραϐαδίζουσιν
753 2793 1077 2860 κρατοῦντες
1124 2787 1192 2841 τὰ
1244 2785 1397 2858 μῆλα
1444 2792 1544 2854 τῆς
1601 2783 1901 2860 καρουχας.

245 2880 350 2937 Καὶ
384 2878 514 2934 ἐπάν
555 2878 849 2955 φθάσουσιν
888 2876 966 2937 είς
1013 2875 1081 2930 τά
1132 2874 1310 2950 όρῥία,
1363 2879 1580 2949 πρῶτον
1632 2875 1684 2928 οἱ
1732 2869 1901 2948 ἔπαρ-

242 2988 344 3044 χοι
374 2965 756 3041 κατέρχονται,
783 2965 873 3019 καὶ
903 2965 1027 3018 τότε
1078 2965 1106 3018 6
1157 2961 1445 3032 δεσπότης.
1481 2965 1567 3024 Ὠς
1599 2960 1654 3017 δὲ
1685 2962 1900 3035 εἰσέλθῃ

246 3056 324 3117 εἷς
377 3057 442 3110 τὰ
492 3054 670 3131 ὀῤῥία,
719 3055 924 3122 ἀπαντᾷ
974 3052 1122 3123 αὐτῷ
1171 3056 1353 3129 φορῶν
1388 3049 1578 3106 λευκὸν
1615 3048 1902 3125 χλανίδιον

248 3145 276 3198 6
317 3146 496 3216 κόμης
545 3149 651 3198 τῶν
704 3141 902 3216 όρῥίων
952 3144 1025 3211 (6)
1075 3141 1163 3194 καὶ
1219 3139 1311 3194 σὺν
1358 3141 1509 3211 αὐτῷ
1556 3141 1583 3194 6
1637 3141 1902 3213 νουμερά-

2014 1901 2210 1958 lantur
2223 1903 2564 1958 accedentes
2584 1919 2683 1973 pro
2695 1903 2976 1975 gradibus
2988 1903 3338 1974 dignitatum
3354 1920 3656 1974 procerum

2013 1991 2231 2062 singuli
2253 2007 2465 2062 genua,
2489 1995 2543 2046 et
2566 1999 2896 2062 postremus
2919 1992 3070 2048 idem
3097 1993 3231 2048 facit
3248 1994 3532 2065 eparchus
3552 2010 3656 2050 seu

2012 2081 2322 2152 praefectus
2356 2080 2778 2150 pratoriorum,
2802 2085 2866 2136 ut
2897 2081 2996 2152 qui
3020 2082 3257 2137 domino
3280 2082 3338 2136 in
3361 2098 3536 2138 curru
3564 2099 3657 2137 as-

2011 2169 2198 2224 sidere
2232 2168 2418 2222 debet.
2453 2167 2530 2222 Eo
2562 2167 2827 2224 absoluto
2857 2169 3070 2235 ofﬁcio,
3119 2171 3217 2224 dat
3247 2171 3574 2242 imperator,
3607 2170 3658 2226 sl

2011 2257 2153 2325 vult,
2189 2257 2523 2328 proceribus
2554 2258 2780 2313 veniam
2815 2258 2873 2312 in
2895 2275 3076 2329 equos
3096 2276 3236 2315 suos
3256 2259 3654 2315 inscendendi.

2014 2346 2322 2402 Prefectus
2369 2350 2560 2400 autem
2613 2347 3040 2418 praetoriorum,
3090 2348 3388 2403 osculatus
3435 2347 3659 2402 domini

2012 2451 2226 2504 genua,
2257 2434 2521 2490 ascendit
2552 2434 2608 2489 in
2633 2436 2996 2500 carrucbam,
3013 2436 3114 2491 sed
3137 2454 3168 2490 a
3192 2436 3431 2492 sinistro
3455 2437 3658 2506 latere,

2012 2528 2070 2580 et
2101 2524 2370 2578 subsistit
2393 2523 2450 2577 in
2483 2540 2547 2578 ea
2577 2531 2691 2578 tam
2727 2524 2824 2578 diu
2857 2531 3104 2593 erectus,
3129 2525 3312 2581 donec
3346 2525 3662 2596 imperator

2013 2613 2123 2684 ipsi
2139 2613 2366 2667 veniam
2385 2611 2725 2667 considendi
2749 2612 3346 2684 dederit.Priusquam
3371 2629 3504 2670 vero
3527 2631 3660 2669 con—

2015 2702 2200 2758 sideat
2223 2701 2643 2770 ille,osculatur
2657 2703 2912 2757 secunda
2931 2702 3052 2758 vice
3067 2702 3431 2773 imperatoris
3445 2719 3656 2776 genua.

2015 2791 2236 2846 Pariter
2267 2796 2380 2846 stat
2412 2807 2603 2845 coram
2637 2790 2984 2862 imperatore
3009 2791 3188 2846 mulio
3219 2791 3296 2860 [id
3328 2799 3413 2848 est
3435 2793 3659 2864 equiso,

2014 2878 2242 2950 auriga]
2270 2897 2284 2946 ;
2318 2880 2415 2950 qui
2437 2879 2736 2935 considere
2759 2879 2988 2950 jussus,
3014 2879 3361 2951 priusquam
3385 2881 3441 2936 id
3467 2881 3656 2947 faciat,

2013 2966 2162 3022 imos
2196 2969 2371 3037 pedes
2392 2967 2761 3039 imperatoris
2793 2967 3110 3024 osculatur.
3143 2972 3351 3024 Coram
3383 2969 3665 3024 carrucba

2016 3057 2328 3126 prasterunt
2357 3056 2724 3126 curopalates
2754 3060 2810 3112 et
2839 3057 3072 3111 decurio
3095 3057 3286 3127 virgas
3308 3072 3517 3112 aureas
3542 3076 3556 3124 ;
3590 3057 3661 3112 ad

2015 3150 2324 3213 utrumque
2354 3143 2605 3198 vehiculi
2659 3145 2811 3199 latus
2841 3149 3035 3198 autem
3069 3144 3374 3200 ambulant
3421 3143 3661 3200 comites

253 3209 510 3308 ρος-(ά),
560 3233 648 3287 καὶ
699 3209 1015 3286 ἐπιδίδωσιν
1055 3229 1202 3300 αὖτῷ
1265 3231 1365 3298 τήν
1403 3209 1600 3304 γνῶσιν
1637 3209 1903 3283 τοῦνάπο-

2019 3209 2378 3297 scholarum,
2393 3248 2542 3304 quos
2563 3231 2874 3302 imperator
2888 3233 3188 3304 delegerit,
3208 3235 3474 3288 tenentes
3490 3247 3666 3303 poma

247 3322 498 3395 κειμένου
575 3321 751 3387 σίτου,
811 3320 900 3374 καὶ
960 3318 1330 3396 περιέρχεται,
1388 3319 1479 3372 καὶ
1558 3319 1658 3392 ὁρᾷ
1713 3317 1903 3376 πάντα.

252 3417 344 3466 Δεῖ
390 3408 447 3466 δὲ
495 3408 928 3483 παρακολουθεῖν
972 3409 1051 3480 τῷ
1103 3406 1318 3480 βασιλεῖ
1377 3407 1465 3462 καὶ
1525 3407 1904 3481 ἀρχιτέκτονα,

252 3495 362 3570 ἵνα,
396 3497 484 3552 ἐὰν
529 3496 736 3571 θελήσῃ
786 3494 1310 3572 πληροφορηθῆναι,
1360 3493 1405 3548 εί
1451 3499 1570 3554 ταῖς
1617 3492 1906 3565 ἀληθείαις

255 3591 511 3649 τοσοῦτος
572 3592 721 3648 σῖτος
790 3584 1093 3649 ἀπόκειται,
1169 3585 1412 3656 μετρήσῃ
1472 3584 1500 3637 6
1566 3583 1904 3658 ἀρχιτέκτων

258 3675 380 3734 τοὺς
409 3675 634 3743 τόπους,
667 3674 759 3734 οὖς
805 3671 866 3726 ἃν
919 3669 1107 3745 συνίδῃ
1149 3673 1176 3725 6
1220 3669 1496 3744 βασιλεὺς,
1529 3672 1617 3725 καὶ
1652 3670 1775 3743 εἷ’πῃ
1804 3673 1906 3726 αὐ-

261 3767 337 3832 τῷ
385 3761 445 3817 τὸ
495 3760 717 3830 ἀληθές.
775 3761 876 3817 Καὶ
932 3759 1286 3834 ἐξερχόμενος
1351 3755 1542 3812 διδωσι
1589 3764 1670 3831 τῷ
1699 3761 1907 3832 κόμητι

261 3855 364 3906 τῶν
416 3849 614 3925 όρῥίων
663 3849 1020 3922 τετρογώνιον
1071 3851 1147 3920 (8)
1197 3845 1399 3919 λιτρῶν
1451 3843 1599 3915 δέκα,
1648 3849 1738 3900 καὶ
1785 3846 1910 3901 610-

267 3943 483 4013 σήρικον
556 3939 858 4013 στιχάριον,
924 3936 1012 3990 καὶ
1079 3939 1157 4006 τῷ
1221 3935 1566 4008 νουμεραρίῳ
1623 3935 1690 3988 τὰ
1750 3935 1906 3992 αὐτὰ.

266 4029 362 4087 Καὶ
411 4030 612 4084 ἓκεῖθεν
677 4025 907 4097 ἐξελθὼν
971 4024 1256 4100 ἀνέρχεται
1330 4024 1403 4085 είς
1453 4024 1516 4078 τὸ
1557 4022 1771 4098 ὄχημα,
1820 4024 1909 4079 καὶ

268 4117 424 4174 πάλιν
481 4118 534 4172 oi
579 4115 814 4192 ἔπαρχοι
863 4114 1224 4190 συγκάθηνται
1274 4113 1340 4168 τά
1389 4110 1556 4186 ὅμοια
1605 4117 1907 4183 ποιοῦντες,

2019 3321 2145 3392 [seu
2178 3320 2381 3390 globos
2413 3319 2738 3376 metallicos
2770 3321 2828 3376 in
2860 3322 3052 3392 aditu]
3101 3321 3420 3377 carruchae.
3463 3324 3540 3375 Ea
3567 3336 3662 3375 ra-

2016 3408 2173 3464 tione
2197 3413 2260 3463 ut
2286 3413 2627 3479 perventum
2650 3409 2808 3463 estin
2828 3408 3059 3472 horrea,
3083 3409 3388 3464 descendit
3410 3408 3664 3479 primum

2018 3498 2326 3569 prefectus
2347 3497 2588 3554 domino
2610 3497 2928 3552 identidem
2951 3498 3233 3563 assidens,
3255 3498 3388 3553 dein
3413 3498 3694 3568 impera-‘

2016 3592 2129 3652 tor,
2160 3587 2253 3642 cui
2286 3586 2346 3641 in
2380 3587 2584 3642 horrea
2615 3586 2854 3641 intranti
2879 3586 3101 3642 obviam
3135 3585 3182 3641 it
3211 3603 3404 3643 comes
3442 3585 3669 3641 horreo-

2018 3692 2168 3742 rum,
2195 3692 2402 3745 gerens
2431 3675 2739 3730 candidam
2773 3677 3052 3740 tunicam,
3085 3679 3143 3730 et
3190 3691 3324 3731 cum
3357 3691 3423 3731 eo
3457 3691 3667 3730 nume—

2019 3764 2232 3818 rarius.
2267 3763 2484 3818 Nactus
2505 3765 2576 3819 ab
2598 3780 2664 3819 eo
2688 3765 2896 3819 comite
2921 3765 3234 3835 imperator
3253 3764 3520 3819 notitiam
3548 3764 3666 3816 fru-

2020 3851 2204 3906 menti
2236 3850 2292 3904 in
2329 3851 2550 3906 horreis
2581 3852 2828 3920 depositi
2859 3858 2916 3906 et
2965 3851 3270 3917 asservati,
3313 3851 3664 3905 circumam-

2019 3939 2184 3994 bulat
2215 3944 2269 3993 et
2298 3938 2511 3994 lustrat
2547 3939 2764 4008 omnia,
2798 3955 2998 3995 secum
3031 3939 3254 3994 habens
3285 3939 3537 4008 aliquem
3570 3956 3666 3994 ar-

2021 4030 2354 4095 chitectum,
2388 4028 2487 4100 qui
2541 4029 2776 4083 domino
2825 4028 3100 4100 cupiente
3147 4033 3303 4084 certo
3345 4027 3665 4096 eXplorare,

2021 4135 2161 4174 num
2195 4135 2390 4175 revera
2430 4121 2594 4173 tanta
2643 4117 2814 4184 adsit,
2867 4125 3083 4188 quanta
3131 4117 3491 4189 perhibetur,
3543 4117 3670 4171 fru-

1607 4239 1840 4298 VABIE
1896 4243 2314 4301 LECTIONES.

338 4337 381 4373 ⁷ο
409 4338 618 4394 ΣΧΟΛ.
649 4337 750 4388 τοῦ
780 4333 1073 4408 παρόντος.
1149 4333 1189 4368 ⁷³
1225 4331 1427 4388 ΣΧΟΛ.
1459 4330 1487 4383 6
1523 4327 1847 4404 βουλευτής.

1300 4429 1495 4486 JOAN.
1537 4428 1676 4484 JAC.
1721 4429 1988 4487 REISKII
2030 4430 2621 4488 COMMENTARIUS.

344 4528 418 4597 (4)
449 4523 814 4597 Mutioetiam
845 4538 946 4593 pro
977 4518 1489 4597 gquisopedicitur.
1538 4518 1909 4597 Lamprid,i_n
1943 4523 1989 4587 Ι)
2022 4522 2149 4576 dios
2184 4521 2458 4597 frumenti
2489 4520 2640 4591 quod
2685 4519 2744 4574 in
2798 4521 3001 4597 horrea
3039 4520 3422 4597 inferebatur,
3472 4525 3530 4576 et
3576 4536 3672 4576 ex-

283 4591 592 4654 Aleiandro
625 4591 860 4660 Severo,
887 4598 932 4647 t.
985 4593 1030 4658 Ι,
1067 4608 1122 4662 p.
1153 4591 1280 4658 990,
1326 4591 1424 4644 ubi
1458 4591 1632 4662 mulis
1663 4599 1717 4644 et
1746 4591 1913 4660 equis

284 4669 558 4725 muliones
588 4670 840 4729 tantum,
869 4680 984 4719 non
1032 4661 1320 4718 muliones
1359 4666 1415 4716 et
1461 4661 1798 4732 equisones,
1856 4669 1917 4716 ut

289 4744 571 4805 curatores
603 4728 886 4790 attribuit.
917 4736 1097 4789 Etiam
1130 4734 1188 4805 in
1231 4733 1455 4805 Glgissis
1485 4728 1573 4786 est
1606 4728 1918 4805 μουλάρας,

289 4801 642 4885 ἱπποφὸρόος,
690 4805 1084 4882 κτηνοτρόφος,
1133 4800 1454 4870 ἀναεολεῦς,
1505 4803 1676 4858 multo
1722 4800 1922 4874 super-

295 4883 646 4938 iumentarium
665 4886 890 4934 strator.

357 4954 428 5024 (5)
461 4953 681 5021 Ergone
712 4956 851 5024 t_u_nc
881 4947 1160 5024 temporis
1209 4946 1404 5024 adhuc
1441 4945 1921 5024 decurionesapf

295 5018 652 5096 pellebantur
681 5021 806 5075 CPli
837 5019 1110 5096 consules
1142 5028 1196 5073 et
1220 5021 1545 5096 ‘senatores
1575 5018 1927 5096 ‘urbaniipt

963 5087 1263 5165 βουλευτής
1310 5087 1775 5165 interpretatur?
1819 5087 1928 5165 Yix

299 5173 501 5238 putem.
528 5164 735 5238 Potius
755 5157 1215 5238 probabilemihi
1248 5165 1334 5238 est
1357 5157 1808 5238 silentia-riorum
1833 5160 1930 5238 de:-

301 5229 553 5294 curiones
585 5235 670 5289 vel
705 5229 956 5288 decanos
1007 5232 1097 5286 hic
1131 5230 1395 5298 intelligi,
1451 5229 1553 5304 qui
1582 5229 1755 5304 iidem
1793 5234 1943 5304 sunt

489 5305 803 5376 primicerii
838 5304 1294 5376 silentiariorum
1323 5318 1423 5376 ;_v.
1454 5299 1646 5355 Vales.
1668 5302 1749 5376 ad
1787 5303 1930 5354 Am-

306 5374 760 5437 mi'an.vMarcell.
796 5393 852 5446 p.
899 5377 1022 5430 264.
1074 5374 1539 5429 Silentiariorum
1582 5375 1778 5426 autem
1810 5376 1933 5427 erat

294 5092 399 5151 vult
429 5092 796 5156 Scholiastes,
827 5093 927 5160 qui

302 5317 456 5379 atque

313 5466 502 5507 aureas
533 5450 725 5511 virgas
757 5449 1044 5515 preferre.

375 5524 441 5593 (6)
461 5522 665 5593 ld.ant
683 5512 895 5593 similis
921 5517 1395 5593 mun.eris,_atque_
1421 5512 1761 5593 horrearius
1780 5515 1933 5593 apud

311 5584 791 5661 Ag'nellumNide
811 5588 1160 5661 Murat,AScr.
1186 5587 1251 5641 R.
1274 5584 1478 5661 Ita_lic.,
1504 5594 1541 5638 l.
1568 5584 1638 5647 ll,
1665 5587 1863 5655 p.100.

379 5664 702 5733 (7)Videtur
725 5659 1038 5716 numerarii
1063 5657 1468 5714 numust'uisse
1491 5671 1796 5710 numerare
1820 5673 1940 5713 mo-

569 5789 830 5849 ΡΑτιιοι.
877 5788 991 5847 Gn.
1038 5785 1223 5846 CXII.

2025 4609 2237 4660 pensas
2295 4592 2353 4646 in
2412 4608 2708 4647 annonam
2769 4591 3022 4647 militum
3086 4592 3339 4662 pariter;
3395 4609 3449 4647 v.
3497 4608 3678 4663 supra

2031 4664 2187 4718 dicta
2215 4663 2284 4717 ad
2322 4679 2375 4732 p.
2411 4664 2531 4717 ito.

2102 4735 2178 4803 (8)
2210 4734 2492 4804 Fuitcum
2519 4738 2805 4804 putarem,
2830 4733 2939 4788 hoc
2959 4734 3242 4790 vocabulo
3264 4734 3676 4803 apocombium

2034 4823 2134 4861 seu
2166 4803 2460 4876 sacculum
2513 4803 2763 4859 Sericum
2813 4805 3105 4876 designari
3154 4806 3211 4860 in
3248 4805 3491 4860 formam
3525 4822 3672 4875 qua-

2035 4875 2445 4947 drangularem
2469 4882 2776 4932 consutum
2800 4883 2858 4947 et
2874 4875 3324 4941 conlormatum,
3345 4878 3438 4932 cui
3469 4877 3676 4931 insuta

2035 4946 2230 5004 essent
2254 4948 2452 5001 decem
2473 4947 2596 5002 auri
2622 4947 2781 5001 Iitraa.
2809 4946 3016 5002 Verum
3042 4948 3090 5002 si
3124 4949 3182 5003 in
3217 4948 3678 5003 numismatibus

2037 5036 2136 5074 seu
2196 5018 2399 5073 solidis
2447 5019 2833 5073 constiterunt
2881 5019 2988 5074 illa:
3036 5020 3231 5074 decem
3285 5018 3446 5081 litraa,
3498 5015 3679 5071 nimis

2037 5089 2276 5158 grandis
2307 5089 2489 5143 evasit
2519 5089 2616 5142 illa
2659 5089 2922 5155 bursula,
2967 5095 3032 5144 ut
3073 5107 3200 5159 quas
3250 5090 3439 5145 decies
3465 5088 3537 5140 74
3569 5101 3677 5159 nu-

2041 5161 2317 5218 mismata
2348 5176 2450 5214 seu
2481 5161 2588 5214 740
2624 5161 2979 5216 numismata
3010 5157 3350 5216 contineret.
3380 5159 3588 5212 Littras
3620 5157 3680 5212 in

2040 5232 2287 5302 integris
2319 5232 2443 5285 auri
2481 5231 2690 5286 massis
2729 5247 2904 5288 cusas
2956 5233 3154 5292 fuisse.
3204 5228 3680 5302 quandoquidem

2043 5299 2194 5358 mihi
2220 5318 2329 5355 non
2365 5309 2610 5369 constat,
2633 5305 2898 5373 quamvis
2919 5305 2985 5357 ad
3001 5299 3234 5357 modum
3268 5299 3564 5373 probabile
3587 5299 3682 5364 sit,

2043 5374 2102 5428 in
2135 5374 2312 5428 dubio
2346 5371 2688 5443 relinquam.
2725 5375 2922 5428 Putem
2957 5375 3130 5444 igitur
3175 5371 3392 5438 potius,
3425 5377 3686 5440 tetrago—

2046 5446 2208 5499 nium
2235 5445 2342 5499 hoc
2367 5445 2540 5499 fuisse
2564 5462 2817 5499 massam
2841 5443 3069 5498 auream
3094 5443 3150 5496 in
3170 5448 3411 5497 moneta
3436 5443 3682 5497 formam

2047 5532 2248 5570 cusam
2282 5519 2478 5570 decem
2516 5517 2674 5570 Iitras
2706 5516 3072 5583 pendentem.
3107 5515 3238 5580 Sed,
3275 5519 3338 5569 ut
3370 5528 3568 5569 verum
3604 5513 3686 5565 fa-

2049 5592 2193 5652 tear,
2228 5604 2340 5641 non
2368 5587 2553 5642 habeo
2575 5587 2905 5655 exemplum
2930 5602 3134 5641 massa:
3160 5586 3215 5640 in
3249 5600 3560 5641 nummum
3585 5599 3687 5637 cu-

2050 5676 2126 5715 sae
2161 5658 2343 5714 forma
2374 5659 2656 5728 quadrata
2688 5657 2839 5728 apud
2873 5656 3102 5714 Graecos
3133 5662 3234 5713 aut
3265 5658 3578 5713 Romanos.

3290 5785 3364 5844 41
