  <div class='ocr_page' id='page_1' title='image "/cluster/home/n/w/nwhite01/storage/ocr_20150623/112/hvd.32044073502304/652.png"; bbox 0 0 4008 6210; ppageno 0'>
   <div class='ocr_carea' id='block_1_1' title="bbox 184 366 1767 455">
    <p class='ocr_par' dir='ltr' id='par_1_1' title="bbox 184 366 1767 455">
     <span class='ocr_line' id='line_1_1' title="bbox 184 366 1767 455; baseline -0.003 -24"><span class='ocrx_word' id='word_1_1' title='bbox 184 371 382 431; x_wconf 66' lang='lat'><strong>4293</strong></span> <span class='ocrx_word' id='word_1_2' title='bbox 556 392 567 397; x_wconf 88' lang='lat'><strong><em>-</em></strong></span> <span class='ocrx_word' id='word_1_3' title='bbox 1008 450 1011 455; x_wconf 25' lang='grc' dir='ltr'>ι</span> <span class='ocrx_word' id='word_1_4' title='bbox 1071 368 1173 428; x_wconf 88' lang='lat' dir='ltr'><strong>DE</strong></span> <span class='ocrx_word' id='word_1_5' title='bbox 1216 366 1684 430; x_wconf 82' lang='lat' dir='ltr'><strong>CEBIMONIIS</strong></span> <span class='ocrx_word' id='word_1_6' title='bbox 1730 366 1767 427; x_wconf 75' lang='grc' dir='ltr'>Α</span> 
     </span>
    </p>
   </div>
   <div class='ocr_carea' id='block_1_2' title="bbox 2047 366 3630 455">
    <p class='ocr_par' dir='ltr' id='par_1_2' title="bbox 2047 366 3630 448">
     <span class='ocr_line' id='line_1_2' title="bbox 2047 366 3630 448; baseline 0.001 -23"><span class='ocrx_word' id='word_1_7' title='bbox 2047 366 2480 427; x_wconf 66' lang='grc' dir='ltr'><strong>ΒΥΖΑΝΤῙΝιΕ</strong></span> <span class='ocrx_word' id='word_1_8' title='bbox 2522 367 2675 430; x_wconf 56' lang='lat' dir='ltr'><strong>LIB.’</strong></span> <span class='ocrx_word' id='word_1_9' title='bbox 2718 368 2799 429; x_wconf 87' lang='lat' dir='ltr'><strong>II.</strong></span> <span class='ocrx_word' id='word_1_10' title='bbox 3124 444 3133 448; x_wconf 16' lang='grc' dir='ltr'><strong><em>ἢ</em></strong></span> <span class='ocrx_word' id='word_1_11' title='bbox 3475 367 3630 430; x_wconf 71' lang='grc'><strong>1294</strong></span> 
     </span>
    </p>
   </div>
   <div class='ocr_carea' id='block_1_3' title="bbox 183 495 1766 575">
    <p class='ocr_par' dir='ltr' id='par_1_3' title="bbox 183 495 1766 575">
     <span class='ocr_line' id='line_1_3' title="bbox 183 495 1766 575; baseline -0.003 -19"><span class='ocrx_word' id='word_1_12' title='bbox 183 498 698 575; x_wconf 70' lang='grc' dir='ltr'>ἐκπληρώσωμεν.</span> <span class='ocrx_word' id='word_1_13' title='bbox 750 498 985 556; x_wconf 80' lang='grc' dir='ltr'>Πολλῶν</span> <span class='ocrx_word' id='word_1_14' title='bbox 1048 497 1152 575; x_wconf 69' lang='grc' dir='ltr'>γὰρ</span> <span class='ocrx_word' id='word_1_15' title='bbox 1217 495 1386 553; x_wconf 79' lang='grc' dir='ltr'>ὄντων</span> <span class='ocrx_word' id='word_1_16' title='bbox 1454 498 1544 554; x_wconf 84' lang='grc' dir='ltr'><strong>καὶ</strong></span> <span class='ocrx_word' id='word_1_17' title='bbox 1614 496 1766 575; x_wconf 78' lang='grc' dir='ltr'>μεγά]</span> 
     </span>
    </p>
   </div>
   <div class='ocr_carea' id='block_1_4' title="bbox 2048 495 3631 575">
    <p class='ocr_par' dir='ltr' id='par_1_4' title="bbox 2048 497 3631 574">
     <span class='ocr_line' id='line_1_4' title="bbox 2048 497 3631 574; baseline 0.003 -21"><span class='ocrx_word' id='word_1_18' title='bbox 2048 497 2338 556; x_wconf 75' lang='lat' dir='ltr'><strong>,tisfacere.</strong></span> <span class='ocrx_word' id='word_1_19' title='bbox 2372 499 2659 557; x_wconf 80' lang='lat' dir='ltr'><strong>Ditl‘usum</strong></span> <span class='ocrx_word' id='word_1_20' title='bbox 2691 506 2749 556; x_wconf 93' lang='lat' dir='ltr'><strong>et</strong></span> <span class='ocrx_word' id='word_1_21' title='bbox 2780 516 2953 573; x_wconf 86' lang='lat' dir='ltr'><strong>grave</strong></span> <span class='ocrx_word' id='word_1_22' title='bbox 2980 502 3039 557; x_wconf 84' lang='lat' dir='ltr'><strong>et</strong></span> <span class='ocrx_word' id='word_1_23' title='bbox 3058 500 3368 560; x_wconf 88' lang='lat' dir='ltr'><strong>obscurum</strong></span> <span class='ocrx_word' id='word_1_24' title='bbox 3391 518 3541 574; x_wconf 90' lang='lat' dir='ltr'><strong>opus</strong></span> <span class='ocrx_word' id='word_1_25' title='bbox 3561 503 3631 558; x_wconf 90' lang='lat' dir='ltr'><strong>dc</strong></span> 
     </span>
    </p>
   </div>
   <div class='ocr_carea' id='block_1_5' title="bbox 183 586 1766 668">
    <p class='ocr_par' dir='ltr' id='par_1_5' title="bbox 183 586 1766 668">
     <span class='ocr_line' id='line_1_5' title="bbox 183 586 1766 668; baseline -0.002 -23"><span class='ocrx_word' id='word_1_26' title='bbox 183 595 328 645; x_wconf 80' lang='grc' dir='ltr'><strong>τῶν</strong></span> <span class='ocrx_word' id='word_1_27' title='bbox 376 589 526 664; x_wconf 79' lang='grc' dir='ltr'>ποιρά</span> <span class='ocrx_word' id='word_1_28' title='bbox 562 594 682 652; x_wconf 90' lang='grc' dir='ltr'>τοῖς</span> <span class='ocrx_word' id='word_1_29' title='bbox 725 588 984 668; x_wconf 86' lang='grc' dir='ltr'>ἀρχαίοις</span> <span class='ocrx_word' id='word_1_30' title='bbox 1024 586 1487 664; x_wconf 71' lang='grc' dir='ltr'><strong>καταλειφθέντων</strong></span> <span class='ocrx_word' id='word_1_31' title='bbox 1526 589 1766 661; x_wconf 82' lang='grc' dir='ltr'>ἀξιωμάτ</span> 
     </span>
    </p>
   </div>
   <div class='ocr_carea' id='block_1_6' title="bbox 2044 586 3627 668">
    <p class='ocr_par' dir='ltr' id='par_1_6' title="bbox 2046 586 3627 661">
     <span class='ocr_line' id='line_1_6' title="bbox 2046 586 3627 661; baseline 0.004 -19"><span class='ocrx_word' id='word_1_32' title='bbox 2046 604 2075 642; x_wconf 93' lang='lat' dir='ltr'><strong>s</strong></span> <span class='ocrx_word' id='word_1_33' title='bbox 2104 586 2260 643; x_wconf 87' lang='lat' dir='ltr'><strong>clare</strong></span> <span class='ocrx_word' id='word_1_34' title='bbox 2291 588 2682 661; x_wconf 75' lang='lat' dir='ltr'><strong>distincteque</strong></span> <span class='ocrx_word' id='word_1_35' title='bbox 2723 605 3030 661; x_wconf 82' lang='lat' dir='ltr'><strong>exponere,</strong></span> <span class='ocrx_word' id='word_1_36' title='bbox 3070 605 3204 645; x_wconf 91' lang='lat' dir='ltr'><strong>cum</strong></span> <span class='ocrx_word' id='word_1_37' title='bbox 3243 606 3357 647; x_wconf 89' lang='lat' dir='ltr'><strong>non</strong></span> <span class='ocrx_word' id='word_1_38' title='bbox 3397 593 3627 648; x_wconf 89' lang='lat' dir='ltr'><strong>tantum</strong></span> 
     </span>
    </p>
   </div>
   <div class='ocr_carea' id='block_1_7' title="bbox 186 676 1769 756">
    <p class='ocr_par' dir='ltr' id='par_1_7' title="bbox 186 676 1767 756">
     <span class='ocr_line' id='line_1_7' title="bbox 186 676 1767 756; baseline -0.002 -21"><span class='ocrx_word' id='word_1_39' title='bbox 186 677 415 750; x_wconf 80' lang='grc' dir='ltr'>πολλή</span> <span class='ocrx_word' id='word_1_40' title='bbox 446 700 506 735; x_wconf 86' lang='grc' dir='ltr'><strong>τε</strong></span> <span class='ocrx_word' id='word_1_41' title='bbox 548 680 639 734; x_wconf 81' lang='grc' dir='ltr'><strong>καὶ</strong></span> <span class='ocrx_word' id='word_1_42' title='bbox 692 678 903 756; x_wconf 83' lang='grc' dir='ltr'><strong>μεγάλη</strong></span> <span class='ocrx_word' id='word_1_43' title='bbox 952 679 1043 733; x_wconf 86' lang='grc' dir='ltr'><strong>καὶ</strong></span> <span class='ocrx_word' id='word_1_44' title='bbox 1089 676 1402 748; x_wconf 79' lang='grc' dir='ltr'>δύσληπτος</span> <span class='ocrx_word' id='word_1_45' title='bbox 1449 680 1485 748; x_wconf 72' lang='grc' dir='ltr'><strong>ἡ</strong></span> <span class='ocrx_word' id='word_1_46' title='bbox 1529 677 1654 752; x_wconf 82' lang='grc' dir='ltr'>περὶ</span> <span class='ocrx_word' id='word_1_47' title='bbox 1701 677 1767 732; x_wconf 77' lang='grc' dir='ltr'>αὖ</span> 
     </span>
    </p>
   </div>
   <div class='ocr_carea' id='block_1_8' title="bbox 2051 676 3634 756">
    <p class='ocr_par' dir='ltr' id='par_1_8' title="bbox 2051 678 3634 750">
     <span class='ocr_line' id='line_1_8' title="bbox 2051 678 3634 750; baseline 0.003 -18"><span class='ocrx_word' id='word_1_48' title='bbox 2051 678 2249 733; x_wconf 72' lang='grc' dir='ltr'>υτίωιε</span> <span class='ocrx_word' id='word_1_49' title='bbox 2262 678 2616 749; x_wconf 77' lang='lat' dir='ltr'><strong>dignitatum</strong></span> <span class='ocrx_word' id='word_1_50' title='bbox 2632 697 2665 735; x_wconf 92' lang='lat' dir='ltr'><strong>a</strong></span> <span class='ocrx_word' id='word_1_51' title='bbox 2677 679 2966 736; x_wconf 88' lang='lat' dir='ltr'><strong>veteribus</strong></span> <span class='ocrx_word' id='word_1_52' title='bbox 2979 681 3049 735; x_wconf 85' lang='lat' dir='ltr'><strong>ad</strong></span> <span class='ocrx_word' id='word_1_53' title='bbox 3068 684 3330 750; x_wconf 90' lang='lat' dir='ltr'><strong>posteros</strong></span> <span class='ocrx_word' id='word_1_54' title='bbox 3341 681 3634 736; x_wconf 82' lang='lat' dir='ltr'><strong>transmis-</strong></span> 
     </span>
    </p>
   </div>
   <div class='ocr_carea' id='block_1_9' title="bbox 192 765 1775 848">
    <p class='ocr_par' dir='ltr' id='par_1_9' title="bbox 192 765 1775 848">
     <span class='ocr_line' id='line_1_9' title="bbox 192 765 1775 848; baseline -0.002 -24"><span class='ocrx_word' id='word_1_55' title='bbox 192 768 465 847; x_wconf 76' lang='grc' dir='ltr'>ὑπάρχει</span> <span class='ocrx_word' id='word_1_56' title='bbox 498 770 777 848; x_wconf 80' lang='grc' dir='ltr'>σαφήνεια.</span> <span class='ocrx_word' id='word_1_57' title='bbox 830 768 930 825; x_wconf 84' lang='grc' dir='ltr'>Καὶ</span> <span class='ocrx_word' id='word_1_58' title='bbox 986 766 1089 841; x_wconf 70' lang='grc' dir='ltr'>γὰρ</span> <span class='ocrx_word' id='word_1_59' title='bbox 1137 767 1194 821; x_wconf 78' lang='grc' dir='ltr'>αἱ</span> <span class='ocrx_word' id='word_1_60' title='bbox 1244 765 1453 822; x_wconf 84' lang='grc' dir='ltr'>πολλαὶ</span> <span class='ocrx_word' id='word_1_61' title='bbox 1494 770 1602 821; x_wconf 92' lang='grc' dir='ltr'><strong>τῶν</strong></span> <span class='ocrx_word' id='word_1_62' title='bbox 1634 766 1775 837; x_wconf 30' lang='grc' dir='ltr'>ἀξιω,</span> 
     </span>
    </p>
   </div>
   <div class='ocr_carea' id='block_1_10' title="bbox 2048 765 3631 848">
    <p class='ocr_par' dir='ltr' id='par_1_10' title="bbox 2053 768 3631 839">
     <span class='ocr_line' id='line_1_10' title="bbox 2053 768 3631 839; baseline 0.001 -18"><span class='ocrx_word' id='word_1_63' title='bbox 2053 782 2181 821; x_wconf 88' lang='lat' dir='ltr'><strong>rum</strong></span> <span class='ocrx_word' id='word_1_64' title='bbox 2214 783 2490 838; x_wconf 85' lang='lat' dir='ltr'><strong>processu</strong></span> <span class='ocrx_word' id='word_1_65' title='bbox 2537 769 2812 839; x_wconf 87' lang='lat' dir='ltr'><strong>temporis</strong></span> <span class='ocrx_word' id='word_1_66' title='bbox 2859 768 3249 825; x_wconf 88' lang='lat' dir='ltr'><strong>obsoleverint</strong></span> <span class='ocrx_word' id='word_1_67' title='bbox 3282 793 3298 834; x_wconf 71' lang='grc' dir='ltr'><strong>ς</strong></span> <span class='ocrx_word' id='word_1_68' title='bbox 3329 770 3431 824; x_wconf 91' lang='lat' dir='ltr'><strong>sed</strong></span> <span class='ocrx_word' id='word_1_69' title='bbox 3458 771 3631 824; x_wconf 88' lang='lat' dir='ltr'><strong>etiam</strong></span> 
     </span>
    </p>
   </div>
   <div class='ocr_carea' id='block_1_11' title="bbox 188 856 1771 934">
    <p class='ocr_par' dir='ltr' id='par_1_11' title="bbox 188 856 1771 934">
     <span class='ocr_line' id='line_1_11' title="bbox 188 856 1771 934; baseline 0.005 -21"><span class='ocrx_word' id='word_1_70' title='bbox 188 879 328 914; x_wconf 84' lang='grc' dir='ltr'><strong>των</strong></span> <span class='ocrx_word' id='word_1_71' title='bbox 366 858 772 934; x_wconf 86' lang='grc' dir='ltr'>ἀμαυρωθεῖσαι</span> <span class='ocrx_word' id='word_1_72' title='bbox 802 864 881 932; x_wconf 81' lang='grc' dir='ltr'><strong>τῷ</strong></span> <span class='ocrx_word' id='word_1_73' title='bbox 931 859 1120 933; x_wconf 88' lang='grc' dir='ltr'>χρόνῳ</span> <span class='ocrx_word' id='word_1_74' title='bbox 1167 857 1561 930; x_wconf 81' lang='grc' dir='ltr'>προσκλήσεις,</span> <span class='ocrx_word' id='word_1_75' title='bbox 1593 856 1738 912; x_wconf 81' lang='grc' dir='ltr'><strong>ἀλλά</strong></span> <span class='ocrx_word' id='word_1_76' title='bbox 1768 884 1771 927; x_wconf 60' lang='grc' dir='ltr'><em>λ</em></span> 
     </span>
    </p>
   </div>
   <div class='ocr_carea' id='block_1_12' title="bbox 2049 856 3632 934">
    <p class='ocr_par' dir='ltr' id='par_1_12' title="bbox 2049 856 3632 929">
     <span class='ocr_line' id='line_1_12' title="bbox 2049 856 3632 929; baseline 0.001 -18"><span class='ocrx_word' id='word_1_77' title='bbox 2049 871 2187 911; x_wconf 87' lang='lat' dir='ltr'><strong>nues</strong></span> <span class='ocrx_word' id='word_1_78' title='bbox 2237 856 2513 929; x_wconf 86' lang='lat' dir='ltr'><strong>deinceps</strong></span> <span class='ocrx_word' id='word_1_79' title='bbox 2552 860 2885 927; x_wconf 65' lang='lat' dir='ltr'><strong>excogitata;</strong></span> <span class='ocrx_word' id='word_1_80' title='bbox 2925 863 2983 914; x_wconf 91' lang='lat' dir='ltr'><strong>et</strong></span> <span class='ocrx_word' id='word_1_81' title='bbox 3021 858 3356 914; x_wconf 70' lang='lat' dir='ltr'><strong>introductae</strong></span> <span class='ocrx_word' id='word_1_82' title='bbox 3394 857 3632 913; x_wconf 78' lang='lat' dir='ltr'><strong>diversas</strong></span> 
     </span>
    </p>
   </div>
   <div class='ocr_carea' id='block_1_13' title="bbox 191 944 1774 1027">
    <p class='ocr_par' dir='ltr' id='par_1_13' title="bbox 191 945 1774 1026">
     <span class='ocr_line' id='line_1_13' title="bbox 191 945 1774 1026; baseline -0.002 -23"><span class='ocrx_word' id='word_1_83' title='bbox 191 948 309 1003; x_wconf 77' lang='grc' dir='ltr'><strong>καὶ</strong></span> <span class='ocrx_word' id='word_1_84' title='bbox 363 954 533 1003; x_wconf 74' lang='grc' dir='ltr'>πᾶσαι</span> <span class='ocrx_word' id='word_1_85' title='bbox 589 948 646 1003; x_wconf 79' lang='grc' dir='ltr'>αἱ</span> <span class='ocrx_word' id='word_1_86' title='bbox 708 948 823 1022; x_wconf 89' lang='grc' dir='ltr'>μετ’</span> <span class='ocrx_word' id='word_1_87' title='bbox 881 946 1081 1009; x_wconf 72' lang='grc' dir='ltr'>ὲκείνας</span> <span class='ocrx_word' id='word_1_88' title='bbox 1140 946 1501 1026; x_wconf 68' lang='grc' dir='ltr'>ἔφευρεθεῖσαι</span> <span class='ocrx_word' id='word_1_89' title='bbox 1556 945 1774 1018; x_wconf 82' lang='grc' dir='ltr'>ἀξιωμά</span> 
     </span>
    </p>
   </div>
   <div class='ocr_carea' id='block_1_14' title="bbox 2051 944 3634 1027">
    <p class='ocr_par' dir='ltr' id='par_1_14' title="bbox 2051 945 3634 1027">
     <span class='ocr_line' id='line_1_14' title="bbox 2051 945 3634 1027; baseline 0.003 -29"><span class='ocrx_word' id='word_1_90' title='bbox 2051 945 2303 1015; x_wconf 86' lang='lat' dir='ltr'><strong>gnitates</strong></span> <span class='ocrx_word' id='word_1_91' title='bbox 2333 945 2623 1002; x_wconf 84' lang='lat' dir='ltr'><strong>turbelam</strong></span> <span class='ocrx_word' id='word_1_92' title='bbox 2656 947 2833 1027; x_wconf 85' lang='lat' dir='ltr'><strong>simul</strong></span> <span class='ocrx_word' id='word_1_93' title='bbox 2864 949 3208 1013; x_wconf 81' lang='lat' dir='ltr'><strong>lnvexerint,</strong></span> <span class='ocrx_word' id='word_1_94' title='bbox 3239 963 3446 1019; x_wconf 89' lang='lat' dir='ltr'><strong>eoque,</strong></span> <span class='ocrx_word' id='word_1_95' title='bbox 3487 963 3634 1020; x_wconf 87' lang='lat' dir='ltr'><strong>quo-</strong></span> 
     </span>
    </p>
   </div>
   <div class='ocr_carea' id='block_1_15' title="bbox 197 1029 1780 1114">
    <p class='ocr_par' dir='ltr' id='par_1_15' title="bbox 197 1029 1780 1114">
     <span class='ocr_line' id='line_1_15' title="bbox 197 1029 1780 1114; baseline -0.003 -22"><span class='ocrx_word' id='word_1_96' title='bbox 197 1034 486 1114; x_wconf 79' lang='grc' dir='ltr'>διαφοραῖ</span> <span class='ocrx_word' id='word_1_97' title='bbox 531 1038 792 1113; x_wconf 77' lang='grc' dir='ltr'>σύγχυσίν</span> <span class='ocrx_word' id='word_1_98' title='bbox 841 1056 964 1091; x_wconf 87' lang='grc' dir='ltr'>τινα</span> <span class='ocrx_word' id='word_1_99' title='bbox 1008 1036 1427 1112; x_wconf 71' lang='grc' dir='ltr'>παρεισάγουσιν</span> <span class='ocrx_word' id='word_1_100' title='bbox 1473 1041 1575 1105; x_wconf 83' lang='grc' dir='ltr'>τῆς</span> <span class='ocrx_word' id='word_1_101' title='bbox 1622 1029 1780 1109; x_wconf 76' lang='grc' dir='ltr'>ἀκριϐ</span> 
     </span>
    </p>
   </div>
   <div class='ocr_carea' id='block_1_16' title="bbox 2049 1029 3632 1114">
    <p class='ocr_par' dir='ltr' id='par_1_16' title="bbox 2053 1034 3632 1108">
     <span class='ocr_line' id='line_1_16' title="bbox 2053 1034 3632 1108; baseline 0.003 -21"><span class='ocrx_word' id='word_1_102' title='bbox 2053 1034 2186 1088; x_wconf 86' lang='lat' dir='ltr'><strong>inus</strong></span> <span class='ocrx_word' id='word_1_103' title='bbox 2214 1039 2370 1090; x_wconf 91' lang='lat' dir='ltr'><strong>recte</strong></span> <span class='ocrx_word' id='word_1_104' title='bbox 2400 1034 2620 1107; x_wconf 90' lang='lat' dir='ltr'><strong>percipi</strong></span> <span class='ocrx_word' id='word_1_105' title='bbox 2657 1052 2751 1091; x_wconf 91' lang='lat' dir='ltr'><strong>res</strong></span> <span class='ocrx_word' id='word_1_106' title='bbox 2783 1036 2987 1108; x_wconf 84' lang='lat' dir='ltr'><strong>possit,</strong></span> <span class='ocrx_word' id='word_1_107' title='bbox 3026 1036 3307 1093; x_wconf 81' lang='lat' dir='ltr'><strong>ofﬁciant.</strong></span> <span class='ocrx_word' id='word_1_108' title='bbox 3344 1036 3632 1101; x_wconf 81' lang='lat' dir='ltr'><strong>Quoniam</strong></span> 
     </span>
    </p>
   </div>
   <div class='ocr_carea' id='block_1_17' title="bbox 198 1121 1781 1200">
    <p class='ocr_par' dir='ltr' id='par_1_17' title="bbox 198 1121 1781 1200">
     <span class='ocr_line' id='line_1_17' title="bbox 198 1121 1781 1200; baseline -0.003 -19"><span class='ocrx_word' id='word_1_109' title='bbox 198 1126 408 1181; x_wconf 75' lang='grc' dir='ltr'>αὐτῶν</span> <span class='ocrx_word' id='word_1_110' title='bbox 457 1125 843 1200; x_wconf 81' lang='grc' dir='ltr'>καταλήψεως.</span> <span class='ocrx_word' id='word_1_111' title='bbox 893 1125 999 1183; x_wconf 85' lang='grc' dir='ltr'>Καὶ</span> <span class='ocrx_word' id='word_1_112' title='bbox 1046 1121 1232 1193; x_wconf 76' lang='grc' dir='ltr'>ἐπειδὴ</span> <span class='ocrx_word' id='word_1_113' title='bbox 1279 1126 1382 1194; x_wconf 80' lang='grc' dir='ltr'>τὴν</span> <span class='ocrx_word' id='word_1_114' title='bbox 1429 1124 1698 1196; x_wconf 69' lang='grc' dir='ltr'>ἡμετέραν</span> <span class='ocrx_word' id='word_1_115' title='bbox 1728 1123 1781 1196; x_wconf 69' lang='grc' dir='ltr'><strong>ἀι</strong></span> 
     </span>
    </p>
   </div>
   <div class='ocr_carea' id='block_1_18' title="bbox 2056 1121 3639 1200">
    <p class='ocr_par' dir='ltr' id='par_1_18' title="bbox 2056 1122 3639 1198">
     <span class='ocr_line' id='line_1_18' title="bbox 2056 1122 3639 1198; baseline 0.002 -21"><span class='ocrx_word' id='word_1_116' title='bbox 2056 1122 2503 1195; x_wconf 89' lang='lat' dir='ltr'><strong>itnrabingenio</strong></span> <span class='ocrx_word' id='word_1_117' title='bbox 2517 1128 2716 1181; x_wconf 89' lang='lat' dir='ltr'><strong>nostro</strong></span> <span class='ocrx_word' id='word_1_118' title='bbox 2731 1126 2864 1181; x_wconf 91' lang='lat' dir='ltr'><strong>rudi</strong></span> <span class='ocrx_word' id='word_1_119' title='bbox 2886 1125 3153 1197; x_wconf 81' lang='lat' dir='ltr'><strong>quamvis</strong></span> <span class='ocrx_word' id='word_1_120' title='bbox 3172 1129 3231 1182; x_wconf 90' lang='lat' dir='ltr'><strong>et</strong></span> <span class='ocrx_word' id='word_1_121' title='bbox 3252 1140 3456 1198; x_wconf 88' lang='lat' dir='ltr'><strong>parum</strong></span> <span class='ocrx_word' id='word_1_122' title='bbox 3479 1140 3639 1182; x_wconf 80' lang='lat' dir='ltr'><strong>exer-</strong></span> 
     </span>
    </p>
   </div>
   <div class='ocr_carea' id='block_1_19' title="bbox 198 1208 1781 1289">
    <p class='ocr_par' dir='ltr' id='par_1_19' title="bbox 198 1208 1781 1289">
     <span class='ocr_line' id='line_1_19' title="bbox 198 1208 1781 1289; baseline -0.002 -21"><span class='ocrx_word' id='word_1_123' title='bbox 198 1216 373 1270; x_wconf 78' lang='grc' dir='ltr'>θειαν</span> <span class='ocrx_word' id='word_1_124' title='bbox 438 1221 540 1284; x_wconf 79' lang='grc' dir='ltr'><strong>τῆς</strong></span> <span class='ocrx_word' id='word_1_125' title='bbox 609 1208 872 1289; x_wconf 75' lang='grc' dir='ltr'>ἀκριϐοῦς</span> <span class='ocrx_word' id='word_1_126' title='bbox 937 1212 1146 1269; x_wconf 69' lang='grc' dir='ltr'>τοότων</span> <span class='ocrx_word' id='word_1_127' title='bbox 1197 1211 1559 1285; x_wconf 81' lang='grc' dir='ltr'>καταλήψεως</span> <span class='ocrx_word' id='word_1_128' title='bbox 1606 1212 1707 1280; x_wconf 87' lang='grc' dir='ltr'><strong>τήν</strong></span> <span class='ocrx_word' id='word_1_129' title='bbox 1751 1232 1781 1265; x_wconf 91' lang='grc' dir='ltr'><strong>σ</strong></span> 
     </span>
    </p>
   </div>
   <div class='ocr_carea' id='block_1_20' title="bbox 2054 1208 3637 1289">
    <p class='ocr_par' dir='ltr' id='par_1_20' title="bbox 2054 1214 3637 1287">
     <span class='ocr_line' id='line_1_20' title="bbox 2054 1214 3637 1287; baseline 0.001 -18"><span class='ocrx_word' id='word_1_130' title='bbox 2054 1217 2163 1269; x_wconf 86' lang='lat' dir='ltr'><strong>tato</strong></span> <span class='ocrx_word' id='word_1_131' title='bbox 2193 1214 2571 1286; x_wconf 89' lang='lat' dir='ltr'><strong>scriptionem</strong></span> <span class='ocrx_word' id='word_1_132' title='bbox 2604 1214 2742 1271; x_wconf 86' lang='lat' dir='ltr'><strong>huic</strong></span> <span class='ocrx_word' id='word_1_133' title='bbox 2770 1217 2852 1271; x_wconf 85' lang='lat' dir='ltr'><strong>rei</strong></span> <span class='ocrx_word' id='word_1_134' title='bbox 2876 1214 3091 1272; x_wconf 89' lang='lat' dir='ltr'><strong>clarius</strong></span> <span class='ocrx_word' id='word_1_135' title='bbox 3113 1216 3498 1287; x_wconf 65' lang='lat' dir='ltr'><strong>intelligenda</strong></span> <span class='ocrx_word' id='word_1_136' title='bbox 3520 1216 3637 1272; x_wconf 88' lang='lat' dir='ltr'><strong>uti-</strong></span> 
     </span>
    </p>
   </div>
   <div class='ocr_carea' id='block_1_21' title="bbox 202 1298 1785 1380">
    <p class='ocr_par' dir='ltr' id='par_1_21' title="bbox 202 1298 1785 1380">
     <span class='ocr_line' id='line_1_21' title="bbox 202 1298 1785 1380; baseline -0.003 -21"><span class='ocrx_word' id='word_1_137' title='bbox 202 1305 446 1380; x_wconf 75' lang='grc' dir='ltr'>γραφῆν</span> <span class='ocrx_word' id='word_1_138' title='bbox 511 1302 859 1378; x_wconf 79' lang='grc' dir='ltr'>ἐξῃτήσασθε,</span> <span class='ocrx_word' id='word_1_139' title='bbox 909 1301 1033 1357; x_wconf 79' lang='grc' dir='ltr'>ὅσον</span> <span class='ocrx_word' id='word_1_140' title='bbox 1094 1306 1173 1373; x_wconf 83' lang='grc' dir='ltr'><strong>τῷ</strong></span> <span class='ocrx_word' id='word_1_141' title='bbox 1217 1305 1295 1373; x_wconf 78' lang='grc' dir='ltr'><strong>νῷ</strong></span> <span class='ocrx_word' id='word_1_142' title='bbox 1340 1298 1616 1375; x_wconf 81' lang='grc' dir='ltr'>ἀμυδρῶς·</span> <span class='ocrx_word' id='word_1_143' title='bbox 1661 1298 1720 1355; x_wconf 72' lang='grc' dir='ltr'>ἐκ</span> <span class='ocrx_word' id='word_1_144' title='bbox 1775 1321 1785 1337; x_wconf 75' lang='grc' dir='ltr'><strong>ι</strong></span> 
     </span>
    </p>
   </div>
   <div class='ocr_carea' id='block_1_22' title="bbox 2055 1298 3638 1380">
    <p class='ocr_par' dir='ltr' id='par_1_22' title="bbox 2055 1302 3638 1377">
     <span class='ocr_line' id='line_1_22' title="bbox 2055 1302 3638 1377; baseline 0.003 -21"><span class='ocrx_word' id='word_1_145' title='bbox 2055 1318 2102 1357; x_wconf 87' lang='lat' dir='ltr'><strong>m</strong></span> <span class='ocrx_word' id='word_1_146' title='bbox 2136 1302 2463 1372; x_wconf 74' lang='lat' dir='ltr'><strong>ﬂagitastis,</strong></span> <span class='ocrx_word' id='word_1_147' title='bbox 2493 1304 2790 1360; x_wconf 88' lang='lat' dir='ltr'><strong>voluimus</strong></span> <span class='ocrx_word' id='word_1_148' title='bbox 2821 1305 2929 1362; x_wconf 88' lang='lat' dir='ltr'><strong>hoc</strong></span> <span class='ocrx_word' id='word_1_149' title='bbox 2959 1306 3237 1377; x_wconf 89' lang='lat' dir='ltr'><strong>opusculo</strong></span> <span class='ocrx_word' id='word_1_150' title='bbox 3262 1311 3546 1377; x_wconf 87' lang='lat' dir='ltr'><strong>quantum</strong></span> <span class='ocrx_word' id='word_1_151' title='bbox 3569 1321 3638 1361; x_wconf 79' lang='lat' dir='ltr'><strong>ex</strong></span> 
     </span>
    </p>
   </div>
   <div class='ocr_carea' id='block_1_23' title="bbox 203 1389 1786 1467">
    <p class='ocr_par' dir='ltr' id='par_1_23' title="bbox 203 1389 1786 1467">
     <span class='ocr_line' id='line_1_23' title="bbox 203 1389 1786 1467; baseline -0.003 -19"><span class='ocrx_word' id='word_1_152' title='bbox 203 1392 425 1464; x_wconf 83' lang='grc' dir='ltr'>πρώην</span> <span class='ocrx_word' id='word_1_153' title='bbox 472 1391 796 1467; x_wconf 65' lang='grc' dir='ltr'>ἐγκειμένων</span> <span class='ocrx_word' id='word_1_154' title='bbox 843 1394 953 1464; x_wconf 85' lang='grc'><strong>(13)</strong></span> <span class='ocrx_word' id='word_1_155' title='bbox 1000 1390 1091 1446; x_wconf 87' lang='grc' dir='ltr'>καὶ</span> <span class='ocrx_word' id='word_1_156' title='bbox 1152 1391 1242 1445; x_wconf 81' lang='grc' dir='ltr'>νῦν</span> <span class='ocrx_word' id='word_1_157' title='bbox 1290 1389 1681 1465; x_wconf 78' lang='grc' dir='ltr'><strong>πραττομένων</strong></span> <span class='ocrx_word' id='word_1_158' title='bbox 1729 1410 1786 1444; x_wconf 92' lang='grc' dir='ltr'><strong>πε</strong></span> 
     </span>
    </p>
   </div>
   <div class='ocr_carea' id='block_1_24' title="bbox 2054 1389 3637 1467">
    <p class='ocr_par' dir='ltr' id='par_1_24' title="bbox 2054 1391 3637 1465">
     <span class='ocr_line' id='line_1_24' title="bbox 2054 1391 3637 1465; baseline 0.004 -20"><span class='ocrx_word' id='word_1_159' title='bbox 2054 1391 2255 1447; x_wconf 73' lang='grc' dir='ltr'>ιεοιιτίε</span> <span class='ocrx_word' id='word_1_160' title='bbox 2284 1392 2539 1465; x_wconf 88' lang='lat' dir='ltr'><strong>vestigiis</strong></span> <span class='ocrx_word' id='word_1_161' title='bbox 2566 1397 2830 1450; x_wconf 84' lang='lat' dir='ltr'><strong>veterum</strong></span> <span class='ocrx_word' id='word_1_162' title='bbox 2862 1394 3239 1451; x_wconf 87' lang='lat' dir='ltr'><strong>traditionum</strong></span> <span class='ocrx_word' id='word_1_163' title='bbox 3257 1393 3469 1452; x_wconf 88' lang='lat' dir='ltr'><strong>litteris</strong></span> <span class='ocrx_word' id='word_1_164' title='bbox 3493 1410 3637 1452; x_wconf 88' lang='lat' dir='ltr'><strong>con-</strong></span> 
     </span>
    </p>
   </div>
   <div class='ocr_carea' id='block_1_25' title="bbox 206 1477 1789 1558">
    <p class='ocr_par' dir='ltr' id='par_1_25' title="bbox 206 1477 1789 1558">
     <span class='ocr_line' id='line_1_25' title="bbox 206 1477 1789 1558; baseline -0.003 -20"><span class='ocrx_word' id='word_1_165' title='bbox 206 1477 422 1538; x_wconf 77' lang='grc' dir='ltr'>λαϐεῖν</span> <span class='ocrx_word' id='word_1_166' title='bbox 484 1480 865 1553; x_wconf 77' lang='grc' dir='ltr'>ἠδυνήθημεν,</span> <span class='ocrx_word' id='word_1_167' title='bbox 909 1485 981 1555; x_wconf 76' lang='grc' dir='ltr'><strong>τῇ</strong></span> <span class='ocrx_word' id='word_1_168' title='bbox 1061 1480 1294 1555; x_wconf 79' lang='grc' dir='ltr'>ὑμετέρᾳ</span> <span class='ocrx_word' id='word_1_169' title='bbox 1362 1480 1522 1557; x_wconf 78' lang='grc' dir='ltr'>φιλίᾳ</span> <span class='ocrx_word' id='word_1_170' title='bbox 1580 1499 1789 1558; x_wconf 66' lang='grc' dir='ltr'>περιφαε</span> 
     </span>
    </p>
   </div>
   <div class='ocr_carea' id='block_1_26' title="bbox 2056 1477 3639 1558">
    <p class='ocr_par' dir='ltr' id='par_1_26' title="bbox 2056 1481 3639 1557">
     <span class='ocr_line' id='line_1_26' title="bbox 2056 1481 3639 1557; baseline 0.001 -18"><span class='ocrx_word' id='word_1_171' title='bbox 2056 1485 2353 1539; x_wconf 71' lang='lat' dir='ltr'><strong>zuatarum</strong></span> <span class='ocrx_word' id='word_1_172' title='bbox 2377 1489 2435 1538; x_wconf 90' lang='lat' dir='ltr'><strong>et</strong></span> <span class='ocrx_word' id='word_1_173' title='bbox 2454 1481 2870 1539; x_wconf 89' lang='lat' dir='ltr'><strong>hodiernarum</strong></span> <span class='ocrx_word' id='word_1_174' title='bbox 2894 1485 3385 1540; x_wconf 86' lang='lat' dir='ltr'><strong>consuetudinum</strong></span> <span class='ocrx_word' id='word_1_175' title='bbox 3404 1484 3639 1557; x_wconf 84' lang='lat' dir='ltr'><strong>assequi</strong></span> 
     </span>
    </p>
   </div>
   <div class='ocr_carea' id='block_1_27' title="bbox 208 1567 1791 1647">
    <p class='ocr_par' dir='ltr' id='par_1_27' title="bbox 208 1567 1791 1647">
     <span class='ocr_line' id='line_1_27' title="bbox 208 1567 1791 1647; baseline -0.003 -19"><span class='ocrx_word' id='word_1_176' title='bbox 208 1569 568 1646; x_wconf 71' lang='grc' dir='ltr'>ἔκτιθὲμεθα.</span> <span class='ocrx_word' id='word_1_177' title='bbox 618 1569 834 1629; x_wconf 79' lang='grc' dir='ltr'>Εἰδέναι</span> <span class='ocrx_word' id='word_1_178' title='bbox 886 1572 992 1646; x_wconf 78' lang='grc' dir='ltr'>γὰρ</span> <span class='ocrx_word' id='word_1_179' title='bbox 1043 1571 1184 1644; x_wconf 81' lang='grc' dir='ltr'>ὑμᾶς</span> <span class='ocrx_word' id='word_1_180' title='bbox 1240 1568 1576 1644; x_wconf 74' lang='grc' dir='ltr'><strong>βουλόμεθα,</strong></span> <span class='ocrx_word' id='word_1_181' title='bbox 1623 1568 1670 1623; x_wconf 84' lang='grc' dir='ltr'><em>ὦ</em></span> <span class='ocrx_word' id='word_1_182' title='bbox 1709 1567 1791 1647; x_wconf 79' lang='grc' dir='ltr'>φί)</span> 
     </span>
    </p>
   </div>
   <div class='ocr_carea' id='block_1_28' title="bbox 2091 1567 3674 1647">
    <p class='ocr_par' dir='ltr' id='par_1_28' title="bbox 2091 1569 3674 1644">
     <span class='ocr_line' id='line_1_28' title="bbox 2091 1569 3674 1644; baseline 0.006 -22"><span class='ocrx_word' id='word_1_183' title='bbox 2091 1569 2317 1638; x_wconf 86' lang='lat' dir='ltr'><strong>.uimus,</strong></span> <span class='ocrx_word' id='word_1_184' title='bbox 2348 1574 2548 1626; x_wconf 61' lang='lat' dir='ltr'><strong>vestras</strong></span> <span class='ocrx_word' id='word_1_185' title='bbox 2580 1572 2849 1628; x_wconf 81' lang='lat' dir='ltr'><strong>cbaritati</strong></span> <span class='ocrx_word' id='word_1_186' title='bbox 2879 1588 3183 1644; x_wconf 84' lang='lat' dir='ltr'><strong>exponere.</strong></span> <span class='ocrx_word' id='word_1_187' title='bbox 3218 1574 3281 1630; x_wconf 91' lang='lat' dir='ltr'><strong>In</strong></span> <span class='ocrx_word' id='word_1_188' title='bbox 3303 1573 3639 1631; x_wconf 87' lang='lat' dir='ltr'><strong>universum</strong></span> <span class='ocrx_word' id='word_1_189' title='bbox 3670 1638 3674 1643; x_wconf 42' lang='grc'><strong>,</strong></span> 
     </span>
    </p>
   </div>
   <div class='ocr_carea' id='block_1_29' title="bbox 210 1653 1793 1735">
    <p class='ocr_par' dir='ltr' id='par_1_29' title="bbox 210 1653 1793 1735">
     <span class='ocr_line' id='line_1_29' title="bbox 210 1653 1793 1735; baseline -0.004 -19"><span class='ocrx_word' id='word_1_190' title='bbox 210 1659 309 1717; x_wconf 73' lang='grc' dir='ltr'><strong>ὅτι</strong></span> <span class='ocrx_word' id='word_1_191' title='bbox 357 1666 505 1716; x_wconf 81' lang='grc' dir='ltr'>πᾶσα</span> <span class='ocrx_word' id='word_1_192' title='bbox 559 1661 653 1734; x_wconf 76' lang='grc' dir='ltr'>μὲν</span> <span class='ocrx_word' id='word_1_193' title='bbox 701 1678 915 1735; x_wconf 78' lang='grc' dir='ltr'>τεχΑων</span> <span class='ocrx_word' id='word_1_194' title='bbox 968 1657 1250 1730; x_wconf 73' lang='grc' dir='ltr'>ἒπιστήμη</span> <span class='ocrx_word' id='word_1_195' title='bbox 1302 1659 1439 1733; x_wconf 88' lang='grc' dir='ltr'>πρός</span> <span class='ocrx_word' id='word_1_196' title='bbox 1483 1677 1534 1711; x_wconf 91' lang='grc' dir='ltr'><strong>τι</strong></span> <span class='ocrx_word' id='word_1_197' title='bbox 1580 1653 1793 1732; x_wconf 72' lang='grc' dir='ltr'>εὕχρησ</span> 
     </span>
    </p>
   </div>
   <div class='ocr_carea' id='block_1_30' title="bbox 2057 1653 3640 1735">
    <p class='ocr_par' dir='ltr' id='par_1_30' title="bbox 2085 1658 3640 1733">
     <span class='ocr_line' id='line_1_30' title="bbox 2085 1658 3640 1733; baseline 0.003 -19"><span class='ocrx_word' id='word_1_198' title='bbox 2085 1673 2120 1714; x_wconf 89' lang='lat' dir='ltr'><strong>a</strong></span> <span class='ocrx_word' id='word_1_199' title='bbox 2145 1658 2309 1715; x_wconf 90' lang='lat' dir='ltr'><strong>vobis</strong></span> <span class='ocrx_word' id='word_1_200' title='bbox 2340 1659 2520 1716; x_wconf 86' lang='lat' dir='ltr'><strong>teneri</strong></span> <span class='ocrx_word' id='word_1_201' title='bbox 2552 1659 2749 1729; x_wconf 77' lang='lat' dir='ltr'><strong>velim,</strong></span> <span class='ocrx_word' id='word_1_202' title='bbox 2774 1666 2841 1717; x_wconf 93' lang='lat' dir='ltr'><strong>ut</strong></span> <span class='ocrx_word' id='word_1_203' title='bbox 2863 1662 3127 1718; x_wconf 88' lang='lat' dir='ltr'><strong>omnium</strong></span> <span class='ocrx_word' id='word_1_204' title='bbox 3151 1662 3368 1718; x_wconf 82' lang='lat' dir='ltr'><strong>artium</strong></span> <span class='ocrx_word' id='word_1_205' title='bbox 3390 1663 3640 1733; x_wconf 82' lang='lat' dir='ltr'><strong>cognitio</strong></span> 
     </span>
    </p>
   </div>
   <div class='ocr_carea' id='block_1_31' title="bbox 207 1744 1790 1824">
    <p class='ocr_par' dir='ltr' id='par_1_31' title="bbox 207 1744 1790 1824">
     <span class='ocr_line' id='line_1_31' title="bbox 207 1744 1790 1824; baseline -0.004 -18"><span class='ocrx_word' id='word_1_206' title='bbox 207 1749 387 1813; x_wconf 72' lang='grc' dir='ltr'>τέλος</span> <span class='ocrx_word' id='word_1_207' title='bbox 436 1754 545 1806; x_wconf 89' lang='grc' dir='ltr'><strong>τῶν</strong></span> <span class='ocrx_word' id='word_1_208' title='bbox 590 1748 644 1805; x_wconf 71' lang='grc' dir='ltr'>ἐν</span> <span class='ocrx_word' id='word_1_209' title='bbox 691 1753 772 1822; x_wconf 78' lang='grc' dir='ltr'><strong>τῷ</strong></span> <span class='ocrx_word' id='word_1_210' title='bbox 823 1750 931 1824; x_wconf 85' lang='grc' dir='ltr'>βίῳ</span> <span class='ocrx_word' id='word_1_211' title='bbox 984 1749 1327 1818; x_wconf 73' lang='grc' dir='ltr'>συνέστηκεν.</span> <span class='ocrx_word' id='word_1_212' title='bbox 1367 1748 1431 1803; x_wconf 84' lang='grc' dir='ltr'><strong><em>Ἦ</em></strong></span> <span class='ocrx_word' id='word_1_213' title='bbox 1480 1744 1538 1802; x_wconf 72' lang='grc' dir='ltr'>δὲ</span> <span class='ocrx_word' id='word_1_214' title='bbox 1582 1749 1690 1801; x_wconf 90' lang='grc' dir='ltr'><strong>τῶν</strong></span> <span class='ocrx_word' id='word_1_215' title='bbox 1735 1746 1790 1819; x_wconf 68' lang='grc' dir='ltr'><strong>ἀρ</strong></span> 
     </span>
    </p>
   </div>
   <div class='ocr_carea' id='block_1_32' title="bbox 2058 1744 3641 1824">
    <p class='ocr_par' dir='ltr' id='par_1_32' title="bbox 2058 1748 3641 1823">
     <span class='ocr_line' id='line_1_32' title="bbox 2058 1748 3641 1823; baseline 0.004 -20"><span class='ocrx_word' id='word_1_216' title='bbox 2058 1752 2063 1803; x_wconf 62' lang='grc' dir='ltr'><strong>ι</strong></span> <span class='ocrx_word' id='word_1_217' title='bbox 2094 1748 2271 1804; x_wconf 80' lang='lat' dir='ltr'><strong>linem</strong></span> <span class='ocrx_word' id='word_1_218' title='bbox 2301 1748 2555 1821; x_wconf 78' lang='lat' dir='ltr'><strong>aliquem</strong></span> <span class='ocrx_word' id='word_1_219' title='bbox 2589 1765 2727 1807; x_wconf 90' lang='lat' dir='ltr'><strong>usus</strong></span> <span class='ocrx_word' id='word_1_220' title='bbox 2757 1752 2844 1808; x_wconf 84' lang='lat' dir='ltr'><strong>sui</strong></span> <span class='ocrx_word' id='word_1_221' title='bbox 2874 1752 2935 1807; x_wconf 90' lang='lat' dir='ltr'><strong>in</strong></span> <span class='ocrx_word' id='word_1_222' title='bbox 2966 1752 3340 1823; x_wconf 80' lang='lat' dir='ltr'><strong>quotidianae</strong></span> <span class='ocrx_word' id='word_1_223' title='bbox 3369 1752 3641 1810; x_wconf 69' lang='lat' dir='ltr'><strong>humana</strong></span> 
     </span>
    </p>
   </div>
   <div class='ocr_carea' id='block_1_33' title="bbox 210 1833 1793 1933">
    <p class='ocr_par' dir='ltr' id='par_1_33' title="bbox 210 1833 1793 1912">
     <span class='ocr_line' id='line_1_33' title="bbox 210 1833 1793 1912; baseline -0.003 -17"><span class='ocrx_word' id='word_1_224' title='bbox 210 1839 434 1896; x_wconf 84' lang='grc' dir='ltr'>κλινῶν</span> <span class='ocrx_word' id='word_1_225' title='bbox 487 1839 766 1912; x_wconf 74' lang='grc' dir='ltr'><strong>ἐπιστήμη</strong></span> <span class='ocrx_word' id='word_1_226' title='bbox 834 1837 889 1893; x_wconf 73' lang='grc' dir='ltr'>ἑν</span> <span class='ocrx_word' id='word_1_227' title='bbox 938 1834 1118 1893; x_wconf 81' lang='grc' dir='ltr'>οὐδενὶ</span> <span class='ocrx_word' id='word_1_228' title='bbox 1168 1835 1329 1909; x_wconf 76' lang='grc' dir='ltr'>ἄλλῳ</span> <span class='ocrx_word' id='word_1_229' title='bbox 1379 1837 1426 1872; x_wconf 86' lang='grc'><strong>⁷⁴</strong></span> <span class='ocrx_word' id='word_1_230' title='bbox 1468 1837 1532 1891; x_wconf 88' lang='grc' dir='ltr'>τὸ</span> <span class='ocrx_word' id='word_1_231' title='bbox 1579 1833 1793 1911; x_wconf 73' lang='grc' dir='ltr'>εὗχρησ</span> 
     </span>
    </p>
   </div>
   <div class='ocr_carea' id='block_1_34' title="bbox 2060 1833 3643 1933">
    <p class='ocr_par' dir='ltr' id='par_1_34' title="bbox 2060 1838 3643 1915">
     <span class='ocr_line' id='line_1_34' title="bbox 2060 1838 3643 1915; baseline 0.003 -22"><span class='ocrx_word' id='word_1_232' title='bbox 2060 1843 2124 1893; x_wconf 72' lang='grc' dir='ltr'><strong>ιω</strong></span> <span class='ocrx_word' id='word_1_233' title='bbox 2156 1853 2246 1893; x_wconf 87' lang='lat' dir='ltr'><strong>res</strong></span> <span class='ocrx_word' id='word_1_234' title='bbox 2275 1838 2674 1910; x_wconf 89' lang='lat' dir='ltr'><strong>implicantem</strong></span> <span class='ocrx_word' id='word_1_235' title='bbox 2706 1841 2912 1908; x_wconf 84' lang='lat' dir='ltr'><strong>tendit,</strong></span> <span class='ocrx_word' id='word_1_236' title='bbox 2945 1842 3095 1897; x_wconf 70' lang='lat'><strong>407</strong></span> <span class='ocrx_word' id='word_1_237' title='bbox 3130 1842 3209 1897; x_wconf 86' lang='lat' dir='ltr'><strong>ita</strong></span> <span class='ocrx_word' id='word_1_238' title='bbox 3238 1858 3470 1915; x_wconf 88' lang='lat' dir='ltr'><strong>quoque</strong></span> <span class='ocrx_word' id='word_1_239' title='bbox 3502 1840 3643 1898; x_wconf 88' lang='lat' dir='ltr'><strong>arti-</strong></span> 
     </span>
    </p>
   </div>
   <div class='ocr_carea' id='block_1_35' title="bbox 213 1925 1796 2001">
    <p class='ocr_par' dir='ltr' id='par_1_35' title="bbox 213 1925 1796 1999">
     <span class='ocr_line' id='line_1_35' title="bbox 213 1925 1796 1999; baseline -0.003 -14"><span class='ocrx_word' id='word_1_240' title='bbox 213 1926 521 1997; x_wconf 85' lang='grc' dir='ltr'>δείκνυσιν,</span> <span class='ocrx_word' id='word_1_241' title='bbox 555 1927 681 1984; x_wconf 89' lang='grc' dir='ltr'>ἀλλ’</span> <span class='ocrx_word' id='word_1_242' title='bbox 727 1928 764 1996; x_wconf 80' lang='grc' dir='ltr'><strong>ἢ</strong></span> <span class='ocrx_word' id='word_1_243' title='bbox 812 1926 866 1982; x_wconf 80' lang='grc' dir='ltr'>ἐν</span> <span class='ocrx_word' id='word_1_244' title='bbox 895 1930 976 1997; x_wconf 81' lang='grc' dir='ltr'><strong>τῶ</strong></span> <span class='ocrx_word' id='word_1_245' title='bbox 1022 1926 1165 1999; x_wconf 83' lang='grc' dir='ltr'>τάξει</span> <span class='ocrx_word' id='word_1_246' title='bbox 1214 1926 1305 1981; x_wconf 84' lang='grc' dir='ltr'><strong>καὶ</strong></span> <span class='ocrx_word' id='word_1_247' title='bbox 1334 1925 1579 1981; x_wconf 83' lang='grc' dir='ltr'><strong>συστάσει</strong></span> <span class='ocrx_word' id='word_1_248' title='bbox 1609 1926 1699 1981; x_wconf 88' lang='grc' dir='ltr'><strong>καὶ</strong></span> <span class='ocrx_word' id='word_1_249' title='bbox 1730 1926 1796 1981; x_wconf 88' lang='grc' dir='ltr'><strong>ἀκ</strong></span> 
     </span>
    </p>
   </div>
   <div class='ocr_carea' id='block_1_36' title="bbox 2061 1925 3644 2001">
    <p class='ocr_par' dir='ltr' id='par_1_36' title="bbox 2061 1927 3644 2000">
     <span class='ocr_line' id='line_1_36' title="bbox 2061 1927 3644 2000; baseline 0.004 -20"><span class='ocrx_word' id='word_1_250' title='bbox 2061 1927 2280 1982; x_wconf 88' lang='lat' dir='ltr'><strong>inorum</strong></span> <span class='ocrx_word' id='word_1_251' title='bbox 2328 1927 2635 1986; x_wconf 89' lang='lat' dir='ltr'><strong>scientiam</strong></span> <span class='ocrx_word' id='word_1_252' title='bbox 2680 1930 2855 1986; x_wconf 81' lang='lat' dir='ltr'><strong>finem</strong></span> <span class='ocrx_word' id='word_1_253' title='bbox 2900 1929 3113 1987; x_wconf 88' lang='lat' dir='ltr'><strong>habere</strong></span> <span class='ocrx_word' id='word_1_254' title='bbox 3149 1947 3349 2000; x_wconf 90' lang='lat' dir='ltr'><strong>suum,</strong></span> <span class='ocrx_word' id='word_1_255' title='bbox 3386 1930 3529 1988; x_wconf 89' lang='lat' dir='ltr'><strong>etin</strong></span> <span class='ocrx_word' id='word_1_256' title='bbox 3576 1946 3644 1986; x_wconf 91' lang='lat' dir='ltr'><strong>eo</strong></span> 
     </span>
    </p>
   </div>
   <div class='ocr_carea' id='block_1_37' title="bbox 214 2012 1797 2092">
    <p class='ocr_par' dir='ltr' id='par_1_37' title="bbox 214 2012 1794 2092">
     <span class='ocr_line' id='line_1_37' title="bbox 214 2012 1794 2092; baseline -0.002 -21"><span class='ocrx_word' id='word_1_257' title='bbox 214 2012 313 2072; x_wconf 71' lang='grc' dir='ltr'><strong>δεῖ</strong></span> <span class='ocrx_word' id='word_1_258' title='bbox 360 2014 597 2071; x_wconf 67' lang='grc' dir='ltr'>διαθέσει</span> <span class='ocrx_word' id='word_1_259' title='bbox 639 2016 735 2078; x_wconf 72' lang='grc' dir='ltr'><strong>τὰς</strong></span> <span class='ocrx_word' id='word_1_260' title='bbox 798 2020 907 2071; x_wconf 90' lang='grc' dir='ltr'><strong>τῶν</strong></span> <span class='ocrx_word' id='word_1_261' title='bbox 952 2014 1279 2088; x_wconf 75' lang='grc' dir='ltr'>ἀξιωμάτων</span> <span class='ocrx_word' id='word_1_262' title='bbox 1334 2012 1593 2092; x_wconf 77' lang='grc' dir='ltr'>διαφορὰς</span> <span class='ocrx_word' id='word_1_263' title='bbox 1643 2012 1794 2069; x_wconf 89' lang='grc' dir='ltr'>διαστ</span> 
     </span>
    </p>
   </div>
   <div class='ocr_carea' id='block_1_38' title="bbox 2063 2012 3646 2092">
    <p class='ocr_par' dir='ltr' id='par_1_38' title="bbox 2063 2016 3646 2092">
     <span class='ocr_line' id='line_1_38' title="bbox 2063 2016 3646 2092; baseline 0.003 -23"><span class='ocrx_word' id='word_1_264' title='bbox 2063 2016 2249 2071; x_wconf 78' lang='lat' dir='ltr'><strong>exime</strong></span> <span class='ocrx_word' id='word_1_265' title='bbox 2278 2016 2369 2072; x_wconf 90' lang='lat' dir='ltr'><strong>sui</strong></span> <span class='ocrx_word' id='word_1_266' title='bbox 2402 2018 2539 2072; x_wconf 88' lang='lat' dir='ltr'><strong>dare</strong></span> <span class='ocrx_word' id='word_1_267' title='bbox 2570 2034 2747 2073; x_wconf 88' lang='lat' dir='ltr'><strong>usum</strong></span> <span class='ocrx_word' id='word_1_268' title='bbox 2778 2023 2954 2091; x_wconf 89' lang='lat' dir='ltr'><strong>atque</strong></span> <span class='ocrx_word' id='word_1_269' title='bbox 2987 2019 3337 2091; x_wconf 81' lang='lat' dir='ltr'><strong>exemplum,</strong></span> <span class='ocrx_word' id='word_1_270' title='bbox 3371 2020 3526 2092; x_wconf 90' lang='lat' dir='ltr'><strong>quod</strong></span> <span class='ocrx_word' id='word_1_271' title='bbox 3548 2035 3646 2074; x_wconf 87' lang='lat' dir='ltr'><strong>ac-</strong></span> 
     </span>
    </p>
   </div>
   <div class='ocr_carea' id='block_1_39' title="bbox 216 2100 1799 2183">
    <p class='ocr_par' dir='ltr' id='par_1_39' title="bbox 216 2101 1799 2183">
     <span class='ocr_line' id='line_1_39' title="bbox 216 2101 1799 2183; baseline -0.004 -22"><span class='ocrx_word' id='word_1_272' title='bbox 216 2103 343 2162; x_wconf 90' lang='grc' dir='ltr'>λειν</span> <span class='ocrx_word' id='word_1_273' title='bbox 392 2108 455 2160; x_wconf 82' lang='grc'><strong>⁷⁸.</strong></span> <span class='ocrx_word' id='word_1_274' title='bbox 509 2106 603 2160; x_wconf 80' lang='grc' dir='ltr'>Καὶ</span> <span class='ocrx_word' id='word_1_275' title='bbox 651 2106 757 2179; x_wconf 67' lang='grc' dir='ltr'><strong>γὰρ</strong></span> <span class='ocrx_word' id='word_1_276' title='bbox 806 2110 951 2160; x_wconf 75' lang='grc' dir='ltr'>πᾶσα</span> <span class='ocrx_word' id='word_1_277' title='bbox 1022 2105 1339 2183; x_wconf 76' lang='grc' dir='ltr'>περιφάνεια</span> <span class='ocrx_word' id='word_1_278' title='bbox 1414 2104 1535 2178; x_wconf 90' lang='grc' dir='ltr'>βίου</span> <span class='ocrx_word' id='word_1_279' title='bbox 1582 2104 1618 2173; x_wconf 77' lang='grc' dir='ltr'><strong>ἢ</strong></span> <span class='ocrx_word' id='word_1_280' title='bbox 1671 2101 1799 2158; x_wconf 53' lang='grc' dir='ltr'>ἔνδοη</span> 
     </span>
    </p>
   </div>
   <div class='ocr_carea' id='block_1_40' title="bbox 2063 2100 3646 2183">
    <p class='ocr_par' dir='ltr' id='par_1_40' title="bbox 2063 2100 3646 2179">
     <span class='ocr_line' id='line_1_40' title="bbox 2063 2100 3646 2179; baseline 0.003 -21"><span class='ocrx_word' id='word_1_281' title='bbox 2063 2104 2296 2159; x_wconf 71' lang='grc' dir='ltr'>ιιιιιιὶοηθ</span> <span class='ocrx_word' id='word_1_282' title='bbox 2317 2106 2514 2161; x_wconf 87' lang='lat' dir='ltr'><strong>stricta</strong></span> <span class='ocrx_word' id='word_1_283' title='bbox 2536 2106 2854 2179; x_wconf 80' lang='lat' dir='ltr'><strong>dignitates</strong></span> <span class='ocrx_word' id='word_1_284' title='bbox 2874 2107 3019 2163; x_wconf 74' lang='lat' dir='ltr'><strong>aulaa</strong></span> <span class='ocrx_word' id='word_1_285' title='bbox 3041 2107 3301 2164; x_wconf 85' lang='lat' dir='ltr'><strong>diversas</strong></span> <span class='ocrx_word' id='word_1_286' title='bbox 3314 2125 3421 2165; x_wconf 91' lang='lat' dir='ltr'><strong>suo</strong></span> <span class='ocrx_word' id='word_1_287' title='bbox 3433 2100 3646 2179; x_wconf 65' lang='lat' dir='ltr'><strong>quani-</strong></span> 
     </span>
    </p>
   </div>
   <div class='ocr_carea' id='block_1_41' title="bbox 215 2192 1798 2269">
    <p class='ocr_par' dir='ltr' id='par_1_41' title="bbox 215 2192 1739 2269">
     <span class='ocr_line' id='line_1_41' title="bbox 215 2192 1739 2269; baseline -0.002 -19"><span class='ocrx_word' id='word_1_288' title='bbox 215 2194 558 2269; x_wconf 80' lang='grc' dir='ltr'>ἀξιωμάτων</span> <span class='ocrx_word' id='word_1_289' title='bbox 625 2194 748 2265; x_wconf 80' lang='grc' dir='ltr'>ἀξία</span> <span class='ocrx_word' id='word_1_290' title='bbox 807 2193 862 2248; x_wconf 79' lang='grc' dir='ltr'>ἐν</span> <span class='ocrx_word' id='word_1_291' title='bbox 931 2192 1111 2249; x_wconf 78' lang='grc' dir='ltr'>οὐδενί</span> <span class='ocrx_word' id='word_1_292' title='bbox 1154 2192 1316 2266; x_wconf 76' lang='grc' dir='ltr'>ἄλλῳ</span> <span class='ocrx_word' id='word_1_293' title='bbox 1361 2198 1478 2256; x_wconf 91' lang='grc' dir='ltr'>τοῖς</span> <span class='ocrx_word' id='word_1_294' title='bbox 1541 2193 1739 2267; x_wconf 78' lang='grc' dir='ltr'>ὁρῶσιν</span> 
     </span>
    </p>
   </div>
   <div class='ocr_carea' id='block_1_42' title="bbox 2063 2192 3646 2269">
    <p class='ocr_par' dir='ltr' id='par_1_42' title="bbox 2063 2194 3646 2269">
     <span class='ocr_line' id='line_1_42' title="bbox 2063 2194 3646 2269; baseline 0.004 -23"><span class='ocrx_word' id='word_1_295' title='bbox 2063 2208 2114 2247; x_wconf 80' lang='grc' dir='ltr'><strong>ιο</strong></span> <span class='ocrx_word' id='word_1_296' title='bbox 2144 2194 2364 2261; x_wconf 86' lang='lat' dir='ltr'><strong>ordine,</strong></span> <span class='ocrx_word' id='word_1_297' title='bbox 2397 2210 2636 2267; x_wconf 90' lang='lat' dir='ltr'><strong>corpore</strong></span> <span class='ocrx_word' id='word_1_298' title='bbox 2659 2195 2858 2252; x_wconf 91' lang='lat' dir='ltr'><strong>etloco</strong></span> <span class='ocrx_word' id='word_1_299' title='bbox 2880 2196 3432 2269; x_wconf 86' lang='lat' dir='ltr'><strong>dispescit.lllustris</strong></span> <span class='ocrx_word' id='word_1_300' title='bbox 3453 2197 3646 2253; x_wconf 86' lang='lat' dir='ltr'><strong>omnis</strong></span> 
     </span>
    </p>
   </div>
   <div class='ocr_carea' id='block_1_43' title="bbox 220 2280 1803 2358">
    <p class='ocr_par' dir='ltr' id='par_1_43' title="bbox 220 2280 1803 2358">
     <span class='ocr_line' id='line_1_43' title="bbox 220 2280 1803 2358; baseline -0.001 -19"><span class='ocrx_word' id='word_1_301' title='bbox 220 2282 531 2352; x_wconf 71' lang='grc' dir='ltr'>δείκνυται,</span> <span class='ocrx_word' id='word_1_302' title='bbox 584 2283 713 2339; x_wconf 73' lang='grc' dir='ltr'>ἀλλ’</span> <span class='ocrx_word' id='word_1_303' title='bbox 775 2284 811 2352; x_wconf 77' lang='grc' dir='ltr'><strong>ἢ</strong></span> <span class='ocrx_word' id='word_1_304' title='bbox 881 2282 935 2338; x_wconf 68' lang='grc' dir='ltr'>ἄν</span> <span class='ocrx_word' id='word_1_305' title='bbox 984 2287 1055 2357; x_wconf 76' lang='grc' dir='ltr'><strong>τῇ</strong></span> <span class='ocrx_word' id='word_1_306' title='bbox 1104 2282 1301 2353; x_wconf 81' lang='grc' dir='ltr'>κλήσει</span> <span class='ocrx_word' id='word_1_307' title='bbox 1347 2289 1448 2352; x_wconf 77' lang='grc' dir='ltr'>τῆς</span> <span class='ocrx_word' id='word_1_308' title='bbox 1498 2280 1803 2358; x_wconf 78' lang='grc' dir='ltr'>προκαθεδρ</span> 
     </span>
    </p>
   </div>
   <div class='ocr_carea' id='block_1_44' title="bbox 2065 2280 3648 2358">
    <p class='ocr_par' dir='ltr' id='par_1_44' title="bbox 2065 2284 3648 2357">
     <span class='ocr_line' id='line_1_44' title="bbox 2065 2284 3648 2357; baseline 0.003 -20"><span class='ocrx_word' id='word_1_309' title='bbox 2065 2288 2117 2337; x_wconf 86' lang='lat' dir='ltr'><strong>ta</strong></span> <span class='ocrx_word' id='word_1_310' title='bbox 2155 2298 2487 2356; x_wconf 90' lang='lat' dir='ltr'><strong>munusque</strong></span> <span class='ocrx_word' id='word_1_311' title='bbox 2524 2300 2695 2340; x_wconf 92' lang='lat' dir='ltr'><strong>omne</strong></span> <span class='ocrx_word' id='word_1_312' title='bbox 2740 2284 2933 2353; x_wconf 66' lang='lat' dir='ltr'><strong>gloria</strong></span> <span class='ocrx_word' id='word_1_313' title='bbox 2984 2286 3222 2357; x_wconf 90' lang='lat' dir='ltr'><strong>plenum</strong></span> <span class='ocrx_word' id='word_1_314' title='bbox 3269 2286 3332 2341; x_wconf 91' lang='lat' dir='ltr'><strong>in</strong></span> <span class='ocrx_word' id='word_1_315' title='bbox 3380 2285 3541 2341; x_wconf 89' lang='lat' dir='ltr'><strong>nulla</strong></span> <span class='ocrx_word' id='word_1_316' title='bbox 3588 2301 3648 2341; x_wconf 89' lang='lat' dir='ltr'><strong>re</strong></span> 
     </span>
    </p>
   </div>
   <div class='ocr_carea' id='block_1_45' title="bbox 225 2371 1808 2447">
    <p class='ocr_par' dir='ltr' id='par_1_45' title="bbox 225 2371 1808 2447">
     <span class='ocr_line' id='line_1_45' title="bbox 225 2371 1808 2447; baseline -0.002 -18"><span class='ocrx_word' id='word_1_317' title='bbox 225 2380 335 2443; x_wconf 82' lang='grc' dir='ltr'><strong>τῆς</strong></span> <span class='ocrx_word' id='word_1_318' title='bbox 387 2372 441 2429; x_wconf 76' lang='grc' dir='ltr'>ἐν</span> <span class='ocrx_word' id='word_1_319' title='bbox 490 2378 559 2447; x_wconf 81' lang='grc' dir='ltr'><strong>τῇ</strong></span> <span class='ocrx_word' id='word_1_320' title='bbox 624 2372 854 2447; x_wconf 82' lang='grc' dir='ltr'>λαμπρᾷ</span> <span class='ocrx_word' id='word_1_321' title='bbox 915 2371 1153 2447; x_wconf 64' lang='grc' dir='ltr'>τραπέζῃ</span> <span class='ocrx_word' id='word_1_322' title='bbox 1222 2373 1313 2426; x_wconf 84' lang='grc' dir='ltr'>καὶ</span> <span class='ocrx_word' id='word_1_323' title='bbox 1362 2373 1718 2446; x_wconf 75' lang='grc' dir='ltr'>περιποθήτω</span> <span class='ocrx_word' id='word_1_324' title='bbox 1770 2391 1808 2426; x_wconf 70' lang='grc' dir='ltr'><strong>α</strong></span> 
     </span>
    </p>
   </div>
   <div class='ocr_carea' id='block_1_46' title="bbox 2066 2371 3649 2447">
    <p class='ocr_par' dir='ltr' id='par_1_46' title="bbox 2096 2372 3649 2447">
     <span class='ocr_line' id='line_1_46' title="bbox 2096 2372 3649 2447; baseline 0.004 -21"><span class='ocrx_word' id='word_1_325' title='bbox 2096 2372 2281 2444; x_wconf 83' lang='lat' dir='ltr'><strong>magis</strong></span> <span class='ocrx_word' id='word_1_326' title='bbox 2312 2373 2627 2446; x_wconf 81' lang='lat' dir='ltr'><strong>spectabile</strong></span> <span class='ocrx_word' id='word_1_327' title='bbox 2655 2374 3053 2446; x_wconf 80' lang='lat' dir='ltr'><strong>spectantibus</strong></span> <span class='ocrx_word' id='word_1_328' title='bbox 3084 2375 3315 2431; x_wconf 86' lang='lat' dir='ltr'><strong>exhibet</strong></span> <span class='ocrx_word' id='word_1_329' title='bbox 3345 2374 3649 2447; x_wconf 79' lang='lat' dir='ltr'><strong>magisque</strong></span> 
     </span>
    </p>
   </div>
   <div class='ocr_carea' id='block_1_47' title="bbox 231 2458 1814 2537">
    <p class='ocr_par' dir='ltr' id='par_1_47' title="bbox 231 2458 1814 2536">
     <span class='ocr_line' id='line_1_47' title="bbox 231 2458 1814 2536; baseline -0.001 -18"><span class='ocrx_word' id='word_1_330' title='bbox 231 2460 476 2518; x_wconf 82' lang='grc' dir='ltr'>εστιάσει</span> <span class='ocrx_word' id='word_1_331' title='bbox 526 2466 634 2517; x_wconf 90' lang='grc' dir='ltr'><strong>τῶν</strong></span> <span class='ocrx_word' id='word_1_332' title='bbox 685 2463 1019 2536; x_wconf 74' lang='grc' dir='ltr'>σοφωτάτων</span> <span class='ocrx_word' id='word_1_333' title='bbox 1065 2464 1227 2534; x_wconf 74' lang='grc' dir='ltr'>ἡμῶν</span> <span class='ocrx_word' id='word_1_334' title='bbox 1279 2460 1569 2535; x_wconf 71' lang='grc' dir='ltr'>βασιλέων.</span> <span class='ocrx_word' id='word_1_335' title='bbox 1623 2461 1685 2517; x_wconf 74' lang='grc' dir='ltr'><strong>Εἰ</strong></span> <span class='ocrx_word' id='word_1_336' title='bbox 1725 2458 1814 2516; x_wconf 73' lang='grc' dir='ltr'><strong>δέ⁴</strong></span> 
     </span>
    </p>
   </div>
   <div class='ocr_carea' id='block_1_48' title="bbox 2065 2458 3648 2537">
    <p class='ocr_par' dir='ltr' id='par_1_48' title="bbox 2065 2459 3648 2537">
     <span class='ocr_line' id='line_1_48' title="bbox 2065 2459 3648 2537; baseline 0.003 -22"><span class='ocrx_word' id='word_1_337' title='bbox 2065 2459 2136 2515; x_wconf 88' lang='lat' dir='ltr'><strong>rit</strong></span> <span class='ocrx_word' id='word_1_338' title='bbox 2154 2460 2375 2529; x_wconf 91' lang='lat' dir='ltr'><strong>oculos,</strong></span> <span class='ocrx_word' id='word_1_339' title='bbox 2406 2478 2583 2533; x_wconf 91' lang='lat' dir='ltr'><strong>quam</strong></span> <span class='ocrx_word' id='word_1_340' title='bbox 2608 2462 2656 2519; x_wconf 91' lang='lat' dir='ltr'><strong>si</strong></span> <span class='ocrx_word' id='word_1_341' title='bbox 2678 2463 2908 2535; x_wconf 88' lang='lat' dir='ltr'><strong>publica</strong></span> <span class='ocrx_word' id='word_1_342' title='bbox 2927 2480 3065 2520; x_wconf 90' lang='lat' dir='ltr'><strong>voce</strong></span> <span class='ocrx_word' id='word_1_343' title='bbox 3084 2464 3406 2536; x_wconf 66' lang='lat' dir='ltr'><strong>precedere</strong></span> <span class='ocrx_word' id='word_1_344' title='bbox 3425 2469 3484 2520; x_wconf 90' lang='lat' dir='ltr'><strong>et</strong></span> <span class='ocrx_word' id='word_1_345' title='bbox 3506 2480 3648 2537; x_wconf 78' lang='lat' dir='ltr'><strong>prae-</strong></span> 
     </span>
    </p>
   </div>
   <div class='ocr_carea' id='block_1_49' title="bbox 232 2548 1815 2626">
    <p class='ocr_par' dir='ltr' id='par_1_49' title="bbox 232 2548 1815 2626">
     <span class='ocr_line' id='line_1_49' title="bbox 232 2548 1815 2626; baseline -0.002 -19"><span class='ocrx_word' id='word_1_346' title='bbox 232 2549 295 2607; x_wconf 75' lang='grc' dir='ltr'>ὶκ</span> <span class='ocrx_word' id='word_1_347' title='bbox 360 2558 463 2620; x_wconf 82' lang='grc' dir='ltr'><strong>τῆς</strong></span> <span class='ocrx_word' id='word_1_348' title='bbox 539 2553 701 2625; x_wconf 80' lang='grc' dir='ltr'>ἡμῶν</span> <span class='ocrx_word' id='word_1_349' title='bbox 778 2550 1099 2625; x_wconf 81' lang='grc' dir='ltr'>ἀπροσεξίας</span> <span class='ocrx_word' id='word_1_350' title='bbox 1165 2548 1474 2624; x_wconf 69' lang='grc' dir='ltr'>ἐπισφαλὴς</span> <span class='ocrx_word' id='word_1_351' title='bbox 1533 2549 1815 2626; x_wconf 74' lang='grc' dir='ltr'>προσγὲνηι</span> 
     </span>
    </p>
   </div>
   <div class='ocr_carea' id='block_1_50' title="bbox 2067 2548 3650 2626">
    <p class='ocr_par' dir='ltr' id='par_1_50' title="bbox 2067 2550 3650 2625">
     <span class='ocr_line' id='line_1_50' title="bbox 2067 2550 3650 2625; baseline 0.003 -21"><span class='ocrx_word' id='word_1_352' title='bbox 2067 2551 2193 2607; x_wconf 84' lang='lat' dir='ltr'><strong>dere</strong></span> <span class='ocrx_word' id='word_1_353' title='bbox 2212 2550 2378 2607; x_wconf 89' lang='lat' dir='ltr'><strong>alteri</strong></span> <span class='ocrx_word' id='word_1_354' title='bbox 2406 2551 2661 2609; x_wconf 83' lang='lat' dir='ltr'><strong>inferiori</strong></span> <span class='ocrx_word' id='word_1_355' title='bbox 2676 2553 2830 2624; x_wconf 90' lang='lat' dir='ltr'><strong>apud</strong></span> <span class='ocrx_word' id='word_1_356' title='bbox 2843 2552 3209 2624; x_wconf 83' lang='lat' dir='ltr'><strong>splendidam</strong></span> <span class='ocrx_word' id='word_1_357' title='bbox 3224 2552 3483 2609; x_wconf 89' lang='lat' dir='ltr'><strong>tabulam</strong></span> <span class='ocrx_word' id='word_1_358' title='bbox 3504 2569 3650 2625; x_wconf 87' lang='lat' dir='ltr'><strong>epu-</strong></span> 
     </span>
    </p>
   </div>
   <div class='ocr_carea' id='block_1_51' title="bbox 233 2638 1816 2716">
    <p class='ocr_par' dir='ltr' id='par_1_51' title="bbox 233 2638 1816 2716">
     <span class='ocr_line' id='line_1_51' title="bbox 233 2638 1816 2716; baseline -0.001 -21"><span class='ocrx_word' id='word_1_359' title='bbox 233 2641 505 2716; x_wconf 78' lang='grc' dir='ltr'>σύγχυσις</span> <span class='ocrx_word' id='word_1_360' title='bbox 550 2644 670 2703; x_wconf 85' lang='grc' dir='ltr'>τοῖς</span> <span class='ocrx_word' id='word_1_361' title='bbox 722 2640 1031 2714; x_wconf 84' lang='grc' dir='ltr'>βασιλικοῖς</span> <span class='ocrx_word' id='word_1_362' title='bbox 1076 2641 1438 2714; x_wconf 88' lang='grc' dir='ltr'>κλητωρίοις,</span> <span class='ocrx_word' id='word_1_363' title='bbox 1488 2638 1550 2694; x_wconf 80' lang='grc' dir='ltr'>οὗ</span> <span class='ocrx_word' id='word_1_364' title='bbox 1604 2640 1769 2713; x_wconf 88' lang='grc' dir='ltr'>μόνον</span> <span class='ocrx_word' id='word_1_365' title='bbox 1796 2659 1816 2694; x_wconf 80' lang='lat'><strong>1</strong></span> 
     </span>
    </p>
   </div>
   <div class='ocr_carea' id='block_1_52' title="bbox 2121 2638 3704 2716">
    <p class='ocr_par' dir='ltr' id='par_1_52' title="bbox 2121 2640 3704 2715">
     <span class='ocr_line' id='line_1_52' title="bbox 2121 2640 3704 2715; baseline 0.004 -21"><span class='ocrx_word' id='word_1_366' title='bbox 2121 2655 2205 2711; x_wconf 78' lang='lat' dir='ltr'><strong>[ue</strong></span> <span class='ocrx_word' id='word_1_367' title='bbox 2235 2640 2487 2697; x_wconf 87' lang='lat' dir='ltr'><strong>multum</strong></span> <span class='ocrx_word' id='word_1_368' title='bbox 2514 2642 2798 2715; x_wconf 82' lang='lat' dir='ltr'><strong>expetitas</strong></span> <span class='ocrx_word' id='word_1_369' title='bbox 2826 2642 3392 2715; x_wconf 84' lang='lat' dir='ltr'><strong>sapientissimorum</strong></span> <span class='ocrx_word' id='word_1_370' title='bbox 3421 2646 3653 2700; x_wconf 85' lang='lat' dir='ltr'><strong>nostro-</strong></span> <span class='ocrx_word' id='word_1_371' title='bbox 3688 2659 3704 2668; x_wconf 54' lang='grc' dir='ltr'>δ</span> 
     </span>
    </p>
   </div>
   <div class='ocr_carea' id='block_1_53' title="bbox 231 2725 1814 2805">
    <p class='ocr_par' dir='ltr' id='par_1_53' title="bbox 231 2725 1814 2804">
     <span class='ocr_line' id='line_1_53' title="bbox 231 2725 1814 2804; baseline -0.001 -21"><span class='ocrx_word' id='word_1_372' title='bbox 231 2733 345 2784; x_wconf 90' lang='grc' dir='ltr'><strong>τῶν</strong></span> <span class='ocrx_word' id='word_1_373' title='bbox 381 2727 686 2804; x_wconf 87' lang='grc' dir='ltr'>βασιλικῶν</span> <span class='ocrx_word' id='word_1_374' title='bbox 731 2730 1055 2802; x_wconf 72' lang='grc' dir='ltr'>ἀξιωμάτων</span> <span class='ocrx_word' id='word_1_375' title='bbox 1100 2727 1295 2804; x_wconf 77' lang='grc' dir='ltr'>ἀρετάς</span> <span class='ocrx_word' id='word_1_376' title='bbox 1343 2727 1719 2804; x_wconf 79' lang='grc' dir='ltr'>καταῤῥιπτεῖ,</span> <span class='ocrx_word' id='word_1_377' title='bbox 1748 2725 1814 2782; x_wconf 88' lang='grc' dir='ltr'><strong>ἀλ</strong></span> 
     </span>
    </p>
   </div>
   <div class='ocr_carea' id='block_1_54' title="bbox 2069 2725 3652 2805">
    <p class='ocr_par' dir='ltr' id='par_1_54' title="bbox 2069 2729 3652 2805">
     <span class='ocr_line' id='line_1_54' title="bbox 2069 2729 3652 2805; baseline 0.003 -22"><span class='ocrx_word' id='word_1_378' title='bbox 2069 2745 2139 2784; x_wconf 79' lang='grc' dir='ltr'><strong>ιω</strong></span> <span class='ocrx_word' id='word_1_379' title='bbox 2171 2729 2587 2800; x_wconf 84' lang='lat' dir='ltr'><strong>imperatorum</strong></span> <span class='ocrx_word' id='word_1_380' title='bbox 2604 2731 2868 2802; x_wconf 88' lang='lat' dir='ltr'><strong>jubetur.</strong></span> <span class='ocrx_word' id='word_1_381' title='bbox 2893 2731 2953 2787; x_wconf 89' lang='lat' dir='ltr'><strong>Si</strong></span> <span class='ocrx_word' id='word_1_382' title='bbox 2985 2732 3123 2804; x_wconf 91' lang='lat' dir='ltr'><strong>quid</strong></span> <span class='ocrx_word' id='word_1_383' title='bbox 3145 2748 3283 2805; x_wconf 88' lang='lat' dir='ltr'><strong>ergo</strong></span> <span class='ocrx_word' id='word_1_384' title='bbox 3304 2734 3361 2789; x_wconf 90' lang='lat' dir='ltr'><strong>in</strong></span> <span class='ocrx_word' id='word_1_385' title='bbox 3383 2732 3652 2805; x_wconf 89' lang='lat' dir='ltr'><strong>angustis</strong></span> 
     </span>
    </p>
   </div>
   <div class='ocr_carea' id='block_1_55' title="bbox 233 2814 1816 2893">
    <p class='ocr_par' dir='ltr' id='par_1_55' title="bbox 233 2814 1816 2893">
     <span class='ocr_line' id='line_1_55' title="bbox 233 2814 1816 2893; baseline 0 -21"><span class='ocrx_word' id='word_1_386' title='bbox 233 2817 328 2873; x_wconf 83' lang='grc' dir='ltr'><strong>καὶ</strong></span> <span class='ocrx_word' id='word_1_387' title='bbox 381 2819 531 2890; x_wconf 75' lang='grc' dir='ltr'>ἡμᾶς</span> <span class='ocrx_word' id='word_1_388' title='bbox 578 2818 776 2879; x_wconf 79' lang='grc' dir='ltr'>αὐτοὺς</span> <span class='ocrx_word' id='word_1_389' title='bbox 836 2814 1275 2892; x_wconf 78' lang='grc' dir='ltr'>καταγελάστους</span> <span class='ocrx_word' id='word_1_390' title='bbox 1339 2816 1428 2872; x_wconf 78' lang='grc' dir='ltr'><strong>καὶ</strong></span> <span class='ocrx_word' id='word_1_391' title='bbox 1489 2817 1750 2893; x_wconf 80' lang='grc' dir='ltr'>ἀχρείους</span> <span class='ocrx_word' id='word_1_392' title='bbox 1794 2837 1816 2872; x_wconf 78' lang='lat'><strong>1</strong></span> 
     </span>
    </p>
   </div>
   <div class='ocr_carea' id='block_1_56' title="bbox 2073 2814 3656 2893">
    <p class='ocr_par' dir='ltr' id='par_1_56' title="bbox 2079 2818 3656 2891">
     <span class='ocr_line' id='line_1_56' title="bbox 2079 2818 3656 2891; baseline 0.003 -18"><span class='ocrx_word' id='word_1_393' title='bbox 2079 2818 2286 2874; x_wconf 85' lang='lat' dir='ltr'><strong>nviviis</strong></span> <span class='ocrx_word' id='word_1_394' title='bbox 2325 2834 2424 2889; x_wconf 89' lang='lat' dir='ltr'><strong>per</strong></span> <span class='ocrx_word' id='word_1_395' title='bbox 2470 2827 2729 2875; x_wconf 86' lang='lat' dir='ltr'><strong>nostram</strong></span> <span class='ocrx_word' id='word_1_396' title='bbox 2769 2820 3085 2891; x_wconf 79' lang='lat' dir='ltr'><strong>quamdam</strong></span> <span class='ocrx_word' id='word_1_397' title='bbox 3125 2820 3414 2877; x_wconf 88' lang='lat' dir='ltr'><strong>incuriam</strong></span> <span class='ocrx_word' id='word_1_398' title='bbox 3450 2828 3505 2877; x_wconf 89' lang='lat' dir='ltr'><strong>et</strong></span> <span class='ocrx_word' id='word_1_399' title='bbox 3542 2821 3656 2877; x_wconf 89' lang='lat' dir='ltr'><strong>im-</strong></span> 
     </span>
    </p>
   </div>
   <div class='ocr_carea' id='block_1_57' title="bbox 238 2903 1821 2982">
    <p class='ocr_par' dir='ltr' id='par_1_57' title="bbox 238 2903 1821 2981">
     <span class='ocr_line' id='line_1_57' title="bbox 238 2903 1821 2981; baseline -0.002 -19"><span class='ocrx_word' id='word_1_400' title='bbox 238 2904 516 2967; x_wconf 89' lang='grc' dir='ltr'>διακονίας</span> <span class='ocrx_word' id='word_1_401' title='bbox 562 2906 877 2979; x_wconf 76' lang='grc' dir='ltr'>παρίστησι.</span> <span class='ocrx_word' id='word_1_402' title='bbox 930 2906 1023 2960; x_wconf 87' lang='grc' dir='ltr'>Διὸ</span> <span class='ocrx_word' id='word_1_403' title='bbox 1086 2906 1205 2974; x_wconf 83' lang='grc' dir='ltr'>οὖν,</span> <span class='ocrx_word' id='word_1_404' title='bbox 1269 2905 1569 2981; x_wconf 81' lang='grc' dir='ltr'>ἀγαπητοὶ,</span> <span class='ocrx_word' id='word_1_405' title='bbox 1620 2903 1702 2960; x_wconf 86' lang='grc' dir='ltr'><strong>δεῖ</strong></span> <span class='ocrx_word' id='word_1_406' title='bbox 1747 2908 1821 2978; x_wconf 80' lang='grc' dir='ltr'>ἡμ</span> 
     </span>
    </p>
   </div>
   <div class='ocr_carea' id='block_1_58' title="bbox 2071 2903 3654 2982">
    <p class='ocr_par' dir='ltr' id='par_1_58' title="bbox 2071 2907 3654 2982">
     <span class='ocr_line' id='line_1_58' title="bbox 2071 2907 3654 2982; baseline 0.001 -19"><span class='ocrx_word' id='word_1_407' title='bbox 2071 2907 2372 2963; x_wconf 82' lang='lat' dir='ltr'><strong>udentiam</strong></span> <span class='ocrx_word' id='word_1_408' title='bbox 2405 2907 2746 2965; x_wconf 80' lang='lat' dir='ltr'><strong>obturbatur</strong></span> <span class='ocrx_word' id='word_1_409' title='bbox 2764 2915 2999 2982; x_wconf 81' lang='lat' dir='ltr'><strong>peccatu</strong></span> <span class='ocrx_word' id='word_1_410' title='bbox 3010 2926 3172 2982; x_wconf 88' lang='lat' dir='ltr'><strong>rque,</strong></span> <span class='ocrx_word' id='word_1_411' title='bbox 3194 2926 3262 2967; x_wconf 89' lang='lat' dir='ltr'><strong>eo</strong></span> <span class='ocrx_word' id='word_1_412' title='bbox 3284 2926 3402 2967; x_wconf 90' lang='lat' dir='ltr'><strong>non</strong></span> <span class='ocrx_word' id='word_1_413' title='bbox 3421 2913 3654 2966; x_wconf 89' lang='lat' dir='ltr'><strong>tantum</strong></span> 
     </span>
    </p>
   </div>
   <div class='ocr_carea' id='block_1_59' title="bbox 237 2992 1820 3070">
    <p class='ocr_par' dir='ltr' id='par_1_59' title="bbox 237 2992 1820 3070">
     <span class='ocr_line' id='line_1_59' title="bbox 237 2992 1820 3070; baseline -0.001 -20"><span class='ocrx_word' id='word_1_414' title='bbox 237 2994 290 3051; x_wconf 77' lang='grc' dir='ltr'>ἰν</span> <span class='ocrx_word' id='word_1_415' title='bbox 341 2999 411 3069; x_wconf 79' lang='grc' dir='ltr'><strong>τῇ</strong></span> <span class='ocrx_word' id='word_1_416' title='bbox 461 2994 686 3069; x_wconf 75' lang='grc' dir='ltr'>τοιαύτῃ</span> <span class='ocrx_word' id='word_1_417' title='bbox 739 2993 1016 3070; x_wconf 83' lang='grc' dir='ltr'>λαχόντας</span> <span class='ocrx_word' id='word_1_418' title='bbox 1065 2992 1337 3055; x_wconf 77' lang='grc' dir='ltr'>διακονίας</span> <span class='ocrx_word' id='word_1_419' title='bbox 1375 2998 1630 3069; x_wconf 83' lang='grc' dir='ltr'>προσοχῇ</span> <span class='ocrx_word' id='word_1_420' title='bbox 1664 2992 1820 3067; x_wconf 77' lang='grc' dir='ltr'>μελέτ</span> 
     </span>
    </p>
   </div>
   <div class='ocr_carea' id='block_1_60' title="bbox 2075 2992 3658 3070">
    <p class='ocr_par' dir='ltr' id='par_1_60' title="bbox 2075 2995 3658 3067">
     <span class='ocr_line' id='line_1_60' title="bbox 2075 2995 3658 3067; baseline 0.001 -15"><span class='ocrx_word' id='word_1_421' title='bbox 2075 2996 2423 3053; x_wconf 67' lang='grc' dir='ltr'>ὀουιοαηιυιι</span> <span class='ocrx_word' id='word_1_422' title='bbox 2461 2995 2788 3053; x_wconf 80' lang='lat' dir='ltr'><strong>ofﬁciorum</strong></span> <span class='ocrx_word' id='word_1_423' title='bbox 2831 2998 3113 3055; x_wconf 83' lang='lat' dir='ltr'><strong>curalium</strong></span> <span class='ocrx_word' id='word_1_424' title='bbox 3153 2998 3417 3067; x_wconf 89' lang='lat' dir='ltr'><strong>virtutes,</strong></span> <span class='ocrx_word' id='word_1_425' title='bbox 3459 2998 3564 3055; x_wconf 90' lang='lat' dir='ltr'><strong>sed</strong></span> <span class='ocrx_word' id='word_1_426' title='bbox 3600 3002 3658 3056; x_wconf 88' lang='lat' dir='ltr'><strong>et</strong></span> 
     </span>
    </p>
   </div>
   <div class='ocr_carea' id='block_1_61' title="bbox 237 3082 1820 3162">
    <p class='ocr_par' dir='ltr' id='par_1_61' title="bbox 237 3084 1783 3162">
     <span class='ocr_line' id='line_1_61' title="bbox 237 3084 1783 3162; baseline -0.001 -22"><span class='ocrx_word' id='word_1_427' title='bbox 237 3085 328 3140; x_wconf 82' lang='grc' dir='ltr'>καὶ</span> <span class='ocrx_word' id='word_1_428' title='bbox 371 3084 685 3158; x_wconf 79' lang='grc' dir='ltr'>ἐπιστήμης</span> <span class='ocrx_word' id='word_1_429' title='bbox 715 3085 810 3148; x_wconf 82' lang='grc' dir='ltr'><strong>τάς</strong></span> <span class='ocrx_word' id='word_1_430' title='bbox 857 3088 964 3139; x_wconf 91' lang='grc' dir='ltr'><strong>τῶν</strong></span> <span class='ocrx_word' id='word_1_431' title='bbox 1011 3084 1336 3158; x_wconf 74' lang='grc' dir='ltr'>ἀξιωμάτων</span> <span class='ocrx_word' id='word_1_432' title='bbox 1386 3085 1783 3162; x_wconf 88' lang='grc' dir='ltr'>κυριοκλησίας</span> 
     </span>
    </p>
   </div>
   <div class='ocr_carea' id='block_1_62' title="bbox 2070 3082 3653 3162">
    <p class='ocr_par' dir='ltr' id='par_1_62' title="bbox 2072 3082 3653 3157">
     <span class='ocr_line' id='line_1_62' title="bbox 2072 3082 3653 3157; baseline -0.001 -17"><span class='ocrx_word' id='word_1_433' title='bbox 2072 3085 2121 3140; x_wconf 89' lang='lat' dir='ltr'><strong>si</strong></span> <span class='ocrx_word' id='word_1_434' title='bbox 2148 3082 2429 3140; x_wconf 89' lang='lat' dir='ltr'><strong>ridiculos</strong></span> <span class='ocrx_word' id='word_1_435' title='bbox 2459 3100 2565 3141; x_wconf 81' lang='lat' dir='ltr'><strong>nos</strong></span> <span class='ocrx_word' id='word_1_436' title='bbox 2592 3092 2647 3141; x_wconf 91' lang='lat' dir='ltr'><strong>et</strong></span> <span class='ocrx_word' id='word_1_437' title='bbox 2678 3085 2907 3157; x_wconf 85' lang='lat' dir='ltr'><strong>ineptos</strong></span> <span class='ocrx_word' id='word_1_438' title='bbox 2938 3086 3263 3142; x_wconf 89' lang='lat' dir='ltr'><strong>ministerio</strong></span> <span class='ocrx_word' id='word_1_439' title='bbox 3293 3086 3653 3143; x_wconf 84' lang='lat' dir='ltr'><strong>exhibemus.</strong></span> 
     </span>
    </p>
   </div>
   <div class='ocr_carea' id='block_1_63' title="bbox 238 3171 1821 3252">
    <p class='ocr_par' dir='ltr' id='par_1_63' title="bbox 238 3172 1821 3252">
     <span class='ocr_line' id='line_1_63' title="bbox 238 3172 1821 3252; baseline -0.001 -24"><span class='ocrx_word' id='word_1_440' title='bbox 238 3180 318 3247; x_wconf 82' lang='grc' dir='ltr'>τῷ</span> <span class='ocrx_word' id='word_1_441' title='bbox 365 3173 551 3247; x_wconf 73' lang='grc' dir='ltr'>οἷ’κείῳ</span> <span class='ocrx_word' id='word_1_442' title='bbox 603 3172 691 3228; x_wconf 63' lang='lat' dir='ltr'><strong>vei</strong></span> <span class='ocrx_word' id='word_1_443' title='bbox 741 3177 1116 3252; x_wconf 76' lang='grc' dir='ltr'>περιγράφειν,</span> <span class='ocrx_word' id='word_1_444' title='bbox 1164 3174 1251 3229; x_wconf 86' lang='grc' dir='ltr'><strong>καὶ</strong></span> <span class='ocrx_word' id='word_1_445' title='bbox 1304 3173 1399 3238; x_wconf 77' lang='grc' dir='ltr'>εἶθ’</span> <span class='ocrx_word' id='word_1_446' title='bbox 1448 3173 1620 3237; x_wconf 70' lang='grc' dir='ltr'>οὕτως</span> <span class='ocrx_word' id='word_1_447' title='bbox 1669 3174 1765 3237; x_wconf 81' lang='grc' dir='ltr'><strong>τὰς</strong></span> <span class='ocrx_word' id='word_1_448' title='bbox 1805 3194 1821 3227; x_wconf 77' lang='grc' dir='ltr'><strong>ι</strong></span> 
     </span>
    </p>
   </div>
   <div class='ocr_carea' id='block_1_64' title="bbox 2077 3171 3660 3252">
    <p class='ocr_par' dir='ltr' id='par_1_64' title="bbox 2077 3173 3660 3247">
     <span class='ocr_line' id='line_1_64' title="bbox 2077 3173 3660 3247; baseline 0.001 -19"><span class='ocrx_word' id='word_1_449' title='bbox 2077 3176 2395 3245; x_wconf 72' lang='lat' dir='ltr'><strong>lapropter,</strong></span> <span class='ocrx_word' id='word_1_450' title='bbox 2419 3173 2616 3242; x_wconf 87' lang='lat' dir='ltr'><strong>amici,</strong></span> <span class='ocrx_word' id='word_1_451' title='bbox 2642 3179 2866 3247; x_wconf 87' lang='lat' dir='ltr'><strong>oportet</strong></span> <span class='ocrx_word' id='word_1_452' title='bbox 2888 3191 3015 3243; x_wconf 88' lang='lat' dir='ltr'><strong>nos,</strong></span> <span class='ocrx_word' id='word_1_453' title='bbox 3037 3174 3096 3230; x_wconf 92' lang='lat' dir='ltr'><strong>in</strong></span> <span class='ocrx_word' id='word_1_454' title='bbox 3121 3174 3252 3243; x_wconf 90' lang='lat' dir='ltr'><strong>hoc,</strong></span> <span class='ocrx_word' id='word_1_455' title='bbox 3283 3176 3434 3247; x_wconf 88' lang='lat' dir='ltr'><strong>quod</strong></span> <span class='ocrx_word' id='word_1_456' title='bbox 3462 3182 3660 3232; x_wconf 88' lang='lat' dir='ltr'><strong>nostra</strong></span> 
     </span>
    </p>
   </div>
   <div class='ocr_carea' id='block_1_65' title="bbox 241 3221 1824 3337">
    <p class='ocr_par' dir='ltr' id='par_1_65' title="bbox 241 3221 1824 3337">
     <span class='ocr_line' id='line_1_65' title="bbox 250 3221 1824 3252; baseline 0 -5"><span class='ocrx_word' id='word_1_457' title='bbox 250 3221 315 3247; x_wconf 70' lang='lat'><strong>&quot;1&#39;</strong></span> <span class='ocrx_word' id='word_1_458' title='bbox 369 3221 549 3247; x_wconf 60' lang='grc' dir='ltr'><strong>ν”“⁷“Ἲ’</strong></span> <span class='ocrx_word' id='word_1_459' title='bbox 613 3221 690 3228; x_wconf 46' lang='lat' dir='ltr'><strong>vv-</strong></span> <span class='ocrx_word' id='word_1_460' title='bbox 749 3221 1116 3252; x_wconf 72' lang='lat' dir='ltr'><strong>&quot;&#39;t&quot;|r&quot;‘r&quot;&#39;!</strong></span> <span class='ocrx_word' id='word_1_461' title='bbox 1166 3221 1251 3229; x_wconf 42' lang='lat' dir='ltr'><strong>&quot;ﬂ&#39;</strong></span> <span class='ocrx_word' id='word_1_462' title='bbox 1304 3221 1381 3238; x_wconf 59' lang='lat' dir='ltr'><strong>&quot;V</strong></span> <span class='ocrx_word' id='word_1_463' title='bbox 1450 3221 1618 3237; x_wconf 58' lang='lat' dir='ltr'><strong>&quot;&#39;w&quot;</strong></span> <span class='ocrx_word' id='word_1_464' title='bbox 1681 3221 1764 3237; x_wconf 57' lang='lat' dir='ltr'><strong>&#39;w‘</strong></span> <span class='ocrx_word' id='word_1_465' title='bbox 1807 3221 1824 3227; x_wconf 72' lang='grc'><em>’</em></span> 
     </span>
     <span class='ocr_line' id='line_1_66' title="bbox 241 3256 1824 3337; baseline -0.001 -19"><span class='ocrx_word' id='word_1_466' title='bbox 241 3268 347 3319; x_wconf 89' lang='grc' dir='ltr'><strong>τῶν</strong></span> <span class='ocrx_word' id='word_1_467' title='bbox 408 3259 695 3337; x_wconf 72' lang='grc' dir='ltr'>διαιρέσεις</span> <span class='ocrx_word' id='word_1_468' title='bbox 756 3264 844 3317; x_wconf 84' lang='grc' dir='ltr'><strong>καὶ</strong></span> <span class='ocrx_word' id='word_1_469' title='bbox 912 3260 1306 3336; x_wconf 79' lang='grc' dir='ltr'>ὑποδιαιρὲσεις</span> <span class='ocrx_word' id='word_1_470' title='bbox 1350 3264 1441 3318; x_wconf 86' lang='grc' dir='ltr'><strong>καὶ</strong></span> <span class='ocrx_word' id='word_1_471' title='bbox 1499 3256 1740 3337; x_wconf 77' lang='grc' dir='ltr'>ἀκριϐεῖς</span> <span class='ocrx_word' id='word_1_472' title='bbox 1805 3283 1824 3317; x_wconf 79' lang='lat' dir='ltr'><strong>c</strong></span> 
     </span>
    </p>
   </div>
   <div class='ocr_carea' id='block_1_66' title="bbox 2075 3221 3658 3337">
    <p class='ocr_par' dir='ltr' id='par_1_66' title="bbox 2075 3221 3658 3335">
     <span class='ocr_line' id='line_1_67' title="bbox 2075 3221 3658 3247; baseline 0.002 -10"><span class='ocrx_word' id='word_1_473' title='bbox 2075 3221 2395 3245; x_wconf 66' lang='grc' dir='ltr'><strong>--τ-ντ---ι</strong></span> <span class='ocrx_word' id='word_1_474' title='bbox 2420 3221 2616 3242; x_wconf 65' lang='grc' dir='ltr'><strong><em>--ηη</em></strong></span> <span class='ocrx_word' id='word_1_475' title='bbox 2645 3221 2866 3247; x_wconf 56' lang='lat' dir='ltr'><strong>vr--.&quot;</strong></span> <span class='ocrx_word' id='word_1_476' title='bbox 2890 3221 3015 3243; x_wconf 65' lang='grc' dir='ltr'><strong>κν-.</strong></span> <span class='ocrx_word' id='word_1_477' title='bbox 3038 3221 3096 3230; x_wconf 87' lang='grc'><strong>--</strong></span> <span class='ocrx_word' id='word_1_478' title='bbox 3123 3221 3252 3243; x_wconf 70' lang='grc' dir='ltr'><strong>-νη</strong></span> <span class='ocrx_word' id='word_1_479' title='bbox 3284 3221 3434 3247; x_wconf 54' lang='lat' dir='ltr'><strong>1—w-</strong></span> <span class='ocrx_word' id='word_1_480' title='bbox 3463 3221 3658 3232; x_wconf 67' lang='grc' dir='ltr'><strong>κυνη-</strong></span> 
     </span>
     <span class='ocr_line' id='line_1_68' title="bbox 2080 3262 3658 3335; baseline 0.003 -19"><span class='ocrx_word' id='word_1_481' title='bbox 2080 3266 2165 3317; x_wconf 88' lang='lat' dir='ltr'><strong>rte</strong></span> <span class='ocrx_word' id='word_1_482' title='bbox 2217 3262 2385 3318; x_wconf 90' lang='lat' dir='ltr'><strong>nobis</strong></span> <span class='ocrx_word' id='word_1_483' title='bbox 2428 3263 2688 3335; x_wconf 89' lang='lat' dir='ltr'><strong>contigit,</strong></span> <span class='ocrx_word' id='word_1_484' title='bbox 2743 3264 3094 3321; x_wconf 89' lang='lat' dir='ltr'><strong>constitutos</strong></span> <span class='ocrx_word' id='word_1_485' title='bbox 3123 3268 3283 3321; x_wconf 89' lang='lat' dir='ltr'><strong>tanto</strong></span> <span class='ocrx_word' id='word_1_486' title='bbox 3314 3264 3658 3334; x_wconf 85' lang='lat' dir='ltr'><strong>ministerio,</strong></span> 
     </span>
    </p>
   </div>
   <div class='ocr_carea' id='block_1_67' title="bbox 245 3350 1828 3430">
    <p class='ocr_par' dir='ltr' id='par_1_67' title="bbox 245 3351 1828 3430">
     <span class='ocr_line' id='line_1_69' title="bbox 245 3351 1828 3430; baseline -0.001 -22"><span class='ocrx_word' id='word_1_487' title='bbox 245 3353 453 3414; x_wconf 82' lang='grc' dir='ltr'>στάσεις</span> <span class='ocrx_word' id='word_1_488' title='bbox 497 3353 756 3430; x_wconf 76' lang='grc' dir='ltr'>ἑκφωνεῖν</span> <span class='ocrx_word' id='word_1_489' title='bbox 805 3352 896 3407; x_wconf 85' lang='grc' dir='ltr'><strong>καὶ</strong></span> <span class='ocrx_word' id='word_1_490' title='bbox 941 3351 1264 3415; x_wconf 84' lang='grc' dir='ltr'>ἐκτίθεσθαι.</span> <span class='ocrx_word' id='word_1_491' title='bbox 1322 3351 1485 3410; x_wconf 80' lang='grc' dir='ltr'>Ἀλλ’</span> <span class='ocrx_word' id='word_1_492' title='bbox 1532 3352 1751 3423; x_wconf 73' lang='grc' dir='ltr'>ἐπείπερ</span> <span class='ocrx_word' id='word_1_493' title='bbox 1801 3373 1828 3406; x_wconf 88' lang='grc' dir='ltr'><strong>τ</strong></span> 
     </span>
    </p>
   </div>
   <div class='ocr_carea' id='block_1_68' title="bbox 2074 3350 3657 3430">
    <p class='ocr_par' dir='ltr' id='par_1_68' title="bbox 2074 3350 3657 3426">
     <span class='ocr_line' id='line_1_70' title="bbox 2074 3350 3657 3426; baseline 0.003 -21"><span class='ocrx_word' id='word_1_494' title='bbox 2074 3350 2263 3406; x_wconf 75' lang='grc' dir='ltr'>’ἰωιιηι</span> <span class='ocrx_word' id='word_1_495' title='bbox 2296 3350 2535 3422; x_wconf 89' lang='lat' dir='ltr'><strong>quidem</strong></span> <span class='ocrx_word' id='word_1_496' title='bbox 2559 3356 2781 3408; x_wconf 87' lang='lat' dir='ltr'><strong>attenta</strong></span> <span class='ocrx_word' id='word_1_497' title='bbox 2810 3369 2950 3408; x_wconf 89' lang='lat' dir='ltr'><strong>cura</strong></span> <span class='ocrx_word' id='word_1_498' title='bbox 2979 3354 3304 3410; x_wconf 74' lang='lat' dir='ltr'><strong>secundum</strong></span> <span class='ocrx_word' id='word_1_499' title='bbox 3325 3354 3468 3410; x_wconf 80' lang='lat' dir='ltr'><strong>artis</strong></span> <span class='ocrx_word' id='word_1_500' title='bbox 3499 3353 3657 3426; x_wconf 81' lang='lat' dir='ltr'><strong>leges</strong></span> 
     </span>
    </p>
   </div>
   <div class='ocr_carea' id='block_1_69' title="bbox 243 3439 1826 3518">
    <p class='ocr_par' dir='ltr' id='par_1_69' title="bbox 243 3440 1826 3518">
     <span class='ocr_line' id='line_1_71' title="bbox 243 3440 1826 3518; baseline 0 -21"><span class='ocrx_word' id='word_1_501' title='bbox 243 3446 348 3497; x_wconf 87' lang='grc' dir='ltr'><strong>τῶν</strong></span> <span class='ocrx_word' id='word_1_502' title='bbox 376 3442 623 3517; x_wconf 86' lang='grc' dir='ltr'>ἀρχαίων</span> <span class='ocrx_word' id='word_1_503' title='bbox 654 3440 887 3504; x_wconf 78' lang='grc' dir='ltr'>ἒκθέσεις</span> <span class='ocrx_word' id='word_1_504' title='bbox 937 3442 1069 3517; x_wconf 78' lang='grc' dir='ltr'>οὐχὶ</span> <span class='ocrx_word' id='word_1_505' title='bbox 1113 3441 1306 3511; x_wconf 83' lang='grc' dir='ltr'>πάσας,</span> <span class='ocrx_word' id='word_1_506' title='bbox 1354 3440 1483 3497; x_wconf 87' lang='grc' dir='ltr'>ἀλλ’</span> <span class='ocrx_word' id='word_1_507' title='bbox 1534 3443 1662 3504; x_wconf 80' lang='grc' dir='ltr'>ὅσας</span> <span class='ocrx_word' id='word_1_508' title='bbox 1694 3444 1722 3497; x_wconf 87' lang='grc' dir='ltr'>ὁ</span> <span class='ocrx_word' id='word_1_509' title='bbox 1757 3461 1826 3518; x_wconf 88' lang='grc' dir='ltr'><strong>χρ</strong></span> 
     </span>
    </p>
   </div>
   <div class='ocr_carea' id='block_1_70' title="bbox 2072 3439 3655 3518">
    <p class='ocr_par' dir='ltr' id='par_1_70' title="bbox 2072 3439 3655 3514">
     <span class='ocr_line' id='line_1_72' title="bbox 2072 3439 3655 3514; baseline 0.003 -21"><span class='ocrx_word' id='word_1_510' title='bbox 2072 3440 2206 3494; x_wconf 82' lang='grc' dir='ltr'>ιὶωο</span> <span class='ocrx_word' id='word_1_511' title='bbox 2239 3439 2505 3511; x_wconf 88' lang='lat' dir='ltr'><strong>proprias</strong></span> <span class='ocrx_word' id='word_1_512' title='bbox 2527 3439 2876 3513; x_wconf 85' lang='lat' dir='ltr'><strong>dignitatum</strong></span> <span class='ocrx_word' id='word_1_513' title='bbox 2902 3441 3323 3513; x_wconf 85' lang='lat' dir='ltr'><strong>appellationes</strong></span> <span class='ocrx_word' id='word_1_514' title='bbox 3345 3442 3655 3514; x_wconf 85' lang='lat' dir='ltr'><strong>concipere</strong></span> 
     </span>
    </p>
   </div>
   <div class='ocr_carea' id='block_1_71' title="bbox 247 3527 1830 3607">
    <p class='ocr_par' dir='ltr' id='par_1_71' title="bbox 247 3527 1830 3607">
     <span class='ocr_line' id='line_1_73' title="bbox 247 3527 1830 3607; baseline 0.001 -24"><span class='ocrx_word' id='word_1_515' title='bbox 247 3550 335 3592; x_wconf 90' lang='grc' dir='ltr'><strong>νος</strong></span> <span class='ocrx_word' id='word_1_516' title='bbox 403 3530 800 3605; x_wconf 79' lang='grc' dir='ltr'>ἀμαυρωθῆναι</span> <span class='ocrx_word' id='word_1_517' title='bbox 877 3527 1150 3601; x_wconf 77' lang='grc' dir='ltr'>ἐποίησεν,</span> <span class='ocrx_word' id='word_1_518' title='bbox 1220 3529 1397 3585; x_wconf 74' lang='grc' dir='ltr'>ἑκοντὶ</span> <span class='ocrx_word' id='word_1_519' title='bbox 1447 3527 1830 3607; x_wconf 83' lang='grc' dir='ltr'>παρεδράμομε</span> 
     </span>
    </p>
   </div>
   <div class='ocr_carea' id='block_1_72' title="bbox 2072 3527 3655 3607">
    <p class='ocr_par' dir='ltr' id='par_1_72' title="bbox 2072 3527 3655 3602">
     <span class='ocr_line' id='line_1_74' title="bbox 2072 3527 3655 3602; baseline 0.003 -18"><span class='ocrx_word' id='word_1_520' title='bbox 2072 3544 2180 3600; x_wconf 88' lang='lat' dir='ltr'><strong>que</strong></span> <span class='ocrx_word' id='word_1_521' title='bbox 2228 3527 2591 3598; x_wconf 83' lang='lat' dir='ltr'><strong>conﬁrmare,</strong></span> <span class='ocrx_word' id='word_1_522' title='bbox 2631 3537 2753 3585; x_wconf 86' lang='lat' dir='ltr'><strong>lum</strong></span> <span class='ocrx_word' id='word_1_523' title='bbox 2783 3546 2917 3587; x_wconf 87' lang='lat' dir='ltr'><strong>vero</strong></span> <span class='ocrx_word' id='word_1_524' title='bbox 2957 3530 3305 3602; x_wconf 88' lang='lat' dir='ltr'><strong>dignitatum</strong></span> <span class='ocrx_word' id='word_1_525' title='bbox 3335 3530 3655 3588; x_wconf 85' lang='lat' dir='ltr'><strong>divisiones</strong></span> 
     </span>
    </p>
   </div>
   <div class='ocr_carea' id='block_1_73' title="bbox 249 3616 1832 3696">
    <p class='ocr_par' dir='ltr' id='par_1_73' title="bbox 249 3616 1832 3696">
     <span class='ocr_line' id='line_1_75' title="bbox 249 3616 1832 3696; baseline 0.001 -23"><span class='ocrx_word' id='word_1_526' title='bbox 249 3620 370 3696; x_wconf 64' lang='grc' dir='ltr'>φερε</span> <span class='ocrx_word' id='word_1_527' title='bbox 416 3616 483 3686; x_wconf 76' lang='grc' dir='ltr'>δή</span> <span class='ocrx_word' id='word_1_528' title='bbox 534 3620 629 3679; x_wconf 81' lang='grc' dir='ltr'><strong>τὰς</strong></span> <span class='ocrx_word' id='word_1_529' title='bbox 680 3618 769 3673; x_wconf 83' lang='grc' dir='ltr'>ἐπὶ</span> <span class='ocrx_word' id='word_1_530' title='bbox 815 3623 921 3674; x_wconf 89' lang='grc' dir='ltr'><strong>τῶν</strong></span> <span class='ocrx_word' id='word_1_531' title='bbox 1002 3617 1271 3693; x_wconf 71' lang='grc' dir='ltr'>βασιλέων</span> <span class='ocrx_word' id='word_1_532' title='bbox 1322 3621 1509 3692; x_wconf 76' lang='grc' dir='ltr'>ἡμῶν,</span> <span class='ocrx_word' id='word_1_533' title='bbox 1543 3620 1774 3682; x_wconf 78' lang='grc' dir='ltr'>Λὲοντος</span> <span class='ocrx_word' id='word_1_534' title='bbox 1805 3642 1832 3675; x_wconf 80' lang='grc' dir='ltr'><strong>κ</strong></span> 
     </span>
    </p>
   </div>
   <div class='ocr_carea' id='block_1_74' title="bbox 2072 3616 3655 3696">
    <p class='ocr_par' dir='ltr' id='par_1_74' title="bbox 2073 3619 3655 3692">
     <span class='ocr_line' id='line_1_76' title="bbox 2073 3619 3655 3692; baseline 0.002 -18"><span class='ocrx_word' id='word_1_535' title='bbox 2073 3621 2261 3690; x_wconf 88' lang='lat' dir='ltr'><strong>ajores</strong></span> <span class='ocrx_word' id='word_1_536' title='bbox 2290 3619 2657 3692; x_wconf 89' lang='lat' dir='ltr'><strong>minoresque</strong></span> <span class='ocrx_word' id='word_1_537' title='bbox 2677 3624 2735 3677; x_wconf 91' lang='lat' dir='ltr'><strong>et</strong></span> <span class='ocrx_word' id='word_1_538' title='bbox 2763 3636 2929 3677; x_wconf 86' lang='lat' dir='ltr'><strong>veras</strong></span> <span class='ocrx_word' id='word_1_539' title='bbox 2961 3621 3215 3679; x_wconf 90' lang='lat' dir='ltr'><strong>rationes</strong></span> <span class='ocrx_word' id='word_1_540' title='bbox 3238 3621 3544 3678; x_wconf 88' lang='lat' dir='ltr'><strong>enuntiare</strong></span> <span class='ocrx_word' id='word_1_541' title='bbox 3566 3625 3655 3677; x_wconf 91' lang='lat' dir='ltr'><strong>at-</strong></span> 
     </span>
    </p>
   </div>
   <div class='ocr_carea' id='block_1_75' title="bbox 251 3704 1834 3783">
    <p class='ocr_par' dir='ltr' id='par_1_75' title="bbox 251 3704 1834 3783">
     <span class='ocr_line' id='line_1_77' title="bbox 251 3704 1834 3783; baseline 0.001 -20"><span class='ocrx_word' id='word_1_542' title='bbox 251 3704 624 3780; x_wconf 74' lang='grc' dir='ltr'>Ἀλεξάνδρου,</span> <span class='ocrx_word' id='word_1_543' title='bbox 675 3707 1078 3781; x_wconf 64' lang='grc' dir='ltr'>γνωριζομένοις</span> <span class='ocrx_word' id='word_1_544' title='bbox 1139 3728 1198 3763; x_wconf 90' lang='grc' dir='ltr'><strong>τε</strong></span> <span class='ocrx_word' id='word_1_545' title='bbox 1263 3709 1377 3779; x_wconf 77' lang='grc' dir='ltr'>ἅμα</span> <span class='ocrx_word' id='word_1_546' title='bbox 1439 3705 1530 3762; x_wconf 81' lang='grc' dir='ltr'>καί</span> <span class='ocrx_word' id='word_1_547' title='bbox 1586 3727 1834 3783; x_wconf 88' lang='grc' dir='ltr'>πραττομ</span> 
     </span>
    </p>
   </div>
   <div class='ocr_carea' id='block_1_76' title="bbox 2074 3704 3657 3783">
    <p class='ocr_par' dir='ltr' id='par_1_76' title="bbox 2074 3707 3657 3779">
     <span class='ocr_line' id='line_1_78' title="bbox 2074 3707 3657 3779; baseline 0.002 -17"><span class='ocrx_word' id='word_1_548' title='bbox 2074 3723 2122 3763; x_wconf 81' lang='grc' dir='ltr'><strong>ιο</strong></span> <span class='ocrx_word' id='word_1_549' title='bbox 2166 3723 2473 3779; x_wconf 80' lang='lat' dir='ltr'><strong>exponere.</strong></span> <span class='ocrx_word' id='word_1_550' title='bbox 2501 3707 2789 3779; x_wconf 87' lang='lat' dir='ltr'><strong>Antiquae</strong></span> <span class='ocrx_word' id='word_1_551' title='bbox 2833 3713 3031 3766; x_wconf 86' lang='lat' dir='ltr'><strong>autem</strong></span> <span class='ocrx_word' id='word_1_552' title='bbox 3059 3726 3195 3766; x_wconf 91' lang='lat' dir='ltr'><strong>cum</strong></span> <span class='ocrx_word' id='word_1_553' title='bbox 3226 3711 3657 3768; x_wconf 88' lang='lat' dir='ltr'><strong>decreverimus</strong></span> 
     </span>
    </p>
   </div>
   <div class='ocr_carea' id='block_1_77' title="bbox 250 3793 1833 3874">
    <p class='ocr_par' dir='ltr' id='par_1_77' title="bbox 250 3793 1833 3870">
     <span class='ocr_line' id='line_1_79' title="bbox 250 3793 1833 3870; baseline 0.001 -20"><span class='ocrx_word' id='word_1_554' title='bbox 250 3815 339 3856; x_wconf 84' lang='grc' dir='ltr'><strong>νας</strong></span> <span class='ocrx_word' id='word_1_555' title='bbox 411 3795 485 3858; x_wconf 82' lang='grc' dir='ltr'>ὡς</span> <span class='ocrx_word' id='word_1_556' title='bbox 559 3793 612 3849; x_wconf 75' lang='grc' dir='ltr'>ἐν</span> <span class='ocrx_word' id='word_1_557' title='bbox 694 3795 917 3855; x_wconf 75' lang='grc' dir='ltr'>πίνακος</span> <span class='ocrx_word' id='word_1_558' title='bbox 977 3796 1123 3867; x_wconf 80' lang='grc' dir='ltr'>τάξει</span> <span class='ocrx_word' id='word_1_559' title='bbox 1190 3793 1455 3870; x_wconf 86' lang='grc' dir='ltr'>στιχηδὸν</span> <span class='ocrx_word' id='word_1_560' title='bbox 1524 3797 1833 3869; x_wconf 81' lang='grc' dir='ltr'>ὑποτάξωμε</span> 
     </span>
    </p>
   </div>
   <div class='ocr_carea' id='block_1_78' title="bbox 2074 3793 3657 3874">
    <p class='ocr_par' dir='ltr' id='par_1_78' title="bbox 2074 3800 3657 3874">
     <span class='ocr_line' id='line_1_80' title="bbox 2074 3800 3657 3874; baseline 0.003 -21"><span class='ocrx_word' id='word_1_561' title='bbox 2074 3800 2297 3865; x_wconf 86' lang='lat' dir='ltr'><strong>nlttere,</strong></span> <span class='ocrx_word' id='word_1_562' title='bbox 2331 3815 2448 3854; x_wconf 92' lang='lat' dir='ltr'><strong>non</strong></span> <span class='ocrx_word' id='word_1_563' title='bbox 2478 3800 2712 3869; x_wconf 83' lang='lat' dir='ltr'><strong>quidem</strong></span> <span class='ocrx_word' id='word_1_564' title='bbox 2745 3817 2974 3869; x_wconf 88' lang='lat' dir='ltr'><strong>omnes,</strong></span> <span class='ocrx_word' id='word_1_565' title='bbox 3015 3806 3075 3857; x_wconf 84' lang='lat' dir='ltr'><strong>at</strong></span> <span class='ocrx_word' id='word_1_566' title='bbox 3102 3819 3202 3859; x_wconf 90' lang='lat' dir='ltr'><strong>eas</strong></span> <span class='ocrx_word' id='word_1_567' title='bbox 3240 3807 3460 3870; x_wconf 82' lang='lat' dir='ltr'><strong>tamen,</strong></span> <span class='ocrx_word' id='word_1_568' title='bbox 3508 3816 3657 3874; x_wconf 86' lang='lat' dir='ltr'><strong>quas</strong></span> 
     </span>
    </p>
   </div>
   <div class='ocr_carea' id='block_1_79' title="bbox 254 3880 1837 3962">
    <p class='ocr_par' dir='ltr' id='par_1_79' title="bbox 254 3880 1837 3961">
     <span class='ocr_line' id='line_1_81' title="bbox 254 3880 1837 3961; baseline -0.002 -22"><span class='ocrx_word' id='word_1_569' title='bbox 254 3888 497 3957; x_wconf 82' lang='grc' dir='ltr'>Ποιῶμεν</span> <span class='ocrx_word' id='word_1_570' title='bbox 529 3880 587 3938; x_wconf 75' lang='grc' dir='ltr'>δὲ</span> <span class='ocrx_word' id='word_1_571' title='bbox 616 3887 801 3952; x_wconf 77' lang='grc' dir='ltr'>τοῦτο,</span> <span class='ocrx_word' id='word_1_572' title='bbox 835 3882 943 3957; x_wconf 79' lang='grc' dir='ltr'><strong>οὐχ</strong></span> <span class='ocrx_word' id='word_1_573' title='bbox 972 3884 1045 3945; x_wconf 82' lang='grc' dir='ltr'><strong>ὡς</strong></span> <span class='ocrx_word' id='word_1_574' title='bbox 1076 3882 1169 3944; x_wconf 80' lang='grc' dir='ltr'><strong>τάς</strong></span> <span class='ocrx_word' id='word_1_575' title='bbox 1216 3887 1325 3938; x_wconf 90' lang='grc' dir='ltr'><strong>τῶν</strong></span> <span class='ocrx_word' id='word_1_576' title='bbox 1370 3883 1617 3959; x_wconf 87' lang='grc' dir='ltr'>ἀρχαίων</span> <span class='ocrx_word' id='word_1_577' title='bbox 1655 3905 1837 3961; x_wconf 62' lang='grc' dir='ltr'>συγγρι</span> 
     </span>
    </p>
   </div>
   <div class='ocr_carea' id='block_1_80' title="bbox 2074 3880 3657 3962">
    <p class='ocr_par' dir='ltr' id='par_1_80' title="bbox 2074 3887 3657 3962">
     <span class='ocr_line' id='line_1_82' title="bbox 2074 3887 3657 3962; baseline 0.003 -22"><span class='ocrx_word' id='word_1_578' title='bbox 2074 3902 2335 3957; x_wconf 90' lang='lat' dir='ltr'><strong>mporum</strong></span> <span class='ocrx_word' id='word_1_579' title='bbox 2368 3887 2651 3944; x_wconf 91' lang='lat' dir='ltr'><strong>decursus</strong></span> <span class='ocrx_word' id='word_1_580' title='bbox 2676 3888 2926 3959; x_wconf 88' lang='lat' dir='ltr'><strong>caligine</strong></span> <span class='ocrx_word' id='word_1_581' title='bbox 2955 3892 3012 3944; x_wconf 90' lang='lat' dir='ltr'><strong>et</strong></span> <span class='ocrx_word' id='word_1_582' title='bbox 3042 3888 3405 3961; x_wconf 88' lang='lat' dir='ltr'><strong>ignoratione</strong></span> <span class='ocrx_word' id='word_1_583' title='bbox 3445 3889 3657 3962; x_wconf 86' lang='lat' dir='ltr'><strong>sepeli-</strong></span> 
     </span>
    </p>
   </div>
   <div class='ocr_carea' id='block_1_81' title="bbox 255 3969 1838 4052">
    <p class='ocr_par' dir='ltr' id='par_1_81' title="bbox 255 3969 1838 4052">
     <span class='ocr_line' id='line_1_83' title="bbox 255 3969 1838 4052; baseline -0.001 -24"><span class='ocrx_word' id='word_1_584' title='bbox 255 3973 349 4052; x_wconf 71' lang='grc' dir='ltr'><strong>φάς</strong></span> <span class='ocrx_word' id='word_1_585' title='bbox 412 3974 818 4045; x_wconf 70' lang='grc' dir='ltr'>ἀνατρέποντες,</span> <span class='ocrx_word' id='word_1_586' title='bbox 869 3969 1014 4027; x_wconf 82' lang='grc' dir='ltr'><strong>ἀλλά</strong></span> <span class='ocrx_word' id='word_1_587' title='bbox 1067 3971 1162 4036; x_wconf 88' lang='grc' dir='ltr'><strong>τάς</strong></span> <span class='ocrx_word' id='word_1_588' title='bbox 1217 3973 1342 4047; x_wconf 81' lang='grc' dir='ltr'>περὶ</span> <span class='ocrx_word' id='word_1_589' title='bbox 1389 3972 1596 4027; x_wconf 79' lang='grc' dir='ltr'>τούτων</span> <span class='ocrx_word' id='word_1_590' title='bbox 1663 3971 1838 4037; x_wconf 67' lang='grc' dir='ltr'>ἐκθέσε</span> 
     </span>
    </p>
   </div>
   <div class='ocr_carea' id='block_1_82' title="bbox 2073 3969 3656 4052">
    <p class='ocr_par' dir='ltr' id='par_1_82' title="bbox 2073 3975 3656 4049">
     <span class='ocr_line' id='line_1_84' title="bbox 2073 3975 3656 4049; baseline 0.004 -19"><span class='ocrx_word' id='word_1_591' title='bbox 2073 3977 2112 4041; x_wconf 89' lang='grc' dir='ltr'><strong>ι,</strong></span> <span class='ocrx_word' id='word_1_592' title='bbox 2141 3991 2294 4031; x_wconf 69' lang='grc' dir='ltr'>ουτω</span> <span class='ocrx_word' id='word_1_593' title='bbox 2326 3975 2494 4032; x_wconf 88' lang='lat' dir='ltr'><strong>nobis</strong></span> <span class='ocrx_word' id='word_1_594' title='bbox 2524 3982 2646 4033; x_wconf 87' lang='lat' dir='ltr'><strong>esto</strong></span> <span class='ocrx_word' id='word_1_595' title='bbox 2676 3992 2799 4044; x_wconf 89' lang='lat' dir='ltr'><strong>eas,</strong></span> <span class='ocrx_word' id='word_1_596' title='bbox 2829 3993 2959 4048; x_wconf 68' lang='lat' dir='ltr'><strong>quas</strong></span> <span class='ocrx_word' id='word_1_597' title='bbox 2988 3980 3250 4049; x_wconf 89' lang='lat' dir='ltr'><strong>tempore</strong></span> <span class='ocrx_word' id='word_1_598' title='bbox 3280 3978 3656 4036; x_wconf 88' lang='lat' dir='ltr'><strong>dominorum</strong></span> 
     </span>
    </p>
   </div>
   <div class='ocr_carea' id='block_1_83' title="bbox 255 4059 1838 4138">
    <p class='ocr_par' dir='ltr' id='par_1_83' title="bbox 255 4059 1838 4132">
     <span class='ocr_line' id='line_1_85' title="bbox 255 4059 1838 4132; baseline 0 -16"><span class='ocrx_word' id='word_1_599' title='bbox 255 4062 324 4124; x_wconf 81' lang='grc' dir='ltr'><strong>ὡς</strong></span> <span class='ocrx_word' id='word_1_600' title='bbox 371 4061 420 4117; x_wconf 75' lang='grc' dir='ltr'>ἰν</span> <span class='ocrx_word' id='word_1_601' title='bbox 470 4062 613 4132; x_wconf 80' lang='grc' dir='ltr'>τάξει</span> <span class='ocrx_word' id='word_1_602' title='bbox 679 4061 902 4117; x_wconf 74' lang='grc' dir='ltr'>κανόνος·</span> <span class='ocrx_word' id='word_1_603' title='bbox 951 4065 1195 4117; x_wconf 88' lang='grc' dir='ltr'>τυπῶσαι</span> <span class='ocrx_word' id='word_1_604' title='bbox 1265 4059 1681 4131; x_wconf 79' lang='grc' dir='ltr'>σπουδάζοντες,</span> <span class='ocrx_word' id='word_1_605' title='bbox 1747 4062 1838 4118; x_wconf 77' lang='grc' dir='ltr'><strong>ὅπι</strong></span> 
     </span>
    </p>
   </div>
   <div class='ocr_carea' id='block_1_84' title="bbox 2079 4059 3662 4138">
    <p class='ocr_par' dir='ltr' id='par_1_84' title="bbox 2079 4064 3662 4138">
     <span class='ocr_line' id='line_1_86' title="bbox 2079 4064 3662 4138; baseline 0.003 -20"><span class='ocrx_word' id='word_1_606' title='bbox 2079 4064 2586 4130; x_wconf 68' lang='grc' dir='ltr'>»ειτοτυω,ιθοοίε</span> <span class='ocrx_word' id='word_1_607' title='bbox 2602 4069 2660 4122; x_wconf 91' lang='lat' dir='ltr'><strong>et</strong></span> <span class='ocrx_word' id='word_1_608' title='bbox 2676 4064 3013 4132; x_wconf 82' lang='lat' dir='ltr'><strong>Alexandri,</strong></span> <span class='ocrx_word' id='word_1_609' title='bbox 3038 4064 3210 4121; x_wconf 74' lang='lat' dir='ltr'><strong>clam</strong></span> <span class='ocrx_word' id='word_1_610' title='bbox 3224 4067 3662 4138; x_wconf 67' lang='lat' dir='ltr'><strong>exercitamque</strong></span> 
     </span>
    </p>
   </div>
   <div class='ocr_carea' id='block_1_85' title="bbox 261 4148 1844 4230">
    <p class='ocr_par' dir='ltr' id='par_1_85' title="bbox 261 4148 1844 4230">
     <span class='ocr_line' id='line_1_87' title="bbox 261 4148 1844 4230; baseline 0 -23"><span class='ocrx_word' id='word_1_611' title='bbox 261 4152 332 4223; x_wconf 82' lang='grc' dir='ltr'>μή</span> <span class='ocrx_word' id='word_1_612' title='bbox 381 4151 540 4224; x_wconf 86' lang='grc' dir='ltr'>μόνον</span> <span class='ocrx_word' id='word_1_613' title='bbox 593 4153 644 4206; x_wconf 73' lang='grc' dir='ltr'>οἱ</span> <span class='ocrx_word' id='word_1_614' title='bbox 692 4149 816 4225; x_wconf 85' lang='grc' dir='ltr'>περὶ</span> <span class='ocrx_word' id='word_1_615' title='bbox 879 4154 1050 4205; x_wconf 77' lang='grc' dir='ltr'>ταῦτα</span> <span class='ocrx_word' id='word_1_616' title='bbox 1110 4148 1477 4230; x_wconf 72' lang='grc' dir='ltr'>ἐσχολακότες</span> <span class='ocrx_word' id='word_1_617' title='bbox 1533 4152 1631 4220; x_wconf 79' lang='grc' dir='ltr'><strong>τήν</strong></span> <span class='ocrx_word' id='word_1_618' title='bbox 1696 4151 1844 4227; x_wconf 73' lang='grc' dir='ltr'>εὖγεε</span> 
     </span>
    </p>
   </div>
   <div class='ocr_carea' id='block_1_86' title="bbox 2077 4148 3660 4230">
    <p class='ocr_par' dir='ltr' id='par_1_86' title="bbox 2077 4152 3660 4225">
     <span class='ocr_line' id='line_1_88' title="bbox 2077 4152 3660 4225; baseline 0 -14"><span class='ocrx_word' id='word_1_619' title='bbox 2077 4158 2264 4220; x_wconf 84' lang='lat' dir='ltr'><strong>erunt,</strong></span> <span class='ocrx_word' id='word_1_620' title='bbox 2309 4169 2487 4209; x_wconf 90' lang='lat' dir='ltr'><strong>unam</strong></span> <span class='ocrx_word' id='word_1_621' title='bbox 2530 4159 2657 4225; x_wconf 87' lang='lat' dir='ltr'><strong>post</strong></span> <span class='ocrx_word' id='word_1_622' title='bbox 2692 4152 2935 4209; x_wconf 90' lang='lat' dir='ltr'><strong>alteram</strong></span> <span class='ocrx_word' id='word_1_623' title='bbox 2966 4153 3243 4211; x_wconf 89' lang='lat' dir='ltr'><strong>continuo</strong></span> <span class='ocrx_word' id='word_1_624' title='bbox 3275 4154 3372 4210; x_wconf 81' lang='lat' dir='ltr'><strong>ﬁlo</strong></span> <span class='ocrx_word' id='word_1_625' title='bbox 3406 4155 3561 4211; x_wconf 88' lang='lat' dir='ltr'><strong>velut</strong></span> <span class='ocrx_word' id='word_1_626' title='bbox 3599 4155 3660 4212; x_wconf 89' lang='lat' dir='ltr'><strong>in</strong></span> 
     </span>
    </p>
   </div>
   <div class='ocr_carea' id='block_1_87' title="bbox 257 4236 1840 4316">
    <p class='ocr_par' dir='ltr' id='par_1_87' title="bbox 257 4236 1840 4316">
     <span class='ocr_line' id='line_1_89' title="bbox 257 4236 1840 4316; baseline 0 -21"><span class='ocrx_word' id='word_1_627' title='bbox 257 4239 446 4295; x_wconf 62' lang='grc' dir='ltr'>τούτων</span> <span class='ocrx_word' id='word_1_628' title='bbox 496 4239 804 4315; x_wconf 78' lang='grc' dir='ltr'>κατάληψιν</span> <span class='ocrx_word' id='word_1_629' title='bbox 849 4236 1081 4315; x_wconf 79' lang='grc' dir='ltr'>ἔχωσιν,</span> <span class='ocrx_word' id='word_1_630' title='bbox 1138 4239 1286 4295; x_wconf 89' lang='grc' dir='ltr'><strong>ἀλλά</strong></span> <span class='ocrx_word' id='word_1_631' title='bbox 1331 4240 1422 4295; x_wconf 81' lang='grc' dir='ltr'>καὶ</span> <span class='ocrx_word' id='word_1_632' title='bbox 1471 4241 1526 4294; x_wconf 76' lang='grc' dir='ltr'>οἱ</span> <span class='ocrx_word' id='word_1_633' title='bbox 1575 4239 1696 4296; x_wconf 87' lang='grc' dir='ltr'>λίαν</span> <span class='ocrx_word' id='word_1_634' title='bbox 1744 4240 1840 4316; x_wconf 79' lang='grc' dir='ltr'><strong>ἀμι</strong></span> 
     </span>
    </p>
   </div>
   <div class='ocr_carea' id='block_1_88' title="bbox 2079 4236 3662 4316">
    <p class='ocr_par' dir='ltr' id='par_1_88' title="bbox 2079 4241 3662 4312">
     <span class='ocr_line' id='line_1_90' title="bbox 2079 4241 3662 4312; baseline 0.001 -14"><span class='ocrx_word' id='word_1_635' title='bbox 2079 4242 2207 4298; x_wconf 80' lang='lat' dir='ltr'><strong>bula</strong></span> <span class='ocrx_word' id='word_1_636' title='bbox 2260 4256 2600 4312; x_wconf 90' lang='lat' dir='ltr'><strong>proponere.</strong></span> <span class='ocrx_word' id='word_1_637' title='bbox 2652 4242 2814 4309; x_wconf 89' lang='lat' dir='ltr'><strong>Quod</strong></span> <span class='ocrx_word' id='word_1_638' title='bbox 2864 4258 2930 4298; x_wconf 92' lang='lat' dir='ltr'><strong>eo</strong></span> <span class='ocrx_word' id='word_1_639' title='bbox 2980 4257 3097 4297; x_wconf 90' lang='lat' dir='ltr'><strong>non</strong></span> <span class='ocrx_word' id='word_1_640' title='bbox 3154 4241 3399 4298; x_wconf 83' lang='lat' dir='ltr'><strong>facimus</strong></span> <span class='ocrx_word' id='word_1_641' title='bbox 3445 4244 3662 4311; x_wconf 90' lang='lat' dir='ltr'><strong>animo,</strong></span> 
     </span>
    </p>
   </div>
   <div class='ocr_carea' id='block_1_89' title="bbox 258 4328 1841 4404">
    <p class='ocr_par' dir='ltr' id='par_1_89' title="bbox 258 4328 1841 4404">
     <span class='ocr_line' id='line_1_91' title="bbox 258 4328 1841 4404; baseline 0.001 -20"><span class='ocrx_word' id='word_1_642' title='bbox 258 4331 456 4402; x_wconf 84' lang='grc' dir='ltr'>θεῖςτῷ</span> <span class='ocrx_word' id='word_1_643' title='bbox 489 4335 670 4404; x_wconf 85' lang='grc' dir='ltr'>μικρῷ</span> <span class='ocrx_word' id='word_1_644' title='bbox 716 4329 896 4402; x_wconf 66' lang='grc' dir='ltr'>τούτῳ</span> <span class='ocrx_word' id='word_1_645' title='bbox 944 4329 1128 4385; x_wconf 86' lang='grc' dir='ltr'>κανόνι</span> <span class='ocrx_word' id='word_1_646' title='bbox 1175 4329 1435 4399; x_wconf 67' lang='grc' dir='ltr'>ἕπομενοι</span> <span class='ocrx_word' id='word_1_647' title='bbox 1484 4328 1841 4399; x_wconf 70' lang='grc' dir='ltr'>εὐκατάληπτ</span> 
     </span>
    </p>
   </div>
   <div class='ocr_carea' id='block_1_90' title="bbox 2079 4328 3662 4404">
    <p class='ocr_par' dir='ltr' id='par_1_90' title="bbox 2079 4329 3662 4402">
     <span class='ocr_line' id='line_1_92' title="bbox 2079 4329 3662 4402; baseline 0.002 -17"><span class='ocrx_word' id='word_1_648' title='bbox 2079 4347 2291 4402; x_wconf 89' lang='lat' dir='ltr'><strong>nquam</strong></span> <span class='ocrx_word' id='word_1_649' title='bbox 2316 4329 2650 4386; x_wconf 89' lang='lat' dir='ltr'><strong>convulsuri</strong></span> <span class='ocrx_word' id='word_1_650' title='bbox 2672 4338 2725 4385; x_wconf 83' lang='lat' dir='ltr'><strong>et</strong></span> <span class='ocrx_word' id='word_1_651' title='bbox 2748 4330 3003 4386; x_wconf 88' lang='lat' dir='ltr'><strong>eversuri</strong></span> <span class='ocrx_word' id='word_1_652' title='bbox 3026 4334 3286 4385; x_wconf 89' lang='lat' dir='ltr'><strong>veterum</strong></span> <span class='ocrx_word' id='word_1_653' title='bbox 3301 4331 3541 4402; x_wconf 89' lang='lat' dir='ltr'><strong>scripta,</strong></span> <span class='ocrx_word' id='word_1_654' title='bbox 3558 4331 3662 4388; x_wconf 91' lang='lat' dir='ltr'><strong>sed</strong></span> 
     </span>
    </p>
   </div>
   <div class='ocr_carea' id='block_1_91' title="bbox 261 4418 1844 4498">
    <p class='ocr_par' dir='ltr' id='par_1_91' title="bbox 261 4418 1844 4498">
     <span class='ocr_line' id='line_1_93' title="bbox 261 4418 1844 4498; baseline -0.001 -24"><span class='ocrx_word' id='word_1_655' title='bbox 261 4420 342 4474; x_wconf 82' lang='grc' dir='ltr'><strong>καὶ</strong></span> <span class='ocrx_word' id='word_1_656' title='bbox 380 4426 515 4498; x_wconf 78' lang='grc' dir='ltr'>σαφῆ</span> <span class='ocrx_word' id='word_1_657' title='bbox 564 4422 664 4489; x_wconf 79' lang='grc' dir='ltr'><strong>τὴν</strong></span> <span class='ocrx_word' id='word_1_658' title='bbox 718 4421 841 4493; x_wconf 82' lang='grc' dir='ltr'>περῖ</span> <span class='ocrx_word' id='word_1_659' title='bbox 891 4420 989 4481; x_wconf 77' lang='grc' dir='ltr'><strong>τὰς</strong></span> <span class='ocrx_word' id='word_1_660' title='bbox 1042 4419 1217 4488; x_wconf 80' lang='grc' dir='ltr'>τάξεις</span> <span class='ocrx_word' id='word_1_661' title='bbox 1284 4418 1573 4493; x_wconf 85' lang='grc' dir='ltr'>εὑρίσκωσι</span> <span class='ocrx_word' id='word_1_662' title='bbox 1639 4439 1844 4495; x_wconf 75' lang='grc' dir='ltr'>πραγμε</span> 
     </span>
    </p>
   </div>
   <div class='ocr_carea' id='block_1_92' title="bbox 2083 4418 3666 4498">
    <p class='ocr_par' dir='ltr' id='par_1_92' title="bbox 2083 4419 3666 4492">
     <span class='ocr_line' id='line_1_94' title="bbox 2083 4419 3666 4492; baseline 0.001 -16"><span class='ocrx_word' id='word_1_663' title='bbox 2083 4420 2380 4476; x_wconf 84' lang='lat' dir='ltr'><strong>Jdebimus</strong></span> <span class='ocrx_word' id='word_1_664' title='bbox 2411 4420 2482 4476; x_wconf 91' lang='lat' dir='ltr'><strong>de</strong></span> <span class='ocrx_word' id='word_1_665' title='bbox 2512 4419 2606 4476; x_wconf 84' lang='lat' dir='ltr'><strong>b‘is</strong></span> <span class='ocrx_word' id='word_1_666' title='bbox 2637 4420 2813 4475; x_wconf 89' lang='lat' dir='ltr'><strong>rebus</strong></span> <span class='ocrx_word' id='word_1_667' title='bbox 2844 4424 3131 4492; x_wconf 67' lang='lat' dir='ltr'><strong>praecepta</strong></span> <span class='ocrx_word' id='word_1_668' title='bbox 3158 4419 3395 4479; x_wconf 88' lang='lat' dir='ltr'><strong>velutin</strong></span> <span class='ocrx_word' id='word_1_669' title='bbox 3416 4422 3666 4477; x_wconf 85' lang='lat' dir='ltr'><strong>canonis</strong></span> 
     </span>
    </p>
   </div>
   <div class='ocr_carea' id='block_1_93' title="bbox 261 4505 1844 4582">
    <p class='ocr_par' dir='ltr' id='par_1_93' title="bbox 261 4505 1844 4582">
     <span class='ocr_line' id='line_1_95' title="bbox 261 4505 1844 4582; baseline 0.001 -21"><span class='ocrx_word' id='word_1_670' title='bbox 261 4507 410 4564; x_wconf 85' lang='grc' dir='ltr'>τείαν.</span> <span class='ocrx_word' id='word_1_671' title='bbox 462 4508 538 4565; x_wconf 79' lang='grc' dir='ltr'>υύ</span> <span class='ocrx_word' id='word_1_672' title='bbox 585 4510 688 4582; x_wconf 77' lang='grc' dir='ltr'>γὰρ</span> <span class='ocrx_word' id='word_1_673' title='bbox 737 4505 946 4562; x_wconf 79' lang='grc' dir='ltr'>δίκαιον</span> <span class='ocrx_word' id='word_1_674' title='bbox 1025 4506 1332 4582; x_wconf 78' lang='grc' dir='ltr'>ἐκρίναμεν,</span> <span class='ocrx_word' id='word_1_675' title='bbox 1394 4508 1521 4571; x_wconf 83' lang='grc' dir='ltr'>τοὺς</span> <span class='ocrx_word' id='word_1_676' title='bbox 1589 4509 1666 4581; x_wconf 83' lang='grc' dir='ltr'>μή</span> <span class='ocrx_word' id='word_1_677' title='bbox 1733 4512 1844 4563; x_wconf 77' lang='grc' dir='ltr'>ταῦ·</span> 
     </span>
    </p>
   </div>
   <div class='ocr_carea' id='block_1_94' title="bbox 2079 4505 3662 4582">
    <p class='ocr_par' dir='ltr' id='par_1_94' title="bbox 2079 4508 3662 4582">
     <span class='ocr_line' id='line_1_96' title="bbox 2079 4508 3662 4582; baseline 0.001 -17"><span class='ocrx_word' id='word_1_678' title='bbox 2079 4508 2315 4565; x_wconf 89' lang='lat' dir='ltr'><strong>odulum</strong></span> <span class='ocrx_word' id='word_1_679' title='bbox 2350 4510 2613 4582; x_wconf 88' lang='lat' dir='ltr'><strong>redigere</strong></span> <span class='ocrx_word' id='word_1_680' title='bbox 2645 4525 2796 4580; x_wconf 90' lang='lat' dir='ltr'><strong>;quo</strong></span> <span class='ocrx_word' id='word_1_681' title='bbox 2823 4525 2936 4565; x_wconf 90' lang='lat' dir='ltr'><strong>non</strong></span> <span class='ocrx_word' id='word_1_682' title='bbox 2967 4509 3053 4565; x_wconf 89' lang='lat' dir='ltr'><strong>illi</strong></span> <span class='ocrx_word' id='word_1_683' title='bbox 3076 4511 3427 4582; x_wconf 88' lang='lat' dir='ltr'><strong>tantum,qui</strong></span> <span class='ocrx_word' id='word_1_684' title='bbox 3451 4510 3662 4566; x_wconf 89' lang='lat' dir='ltr'><strong>iisdem</strong></span> 
     </span>
    </p>
   </div>
   <div class='ocr_carea' id='block_1_95' title="bbox 264 4584 1847 4676">
    <p class='ocr_par' dir='ltr' id='par_1_95' title="bbox 264 4591 1847 4676">
     <span class='ocr_line' id='line_1_97' title="bbox 264 4591 1847 4676; baseline 0.001 -26"><span class='ocrx_word' id='word_1_685' title='bbox 264 4591 482 4667; x_wconf 77' lang='grc' dir='ltr'>ἀκριϐῶς</span> <span class='ocrx_word' id='word_1_686' title='bbox 528 4596 926 4670; x_wconf 70' lang='grc' dir='ltr'>ἐξησκημένους</span> <span class='ocrx_word' id='word_1_687' title='bbox 974 4595 1029 4651; x_wconf 75' lang='grc' dir='ltr'>ἐν</span> <span class='ocrx_word' id='word_1_688' title='bbox 1085 4599 1154 4671; x_wconf 78' lang='grc' dir='ltr'><strong>τῇ</strong></span> <span class='ocrx_word' id='word_1_689' title='bbox 1201 4595 1427 4670; x_wconf 77' lang='grc' dir='ltr'>τοιαύτῃ</span> <span class='ocrx_word' id='word_1_690' title='bbox 1478 4597 1741 4676; x_wconf 83' lang='grc' dir='ltr'>τετάχθαι</span> <span class='ocrx_word' id='word_1_691' title='bbox 1793 4598 1847 4674; x_wconf 72' lang='grc' dir='ltr'>βα</span> 
     </span>
    </p>
   </div>
   <div class='ocr_carea' id='block_1_96' title="bbox 2076 4584 3659 4676">
    <p class='ocr_par' dir='ltr' id='par_1_96' title="bbox 2076 4597 3659 4672">
     <span class='ocr_line' id='line_1_98' title="bbox 2076 4597 3659 4672; baseline 0.001 -19"><span class='ocrx_word' id='word_1_692' title='bbox 2076 4615 2125 4653; x_wconf 91' lang='lat' dir='ltr'><strong>m</strong></span> <span class='ocrx_word' id='word_1_693' title='bbox 2176 4616 2212 4655; x_wconf 89' lang='lat' dir='ltr'><strong>a</strong></span> <span class='ocrx_word' id='word_1_694' title='bbox 2253 4599 2426 4672; x_wconf 89' lang='lat' dir='ltr'><strong>longo</strong></span> <span class='ocrx_word' id='word_1_695' title='bbox 2468 4604 2728 4669; x_wconf 89' lang='lat' dir='ltr'><strong>tempore</strong></span> <span class='ocrx_word' id='word_1_696' title='bbox 2769 4602 3148 4671; x_wconf 89' lang='lat' dir='ltr'><strong>occupantur,</strong></span> <span class='ocrx_word' id='word_1_697' title='bbox 3189 4597 3421 4655; x_wconf 82' lang='lat' dir='ltr'><strong>facilem</strong></span> <span class='ocrx_word' id='word_1_698' title='bbox 3459 4615 3659 4655; x_wconf 87' lang='lat' dir='ltr'><strong>earum</strong></span> 
     </span>
    </p>
   </div>
   <div class='ocr_carea' id='block_1_97' title="bbox 267 4682 1850 4761">
    <p class='ocr_par' dir='ltr' id='par_1_97' title="bbox 267 4682 1850 4761">
     <span class='ocr_line' id='line_1_99' title="bbox 267 4682 1850 4761; baseline -0.001 -23"><span class='ocrx_word' id='word_1_699' title='bbox 267 4682 436 4759; x_wconf 79' lang='grc' dir='ltr'>σιλικῇ</span> <span class='ocrx_word' id='word_1_700' title='bbox 467 4684 800 4760; x_wconf 82' lang='grc' dir='ltr'>λειτουργίᾳ,</span> <span class='ocrx_word' id='word_1_701' title='bbox 848 4683 933 4739; x_wconf 80' lang='grc' dir='ltr'><strong>ὅτι</strong></span> <span class='ocrx_word' id='word_1_702' title='bbox 984 4682 1117 4740; x_wconf 80' lang='grc' dir='ltr'>οὐδὶ</span> <span class='ocrx_word' id='word_1_703' title='bbox 1164 4685 1351 4761; x_wconf 86' lang='grc' dir='ltr'>ἀσόφῳ</span> <span class='ocrx_word' id='word_1_704' title='bbox 1379 4685 1472 4739; x_wconf 81' lang='grc' dir='ltr'><strong>καὶ</strong></span> <span class='ocrx_word' id='word_1_705' title='bbox 1500 4685 1706 4759; x_wconf 82' lang='grc' dir='ltr'>ἀμαθεῖ</span> <span class='ocrx_word' id='word_1_706' title='bbox 1736 4687 1850 4760; x_wconf 84' lang='grc' dir='ltr'>βασι</span> 
     </span>
    </p>
   </div>
   <div class='ocr_carea' id='block_1_98' title="bbox 2077 4682 3660 4761">
    <p class='ocr_par' dir='ltr' id='par_1_98' title="bbox 2079 4686 3660 4759">
     <span class='ocr_line' id='line_1_100' title="bbox 2079 4686 3660 4759; baseline 0.001 -17"><span class='ocrx_word' id='word_1_707' title='bbox 2079 4691 2382 4759; x_wconf 89' lang='lat' dir='ltr'><strong>nspectum</strong></span> <span class='ocrx_word' id='word_1_708' title='bbox 2415 4687 2866 4759; x_wconf 87' lang='lat' dir='ltr'><strong>doctrinamque</strong></span> <span class='ocrx_word' id='word_1_709' title='bbox 2885 4686 3155 4756; x_wconf 88' lang='lat' dir='ltr'><strong>habeant,</strong></span> <span class='ocrx_word' id='word_1_710' title='bbox 3179 4687 3278 4743; x_wconf 90' lang='lat' dir='ltr'><strong>sed</strong></span> <span class='ocrx_word' id='word_1_711' title='bbox 3297 4690 3353 4743; x_wconf 91' lang='lat' dir='ltr'><strong>et</strong></span> <span class='ocrx_word' id='word_1_712' title='bbox 3373 4687 3460 4743; x_wconf 93' lang='lat' dir='ltr'><strong>vel</strong></span> <span class='ocrx_word' id='word_1_713' title='bbox 3486 4686 3660 4743; x_wconf 82' lang='lat' dir='ltr'><strong>maxi-</strong></span> 
     </span>
    </p>
   </div>
   <div class='ocr_carea' id='block_1_99' title="bbox 268 4770 1851 4851">
    <p class='ocr_par' dir='ltr' id='par_1_99' title="bbox 268 4770 1851 4849">
     <span class='ocr_line' id='line_1_101' title="bbox 268 4770 1851 4849; baseline 0.001 -22"><span class='ocrx_word' id='word_1_714' title='bbox 268 4770 347 4828; x_wconf 85' lang='grc' dir='ltr'><strong>λεῖ</strong></span> <span class='ocrx_word' id='word_1_715' title='bbox 387 4774 707 4846; x_wconf 85' lang='grc' dir='ltr'>παρεστάναι</span> <span class='ocrx_word' id='word_1_716' title='bbox 752 4776 917 4845; x_wconf 72' lang='grc' dir='ltr'>ἡμεῖς</span> <span class='ocrx_word' id='word_1_717' title='bbox 975 4774 1405 4849; x_wconf 81' lang='grc' dir='ltr'>εὗμοιρήσαμεν,</span> <span class='ocrx_word' id='word_1_718' title='bbox 1456 4772 1604 4829; x_wconf 87' lang='grc' dir='ltr'><strong>ἀλλά</strong></span> <span class='ocrx_word' id='word_1_719' title='bbox 1650 4773 1788 4829; x_wconf 84' lang='grc' dir='ltr'>πάνυ</span> <span class='ocrx_word' id='word_1_720' title='bbox 1837 4798 1851 4847; x_wconf 59' lang='grc' dir='ltr'><strong>τ</strong></span> 
     </span>
    </p>
   </div>
   <div class='ocr_carea' id='block_1_100' title="bbox 2082 4770 3665 4851">
    <p class='ocr_par' dir='ltr' id='par_1_100' title="bbox 2082 4775 3665 4847">
     <span class='ocr_line' id='line_1_102' title="bbox 2082 4775 3665 4847; baseline 0.001 -17"><span class='ocrx_word' id='word_1_721' title='bbox 2082 4792 2102 4831; x_wconf 74' lang='lat'><strong>3</strong></span> <span class='ocrx_word' id='word_1_722' title='bbox 2133 4776 2329 4846; x_wconf 90' lang='lat' dir='ltr'><strong>rudes,</strong></span> <span class='ocrx_word' id='word_1_723' title='bbox 2364 4776 2682 4832; x_wconf 89' lang='lat' dir='ltr'><strong>dummodo</strong></span> <span class='ocrx_word' id='word_1_724' title='bbox 2711 4775 2986 4847; x_wconf 81' lang='lat' dir='ltr'><strong>exiguum</strong></span> <span class='ocrx_word' id='word_1_725' title='bbox 3006 4775 3167 4832; x_wconf 88' lang='lat' dir='ltr'><strong>hunc</strong></span> <span class='ocrx_word' id='word_1_726' title='bbox 3190 4792 3474 4833; x_wconf 90' lang='lat' dir='ltr'><strong>canonem</strong></span> <span class='ocrx_word' id='word_1_727' title='bbox 3500 4792 3665 4832; x_wconf 83' lang='lat' dir='ltr'><strong>asse-</strong></span> 
     </span>
    </p>
   </div>
   <div class='ocr_carea' id='block_1_101' title="bbox 271 4857 1854 4940">
    <p class='ocr_par' dir='ltr' id='par_1_101' title="bbox 271 4857 1854 4940">
     <span class='ocr_line' id='line_1_103' title="bbox 271 4857 1854 4940; baseline 0.002 -25"><span class='ocrx_word' id='word_1_728' title='bbox 271 4861 542 4940; x_wconf 79' lang='grc' dir='ltr'>σοφωτάτῳ</span> <span class='ocrx_word' id='word_1_729' title='bbox 571 4861 663 4917; x_wconf 82' lang='grc' dir='ltr'><strong>καὶ</strong></span> <span class='ocrx_word' id='word_1_730' title='bbox 713 4860 868 4938; x_wconf 86' lang='grc' dir='ltr'>λόγῳ</span> <span class='ocrx_word' id='word_1_731' title='bbox 907 4863 996 4917; x_wconf 83' lang='grc' dir='ltr'><strong>καὶ</strong></span> <span class='ocrx_word' id='word_1_732' title='bbox 1045 4857 1192 4937; x_wconf 79' lang='grc' dir='ltr'><strong>ἔργῳ</strong></span> <span class='ocrx_word' id='word_1_733' title='bbox 1237 4866 1307 4936; x_wconf 84' lang='grc' dir='ltr'><strong>τῇ</strong></span> <span class='ocrx_word' id='word_1_734' title='bbox 1358 4859 1562 4918; x_wconf 74' lang='grc' dir='ltr'>ἀνωθεν</span> <span class='ocrx_word' id='word_1_735' title='bbox 1588 4863 1778 4939; x_wconf 85' lang='grc' dir='ltr'>χάριτι</span> <span class='ocrx_word' id='word_1_736' title='bbox 1807 4883 1854 4918; x_wconf 88' lang='grc' dir='ltr'><strong>τι</strong></span> 
     </span>
    </p>
   </div>
   <div class='ocr_carea' id='block_1_102' title="bbox 2079 4857 3662 4940">
    <p class='ocr_par' dir='ltr' id='par_1_102' title="bbox 2079 4865 3662 4940">
     <span class='ocr_line' id='line_1_104' title="bbox 2079 4865 3662 4940; baseline -0.001 -18"><span class='ocrx_word' id='word_1_737' title='bbox 2079 4871 2261 4935; x_wconf 82' lang='lat' dir='ltr'><strong>entur,</strong></span> <span class='ocrx_word' id='word_1_738' title='bbox 2294 4867 2662 4940; x_wconf 85' lang='lat' dir='ltr'><strong>perspicuam</strong></span> <span class='ocrx_word' id='word_1_739' title='bbox 2694 4870 2752 4923; x_wconf 87' lang='lat' dir='ltr'><strong>et</strong></span> <span class='ocrx_word' id='word_1_740' title='bbox 2789 4870 2963 4939; x_wconf 87' lang='lat' dir='ltr'><strong>captu</strong></span> <span class='ocrx_word' id='word_1_741' title='bbox 2996 4866 3225 4924; x_wconf 81' lang='lat' dir='ltr'><strong>facilem</strong></span> <span class='ocrx_word' id='word_1_742' title='bbox 3257 4867 3329 4923; x_wconf 90' lang='lat' dir='ltr'><strong>de</strong></span> <span class='ocrx_word' id='word_1_743' title='bbox 3355 4865 3662 4924; x_wconf 78' lang='lat' dir='ltr'><strong>ordinibus</strong></span> 
     </span>
    </p>
   </div>
   <div class='ocr_carea' id='block_1_103' title="bbox 1615 5006 2298 5065">
    <p class='ocr_par' dir='ltr' id='par_1_103' title="bbox 1615 5006 2298 5065">
     <span class='ocr_line' id='line_1_105' title="bbox 1615 5006 2298 5065; baseline 0 -5"><span class='ocrx_word' id='word_1_744' title='bbox 1615 5006 1855 5063; x_wconf 68' lang='lat' dir='ltr'><strong>VARI/ﬁ</strong></span> <span class='ocrx_word' id='word_1_745' title='bbox 1891 5006 2298 5065; x_wconf 85' lang='lat' dir='ltr'><strong>LECTIONES.</strong></span> 
     </span>
    </p>
   </div>
   <div class='ocr_carea' id='block_1_104' title="bbox 334 5110 2240 5187">
    <p class='ocr_par' dir='ltr' id='par_1_104' title="bbox 334 5110 2240 5187">
     <span class='ocr_line' id='line_1_106' title="bbox 334 5110 2240 5187; baseline 0 -16"><span class='ocrx_word' id='word_1_746' title='bbox 334 5115 377 5151; x_wconf 83' lang='grc'><strong>⁷⁴</strong></span> <span class='ocrx_word' id='word_1_747' title='bbox 411 5114 548 5172; x_wconf 82' lang='grc' dir='ltr'>ἄλλο</span> <span class='ocrx_word' id='word_1_748' title='bbox 590 5116 716 5173; x_wconf 89' lang='lat' dir='ltr'><strong>cod.</strong></span> <span class='ocrx_word' id='word_1_749' title='bbox 747 5120 805 5173; x_wconf 93' lang='lat' dir='ltr'><strong>et</strong></span> <span class='ocrx_word' id='word_1_750' title='bbox 833 5115 950 5184; x_wconf 83' lang='lat' dir='ltr'><strong>ed.;</strong></span> <span class='ocrx_word' id='word_1_751' title='bbox 992 5120 1057 5171; x_wconf 90' lang='lat' dir='ltr'><strong>ut</strong></span> <span class='ocrx_word' id='word_1_752' title='bbox 1085 5116 1263 5187; x_wconf 90' lang='lat' dir='ltr'><strong>paulo</strong></span> <span class='ocrx_word' id='word_1_753' title='bbox 1293 5123 1441 5186; x_wconf 89' lang='lat' dir='ltr'><strong>post.</strong></span> <span class='ocrx_word' id='word_1_754' title='bbox 1521 5113 1568 5150; x_wconf 83' lang='grc'>⁷⁸</span> <span class='ocrx_word' id='word_1_755' title='bbox 1598 5110 1869 5169; x_wconf 79' lang='grc' dir='ltr'>διαστὲλει</span> <span class='ocrx_word' id='word_1_756' title='bbox 1902 5116 2032 5173; x_wconf 90' lang='lat' dir='ltr'><strong>cod.</strong></span> <span class='ocrx_word' id='word_1_757' title='bbox 2064 5120 2122 5173; x_wconf 89' lang='lat' dir='ltr'><strong>et</strong></span> <span class='ocrx_word' id='word_1_758' title='bbox 2149 5117 2240 5173; x_wconf 91' lang='lat' dir='ltr'><strong>ed.</strong></span> 
     </span>
    </p>
   </div>
   <div class='ocr_carea' id='block_1_105' title="bbox 1292 5241 2614 5305">
    <p class='ocr_par' dir='ltr' id='par_1_105' title="bbox 1292 5241 2614 5305">
     <span class='ocr_line' id='line_1_107' title="bbox 1292 5241 2614 5305; baseline 0.001 -5"><span class='ocrx_word' id='word_1_759' title='bbox 1292 5242 1493 5300; x_wconf 86' lang='lat' dir='ltr'><strong>JOAN.</strong></span> <span class='ocrx_word' id='word_1_760' title='bbox 1532 5242 1678 5300; x_wconf 88' lang='lat' dir='ltr'><strong>JAC.</strong></span> <span class='ocrx_word' id='word_1_761' title='bbox 1725 5241 1987 5301; x_wconf 84' lang='lat' dir='ltr'><strong>REISKII</strong></span> <span class='ocrx_word' id='word_1_762' title='bbox 2026 5243 2614 5305; x_wconf 84' lang='lat' dir='ltr'><strong>COMMENTARIUS.</strong></span> 
     </span>
    </p>
   </div>
   <div class='ocr_carea' id='block_1_106' title="bbox 281 5355 3666 5440">
    <p class='ocr_par' dir='ltr' id='par_1_106' title="bbox 281 5355 3666 5440">
     <span class='ocr_line' id='line_1_108' title="bbox 281 5355 3666 5440; baseline 0 -25"><span class='ocrx_word' id='word_1_763' title='bbox 281 5358 496 5440; x_wconf 43' lang='grc' dir='ltr'>νηᾳιςνὶκ</span> <span class='ocrx_word' id='word_1_764' title='bbox 525 5359 876 5440; x_wconf 39' lang='grc' dir='ltr'>φιλικῇς-καὶ</span> <span class='ocrx_word' id='word_1_765' title='bbox 911 5358 1261 5440; x_wconf 63' lang='grc' dir='ltr'>εὐγνώμονος</span> <span class='ocrx_word' id='word_1_766' title='bbox 1298 5355 1587 5440; x_wconf 55' lang='grc' dir='ltr'>διαθέσεως</span> <span class='ocrx_word' id='word_1_767' title='bbox 1629 5358 1903 5440; x_wconf 64' lang='grc' dir='ltr'>οἰκείωσιν</span> <span class='ocrx_word' id='word_1_768' title='bbox 2015 5366 2323 5440; x_wconf 78' lang='lat' dir='ltr'><strong>gnatorum.</strong></span> <span class='ocrx_word' id='word_1_769' title='bbox 2354 5369 2544 5440; x_wconf 14' lang='lat' dir='ltr'><strong>_Saagpe</strong></span> <span class='ocrx_word' id='word_1_770' title='bbox 2586 5364 2717 5440; x_wconf 80' lang='lat' dir='ltr'><strong>novi</strong></span> <span class='ocrx_word' id='word_1_771' title='bbox 2768 5363 2948 5440; x_wconf 52' lang='lat' dir='ltr'><strong>Graeci</strong></span> <span class='ocrx_word' id='word_1_772' title='bbox 2993 5361 3049 5440; x_wconf 60' lang='lat' dir='ltr'><strong>tv</strong></span> <span class='ocrx_word' id='word_1_773' title='bbox 3097 5364 3161 5440; x_wconf 87' lang='lat' dir='ltr'><strong>et_</strong></span> <span class='ocrx_word' id='word_1_774' title='bbox 3198 5357 3292 5440; x_wconf 63' lang='grc' dir='ltr'><strong>σόν</strong></span> <span class='ocrx_word' id='word_1_775' title='bbox 3335 5362 3666 5440; x_wconf 61' lang='lat' dir='ltr'><strong>promiscue</strong></span> 
     </span>
    </p>
   </div>
   <div class='ocr_carea' id='block_1_107' title="bbox 285 5425 3663 5509">
    <p class='ocr_par' dir='ltr' id='par_1_107' title="bbox 285 5425 3663 5509">
     <span class='ocr_line' id='line_1_109' title="bbox 285 5425 3663 5509; baseline -0.001 -21"><span class='ocrx_word' id='word_1_776' title='bbox 285 5425 360 5509; x_wconf 58' lang='lat' dir='ltr'><strong>xii</strong></span> <span class='ocrx_word' id='word_1_777' title='bbox 386 5425 579 5509; x_wconf 71' lang='grc' dir='ltr'>εὔνοιάν</span> <span class='ocrx_word' id='word_1_778' title='bbox 610 5425 731 5509; x_wconf 64' lang='grc' dir='ltr'>τρῖς</span> <span class='ocrx_word' id='word_1_779' title='bbox 761 5425 1645 5509; x_wconf 39' lang='grc' dir='ltr'>ἠγαπημένοις-ἐπαγγελλομένη.</span> <span class='ocrx_word' id='word_1_780' title='bbox 1680 5434 1757 5509; x_wconf 62' lang='lat' dir='ltr'><strong>De</strong></span> <span class='ocrx_word' id='word_1_781' title='bbox 1796 5447 1906 5504; x_wconf 89' lang='lat' dir='ltr'><strong>quo</strong></span> <span class='ocrx_word' id='word_1_782' title='bbox 2015 5425 2326 5507; x_wconf 56' lang='lat' dir='ltr'><strong>usurpant.</strong></span> <span class='ocrx_word' id='word_1_783' title='bbox 2353 5436 2432 5509; x_wconf 76' lang='lat' dir='ltr'><strong>Ita</strong></span> <span class='ocrx_word' id='word_1_784' title='bbox 2452 5425 2768 5509; x_wconf 66' lang='lat' dir='ltr'><strong>Procopius</strong></span> <span class='ocrx_word' id='word_1_785' title='bbox 2792 5431 3187 5509; x_wconf 66' lang='lat' dir='ltr'><strong>p._83,_tl,_ed.</strong></span> <span class='ocrx_word' id='word_1_786' title='bbox 3213 5425 3496 5509; x_wconf 47' lang='lat' dir='ltr'><strong>Hmscbe}</strong></span> <span class='ocrx_word' id='word_1_787' title='bbox 3521 5425 3663 5509; x_wconf 63' lang='grc' dir='ltr'>ἕνδε-</span> 
     </span>
    </p>
   </div>
   <div class='ocr_carea' id='block_1_108' title="bbox 288 5502 3662 5578">
    <p class='ocr_par' dir='ltr' id='par_1_108' title="bbox 288 5502 3662 5578">
     <span class='ocr_line' id='line_1_110' title="bbox 288 5502 3662 5578; baseline -0.002 -18"><span class='ocrx_word' id='word_1_788' title='bbox 288 5506 417 5578; x_wconf 80' lang='lat' dir='ltr'><strong>cullu</strong></span> <span class='ocrx_word' id='word_1_789' title='bbox 460 5507 577 5562; x_wconf 86' lang='lat' dir='ltr'><strong>vid.</strong></span> <span class='ocrx_word' id='word_1_790' title='bbox 621 5505 792 5561; x_wconf 84' lang='lat' dir='ltr'><strong>Goer.</strong></span> <span class='ocrx_word' id='word_1_791' title='bbox 815 5502 902 5559; x_wconf 61' lang='lat' dir='ltr'><strong>&#39;ad</strong></span> <span class='ocrx_word' id='word_1_792' title='bbox 940 5502 1373 5578; x_wconf 28' lang='lat' dir='ltr'><strong>Theophan.fp.</strong></span> <span class='ocrx_word' id='word_1_793' title='bbox 1414 5502 1675 5578; x_wconf 64' lang='lat' dir='ltr'><strong>349,_Du</strong></span> <span class='ocrx_word' id='word_1_794' title='bbox 1716 5502 1908 5578; x_wconf 67' lang='lat' dir='ltr'><strong>geuge</strong></span> <span class='ocrx_word' id='word_1_795' title='bbox 2020 5502 2181 5578; x_wconf 78' lang='grc' dir='ltr'>σμον’</span> <span class='ocrx_word' id='word_1_796' title='bbox 2208 5523 2310 5577; x_wconf 88' lang='lat' dir='ltr'><strong>pro</strong></span> <span class='ocrx_word' id='word_1_797' title='bbox 2350 5502 2657 5578; x_wconf 61' lang='grc' dir='ltr'>σύνδεσμον</span> <span class='ocrx_word' id='word_1_798' title='bbox 2684 5502 2907 5578; x_wconf 75' lang='grc' dir='ltr'><strong>ροεύἰῑ.</strong></span> <span class='ocrx_word' id='word_1_799' title='bbox 2956 5504 3242 5578; x_wconf 78' lang='lat' dir='ltr'><strong>Zosimus,</strong></span> <span class='ocrx_word' id='word_1_800' title='bbox 3289 5502 3497 5578; x_wconf 49' lang='lat'><strong>11,19,</strong></span> <span class='ocrx_word' id='word_1_801' title='bbox 3528 5504 3571 5578; x_wconf 43' lang='grc' dir='ltr'><strong>-ε</strong></span> <span class='ocrx_word' id='word_1_802' title='bbox 3606 5502 3662 5571; x_wconf 90' lang='grc'><strong>7,</strong></span> 
     </span>
    </p>
   </div>
   <div class='ocr_carea' id='block_1_109' title="bbox 290 5573 3662 5650">
    <p class='ocr_par' dir='ltr' id='par_1_109' title="bbox 290 5573 3662 5650">
     <span class='ocr_line' id='line_1_111' title="bbox 290 5573 3662 5650; baseline -0.001 -19"><span class='ocrx_word' id='word_1_803' title='bbox 290 5577 395 5650; x_wconf 78' lang='lat' dir='ltr'><strong>CPli</strong></span> <span class='ocrx_word' id='word_1_804' title='bbox 433 5578 642 5634; x_wconf 88' lang='lat' dir='ltr'><strong>Christ.</strong></span> <span class='ocrx_word' id='word_1_805' title='bbox 688 5578 789 5650; x_wconf 74' lang='lat' dir='ltr'><strong>Il],</strong></span> <span class='ocrx_word' id='word_1_806' title='bbox 823 5593 873 5650; x_wconf 72' lang='grc' dir='ltr'>ο.</span> <span class='ocrx_word' id='word_1_807' title='bbox 918 5577 1009 5642; x_wconf 86' lang='grc'>61,</span> <span class='ocrx_word' id='word_1_808' title='bbox 1040 5574 1606 5650; x_wconf 78' lang='lat' dir='ltr'><strong>ad_A|exiad.p.293,</strong></span> <span class='ocrx_word' id='word_1_809' title='bbox 1634 5579 1691 5629; x_wconf 89' lang='lat' dir='ltr'><strong>et</strong></span> <span class='ocrx_word' id='word_1_810' title='bbox 1719 5573 1903 5631; x_wconf 75' lang='lat' dir='ltr'><strong>Gloss.</strong></span> <span class='ocrx_word' id='word_1_811' title='bbox 2019 5573 2305 5650; x_wconf 70' lang='grc' dir='ltr'>ἐμπίπτειν</span> <span class='ocrx_word' id='word_1_812' title='bbox 2362 5597 2464 5650; x_wconf 89' lang='lat' dir='ltr'><strong>pro</strong></span> <span class='ocrx_word' id='word_1_813' title='bbox 2522 5573 2898 5650; x_wconf 37' lang='lat' dir='ltr'><strong>«pulsem,</strong></span> <span class='ocrx_word' id='word_1_814' title='bbox 2933 5573 3166 5630; x_wconf 84' lang='lat' dir='ltr'><strong>Anthol.</strong></span> <span class='ocrx_word' id='word_1_815' title='bbox 3234 5591 3301 5650; x_wconf 89' lang='lat' dir='ltr'><strong>p_</strong></span> <span class='ocrx_word' id='word_1_816' title='bbox 3348 5575 3474 5650; x_wconf 69' lang='lat'><strong>296,</strong></span> <span class='ocrx_word' id='word_1_817' title='bbox 3525 5574 3662 5629; x_wconf 89' lang='lat' dir='ltr'><strong>item</strong></span> 
     </span>
    </p>
   </div>
   <div class='ocr_carea' id='block_1_110' title="bbox 295 5645 3662 5727">
    <p class='ocr_par' dir='ltr' id='par_1_110' title="bbox 295 5645 3662 5727">
     <span class='ocr_line' id='line_1_112' title="bbox 295 5645 3662 5727; baseline -0.002 -23"><span class='ocrx_word' id='word_1_818' title='bbox 295 5649 438 5727; x_wconf 54' lang='lat' dir='ltr'><strong>Grec.</strong></span> <span class='ocrx_word' id='word_1_819' title='bbox 472 5650 528 5727; x_wconf 44' lang='lat' dir='ltr'><strong>lt</strong></span> <span class='ocrx_word' id='word_1_820' title='bbox 563 5654 707 5727; x_wconf 68' lang='lat' dir='ltr'><strong>v._e_t</strong></span> <span class='ocrx_word' id='word_1_821' title='bbox 738 5647 929 5727; x_wconf 85' lang='lat' dir='ltr'><strong>Latin.</strong></span> <span class='ocrx_word' id='word_1_822' title='bbox 961 5662 1015 5701; x_wconf 85' lang='grc' dir='ltr'>ν.</span> <span class='ocrx_word' id='word_1_823' title='bbox 1050 5645 1356 5727; x_wconf 57' lang='lat' dir='ltr'><strong>Afraniana.</strong></span> <span class='ocrx_word' id='word_1_824' title='bbox 1431 5645 1434 5646; x_wconf 61' lang='grc'><strong><em>⁷</em></strong></span> <span class='ocrx_word' id='word_1_825' title='bbox 1650 5717 1660 5727; x_wconf 40' lang='grc'><strong>.</strong></span> <span class='ocrx_word' id='word_1_826' title='bbox 1871 5718 1882 5727; x_wconf 34' lang='grc'><strong>⁸</strong></span> <span class='ocrx_word' id='word_1_827' title='bbox 2018 5645 2231 5727; x_wconf 46' lang='grc' dir='ltr'>ρ,ᾼ75,</span> <span class='ocrx_word' id='word_1_828' title='bbox 2265 5645 2379 5706; x_wconf 61' lang='lat' dir='ltr'><strong>ubi&#39;</strong></span> <span class='ocrx_word' id='word_1_829' title='bbox 2394 5656 2483 5708; x_wconf 93' lang='lat' dir='ltr'><strong>est</strong></span> <span class='ocrx_word' id='word_1_830' title='bbox 2514 5645 2679 5727; x_wconf 80' lang='grc' dir='ltr'>ὀφρῦς</span> <span class='ocrx_word' id='word_1_831' title='bbox 2712 5645 3059 5714; x_wconf 73' lang='grc' dir='ltr'>ἔνεσπάσατο,</span> <span class='ocrx_word' id='word_1_832' title='bbox 3090 5645 3440 5702; x_wconf 67' lang='lat' dir='ltr'><strong>contrahebat</strong></span> <span class='ocrx_word' id='word_1_833' title='bbox 3466 5658 3662 5716; x_wconf 69' lang='lat' dir='ltr'><strong>super-</strong></span> 
     </span>
    </p>
   </div>
   <div class='ocr_carea' id='block_1_111' title="bbox 353 5716 2173 5791">
    <p class='ocr_par' dir='ltr' id='par_1_111' title="bbox 353 5716 2173 5791">
     <span class='ocr_line' id='line_1_113' title="bbox 353 5716 2173 5791; baseline 0 -16"><span class='ocrx_word' id='word_1_834' title='bbox 353 5719 445 5790; x_wconf 63' lang='lat' dir='ltr'><strong>il3)</strong></span> <span class='ocrx_word' id='word_1_835' title='bbox 487 5719 594 5777; x_wconf 77' lang='lat' dir='ltr'><strong>Est</strong></span> <span class='ocrx_word' id='word_1_836' title='bbox 628 5719 786 5777; x_wconf 91' lang='lat' dir='ltr'><strong>idem</strong></span> <span class='ocrx_word' id='word_1_837' title='bbox 836 5726 1008 5791; x_wconf 87' lang='lat' dir='ltr'><strong>atque</strong></span> <span class='ocrx_word' id='word_1_838' title='bbox 1045 5716 1439 5791; x_wconf 68' lang='grc' dir='ltr'>συγκειμᾶνων,</span> <span class='ocrx_word' id='word_1_839' title='bbox 1483 5716 1684 5774; x_wconf 74' lang='lat' dir='ltr'><strong>litteris</strong></span> <span class='ocrx_word' id='word_1_840' title='bbox 1722 5718 1907 5773; x_wconf 74' lang='lat' dir='ltr'><strong>consi-</strong></span> <span class='ocrx_word' id='word_1_841' title='bbox 2018 5716 2173 5775; x_wconf 72' lang='lat' dir='ltr'><strong>cilia.</strong></span> 
     </span>
    </p>
   </div>
  </div>
