3972 6214
401 332 560 397 1295

1469 330 2007 394 CONSTANTINI
2051 325 2749 389 PORPHYROGENITI
2794 344 2797 351 ί

3718 326 3858 385 (296

399 470 725 527 officiorum
747 464 1583 537 adipiscanturtractationem.
1600 463 1967 533 4081niquu

2298 458 2460 531 μένῳ.
2524 458 2620 512 Διά
2671 462 2831 513 τοῦτο
2891 454 2958 525 δὴ
3018 454 3110 512 οὖν
3167 456 3501 534 παρακαλῶ
3588 456 3767 527 ὑμᾶς,
3822 459 3862 509 ᾧ

400 574 609 628 nempe
636 556 987 613 arbitramur
1016 555 1281 610 homines
1314 554 1523 608 harum
1567 569 1760 608 rerum
1804 552 2047 607 scientia

398 662 514 703 non
545 645 718 719 probe
738 646 992 699 imbutos
1015 645 1365 715 penitusque
1391 642 1771 713 percallentes
1796 646 2043 712 augusto

399 734 543 789 tanti
576 734 851 789 momenti
880 732 1320 805 splendorisque
1363 732 1684 786 ministerio
1711 730 2039 795 admoveri;

396 839 550 891 cum,
583 840 705 893 quae
738 829 941 878 nostris
973 828 1061 877 est
1090 822 1348 876 secunda
1380 822 1630 887 fortuna,
1662 820 1895 873 domino
1927 835 2043 874 non

396 911 697 982 insipienti
730 916 786 966 et
816 912 1141 971 illitterato.
1174 911 1274 965 sed
1304 926 1478 979 quam
1514 909 1766 962 maxime
1796 907 2041 973 sapienti

393 1007 673 1066 astemus,
699 1016 869 1071 quem
895 1005 950 1055 et
970 999 1313 1053 attributum
1344 1014 1377 1051 a
1403 999 1551 1051 fama
1577 996 1805 1067 publica
1828 1011 2039 1065 cogno-

393 1104 551 1159 men,
584 1094 658 1155 et,
694 1106 841 1159 quas
873 1088 1042 1160 gerit,
1076 1103 1168 1141 res
1198 1086 1417 1142 ccelesti
1450 1085 1640 1156 gratia
1671 1085 1900 1139 beatum
1929 1085 2038 1138 de-

392 1184 744 1232 monstrant.
789 1176 996 1232 Hortor
1033 1174 1225 1245 itaque
1267 1189 1392 1241 vos,
1434 1172 1629 1239 amici,
1669 1177 1725 1227 et
1762 1176 2038 1242 quotquot

392 1269 524 1337 post
556 1280 663 1320 nos
704 1266 775 1319 ad
806 1264 1001 1319 aulam
1030 1264 1375 1334 regiumque
1407 1262 1516 1316 hoc
1546 1262 1838 1316 accessuri
1869 1264 2039 1315 erunt

389 1354 1008 1421 ministerium,velitis
1039 1353 1190 1408 hanc
1220 1352 1471 1424 opellam
1498 1368 1611 1407 non
1640 1350 1751 1407 levi
1774 1350 2035 1415 brachio,

388 1460 493 1515 per
524 1445 704 1499 otium
735 1452 789 1499 et
815 1443 974 1499 velut
1004 1442 1159 1496 aliud
1192 1445 1427 1513 agentes
1460 1449 1511 1496 et
1544 1438 1817 1510 inaequali
1854 1439 2036 1493 animi

390 1533 759 1589 contentione
788 1536 1054 1596 tractare,
1078 1532 1178 1586 sed
1208 1546 1425 1595 rerum,
1450 1546 1627 1600 quam
1652 1529 1750 1583 illa
1776 1532 2033 1599 praestat,

387 1620 699 1692 imaginem
728 1621 988 1676 studiose
1020 1620 1302 1691 pleneque
1336 1618 1543 1672 vestris
1576 1617 1789 1671 animis
1830 1616 2031 1686 impri-

387 1726 545 1767 mere
579 1736 593 1779 ;
625 1715 681 1766 et
712 1712 966 1782 primum
986 1709 1219 1780 quidem
1246 1706 1505 1777 proprias
1536 1707 1825 1775 cujusque
1847 1706 2034 1777 digni-

2155 548 2330 625 φίλοι,
2359 548 2449 602 καὶ
2501 548 2705 609 πάντας
2751 545 2879 607 τοὺς
2938 544 3246 619 μέλλοντας
3305 548 3437 619 μεθ’
3498 549 3673 617 ἡμᾶς
3714 544 3862 598 sirei-

2153 658 2260 707 ναι,
2327 639 2403 709 μὴ
2459 640 2748 709 παρέργως
2824 635 2911 688 καὶ
2980 634 3286 707 ἀνωμάλως
3351 637 3422 689 τὸ
3492 636 3643 705 παρ’
3716 636 3860 705 ἡμὲ-

2157 726 2458 803 συγγραφὲν
2517 724 2924 779 ἐπισκέπτεσθαι
3004 724 3189 798 λόγιον
3240 728 3394 795 (14),
3448 722 3631 777 ἀλνὰ
3700 744 3863 796 πρετ-

2154 815 2264 888 οχῇ
2327 815 2560 887 μελέτης
2612 815 2701 867 τὸν
2760 814 2809 867 ἐν
2862 813 3009 885 αὑτῷ
3066 812 3383 887 ἐγκείμενον
3446 816 3650 868 τύπον
3720 813 3864 885 ex;-

2152 904 2263 966 ϐὡς
2321 906 2736 977 αναμᾶττεσθαιο
2790 904 2881 959 καὶ
2936 909 3149 978 πρῶτον
3220 907 3313 976 μὲν
3399 907 3515 965 τὰς
3610 902 3858 975 ἀκρεξεξ

2149 992 2544 1068 κυριοκλησίας
2618 998 2725 1046 τῶν
2786 992 3109 1064 ἀξιωμάτων
3179 994 3519 1067 γνωρίζειν,
3603 990 3853 1060 δεύτελεεγι

2151 1079 2207 1136 δὲ
2251 1084 2347 1143 τὰς
2396 1084 2604 1137 τούτων
2673 1079 2959 1155 διαιρέσεις
3005 1082 3093 1134 καὶ
3154 1080 3619 1154 ὑποδιαιρέσεις,

2149 1192 2258 1233 σεις
2305 1191 2363 1226 τε
2409 1170 2494 1225 καὶ
2548 1172 2822 1242 μειώσεις,
2887 1169 3254 1243 προσκλήσεις
3279 1191 3339 1225 τε
3413 1170 3521 1223 καὶ
3600 1169 3855 1237 ὑποπιλή-

2148 1279 2256 1321 σεις
2323 1263 2436 1331 (15)
2503 1254 2740 1333 ἀκριϐῶς
2806 1264 3101 1326 ποιεῖσθαι,
3169 1262 3353 1320 καθὼς
3434 1258 3847 1313 Cirrata-p.21.

2144 1350 2251 1409 Τὰς
2293 1349 2392 1422 γὰρ
2453 1347 2541 1402 διὰ
2591 1344 2857 1422 βραϐείων
2910 1350 3019 1420 (16)
3069 1344 3357 1418 διδομένας
3411 1347 3593 1415 ἀξίας
3649 1347 3851 1419 κλίμα-

2143 1458 2238 1496 κος
2288 1438 2416 1510 ὑμῖν
2468 1438 2614 1507 τάξει
2665 1436 2713 1505 ἐξ
2784 1437 3050 1509 ὀνόματος
3116 1438 3290 1498 πάσας
3361 1434 3709 1501 ἓκτέθεικα,
3764 1440 3845 1499 sie?

3748 1081 3831 1102 ’.⁷

3698 1104 3857 1151 21)ςῖ-

2143 1525 2317 1589 οὕτως
2361 1528 2455 1587 τὰς
2525 1525 2615 1580 διὰ
2664 1525 2831 1601 λόγου
2881 1526 3316 1601 προσ-γινομενας
3360 1525 3677 1598 ἐσήμανα,
3730 1530 3845 1598 μετέ

2144 1612 2201 1668 δὲ
2246 1615 2443 1675 ταύτας
2491 1614 2589 1675 τὰς
2638 1615 2859 1674 ταύταις
2931 1615 3289 1685 ὑποκειμένας
3358 1613 3691 1684 συνέταξα,
3764 1619 3845 1673 τὰς

2146 1704 2239 1775 μὲν
2276 1703 2468 1779 κυρίας
2512 1702 2602 1757 καῖ
2650 1704 2873 1776 πρώτας
2924 1704 3127 1757 τούτων
3178 1704 3498 1775 προκρίνας
3540 1709 3640 1775 τῷ
3678 1704 3839 1778 λῦγξλ,

384 1799 528 1854 tatis
554 1797 969 1869 appellationes
993 1801 1157 1851 notas
1177 1800 1233 1850 et
1254 1794 1567 1849 familiares
1588 1794 1751 1848 vobis
1774 1794 1952 1849 effice:

2294 1791 2350 1847 δὲ
2409 1792 2852 1868 ὑποτεταγμένας
2927 1790 3077 1854 ἰδίως
3152 1794 3388 1863 εκάστην
3476 1793 3836 1857 ἐκτεθεικεὲς.

2294 1885 2308 1901 \
2418 1886 2430 1901 \
2588 1885 2599 1901 ἱ
2699 1885 2708 1897 ε
2875 1882 2888 1901 Ι
3102 1883 3145 1901 Ι.
3319 1880 3375 1901 ’λ
3528 1883 3544 1900 1
3729 1884 3811 1901 9S:

388 1887 599 1941 deinde
619 1902 753 1941 vero
776 1885 1009 1940 illarum
1029 1883 1367 1950 divisiones,
1391 1882 1679 1953 quomodo
1701 1888 2033 1939 excrescunt

386 1974 819 2040 minuanturve,
854 1973 1139 2044 quomodo
1182 1972 1251 2027 ad
1286 1987 1509 2027 sacram
1554 1986 1815 2026 mensam
1857 1972 2032 2028 advo-

384 2071 590 2117 centur
617 2067 673 2118 et
703 2062 1169 2123 introducantur,
1203 2067 1259 2116 et
1303 2060 1595 2131 quomodo
1629 2076 1833 2115 rursus
1866 2060 1937 2115 ab
1967 2078 2031 2117 ea

383 2156 729 2208 revocentur
761 2156 817 2205 et
842 2151 1185 2217 educantur,
1218 2150 1277 2205 in
1309 2149 1448 2204 illud
1481 2150 1831 2219 exemplum,
1874 2152 2028 2221 quod

383 2246 477 2301 hic
492 2242 1147 2317 praescripsimusﬂunc
1162 2245 1354 2296 autem
1370 2241 1731 2296 instituimus
1746 2241 2028 2309 ordinem,

382 2340 444 2392 ut
466 2335 942 2405 dignitates,quae
968 2348 1100 2387 cum
1126 2332 1349 2387 brabeis
1372 2333 1833 2400 tributorumque
1855 2331 2030 2387 hono-

382 2440 514 2480 rum
530 2424 782 2478 externis
797 2421 1478 2492 quibusdaminsignibus
1492 2421 1889 2487 conferuntur,
1915 2421 2029 2491 pri-

380 2529 478 2568 mo
508 2512 655 2577 loco,
691 2510 1041 2565 nominatim
1083 2508 1370 2579 singulas,
1402 2507 1560 2563 velut
1607 2508 1774 2564 scalae
1806 2510 2024 2579 gradus

377 2606 791 2671 persequentes
811 2612 1235 2669 exponeremus
1257 2615 1272 2664 ;
1297 2597 1430 2651 dein
1462 2613 1715 2667 eas,quaa
1741 2599 1895 2653 nudo
1920 2597 2023 2653 im-

2137 1884 2318 1939 ’Ᾱλλὰ
2365 1886 2472 1957 μὴν
2513 1885 2603 1938 καὶ
2653 1885 2748 1944 τὰς
2794 1882 3001 1938 τούτων
3053 1883 3229 1952 τάξεις
3279 1880 3679 1957 εὐδιαιρέτως
3726 1884 3839 1953 ἐξιξ-

2141 1972 2315 2043 λωσα,
2364 1975 2453 2028 καὶ
2506 1974 2734 2042 ἑκάστης
2778 1974 2847 2027 τὰ
2891 1973 3099 2027 τούτων
3166 1972 3233 2025 τὰ
3300 1971 3489 2027 οἰκεῖα
3570 1972 3835 2046 πρέσὲἓεει

2141 2061 2229 2118 διὰ
2292 2068 2388 2119 τοῦ
2448 2060 2582 2137 τῇδε
2646 2061 3073 2136 συγγράμματος
3141 2066 3325 2137 σαφῶς
3408 2064 3833 2138 καθιστὸρηςχ,

2138 2153 2228 2207 καὶ
2295 2150 2499 2228 εὑσαφῇ
2574 2151 2664 2206 καὶ
2736 2151 3144 2221 εὑκατάληπτον
3213 2152 3313 2219 τήν
3384 2154 3523 2225 περὶ

2608 2242 2681 2294 ὡς
2757 2239 2808 2294 ἐν
2889 2240 3193 2312 εἰσαγωγῆς
3268 2240 3448 2308 τάξει,

3622 2176 3654 2208 τ
3663 2175 3691 2207 ο
3700 2156 3831 2208 ὅταν

2136 2241 2530 2316 πραγματείαν,
2608 2242 2681 2294 ὡς
2757 2241 2808 2294 ἐν
2889 2241 3193 2312 εἰσαγωγῆς
3268 2241 3448 2308 τάξει,
3529 2248 3671 2301 τοῖς
3752 2244 3830 2296 ἐισ-

2133 2331 2464 2405 τυγχάνουσι
2505 2328 2592 2383 διὰ
2631 2336 2729 2398 τῆς
2775 2329 3135 2400 ὑποκειμένης
3176 2326 3475 2390 πλινθίδος
3518 2329 3827 2403 ἐγνώρισα,

2132 2420 2221 2475 ἳνα
2269 2422 2321 2474 οἱ
2368 2420 2583 2489 τωύτην
2632 2422 2731 2488 τήν
2778 2415 3035 2482 πΛινθίδα
3082 2416 3366 2491 ἐπιμελῶς
3404 2417 3826 2481 ἐποπτεύοντες

2138 2508 2418 2583 μέμνησθε
2446 2515 2546 2578 τῆς
2575 2512 2734 2582 ἡμῶν
2791 2509 3148 2581 μετριότητος
3203 2504 3492 2580 μηδαμῶς
3539 2514 3823 2579 κατοκνῇ-

2135 2619 2245 2653 σειν
2278 2599 2344 2655 ⁷⁸.

378 2689 662 2762 peratoris
710 2688 896 2743 edicto
940 2695 993 2742 et
1038 2702 1177 2742 voce
1220 2691 1394 2742 tenus
1442 2687 1862 2757 impetrantur;
1898 2693 2024 2744 tum
2075 2688 2191 2745 illis
2220 2690 2523 2747 inferiores
2558 2708 2572 2757 ;
2608 2705 2902 2758 sermone,
2937 2692 3002 2744 ut
3031 2704 3135 2760 par
3156 2693 3301 2755 erat,
3339 2690 3572 2760 primas
3604 2698 3661 2746 et
3689 2699 3816 2746 tum

1726 2794 1967 2851 VARI/ii
2010 2797 2310 2854 LECTION
2317 2799 2420 2854 ES.

1422 2936 1618 2992 JOAN.
1658 2936 1803 2993 JAC.
1848 2938 2109 2995 REISKII
2147 2941 2731 2999 COMMENTARIUS.

445 3040 557 3112 (14)
589 3039 736 3094 Raro
768 3054 875 3093 usu
906 3036 1172 3112 adhibuit
1202 3053 1303 3108 pro
1337 3035 1607 3112 libellum,
1627 3037 1857 3108 pr0prie
1883 3055 2015 3109 par-
2048 3046 2090 3111 α
2119 3046 2219 3097 aut
2251 3042 2487 3097 mittens
2501 3042 2705 3109 eoipso
2730 3039 3406 3110 profitebatur,seillum,
3436 3042 3542 3094 cui
3568 3048 3798 3097 vestem

446 2866 493 2903 ’⁷⁸
521 2866 870 2935 κατοκνήσιεν
901 2866 1025 2922 cod.
1062 2868 1118 2920 et.
1147 2866 1238 2920 ed.

371 3108 501 3168 vum
529 3108 851 3167 sermonem.
887 3108 1044 3164 Alias
1074 3108 1223 3164 solet
1247 3108 1529 3162 oraculum
1560 3118 1779 3164 notare.

444 3184 558 3271 (15)
590 3183 988 3271 Revocationes,
1020 3179 1704 3271 avocationes,jussiones
1737 3181 2010 3264 abeundi,

415 3247 478 3309 ro
526 3247 883 3321 ἆποκλήσεις.
929 3256 1100 3322 Saepe
1161 3250 1261 3304 ὑπό
1322 3247 1423 3321 pro
1481 3247 1586 3303 ἀπό
1642 3253 1897 3322 ponitur,
1951 3259 2014 3307 ut

409 3325 749 3399 ποπρέφειν,
791 3340 894 3399 sc._
924 3321 1129 3388 ἑαυτὸν,
1185 3338 1241 3377 se
1290 3330 1540 3378 avertere
1568 3321 1654 3377 ubi
1689 3324 1885 3393 aliqua
1930 3340 2010 3391 re,

373 3394 700 3461 abscedere,
736 3394 1018 3449 recedere.

448 3468 559 3535 (i_6)
598 3458 1107 3535 Opponunturhic
1156 3462 1468 3533 dignitates
1518 3458 1607 3514 διὰ
1659 3458 1924 3535 βραϐείων
1961 3472 2014 3520 et

375 3533 464 3589 διὰ
495 3532 664 3608 λόγου
692 3532 1058 3608 collatanllaa
1091 3540 1230 3608 sunt
1260 3549 1360 3608 per
1379 3536 1619 3608 insignia
1651 3532 1736 3608 vel
1769 3551 1891 3589 cum
1924 3539 2010 3590 iu-

371 3603 738 3677 signibur,ha3
768 3603 1091 3659 auctoritate
1120 3603 1205 3657 vel
1236 3604 1423 3677 elogio
1447 3603 1835 3660 collatae.Cum
1870 3608 2011 3661 insi-

372 3674 583 3747 gnibus
612 3674 1317 3747 conferebantur,quando
1340 3675 1657 3747 imperator
1686 3681 1787 3730 aut
1814 3680 2010 3732 confe-

373 3745 509 3804 rens
541 3747 880 3804 honorando
912 3746 1150 3818 pallium
1175 3754 1273 3800 aut
1303 3745 1559 3818 gladium
1592 3753 1691 3801 aut
1712 3749 2013 3806 codicillos

373 3824 472 3875 aut
500 3826 765 3891 torquem
795 3822 894 3873 aut
916 3817 1215 3891 annulum
1242 3822 1342 3872 aut
1371 3817 1529 3891 aliud
1563 3820 1716 3888 quod
1752 3822 1878 3891 novi
1907 3822 2010 3875 ho-

373 3891 532 3946 noris
566 3888 849 3946 indicium
878 3889 1157 3963 tradebat.
1191 3889 1517 3944 Auctoritas
1549 3905 1677 3963 vero
1712 3891 1804 3963 vel,
1828 3888 2012 3963 λόγος,

368 3964 628 4033 elogium,
665 3961 1084 4033 quandoinuda
1118 3976 1271 4027 voce,
1323 3976 1487 4033 sacro
1518 3961 1723 4026 edicto,
1760 3961 2010 4033 aliquem

362 4035 428 4105 ju
441 4032 608 4089 bebat
628 4032 735 4088 huc
751 4032 838 4088 vel
858 4032 958 4086 illo
976 4032 2010 4105 munerelungi.Constant.Porpbyr.

371 4103 443 4159 de
474 4105 801 4161 administr.
836 4104 1076 4173 imperio
1105 4120 1155 4172 p.
1194 4103 1314 4167 126,
1352 4109 1637 4156 memorat
1665 4110 1863 4157 vestem
1894 4103 2012 4159 ma-

367 4178 532 4247 gistri
559 4175 647 4231 vel
676 4177 1170 4245 magistratus,qua
1190 4174 1418 4247 donanti
1432 4190 1497 4227 us
1518 4174 1589 4247 _in
1627 4175 1888 4247 magistri
1922 4177 2011 4230 di-

367 4239 647 4315 gnitatem
689 4239 1107 4301 immitteretur
1140 4260 1153 4296 :
1187 4239 1430 4315 Ἔδωκεν
1473 4242 1620 4313 αὑτῷ
1652 4239 1872 4315 ἱμᾷτιον
1915 4250 2012 4299 τοῦ

373 4316 738 4389 μεγιστράτου
787 4316 923 4389 πρὸς
955 4316 1065 4389 -τὸμ
1103 4320 1329 4389 ποιῆσαι
1368 4314 1472 4389 ’τὸν
1534 4314 1856 4389 ,Κου-ρκένιον
1916 4325 2006 4371 τὸν

2120 3113 2279 3168 daret
2310 3120 2411 3168 aut
2452 3113 2796 3180 mitteret,iu
2839 3112 3121 3167 familiam
3158 3112 3577 3166 ministrorum
3608 3114 3802 3168 vasal-

2119 3183 2448 3254 lorumque,
2481 3186 2535 3239 id
2572 3190 2679 3245 est.
2714 3186 3019 3248 comitum,
3055 3184 3465 3254 recipere,fpro
3520 3184 3797 3239 ministro

2119 3262 2175 3311 et
2204 3253 2414 3310 comite
2447 3272 2550 3309 suo
2585 3256 2683 3310 tali
2726 3261 2782 3309 et
2803 3254 2904 3310 tali
2937 3256 3239 3325 provincias
3273 3253 3795 3327 sollicitudinique

2119 3328 2385 3452 Kirmlecto
2403 3342 2737 3398 agnoscere.
2755 3328 2893 3380 Inde
2907 3336 3102 3380 natum
3122 3325 3464 3379 vocabulum
3492 3325 3789 3383 incesti”.

2183 3414 2244 3451 os
2275 3404 2489 3452 vestem
2520 3400 2577 3452 in
2607 3399 2841 3452 signum
2876 3403 2993 3451 tam
3026 3396 3487 3452 honoris.uuam
3528 3398 3789 3452 homstrii

2183 3414 2244 3451 os
2275 3396 2489 3453 vestem
2520 3400 2577 3453 in
2607 3399 2841 3468 signum
2876 3403 2993 3451 tam
3026 3396 3487 3466 honoris,quam
3528 3398 3789 3469 homsgii

2120 3469 2387 3523 mittendi
2425 3469 2566 3536 illis,
2599 3473 2698 3540 qui
2732 3470 2792 3523 in
2826 3485 3067 3522 munere
3098 3469 3349 3538 quodam
3384 3472 3489 3522 aut
3528 3472 3788 3538 primum

2119 3541 2576 3604 constituuntur,
2599 3546 2697 3595 aut
2712 3541 3131 3595 conﬁrmantur
3146 3540 3788 3611 etcontinuarejuben-

2119 3615 2238 3679 tur,
2272 3611 2463 3666 adhuc
2494 3612 2715 3667 obtinet
2744 3613 2895 3681 apud
2920 3612 3139 3665 Turcas
3164 3616 3218 3664 et
3240 3612 3461 3674 Persas,
3492 3618 3558 3664 ut
3581 3630 3613 3667 e
3638 3614 3787 3669 delia

2118 3682 2305 3750 Valle,
2347 3683 2634 3736 Busbekio
2666 3689 2723 3737 et
2762 3683 2892 3737 aliis
2935 3682 3374 3736 Itineratoribus
3416 3690 3682 3738 constat.
3730 3685 3783 3737 ν.

2118 3754 2273 3826 dicta
2311 3755 2380 3807 ad
2419 3771 2472 3823 p.
2505 3755 2630 3826 367.
2664 3753 2740 3808 De
2776 3754 2962 3809 modis
2993 3754 3162 3807 variis
3184 3753 3560 3826 investiendi,
3593 3762 3655 3808 ut
3692 3772 3787 3826 per

2119 3825 2359 3895 pileum,
2386 3825 2689 3896 scyphum,
2714 3832 3029 3896 sceptrum,
3054 3823 3641 3896 evangelium,gveru,
3670 3823 3783 3881 έυι.

2120 3894 2299 3964 trum,
2333 3894 2636 3963 festucam,
2668 3894 2988 3957 wasonem,
3019 3895 3311 3958 vexillum,
3339 3894 3636 3966 gladium,
3686 3898 3783 3951 ha-

2119 3973 2293 4030 stam,
2334 3967 2603 4036 lapidem,
2645 3967 2855 4021 librum
2900 3967 3214 4033 missalem,
3260 3968 3782 4037 martyrologium,

2119 4038 2386 4110 linteum,
2413 4040 3234 4110 denarios,eleemosynariam
3258 4053 3355 4091 seu
3383 4044 3774 4109 marsupium,

2118 4109 2426 4163 ﬂoccillum
2454 4110 2822 4179 capillorum,
2848 4111 3175 4179 corrigiam,
3194 4115 3250 4164 et
3274 4126 3474 4179 qumcu
3487 4126 3643 4178 nque
3660 4120 3778 4165 tan-

2120 4179 2250 4252 dem
2277 4181 2356 4252 ad
2375 4196 2584 4234 manus
2607 4180 3009 4242 essent.dehis
3037 4181 3450 4235 omnibusfuse
3474 4186 3558 4233 Du
3584 4181 3771 4252 Gange

2117 4249 2304 4305 Gloss.
2346 4251 2459 4305 Lat.
2495 4269 2547 4307 v.
2582 4253 2840 4306 lnvestire
2870 4254 3006 4323 egit.
3038 4258 3187 4306 Sunt
3219 4268 3384 4320 porro
3415 4249 3774 4306 auctoritates

2119 4323 2461 4394 plerumque
2500 4323 2736 4393 quidem
2780 4328 3058 4391 rescripta
3100 4323 3449 4394 principum,
3492 4325 3771 4377 mandata

369 4381 919 4471 flSiqpi'ua'iyioep'ov:
954 4387 1279 4471 Hadrianus
1359 4386 1422 4466 in
1454 4381 1695 4471 epistola
1735 4390 2014 4471 ad_Garo-
2046 4400 2090 4460 D
2120 4381 2325 4471 litteris
2348 4381 2723 4471 consignata.
2762 4410 2811 4448 v.
2848 4396 2931 4448 Du
2956 4381 3147 4471 (lange
3170 4394 3257 4471 Gl.
3292 4381 3410 4471 Lat.
3440 4381 3495 4447 h.
3516 4410 3595 4471 tu,
3625 4401 3767 4462 puto

369 4456 504 4529 lum
526 4456 608 4513 Μ(
632 4456 845 4529 scripta
875 4458 1167 4529 significat
1196 4456 2007 4529 Archisum,Beneventanum

373 4527 678 4595 ducem,ab
695 4527 1032 4599 imperatore
1060 4529 1250 4583 Graeco
1268 4528 1504 4598 petiisse
1524 4531 1804 4583 auxilium
1824 4538 1874 4587 et
1907 4532 2005 4585 ho-

370 4614 559 4653 norem
587 4603 915 4668 patriciatus
961 4617 1074 4654 una
1105 4599 1470 4671 cumducatu
1494 4601 1877 4671 Neapolitano
1906 4605 2005 4657 sub

369 4672 707 4736 integritate.
744 4676 850 4724 Pro
879 4688 987 4741 qua
1016 4688 1077 4724 re
1120 4669 1437 4741 pollicitum
1470 4669 1634 4725 illum
1682 4673 1860 4727 fuisse
1889 4680 2007 4727 tam

366 4742 429 4795 in
460 4744 708 4808 tonsura,
740 4757 904 4811 quam
934 4742 993 4794 in
1024 4740 1259 4795 vestibus
1292 4740 1596 4796 Graecorum
1630 4759 1734 4797 usu
1767 4747 2003 4811 perfrui,

368 4812 469 4867 sub
499 4813 739 4877 eiusdem
771 4812 1115 4881 imperatoris
1146 4812 1352 4867 ditione
1383 4813 1460 4883 [id
1489 4820 1574 4867 est
1604 4815 2008 4883 jurisdictione

369 4889 427 4939 et
454 4885 821 4947 auctoritate,
849 4888 1127 4951 tanquam
1169 4883 1461 4954 vasallus].
1496 4885 1619 4939 Haec
1651 4886 1878 4941 audiens
1905 4905 2007 4941 au-

369 4959 475 5011 tem
505 4957 829 5024 imperator,
861 4955 1041 5015 addit,
1067 4954 1253 5025 remisit
1287 4956 1375 5008 illi
1402 4971 1527 5009 suos
1558 4955 2007 5025 legatos,sciltcet

367 5029 682 5098 spatharios
719 5027 873 5099 duos,
904 5024 965 5079 in
1015 5024 1281 5099 ditionem
1330 5025 1554 5091 Siciliae,
1589 5024 1665 5082 ad
1709 5032 2007 5099 patricium

369 5096 494 5152 eum
525 5096 1236 5165 constituendum,ferentes
1256 5112 1433 5151 secum
1462 5104 1630 5152 vestes
1659 5096 1798 5155 auro
1830 5110 2007 5155 textas

365 5168 537 5241 simul
563 5178 617 5225 et
645 5171 897 5241 spatham
948 5168 1028 5223 vel
1056 5166 1327 5241 pectinem
1360 5172 1417 5241 et
1446 5170 1718 5241 forcipes,
1749 5174 1890 5226 sicut
1920 5174 2008 5227 illi

406 5236 945 5296 rzedictus'Archisus
976 5236 1137 5293 indui
1165 5246 1215 5292 et
1245 5236 1471 5291 tonderi
1483 5236 2008 5308 promiserat.Patet

412 5312 505 5365 inc
540 5318 749 5367 vestem
782 5313 853 5367 ab
899 5310 1078 5366 altero
1131 5309 1322 5363 datam
1356 5317 1453 5362 aut
1486 5310 1718 5365 missam
1768 5314 2006 5369 induere

367 5380 551 5453 fuisse
582 5385 832 5449 speciem
865 5383 1101 5453 quidem
1132 5379 1388 5453 honoris,
1421 5381 1519 5453 sed
1555 5397 1745 5453 revera
1779 5387 2003 5450 profes-

367 5452 589 5509 sionem
607 5450 1353 5523 humilitafis,subjectionis
1366 5456 1420 5505 et
1434 5450 1906 5510 clientelae.Vasal
1920 5457 2007 5512 lus

368 5524 607 5579 domino
642 5524 813 5579 fidem
838 5522 1147 5580 condicens
1172 5522 1413 5578 debebat
1436 5524 1670 5577 missam
1707 5542 1738 5578 a
1769 5528 2006 5583 domino

367 5602 587 5651 vestem
614 5595 872 5660 induere,
904 5606 955 5651 et
979 5603 1042 5651 ut
1063 5596 1187 5666 ipse
1208 5593 1503 5651 induendo
1541 5598 1915 5665 proﬁtebatur
1945 5616 2007 5655 se

368 5667 639 5723 clientem
662 5668 789 5739 ejus
809 5683 998 5738 esse,a
1024 5684 1140 5739 quo
1160 5672 1381 5723 vestem
1403 5667 1826 5739 accepisset,ita
1858 5671 2005 5727 dans

2118 4469 2312 4518 tamen
2346 4466 2636 4519 interdum
2671 4482 2901 4536 quoque
2932 4466 3124 4530 effata,
3159 4466 3366 4536 elogia,
3410 4466 3592 4520 oralia
3622 4482 3769 4532 pras-

2118 4541 2285 4605 cepta
2313 4551 2456 4589 esse.
2497 4541 2571 4589 De
2602 4554 2736 4592 voce
2777 4538 3016 4605 elogium
3057 4553 3106 4589 v.
3140 4537 3231 4593 ad.
3274 4539 3465 4590 Amm.
3509 4536 3761 4592 Marce”.

2118 4623 2173 4676 p.
2224 4607 2305 4659 19.
2363 4606 2460 4659 Διὰ
2499 4605 2685 4678 λόγου,
2736 4624 2831 4675 per
2879 4609 3123 4672 verbum,
3175 4609 3430 4662 redditur
3477 4606 3533 4659 in
3587 4609 3758 4662 veteri

2117 4678 2319 4749 charta
2342 4679 2654 4733 Guaimarii
2684 4680 2961 4749 principis
2985 4678 3355 4740 Salernitani,
3376 4678 3524 4747 apud
3557 4678 3758 4732 Murat.

2117 4753 2157 4803 t.
2196 4748 2236 4813 l,
2276 4752 2393 4802 Aut.
2435 4750 2553 4803 Ital.
2591 4748 2800 4818 p.418l,
2836 4752 2931 4804 ubi
2966 4753 3277 4818 Opponitur
3304 4749 3627 4803 mandatum
3665 4767 3761 4817 per

2115 4822 2339 4874 verbum
2367 4826 2422 4873 et
2453 4815 2921 4893 χρυσοϐούλλιον.
2957 4815 3199 4875 Declaro
3224 4836 3341 4889 ego,
3364 4822 3465 4884 ait,
3502 4815 3760 4874 [Vnima-

2116 4893 2235 4945 rius
2264 4894 2513 4963 princeps
2545 4900 2597 4947 et
2628 4894 2936 4960 imperialis
2966 4895 3261 4961 patricius.
3293 4893 3421 4962 quia
3456 4907 3757 4946 concessum

2116 4972 2194 5017 est
2240 4963 2381 5017 mihi
2426 4980 2458 5016 a
2516 4967 2878 5019 sanctissimis
2924 4973 2974 5017 et
3023 4963 3292 5033 piissimis
3340 4964 3757 5031 imperatoribus

2117 5034 2292 5087 Leone
2314 5040 2365 5088 et
2400 5034 2706 5089 Alexandro
2735 5052 2831 5103 per
2858 5035 3085 5089 verbum
3127 5044 3176 5090 et
3208 5036 3590 5104 ﬁrmissimum
3622 5049 3761 5100 pre-

2116 5113 2325 5187 ceptum
2358 5106 2506 5187 [lu-Ult-
2523 5123 2703 5187 aurea
2720 5100 3083 5187 sigillatum;
3207 5100 3296 5161 est
3316 5100 3543 5187 tamam?
3570 5102 3757 5187 λόγου,

2116 5175 2290 5231 edicto
2320 5177 2549 5240 verbali,
2584 5178 2737 5247 quod
2771 5178 2839 5230 ad
2863 5192 2950 5230 me
2983 5176 3175 5231 retulit
3206 5177 3617 5246 apocrisiarius
3654 5175 3761 5231 im-

2118 5247 2557 5317 perialis,quam
2577 5249 2793 5318 scripto
2811 5248 3106 5302 mandato.
3123 5249 3565 5302 Testamentum
3585 5247 3642 5301 S.
3658 5250 3761 5300 Car.

2118 5318 2273 5389 sarii,
2307 5320 2562 5389 episcopi
2594 5317 2945 5373 Arelatensis
2973 5335 2985 5371 :
3009 5319 3069 5373 Si
3089 5322 3183 5373 cui
3212 5318 3425 5387 aliquid
3446 5335 3544 5384 per
3567 5317 3757 5386 episto-

2118 5388 2229 5443 lam
2280 5398 2374 5443 aut
2411 5388 2519 5458 per,
2560 5390 2843 5460 pittacium
2889 5395 2985 5443 aut
3039 5392 3218 5457 verba,
3268 5392 3484 5459 pietatis
3535 5390 3757 5455 intuitu,

2116 5459 2345 5525 contuli,
2376 5461 2565 5516 valere
2585 5464 2723 5517 voto.
2749 5462 3066 5531 Distinguit
3096 5462 3188 5516 hic
3212 5462 3423 5515 indulta
3446 5476 3545 5530 per
3565 5463 3758 5520 episto-

2118 5532 2249 5593 lam,
2284 5548 2407 5597 seu,
2433 5535 2583 5603 quod
2619 5534 2769 5586 idem
2803 5538 2911 5595 est,
2946 5549 3043 5603 per
3072 5534 3359 5601 pittacium
3382 5534 3539 5600 (nam
3566 5536 3755 5599 poste—

2118 5604 2240 5675 rius
2264 5612 2356 5675 est
2387 5610 2612 5658 tantum
2644 5605 2945 5673 explicatio
2981 5604 3209 5675 prioris)
3240 5609 3298 5660 et
3330 5604 3549 5659 indulta
3578 5604 3750 5657 verbo.

2117 5673 2403 5746 lngulfus,
2426 5692 2478 5745 p.
2500 5676 2599 5731 901
2632 5694 2645 5732 :
2672 5676 3110 5746 Conferabantur
3127 5673 3305 5747 primo
3325 5676 3503 5730 multa
3524 5676 3753 5745 praedia
