3972 6214
154 359 198 417 1
216 356 371 417 297

1074 355 1172 414 DE
1216 352 1678 415 CEHIMONIIS
1725 351 1958 411 AUL/E
2000 350 2486 410 BYZANTlN/E
2529 349 2675 410 LIB.
2722 349 2798 410 ll.

3482 352 3638 412 1398

163 505 457 563 quoque
492 491 582 546 his
613 489 953 562 suppositas
983 497 1356 559 exsequenle,
1389 487 1622 543 ordines
1652 503 1847 544 earum
1884 485 2158 541 distincte
2186 485 2537 553 declarante,
2568 489 2625 540 et
2664 484 2920 554 privatos
2949 485 3159 554 cuique
3206 502 3344 543 suos
3387 487 3637 545 honores

175 588 408 652 atque
442 581 856 654 prmrogativas
906 578 1232 634 luculenter
1279 581 1541 634 docente.
1575 577 1912 648 Propositus
1941 575 2253 630 laterculus
2285 577 2474 631 tradet
2521 574 3059 644 contemplantibus
3090 575 3298 632 harum
3351 593 3547 634 rerum
3580 583 3637 635 et

171 670 450 725 claram
483 675 539 726 et
567 669 994 738 comprehensu
1030 667 1280 737 facilem,
1315 672 1377 721 ut
1408 667 1783 730 introductio,
1819 663 2104 720 notitiam.
2138 667 2430 736 Quotquot
2457 681 2589 720 eum
2622 663 2969 735 inspicietis,
3013 664 3398 722 memineritis
3441 668 3632 724 velum

165 762 393 814 tenue
430 764 695 814 nostrum
731 759 1150 828 modicumque
1179 756 1441 812 studium
1476 771 1763 827 nusquam
1799 770 1915 810 non
1945 755 2240 809 assectari.

548 848 728 922 Ἀρχή
757 854 860 916 τῆς
895 847 1201 910 ὑποθέσεως
1228 849 1324 901 τοῦ
1357 845 1549 922 λόγου.

263 938 412 989 Τῶν
481 933 782 1008 βασιλικῶν
832 934 1157 1007 ἀξιωμάτων
1207 935 1261 988 αἱ
1311 935 1499 1008 χάριτι
1539 936 1671 987 Θεοῦ
1726 929 1876 985 διδό-

181 1043 377 1095 μεναι
416 1020 636 1094 δωρεαὶ,
683 1024 758 1085 ὡς
807 1022 868 1078 ἐκ
905 1028 1048 1078 Θεοῦ
1099 1024 1200 1091 τήν
1254 1025 1434 1100 ψῆφον
1477 1015 1876 1094 λαμϐάνουσαι,

178 1110 290 1167 ἐπὶ
341 1117 450 1166 τοῦ
480 1113 628 1185 ἱεροῦ
660 1111 749 1166 καὶ
783 1114 1100 1183 θαυμαστοῦ
1135 1109 1426 1184 βασιλικοῦ
1478 1111 1728 1183 βήματος
1778 1111 1876 1163 τοῦ

186 1207 488 1278 λαμπροῦ
547 1203 1007 1277 χρυσοτρικλίνου
1065 1201 1125 1256 ἐκ
1184 1200 1667 1276 αἷσίαιςὴμέραις
1731 1198 1878 1274 παρὰ

182 1295 316 1345 τῶν
377 1287 810 1364 θεοπροϐλήτων
861 1289 1130 1365 βασιλέων
1182 1297 1300 1354 τοῖς
1355 1289 1521 1362 ἀξίοις
1575 1284 1877 1363 βραϐεύον-

184 1401 321 1449 ται,
363 1378 633 1450 δηλονότι
683 1381 1038 1454 παρεστώσης
1097 1381 1312 1448 ἁπάσης
1365 1385 1466 1448 τῆς
1528 1379 1728 1448 τάξεως
1776 1381 1874 1432 τοῦ

183 1468 516 1543 βασιλικοῦ
582 1465 977 1524 κουϐουκλείου
1033 1469 1124 1524 καὶ
1185 1470 1358 1522 αὐτῶν
1432 1473 1538 1522 τῶν
1603 1462 1870 1541 βραϐείων

185 1558 594 1632 προκειμένων
661 1560 900 1629 πλησίον
965 1567 1066 1628 τῆς
1119 1558 1409 1633 βασιλικῆς
1485 1557 1749 1626 ἐξουσίας.
1809 1557 1873 1610 Οἱ

190 1649 313 1723 γὰρ
369 1649 666 1721 μέλλοντες
721 1654 909 1724 τυχεῖν
967 1655 1067 1717 τῆς
1126 1648 1300 1702 αὐτῶν
1356 1646 1699 1720 ἀντιλήψεως
1759 1643 1868 1715 ἤδη

193 1739 739 1812 προευτρεπίζονται
845 1737 948 1791 ὑπὸ
1040 1741 1136 1791 τοῦ
1227 1734 1558 1811 τεταγμένου
1655 1733 1873 1808 βασιλι-

193 1829 322 1878 κῶν
358 1828 476 1897 (17)
525 1825 1018 1900 πρωτοσπαθαρίου
1077 1822 1176 1894 ἔξω
1241 1829 1338 1879 τοῦ
1408 1822 1586 1898 βήλου
1653 1821 1873 1877 ἐστολι-

193 1914 410 1986 σμένοι
446 1915 654 1988 ῥοαίοις
675 1917 908 1988 σαγίοις.
927 1917 1012 1971 Ἐν
1037 1912 1091 1970 δὲ
1114 1918 1182 1988 τῇ
1204 1913 1412 1968 τούτων
1438 1914 1711 1989 εἰσαγωγῇ
1740 1933 1871 1988 προ-

196 2004 660 2076 συνεισὲρχονται
691 2007 769 2074 τῷ
821 2001 1092 2075 βασιλικῷ
1141 2003 1400 2076 ὀστιαρίῳ
1449 2002 1713 2074 ὁμότιμοι
1756 2005 1866 2056 τῶν

201 2091 541 2164 μελλόντων
581 2099 766 2168 τυχεῖν
818 2093 1163 2167 ἀντιλήψεως
1222 2091 1410 2166 ἄνδρες
1460 2092 1868 2169 σπαθαροφόροι

1900 847 1956 913 Α

2262 845 2414 898 409
2447 845 2679 899 Initium
2707 842 2988 899 tractandi
3016 845 3352 915 argumenti.

2061 933 2264 988 Ofﬁcia
2296 933 2983 1004 palatina,munera,quss
3015 934 3246 1005 proprie
3275 933 3484 992 divinas
3515 933 3632 991 cle-

1989 1022 2220 1077 mentia:
2251 1021 2558 1089 debentur,
2589 1023 2661 1076 ab
2693 1021 3164 1092 imperatoribus,
3194 1022 3388 1079 divina
3421 1024 3635 1079 consti-

1987 1111 2132 1166 tutis
2163 1111 2654 1180 auctoritate,Deo
2682 1111 2836 1166 velut
2865 1126 2968 1181 per
2987 1111 3150 1182 ipsos
3180 1111 3526 1184 suﬂ’ragium
3549 1112 3632 1169 fe-

1987 1204 2170 1266 rente,
2202 1199 2260 1255 in
2294 1216 2462 1256 sacro
2508 1205 2567 1255 et
2611 1198 2940 1255 admirabili
2991 1199 3276 1270 imperiali
3327 1201 3629 1272 tribunali,

1986 1291 2141 1361 quod
2165 1292 2221 1346 in
2242 1290 2549 1362 splendido
2567 1289 3007 1362 chrysotriclino
3023 1291 3407 1362 conspicitur,
3422 1291 3632 1349 diebus

1985 1378 2350 1434 solemnibus
2373 1379 2755 1434 conferuntur
2775 1383 2838 1434 ut
2856 1379 3092 1450 praemia
3111 1380 3349 1436 virtutis
3366 1380 3423 1435 in
3448 1380 3632 1436 homi-

1985 1487 2092 1526 nes
2149 1472 2378 1542 dignos,
2439 1471 2640 1526 ordine
2685 1475 2804 1526 toto
2871 1471 3020 1526 sacri
3068 1471 3321 1527 cubiculi
3379 1475 3627 1540 astante,

1981 1560 2245 1631 ipsisque
2283 1561 2600 1616 tribuendis
2630 1561 2918 1616 bonorum
2953 1561 3286 1633 insignibus
3327 1579 3504 1632 penes
3534 1579 3646 1624 sa-,

1981 1665 2138 1706 cram
2176 1652 2534 1720 majestatem
2568 1650 2628 1706 in
2674 1650 2978 1721 propatulo
3011 1652 3310 1722 expositis.
3363 1652 3494 1715 Quae
3526 1652 3627 1722 qui

1979 1741 2244 1810 adepturi
2275 1744 2602 1807 sunt,extra
2630 1739 2822 1794 velum
2856 1740 3036 1810 parati
3071 1744 3338 1796 tenentur
3368 1757 3400 1796 a
3432 1741 3628 1796 basili-

1980 1846 2176 1884 corum
2200 1830 2286 1885 vel
2307 1831 2758 1886 caesarianorum
2778 1830 3251 1902 protospatbario
3273 1847 3398 1886 eam
3420 1829 3480 1885 in
3504 1845 3625 1885 rem

1977 1917 2267 1989 delegato,
2299 1919 2458 1990 sagis
2491 1919 2684 1974 rubris
2719 1919 2928 1975 induti.
2959 1921 3108 1974 Ante
3136 1934 3269 1974 vero
3317 1934 3490 1990 quam
3524 1933 3623 1989 per

1977 2005 2169 2061 velum
2191 2007 2958 2077 introducantur,introeunl
2981 2006 3154 2063 simul
3181 2023 3315 2062 cum
3338 2005 3624 2078 imperiali

1977 2095 2216 2151 ostiario
2249 2101 2369 2152 tres
2399 2096 2504 2152 viri
2537 2096 2778 2168 spalhas
2815 2101 3130 2166 gestantes,
3162 2097 3449 2169 dignitate
3477 2095 3623 2164 illis,

196 2186 378 2253 τρεῖς,
428 2183 518 2236 καὶ
567 2183 628 2236 τὸ
673 2184 897 2252 σύνηθες
947 2178 1105 2243 σέϐας
1156 2185 1488 2253 ποιήσαντες
1537 2180 1863 2252 ἀναμένουσι

1982 2183 2079 2254 qui
2112 2184 2578 2240 munificentiam
2611 2189 2666 2240 et
2696 2187 3014 2240 mercedem
3047 2185 3328 2240 virtutum
3359 2183 3623 2254 adepturi

198 2272 350 2345 πρὸς
382 2273 446 2326 τὸ
482 2269 655 2346 βῆλον
687 2271 918 2333 ἑστῶτες
964 2274 1063 2341 τήν
1113 2275 1209 2326 τοῦ
1267 2270 1617 2345 εἷσαγομὲνου
1666 2289 1865 2343 παρου·

203 2360 351 2427 σίαν,
383 2361 476 2414 καὶ
508 2361 662 2424 αὗθις
690 2365 787 2415 τοῦ
840 2359 1018 2435 βήλου
1068 2361 1420 2422 πετασθὲντος
1461 2360 1505 2395 ⁷⁷
1551 2361 1685 2434 (18),
1735 2380 1869 2413 συν-

207 2448 522 2524 εισέρχεται
571 2454 649 2520 τῷ
710 2447 981 2521 βασιλικῷ
1031 2448 1291 2525 όστιαρίῳ
1330 2450 1358 2504 6
1397 2453 1504 2503 τῶν
1566 2447 1866 2522 βασιλικῶν

204 2539 710 2614 πρωτοσπαθάριος
795 2538 1024 2615 εἷτάγων
1117 2538 1209 2592 τὸν
1311 2535 1589 2610 μέλλοντα
1678 2541 1867 2611 τυχεῖν

207 2625 589 2700 ἀντιλήψεως,
694 2626 782 2682 καὶ
883 2632 1077 2682 τοῦτον
1179 2626 1621 2701 προτρεπόμενος
1720 2626 1865 2701 τρισὶ

209 2716 408 2778 τόποις
484 2723 710 2785 ποιῆσαι
783 2719 881 2786 τήν
977 2717 1367 2791 προσκύνησιν,
1455 2713 1672 2786 ’ίστησιν
1768 2715 1866 2769 αὖ·

214 2807 307 2860 τὸν
359 2805 499 2860 κατά
541 2805 834 2880 πρόσωπον
887 2810 985 2860 τοῦ
1046 2804 1319 2879 βασιλέως
1365 2806 1504 2879 πρὸς
1563 2805 1626 2859 τὸ
1684 2803 1732 2874 ἐξ
1794 2805 1870 2859 οἱ·

217 2896 379 2950 κείων
413 2899 618 2973 χειρῶν
647 2895 810 2949 αὐτοῦ
851 2890 1036 2950 λαϐεῖν
1086 2896 1148 2950 τὸ
1198 2889 1449 2970 βραϐεῖον
1481 2898 1578 2948 τοῦ
1625 2894 1870 2967 ἀξιώμα-

212 3005 326 3046 τος.
365 2985 462 3040 Καὶ
509 2984 702 3058 μικρὸν
754 2983 912 3038 αὐτὸν
970 2985 1060 3039 τὸν
1110 2985 1350 3059 τυχόντα
1397 2981 1690 3053 διαστήσας
1741 2982 1868 3036 ὀπι-

217 3072 504 3135 σθοπόδως
535 3075 562 3127 ὁ
595 3075 758 3135 αὐτὸς
808 3074 1302 3150 πρωτοσπαθάριος
1347 3069 1671 3145 περιϐάλλει
1721 3070 1868 3142 αὐτῷ

220 3163 283 3217 τὸ
315 3159 466 3217 δοθὲν
521 3164 667 3233 παρά
732 3167 828 3218 τοῦ
898 3161 1166 3238 βασιλέως
1228 3159 1503 3237 βραϐεῖον,
1573 3161 1662 3215 καὶ
1719 3161 1870 3223 αὖθις

226 3252 390 3306 αὐτὸν
445 3253 808 3326 προσωθήσας
878 3251 1215 3306 ἀσπάσασθαι
1295 3256 1444 3305 ποιεῖ
1502 3249 1630 3311 τοὺς
1693 3249 1870 3321 ἱεροὺς

221 3338 390 3402 πόδας
439 3344 538 3395 τοῦ
600 3339 888 3416 βασιλέωςο
947 3341 1311 3414 καταχθέντος
1374 3337 1429 3394 δὲ
1505 3339 1668 3394 αὐτοῦ
1733 3339 1869 3411 πρὸς

229 3435 338 3492 τοῖς
385 3430 555 3500 κάτω,
617 3430 671 3484 οἱ
729 3429 993 3503 ὁμότιμοι
1046 3433 1144 3484 τοῦ
1200 3429 1512 3502 ἀξιώματος
1553 3425 1740 3500 ἄνδρες
1795 3429 1869 3490 ὡς

224 3517 464 3592 ἰσότιμον
521 3516 884 3592 εῗσδεξάμενοι
945 3519 1128 3596 φίλον,
1190 3520 1252 3574 τὸ
1317 3513 1475 3580 σὲϐας
1530 3516 1868 3591 πληροῦντες

1977 2277 2133 2339 sunt,
2167 2273 2435 2344 aequales.
2470 2274 2638 2343 Hi,ut
2667 2273 2991 2345 principem
3025 2278 3300 2330 consueto
3332 2274 3491 2329 cultu
3520 2289 3623 2328 ve-

1979 2362 2159 2417 nerati
2193 2366 2350 2430 sunt,
2376 2366 2734 2434 exspectant,
2767 2363 2921 2434 apud
2953 2362 3150 2418 velum
3183 2362 3625 2429 stantes,intro-

1976 2449 2224 2505 ducendi
2255 2450 2978 2523 adventum,protinusque
3008 2455 3074 2505 ut
3103 2448 3291 2506 velum
3319 2450 3621 2506 reductum

1979 2538 2364 2606 fuerit,intrat
2395 2539 2572 2594 simul
2605 2555 2733 2594 cum
2757 2539 2915 2610 regio
2947 2539 3184 2595 ostiario
3219 2537 3617 2610 protospatba-

1978 2627 2100 2683 rius
2133 2626 2528 2696 basilicorum,
2562 2628 2943 2683 introducens
2999 2628 3427 2684 honorandum.
3460 2627 3622 2682 Hunc

1977 2715 2244 2773 hortatur
2269 2717 2457 2772 tribus
2478 2717 2536 2771 in
2560 2715 2805 2772 diversis
2829 2715 2974 2773 locis
3002 2719 3330 2788 Augustum
3361 2717 3622 2782 adorare,

1977 2805 2222 2861 collocat
2243 2821 2440 2862 coram
2463 2805 2685 2861 domini
2709 2804 3015 2877 vultu,quo
3045 2822 3112 2861 ex
3135 2805 3322 2878 ipsius
3349 2804 3623 2860 manibus

1978 2893 2282 2967 dignitatis
2331 2895 2560 2967 insigne
2607 2895 2871 2966 accipiat.
2907 2895 3064 2951 Idem
3115 2893 3622 2967 protospatharius

1979 2999 2110 3039 eum
2146 2985 2201 3038 id
2236 2988 2473 3039 nactum
2514 2987 2668 3039 retro
2717 2983 3080 3055 aliquantum
3130 2984 3189 3040 in
3238 2983 3483 3055 vestigia
3513 2998 3622 3040 sua

1978 3072 2139 3127 vultu
2171 3073 2436 3127 irretorto
2481 3074 2624 3144 agit,
2656 3077 2712 3127 et
2741 3073 2992 3145 acceptis
3029 3091 3061 3129 a
3092 3073 3328 3129 domino
3373 3071 3621 3145 insigni-

1979 3161 2090 3215 bus
2122 3161 2660 3231 induit,rursusque
2692 3177 2958 3230 prorsum
2979 3163 3220 3216 ductum
3243 3162 3400 3233 cogit
3428 3176 3620 3216 sacros

1979 3252 2224 3322 Augusti
2257 3253 2434 3322 pedes
2465 3249 2740 3308 osculari.
2774 3250 2848 3306 Ut
2877 3251 3050 3307 rediit
3079 3251 3356 3307 reductus
3395 3251 3466 3306 ad
3497 3266 3620 3315 eos,

1979 3341 2080 3412 qui
2113 3340 2262 3395 infra
2293 3339 2367 3395 ad
2396 3339 2586 3395 velum
2622 3344 2803 3406 stant,
2836 3338 2945 3410 ipsi
2975 3339 3260 3410 dignitate
3292 3337 3624 3410 pares,reci-

1981 3429 2149 3500 piunt
2172 3434 2235 3484 ut
2257 3429 2511 3484 amicum
2536 3433 2593 3483 et
2613 3427 3351 3500 collegam,venerationem
3374 3427 3622 3499 Augusti

1984 3517 2368 3583 absolventes,
2401 3519 2720 3588 gratiarum
2752 3519 3032 3573 actionem
3070 3535 3237 3574 suam
3268 3519 3452 3575 eidem
3484 3534 3623 3575 voce

223 3607 316 3673 τήν
362 3607 710 3681 εὐχαριστίαν
762 3605 852 3661 διὰ
898 3613 998 3674 τῆς
1049 3609 1468 3681 προσκυνήσεως
1517 3611 1595 3676 τῷ
1650 3607 1864 3679 βασιλεῖ

1982 3606 2131 3662 clara
2160 3616 2211 3662 et
2243 3609 2578 3663 adoratione
2611 3607 3033 3679 signiﬁcant,et
3056 3623 3188 3663 cum
3222 3624 3368 3664 novo
3397 3607 3623 3679 collega

232 3699 630 3773 προσφωνοῦσι,
661 3695 749 3749 καὶ
785 3695 1157 3770 συνεξέρχεται
1189 3696 1238 3732 ’⁸⁸
1281 3697 1479 3767 τούτῳ.
1539 3697 1599 3752 ἸΙ
1653 3693 1710 3750 δὲ
1739 3716 1869 3770 παρ·

234 3787 428 3838 εστῶσα
497 3784 708 3838 πάντων
775 3787 882 3837 τῶν
959 3787 1060 3837 τοῦ
1125 3779 1521 3837 κουϐουκλείου
1595 3783 1717 3852 ἀξία
1781 3785 1870 3838 τὸν

235 3869 450 3946 βασιλέα
519 3872 684 3941 ἀξίως
743 3869 1203 3946 ἐπευφημήσασα,
1269 3873 1358 3925 καὶ
1426 3869 1562 3938 αὐτὴ
1629 3871 1871 3944 συνεξέρ-

238 3981 380 4036 χεται
410 3959 649 4020 τούτοις.
695 3958 1010 4034 Εἷσάγονται
1045 3956 1101 4014 δε
1130 3965 1298 4014 πᾶσαι
1339 3959 1393 4013 αἱ
1436 3961 1544 4012 τῶν
1600 3955 1688 4011 διὰ
1741 3959 1874 4032 βρα-

236 4048 380 4108 ϐείων
410 4052 750 4125 ιάξιωμάτων
797 4049 1050 4130 διαφοραὶ
1101 4051 1239 4107 κατὰ
1284 4051 1432 4122 τάξιν
1491 4049 1580 4104 καὶ
1640 4050 1870 4123 ἀριθμὸν

236 4141 320 4197 τὸν
368 4139 472 4212 ἤδη
517 4140 883 4216 λεχθήσεσθαι
942 4139 1239 4214 μέλλοντα,
1278 4140 1370 4196 καὶ
1435 4139 1530 4201 τὰς
1589 4138 1872 4208 συνηθείας

238 4232 476 4306 παρέχειν
535 4229 874 4306 ὀφείλοντας.
937 4231 1035 4284 Καὶ
1103 4230 1206 4306 γὰρ
1265 4231 1319 4284 αἱ
1391 4229 1482 4302 μὲν
1543 4229 1723 4283 αὐτῶν
1785 4225 1872 4281 διὰ

241 4315 489 4394 βραϐείων
559 4319 916 4395 παρέχονται,
985 4321 1039 4374 αἱ
1081 4317 1138 4374 δὲ
1198 4316 1288 4374 διὰ
1347 4316 1638 4394 βασιλικοῦ
1700 4316 1872 4394 λόγου

237 4410 618 4486 προσγίνονται,
647 4411 734 4465 καὶ
781 4412 1101 4466 συνέπονται
1145 4414 1268 4470 ταῖς
1318 4405 1408 4463 διὰ
1460 4403 1736 4483 βραϐείων
1786 4403 1872 4461 δι-

243 4496 472 4572 δομέναις
503 4501 698 4569 ἀξίαις,
728 4499 822 4553 καὶ
850 4500 905 4552 αἱ
955 4500 1048 4572 μὲν
1095 4497 1270 4552 αὐτῶν
1320 4499 1382 4552 τὸ
1434 4497 1670 4570 μόνιμον
1716 4490 1876 4574 ἔχου-

247 4607 337 4655 σιν,
366 4587 416 4641 αἱ
448 4584 505 4641 δὲ
536 4585 737 4660 ῥᾳδίως
786 4585 951 4642 πάλιν
1008 4586 1404 4663 ἀφαιρούμεναι
1457 4585 1516 4641 ἐκ
1562 4585 1873 4661 προσώπων

250 4677 314 4738 είς
331 4677 588 4751 πρόσωπα
619 4671 1009 4734 διαϐαίνουσιν.

615 4767 702 4824 .Λὶ
742 4763 830 4820 διὰ
873 4761 1142 4842 βραϐείων
1185 4765 1324 4837 ἀξίαι
1363 4773 1450 4837 ιη“.

1975 3696 2152 3751 simul
2203 3698 2438 3751 abeunt.
2473 3696 2694 3751 Pariter
2739 3702 2935 3752 astans
2984 3695 3233 3751 cubiculi
3286 3701 3438 3752 totus
3482 3698 3622 3752 ordo

1979 3783 2153 3839 simul
2187 3801 2318 3838 cum
2345 3784 2461 3839 illis
2492 3786 2611 3838 abit
2643 3789 2777 3854 post
2797 3785 3002 3840 laudes
3023 3790 3076 3840 et
3102 3784 3252 3839 bona
3273 3788 3446 3839 verba
3468 3786 3624 3856 prin-

1979 3873 2092 3941 cipi
2122 3872 2396 3926 decenter
2439 3871 2609 3926 dicta.
2648 3874 3100 3927 Introducuntur
3152 3876 3348 3926 autem
3397 3888 3621 3940 omnes,
3683 3907 3688 3918 ι

1980 3979 2106 4033 quae
2120 3978 2254 4016 cum
2273 3962 2496 4017 brabeis
2514 3961 2600 4015 vel
2617 3962 2869 4031 praemiis
2886 3966 2987 4015 aut
3008 3961 3338 4032 insignibus
3358 3962 3624 4018 tribuun-

1977 4056 2086 4117 tur,
2123 4050 2462 4121 dignitates,
2493 4067 2560 4106 eo
2592 4066 2755 4120 quem
2788 4066 2922 4105 mox
2947 4050 3230 4119 dicemus,
3271 4050 3476 4106 ordine
3511 4066 3621 4106 nu-

1981 4155 2393 4210 meroque,quo
2417 4139 2586 4194 etiam
2607 4139 3056 4195 consuetudines
3079 4143 3353 4211 prestare
3383 4139 3619 4195 debent.

1981 4229 2340 4301 Dignitatum
2358 4230 2622 4300 quaedam
2645 4228 3020 4294 brabeis,alize
3039 4227 3161 4285 solo
3184 4227 3404 4284 domini
3435 4229 3623 4286 edicto

1979 4321 2444 4393 impetrantur,et
2474 4320 2828 4375 comitantur
2849 4318 2976 4374 illas
3010 4318 3314 4390 priores,et
3342 4335 3476 4374 cum
3509 4317 3624 4374 illis

1979 4411 2182 4467 eodem
2213 4414 2474 4481 tempore
2505 4412 2753 4479 possunt
2800 4409 2872 4463 ab
2905 4408 3105 4464 eodem
3154 4408 3299 4480 geri.
3345 4407 3622 4474 Quaedam

1980 4497 2161 4554 semel
2193 4499 2424 4553 tributa:
2455 4501 2792 4553 constanter
2814 4495 3137 4565 inhaerent;
3169 4495 3294 4552 alia
3322 4497 3429 4552 levi
3455 4513 3624 4570 nego-

1978 4587 2058 4642 tio
2089 4603 2292 4643 rursus
2320 4586 2606 4657 adempta;
2638 4586 2711 4640 ab
2741 4601 2858 4640 uno
2891 4585 2964 4641 ad
2995 4584 3239 4640 alterum
3272 4584 3546 4657 migrant.

2070 4767 2143 4820 De
2166 4763 2456 4821 octodecim
2488 4762 2873 4834 dignitatibus,
2915 4777 3041 4834 quae
3069 4779 3192 4819 cum
3221 4762 3536 4836 insignibus

2625 4837 2966 4892 tribuuntur.

305 4926 409 4982 Εἰσὶ
451 4923 508 4982 δὲ
565 4931 731 4982 πᾶσαι
791 4927 932 5000 ὁμοῦ
989 4927 1045 4982 αἱ
1103 4923 1193 4981 διὰ
1253 4920 1522 5002 βραϐείων
1580 4922 1862 4999 διδόμεναι

2043 4927 2178 4991 Quae
2208 4941 2337 4981 cum
2362 4925 2692 4997 insignibus
2713 4926 3008 4996 dantur,et
3026 4925 3209 4983 semel
3226 4925 3372 4983 date
3390 4943 3618 4994 rursus.

1584 5035 1827 5092 VARI/E
1858 5034 2270 5090 LECTIONES.

306 5126 344 5162 ⁷⁷
371 5127 614 5200 συρέντος
647 5129 755 5198 leg.
791 5144 921 5185 esse
953 5132 1117 5200 putat
1145 5128 1212 5184 R.
1246 5145 1350 5201 pro
1379 5124 1746 5187 πετασθέντος.
1824 5127 1868 5161 ⁷⁸
1898 5122 2177 5202 συνεξέρχ.
2213 5125 2278 5181 R.
2313 5125 2630 5202 συνέρχεται
2661 5126 2787 5184 cod.
2819 5135 2873 5184 et
2897 5127 2990 5184 ed.

1265 5236 1464 5292 JOAN.
1505 5235 1642 5292 JAC.
1689 5234 1952 5290 REISKII
1991 5233 2576 5291 COMMENTARIUS.

253 5335 372 5389 nudo
398 5334 554 5388 verba
585 5334 788 5405 absque
813 5334 1015 5404 scripto
1039 5334 1122 5390 vel
1153 5335 1591 5398 charta,tantum
1621 5350 1745 5388 cum
1769 5335 1866 5386 do-

254 5408 367 5460 mini
390 5405 569 5476 gladio
599 5407 683 5460 vel
712 5407 877 5474 galea
927 5407 1012 5460 vel
1041 5423 1212 5460 cornu
1243 5408 1325 5460 vel
1372 5410 1611 5474 cratera,
1637 5409 1688 5459 et
1735 5406 1864 5476 ptu-

254 5477 372 5533 rima
394 5483 698 5532 (caementa
727 5495 854 5532 cum
885 5478 1117 5547 calcari,
1147 5493 1272 5532 cum
1314 5477 1554 5548 strigili,
1585 5493 1704 5531 cum
1732 5492 1869 5532 arcu

257 5553 298 5604 et
321 5548 580 5604 nonnulla
609 5566 732 5604 cum
764 5549 994 5618 sagitta.

315 5621 403 5692 (17)
434 5621 694 5692 ltajacet
724 5621 782 5676 in
809 5619 1198 5692 membranis,
1231 5620 1384 5692 quod
1418 5635 1489 5675 ne
1519 5619 1748 5692 dubites
1781 5635 1870 5692 re-

261 5689 555 5761 ctam'esse,
589 5697 691 5748 aut
739 5691 934 5748 saltim
965 5690 1076 5745 τῶν
1130 5689 1457 5764 βασιλικῶν,
1500 5690 1876 5763 persuadebit

2016 5329 2147 5385 aulo
2198 5336 2349 5404 post,
2399 5332 2497 5387 ubi
2543 5331 2571 5384 6
2614 5336 2721 5386 τῶν
2777 5330 3076 5405 βασιλικῶν
3126 5332 3621 5406 πρωτοσπαθάριος

1998 5409 2342 5547 Θεξίὶὲἶῖηιο
2392 5491 2524 5547 vero
2576 5471 2821 5547 συρέντος
2879 5470 3283 5547 ἐφελκομένου,
3321 5485 3617 5547 contracto,

1979 5545 2197 5621 reducto
2227 5548 2363 5621 velo.
2391 5546 2572 5602 Nemo
2602 5545 2758 5602 enim
2784 5545 3008 5616 ingredi
3039 5545 3230 5618 petest
3262 5545 3440 5621 βήλου
3465 5565 3622 5601 πετα-

1983 5613 2216 5685 σθέντος,
2249 5619 2365 5674 veto
2393 5633 2650 5690 expanso.
