3972 6214
332 338 488 402 1303

1372 330 1891 392 CONSTANTINI
1938 330 2629 394 POBPHYROGENITI

3643 326 3781 385 13M

328 471 810 549 protospatbariis
840 468 1128 526 eunuchis
1144 466 1725 540 24,protospathariis
1757 465 1896 523 barb

2218 467 2601 542 τοσπαθαρίοις
2661 466 2951 542 εὐνούχοις
3009 465 3108 536 κδ’,
3162 470 3279 527 τοῖς
3356 461 3786 535 apto-rostri»:-

331 546 401 623 tis
429 546 830 635 24,7catepano
863 558 1269 627 18,domestico
1291 557 1683 629 imperialium
1715 558 1770 623 6,
1790 574 1899 628 pap

2218 576 2221 607 ἑ
2256 551 2550 630 βαρϐάτοις
2581 553 2681 625 κδ’,
2713 560 2794 628 τῷ
2822 556 3104 611 κατεπάνω
3149 556 3241 625 ιη’,
3292 556 3401 624 τῷ
3470 546 3786 622 δομεστῖιιξ

330 662 386 714 et
416 656 652 712 deutero
682 654 736 708 6.
756 651 816 706 Si
843 666 977 705 vero
1008 649 1065 704 in
1099 646 1548 721 cbrysotriclinii
1583 646 1898 701 ministeriu

2220 644 2519 718 βασιλικῶν
2560 652 2623 715 ς’,
2655 649 2733 717 τῷ
2779 645 2954 717 παπίᾳ
2990 645 3081 700 καὶ
3134 648 3216 715 τῷ
3273 640 3571 714 δευτέρῳ
3630 640 3695 701 ς’.
3744 640 3788 693 ΕΞ

329 745 658 801 ascribatur
688 743 933 812 ejusque
970 737 1450 810 protospatbariis
1479 736 1897 807 adjungatur,d

2225 754 2248 794 ς
2291 735 2381 789 τὸν
2434 726 2891 809 χρυσοτρίκλινον
2940 730 3248 808 παραδοθῇ,
3303 735 3413 802 τῷ
3477 726 3686 795 traxi;
3728 725 3793 779 Ξέ-

333 833 516 906 papiaa
545 832 636 888 24.
667 829 1026 895 Tenendum,
1060 827 1108 881 si
1154 826 1288 899 quis
1321 840 1523 879 eorum
1556 824 1625 878 ad
1676 825 1901 878 demarc

2247 819 2345 880 κδ“.
2398 824 2593 881 Ἰστέον
2644 822 2720 893 δὲ,
2775 824 2859 879 ὅτι
2899 823 3010 892 καὶ,
3067 820 3383 897 δήμαρχος
3462 818 3521 873 εἷ
3593 820 3792 906 τιμζθξ

330 905 672 993 dignitatem
723 918 1026 981 evehatur,
1075 917 1212 970 dare
1260 913 1588 985 praepositis
1637 912 1898 967 solidos?

2235 916 2339 965 τῶν
2367 933 2472 983 τις,
2533 910 2670 968 δίδει
2729 919 2848 975 τοῖς
2908 914 3289 988 πραιπυσίτοις
3344 910 3489 982 οβ’.
3555 905 3796 978 Τθμοίως

330 1011 546 1085 pariter
560 1011 730 1065 etiam
748 1005 1216 1063 cerimoniarium
1234 1003 1445 1057 iisdem
1463 1002 1827 1056 tantumdem
1841 1016 1979 1071 pen-

329 1097 848 1155 dere.Duodecima
869 1093 1126 1165 dignitas
1156 1098 1239 1148 est
1261 1090 1671 1162 spectabilium
1709 1090 1978 1160 patricio-

331 1188 672 1258 rum,cujus
703 1187 984 1241 brabeum
1019 1188 1156 1239 sunt
1185 1182 1394 1237 tabulas
1424 1182 1692 1237 eburneae
1723 1196 1856 1235 cum
1888 1180 1981 1234 in-

216 1344 227 1351 .
308 1286 429 1335 ‘tus
455 1277 708 1334 conditis
759 1272 1042 1329 codicillis
1076 1272 1414 1343 perscriptis
1444 1272 1514 1325 ad
1549 1271 1782 1325 modum
1817 1268 1979 1340 legis,

334 1386 480 1440 quas
511 1382 653 1422 novo
697 1364 939 1436 patricio
970 1362 1282 1432 imperator
1330 1360 1455 1432 ipse
1504 1360 1762 1431 porrigit.
1796 1359 1981 1413 Cceto-

336 1455 495 1523 nitis,
529 1456 581 1509 si
612 1454 757 1508 forte
790 1452 861 1506 ab
892 1450 1037 1522 ipsis
1076 1450 1126 1504 ei
1180 1449 1633 1520 praenuntiatum
1686 1447 1859 1502 fuerit
1890 1446 1983 1516 [de

314 1560 483 1600 novo
516 1543 734 1597 honore
766 1539 873 1611 ipsi
906 1537 1222 1608 destinato]
1249 1538 1349 1593 dat
1377 1536 1540 1593 litras
1568 1537 1686 1605 2,et
1710 1533 1983 1607 praeposi-

340 1629 711 1699 tis,cubiculo
742 1633 797 1685 et
820 1628 1064 1700 reliquis
1096 1644 1200 1699 pro
1217 1626 1560 1697 apocombio
1592 1640 1691 1681 seu
1724 1623 1986 1695 sportula

338 1720 464 1777 auri
512 1720 680 1775 litras
728 1720 782 1775 8.
835 1718 1215 1773 Tantumdem
1267 1715 1481 1787 pendet
1525 1723 1639 1770 tam
1697 1712 1984 1777 ofﬁcialis,

2085 999 2173 1053 καὶ
2208 1000 2235 1054 ὁ
2265 1007 2365 1069 τῆς
2384 1005 2763 1066 καταστάσεως
2791 1007 2910 1064 τοῖς
2960 1002 3147 1061 αὐτοῖς
3194 996 3659 1076 πραιποσὶτοις
3711 997 3801 1067 οβ.

2088 1086 2374 1160 Δωδεκάτη
2435 1094 2469 1159 ἡ
2520 1096 2627 1146 τῶν
2696 1086 3075 1163 περιϐλέπτων
3114 1091 3454 1163 πατρικίων
3535 1086 3702 1155 ἀξία,
3754 1086 3807 1150 ἧς

2092 1182 2372 1257 βραφεῖον,
2412 1181 2620 1246 πλάκες
2651 1182 2986 1261 ἑλεφάντιναι
3028 1180 3479 1254 κεκοσμημέναι
3540 1178 3676 1247 (3‘3)
3728 1178 3805 1228 73?

2086 1267 2454 1332 κωδικέλλοις
2485 1271 2953 1349 ἐγγεγραμμένοις
2986 1270 3065 1331 εἷς
3092 1270 3263 1325 τύπον
3290 1274 3406 1323 τοῦ
3435 1262 3656 1337 νόμον
3680 1268 3801 1334 (33},

2088 1357 2147 1413 ἐκ
2205 1358 2499 1433 βασιλικῆς
2559 1361 2749 1439 χειρὸς
2808 1358 3159 1415 ὲπιδίδονται.
3236 1357 3523 1431 Παρέχει
3585 1352 3652 1408 δὲ
3702 1359 3803 1412 toi;

2088 1451 2460 1519 κοιτωνίταις,
2515 1450 2559 1504 εἰ
2624 1449 2727 1523 ἄρα
2794 1451 2885 1505 καὶ
2957 1452 3170 1523 μηνυθῇ
3228 1450 3372 1521 (34),
3462 1444 3701 1518 λίτρας

2091 1537 2185 1601 Εἷς
2219 1536 2274 1592 δὲ
2319 1539 2382 1593 τὸ
2441 1534 2787 1612 ἀποκόμϐιον
2851 1544 2971 1599 τοῖς
3036 1536 3446 1611 πραιποσίτοις
3536 1534 3651 1587 σὺν
3722 1535 3799 1585 te:

2090 1621 2483 1682 κουϐουκλείου
2546 1627 2636 1682 καὶ
2704 1633 2819 1689 τοῖς
2878 1627 3096 1687 λοιποῖς
3152 1628 3364 1704 χρυσοῦ
3444 1622 3688 1695 λίτρας
3744 1644 3801 1688 η.

2090 1720 2267 1771 Ταῦτα
2297 1714 2353 1770 δὲ
2385 1716 2736 1793 ὀφφικιάλιος
2782 1716 2871 1771 καὶ
2922 1718 3227 1791 στρατηγὸς
3286 1711 3583 1768 δίδωσιν.
3647 1711 3715 1767 Ὁ
3754 1708 3799 1763 δὲ

341 1825 518 1880 quam
550 1812 880 1878 strategus;
914 1819 1110 1859 verum
1142 1804 1422 1874 patricius
1444 1802 1851 1858 tantummodo
1882 1800 1909 1855 h

2230 1826 2334 1867 ιτος
2387 1803 2525 1860 δίδει
2576 1803 2765 1880 λίτρας
2827 1807 2887 1875 ζ’,
2945 1805 3034 1859 καὶ
3085 1810 3163 1876 τῷ
3207 1810 3310 1873 τῆς
3376 1800 3798 1859 καταστάσεως

342 1897 616 1954 norarius
648 1896 747 1950 dat
778 1895 942 1948 litras
969 1895 1025 1959 7,
1055 1897 1112 1947 et
1141 1892 1548 1948 cerimoniario
1582 1895 1789 1963 praeter
1820 1891 1987 1946 obse-

343 1986 548 2057 quium
581 1985 665 2038 12.
701 1980 995 2053 Obsequio
1028 1986 1223 2037 autem
1260 1982 1383 2052 [seu
1433 1982 1618 2036 turbas
1648 1980 1839 2052 ipsum
1875 1982 1987 2037 do-

340 2089 498 2128 mum
531 2070 863 2141 deducenti]
895 2070 1003 2135 80;
1036 2085 1205 2140 porro
1232 2070 1333 2124 dat
1366 2070 1603 2125 deutero
1636 2085 1737 2140 pro
1770 2069 1988 2125 tabulis

341 2163 616 2220 eburneis
647 2162 718 2215 24
748 2167 806 2217 et
837 2176 939 2232 pro
973 2161 1180 2215 tunicas
1213 2159 1405 2214 tabliis
1432 2159 1521 2213 24.
1557 2158 1809 2214 Caniclei
1842 2176 1987 2230 pra:-

340 2254 490 2309 fecto
524 2268 625 2323 pro
657 2249 945 2306 codicillis
982 2250 1045 2303 16
1076 2254 1133 2305 et
1161 2250 1217 2304 S.
1246 2250 1472 2320 SOpbiaa
1502 2250 1590 2305 36.
1626 2249 1854 2304 Decima
1885 2256 1990 2305 ter-

340 2344 421 2397 tia
472 2341 728 2411 dignitas
776 2347 861 2394 est
896 2336 1350 2409 anthypatorum
1411 2338 1497 2393 vel
1547 2338 1985 2408 proconsulum,

340 2430 511 2499 cujus
545 2428 821 2484 brabeum
856 2431 993 2481 sunt
1024 2424 1274 2480 codicilli
1309 2426 1586 2497 purpurei
1619 2425 1827 2481 coloris
1860 2442 1990 2496 per—

340 2519 569 2589 scripti,
590 2534 622 2571 a
655 2516 894 2572 domino
926 2515 1119 2569 traditi
1146 2532 1159 2583 ;
1184 2518 1282 2569 dat
1311 2516 1793 2570 consuetudinem
1825 2514 1989 2569 cani-

322 2608 437 2662 -clii
465 2606 730 2676 praefecto
769 2608 802 2659 8
840 2612 897 2659 et
927 2605 1165 2659 deutero
1196 2605 1228 2657 4
1259 2608 1315 2659 et
1344 2605 1673 2675 praepositis
1702 2604 1791 2658 24.
1824 2604 1989 2659 Deci-

344 2712 442 2750 ma
480 2698 691 2765 quarta
712 2693 972 2764 dignitas
1000 2699 1088 2748 est
1108 2691 1663 2763 gloriosissimorum
1689 2692 1989 2762 magistro-

334 2799 496 2849 rum,
544 2783 698 2837 412
748 2782 918 2851 cujus
975 2780 1252 2836 brabeum
1303 2781 1501 2836 tunica
1550 2780 1793 2837 candida
1846 2797 1988 2836 auro

346 2875 631 2944 pertexta,
664 2875 721 2926 et
752 2869 1053 2941 scapulare
1100 2885 1233 2925 cum
1266 2868 1460 2925 aureis
1488 2869 1726 2939 tabulis,
1758 2874 1816 2926 et
1843 2887 1990 2926 zona

340 2966 570 3022 scortea
600 2962 871 3018 coccinea
916 2961 1167 3033 gemmis
1216 2966 1441 3033 ornata,
1475 2962 1650 3035 vulgo
1701 2963 1987 3019 baltidion

2096 1891 2218 1947 ἂνευ
2250 1897 2347 1949 τοῦ
2378 1893 2595 1967 ὀψικίου
2620 1896 2733 1967 (35)
2768 1895 2858 1970 ιβ’,
2890 1894 2953 1948 τὸ
2996 1893 3210 1966 ὀψικιον
3258 1898 3331 1960 π’,
3384 1896 3489 1960 τῷ
3556 1888 3795 1962 δευτέρῳ

2099 1982 2229 2057 ὑπὲρ
2258 1987 2366 2037 τῶν
2399 1982 2626 2039 πλακῶν
2658 1980 2757 2050 κδ’,
2799 1983 2890 2037 καὶ
2923 1981 3000 2044 εἷς
3040 1982 3106 2037 τὰ
3151 1976 3353 2036 ταϐλία
3396 1985 3524 2034 τοῦ
3584 1977 3789 2055 χλανι-

2098 2067 2217 2124 δίου
2247 2069 2348 2143 κδ’,
2389 2076 2467 2143 τῷ
2497 2072 2790 2143 κανικλείῳ
2824 2071 2957 2145 ὅπερ
2992 2075 3089 2125 τοῦ
3140 2067 3519 2125 κωδικὲλλου
3585 2074 3677 2133 ις“,
3722 2066 3791 2125 si:

2096 2162 2196 2229 τήν
2231 2161 2413 2233 Ἀγίαν
2449 2161 2652 2238 Σοφίαν
2686 2160 2789 2224 λς’.
2823 2158 3254 2234 Τρισκαιδεκάτη
3287 2162 3322 2228 ἠ
3355 2164 3483 2214 τῶν
3543 2156 3786 2211 ἀνθυπά-

2096 2272 2203 2305 των
2282 2248 2422 2319 ἀξία.
2500 2251 2566 2319 ἧς
2649 2244 2927 2323 βραϐεῖον,
3000 2246 3356 2316 κωδίκελλοι,
3433 2249 3786 2319 ἁλουργίδες-

2099 2336 2210 2399 δεῖς
2246 2340 2356 2410 (36)
2414 2338 2809 2415 γεγραμμένοι,
2864 2336 2922 2391 ἐκ
2974 2334 3265 2412 βασιλικῆς
3327 2337 3540 2412 χειρὸς
3607 2332 3782 2388 ἐπιδε-

2100 2424 2301 2484 δονται.
2336 2424 2536 2481 Δίδωσι
2570 2429 2852 2496 συνήθειαν
2898 2429 2978 2497 τῷ
3024 2430 3121 2480 τοῦ
3166 2423 3495 2480 κανικλείου
3567 2425 3645 2493 η’,
3698 2422 3777 2475 καῖ

2098 2517 2176 2588 τῷ
2209 2514 2440 2591 δευτέρῳ
2472 2514 2534 2587 δ’,
2564 2518 2655 2570 καὶ
2707 2520 2824 2577 τοῖς
2874 2514 3255 2589 πραιποσίτοις
3300 2511 3404 2570 κδ’.
3463 2520 3774 2584 Τεσσαρεσ-

2099 2603 2390 2676 καιδεκάτη
2441 2608 2476 2675 ἠ
2533 2610 2642 2660 τῶν
2710 2602 3065 2676 ἐνδοξοτάτων
3132 2604 3457 2681 μαγίστρων
3530 2603 3649 2672 ἀξία
3701 2600 3770 2665 ⁸³,

2106 2698 2174 2764 ἧς
2227 2690 2503 2769 βραϐεῖον,
2554 2694 2725 2770 χιτὼν
2786 2692 2979 2757 λευκὸς
3038 2691 3112 2748 ὥν
3171 2693 3629 2772 χρυσοῢφοιντος,
3686 2689 3765 2742 καί

2101 2784 2313 2858 ὲπωμὶς
2344 2787 2452 2856 (37)
2486 2781 2892 2862 χρυσόταϐλος,
2933 2786 3021 2839 καὶ
3074 2784 3220 2854 ζώνη
3273 2781 3585 2856 δερματὶνη
3642 2780 3766 2833 κόκ-

2103 2894 2251 2935 κινος
2310 2873 2371 2929 ἐκ
2413 2872 2579 2929 λίθων
2633 2876 2834 2947 τιμίων
2888 2872 3300 2947 κεκοσμημένη,
3359 2873 3489 2939 ἣτις
3552 2869 3760 2944 λέγεται

2102 2960 2349 3038 βαλτίδιν
2384 2964 2520 3037 (38).
2553 2961 2641 3018 ἐπὶ
2699 2968 2797 3019 τοῦ
2856 2960 3259 3038 χρυσοστορίου
3318 2962 3438 3032 (39)
3492 2958 3557 3014 ἒκ
3609 2960 3761 3031 βασι-

1688 3061 1927 3118 VARl/E
1982 3062 2387 3119 LECTIONES.

406 3152 454 3187 οι
485 3151 605 3223 ἀξίᾳ
633 3153 727 3219 ed,

1376 3243 1577 3301 JOAN.
1620 3243 1764 3300 JAC.
1808 3243 2075 3300 REISKII
2116 3242 2710 3300 COMMENTARIUS.

412 3333 524 3403 (32)
554 3334 746 3405 Auro,
767 3331 1388 3405 argento,sculpturis;
1425 3349 1515 3388 res
1547 3339 1687 3388 nota
1716 3334 1787 3388 de
1818 3334 1992 3388 tabu-
2021 3338 2067 3401 C
2106 3334 2225 3388 scio
2257 3334 2427 3403 cujus
2458 3333 2563 3405 viri
2594 3332 2768 3399 docti,
2803 3332 3153 3405 ascripserat
3183 3348 3195 3387 :
3232 3335 3486 3387 Fortasse
3522 3324 3748 3399 ἐπωμὶς,

342 3405 417 3460 lis
446 3410 503 3457 et
534 3403 828 3475 diptychis
860 3404 1166 3458 consulum
1194 3413 1367 3474 atque
1399 3406 1795 3474 patriciorum.

418 3474 532 3544 (33)
565 3474 791 3540 Fateor,
828 3490 919 3528 me
950 3476 1268 3545 dictionem
1303 3475 1455 3528 hanc
1485 3492 1597 3530 non
1648 3474 1995 3545 intelligere.

345 3546 559 3598 Vultne
601 3544 791 3599 dicere
824 3561 836 3597 :
876 3544 1370 3613 quemadmodum
1404 3545 1558 3614 leges
1591 3563 1771 3613 novae,
1797 3544 1997 3600 recens

348 3616 620 3687 editmad
655 3616 989 3687 praefectum
1011 3616 1169 3687 urbis
1192 3617 1511 3669 mittuntur
1535 3620 1591 3669 in
1614 3616 1842 3687 publico
1874 3633 2000 3687 pro-

352 3684 908 3759 ponendaa,tabuli_s
957 3686 1567 3759 diptycbiseburneis
1615 3684 1893 3754 inclusae;
1925 3704 2000 3743 an

354 3756 553 3827 potius
587 3773 600 3810 :
634 3756 1125 3827 quemadmodum
1155 3757 1246 3814 lex
1275 3758 1383 3814 hac
1413 3759 1483 3814 de
1513 3775 1573 3814 re
1594 3759 1712 3815 lata
1741 3760 1913 3815 edicit
1943 3763 2001 3815 et

346 3827 564 3902 jubet?
612 3828 919 3900 lnquirant
966 3829 1164 3902 legum
1224 3834 1281 3885 et
1336 3831 1553 3886 rituum
1604 3831 1998 3888 Romanorum

392 3899 675 3956 eritiores.

349 3918 675 3972 peritiores.

339 3970 342 3978 ¹
424 3970 538 4042 (34)
570 3971 858 4044 Dubitavi,
910 3974 1203 4044 quomodo
1234 3974 1533 4029 redderem
1579 3973 1737 4029 hunc
1769 3974 2000 4043 locum;

353 4060 497 4099 num
528 4042 677 4116 sipab
709 4042 846 4116 ipsis
874 4042 1019 4116 intra
1048 4047 1336 4100 nuntietur
1366 4045 1435 4099 ad
1464 4046 1772 4113 dominum,
1796 4063 1869 4101 an
1898 4062 2000 4116 po-

353 4117 473 4170 tius
502 4113 551 4169 si
572 4114 681 4186 ipsi
710 4116 780 4170 ab
804 4114 924 4188 illis
948 4118 1393 4188 prwnuntiatum
1411 4119 1762 4188 fuerit,eumi
1781 4113 1999 4188 nem—pe,

352 4188 413 4241 in
444 4202 750 4241 numerum
777 4186 1154 4256 patriciorum
1173 4186 1445 4242 allectum
1466 4187 1791 4243 iri.Praatuli
1815 4186 2003 4257 poste-

354 4258 496 4325 rius,
516 4258 653 4329 quia
684 4273 854 4312 nemo
885 4258 1298 4329 intromittigad
1332 4258 1743 4327 imperatorem
1777 4265 2001 4329 poterat

356 4329 464 4384 nisi
500 4327 657 4397 prius
678 4346 706 4383 a
727 4330 1103 4384 cubiculariis
1134 4327 1221 4383 vel
1245 4329 1360 4384 alio
1383 4330 1653 4384 familiari
1673 4327 1999 4398 nuntiatus,

355 4402 651 4470 posterius
682 4408 871 4455 autem
895 4418 1007 4455 non
1032 4416 1261 4470 semper
1291 4401 1557 4456 ﬁebat.Et
1579 4402 1883 4455 confirmat
1912 4418 2001 4457 me

356 4488 412 4540 p.
442 4470 665 4544 419,ubi
702 4472 913 4526 dicitur
932 4474 1273 4542 praepositus
1294 4474 1365 4526 ab
1391 4489 1739 4544 unoquoque
1770 4472 2000 4528 ofﬁciali

356 4556 559 4596 recens
592 4542 873 4597 honorato
897 4545 1156 4613 accipere
1178 4542 1659 4599 consuetudinem
1689 4544 1760 4597 24
1787 4544 2000 4599 solidos

357 4627 565 4699 aureos
602 4618 917 4699 propterea
966 4617 1120 4684 quod
1173 4614 1298 4669 loco
1325 4621 1430 4699 pet,
1461 4617 1695 4699 nomipe
1752 4616 2001 4699 impera-

2108 3405 2341 3475 quicum
2378 3404 2546 3461 facio.

2178 3475 2293 3545 (38)
2319 3476 2535 3530 Balthei
2564 3475 2775 3532 diversi
2806 3494 2839 3530 a
2868 3476 3143 3531 zonisﬂaa
3176 3472 3435 3529 medium
3468 3474 3747 3545 abdomen

2107 3544 2546 3601 hdrizbntaliter
2565 3549 2958 3619 precingunt;
2978 3547 3061 3601 illi
3083 3562 3261 3616 super
3278 3548 3637 3600 alterutrum
3655 3544 3747 3597 bu-

2110 3634 2334 3672 merum
2362 3625 2416 3673 et
2436 3625 2639 3689 pectus
2656 3619 2889 3689 oblique
2910 3621 3229 3674 decurrunt
3246 3624 3303 3671 et
3324 3632 3577 3689 rursusa
3600 3624 3745 3689 terga

2107 3690 2343 3760 oblique
2373 3687 2720 3757 ascendunt,
2756 3687 2818 3744 ut
2847 3707 2878 3745 e
2905 3689 3139 3745 Sidonio
3172 3688 3425 3758 Apollin.
3453 3687 3552 3755 IV,
3575 3689 3665 3753 20,
3688 3687 3747 3739 li-

2106 3768 2248 3886 guet
2280 3779 2293 3816 :
2334 3761 2644 3817 Viridantia
2663 3778 2792 3843 saga
2815 3761 3000 3843 limbis
3019 3761 3333 3830 marginata
3351 3760 3612 3842 puniceis
3635 3774 3748 3840 pen-

2146 3833 2223 3886 ult
2252 3848 2319 3886 ex
2352 3833 2574 3886 humero
2593 3833 2768 3886 atadu
2791 3832 3023 3886 balthezs
3042 3830 3565 3886 supercurrentibus
3592 3838 3745 3885 strui.

2146 3833 2224 3886 uti
2252 3848 2319 3887 ex
2352 3833 2574 3887 humero
2592 3830 2769 3902 gladii
2791 3832 3023 3888 baltheis
3042 3830 3565 3901 supercurrentibus
3592 3832 3745 3885 strin-

2104 3914 2331 3969 xerant,
2364 3909 2495 3970 etc.;
2529 3904 2621 3975 de,
2650 3903 2901 3959 baltbeis
2932 3904 3250 3975 gemmatis
3274 3902 3388 3956 vid.
3440 3903 3509 3975 ad
3544 3904 3741 3970 Script.

2105 3975 2232 4029 Hist
2261 3977 2404 4041 Aug.
2435 3976 2479 4041 Ι,
2512 3992 2567 4046 p.
2603 3974 2673 4029 89
2703 3973 3029 4030 Casaubon.
3076 3980 3132 4030 et
3160 3973 3436 4046 Salmas.,
3470 3973 3617 4027 item
3671 3976 3743 4046 Du

2106 4049 2295 4113 Cange
2327 4041 2531 4101 Gloss:
2552 4046 2676 4100 Lat.
2713 4063 2763 4101 v.
2799 4046 3058 4101 Baltheus
3087 4050 3142 4101 et
3171 4044 3645 4100 Dextrocherium.
3671 4041 3743 4097 Ad

2108 4116 2451 4172 Abulfedam
2485 4133 2717 4187 quoque
2750 4117 3070 4173 monstravi
3116 4116 3417 4187 exemplis,
3454 4127 3745 4187 summurn

2108 4189 2331 4243 cultum
2366 4184 2668 4259 procerum
2701 4188 2759 4243 in
2792 4190 2927 4243 aula
2949 4184 3360 4259 Bagdadicaiet
3388 4187 3617 4259 caeteris
3644 4184 3743 4241 ori-

2108 4258 2401 4315 entalibus
2424 4259 2598 4315 fuisse
2620 4259 2875 4330 positum
2895 4261 2952 4314 in
2972 4258 3224 4314 baltbeis
3244 4263 3303 4313 et
3320 4274 3388 4313 ex
3410 4258 3479 4313 iis
3492 4259 3746 4312 aestima-

2107 4343 2200 4385 tos
2232 4330 2596 4407 fuisscviros,
2621 4347 2686 4386 eo
2700 4331 3001 4402 amplioris
3018 4332 3255 4407 fortuna:
3272 4336 3450 4407 atque
3465 4330 3741 4407 poneptiae,

2108 4419 2219 4470 quo
2246 4401 2670 4471 splendidiores
2703 4401 2843 4457 auro
2875 4407 2931 4457 et
2962 4402 3229 4472 gemmis,
3253 4401 3557 4472 magisque
3587 4401 3742 4472 flori-

2108 4469 2219 4544 bus
2246 4469 2484 4544 sericeis
2511 4473 2697 4544 pictos
2721 4469 2992 4544 baltbtos'
3014 4471 3316 4544 gerant.Ut
3349 4469 3541 4527 noster
3572 4469 3742 4544 ζώνην

2109 4541 2167 4597 ἐκ
2198 4542 2364 4605 λίθων
2398 4543 2596 4614 τιμίων
2626 4541 3044 4616 κεκοσμημένην
3066 4547 3214 4599 inter
3244 4544 3454 4599 brabea
3484 4541 3744 4616 magistri

2110 4632 2403 4670 sacrorum
2439 4617 2763 4671 officiorum
2798 4615 3195 4682 memorat,ita
3226 4630 3455 4685 quoque
3488 4615 3581 4667 lvo
3612 4615 3745 4685 Car-

357 4684 507 4759 toris
527 4679 665 4759 Aris
716 4679 999 4756 ἀπόκρισιν
1055 4691 1185 4759 τῆς
1213 4679 1573 4755 προϐλήσεως
1618 4679 1995 4759 incutiant,
2026 4689 2074 4753 D
2109 4689 2370 4741 notensis
2401 4688 2458 4741 in
2483 4688 2761 4743 Chronico
2780 4686 2960 4759 (apud
2979 4687 3063 4742 Du
3088 4679 3382 4759 Cangiuuf
3408 4684 3744 4752 v.3attheus)

357 4754 825 4829 signiﬁcationem
849 4754 1212 4829 promotionis
1243 4758 1581 4829 eﬂert,quod
1613 4754 1992 4829 interpretor;

358 4827 710 4895 praenuntiat
739 4825 1116 4895 bonorandis,
1149 4845 1245 4885 eos
1271 4825 1403 4885 "hoc
1431 4825 1517 4886 vel
1551 4829 1648 4885 illo
1688 4825 1878 4885 ofﬁcio
1910 4828 1996 4884 vel

358 4898 579 4953 honore
611 4901 926 4952 mactatum
961 4897 1054 4952 iri.

432 4968 541 5040 (35)
570 4968 637 5023 Et
686 4968 779 5023 hic
810 4984 1038 5039 quoque
1068 4970 1310 5026 dubium
1347 4976 1455 5039 est,
1506 4972 1657 5028 sitne
1685 4972 2000 5043 obsequium

360 5056 568 5115 nomen
602 5048 746 5095 taxa
777 5042 863 5096 vel
896 5044 1332 5115 consuetudinis
1376 5060 1478 5114 pro
1509 5046 1789 5115 obsequio
1816 5042 2000 5114 pendi

361 5113 674 5186 solitauseu
706 5129 806 5182 pro
837 5113 1116 5186 comitatu
1171 5114 1275 5181 (ita
1303 5113 1573 5183 videtur),
1606 5113 1777 5186 quem
1827 5113 2003 5170 caere-

362 5185 684 5239 moniarius
716 5200 931 5257 recens
966 5184 1246 5239 honorato
1294 5188 1530 5253 patricio
1581 5184 1851 5251 addebat,
1886 5202 2002 5257 quo

363 5269 495 5328 eum
534 5272 654 5309 cum
680 5273 892 5328 pompa
919 5255 977 5310 in
998 5258 1117 5324 ejus
1139 5257 1289 5309 aedes
1313 5258 1660 5323 deduceret;
1695 5276 1767 5312 an
1803 5259 1878 5311 sit
1906 5255 2005 5327 po-

362 5326 482 5399 tius
502 5326 1017 5399 ptisequiumﬁpse
1047 5332 1377 5383 comitatus.
1413 5328 1529 5398 Ego
1563 5329 1723 5396 prius
1755 5326 1997 5397 praetuli.

433 5396 547 5466 (36)
581 5397 657 5451 De
690 5396 1047 5455 membranis
1096 5401 1400 5468 purpureis
1434 5396 1521 5453 res
1572 5412 1698 5453 nota
1731 5396 1785 5453 et
1820 5416 2004 5469 nuper

363 5467 679 5543 admodum
712 5467 1420 5543 YV.tJC.Breitingerus_et
1448 5470 1801 5543 Blanchinus
1831 5467 2003 5526 deliis

364 5538 806 5594 tradideruntin
825 5541 1018 5598 libello
1031 5546 1100 5599 de
1123 5538 1399 5599 Psalterio
1423 5542 1723 5598 Turicensi
1747 5549 1802 5598 et
1820 5543 2005 5597 Evan-

365 5610 603 5683 geliario
631 5611 1016 5683 quadruplici.

434 5682 545 5755 (37)
578 5680 799 5755 Ἐτὶιμῖς
827 5680 955 5740 cod.
990 5684 1055 5741 In
1105 5686 1363 5758 margine
1394 5700 1595 5743 recens
1639 5702 1872 5752 manus,
1902 5700 2005 5742 ne-

2108 4764 2387 4813 memorat
2417 4759 2657 4814 battheos
2685 4761 2949 4827 gemmeis
2970 4759 3202 4813 culturis
3232 4758 3518 4813 honorato:
3548 4764 3600 4810 et
3630 4760 3743 4811 cin—

2105 4831 2234 4898 gula
2264 4845 2401 4885 auro
2430 4840 2659 4900 compta.
2693 4834 2847 4885 Zona
2877 4838 3154 4897 veterum,
3179 4845 3310 4899 quae
3340 4830 3614 4897 deinceps
3650 4843 3744 4898 pro

2111 4901 2377 4973 symbolo
2409 4901 2646 4973 honoris
2678 4909 2912 4973 accepta
2942 4902 3143 4967 fuit,ut
3172 4902 3462 4973 diceretur
3486 4913 3627 4973 zona
3656 4901 3744 4954 do-

2109 4988 2246 5027 nare
2276 4989 2376 5043 pro
2424 4972 2643 5029 honore
2674 4972 2760 5028 vel
2791 4972 2979 5028 ofﬁcio
3029 4973 3275 5043 quodam
3311 4972 3504 5036 beare,
3550 4972 3599 5025 si
3637 4986 3744 5025 non

3520 5058 3746 5114 semper

2184 5186 2296 5258 (39)
2327 5185 2420 5241 Sic
2451 5186 2860 5258 compendiose
2883 5186 3101 5242 dictum
3126 5202 3228 5257 pro
3261 5184 3485 5258 integro
3505 5188 3747 5257 χρυσοῖ.-

2113 5255 2333 5329 στορίῳ,
2388 5260 2538 5328 quod
2587 5255 2653 5328 'p.
2698 5259 2801 5313 433
2846 5258 3095 5312 habetur
3128 5255 3199 5312 et
3246 5255 3607 5329 nihil:_alltld
3667 5261 3747 5311 est

2114 5326 2241 5401 mea
2265 5326 2757 5401 Sententia,quam
2784 5331 2902 5384 sala
2927 5329 3090 5398 plena
3114 5329 3322 5383 statuis
3338 5326 3587 5398 aliisque
3609 5329 3744 5401 ima-

2110 5397 2959 5474 ginibusaureis—Coniectura
2990 5403 3169 5474 enim,
3200 5416 3317 5470 qua
3358 5397 3743 5474 χρυσοστᾴριον

2111 5473 2247 5525 olim
2283 5472 2426 5526 mihi
2460 5473 2764 5527 videbatur
2793 5489 2918 5527 esse
2939 5472 3059 5527 sala
3091 5475 3282 5526 aureis
3302 5471 3512 5526 storeis
3543 5471 3629 5525 vel
3664 5478 3743 5524 ta-

2111 5543 2341 5614 petibus
2367 5544 2765 5610 instrata,item
2790 5543 3046 5615 alia,qua
3064 5542 3364 5598 videbatur
3385 5541 3536 5597 male
3566 5542 3739 5615 scrip-

2111 5612 2235 5670 tum
2253 5622 2348 5671 aut
2363 5616 2774 5688 compendiose
2785 5612 3009 5687 prolatu
3020 5631 3074 5670 m
3090 5630 3193 5685 pro
3205 5612 3739 5688 χρυσοκονσιστόριον

2112 5702 2266 5742 nunc
2296 5686 2502 5744 merito
2542 5685 2832 5759 displicet.
