3972 6214
196 359 390 419 1305
1112 363 1211 422 DE
1255 359 1711 425 CERIMONIIS
1752 351 1986 418 AULzE
2027 355 2504 416 BYZANTINE
2545 356 2693 417 LIB.
2739 358 2815 416 II.
3479 359 3636 420 1306

196 488 399 558 λικῆς
456 507 646 564 χειρος
695 487 1017 554 ἒπιόίδοται,
1065 489 1262 546 Δίδωσι
1311 494 1596 562 συνήθειαν
1659 494 1740 562 τῷ

2061 507 2171 570 cta,
2195 520 2370 574 super
2419 503 2804 574 chrysostorio
2853 519 2957 560 seu
3005 505 3129 562 sala
3167 509 3360 564 aureis
3415 512 3629 567 statuis

197 578 614 639 καταστάσεως
643 580 706 633 τὸ
736 580 988 652 καμίσιον
1019 584 1065 619 ⁸³
1095 585 1213 654 (40)
1241 582 1432 651 αὐτοῦ,
1464 588 1585 643 τοῖς
1619 578 1674 635 δὲ
1720 601 1760 634 π

2059 596 2296 662 structa]
2330 595 2483 664 regia
2515 609 2688 648 manu
2720 592 2974 661 tradita;
3017 594 3115 648 dat
3144 599 3627 656 consuetudinem

198 668 483 728 ποσίτοις
516 668 606 722 καὶ
652 669 970 745 μαγίστροις
1015 677 1349 727 συνεστιᾶται
1404 675 1659 746 παρέχων
1694 670 1766 723 αὐ¹

2070 683 2390 738 rimoniario
2413 683 2718 738 camisium
2751 699 2963 750 suum;
2996 687 3339 756 prepositos
3370 699 3422 743 et
3455 690 3638 762 magi-

201 756 314 810 καὶ
355 754 570 828 δόματα
599 759 855 829 ἱματίων.
890 761 1179 830 Συνήθειαν
1227 758 1284 815 δὲ
1334 765 1450 821 τοῖς
1501 757 1769 833 πραιποσί·

2077 789 2142 827 os
2172 772 2436 828 convivio
2459 773 2672 842 excipit
2692 754 3068 842 vestibusque
3090 754 3263 829 donat
3289 793 3301 843 ;
3334 754 3645 833 consuetu-

202 847 312 900 καὶ
383 846 706 922 μαγίστροις
756 849 846 902 καὶ
904 847 1121 912 λοιποῖς
1165 851 1265 918 τὴν
1311 854 1408 904 τοῦ
1463 847 1751 924 πατρικίου
1800 845 1884 900 δι-

205 933 381 1003 πλῆν
449 939 728 1006 συνήθειαν
813 936 1056 1016 παρέχει.
1154 935 1610 1006 Πεντεκαιδεκάτη
1679 937 1714 1004 ἡ
1781 941 1881 1003 τῆς

211 1029 451 1094 ζωστῆς
512 1026 798 1101 πατρικίοις
863 1027 1005 1096 ἀξία,
1061 1029 1127 1096 ἧς
1190 1023 1442 1102 βραϐεῖον
1514 1024 1716 1084 πλάκες
1766 1021 1883 1078 ἐλε-

211 1114 480 1191 φάντιναι
513 1115 723 1187 ὁμοίως
751 1121 866 1177 τοῖς
908 1116 1243 1190 πατρικίοις,
1277 1115 1336 1170 ἐκ
1380 1115 1569 1192 χειρὸς
1615 1111 1881 1187 βασιλέως

212 1200 538 1259 ὲπιδίδοται
595 1208 731 1277 (41).
794 1201 996 1259 Δίδιυσι
1051 1207 1332 1275 συνήθειαν
1397 1210 1512 1264 τοῖς
1573 1202 1884 1278 βασιλικοῖς

213 1292 530 1369 κληρικοῖς
560 1293 662 1362 κδ’,
693 1299 772 1366 τῷ
816 1291 1052 1370 δευτέρῳ
1100 1292 1201 1366 κδ’,
1249 1294 1376 1356 τούς
1424 1294 1742 1355 κοιτωνίτας
1793 1291 1884 1346 λί-

214 1403 364 1458 τρας
397 1385 470 1457 γ’,
499 1384 562 1437 τὸ
591 1379 981 1438 κουϐούκλειον
1035 1385 1128 1437 σὺν
1181 1389 1301 1445 τοῖς
1349 1384 1731 1458 πραιποσίτοις
1783 1381 1884 1453 μό-

216 1491 348 1532 νοις
381 1477 594 1548 χρυσοῦ
653 1471 841 1547 λίτρας
888 1474 958 1549 γ’,
1009 1472 1098 1527 καὶ
1147 1474 1208 1528 τὸ
1262 1474 1547 1547 στιχάριον
1594 1471 1763 1539 αὐτῆς
1807 1474 1886 1541 τῷ

220 1563 609 1637 πραιποσίτῳ,
644 1566 738 1635 Τῷ
761 1571 863 1633 τῆς
911 1564 1184 1639 τραπέζης
1231 1571 1334 1632 τῆς
1380 1562 1699 1639 Αὐγούστης
1751 1561 1884 1634 μετὰ

217 1653 331 1721 τήν
411 1647 908 1728 πρωτοϐεστιαρίαν
976 1653 1064 1707 ααὶ
1130 1653 1228 1721 τήν
1293 1653 1724 1726 πριμικήρισσαν
1792 1649 1883 1704 καὶ

217 1739 324 1801 τὰς
393 1741 806 1804 κοιτωνιτίσσας
881 1743 971 1795 καὶ
1046 1735 1486 1814 κουϐουκλαρὲας
1563 1739 1751 1814 λίτρας
1816 1741 1880 1814 β’.

1989 862 2186 915 dinem
2218 868 2412 916 autem
2441 860 2648 916 iisdem
2683 862 3011 932 praepositis
3040 866 3099 917 et
3126 864 3430 934 magistris
3461 870 3642 922 caete-

1991 950 2201 1018 risque,
2243 949 2479 1018 [quibus
2511 950 2635 1004 dari
2669 965 2791 1005 mos
2833 953 2940 1015 est,
2972 951 3286 1022 datamque
3314 969 3347 1008 a
3379 953 3642 1024 patriciis
3721 989 3726 994 -

1989 1038 2288 1108 diximus,]
2313 1037 2554 1109 duplam
2575 1038 2671 1092 dat
2691 1037 2840 1108 ejus,
2863 1054 3041 1108 quam
3075 1040 3325 1096 diximus
3357 1041 3636 1112 patricios

1989 1127 2144 1181 dare.
2197 1126 2431 1182 Decima
2479 1127 2680 1197 quinta
2725 1127 2985 1198 dignitas
3015 1132 3126 1183 'est
3172 1135 3343 1184 zostze
3387 1130 3511 1202 [seu
3547 1146 3636 1186 ac-

1989 1214 2213 1285 cinctae]
2248 1216 2523 1285 patriciae,
2557 1215 2724 1285 cujus
2757 1215 3038 1271 brabeum
3073 1222 3214 1272 sunt
3253 1219 3518 1274 eburneae
3549 1224 3635 1275 ta-

1993 1303 2164 1370 bulae,
2198 1302 2413 1374 pariter
2441 1310 2616 1374 atque
2638 1309 2778 1358 sunt
2808 1305 3208 1375 patriciorum,
3258 1308 3413 1378 regia
3458 1323 3636 1363 manu

1990 1392 2235 1446 traditae.
2270 1392 2760 1449 Consuetudinem
2794 1394 2894 1448 dat
2921 1394 3197 1466 palatinis
3232 1395 3460 1451 clericis
3492 1395 3639 1451 soli-

1991 1485 2116 1549 dos,
2148 1482 2238 1550 24,
2267 1483 2504 1537 deutero
2534 1486 2922 1550 tantumdem,
2972 1485 3262 1541 cmtonitis
3301 1486 3465 1541 litras
3497 1491 3632 1554 tres,

1991 1571 2258 1626 cubiculo
2288 1576 2345 1626 et
2375 1572 2699 1642 praepositis
2729 1573 2854 1626 auri
2903 1571 3067 1628 litras
3112 1578 3227 1629 tres
3255 1599 3269 1641 ;
3323 1575 3630 1646 praeposito

1969 1675 2204 1716 .mensm
2243 1661 2654 1731 imperatricis,
2689 1665 2753 1715 ut
2781 1667 2837 1716 et
2867 1663 3311 1731 protovestiariaa
3342 1669 3401 1717 et
3428 1665 3633 1733 primi-

1968 1750 2225 1804 .cerissae
2253 1753 2311 1804 et
2340 1749 2662 1805 cetonissis
2692 1753 2750 1804 et
2779 1749 3248 1807 cubiculariabus
3273 1752 3554 1806 datlitras
3575 1751 3633 1809 2.

221 1827 618 1901 Ἑξκαιδεκάτη
651 1833 686 1900 ἡ
717 1834 814 1885 τοῦ
846 1829 1267 1906 κουροπαλάτου
1298 1830 1437 1899 ἀξία,
1483 1829 1549 1898 ἦς
1604 1823 1789 1902 βραὸεῖ

2063 1838 2226 1893 :cima
2279 1843 2440 1894 sexta
2469 1838 2730 1909 dignitas
2769 1842 2858 1894 est
2887 1839 3255 1908 curopalata,
3302 1841 3470 1910 cujus
3500 1840 3631 1896 bra-

224 1919 414 1993 χιτὼν
455 1921 706 1980 κόκκινος
739 1919 1166 1994 χρυσοποίκιλος
1197 1919 1286 1974 καὶ
1319 1919 1543 1994 χλαμὺς
1571 1918 1660 1973 χαί
1712 1919 1880 1989 ζώνη,

225 2006 294 2062 ἐκ
329 2010 519 2082 χειρὸς
559 2008 825 2082 βασιλέως
875 2009 960 2064 ἐπὶ
1019 2014 1146 2064 ναοῦ
1195 2009 1400 2083 Κυρίου
1451 2007 1719 2081 λαμπρῶς
1769 2007 1884 2062 ἐπι-

227 2093 472 2151 δίδυται.
509 2095 708 2152 Δίδωσι
742 2100 1022 2168 συνήθειαν
1055 2099 1152 2166 τήν
1179 2101 1277 2152 τοῦ
1310 2098 1612 2174 μαγίστρου
1657 2094 1884 2166 διπλῆν,

224 2190 310 2258 τῷ
354 2183 591 2259 δευτέρῳ
660 2186 849 2262 λίτραν
908 2189 974 2256 α’,
1034 2186 1291 2261 παρέχων
1347 2191 1506 2241 πᾶσιν
1561 2183 1885 2258 ἀντιλήψεις

225 2276 323 2329 καὶ
375 2270 782 2349 ἀναϐιϐασμοῦς
833 2280 964 2348 (42).
1017 2273 1482 2346 Ἑπτακαιδεκάτη
1536 2278 1570 2344 ἡ
1617 2278 1714 2330 τοῦ
1777 2296 1884 2328 νω-

229 2360 549 2440 δελησιμου
579 2367 720 2437 ἀξία,
770 2368 837 2436 ἧς
890 2363 1169 2442 βραϐεῖον,
1221 2367 1394 2442 χιτὼν
1447 2365 1498 2437 ἐξ
1547 2361 1884 2440 ἁλουργίδος

1994 1927 2167 1981 beum
2220 1925 2417 1982 tunica
2465 1926 2733 1982 coccinea
2778 1943 2920 1982 auro
2954 1927 3102 1997 picta
3151 1933 3209 1983 et
3250 1927 3515 1999 chlamys
3547 1927 3636 1984 vel

1997 2015 2472 2084 paludamentum
2495 2019 2552 2070 et
2571 2032 2740 2082 zona,
2762 2016 2920 2083 regia
2943 2032 3120 2072 manu
3145 2017 3356 2072 tradita
3379 2017 3642 2073 solemne

1994 2119 2207 2173 pompa
2229 2102 2287 2157 in
2314 2101 2529 2174 templo
2551 2103 2803 2158 Domini.
2837 2105 2944 2159 Dat
2965 2105 3451 2160 consuetudinem
3485 2105 3638 2175 ejus,

1995 2208 2169 2262 quam
2203 2193 2478 2261 magister
2508 2194 2621 2257 dat,
2646 2191 2910 2263 duplam,
2943 2194 3180 2249 deutero
3202 2193 3398 2249 litram
3427 2210 3628 2262 unam,

1993 2280 2267 2336 omnibus
2298 2297 2540 2336 munera
2571 2286 2628 2336 et
2658 2282 3072 2352 promotiones.
3123 2282 3360 2338 Decima
3386 2282 3638 2354 septima

1993 2368 2248 2438 dignitas
2322 2374 2412 2425 est
2485 2369 2857 2438 nobilissimi,
2939 2371 3111 2440 cujus
3181 2371 3464 2426 brabeum
3540 2376 3636 2425 tu-

1589 2465 1821 2521 VARUE
1858 2465 2274 2523 LECTIONES.

292 2564 340 2598 ⁸³
369 2567 448 2635 τῷ
478 2584 610 2637 καμ.
643 2566 733 2622 ed.

1263 2657 1468 2714 JOAN.
1508 2657 1656 2713 JAC.
1700 2657 1966 2714 REISKII
2007 2656 2603 2714 COMMENTARIUS.

234 2772 490 2828 semper,
543 2756 747 2812 saltem
802 2757 1089 2813 interdum
1144 2756 1408 2812 baltheus
1439 2761 1581 2812 erat.
1624 2757 1692 2812 Et
1723 2758 1879 2827 apud

231 2830 450 2884 Arabes
479 2829 695 2900 eodem,
716 2845 956 2899 prorsus
985 2829 1154 2884 modo
1179 2846 1282 2900 pro
1313 2827 1498 2898 o/ﬁcio
1527 2828 1618 2884 vel
1647 2829 1880 2895 militia,

231 2899 506 2970 στρατείᾳ,
565 2899 824 2971 ponitur.
885 2900 993 2956 Sed
1054 2899 1344 2955 Abulfeda
1405 2901 1475 2954 ad
1527 2917 1580 2954 a.
1628 2900 1736 2954 230
1795 2901 1879 2971 [Ο.

231 2971 360 3041 843]
433 2970 648 3037 narrat,
707 2970 760 3026 al
830 2971 1231 3027 Watschecum
1294 2971 1596 3026 Aschnaso
1656 2970 1882 3027 dedisse

232 3046 440 3113 tagjam
452 3058 553 3097 seu
573 3042 797 3098 cidarin
820 3045 1169 3111 etgeminum
1192 3043 1656 3113 baltheum,quod
1674 3057 1880 3112 quam-

229 3115 318 3169 vis
352 3114 727 3185 materialiter
747 3114 1151 3185 accipiendum
1170 3114 1248 3169 sit
1276 3130 1288 3168 :
1314 3114 1488 3168 dabat
1505 3115 1658 3185 enim
1686 3129 1884 3168 revera

233 3184 527 3254 geminum
562 3184 888 3254 baltheum,
920 3185 1020 3256 qui
1053 3185 1224 3240 ambo
1273 3201 1402 3240 sese
1433 3185 1492 3240 in
1516 3184 1796 3256 humeris
1825 3189 1883 3239 et

232 3261 461 3328 pectore
492 3257 901 3312 decussarent:
936 3255 1252 3328 symbolice
1280 3261 1477 3311 tamen
1510 3255 1664 3310 idem
1698 3257 1878 3327 signi-

233 3329 462 3393 ficabat,
514 3329 810 3383 Aschnaso
841 3329 1212 3383 commissam
1263 3343 1388 3383 esse
1437 3343 1634 3381 curam
1677 3343 1875 3382 rerum

233 3404 348 3455 tam
382 3398 763 3469 politicarum,
787 3416 964 3471 quam
1001 3399 1366 3454 militarium.
1403 3398 1480 3471 Ex_
1512 3398 1601 3471 his
1634 3397 1882 3471 baltheis

233 3472 348 3527 nati
383 3475 522 3526 sunt
547 3469 833 3527 cordones
865 3475 968 3526 aut
999 3473 1288 3541 prandeaa,
1312 3469 1564 3537 caerulei,
1600 3469 1879 3538 aurantii,

236 3542 390 3597 rubri
423 3541 745 3598 aliorumve
777 3543 1060 3608 colorum,
1096 3544 1312 3612 quibus
1343 3547 1626 3596 ornantur
1655 3546 1880 3612 equites

233 3615 519 3668 variorum
554 3616 854 3676 ordinum,
887 3616 936 3667 le
963 3615 1163 3668 cordon
1195 3615 1338 3675 bleu,
1373 3620 1508 3678 etc.,
1541 3629 1668 3684 quae
1723 3619 1878 3668 nota.

305 3684 418 3754 (40)
443 3684 563 3737 Mos
586 3694 694 3752 est,
718 3701 888 3755 quem
905 3686 1023 3749 jam
1047 3684 1183 3738 alibi
1209 3685 1300 3738 his
1323 3684 1380 3737 in
1406 3684 1560 3755 notis
1580 3685 1881 3755 tetigimus

235 3755 306 3826 (ν.
337 3772 390 3826 p.
433 3756 573 3824 135),
609 3755 666 3808 in
702 3754 851 3809 aulis
902 3755 1310 3810 Ottomannica
1360 3759 1423 3826 et
1449 3754 1677 3809 Persica
1711 3754 1882 3810 hodie

243 3825 425 3881 adhuc
457 3827 748 3889 obtinens,
772 3831 834 3879 ut
861 3827 1140 3879 Sultanus
1167 3825 1249 3879 vel
1284 3841 1378 3880 rex
1398 3825 1704 3878 Persarum
1740 3842 1880 3894 pra:-

239 3898 396 3953 l'ectis
429 3897 861 3966 provinciarum
895 3912 997 3950 seu
1030 3895 1089 3950 in
1127 3896 1530 3966 praefecturam
1564 3911 1731 3949 suam
1767 3897 1880 3950 im-

241 3968 535 4024 mittendis
566 3967 622 4023 in
649 3969 881 4039 signum
911 3966 1292 4039 investituraa,
1325 3981 1424 4020 seu
1449 3966 1506 4020 in
1540 3967 1882 4039 praelectum

241 4039 642 4096 confirmandis
665 4037 729 4094 in
743 4040 977 4110 signum
995 4037 1408 4094 benevolentia:
1421 4041 1477 4092 et
1490 4037 1880 4110 conﬁrmatio-

239 4112 596 4168 nistraheam
613 4108 1152 4181 mittathuotannis
1167 4110 1222 4164 id
1241 4108 1529 4181 contingit
1544 4108 1677 4174 illis,
1692 4109 1790 4180 qui
1820 4108 1877 4164 in

240 4189 425 4254 sporta
455 4199 560 4238 sua
604 4180 992 4254 continuant),
1027 4197 1202 4252 quam
1255 4180 1508 4254 {Ilionam
1540 4182 1876 4254 nominant,

242 4250 386 4310 u'nde
405 4259 671 4310 nostrum
693 4270 761 4309 en
788 4253 920 4310 Gala
946 4250 1224 4308 manavit.
1255 4250 1515 4306 Mittitur
1539 4252 1656 4306 haec
1679 4253 1879 4308 trabea

243 4341 336 4397 per
365 4327 763 4381 mandatorem
825 4326 1076 4394 regium,
1109 4323 1320 4397 quiqde
1367 4323 1618 4397 adventu
1664 4339 1770 4397 suo
1804 4324 1876 4397 ad

244 4393 563 4468 prefectum
597 4397 853 4453 nuntiari
886 4393 1068 4468 curat.
1106 4393 1412 4450 Praefectus
1436 4393 1605 4468 illum
1625 4393 1878 4468 solemni

243 4465 363 4524 cum
400 4487 609 4541 pompa
641 4477 800 4523 extra
833 4467 1041 4541 maenis
1062 4468 1118 4521 in
1153 4483 1298 4541 agro
1335 4483 1450 4521 sua:
1482 4465 1750 4537 capitalis
1779 4482 1874 4520 ex-

243 4539 657 4611 cipit.’obviam
712 4540 1039 4611 mandatori
1085 4539 1586 4611 procedenscum
1619 4542 1876 4611 tota_sua

244 4608 584 4679 co'mitativa,
621 4628 767 4666 nova
791 4617 848 4665 et
894 4609 1200 4678 splendida
1229 4617 1391 4664 veste
1420 4609 1682 4664 indutus.
1717 4608 1873 4663 Hanc

244 4690 459 4737 exutam
494 4683 672 4737 tradit
711 4691 765 4736 et
805 4684 980 4736 donat
1010 4682 1360 4746 mandatori,
1392 4690 1444 4735 et
1476 4686 1770 4750 acceptam
1804 4681 1874 4735 ab

246 4769 304 4808 eo
334 4754 571 4808 invicem
601 4754 862 4808 trabeam
887 4752 1285 4808 Solthanicam
1310 4752 1537 4817 induit;
1568 4752 1681 4805 vid.
1711 4752 1872 4807 Petro

246 4823 380 4879 delia
408 4825 567 4880 Valle
603 4824 692 4893 ιν,
723 4825 815 4890 26,
849 4825 950 4894 Ep.
986 4826 1252 4894 Itinerar.
1289 4823 1433 4878 Hinc
1459 4824 1714 4878 manavit
1745 4825 1872 4892 ipsa

246 4912 340 4950 vox
369 4895 520 4952 Gala.
554 4889 855 4965 Signiﬁcat
884 4889 1038 4951 enim
1072 4889 1300 4967 ἔκδυμα,
1329 4903 1528 4967 pestem
1556 4908 1683 4965 qua?
1710 4889 1870 4967 esui-

248 4972 344 5036 tur,
390 4985 502 5023 non
555 4981 679 5038 quae
726 4967 996 5022 induitur.
1049 4965 1214 5033 Quod
1267 4966 1478 5038 mirum
1512 4967 1657 5038 forte
1687 4965 1874 5020 videa-

245 5042 349 5095 tur.
379 5040 485 5094 Sed
513 5036 678 5094 facile
700 5040 1047 5110 concipitur,
1081 5039 1131 5094 si
1151 5039 1310 5109 origo
1342 5036 1615 5110 dictionis
1645 5045 1870 5106 specte-

249 5113 352 5164 tur.
385 5110 620 5174 Quando
656 5109 884 5165 Arabes
924 5109 1256 5180 signiiicare
1303 5110 1504 5164 volunt
1547 5109 1800 5176 aliquem
1836 5125 1870 5163 a

245 5183 439 5251 potenti
463 5181 658 5252 aliquo
681 5181 798 5236 viro
831 5181 1323 5252 principeinsigni
1356 5181 1568 5234 honore
1593 5180 1864 5252 affectum

247 5252 426 5320 luisse,
461 5251 696 5307 dicunt:
747 5253 879 5306 talis
905 5254 986 5308 vel
1020 5251 1155 5307 talis
1201 5252 1458 5322 princeps
1487 5251 1640 5306 exuit
1670 5260 1867 5306 vestem

245 5339 381 5379 suam
407 5340 571 5395 super
586 5325 732 5379 hunc
753 5324 834 5378 vel
856 5323 1042 5388 illum,
1069 5324 1220 5377 idest
1243 5323 1596 5394 donavitipsi
1623 5327 1864 5392 vestem,

246 5411 397 5466 quam
432 5397 556 5466 ipse
588 5411 826 5465 corpore
857 5411 963 5450 suo
995 5403 1331 5464 gestaverat.
1372 5399 1568 5464 Neque
1598 5395 1865 5465 incogni-

247 5476 321 5522 tus
336 5476 454 5523 erat
477 5468 571 5521 ille
597 5483 721 5521 mos
745 5466 1191 5536 imperatoribus
1207 5467 1434 5521 Grecis.
1465 5466 1692 5522 Nicetas
1713 5470 1865 5520 certe

249 5556 295 5609 p.
350 5541 445 5594 100
501 5539 592 5594 ed.
654 5537 903 5600 Venetae.
973 5543 1174 5609 narrat
1238 5536 1565 5609 Manuelem
1614 5537 1863 5609 _Gabra2,

248 5607 447 5666 Sullani
481 5610 796 5666 Iconiensis
831 5609 904 5665 ad
958 5626 1016 5665 se
1046 5608 1234 5680 legato
1270 5608 1426 5680 pacis
1447 5607 1863 5680 constituendae

251 5697 415 5752 causa,
439 5682 707 5755 gallicam
731 5698 899 5755 suam
923 5679 1139 5755 vestem
1164 5679 1404 5755 corpore
1433 5684 1752 5755 detractam
1768 5679 1865 5733 do-

253 5745 418 5810 nasse:
440 5745 549 5822 ’τὴν
581 5751 945 5829 ἐπιθωράκιον
978 5747 1182 5820 στολὴν
1211 5745 1416 5811 ἀποδὺς
1447 5748 1637 5824 ἐκείνῳ
1668 5745 1858 5804 δίδωσι

1990 2756 2243 2838 πορφοξρᾳ
2292 2754 2396 2838 καὶ.
2429 2760 2641 2838 χρυσιῖξ.
2665 2753 3072 2838 διηνθισμένην.
3125 2759 3197 2838 Et
3235 2759 3366 2838 talis
3396 2758 3574 2816 vestis
3604 2776 3638 2816 a

1993 2829 2253 2900 principe
2282 2829 2521 2898 gestata,
2569 2829 2765 2896 alicui,
2815 2831 2910 2885 cui
2960 2829 3421 2886 benevolentiam
3468 2846 3635 2886 suam

1992 2908 2316 2956 monstrare
2353 2901 2600 2968 volebat,
2653 2901 2889 2970 donata,
2941 2901 3109 2956 initio
3160 2901 3286 2956 sola
3333 2902 3637 2958 dicebatur

1989 2972 2180 3026 challa
2210 2971 2376 3027 vestis
2405 2982 2593 3028 exuta.
2628 2973 2854 3044 Deinde
2886 2972 3165 3044 ampliato
3197 2989 3310 3027 usu
3341 2982 3394 3028 et
3417 2973 3636 3039 signiti-

1993 3052 2122 3098 catu
2159 3045 2579 3116 omnisivestis
2624 3043 2935 3098 honoraria
2981 3043 3326 3116 aprincipe,
3370 3045 3550 3116 etiam
3586 3044 3636 3099 si

1994 3129 2295 3186 nunquam
2329 3115 2401 3169 ab
2434 3114 2553 3170 ullo
2585 3120 2826 3186 gestata,
2848 3114 3068 3170 vasallo
3097 3119 3294 3169 tamen
3329 3115 3502 3170 alicui
3536 3131 3638 3170 suo

1995 3193 2094 3240 aut
2122 3184 2314 3256 legato
2345 3185 2416 3240 ad
2451 3202 2508 3242 se
2536 3184 2679 3240 aulai
2711 3188 3015 3256 cujusdam
3049 3186 3361 3256 peregrinas
3393 3186 3632 3256 honoris

1989 3262 2048 3311 et
2078 3251 2494 3312 benevolentia;
2525 3273 2700 3312 causa
2731 3251 2914 3327 missa
2944 3263 3000 3310 et
3021 3251 3254 3326 inject'a,
3289 3257 3400 3311 fuit
3427 3251 3634 3327 ἔκδυμα

1987 3327 2298 3399 appellata,
2326 3329 2408 3384 sic
2441 3344 2608 3400 pene,
2642 3337 2701 3383 ut
2732 3325 3008 3398 ἀλλὰξιμα
3040 3325 3096 3382 et
3129 3327 3426 3382 mutatoria
3440 3325 3633 3383 vestes

1988 3400 2045 3453 in
2081 3415 2293 3471 genere
2323 3407 2477 3454 sunt.
2531 3404 2624 3453 Hae
2652 3401 2823 3471 enim
2864 3401 3048 3454 ambae
3080 3415 3244 3454 voces
3284 3415 3399 3454 non
3444 3401 3631 3471 magis

1987 3473 2054 3523 τὰ
2082 3465 2374 3540 ἔνδύματα,
2406 3487 2581 3541 quam
2610 3469 2676 3523 τὰ
2705 3465 2980 3542 ἐκδύματα
3028 3475 3250 3525 notant.
3285 3471 3406 3526 Mos
3453 3465 3633 3542 igitur

1989 3543 2108 3609 ille,
2141 3543 2211 3598 de
2242 3559 2357 3613 quo
2390 3541 2668 3597 hactenus
2698 3543 3096 3611 exposuimus,
3130 3558 3242 3610 quo
3272 3543 3400 3612 ejus
3432 3541 3629 3610 vestis,

1990 3616 2091 3686 qui
2122 3616 2378 3668 trabeam
2404 3631 2436 3668 a
2459 3614 2694 3668 domino
2719 3615 2963 3686 missam
2996 3613 3202 3686 induit,
3223 3614 3503 3686 illiicedit,
3529 3616 3632 3684 qui

1991 3684 2233 3740 missam
2267 3703 2297 3739 a
2329 3686 2567 3740 domino
2600 3685 3025 3755 perfert,etiam
3057 3685 3118 3739 in
3150 3684 3284 3739 aula
3315 3685 3630 3756 Byzantina

1989 3758 2126 3812 olim
2161 3756 2480 3820 obtinebat,
2515 3762 2578 3810 ut
2607 3774 2674 3812 ex
2699 3758 2804 3811 hoc
2837 3762 2960 3812 loco
2991 3761 3047 3811 et
3079 3759 3250 3822 paulo
3291 3765 3429 3826 post
3454 3762 3628 3825 patet,

1989 3827 2366 3908 et.cum.a|iis
2400 3828 2597 3881 multis
2637 3827 2922 3882 institutis
2956 3829 3013 3881 in
3044 3825 3316 3881 Turciam
3348 3843 3379 3881 e
3407 3825 3630 3882 Gracia

1991 3903 2279 3966 migravit.

2060 3968 2169 4038 (41)
2202 3965 2546 4021 Membrana:
2596 3962 2936 4021 ἒπιδίδωται.
2964 3967 3098 4037 Leg.
3145 3971 3247 4022 aut
3275 3961 3631 4036 ἐπιδίδονται,

1989 4045 2054 4093 ut
2087 4039 2374 4110 Draudius
2405 4053 2637 4108 quoque
2682 4039 2740 4093 in
2773 4040 3130 4110 apographo‘
3152 4044 3502 4110 exaravera‘t,
3535 4047 3633 4110 aut

1987 4111 2241 4180 exaravit
2290 4103 2563 4164 librarius
2609 4125 2774 4180 more
2810 4103 2928 4164 suo
2959 4103 3276 4161 ἐπιδίδωται
3318 4124 3420 4180 pro
3449 4103 3629 4180 éﬁtaif

1988 4177 2139 4236 δοται
2164 4181 2459 4236 schemate
2484 4179 2804 4248 Pindarico,
2820 4197 2936 4252 quo
2957 4181 3278 4252 singularis
3291 4177 3390 4250 p'ro
3413 4179 3628 4252 plurali

1986 4253 2260 4342 ρορίωνς
2314 4252 2431 4337 vis
2463 4253 2539 4340 ad,
2569 4269 2624 4322 p~
2666 4249 3011 4342 θρέψειε),
3039 4249 3225 4342 vita
3253 4249 3627 4342 emisse

1986 4318 2256 4400 ᾆνᾷττιλεν
2310 4326 2428 4400 ερῶς
2473 4318 2612 4400 μέγα
2666 4323 2877 4400 legitur
2921 4339 3020 4400 pro
3076 4318 3376 4400 ἀνέτειλαν.
3426 4318 3627 4400 Neque

1986 4398 2210 4464 dubito,
2243 4393 2482 4450 schema
2515 4393 2620 4450 hoc
2651 4400 2708 4449 et
2736 4395 2874 4449 olim
2908 4393 3074 4465 vulgo
3107 4395 3298 4448 Graeco
3342 4393 3620 4465 antiquis-

1983 4469 2134 4523 simo
2163 4469 2223 4522 in
2249 4483 2353 4521 usu
2374 4472 2431 4521 et
2454 4466 2585 4521 aliis
2608 4482 2837 4536 quoque
2860 4464 3195 4521 recentioris
3216 4464 3625 4520 etatisGrrecis

1983 4538 2368 4609 scriptoribus
2400 4540 2607 4592 tritum
2639 4538 2835 4594 fuisse.
2869 4538 3137 4608 quamvis
3170 4537 3544 4609 probatiores
3564 4540 3623 4592 et

1985 4607 2142 4665 aurei
2175 4609 2347 4664 veluti
2381 4610 2693 4680 scriptores
2723 4610 2792 4663 ab
2824 4607 2901 4664 eo,
2923 4610 3030 4664 sibi
3065 4611 3339 4663 caverint.
3383 4607 3621 4680 Malalas

1985 4689 2135 4737 certe
2166 4684 2237 4737 ab
2269 4696 2426 4750 eopse
2458 4676 2572 4735 non
2605 4681 2908 4750 abstinuit,
2943 4680 3041 4750 qui
3078 4696 3132 4749 p.
3168 4680 3300 4734 161:
3335 4682 3430 4731 Ἦν
3463 4676 3514 4731 ὲν
3543 4681 3613 4749 τῇ

1981 4751 2138 4806 πόλει
2173 4747 2503 4822 συναλλαγαὶ
2551 4749 2839 4820 Ῥωμαίων
2873 4747 2976 4804 καῖ
3013 4747 3242 4822 Οὕννων,
3275 4752 3339 4806 in
3385 4767 3447 4806 ea
3478 4747 3616 4806 urbe

1981 4824 2239 4880 Romanis
2257 4839 2381 4878 cum
2403 4825 2614 4877 Hunnis
2644 4827 2823 4890 erant,
2855 4823 3315 4890 intercedebant,
3345 4837 3613 4878 commer-

1978 4898 2102 4958 cia;
2135 4896 2232 4951 ubi
2266 4896 2476 4949 {rustra
2517 4903 2601 4950 est
2631 4893 2955 4948 Chilmead.
2991 4902 3211 4949 mutare
3241 4898 3489 4948 tentsns.
3523 4893 3615 4948 Si-

1978 4965 2089 5038 luit
2117 4971 2267 5022 certe
2299 4966 2368 5038 ad
2398 4981 2471 5038 ‘p.
2502 4965 2628 5032 210,
2658 4965 2761 5038 ubi
2794 4964 3051 5038 legitur:
3088 4965 3189 5038 Ἦν
3216 4963 3317 5038 γὰρ
3362 4958 3616 5038 ligentiac:

1978 5035 2261 5110 ᾀπόκρισιν
2320 5034 2432 5090 ὑπὸ
2466 5039 2566 5110 τοῦ
2613 5035 2788 5110 αὐτῶν
2839 5034 3129 5110 βασιλέιος.
3166 5034 3388 5110 Pariter
3411 5034 3612 5110 ﬁvpro

1976 5103 2316 5176 ﬁeav'habet
2346 5108 2658 5178 Sophocles
2686 5103 2954 5164 Trachin.
2984 5108 3112 5171 529,
3137 5108 3234 5161 ubi
3268 5103 3610 5178 vid._Schol.

1977 5175 2087 5256 Sed
2121 5186 2308 5256 erunt,
2342 5175 2557 5250 quibus
2591 5181 2706 5256 haec
2730 5181 2914 5236 forma
2935 5185 3230 5256 contracta
3259 5192 3360 5256 pro
3385 5175 3608 5256 integro

1974 5254 2111 5322 ἦσαν
2143 5245 2426 5317 videatur,
2470 5258 2531 5306 ut
2564 5250 2770 5326 μίχθην
2802 5269 2906 5324 pro
2960 5249 3232 5322 μίχθησαν
3260 5245 3338 5302 “θι
3394 5245 3610 5302 similia

1973 5325 2123 5398 apud
2161 5326 2494 5398 Homerum.

2044 5397 2160 5467 (42)
2189 5396 2600 5467 Promoliones,
2623 5394 2696 5467 ab
2743 5388 3106 5460 ἀναϐιϐάζειν,
3129 5464 3136 5467 _
3154 5392 3211 5445 in
3231 5464 3242 5467 _
3259 5391 3608 5467 atiorem‘log

1971 5461 2098 5522 cum
2127 5461 2481 5538 promovere;
2514 5466 2630 5520 vid.
2675 5466 2760 5538 Dur
2791 5467 2976 5535 Cange
3007 5480 3060 5519 ν.
3101 5464 3460 5538 Anabalrum.
3494 5461 3606 5538 Sed

1973 5534 2263 5610 quomodo
2289 5542 2508 5610 poterat
2532 5537 2862 5610 curopalata
2882 5534 3250 5610 promotion“
3270 5536 3406 5610 dare
3425 5534 3452 5587 ?
3483 5537 3604 5610 Non

1972 5602 2126 5666 certe
2156 5610 2215 5664 in
2238 5609 2591 5665 officialibus
2613 5602 2775 5677 aulas,
2804 5607 2903 5677 sed
2935 5605 2994 5660 in
3029 5607 3352 5664 ministerio
3383 5619 3511 5670 suo,
3545 5602 3604 5658 in

1967 5681 2188 5808 Empta
2219 5680 2462 5807 pzilvzata,
2497 5680 2571 5735 ad
2593 5676 3036 5751 dispositionem
3068 5694 3235 5734 suam
3259 5677 3605 5749 pertinente.

2013 5769 2084 5810 on
2117 5795 2132 5812 .
2164 5767 2221 5824 p.
2365 5791 2379 5806 .
