3972 6214
175 349 210 406 1
224 346 368 407 309
1030 343 1131 402 DE
1177 340 1646 404 CERIMONHS
1692 342 1878 403 ΑΗΙδι

1991 341 2454 404 ΒΥΖΑΝΤΙΝΕ
2497 345 2650 404 LIB.
2697 344 2774 405 II.
3465 345 3621 406 1310

177 476 485 550 βασιλέως
519 473 890 551 ἐκφωνηθεῖσα
919 471 1055 542 ἀξίου
1108 473 1154 548 β’
1182 475 1218 542 ἡ
1253 477 1346 527 τοῦ
1397 472 1694 547 pain-rpr:
1743 475 1853 547 (46)

1991 477 2252 546 ὀοῐοι-ἱος
2285 476 2451 533 tertia
2516 475 2758 548 syncelli
2797 496 2812 543 ;
2846 483 3053 547 quarta
3073 461 3310 549 strategi
3353 477 3620 536 Oriente..-

171 565 342 636 ἀξίᾳ*
391 566 439 640 γ’
471 567 506 633 ἡ
557 567 654 618 τοῦ
703 559 1011 638 συγκέλλου
1242 560 1282 615 8⁸
1333 564 1366 632 ἡ
1415 567 1512 617 τοῦ
1562 565 1864 636 στρατηγοῦ

2000 565 2120 621 ium
2154 582 2167 623 :
2201 567 2408 636 quinta
2427 565 2734 622 domestici
2766 564 3096 622 scholarum
3135 571 3334 622 :sexta
3380 567 3621 639 strategi

179 659 312 708 τῶν
349 652 721 710 Ἀνατολικῶν
755 653 868 725 (48)
899 650 1038 720 ἀξία·
1091 656 1127 704 ε’
1171 653 1204 720 ἡ
1236 656 1333 706 τοῦ
1383 649 1708 724 δομεστίκου
1757 655 1863 704 τῶν

1991 655 2446 711 trmeniacorum
2480 697 2494 723 ,
2540 655 2788 724 septima
2841 655 3081 727 strategi
3127 655 3618 721 Tbracesiorum;

185 741 438 817 σχολῶν
469 745 582 816 (49)
617 743 660 806 ς“
710 744 743 810 ἡ
800 744 896 795 τοῦ
945 745 1254 816 στρατηγοῦ
1303 745 1411 795 τῶν
1463 740 1858 815 ’Λρμενιάκων·

1991 748 2176 801 ictava
2205 745 2432 800 comitis
2453 744 2692 817 opsicii;
2717 745 3116 817 nonastrategi
3131 745 3580 800 bucellariorum
3602 765 3617 815 ;

1245 842 1448 898 JOAN.
1487 843 1634 900 JAC.
1687 845 1949 901 REISKII
1998 843 2589 902 COMMENTARIUS.

186 933 425 998 fuerat,
456 937 512 988 et
541 931 768 988 aliusin
800 931 930 1000 ejus
958 930 1152 986 locum
1177 932 1535 996 succederet,
1556 932 1673 996 ille,
1697 933 1866 1000 cujus
1976 933 2423 989 Monomachum
2479 933 2635 1002 pacis
2691 933 3066 989 concilianda;
3125 949 3317 989 causa.
3349 933 3496 988 Nam
3554 949 3622 990 eo

190 1004 1864 1076 nempeﬁliamAugustussecundisnuptiisduceret.Vid.
1974 1013 2230 1076 tempore
2250 1004 2646 1060 Scheriforum
2679 1007 2868 1076 gratia
2889 1011 2945 1060 et
2974 1008 3291 1060 auctoritas
3339 1009 3463 1060 erat
3493 1020 3617 1060 ma-

191 1076 292 1130 I)u
321 1072 518 1148 Gange
549 1093 602 1131 v.
635 1072 1060 1148 Βαςῆλεοπάτωρ
1094 1081 1152 1148 et
1203 1075 1372 1148 Pater
1419 1076 1764 1148 imperatoris
1811 1080 1869 1132 et
1974 1072 2166 1148 gna'in
2199 1077 2335 1148 aula
2364 1072 2711 1148 Bagdadica',
2765 1083 2839 1148 et
2869 1078 3151 1147 praecipue
3210 1081 3611 1148 memorantur

192 1163 335 1217 qua:
362 1146 538 1218 supra
568 1148 638 1202 ad
675 1163 730 1217 p.
762 1147 888 1218 77de
922 1146 1648 1218 patriciisdisputavimus.
1686 1217 1697 1218 7
1729 1217 1733 1218 7
1793 1217 1800 1218 7
1976 1146 2046 1203 ab
2087 1147 2368 1203 Abulfeda
2417 1146 2534 1203 tres
2613 1146 2884 1214 Schariﬁ,
2929 1146 3270 1203 ceterorum
3313 1147 3621 1217 gentilium

273 1217 769 1289 Quandoquidem
795 1217 888 1289 hic
907 1217 1256 1286 catalogium
1290 1217 1657 1272 texitNoster
1680 1217 1864 1272 Philo.
1977 1237 2240 1285 suorum,
2274 1219 2328 1273 id
2353 1223 2442 1274 est
2465 1219 2855 1274 Scheriforum
2916 1219 3222 1288 Alitarum,
3272 1218 3484 1274 Nakibi
3517 1235 3620 1276 seu

194 1288 1866 1361 theusdignitatumaulicarum,visu_ml'uitinhanclocum
1978 1291 2286 1346 Generales
2315 1305 2417 1359 per
2463 1305 2695 1345 omnem
2725 1291 3063 1361 Orientem,
3115 1292 3232 1346 duo
3276 1291 3500 1357 fratres,
3559 1306 3624 1346 os

192 1359 494 1428 conferre,
527 1377 655 1432 qua
694 1361 764 1415 de
795 1376 988 1415 earum
1029 1359 1280 1431 singulis
1315 1362 1568 1415 notanda
1613 1360 1868 1416 habeba-
1978 1362 2285 1418 Scherifor
2315 1361 2523 1429 Radhi,
2555 1360 2894 1417 excellentis
2928 1362 3145 1432 ingenii
3174 1362 3261 1416 vir
3285 1362 3625 1432 etegregius

191 1449 353 1489 mus.
546 1431 559 1432 ί
613 1502 620 1503 7
693 1502 700 1503 7
1003 1501 1028 1503 _
1307 1500 1338 1503 _7
1621 1502 1628 1503 7
1980 1439 2166 1502 poeta,
2203 1433 2302 1503 qui
2344 1449 2498 1488 anno
2528 1435 2660 1489 Chr.
2704 1434 2842 1487 1015
2885 1431 3049 1499 obiit,
3085 1439 3141 1488 et
3187 1450 3251 1488 os
3299 1431 3527 1488 Scharii
3570 1431 3626 1488 ol

279 1504 404 1574 (46)
437 1507 561 1557 Non
608 1502 794 1557 habeo
847 1509 968 1572 post
1001 1501 1101 1574 Du
1147 1500 1343 1573 Cangii
1375 1504 1461 1556 Gl.
1494 1504 1590 1557 Gr.
1619 1502 1674 1556 b.
1698 1519 1751 1556 v.
1786 1501 1872 1555 di-
1977 1500 2287 1567 Mortadhi,
2321 1505 2417 1574 qui
2442 1510 2508 1557 A.
2549 1504 2612 1558 C.
2649 1505 2782 1558 1044
2815 1504 2980 1568 obiit,
3031 1510 3088 1558 et
3139 1507 3374 1560 tandem
3438 1504 3623 1574 primo

198 1573 548 1645 ligentiam,
572 1591 698 1644 qua
717 1575 786 1628 de
819 1573 1393 1646 rectoredicam,ni7si
1428 1574 1535 1628 hoc
1553 1589 1751 1635 unum,
1776 1589 1869 1646 ec-
1979 1577 2104 1630 loco
2126 1573 2409 1631 nominati
2443 1575 2599 1629 filius
2646 1577 2772 1630 Abu
2828 1575 3047 1630 Hamed
3077 1578 3306 1641 Adnan,
3331 1575 3429 1646 qui
3464 1579 3528 1629 A.
3563 1577 3623 1630 Ο.

204 1644 601 1718 clesiasticam
636 1646 787 1718 hanc
809 1645 1154 1718 dignitatem
1185 1661 1298 1718 non
1328 1644 1530 1718 fuisse,
1557 1650 1620 1698 ut
1653 1645 1872 1718 putavit
1981 1649 2119 1702 1057
2168 1647 2331 1712 obiit,
2383 1651 2439 1702 et
2514 1663 2686 1717 quem
2736 1662 2860 1718 ego
2926 1648 3164 1716 conjicio
3221 1644 3390 1718 CPli'n
3449 1647 3626 1701 fuisse

211 1717 281 1774 V.
321 1722 411 1783 D.,
449 1733 634 1788 neque
657 1716 799 1772 solis
819 1717 958 1771 viris
986 1715 1136 1788 sacri
1160 1715 1688 1788 ordinistributam.
1726 1716 1868 1788 Nam
1983 1721 2250 1775 missum.
2282 1718 2492 1773 Verum
2532 1715 2943 1774 ‘Schatifo'rum
3013 1715 3144 1774 eum
3188 1715 3423 1773 Chalitis
3481 1719 3627 1775 ratio

213 1794 276 1844 et
309 1805 342 1844 e
367 1786 563 1844 nostro
595 1789 811 1854 codice,
846 1797 897 1842 et
919 1805 986 1842 ex
1009 1786 1307 1857 ipsisillis,
1344 1803 1484 1858 quos
1501 1787 1868 1860 allegavitDu
1906 1795 1951 1860 Β
1983 1797 2106 1846 erat
2137 1789 2540 1845 diversissima
2572 1807 2604 1844 a
2653 1790 2870 1845 ratione
2918 1791 3310 1858 syncellorum
3352 1805 3484 1844 cum
3528 1807 3628 1860 pa-

211 1863 435 1930 Cange,
468 1861 803 1914 auctoribus
821 1866 1066 1927 constat,
1092 1874 1182 1930 res
1216 1875 1330 1912 non
1352 1875 1568 1926 sacras,
1609 1860 1705 1913 sed
1740 1859 1873 1915 civi-

210 1931 305 1986 les
357 1929 654 1986 rectorem
722 1935 1019 1996 tractasse,
1072 1929 1472 2000 ducendisque
1519 1931 1872 1986 exercitibus

215 2001 521 2057 interdum
538 2003 872 2072 praefectum
891 2002 1275 2072 fuisse,quod,
1290 2003 1438 2072 apud
1452 2001 1678 2056 Grmcos
1691 2009 1871 2067 certe;

216 2090 253 2129 a
276 2073 398 2128 viro
431 2074 576 2128 sacri
609 2072 832 2128 ordinis
863 2072 1119 2128 alienum
1150 2078 1324 2141 atque
1349 2073 1597 2127 maxime
1636 2073 1872 2127 indeco-

216 2160 357 2200 rum
393 2160 622 2215 semper
650 2144 758 2199 l'uit
787 2143 1070 2216 habitum.
1134 2144 1391 2216 Fuerunt
1449 2144 1684 2216 quidem
1719 2144 1872 2214 apud

214 2216 461 2298 Latinos
491 2214 745 2298 rectores
775 2214 1306 2298 ecclesiarumdicti
1339 2214 1538 2298 iidem,
1580 2215 1683 2298 qui
1707 2231 1873 2298 cura:

216 2292 380 2342 tores
394 2287 560 2342 hodie
580 2288 681 2357 (les
707 2290 978 2354 curés),et
1001 2291 1250 2340 rectores
1284 2286 1615 2356 patrimonii
1637 2292 1693 2341 S.
1720 2286 1874 2340 Petri

213 2358 256 2413 ii
303 2375 374 2414 ex
413 2358 616 2414 ordine
673 2357 946 2426 clericali,
993 2374 1139 2428 quos
1190 2373 1463 2412 summus
1518 2358 1774 2427 pontifex
1813 2357 1873 2412 in

220 2431 554 2502 provincias
571 2431 794 2484 mittere
811 2429 1023 2484 soleret
1037 2432 1105 2483 ad
1125 2429 1396 2502 denarios
1412 2431 1563 2483 Petri
1588 2428 1874 2502 cogendos

223 2499 282 2556 et
307 2501 547 2556 Romam
590 2502 1094 2555 transmittendos.
1154 2499 1366 2554 Verum
1428 2507 1682 2554 rectores
1728 2500 1872 2554 aulae

225 2573 550 2643 Byzantines
575 2590 606 2626 a
637 2578 755 2626 tam
792 2573 1033 2627 minutis
1067 2571 1226 2625 curis
1256 2578 1314 2625 et
1362 2572 1569 2626 orliciis
1618 2571 1874 2626 abfuisse

229 2642 391 2714 patet
421 2661 486 2699 ex
517 2660 605 2710 eo,
639 2645 790 2716 quod
820 2648 949 2714 post
971 2642 1455 2716 basileopatorem
1483 2643 1744 2716 protinus
1776 2642 1874 2696 ha-

231 2713 430 2770 berent
462 2713 707 2786 gradum
731 2713 860 2770 ante
880 2713 1228 2785 syncellum,
1248 2719 1554 2785 strategos,
1571 2715 1874 2786 magistros

231 2792 291 2841 et
323 2785 595 2857 patrioios
617 2803 836 2841 omnes.
870 2786 930 2840 P.
959 2787 1048 2840 421
1092 2793 1220 2854 post
1253 2787 1561 2856 magistros
1590 2785 1794 2840 ambos
1818 2789 1876 2840 et

229 2867 365 2913 ante
397 2857 717 2927 syncellum
751 2860 944 2912 Romae
975 2864 1151 2928 atque
1185 2857 1449 2923 Neapolis
1471 2857 1768 2925 locantur;
1813 2873 1871 2928 p.

235 2929 305 2982 14
348 2936 482 2984 ante
528 2930 866 3000 praepositos
911 2929 1058 2983 sacri
1097 2928 1353 2983 cubiculi
1405 2932 1459 3000 et
1506 2930 1564 2983 in
1597 2931 1875 3000 comitatu

240 3001 391 3055 sacri
423 2998 679 3055 cubiculi
711 3008 1100 3066 recensentur,
1136 3005 1195 3053 ut
1226 2999 1597 3070 perspicuum
1651 2998 1746 3060 sit,
1777 3014 1877 3054 eos

238 3073 527 3142 spadones
546 3073 745 3128 fuisse.
765 3071 891 3127 Non
916 3087 1120 3143 parum
1147 3077 1341 3125 tamen
1364 3071 1638 3126 momenti
1658 3071 1879 3140 Opinio-

237 3143 295 3198 ni
319 3143 403 3198 Du
437 3145 660 3215 Cangii,
689 3143 1028 3214 dignitatem
1055 3143 1206 3197 hanc
1235 3143 1683 3215 ecclesiasticam
1708 3157 1872 3213 repu-

235 3216 433 3285 tantis,
467 3213 625 3270 addit
667 3213 795 3279 hoc,
827 3215 979 3285 quod
1033 3223 1281 3269 rectores
1319 3213 1404 3269 illi
1445 3230 1678 3285 omnes,
1721 3229 1870 3284 quos

235 3284 470 3340 laudato
497 3286 618 3341 loco
641 3284 901 3354 adducit,
933 3292 1242 3356 antequam
1275 3286 1341 3340 ad
1362 3301 1490 3341 eam
1524 3284 1870 3356 dignitatem

234 3363 735 3428 promoverentur,
778 3365 875 3412 aut
920 3355 1190 3412 monachi
1237 3361 1337 3411 aut
1373 3355 1567 3428 clerici
1596 3355 1819 3411 iuerint
1854 3371 1870 3424 ;

235 3427 374 3484 item
409 3429 535 3496 hoc,
571 3432 724 3502 quod
748 3433 880 3502 ante
901 3427 1246 3502 syncellum,
1272 3427 1612 3498 patriarchae
1637 3428 1872 3502 coadiu-

231 3504 437 3569 torem,
469 3499 715 3572 gradum
747 3499 1367 3556 haberent.Crederem
1390 3516 1488 3572 eos
1505 3499 1871 3572 conscientiai

238 3569 824 3640 Augusti'directores
855 3589 956 3627 seu
1004 3571 1492 3628 confessionarios
1527 3571 1727 3636 fuisse,
1761 3569 1872 3625 nisi

240 3643 498 3697 diversus
540 3659 574 3696 a
613 3643 817 3698 Latina
855 3643 1100 3697 ecclesia
1139 3643 1344 3697 Graecae
1387 3658 1511 3696 mos
1554 3642 1873 3696 confitendi

239 3718 408 3767 esset.
441 3714 606 3768 Certe
655 3730 943 3783 nusquam
988 3713 1201 3784 legitur
1247 3713 1564 3784 imperator
1612 3729 1872 3780 unquam

241 3789 470 3854 peccata
519 3800 626 3837 sua
683 3787 876 3839 fassus
941 3785 1142 3847 fuisse,
1196 3793 1294 3838 aut
1370 3787 1575 3854 praeter
1624 3784 1874 3851 patriar-

242 3853 405 3910 cbam
457 3854 570 3908 alio
617 3854 910 3910 consiliari
961 3856 1020 3908 in
1090 3855 1265 3908 rebus
1313 3853 1491 3908 sacris
1534 3869 1678 3908 usus
1731 3854 1873 3907 fuis-

244 3942 323 3982 se.
398 3929 681 3981 Prszterea
765 3925 939 3981 claris
1013 3925 1208 3982 verbis
1283 3924 1560 3992 Scylitzes
1619 3942 1673 3993 p.
1745 3924 1874 3992 781,

244 3997 628 4068 Nicephorum
678 3997 755 4052 ait
813 3997 1088 4068 aliquem,
1140 3995 1501 4068 eunuchum,
1565 3998 1876 4065 postquam

245 4066 433 4124 amore
476 4068 758 4124 mundani
810 4066 1134 4137 splendoris
1183 4066 1602 4122 sacerdotalem
1653 4071 1874 4121 statum

247 4141 626 4212 repudiasset,
659 4158 692 4195 a
739 4139 1118 4212 Constantino
1164 4138 1546 4212 Monomacho
1587 4137 1878 4212 dignitate

250 4209 483 4267 rectoris
515 4213 855 4267 honoratum
887 4216 944 4266 et
975 4211 1046 4267 ad
1078 4212 1391 4277 gerendum
1427 4209 1647 4264 militias
1689 4209 1878 4280 impe-

247 4285 388 4338 rium
412 4284 468 4339 in
492 4283 783 4339 Orientem
804 4283 1050 4338 missum
1076 4283 1275 4338 fuisse.
1294 4282 1448 4337 Idem
1469 4289 1878 4352 argumentum

248 4357 632 4426 conjecturam
677 4371 909 4426 quoque
949 4370 1078 4410 eam
1109 4355 1332 4426 evertit,
1367 4354 1546 4408 fuisse
1579 4358 1876 4426 rectorem

250 4424 412 4498 caput
440 4427 574 4483 cleri
626 4424 892 4498 palatini,
927 4427 1170 4498 ejusque
1212 4425 1389 4480 veluti
1439 4424 1830 4498 patriarcham
1861 4445 1876 4493 ;

250 4496 449 4554 rectori
482 4496 660 4568 enim,
694 4496 979 4569 quantum
1004 4496 1144 4562 scio,
1179 4513 1474 4568 nusquam
1506 4496 1721 4567 legitur
1749 4512 1881 4553 cum

254 4569 420 4624 rebus
444 4571 628 4625 sacris
657 4570 1130 4625 communionem
1167 4569 1368 4624 fuisse.

313 4640 420 4712 (47)
444 4641 627 4696 Multa
649 4641 719 4696 de
742 4640 1011 4712 syucellis
1034 4641 1475 4712 habetutroque
1497 4638 1794 4696 Glossario
1818 4639 1877 4694 h.

251 4728 298 4767 v.
317 4717 368 4766 et
400 4728 448 4766 ν.
485 4711 830 4768 ϐειιαιίιηιὶε.
851 4712 935 4768 Du
953 4711 1729 4784 Cange,virdoctissimus77et
1759 4719 1881 4784 stu-

255 4783 444 4854 pendae
477 4783 787 4854 diligentia;
821 4790 997 4855 atque
1036 4779 1316 4852 ie'ctionis,
1351 4789 1416 4838 ut
1446 4784 1596 4853 quod
1639 4779 1756 4855 illis
1787 4781 1884 4837 ad-

256 4855 388 4920 dam,
424 4871 568 4924 pene
603 4855 747 4910 nihil
780 4854 1205 4922 habeam.Quid
1225 4854 1719 4927 fuerintsyucelli,
1753 4855 1884 4909 dis-

261 4927 500 4998 pulatur.
538 4927 679 4982 Mihi
729 4928 964 4998 quidem
1051 4928 1322 4982 videntur
1395 4929 1754 4998 coadjutores
1824 4929 1884 4981 et

265 4997 446 5052 vicarii
470 4996 874 5070 episcoporum
912 4998 1112 5061 fuisse,
1145 4999 1239 5068 qui
1290 4999 1631 5055 absentibus
1674 4996 1791 5070 illis
1849 5013 1884 5051 a

263 5069 486 5124 sedibus
512 5069 660 5124 suis
692 5077 790 5125 aut
839 5071 1264 5139 aegrotantibus,
1297 5086 1498 5124 eorum
1525 5069 1725 5126 munia
1753 5085 1884 5139 per-

261 5150 500 5210 agerent.
533 5141 1238 5197 Succetlebantinterdum
1281 5140 1338 5195 in
1373 5142 1774 5212 episcoporum
1808 5139 1888 5194 lo-

261 5227 400 5273 cum,
452 5220 790 5268 nontamen
839 5229 1089 5282 semper.
1137 5211 1533 5268 Memorabilis
1576 5211 1675 5270 aest
1725 5212 1886 5267 locus

261 5286 498 5354 Zonaras,
523 5301 697 5355 quem
723 5285 1452 5356 absqueanimadvcrsione
1492 5299 1716 5356 nequeo
1749 5300 1888 5354 prae-

259 5353 857 5430 termitteré,7p.204_:'
908 5354 995 5430 Ὠς
1044 5355 1144 5430 γὰρ
1203 5353 1504 5430 σύγκελλος
1549 5353 1646 5430 τοῐξ
1690 5353 1887 5430 πατρι-

261 5425 419 5500 ᾴρχου
479 5407 730 5500 θαγξνττος
763 5497 773 5500 7
803 5426 878 5500 sic
938 5425 1027 5500 τον
1058 5407 1068 5430 ’
1105 5407 1326 5500 έκείνοῖιῗ
1375 5427 1559 5500 Δτόπον
1624 5407 1883 5480 ἀντικέο-

263 5495 476 5576 {sieta},
517 5497 662 5576 οὕτω
691 5497 779 5551 καὶ
817 5497 849 5576 ῥ
881 5496 1132 5576 σξρίφης,
1161 5501 1257 5576 τοξό
1290 5495 1509 5576 Χᾳλιφᾶ
1563 5499 1882 5576 φθαρέντος.

259 5569 338 5622 τὸν
364 5569 756 5639 τελευτήσαντα
815 5565 1148 5643 διαδέχὲτναι.
1207 5571 1367 5633 Quod
1427 5565 1517 5626 Hic
1575 5565 1886 5628 ae'Serifo

263 5643 510 5766 Eerhibet
546 5644 816 5727 Zonaras,
863 5646 1048 5696 totum
1075 5657 1268 5724 nugax
1324 5647 1717 5726 commentum
1775 5645 1882 5723 est.

300 5713 431 5766 aeile
481 5716 714 5766 quidem
777 5713 947 5766 credo
1016 5713 1343 5766 Scheril’um
1412 5713 1666 5766 aliquem
1717 5712 1882 5766 CPlin

300 5712 431 5767 acile
481 5716 714 5784 quidem
777 5713 947 5769 credo
1016 5713 1343 5768 Scherit’um
1412 5712 1886 5784 aliquemCPlin

262 5783 513 5860 missum
530 5787 707 5860 fuisse
739 5802 772 5841 a
815 5784 1229 5860 Thoghrulheko
1274 5783 1886 5860 seu_T_hangrol_Beko

262 5854 332 5911 vel
349 5854 736 5928 Tangrolipia,
756 5859 817 5913 ut
838 5854 1018 5914 αι’ὶοὶ
1040 5856 1308 5927 efferunt,
1341 5856 1412 5913 ad
1437 5854 1882 5914 Constantinum

1911 4545 1958 4611 D

1986 1861 2275 1917 lriarchis.
2307 1861 2487 1916 Erant
2517 1860 2750 1915 Chalifae
2783 1877 2986 1916 omnes
3020 1861 3314 1916 nativitate
3354 1860 3624 1926 Scharifi,

1981 1938 2037 1988 et
2064 1933 2310 2005 gentiles
2342 1948 2540 2005 eorum
2582 1948 2786 2005 omnes
2823 1933 3063 2005 pariter__
3088 1947 3313 2001 quoque
3358 1932 3623 2005 Scharifi.

1981 2001 2152 2060 Notat
2210 2021 2278 2059 ea
2324 2020 2464 2076 vox7
2495 2001 2838 2076 ompéxovm‘
2901 2003 2984 2076 vel
3029 2001 3290 2076 ἄρχοντα,
3350 2002 3622 2076 nobilem,

1983 2077 2152 2147 quasi
2230 2075 2539 2147 Hispanico
2595 2075 3139 2147 Infantemdiceres
3181 2081 3299 2147 aut
3344 2075 3624 2147 7Fran7cice

1981 2146 2205 2203 Prince.
2239 2148 2306 2201 Et
2330 2146 2388 2201 hi
2405 2146 2639 2216 quidem
2657 2146 3288 2213 SchariﬁciAhbasitaa,
3310 2146 3380 2200 ab
3399 2146 3626 2201 Abbaso

1981 2219 2411 2274 Muhammedis
2444 2223 2673 2288 patruo,
2705 2218 3226 2287 oriundi,quorum
3257 2224 3432 2286 caput
3463 2217 3624 2272 iden-

1981 2291 2159 2344 tidem
2193 2294 2318 2344 erat
2347 2288 2570 2342 Chalil'a
2612 2305 2881 2359 regnans.
2931 2288 3177 2343 Scbariﬁ
3235 2305 3402 2359 porro
3461 2291 3628 2343 erant

1981 2376 2212 2444 quoque
2243 2376 2448 2444 omnes
2472 2362 2549 2444 de
2571 2367 2742 2444 gerite
2763 2359 3128 2444 Ali,7q‘ui_fu7it
3157 2375 3331 2431 gener
3365 2359 3625 2444 Mruham-
3688 2427 3692 2430 7

1981 2430 2188 2501 medis,
2221 2431 2472 2487 oriundi.
2507 2431 2804 2487 Habebunt
2835 2430 2894 2484 hi
2925 2430 3214 2486 Nakibum
3271 2447 3366 2485 seu
3399 2430 3624 2501 Capita-

1981 2521 2156 2560 neum
2189 2503 2278 2558 vel
2323 2503 2658 2575 Generalem
2716 2519 2910 2575 suum,
2950 2518 3132 2575 unum
3184 2503 3460 2575 Bagdadi,
3503 2501 3620 2575 _qui

1982 2593 2080 2647 per
2117 2576 2400 2647 orientem
2432 2573 2573 2644 ipsis
2633 2573 2972 2642 imperabat,
3006 2572 3362 2628 alterum—al
3420 2573 3624 2647 (ἰοῖς-ευ,

1980 2644 2074 2716 qui
2110 2647 2166 2700 in
2209 2646 2452 2718 Egypto
2466 2653 2659 2718 rector
2695 2650 2751 2700 et
2789 2649 3079 2718 protector
3108 2659 3306 2700 eorum
3343 2650 3488 2718 erat.
3517 2644 3624 2718 Sed

1981 2714 2479 2774 hiNakibfhihil
2519 2715 2736 2771 ratione
2784 2714 2876 2770 sui
2909 2718 3170 2771 muneris
3221 2731 3354 2770 cum
3405 2714 3629 2770 Chalit'a

1981 2805 2293 2846 commune
2324 2788 2638 2854 habebant,
2668 2787 2782 2842 nisi
2805 2788 2959 2858 quod
2991 2787 3064 2842 ad
3087 2786 3302 2842 curiam
3334 2787 3460 2858 ejus
3491 2801 3626 2857 per-

1985 2863 2273 2926 tinerent;
2313 2868 2368 2916 et
2409 2876 2510 2930 pro
2543 2860 2763 2914 ratione
2818 2867 3143 2929 temporum
3200 2859 3626 2930 hominumque

2026 2934 2111 2988 lus
2138 2928 2499 2987 minusve—de
2540 2947 2733 2985 rerum
2765 2928 3272 2985 administratione
3313 2928 3624 3000 participa-

2026 2950 2111 2988 IUS
2138 2950 2400 2987 minusve
2429 2950 2499 2984 (18
2540 2950 2733 2985 rerum
2765 2950 3272 2985 aumimsu'auone
3313 2950 3613 3000 parumpa-

1984 2950 2142 3059 ζωή.
2177 3002 2250 3075 Ut
2281 3001 2522 3075 syncelli
2544 3009 2703 3075 erant
2738 3017 2867 3075 pars
2900 3001 3090 3075 prisci;
3114 3019 3188 3056 ua
3227 3000 3456 3075 consilii
3510 3017 3613 3075 pa-

1984 3072 2332 3142 triarcbalis,
2364 3075 2446 3129 ita
2483 3073 2714 3142 quidem
2757 3072 3000 3127 Schariﬁ
3033 3088 3265 3143 quoque
3308 3073 3377 3127 de
3429 3072 3627 3143 consi-

1981 3145 2166 3201 liariis
2195 3141 2556 3200 Chalifarum
2587 3148 2772 3206 erant,
2796 3143 2894 3199 sed
2912 3159 3027 3199 non
3052 3141 3368 3214 ’pre'cipuis
3404 3150 3459 3214 et
3489 3141 3629 3197 inti-

1985 3220 2118 3284 mis,
2173 3217 2286 3272 nisi
2345 3217 2488 3270 forte
2557 3231 2710 3270 unus
2767 3229 2966 3270 eorum
3025 3213 3126 3269 aut
3178 3214 3328 3270 alter
3396 3213 3628 3268 fortuna

1980 3289 2259 3361 gauderet
2287 3286 2522 3361 Chalil‘ae
2563 3286 2849 3358 placendi.
2887 3289 3095 3341 Verum
3131 3285 3368 3361 Qhalil‘a:
3400 3302 3532 3361 non7
3567 3289 3630 3340 ut

1981 3355 2395 3432 praesumptivi
2417 3355 3007 3432 succéssore_s,7neque
3026 3358 3392 3432 coadjutores
3406 3361 3462 3411 et
3482 3355 3632 3432 Vica:-

1980 3427 2345 3514 rii7erant'ad
2364 3429 2834 3514 latus_appositi,
2867 3427 3361 3514 quemadmodum
3386 3427 3627 3514 syncelli

1980 3499 2974 3584 patriarchis.Chalifarumquoque
3003 3517 3116 3555 nou
3149 3499 3338 3554 solum
3373 3499 3630 3570 petentia

1980 3575 2054 3630 ad
2085 3590 2270 3640 sacra,
2295 3575 2394 3629 sed
2419 3582 2593 3628 etiam
2609 3573 2678 3627 ad
2696 3571 2886 3627 civilia
2916 3572 3229 3641 spectabat.
3247 3571 3628 3626 Successores

1981 3646 2098 3701 illis
2129 3645 2273 3700 vivis
2299 3661 2411 3700 non
2446 3645 2906 3716 designabantur
2937 3659 3160 3714 ;neque
3195 3641 3627 3716 hereditarium

1983 3722 2106 3772 erat
2137 3732 2402 3787 regnum,
2437 3717 2533 3787 sed
2566 3713 2892 3787 electivum.
2928 3713 3208 3787 Defuncto
3238 3713 3460 3769 Chalifa
3492 3729 3630 3782 quo-

1983 3804 2093 3858 que
2127 3786 2454 3858 novusipsi
2486 3786 2894 3858 sufﬁciebatur
2923 3802 2990 3840 ex
3011 3786 3250 3858 arbitrio
3285 3801 3622 3858 procerum;

1983 3854 2240 3912 attamen
2277 3857 2553 3910 Abhasita
2603 3856 2998 3911 Schariforum
3029 3854 3308 3910 Alitarum
3351 3854 3626 3922 Nakibus,

1983 3930 2050 3984 de
2100 3944 2211 3995 quo
2265 3928 2516 3982 Zonaras
2577 3925 2777 3997 procul
2835 3926 3010 3980 dubio
3071 3927 3345 3995 loquitur,
3408 3932 3628 3994 poterat

1984 3998 2238 4070 quidem,
2275 4009 2332 4052 ut
2365 4013 2878 4070 unusprocerum,
2912 4013 3090 4070 suam
3125 4012 3352 4070 quoque
3391 4003 3626 4050 senten-

1983 4067 2124 4125 tiam
2141 4070 2196 4124 in
2218 4070 2500 4124 electione
2513 4067 2748 4124 Chalifae
2770 4067 2918 4122 ferre
2930 4072 2985 4124 et
2999 4068 3067 4122 ad
3079 4067 3519 4123 hibebatursem
3532 4083 3628 4136 per

1979 4141 2085 4198 itali
2125 4139 2775 4208 deliberationi;atipse
2795 4143 2988 4194 tamen
3022 4139 3452 4211 addignitatem
3487 4137 3629 4211 Cha-

1985 4214 2096 4269 lit‘aa
2129 4223 2243 4268 non
2270 4215 2499 4284 "poterat
2525 4211 2801 4283 aspirare.
2845 4211 2983 4284 Ejus
3014 4209 3198 4266 enim'
3222 4227 3364 4282 gens
3405 4210 3475 4266 ab
3527 4209 3627 4266 illo

1985 4286 2166 4359 gradu
2197 4282 2644 4359 inperpetuum
2688 4287 2810 4359 erat
2838 4282 3093 4359 exclusa.

2057 4358 2171 4428 (48)
2201 4353 2581 4428 Subintellige
2611 4354 2880 4428 θβμᾲτων.
2915 4353 3161 4424 Strategi
3213 4353 3626 4424 posterioribus

1987 4419 2120 4507 aevis
2151 4419 2317 4507 erant
2346 4419 2657 4507 iid7em:qui
2678 4419 2836 4481 'olim
2881 4419 3264 4507 propraetores
3297 4431 3353 4480 et
3384 4442 3627 4507 procqn-
3729 4419 3734 4426 ’

1990 4499 2147 4556 sules
2180 4501 2236 4554 in
2271 4496 2584 4569 provinciis
2628 4503 2814 4563 erant,
2848 4499 3099 4569 praetecti
3154 4496 3629 4569 nempe’provin-

1993 4572 2212 4628 ciarum
2237 4568 2293 4625 et
2314 4571 2466 4640 juris
2497 4570 2808 4624 dictatores
2851 4577 2967 4640 tam
3000 4568 3060 4623 in
3116 4572 3287 4640 rebus
3333 4568 3625 4640 civilibus,

1993 4660 2168 4722 quam
2214 4643 2272 4722 in
2315 4638 2698 4722 militaribus,
2741 4639 2999 4722 magistri
3054 4638 3525 4722 militum7simul
3574 4643 3631 4722 et

1990 4711 2407 4786 gubernatores
2451 4711 2850 4786 urbium._0ui
2899 4711 2993 4766 hic
3053 4715 3430 4786 memoratur,
3506 4713 3628 4786 erat

1992 4781 2376 4855 Strategorum
2392 4801 2484 4840 om
2495 4784 3003 4855 niumprinceps,et
3017 4799 3130 4839 non
3147 4786 3318 4838 unius
3340 4781 3628 4846 thematis,

1993 4866 2053 4912 ut
2084 4854 2295 4926 caeteri,
2328 4857 2429 4911 sed
2460 4857 2719 4911 omnium
2752 4854 3121 4926 orientalium
3154 4871 3461 4926 supremus
3490 4855 3631 4920 dux,

1991 4928 2171 4999 utqui
2203 4925 2546 4983 suetoritate
2576 4925 2911 4999 ducesalios
2937 4928 3162 4981 creandi
3185 4925 3487 4999 gauderet,
3520 4941 3634 4990 qua

1993 4997 2184 5056 caeteri
2217 5000 2507 5054 carebant.
2551 4998 2932 5070 Theophanes
2987 5013 3120 5054 eum
3174 4997 3472 5070 στρατηγὸν
3528 5000 3628 5070 ’ξῆς

1991 5070 2164 5152 ξιξξρᾳς
2195 5070 2370 5139 πάσης
2403 5069 2666 5152 appellat
2684 5066 2739 5140 pl
2775 5066 3474 5152 110;'[Apud7_an_astas.
3536 5066 3631 5120 Bi-

1994 5140 2200 5199 blioth.
2231 5140 2482 5198 occurrit
2531 5145 2822 5213 strategus
2879 5140 3198 5207 Orientis-1'
3255 5141 3397 5194 Vide
3451 5152 3630 5208 supra

1996 5219 2118 5270 not.
2149 5215 2240 5276 78,
2265 5213 2373 5270 col.
2405 5215 2526 5268 128.

2067 5287 2178 5356 (49)
2203 5287 2529 5340 Domesticos
2567 5285 2939 5356 appellabant
2968 5284 3105 5356 olim
3165 5298 3285 5356 eos,
3341 5280 3437 5351 qui
3469 5280 3634 5356 prin-

1997 5352 2111 5429 cipi
2139 5352 2544 5429 familiariores
2575 5352 2968 5429 essenteoque
2999 5355 3170 5429 rebus
3200 5352 3328 5429 ejus
3359 5355 3630 5429 gerendis

1997 5426 2444 5498 deputabantur.
2479 5427 2623 5483 Hinc
2659 5427 2899 5489 factum,
2929 5434 2986 5479 ut
3018 5427 3372 5498 domesticus
3404 5443 3502 5494 pro
3549 5426 3633 5498 le-

1996 5495 2152 5572 gato,
2185 5500 2596 5572 commissario
2646 5499 2954 5554 diceretur.
2995 5495 3115 5572 7Est
3169 5512 3304 5569 ergo
3341 5497 3633 5572 domesti-

1997 5566 2100 5627 cus
2139 5566 2482 5626 scholarum
2546 5570 2699 5624 idem
2765 5575 2937 5637 atque
2995 5566 3629 5637 legatus'scholarum,

1996 5644 2096 5714 qui
2128 5643 2200 5698 ab
2253 5642 2598 5721 imperatore
2654 5639 2875 5721 legatus
2915 5637 3130 5721 scholis
3190 5643 3417 5711 praeest,
3477 5637 3632 5721 ἐξάρ-

1995 5709 2732 5790 λωνμπροηπίούμενοςηου]
2775 5726 2908 5790 cura
2948 5709 3273 5790 scholarum
3320 5709 3634 5790 commissa

1995 5781 2528 5842 e'st.'Su'nt'aut'em
2560 5781 2769 5839 scholae
2824 5781 2982 5838 idem
3022 5787 3208 5852 atque
3257 5781 3522 5839 cohortes
3574 5786 3632 5838 et

1996 5857 2255 5930 quidem,
2287 5872 2414 5928 qua
2427 5855 2520 5912 hic
2548 5853 2930 5924 designantur
2955 5851 3186 5924 scholis,
3218 5857 3384 5912 erant
3406 5858 3633 5929 septem
