3972 6214
369 350 521 411 1311

1435 346 1963 411 CONSTANTINI
2010 342 2713 409 PORPHYROGENITI

3696 339 3811 393 13B.

372 487 441 541 10
514 485 753 556 strategi
792 483 1206 556 Cappadocia;
1266 486 1326 540 11
1377 485 1616 556 strategi
1674 482 2009 552 Charsiani;

2160 480 2171 497 “
2199 480 2234 547 ἡ
2267 482 2364 534 τοῦ
2415 482 2723 552 στρατηγοῦ
2754 480 2862 531 τῶν
2908 476 3259 549 Θρᾳκησὶωνο
3312 478 3385 542 η⁴
3429 472 3478 538 ἡ
3520 471 3638 523 τοῦ
3684 472 3821 531 κέατο

376 573 443 626 12
517 572 750 643 strategi
802 571 1084 640 Colonia;
1147 571 1213 625 13
1270 572 1505 643 stralegi
1563 569 2014 642 Paphlagonia;

378 662 441 716 14
519 660 755 729 strategi
812 659 1115 728 Thracia;
1176 660 1242 714 15
1291 662 1531 731 strategi
1608 659 2013 727 Macedonia;

381 750 447 803 16
521 748 758 819 strategi
790 748 1039 803 Chaldia
1072 768 1086 817 ;
1132 750 1197 802 17
1227 749 1529 805 domestici
1571 750 2014 813 excubitorum;

380 838 441 891 18
472 839 721 909 prafecti
754 839 923 893 Urbis
956 858 970 907 ;
1000 839 1307 909 iQstrategi
1330 838 1704 909 Peloponnesi
1734 857 1748 905 ;
1777 840 1847 893 20
1870 846 2018 893 stra-

377 928 488 997 tegi
521 926 845 997 Nicopolis;
875 929 940 982 2t
958 928 1729 999 strategiCibyrrbaotarum
1754 928 1853 995 ;22
1873 932 2020 981 stra-

374 1015 489 1086 tegi
522 1016 750 1071 Gracia
776 1034 788 1083 ;
820 1017 891 1070 23
922 1018 1159 1087 strategi
1191 1016 1400 1072 Sicilia
1428 1034 1441 1084 ;
1482 1018 1552 1070 24
1596 1017 1834 1087 strategi
1862 1018 2019 1087 Stry-

374 1106 563 1160 monis
600 1124 613 1173 ;
646 1105 714 1160 25
748 1105 986 1176 strategi
1021 1104 1420 1176 Cephalenia;
1465 1106 1536 1159 26
1567 1105 1803 1175 strategi
1836 1105 2018 1160 Thes-

374 1193 773 1261 salonices;27
788 1193 1026 1264 strategi
1064 1193 1403 1265 Dyrrhachii
1441 1195 1546 1263 ;28
1578 1193 2017 1263 strategiSami;

372 1283 444 1337 29
474 1283 706 1353 strategi
758 1284 937 1337 maris
967 1282 1178 1353 IEgai;
1210 1284 1279 1337 30
1362 1284 1605 1355 strategi
1667 1282 1971 1338 Dalmatia
2004 1301 2018 1349 ;

376 1371 439 1425 31
483 1369 718 1439 strategi
772 1369 1084 1427 Chersonis
1142 1370 1265 1440 [seu
1312 1370 1657 1426 Chersonesi
1687 1369 1967 1439 Taurica]
2003 1386 2019 1437 ;

375 1461 445 1513 32
489 1460 823 1527 sacellarii;
877 1460 946 1514 33
989 1460 1293 1531 logotheta
1342 1460 1531 1531 genici
1582 1459 1671 1515 vel
1730 1459 2020 1531 generalis

378 1550 563 1604 ararii
598 1548 812 1620 publici
841 1565 854 1615 ;
888 1550 953 1603 34
986 1549 1291 1619 quaestoris
1324 1550 1750 1621 ;35logotheta
1782 1549 2019 1604 stratio-

375 1638 473 1693 tici
498 1638 583 1693 vel
617 1637 697 1693 rei
728 1638 1000 1693 militaris
1035 1656 1048 1704 ;
1082 1639 1150 1693 36
1182 1640 1477 1708 drungarii
1539 1638 1783 1709 vigilia;
1843 1638 1911 1692 37
1943 1638 2022 1692 lo-

294 1802 299 1807 ἱ
373 1729 614 1798 gotbela
642 1730 826 1784 dromi
858 1744 956 1785 seu
1007 1746 1219 1785 cursus
1277 1728 1533 1797 publici;
1594 1730 1663 1782 38
1722 1727 2019 1798 drungarii

2125 588 2218 629 τος
2248 572 2345 621 τοῦ
2376 567 2610 641 ὀψικίου·
2675 568 2717 620 ϐ’
2746 569 2780 635 ἡ
2805 570 2901 619 τοῦ
2950 566 3263 637 στρατηγοῦ
3314 564 3471 617 τῶν
3542 555 3825 629 βουιξὶζψ

2126 656 2277 730 ρίων*
2335 656 2363 709 ι’
2410 658 2444 724 ἡ
2505 659 2601 709 τοῦ
2658 658 2966 729 στρατηγοῦ
3027 648 3501 709 Καππαδοκίας·
3558 648 3633 701 ια’
3691 648 3723 711 ἦ
3769 654 3821 698 τί

2126 765 2429 819 στρατηγοο
2482 748 2817 818 Χαρσιανοῦ·
2874 744 2944 813 ιβ’
2998 744 3032 811 ἡ
3080 745 3178 795 τοῦ
3228 740 3625 813 στρατηγοῦ
3680 736 3833 790 Kal:-

2124 834 2260 894 viac'
2299 834 2366 909 ιγ’
2396 836 2430 901 ἡ
2475 838 2570 887 τοῦ
2628 835 2936 907 στρατηγοῦ
2987 830 3468 909 Παφλαγωνέπς’
3557 823 3637 879 ιδ’
3704 827 3737 891 ἦ

2127 929 2439 997 στρατηγοῦ
2467 932 2568 993 τῆς
2620 921 2855 995 Θρᾴκης.
2910 925 2965 977 ιε’
3013 925 3048 991 ἡ
3098 927 3196 977 τοῦ
3249 922 3651 993 στρατηγοῦ
3706 923 3841 971 H122.

2129 1012 2329 1075 δονίας·
2392 1016 2455 1077 ις’
2487 1016 2520 1081 ἡ
2551 1017 2649 1067 τοῦ
2704 1016 3016 1087 στρατηγοῦ
3067 1009 3323 1071 Χαλδίας
3620 1013 3691 1075 ιζ·
3786 1014 3843 1057 τί

2128 1100 2454 1175 δομεστίκου
2508 1106 2613 1156 τῶν
2674 1096 3037 1157 ἐκσκουϐίτων
3105 1103 3215 1172 (51)
3302 1099 3485 1168 ἀξία·
3562 1098 3651 1166 ιη’
3708 1100 3744 1161 εῖν,

2128 1192 2376 1266 ἐπάρχου
2408 1191 2628 1253 πόλεως
2658 1192 2801 1261 ἀξία·
2837 1193 2901 1245 ιϐ’
2932 1193 2966 1260 ἡ
2999 1195 3094 1245 τοῦ
3139 1193 3506 1263 στρατηγοῦ
3582 1185 3851 1241 Πελοπί-

2126 1284 2313 1351 νήσου·
2361 1284 2407 1336 κ’
2456 1284 2491 1350 ἡ
2550 1285 2648 1335 τοῦ
2698 1284 3008 1356 στρατηγοῦ
3056 1278 3511 1339 Νικοπόλεωςο
3590 1279 3687 1329 ια’
3724 1279 3755 1341 ἦ
3790 1281 3849 1325 τε

2130 1376 2433 1447 στρατηγοῦ
2472 1374 2579 1425 τῶν
2634 1364 3083 1443 Κιϐυῤῥαιωτῶν·
3133 1369 3219 1441 χβ¹
3250 1370 3288 1436 ἡ
3324 1370 3459 1422 τοῦ
3534 1368 3847 1439 στρατιςῖιζ

2127 1458 2412 1520 Ἑλλάδος’
2446 1461 2527 1533 κγ’
2560 1462 2593 1527 ἡ
2634 1463 2732 1513 τοὶ)
2786 1462 3095 1531 στρατηγοῦ
3145 1454 3469 1517 Σικελίαςο
3544 1453 3649 1508 κδ’
3706 1456 3741 1519 ἡ
3788 1460 3849 1505 τί

2129 1553 2437 1623 στρατηγοῦ
2499 1547 2833 1620 Στρυμόνος·
2884 1555 2955 1601 κε’
3012 1550 3046 1615 ἡ
3091 1551 3188 1601 τοῦ
3237 1549 3638 1619 στρατηγοῦ
3708 1550 3851 1618 Eas:-

2129 1638 2345 1706 ληνίαςο
2397 1638 2481 1700 κς’
2534 1639 2568 1705 ἡ
2628 1640 2726 1690 τοῦ
2774 1640 3077 1709 στρατηγοῦ
3136 1635 3642 1702 Θεσσαλονίκης·
3714 1635 3789 1699 κζ
3832 1654 3843 1679 τ

2126 1731 2223 1781 τοῦ
2256 1729 2561 1801 στρατηγοῦ
2608 1729 2705 1779 τοῦ
2755 1724 3085 1801 ΔυρραχίΟΨ
3136 1726 3223 1794 κη’
3253 1726 3289 1792 ἡ
3326 1728 3447 1777 τοῦ
3526 1726 3845 1794 στρατηγῇ

3302 1099 3485 1168 ἀξία·

374 1817 721 1887 ploimorum
754 1834 855 1871 seu
914 1816 1347 1872 classiariorum
1383 1836 1397 1883 ;
1439 1818 1509 1870 39
1567 1815 2020 1887 protospatharii

2162 1823 2227 1885 ἧς
2262 1816 2471 1888 Σάμου’
2506 1816 2586 1878 κο“
2615 1816 2649 1883 ἡ
2682 1818 2780 1869 τοῦ
2831 1816 3138 1888 στρατηγοῦ
3182 1816 3279 1866 τοῦ
3336 1811 3640 1887 Αἰγαὲου
3702 1811 3847 1864 zz}:-

373 1905 764 1975 imperialium
797 1925 811 1972 ;
848 1906 915 1959 40
946 1904 1247 1975 logotbeta
1280 1921 1524 1976 gregum
1560 1922 1573 1971 ;
1620 1906 1684 1960 41
1720 1904 2022 1961 domestici

376 1992 781 2048 hicanatorum
815 2011 827 2060 ;
862 1994 929 2047 42
957 1994 1263 2049 domestici
1289 2010 1669 2049 numerorum
1698 2009 1711 2060 ;
1744 1994 1812 2048 43
1834 1995 2024 2048 dome-

376 2082 508 2137 stici
537 2082 881 2152 Optimatum
918 2100 932 2149 ;
966 2083 1033 2136 44
1066 2082 1296 2137 comitis
1316 2084 1692 2138 castellorum
1720 2084 1825 2149 ς45
1853 2082 2023 2138 char-

384 2171 584 2226 tularii
614 2171 837 2240 sacelli;
874 2172 941 2225 46
973 2171 1311 2227 chartularii
1344 2172 1603 2228 vestiarii
1638 2192 1652 2241 ;
1687 2173 1753 2226 47
1787 2172 2024 2227 chartu-

376 2260 506 2315 larii
538 2259 763 2316 caniclii
798 2262 903 2327 ;48
935 2261 1370 2331 protostratoris
1404 2280 1419 2330 ;
1452 2262 1522 2315 49
1554 2265 2023 2333 protoasecreta;

374 2350 445 2404 50
468 2351 937 2421 reprasentantis
958 2350 1287 2406 thematum
1315 2371 1328 2417 ;
1359 2352 1422 2405 51
1472 2352 1703 2406 comitis
1761 2349 1979 2405 stabuli
2010 2366 2025 2415 ;

374 2440 445 2493 52
476 2439 611 2495 idici
642 2456 741 2495 seu
778 2440 1005 2511 peculio
1037 2441 1256 2511 privato
1291 2440 1545 2513 prafecti
1572 2460 1584 2503 ;
1608 2441 1677 2494 53
1701 2439 1901 2510 magni
1932 2456 2027 2493 cu-

379 2528 625 2594 ratoris;
659 2531 815 2583 414
844 2530 913 2582 54
944 2530 1225 2584 curatoris
1257 2545 1675 2600 manganorum
1710 2528 1910 2599 palatii
1944 2527 2027 2583 sic

379 2618 516 2672 dicti
546 2642 561 2685 ;
591 2619 662 2671 55
694 2618 949 2687 magistri
968 2618 1417 2688 requisitionum
1432 2618 1519 2673 vel
1539 2617 1865 2673 libellorum
1898 2633 2031 2688 sup-

383 2706 602 2776 plicum
638 2723 653 2773 ;
684 2705 755 2760 56
787 2705 1090 2760 nutritoris
1134 2706 1528 2777 orphanorum
1563 2724 1576 2773 ;
1611 2707 1680 2759 57
1729 2705 2027 2761 demarchi

385 2793 770 2863 Venetorum;
795 2794 864 2848 58
895 2794 1191 2850 demarcbi
1223 2794 1596 2850 Prasinorum
1633 2812 1646 2861 ;
1680 2796 1750 2847 59
1780 2795 2030 2850 cerimo-

384 2882 559 2938 niarii
592 2884 697 2951 ;60
728 2884 1031 2939 domestici
1059 2884 1455 2939 basilicorum.
1494 2886 1588 2940 Ha
1619 2890 1758 2940 sunt
1787 2885 2031 2956 dignita-

389 2977 471 3029 tes
502 2973 611 3029 hoc
645 2976 906 3043 tempore
950 2972 1058 3029 sub
1092 2974 1281 3029 Leone
1314 2974 1456 3045 imp.
1526 2973 1825 3030 honorata
1864 2975 1935 3046 [ε.
1969 2974 2029 3029 in

383 3061 663 3117 honorem
697 3062 885 3134 data].
930 3064 1188 3119 Redeunt
1217 3063 1304 3117 ha
1340 3063 1650 3135 dignitates
1680 3062 1752 3119 ad
1809 3069 2031 3135 septem

382 3149 601 3207 classes
634 3169 647 3207 :
684 3152 934 3224 primam
951 3158 1373 3224 strategorum;
1408 3155 1727 3211 secundam
1760 3153 2033 3210 domesti-

2053 1867 2100 1931 Β

2131 1923 2281 1981 γους’
2339 1903 2388 1958 λ’
2437 1906 2471 1973 ἠ
2526 1908 2622 1958 τοῦ
2681 1907 2987 1978 στρατηγοῦ
3056 1900 3405 1973 Δαλματίας·
3506 1901 3623 1955 λα’
3692 1902 3728 1967 ἡ
3779 1903 3845 1948 τιῖ

2136 1996 2446 2066 στρατηγοῦ
2524 1995 2831 2063 Χερσῶνος·
2930 1988 3021 2063 λβ¹
3094 1992 3131 2057 ἡ
3207 1993 3305 2044 τοῦ
3413 1987 3841 2059 σακελλαρὶειν

2136 2081 2223 2156 λγ¹
2296 2084 2331 2150 ἡ
2408 2085 2503 2134 τοῦ
2581 2080 2879 2155 λογοθὲτου
2954 2084 3053 2133 τοῦ
3130 2076 3380 2154 γενικοῦ’
3479 2076 3591 2132 λδ⁸
3684 2079 3720 2144 ἡ
3774 2080 3839 2127 ττῖ

2134 2171 2473 2243 κυαίστωρος
2505 2170 2642 2241 ἀξία·
2678 2168 2752 2224 λε’
2800 2171 2834 2237 ἡ
2888 2172 2986 2223 τοῦ
3030 2167 3325 2242 λογοθέτου
3384 2173 3504 2222 τοῦ
3570 2187 3843 2239 στρατιςνο

2136 2265 2312 2315 τικοῦ·
2349 2258 2433 2323 λς’
2462 2262 2496 2329 η
2528 2264 2625 2314 τοῦ
2658 2255 3020 2333 δρουγγαρΐου
3060 2263 3160 2325 τῆς
3219 2255 3463 2330 βῖγηαςο
3534 2255 3637 2323 λζ
3683 2258 3717 2321 ἡ
3766 2257 3841 2306 :22

2138 2348 2431 2423 λογοθέτου
2487 2354 2584 2403 τοῦ
2632 2346 2841 2422 δρόμου
2888 2348 3025 2415 ἀξία·
3079 2344 3167 2415 λη“
3198 2348 3233 2414 ἡ
3276 2349 3380 2399 τοῦ
3447 2344 3837 2420 δροςγγεςῖςυ

2139 2444 2247 2492 τῶν
2278 2437 2561 2510 πλοῗμωψ
2596 2436 2677 2493 λΘ¹
2707 2439 2741 2505 ἡ
2773 2440 2870 2489 τοῦ
2901 2433 3413 2511 πρωτοσπαθαρῖου
3446 2439 3578 2488 τῶν
3620 2431 3835 2506 323:}:-

2140 2528 2267 2581 κῶν
2308 2528 2359 2599 μ“
2388 2528 2422 2596 ἡ
2452 2530 2548 2581 τοῦ
2581 2522 2875 2600 λογοθέτου
2914 2528 3020 2579 τῶν
3067 2522 3302 2599 ἆγελῶν’
3369 2526 3470 2595 μα’
3506 2526 3551 2591 ἡ
3592 2526 3698 2576 τοῦ
3754 2517 3829 2573 3‘9-

2142 2616 2397 2689 μεστῖγου
2454 2620 2560 2670 τῶν
2609 2614 2898 2670 ἱκανάτων·
2954 2614 3045 2688 μβ“
3094 2616 3127 2682 ἡ
3160 2616 3257 2666 τοῦ
3298 2610 3660 2684 δομεστξχω
3720 2613 3823 2662 τῶν

2140 2706 2445 2780 νουμὲρων·
2511 2705 2601 2780 μγ“
2650 2706 2686 2772 ἡ
2744 2708 2840 2758 τοῦ
2903 2700 3223 2775 δομεστίκου
3282 2705 3401 2755 τῶν
3467 2701 3820 2773 61:119th-

2148 2792 2233 2867 μδ“
2263 2798 2298 2864 ἡ
2324 2800 2425 2849 τοῦ
2455 2794 2706 2867 κόμητος
2737 2798 2844 2847 τῶν
2878 2794 3129 2870 τειχέωψ
3166 2794 3246 2864 με’
3276 2794 3312 2860 ἡ
3342 2796 3459 2846 τοῦ
3504 2788 3823 2867 {aptos}:-

2140 2884 2260 2959 ρίου
2290 2885 2386 2938 τοῦ
2420 2881 2733 2939 σακελλίου’
2773 2883 2859 2955 μζ¹
2890 2883 2925 2951 ἡ
2964 2886 3059 2937 τοῦ
3106 2880 3538 2956 χαρτουλαρίου
3588 2884 3695 2934 τοῦ
3744 2878 3820 2949 βε-

2141 2973 2404 3047 στιαρίου·
2470 2974 2553 3047 μζ“
2602 2975 2636 3041 ἠ
2693 2975 2791 3027 τοῦ
2842 2970 3249 3046 χαρτουλαρίου
3306 2975 3412 3025 τοῦ
3475 2967 3812 3025 κανιχλείουο

2144 3064 2237 3136 μη“
2268 3065 2302 3131 ἡ
2335 3067 2432 3117 τοῦ
2464 3060 2975 3136 πρωτοστράτορος’
3017 3062 3101 3133 μθ¹
3133 3063 3167 3129 ἡ
3200 3064 3299 3114 τοῦ
3348 3060 3811 3134 πρωτοασῆχρηο

2138 3172 2221 3214 τις
2251 3151 2391 3221 ἀξία·
2423 3152 2461 3204 ν’
2491 3151 2524 3220 ἠ
2559 3154 2656 3205 τοῦ
2688 3148 2747 3204 ἐκ
2778 3151 3081 3223 προσώπου
3110 3152 3219 3202 τῶν
3252 3149 3520 3219 θεμάτων
3554 3151 3698 3219 (52).
3743 3146 3807 3195 η.

386 3258 588 3299 corum
621 3259 636 3311 ;
670 3244 905 3299 tertiam
931 3243 1192 3315 iudicum
1229 3262 1242 3312 ;
1280 3248 1553 3316 quartam
1586 3245 2031 3313 secreticorum;

2157 3242 2174 3308 ἡ
2198 3243 2296 3294 τοῦ
2318 3238 2564 3312 κόμητος
2593 3244 2690 3293 τοῦ
2713 3233 2972 3293 στάϐλου·
2995 3237 3075 3312 νβ’
3105 3239 3139 3306 ἡ
3162 3240 3260 3292 τοῦ
3285 3234 3532 3291 εἰδικοῦ.
3568 3238 3655 3310 vf
3676 3238 3710 3303 ἡ
3732 3234 3807 3285 τε]

384 3331 646 3404 quintam
667 3333 1132 3387 democralarum
1167 3349 1269 3387 seu
1296 3334 1710 3405 magistrorum
1747 3334 2029 3389 factione-

383 3418 529 3473 lium
564 3437 577 3486 ;
612 3423 834 3474 sextam
868 3419 1326 3474 stratarcharum
1367 3436 1469 3474 seu
1511 3422 1883 3476 tribunorum
1920 3420 2031 3475 mi-

386 3506 685 3578 litarium;
728 3507 1037 3577 septimam
1070 3508 1351 3562 idicorum
1386 3508 1469 3562 vel
1512 3509 1857 3579 specialium
1893 3525 2021 3579 qua

2144 3325 2389 3404 μεγάλου
2421 3329 2795 3401 κουράτωρος·
2830 3324 2903 3381 νδ“
2937 3329 2971 3395 ἠ
3002 3330 3098 3381 τοῦ
3130 3326 3499 3399 κουράτωρος
3529 3331 3648 3380 τῶν
3687 3344 3801 3394 μηο

2138 3420 2312 3493 γάνων
2342 3420 2475 3488 (53)⁶
2508 3424 2574 3471 γε’
2612 3421 2646 3486 ἡ
2681 3422 2788 3472 τῶν
2834 3412 3092 3485 δεήσεων⁶
3143 3424 3216 3478 νς“
3247 3417 3282 3483 ἡ
3314 3420 3415 3470 τοῦ
3472 3414 3803 3491 ὀρΫανοτρέν-

2140 3527 2262 3584 φου·
2297 3508 2373 3575 νζ“
2402 3508 2438 3575 ἡ
2470 3510 2564 3560 τοῦ
2597 3503 2892 3580 δημάρχου
2933 3502 3191 3559 Βενέτων’
3242 3506 3327 3573 νη“
3358 3506 3392 3572 ἡ
3429 3508 3538 3559 τοῦ
3595 3500 3793 3572 37,95;-

1414 3606 1609 3661 JOAN.
1651 3608 1789 3662 JAC.
1850 3606 2113 3663 REISKII
2143 3607 2757 3664 COMMENTARIUS.

390 3694 642 3751 militum
660 3694 1070 3765 palatinorum,
1087 3712 1199 3750 non
1216 3699 1333 3750 tam
1351 3697 1642 3766 pompatic
1655 3714 1817 3752 orum
1831 3740 1844 3766 ,
1861 3714 2034 3765 quam

389 3766 929 3841 veremilitantium
977 3773 1032 3821 et
1089 3770 1717 3841 imperatoremhdomi
1780 3769 2036 3841 lorisque

389 3839 795 3913 comitantium
828 3849 880 3893 et
914 3839 1364 3913 protegentium.
1402 3839 1655 3913 Colligas
1691 3846 1883 3896 tamen
1917 3839 2033 3913 e'p.

389 3911 494 3965 313
516 3910 726 3965 collata
756 3927 887 3966 cum
925 3928 977 3979 p.
1011 3913 1113 3965 414
1142 3910 1354 3966 scholas
1392 3916 1447 3966 et
1490 3912 1742 3967 themata
1800 3929 1901 3968 seu
1951 3910 2041 3968 lé~

391 3984 590 4055 giones
619 3982 1173 4053 provincialesidem
1204 3998 1382 4055 esse;
1421 3987 1483 4037 ut
1519 4000 1654 4055 ergo
1679 3985 2040 4040 domesticus

391 4053 726 4134 scholarum
760 4054 1136 4134 idempossit
1162 4053 1498 4134 signiﬁcare
1542 4053 2043 4134 atquemagister

390 4124 687 4198 legionum
719 4124 808 4180 vel
842 4124 1113 4198 militum.
1160 4125 1326 4180 Prius
1351 4134 1543 4198 tamen
1605 4124 1818 4182 rectius
1862 4124 2039 4198 _puto.

393 4196 535 4260 Quia
557 4197 868 4277 domestici
892 4196 950 4277 hi
997 4200 1193 4277 utpote
1234 4197 1703 4277 magnigradus
1735 4207 1789 4252 et
1822 4196 2041 4277 magna

396 4268 751 4325 auctoritatis
771 4269 892 4331 viri,
924 4267 1181 4339 ipsisque
1205 4267 1633 4337 provinciarum
1657 4267 2043 4339 singularium

396 4342 669 4425 strategis
684 4340 956 4425 majores,
972 4341 1271 4409 graduque
1295 4356 1327 4393 a
1348 4345 1607 4425 stratege.
1630 4340 2046 4425 Qrfentispro-

400 4411 561 4483 simi,
593 4412 898 4483 aliquoties
920 4426 1147 4466 summa
1187 4427 1318 4483 cum
1368 4413 1713 4483 auctoritate
1773 4411 1957 4483 capiis
1985 4414 2044 4468 in

402 4481 634 4552 oriente
659 4481 1026 4552 pral'uerant,
1058 4487 1114 4537 et
1146 4482 1416 4537 maximis
1438 4483 1700 4539 cladibus
1731 4481 2047 4540 Saracenos

404 4551 863 4625 aliecerant,quo
885 4554 1059 4609 etiam
1087 4554 1389 4609 domestici
1416 4570 1625 4609 nomen
1652 4554 1873 4610 clarum
1890 4556 2041 4625 apud
2072 4560 2119 4625 D
2222 4555 2335 4623 (53)
2368 4554 2615 4610 Rectene
2664 4554 2793 4611 CPli
2833 4553 3043 4611 Christ.
3081 4556 3148 4620 Il,

400 4621 711 4677 historicos
766 4621 1039 4680 Arabicos
1078 4626 1304 4681 evasit:
1353 4642 1420 4680 ex
1478 4641 1544 4681 eo
1598 4628 1812 4681 factum
1850 4621 2043 4681 ut'illi

404 4694 865 4769 crederentl‘also
899 4698 1175 4767 persuasi,
1208 4697 1593 4769 domesticum
1625 4714 1757 4752 cum
1779 4697 1913 4764 dici,
1948 4698 2050 4769 qui

404 4764 624 4839 ()rienti
659 4782 762 4839 ceu
794 4764 1015 4836 legatus
1078 4769 1442 4837 imperatoris
1470 4768 1675 4824 CPtani
1728 4764 2004 4839 praesset
2035 4786 2049 4824 :

403 4837 697 4893 Domestici
716 4853 917 4910 nomen
946 4839 1092 4909 apud
1123 4856 1208 4895 eos
1276 4840 1613 4910 (Romanos)
1653 4837 1822 4895 habet
1851 4843 2049 4908 omnis,

403 4911 502 4981 qui
516 4912 735 4989 'pracst
776 4909 979 4965 ditioni
1038 4910 1233 4966 Graca
1293 4913 1371 4968 ad
1394 4914 1661 4968 orientem
1693 4912 2051 4984 Propontidis

399 4990 621 5053 ροδιιεε.

475 5054 590 5124 (50)
646 5050 847 5107 Chaldi
899 5060 1034 5109 sunt
1101 5054 1201 5124 qui
1252 5055 1543 5110 veteribus
1595 5056 1846 5111 Chalibes
1886 5054 2047 5112 dicti.

403 5124 607 5199 Chaldi
637 5129 695 5181 et
724 5124 894 5179 Cordi
939 5125 1026 5199 vel
1069 5126 1249 5199 Curti,
1300 5126 1581 5199 Gordyai,
1617 5128 1814 5199 iidem.
1850 5126 2049 5199 Perhi-

402 5196 541 5251 bent
562 5198 821 5252 Soranzo
852 5204 905 5251 et
938 5195 1323 5252 Leunclavius
1346 5195 1753 5253 Curdistanam
1787 5198 1954 5253 hodie
1977 5198 2049 5253 ab

400 5269 707 5341 Arabibus
730 5268 946 5341 Kelgan
977 5268 1273 5341 appellari.
1308 5268 1467 5341 Forte
1501 5275 1660 5341 recta
1693 5269 1776 5341 illi
1811 5272 2050 5325 tradunt

403 5342 460 5393 et
489 5341 633 5394 forte
664 5340 748 5395 sic
780 5340 964 5396 scient
1007 5340 1179 5395 hodie
1226 5340 1464 5393 Arabes.
1527 5340 1586 5394 In
1646 5340 1811 5395 libris
1852 5347 2048 5396 tamen

402 5411 657 5464 Arabum
685 5428 917 5482 semper
944 5412 1001 5466 al
1023 5412 1185 5467 Curd
1214 5409 1297 5464 vel
1322 5410 1461 5482 Cord
1491 5418 1541 5465 et
1574 5411 1635 5464 αι
1658 5411 1831 5464 Acrad
1856 5412 2051 5482 appel-

403 5482 617 5536 lantur.
650 5481 938 5538 Videntur
968 5485 1187 5539 interea
1212 5482 1408 5535 Chaldi
1444 5481 1592 5553 infra
1623 5481 2047 5553 Trapezuntem

403 5561 454 5609 et
486 5552 662 5609 Curdi
692 5557 1117 5625 MesOpotamia
1154 5560 1211 5611 et
1240 5553 1489 5609 Parthia
1534 5552 1817 5624 interiecti
1849 5558 2049 5611 eadem

402 5641 548 5698 gens
578 5629 635 5681 et
657 5630 886 5680 montes
929 5628 1233 5683 amborum
1268 5642 1446 5682 unum
1474 5625 1685 5698 jugum
1716 5641 1865 5698 esse.

472 5697 589 5768 (51)
656 5699 917 5763 Quatuor
976 5703 1143 5755 erant
1186 5702 1439 5770 tagmata
1469 5697 1692 5754 militia
1728 5697 1995 5770 palatina
2029 5715 2043 5752 :

2146 3698 2452 3765 Scholarii,
2486 3699 2878 3764 Excubitores,
2926 3696 3191 3754 Hicansti
3232 3700 3289 3752 et
3337 3698 3622 3752 Numeri.
3662 3696 3794 3758 Quo-

2149 3770 2320 3825 modo
2344 3778 2536 3825 autem
2570 3770 3014 3836 discrenuerint,
3047 3785 3175 3839 qua
3224 3769 3439 3839 cuique
3506 3770 3718 3823 munia
3756 3770 3801 3818 et

2147 3843 2430 3897 stationes
2463 3842 2696 3904 fuerint,
2720 3840 2794 3895 ad
2808 3856 3095 3912 quosnam
3116 3842 3322 3912 borum
3348 3841 3799 3910 spatharii.can-

2148 3913 2352 3978 didati,
2388 3911 2961 3983 spatharocandidati
2996 3922 3047 3965 et
3106 3911 3323 3967 similes
3384 3913 3795 3983 pertinuerint,

2150 3986 2443 4039 fuerintne
2478 3984 2621 4039 tales
2652 3984 2709 4037 in
2746 3999 3095 4054 unoquoque
3136 3984 3388 4038 istorum
3413 3991 3694 4054 quatuor
3726 3988 3797 4034 ta-

2150 4060 2441 4126 gmatum,
2474 4072 2547 4110 an
2581 4061 2813 4109 tantum
2846 4053 2905 4109 in
2938 4054 3267 4122 scholariis,
3301 4053 3488 4109 etalia
3522 4056 3674 4110 talia
3697 4067 3790 4107 non

2151 4127 2335 4197 liquet
2363 4132 2417 4181 et
2450 4142 2874 4197 supervacuum
2905 4131 3056 4181 esset
3078 4127 3135 4180 in
3170 4126 3672 4197 teliarinquirere.

2225 4196 2337 4269 (52)
2371 4198 2512 4253 Puto
2530 4196 3281 4268 euml‘uisse,quilegiones
3310 4196 3577 4267 integras
3612 4210 3802 4267 repra-

2154 4268 2432 4335 sentaret,
2473 4285 2672 4325 eorum
2729 4268 2855 4324 loco
2886 4275 2945 4324 et
2975 4269 3211 4323 nomine
3257 4269 3329 4323 ad
3393 4270 3798 4337 imperatorem

2154 4350 2469 4414 peroraret,
2503 4357 2711 4414 causas
2723 4356 2932 4414 eorum
2958 4344 3168 4411 ageret,
3193 4339 3579 4414 ﬂagitatioues
3603 4351 3803 4394 eorum

2155 4411 2701 4489 ad_i_mp.perferret;
2721 4412 2969 4483 legatus,
2994 4411 3807 4483 patronus,syndicus,omtor
3910 4411 3929 4489 ί

2161 4483 2436 4539 militum.

3210 4570 3265 4625 p.
3329 4554 3432 4608 133
3472 4557 3532 4607 et
3591 4548 3800 4625 135,23

2158 4625 2411 4699 μάγγανα
2439 4628 2494 4680 in
2518 4626 2666 4681 duas
2689 4628 2942 4699 diversas
2956 4627 3108 4680 ades
3121 4624 3410 4699 dividerit,
3436 4626 3490 4679 in
3519 4624 3797 4699 palatium

2158 4696 2259 4753 Seu
2294 4700 2647 4752 curatoriam
2672 4716 2704 4753 a
2736 4696 2942 4753 Basilio
2975 4698 3303 4761 Macedone,
3347 4702 3411 4750 ut
3440 4696 3801 4766 perhibetur.

2158 4770 2478 4834 conditum,
2510 4774 2567 4823 et
2613 4770 2671 4824 in
2729 4772 2901 4832 ades.
2950 4769 3164 4839 quibus
3218 4767 3505 4839 machina
3559 4769 3798 4839 publica

2158 4842 2629 4917 asservabantur,
2664 4857 2775 4895 non
2810 4836 3052 4917 direrim
3105 4836 3525 4917 '[Tjaipa'znava
3556 4836 3593 4905 ἧ
3629 4838 3661 4890 ὁ
3694 4840 3799 4917 ato;

2157 4911 2306 4971 οἶκος
2341 4911 2539 4967 Basilii
2570 4911 2936 4981 imperatoris
2984 4907 3149 4981 opus:
3196 4907 3329 4965 Vita
3349 4907 3478 4979 eius
3505 4926 3645 4979 cap.
3681 4914 3750 4965 60
3772 4907 3802 4978 ξ’

2156 4984 2318 5047 Quod
2350 4983 2448 5038 ille
2477 4982 2691 5037 dicitur
2729 4998 2794 5038 eo
2827 4982 3068 5038 consilio
3130 4981 3437 5048 struxisse,
3472 4986 3537 5035 ut
3570 4982 3802 5037 haberet

2158 5054 2292 5109 inde
2324 5056 2543 5110 reditus
2574 5059 2631 5109 et
2662 5060 2935 5125 sumptus
2960 5070 3061 5125 pro
3084 5053 3381 5121 conviviis,
3412 5070 3542 5123 qua
3572 5058 3793 5123 recepto

2158 5143 2225 5181 ex
2254 5142 2414 5182 more
2454 5126 2577 5180 suis
2602 5125 2924 5181 curialibus
2966 5126 3288 5196 annuatim,
3322 5125 3496 5196 certis
3518 5125 3797 5196 statisque

2158 5198 2411 5269 periodis
2442 5198 2611 5269 edere
2642 5198 2910 5263 debebat,
2943 5197 3147 5269 nolens
3200 5195 3499 5267 publicum
3538 5195 3754 5251 ﬁscum
3775 5210 3796 5248 ε

2158 5268 2396 5325 tributis
2431 5268 2801 5324 subditorum
2856 5268 3174 5323 conﬂatum
3210 5269 3267 5323 in
3302 5284 3439 5322 suos
3472 5269 3737 5337 privatos
3755 5269 3795 5320 et

2157 5354 2354 5395 eorum
2418 5357 2561 5394 usus
2634 5355 2979 5395 consumere
3047 5344 3155 5393 τῶν
3216 5337 3315 5392 ἀνὰ
3371 5331 3488 5391 uiri
3536 5331 3663 5398 ἔτος
3724 5336 3795 5391 ὑπ’

2156 5410 2321 5464 αὐτοῦ
2404 5408 2784 5482 κεκλημένων,
2886 5427 3018 5482 quos
3097 5413 3389 5465 annuatim
3462 5410 3539 5464 ad
3627 5424 3797 5465 sacra:

2156 5484 2345 5552 epulas
2376 5492 2628 5549 vocaret,-
2658 5484 2775 5537 vid.
2810 5482 2980 5537 Goar.
3016 5483 3085 5537 ad
3119 5482 3321 5537 Codiu.
3352 5499 3409 5552 p.
3443 5482 3569 5547 116,
3606 5500 3664 5536 n.
3719 5485 3793 5547 i5,

2157 5561 2215 5610 et
2247 5555 2315 5609 ad
2351 5555 2592 5610 Cedren.
2628 5571 2682 5625 p.
2752 5554 2876 5609 618.
2947 5555 3194 5609 Bandur.
3256 5571 3312 5624 p.
3360 5552 3485 5625 606.
3545 5554 3699 5618 Quid
3755 5553 3794 5609 si

2156 5643 2287 5682 vero
2307 5625 2374 5679 τὰ
2408 5624 2658 5698 μάγγᾳνα
2694 5625 2909 5681 fuerint
2936 5626 3067 5681 talis
3122 5624 3425 5698 domusin
3471 5631 3649 5698 portu
3697 5625 3793 5697 By-

2156 5694 2419 5769 zantino,
2448 5694 2639 5768 qualis
2669 5704 2753 5753 est
2783 5713 2828 5753 e.
2865 5712 2915 5754 c.
2948 5696 3363 5753 Amstelodami
3392 5694 3488 5749 das
3518 5696 3618 5752 Ad.
