3972 6214
136 337 347 400 1313

1089 341 1188 400 DE
1233 340 1688 403 CERIMONIIS
1731 340 1966 402 AULJE
2007 341 2493 403 BYZANTlN/E
2535 342 2687 403 LIB.
2732 344 2813 403 Il.

3459 342 3664 407 1314‘

137 490 283 546 χου
331 469 649 545 Πρασὶνων·
697 473 770 526 νθ’
816 472 852 541 ἡ
900 475 998 526 τοῦ
1049 478 1151 540 τῆς
1195 473 1592 534 καταστάσεως·
1694 475 1730 542 ἡ
1760 477 1858 527 τοῦ

1983 484 2263 547 postrema
2293 479 2382 531 est
2410 474 2668 531 solitaria
2692 474 2900 531 classis
2930 475 3202 548 [singulis
3249 477 3618 547 hominibus,

143 556 536 630 δομεστὶκου
565 563 671 613 τῶν
723 559 1053 634 βασιλικῶν.
1115 561 1208 614 Καὶ
1261 562 1417 615 αὗται
1464 562 1532 615 τὰ
1577 565 1668 615 νῦν
1697 583 1866 634 τιμη-

147 656 371 714 θεῖσαι
431 649 574 720 ἀξίαι
627 649 715 704 ἐπὶ
766 654 993 708 Λὲοντος
1041 648 1325 708 δεσπότοῦ.
1385 655 1728 723 Διαιροῦνται
1775 653 1867 706 οὖν

147 739 351 794 αὗται
406 744 571 793 πᾶσαι
604 738 683 803 εἷς
722 739 862 813 μέρη
914 739 1068 806 ἑπτὰ,
1115 741 1232 794 οἷον
1282 739 1358 800 εἷς
1389 741 1753 813 στρατηγοὺς,
1789 740 1866 802 εἰς

150 825 592 901 δομεστίκους,
643 829 718 889 εἰς
767 829 976 903 κριτάς,
1035 829 1112 890 εἰς
1171 829 1512 901 σεκρετικοῦς
1558 829 1634 889 εἰς
1685 828 1867 901 δημο-

151 917 431 991 κρᾶτας,
467 916 544 978 εἷς
593 918 935 992 στρατάρχας
982 916 1071 970 καὶ
1125 918 1198 978 εἰς
1249 914 1453 978 εἰδικὰς
1498 917 1664 989 μόνας
1696 918 1862 987 ἀξίας.

153 1007 361 1062 ⁰Οσοιι
419 1004 471 1059 ἐν
525 1010 644 1067 ταῖς
695 1010 804 1060 τῶν
857 1011 1177 1081 στρατηγῶν
1224 1008 1642 1060 κατατάττονται
1691 1007 1865 1077 τάξεις

161 1096 289 1148 εἰσι
328 1094 435 1148 τὸν
478 1095 708 1168 ἀριθμὸν
746 1097 842 1155 κς“·
876 1095 904 1148 6
937 1095 1238 1170 στρατηγὸς
1279 1099 1385 1149 τῶν
1417 1094 1803 1150 Ἀνατολικῶν·
1837 1097 1865 1149 6

164 1183 518 1257 στρατηγὸς
547 1187 654 1238 τῶν
687 1183 1078 1256 Ἀρμενιάκων*
1114 1184 1141 1236 6
1174 1184 1478 1258 στρατηγὸς
1513 1188 1620 1238 τῶν
1651 1190 1863 1256 Θρᾳκη-

168 1270 351 1324 σίων·
396 1271 423 1324 6
455 1273 638 1344 κόμης
655 1276 752 1325 τοῦ
774 1271 1013 1344 ὀψικίουο
1041 1272 1068 1324 6
1094 1271 1399 1346 στρατηγὸς
1425 1277 1534 1325 τῶν
1562 1271 1866 1346 βουκελλα-

170 1359 352 1433 ρίωνο
395 1361 424 1414 6
455 1360 753 1434 στρατηγὸς
796 1356 1197 1420 Καππαδοκίαςσ
1233 1359 1260 1413 6
1293 1361 1598 1434 στρατηγὸς
1630 1362 1866 1435 Χαρσια-

167 1452 307 1502 νοῦ*
351 1449 385 1502 6
420 1449 722 1521 στρατηγὸς
769 1445 1098 1508 Κολωνείας·
1152 1447 1180 1501 6
1233 1449 1537 1521 στρατηγὸς
1582 1447 1867 1524 Παφλαγο-

175 1537 338 1597 νίας.
377 1537 409 1590 6
439 1536 738 1610 στρατηγὸς
774 1541 875 1604 τῆς
904 1536 1146 1609 Θρᾲκήςο
1181 1536 1209 1589 6
1241 1537 1540 1610 στρατηγὸς
1576 1533 1871 1592 Μακεδονί-

175 1645 270 1686 ας’
313 1626 346 1679 6
385 1625 693 1698 στρατηγὸς
726 1621 985 1684 ΧαΛδίας.
1010 1627 1176 1680 Λΰται
1203 1621 1295 1677 οὗν
1318 1625 1374 1677 αἱ
1398 1626 1726 1699 στρατηγίαι
1751 1630 1869 1686 τοῖς

173 1713 585 1773 Ἀνατολικοῖς
631 1709 854 1785 θέμασιν
898 1711 1276 1786 ἀριθμοῦνταιο
1328 1714 1381 1766 αἱ
1432 1709 1488 1766 δὲ
1525 1718 1623 1782 τῆς
1655 1712 1865 1775 Δῦσεώς

1972 581 2086 619 non
2120 565 2410 636 pluribus,
2443 580 2642 619 earum
2676 563 3339 636 dignitatum,quasilla
3361 584 3622 641 compre-
3669 577 3674 580 ’

1969 653 2190 719 hcndit,
2205 654 2465 723 singulas
2477 652 2860 724 gerentibus].
2879 653 2961 706 Ad
2979 652 3218 708 classem
3234 659 3622 727 strategorum

1971 759 2070 798 seu
2105 743 2556 814 magistratuum
2591 741 2935 812 campestris
2965 741 3189 796 militiae
3224 744 3514 813 pertinent
3543 747 3619 800 vi-

1969 832 2118 902 ginti
2149 847 2250 886 sex
2281 831 2516 886 ordines
2547 831 2632 885 vel
2666 830 2858 885 tituli:
2893 835 3183 897 strategus
3213 832 3620 900 Orientalium,

1966 920 2468 986 Armeniacorum,
2499 919 2967 985 Thracesiorum,
3003 921 3230 989 Opsicii,
3265 921 3613 978 bucellario-

1969 1024 2124 1076 rum,
2139 1008 2532 1079 Cappadociae,
2547 1008 2876 1073 Charsiani,
2891 1007 3158 1076 Coloniae,
3179 1010 3611 1080 Paphlagoniae,

1969 1097 2252 1164 Thracia,
2286 1096 2656 1165 Macedonia,
2687 1096 2960 1152 Cbaldiaa.
2997 1097 3062 1151 Et
3094 1098 3424 1169 baequidem
3469 1107 3619 1156 stra-

1973 1186 2139 1258 tegite
2172 1189 2639 1242 annumerantur
2660 1184 3020 1241 thematibus
3068 1185 3480 1245 Orientalibus.
3524 1191 3606 1245 Ad

1966 1274 2370 1331 Occidentales
2389 1279 2585 1330 autem
2602 1274 2894 1346 pertinent
2908 1279 3198 1346 strategus
3211 1276 3617 1348 PeIOponnesi,

1967 1363 2330 1434 Nicopoleos,
2359 1363 2904 1432 Cibyrrhaaotarum,
2933 1363 3184 1433 Graeciaa,
3209 1365 3619 1439 Siciliae,Stry-

1970 1452 2180 1516 monis,
2264 1449 2647 1522 Cephaleniaa,
2719 1451 3184 1522 Thessalonicae,
3279 1455 3611 1526 Dyrhachii,

1967 1539 2148 1605 Sami,
2183 1540 2362 1595 maris
2391 1538 2924 1610 Egeiﬁalmatits,
2946 1540 3263 1598 Chersonis
3305 1548 3364 1598 et
3415 1561 3622 1616 repre-

1967 1636 2262 1684 sentantes
2295 1627 2654 1684 scholarum.
2689 1629 3152 1685 Domesticorum
3185 1646 3288 1686 seu
3314 1633 3624 1704 magistra-

1967 1721 2132 1772 tuum
2165 1715 2431 1786 palatinaa
2456 1718 2806 1789 pompaticae
2826 1717 3280 1776 militiwclasses
3293 1722 3614 1776 conficiunt

181 1802 336 1858 εἰσιν
378 1804 559 1857 αὗται·
593 1804 621 1856 6
656 1803 957 1875 στρατηγὸς
1001 1800 1439 1870 Πελοποννήσουο
1495 1804 1522 1856 6
1562 1803 1866 1877 στρατηγὸς

1983 1811 2195 1876 septem
2224 1823 2236 1860 :
2261 1806 2612 1861 domesticus
2633 1805 2984 1874 scholarum,
3005 1808 3166 1864 dom.
3193 1809 3623 1876 excubitorum,

177 1891 591 1952 Νικοπόλεως⁹
651 1892 678 1944 6
725 1891 1030 1964 στρατηγὸς
1093 1885 1537 1965 Κιϐυρῥαιωτῶν⁹
1591 1892 1618 1945 6
1673 1911 1866 1967 στρατ-

182 1981 334 2054 ηγὸς
388 1977 680 2042 Ἑλλάδος’
734 1981 761 2034 6
815 1981 1114 2055 στρατηγὸς
1167 1979 1437 2041 Σικελίας·
1491 1981 1518 2034 6
1569 1981 1869 2054 στρατηγὸς

186 2070 549 2141 Στρυμόνος·
615 2070 642 2122 6
712 2069 1014 2144 στρατηγὸς
1079 2068 1438 2147 Κεφαληνίας·
1491 2071 1518 2124 6
1570 2071 1868 2143 στρατηγὸς

195 2156 634 2226 Θεσσαλονίκης·
687 2159 715 2211 6
759 2160 1055 2232 στρατηγὸς
1093 2163 1190 2212 105
1247 2158 1575 2233 Δυῤῥαχίου·
1606 2160 1634 2213 6
1678 2177 1869 2232 στρατ-

192 2247 341 2322 ηγὸς
372 2254 475 2316 τῆς
511 2248 719 2320 Σάμου·
754 2249 782 2302 6
824 2248 1126 2321 στρατηγὸς
1159 2252 1256 2302 105
1298 2247 1532 2322 Αἶγαίου
1576 2246 1865 2320 πελάγουςο

197 2337 226 2390 6
280 2339 594 2410 στρατηγὸς
641 2335 971 2408 Δαλματίας·
1025 2337 1052 2389 6
1105 2336 1403 2410 στρατηγὸς
1455 2339 1738 2409 Χερσῶνος
1778 2334 1868 2388 καὶ

199 2422 257 2479 οἵ
290 2423 353 2479 ἐκ
379 2425 680 2498 προσώπου
712 2424 812 2478 εἶσὶ
860 2429 969 2479 τῶν
1022 2429 1262 2500 σχολῶν.
1311 2425 1378 2481 Ai
1423 2421 1478 2478 δὲ
1508 2423 1585 2484 εἷς
1617 2421 1869 2496 δομεστί-

198 2536 342 2577 κους
392 2515 716 2588 ταττόμεναί
765 2514 867 2570 εἶσι
932 2515 1023 2569 τὸν
1067 2515 1296 2588 ἀριθμὸν
1348 2515 1408 2583 ζ“⁶
1463 2516 1578 2568 οἷον
1633 2515 1660 2568 6
1705 2511 1872 2586 δομέ-

201 2625 393 2665 στικος
436 2609 545 2658 τῶν
589 2601 835 2678 σχολῶν,
887 2605 916 2658 6
966 2601 1290 2675 δομέστικος
1330 2607 1439 2656 τῶν
1479 2597 1865 2672 ἐκσκουϐίτων,

209 2694 239 2747 6
273 2690 640 2769 δρουγγάριος
687 2695 782 2746 105
831 2692 1087 2763 ἀριθμοῦ,
1128 2692 1156 2744 6
1189 2688 1508 2764 δομὲστικος
1545 2695 1656 2745 τῶν
1691 2689 1870 2744 ἱκανά-

201 2801 340 2848 των,
374 2781 403 2834 6
436 2777 758 2853 δομέστικος
805 2783 910 2833 τῶν
957 2778 1259 2852 νουμὲρων,
1311 2783 1339 2833 6
1393 2776 1711 2852 δομὲστικος
1757 2783 1864 2833 τῶν

205 2869 552 2942 ὀπτιμάτων,
609 2870 637 2923 6
689 2867 1010 2940 δομέστικος
1048 2873 1154 2922 τῶν
1192 2868 1441 2943 τειχέων,
1484 2869 1537 2923 οἳ
1575 2870 1663 2923 καὶ
1706 2869 1871 2946 ὀφφι-

206 2959 420 3015 κιάλιοι
467 2963 582 3031 (55)
638 2958 908 3031 λεγονται.
961 2959 1028 3016 Οἱ
1070 2955 1126 3012 δὲ
1168 2958 1242 3019 εἷς
1282 2958 1472 3031 κριτὰς
1516 2955 1867 3032 λογιζόμενοί

207 3050 422 3106 εἰσιτὸν
447 3049 677 3122 ἀριθμὸν
696 3049 763 3123 γ’,
788 3050 905 3102 οἷον
929 3047 957 3101 6
980 3044 1226 3121 ἔπαρχος
1261 3045 1500 3112 πόλεως,
1541 3048 1569 3100 6
1605 3047 1869 3120 κυὲστωρ,

211 3139 239 3192 6
276 3143 374 3193 105
412 3135 668 3208 δεήσεως.
713 3139 782 3193 Αἱ
833 3134 890 3191 δὲ
947 3136 1024 3198 εἰς
1084 3137 1304 3208 σέκρετα
1364 3135 1721 3208 καθεζόμεναί
1763 3136 1866 3191 εἶσι

209 3224 298 3277 καὶ
341 3224 496 3277 αὗται
534 3223 622 3278 τὸν
651 3222 882 3296 ἀριθμὸν
921 3224 1006 3288 ια’,
1050 3222 1163 3275 οἷον
1205 3222 1232 3274 6
1277 3219 1661 3295 σακελλάριος,
1703 3221 1731 3275 6
1766 3220 1861 3276 λο-

209 3311 436 3386 γοθέτης
472 3315 569 3366 τοῦ
614 3315 849 3384 γεδικοῦ,
891 3311 919 3364 6
962 3308 1256 3382 λογοθὲτης
1296 3314 1392 3364 105
1444 3314 1858 3384 στρατιωτικοῦ,

216 3401 244 3455 6
282 3400 584 3476 λογοθέτης
620 3404 717 3454 105
758 3397 992 3473 δρόμου,
1035 3400 1062 3452 6
1095 3399 1498 3477 χαρτοῦλάριος
1538 3402 1635 3452 105
1672 3395 1863 3452 σακελ-

215 3488 358 3558 λίου,
396 3490 423 3544 6
469 3489 872 3564 χαρτουλάριος
925 3492 1022 3542 τοῦ
1088 3487 1416 3562 βεστιαρίου,
1458 3489 1485 3541 6
1535 3489 1862 3560 πρωτοασή-

217 3599 418 3653 κρητις,
461 3580 488 3632 6
527 3583 623 3632 105
660 3575 938 3647 εἷόικοῦ,ὁ
966 3576 1128 3650 μέγας
1167 3578 1472 3648 κουρά-τωρ,
1515 3577 1542 3629 6
1581 3581 1687 3630 τῶν
1731 3597 1861 3652 μαγ-

217 3667 399 3740 γάνων,
440 3667 467 3719 6
507 3665 932 3742 ὀρφανοτρὸφος.
997 3667 1064 3720 Αἱ
1124 3662 1181 3718 δὲ
1235 3663 1310 3727 εἷς
1367 3661 1716 3738 δημοκράτας
1759 3664 1861 3719 εἰσὶ

220 3757 306 3818 τὸν
361 3755 585 3827 ἀριθμὸν
647 3751 766 3818 δύο,
826 3755 940 3806 οἷον
987 3753 1014 3806 6
1071 3749 1362 3826 δήμαρχος
1414 3753 1650 3807 Βενέτων
1707 3753 1798 3806 καὶ
1834 3754 1862 3807 6

1977 1896 2328 1968 drungarius
2360 1896 2603 1962 numeri,
2653 1895 3014 1952 domesticus
3061 1896 3461 1954 bicanatorum
3513 1916 3623 1956 nu-

1978 1999 2293 2050 merorum,
2318 1984 2693 2056 optimatum,
2717 1985 3120 2052 castellorum;
3146 1987 3247 2058 qui
3272 2003 3475 2043 omnes
3499 1988 3626 2043 οῖδ-

1979 2073 2154 2128 ciales
2183 2073 2569 2144 appellantur.
2603 2073 2972 2144 Adjudicum
3023 2091 3121 2131 seu
3174 2092 3478 2146 procerum
3509 2075 3627 2146 juri

1979 2162 2236 2217 dicundo
2293 2162 2699 2233 deputatorum
2751 2178 3060 2218 numerum
3133 2164 3423 2234 pertinent
3479 2170 3620 2229 tres,

1981 2251 2280 2321 pmfectus
2312 2249 2496 2320 urbis,
2559 2255 2812 2320 quaestor
2841 2255 2897 2310 et
2931 2252 3210 2323 magister
3239 2252 3625 2324 supplicatio-

1981 2355 2144 2394 num.
2177 2339 2596 2394 Secreticorum
2627 2354 2727 2394 seu
2761 2355 2986 2407 eorum,
3019 2341 3237 2410 quibus
3266 2343 3498 2397 archiva
3527 2358 3630 2414 ge-

1980 2429 2134 2484 neris
2147 2429 2340 2484 omnis
2363 2443 2516 2483 cum
2537 2428 2957 2496 sunt,classem
2980 2429 3295 2484 conficiunt
3329 2432 3623 2497 undecim,

1980 2515 2340 2586 sacellarius,
2375 2516 2678 2572 rationalis
2699 2517 2990 2588 generalis
3011 2522 3066 2572 et
3089 2519 3378 2588 militaris,
3399 2523 3457 2574 et
3487 2536 3626 2576 cur-

1981 2623 2107 2670 sus,
2149 2604 2542 2661 chartularius
2588 2605 2846 2671 sacellii;
2900 2606 3294 2662 chartularius
3334 2607 3626 2676 vestiarii;

1982 2693 2462 2768 protoasecretis;
2498 2695 2800 2764 praefectus
2831 2694 2910 2750 rei
2944 2697 3178 2765 privatae
3206 2719 3220 2761 ;
3254 2711 3502 2766 magnus
3532 2711 3631 2752 cu-

1984 2789 2180 2852 rator;
2213 2785 2520 2856 praefectus
2549 2799 2974 2854 manganorum
3009 2787 3065 2838 et
3095 2783 3630 2856 orphanotrophus.

1982 2873 2457 2929 Democratarum
2479 2888 2579 2927 seu
2598 2872 3050 2942 magistratuum
3067 2873 3460 2928 factionalium
3483 2873 3626 2930 clas-

1983 2960 2062 3015 sis
2094 2965 2322 3014 tantum
2355 2958 2470 3013 duo
2502 2958 2752 3026 exhibet,
2776 2959 3158 3014 demarchum
3193 2961 3540 3015 Venetorum
3573 2964 3633 3016 et

1983 3047 2365 3103 demarchum
2401 3048 2799 3103 Prasinorum.
2833 3048 2982 3103 415
3019 3047 3100 3100 Ad
3136 3047 3489 3103 stratarchas
3521 3064 3625 3104 seu

1985 3135 2364 3206 magistratus
2389 3133 2670 3188 militares
2692 3134 2994 3189 inferiores
3017 3144 3070 3188 et
3099 3134 3461 3190 collaterales
3491 3151 3629 3206 per-

1979 3225 2166 3278 tinent
2187 3224 2481 3294 quinque:
2509 3222 2756 3277 hetaeriaa
2779 3221 3084 3294 praefectus
3121 3223 3515 3293 :drungarius
3547 3224 3626 3279 rei

1970 3312 2228 3378 navalis;
2266 3311 2568 3366 rationalis
2589 3311 3387 3382 gregum;protospatbarius
3429 3311 3631 3367 basili-

1971 3416 2207 3466 corum;
2241 3415 2432 3454 comes
2463 3399 2698 3455 stabuli.
2731 3399 2964 3470 Septem
2982 3400 3220 3454 tandem
3241 3400 3521 3470 sunt,qui
3553 3400 3624 3455 ad

1972 3488 2257 3560 speciales
2289 3487 2582 3543 solitarias
2603 3503 2754 3543 seua
2783 3488 2904 3543 viro
2937 3504 3075 3556 uno,
3110 3505 3224 3544 non
3240 3488 3623 3560 pluribusge-

1971 3579 2186 3634 rendas
2219 3577 2537 3648 dignitates
2559 3581 2824 3646 spectant
2857 3595 2869 3630 :
2924 3576 3316 3648 basileopator
3358 3584 3588 3646 ;rector
3616 3597 3630 3647 ς

1975 3665 2299 3737 syncellus;
2335 3663 2734 3720 chartularius
2750 3664 2988 3720 caniclei
3016 3670 3427 3736 ;protostrator
3450 3665 3634 3736 ;ceri-

1975 3756 2278 3809 monarius
2313 3774 2326 3821 ;
2365 3755 2724 3809 domesticus
2755 3755 3167 3822 imperialium.

224 3847 467 3921 ρήμαχος
518 3843 822 3917 Πρασίνων.
876 3843 943 3895 Αἱ
995 3838 1051 3894 δὲ
1101 3841 1176 3901 εἱς
1232 3843 1578 3914 στρατάρχας
1627 3840 1729 3894 εἱσί
1775 3842 1863 3894 καὶ
1913 3841 2071 3895 αὗται
2122 3841 2214 3893 τὸν
2266 3840 2497 3912 ἀριθμὸν
2548 3842 2605 3908 ε’,
2653 3843 2771 3893 οἷον
2801 3843 2828 3894 6
2861 3840 3270 3917 ἐταιρειάρχης,
3306 3838 3635 3915 ὁδρουγγά-

227 3954 334 4006 ριος
361 3936 453 3986 105
483 3929 750 4004 πλοΐμου,
797 3931 824 3984 6
871 3928 1172 4002 λογοθέτης
1223 3934 1330 3983 τῶν
1384 3928 1620 4004 ἀγελῶν,
1672 3929 1699 3982 6
1752 3928 2238 4002 πρωτοσπαθάριος
2297 3932 2404 3981 τῶν
2445 3927 2770 4002 βασιλικῶν,
2823 3929 2850 3982 6
2895 3929 3076 4002 κόμης
3130 3928 3225 3981 105
3273 3923 3532 3986 πάὸλου.
3566 3931 3636 3985 Αἱ

229 4019 282 4076 δὶ
325 4021 396 4082 εἷς
441 4018 642 4081 εἰδικὰς
698 4019 864 4092 μόνας
911 4018 1056 4087 ἀξίας
1106 4017 1207 4072 εἶσὶ
1257 4018 1346 4072 καὶ
1402 4018 1558 4072 αὗται
1618 4017 1710 4071 τὸν
1760 4017 1993 4091 ἀριθμὸν
2047 4019 2108 4087 ζ,
2160 4018 2281 4070 οἷον
2331 4016 2358 4068 6
2410 4013 2850 4090 βασιλεοπάτωρ,
2903 4017 2930 4070 6
2989 4015 3248 4091 ῥαίκτωρ,
3314 4017 3342 4070 6
3407 4015 3638 4090 σύγκελ-

230 4108 338 4179 λος,
403 4112 430 4164 6
498 4107 901 4186 χαρτουλάριος
965 4111 1062 4162 τοῦ
1126 4106 1461 4175 κανικλείου,
1530 4108 1558 4161 6
1625 4105 2090 4180 πρωτοστράτωρ,
2134 4106 2162 4158 6
2202 4106 2300 4172 τῆς
2358 4106 2760 4172 καταστάσεως,
2823 4105 2851 4158 6
2911 4101 3230 4176 δομὲστικος
3266 4109 3376 4159 τῶν
3418 4103 3635 4178 βασιλι-

233 4203 349 4254 κῶν.

238 4345 303 4398 Ai
341 4341 392 4398 δὲ
428 4341 861 4429 ὑποτεταγμέναι
917 4343 1154 4429 ὲκάῃων
1180 4341 1424 4429 ’τολότων
1480 4341 1649 4429 ἀρχῆςν
1687 4342 1776 4395 καὶ
1822 4343 1873 4396 αἱ

1986 4341 2198 4396 Harum
2227 4341 2528 4412 unicuique
2557 4342 2858 4429 suppositae:
2886 4339 3184 4411 dignitates
3203 4344 3254 4395 et
3282 4339 3644 4411 obsequentes

337 4412 935 4488 συνεπόμεναίάὐταῖς,
982 4415 1115 4470 εἰσὶν
1177 4413 1228 4483 ἐξ
1271 4412 1764 4485 ὀνόματοςαῦται.

305 4522 672 4576 ἰ’ποπὲπτωκε
743 4520 799 4576 δὲ
855 4522 1052 4595 ἑκάστῃ
1131 4519 1342 4574 τούτων
1397 4519 1720 4593 ἀξιωμάτων
1781 4521 1875 4592 ἀρ-

250 4612 317 4683 χῇ
353 4607 460 4679 εἷ’δη
497 4610 818 4682 ἀξιωμάτων
852 4607 1082 4686 διάφορα
1116 4610 1252 4664 κατά
1283 4607 1575 4684 ἀναλογίαν
1607 4609 1693 4662 καὶ
1728 4608 1874 4677 τάξιν

251 4698 329 4752 καὶ
355 4705 442 4763 τῆς
471 4699 696 4754 ἑκάστου
731 4698 1126 4773 προελεύσεως,
1166 4694 1198 4752 ἃ
1237 4697 1327 4752 καὶ
1352 4697 1485 4752 αὐτὰ
1510 4697 1741 4772 ὀφωίκια
1762 4697 1878 4750 ὀνο-

2687 4423 2816 4468 sunt
2835 4413 2936 4469 hz.

2058 4518 2402 4590 Dignitates,
2434 4534 2580 4589 quas
2635 4519 2912 4585 diximus,
2968 4519 3142 4574 etiam
3201 4516 3394 4574 ofﬁcia
3446 4517 3638 4572 solent

1988 4609 2290 4680 appellari,
2323 4609 2684 4680 diversaeque
2716 4614 2850 4663 sunt
2894 4609 3218 4664 secundum
3253 4625 3416 4663 suam
3457 4607 3640 4662 ratio-

1991 4714 2122 4754 nem
2157 4704 2212 4753 et
2268 4698 2530 4752 ordinem
2583 4697 2974 4770 processionis
3033 4698 3522 4768 uniuscujusque,
3582 4697 3641 4752 et

1282 4844 1481 4900 JOAN.
1515 4843 1662 4900 JAC.
1694 4843 1956 4899 REISKII
1987 4842 2582 4898 COMMENTARIUS.

257 5015 594 5078 litactschaus,
630 5017 727 5070 ubi
758 5017 1056 5079 rudentes,
1091 5012 1380 5075 anchorae,
1409 5014 1650 5077 ferrum,
1679 5011 1874 5082 plum-

257 5087 395 5151 bum,
426 5090 538 5153 pix,
567 5087 782 5151 trabes,
811 5091 1106 5141 tormenta
1122 5084 1352 5148 bellica,
1378 5090 1486 5138 etc.
1520 5099 1879 5154 quaecunque

258 5159 582 5214 instruendae
615 5158 746 5212 navi
779 5167 832 5212 et
865 5157 1037 5213 classi
1072 5158 1310 5222 faciunt,
1330 5154 1481 5209 velut
1512 5155 1569 5208 in
1603 5155 1880 5224 apotheca

255 5230 420 5300 jacent
448 5238 501 5283 et
533 5234 937 5292 asservantur;
984 5229 1301 5300 simulque“
1328 5225 1544 5300 fuerint
1573 5225 1879 5300 telonium,

261 5297 341 5355 ubi
363 5300 710 5368 recipiuntur
742 5300 1016 5370 portoria,
1047 5297 1342 5362 vectigalia
1374 5298 1652 5370 mercium
1689 5297 1880 5370 ingre-

265 5367 519 5426 dientium
551 5379 610 5426 et
639 5367 1002 5426 exeuntium.
1039 5370 1329 5424 Curatores
1360 5384 1502 5423 sane
1532 5367 1670 5421 olim
1721 5369 1882 5421 dice-

265 5443 444 5497 bantur
475 5449 797 5504 receptores
832 5443 1244 5512 portoriorum,
1273 5446 1331 5494 et
1363 5439 1472 5512 tale
1508 5439 1789 5500 trtbunal,
1821 5439 1880 5492 in

271 5530 363 5586 quo
381 5514 676 5586 vectigalia
701 5584 715 5586 _
736 5510 1211 5586 recipiebanturk
1231 5510 1514 5586 audiebat
1551 5512 1831 5565 curatoria
1858 5525 1880 5569 ,-

272 5583 582 5641 vid.Murat.
616 5590 660 5639 t.
699 5584 746 5639 ll
785 5590 909 5639 Ant.
945 5585 1072 5640 Ital.
1099 5601 1154 5654 p.
1187 5583 1276 5636 28.

333 5656 421 5725 (54)
434 5658 682 5729 Apparet
702 5656 1023 5721 binc,unde
1038 5651 1352 5710 manaverit
1371 5668 1495 5708 mos
1511 5651 1884 5724 magistratus

1983 5009 2269 5081 militares
2313 5010 2576 5078 o/ﬁciales
2634 5027 2904 5068 sermone
2953 5012 3226 5067 Francico
3276 5006 3630 5081 appellandi.

1989 5079 2281 5157 O_l'_ficiales
2331 5088 2492 5157 sunt,
2552 5086 2648 5151 qui
2709 5085 2860 5157 apud
2934 5083 3260 5157 principem
3307 5078 3396 5157 νει
3455 5078 3638 5157 alium

1989 5153 2273 5225 aliquem_
2304 5149 2582 5225 majorem
2629 5149 3028 5225 magistratum
3079 5149 3142 5208 in
3171 5153 3359 5207 otﬂcio
3384 5157 3542 5225 sunt,
3577 5149 3634 5202 id

1990 5228 2098 5288 est,
2133 5223 2193 5276 in
2226 5221 2528 5294 obsequio,
2549 5221 3410 5294 domestici,apparitores,rqui
3432 5233 3638 5294 exspe-

1991 5300 2152 5348 ctant
2177 5291 2514 5366 mandatum
2558 5298 2686 5366 ejus
2727 5291 3162 5366 aliquo'eundi,
3223 5291 3443 5362 aliquid
3477 5307 3638 5346 exse-

1992 5367 2226 5435 quendi.
2263 5365 2328 5420 Hi
2357 5365 3024 5436 semper’armatierant,
3059 5371 3120 5418 ut
3146 5379 3352 5436 cogere
3411 5369 3644 5432 possent

1990 5453 2110 5501 eos,
2139 5436 2239 5508 qui
2256 5439 2398 5491 forte
2416 5435 2705 5493 mandatis
2728 5438 3006 5508 principis
3021 5435 3317 5508 adversari
3333 5436 3639 5508 auderent.

1994 5508 2179 5563 Gloss.
2215 5507 2310 5563 Gr.
2360 5509 2474 5564 Lat.
2512 5505 2806 5578 ταξεώτής,
2867 5505 3155 5578 apparitor
3211 5508 3520 5578 ofﬁcialis;
3583 5506 3640 5557 et

1994 5583 2076 5704 tau
2100 5579 2377 5704 Cange‘ihs.
2400 5577 2665 5651 v.etqua-
2681 5582 2848 5634 modo
2880 5578 2951 5633 de
2973 5577 3312 5633 domesticis
3339 5577 3627 5639 diximus;

1994 5666 2011 5704 1
2057 5665 2147 5704 em
2182 5667 2236 5704 n.
2382 5691 2394 5704 .

1993 5649 2147 5705 idem
2182 5667 2236 5722 p.
2270 5651 2394 5704 415.
