3972 6214
394 362 562 428 1323

1478 350 2007 414 CONSTANTINI
2052 347 2747 412 PORPHYROGENITI

3696 338 3817 396 1324

398 500 631 558 tutariis
686 497 1036 570 tagmatum,
1081 490 1399 564 legatariis,
1449 488 1807 560 optionihus,
1848 492 2041 559 proto-

2185 485 2425 561 ιαρικίου,
2466 482 2592 553 ἤτοι
2632 487 2727 540 τοῦ
2758 478 3159 555 -ἱπποδρόμου,
3198 473 3566 533 κανδιδὲτοι
3634 472 3825 543 ὃμοὲες,

400 588 765 652 cancellario,
840 582 1305 639 mandatoribus.
1371 579 1735 649 Drungarius
1808 577 2045 633 arithmi

397 680 593 733 decem
644 672 891 729 diversis
931 671 1180 740 imperat
1211 666 1453 722 ofﬁciis:
1490 664 1845 736 topoteretis,
1877 664 2048 718 char-

400 766 631 830 tulario,
667 761 957 824 acolutho,
991 758 1325 821 comitibus,
1348 755 1702 820 centarchis,
1726 753 2043 807 bandiferis

398 855 492 909 vel
538 850 924 909 bannerariis,
951 846 1377 910 labarensibus,
1420 844 1737 913 signiferis,
1781 842 2046 896 ducinia-

400 944 625 1002 toribus
672 941 759 998 vel
808 938 1161 1001 ducenariis,
1210 933 1666 990 mandatorihus.
1723 932 2045 999 Drungario

400 1035 484 1092 rei
518 1032 824 1088 maritimas
856 1028 1053 1083 addita
1084 1028 1222 1079 sunt
1250 1024 1524 1078 inferiora
1554 1025 1776 1091 septem
1812 1020 2004 1075 ofﬁcia
2031 1037 2044 1075 :

401 1126 762 1195 topoteretaa,
805 1114 1214 1179 chartularius,
1252 1110 1751 1183 protomandator,
1782 1111 2045 1178 comites,

401 1214 717 1275 centarcbi,
750 1226 944 1267 comes
976 1207 1243 1273 hetaeriae,
1279 1203 1675 1259 mandatores.
1710 1203 2051 1275 Logotbetes

405 1301 696 1360 dromivel
722 1314 930 1356 cursus
964 1294 1183 1367 publici
1217 1293 1434 1363 pariter
1463 1297 1688 1362 septem
1720 1292 2053 1347 moderatur

404 1393 636 1451 officia:
667 1385 1127 1461 protonotarium
1151 1382 1361 1449 dromi,
1386 1379 1806 1437 cbartularium
1839 1379 2048 1446 dromi,

405 1484 790 1553 episceptetas
823 1493 922 1531 seu
958 1475 1315 1544 inspectores
1362 1472 1597 1541 [nempe
1640 1470 2051 1539 evectionum],

406 1572 770 1642 interpretes,
784 1571 1102 1621 curatorem
1130 1560 1520 1634 apocrisiariei
1545 1559 1668 1630 [seu
1699 1559 2052 1629 legationum

406 1656 786 1727 exterarum],
819 1654 1254 1709 diatrechontas
1298 1666 1397 1703 seu
1431 1648 1770 1702 vernaculos
1802 1655 1859 1702 et
1891 1665 2053 1703 man-

408 1753 659 1805 datores.
703 1744 1209 1814 Protospatharius
1253 1740 1621 1793 basilicorum
1653 1743 1755 1791 aut
1786 1738 2051 1803 ctesaria-

408 1856 617 1895 norum
655 1837 767 1892 sub
799 1851 861 1888 se
894 1833 1065 1886 habet
1112 1830 1303 1884 ofﬁcia
1350 1836 1632 1895 quatuor:
1666 1828 2051 1881 domesticum

407 1929 808 1990 basilicorum,
842 1920 1170 1993 spatharios
1220 1916 1555 1989 spatharicii
1590 1932 1690 1970 seu
1720 1917 1880 1985 circi,
1913 1934 2050 1971 can-

410 2015 635 2071 didatos
682 2007 1021 2082 spatharicii
1061 2013 1117 2061 et
1165 2006 1536 2060 mandatores
1579 2004 1926 2075 imperiales.
1959 2006 2053 2059 Lo-

408 2105 651 2175 gothetae
682 2114 921 2172 gregum
956 2096 1265 2167 suppositas
1296 2098 1432 2149 sunt
1462 2093 1776 2165 dignitates
1815 2094 2052 2149 diversis

410 2194 707 2264 quinque:
745 2186 1174 2261 protonotarius
1204 2184 1388 2251 Asiae;
1423 2183 1851 2250 protonatarius
1884 2183 2055 2255 Phry-

410 2282 553 2355 giae:
590 2282 844 2335 dimcetze
896 2276 980 2330 vel
1029 2274 1351 2345 provisores
1393 2277 1738 2328 metatorum
1767 2297 1782 2339 ;
1814 2274 2054 2329 comites

412 2378 467 2427 et
510 2371 887 2440 inspectores.
922 2364 1247 2420 Domestico
1303 2361 1700 2417 hicanatorum
1748 2363 2057 2432 subjacent

412 2462 642 2516 diversa
704 2472 906 2513 novem
966 2453 1194 2509 ofﬁcia:
1233 2456 1585 2523 topoteretae,
1644 2451 2051 2518 chartularius,

410 2549 675 2614 comites,
725 2543 1225 2617 protomandator,
1258 2539 1579 2606 centarchi,
1612 2540 1917 2608 bandiferi,
1950 2543 2053 2595 du-

413 2637 723 2693 ciniatores
770 2633 857 2687 vel
916 2630 1232 2697 ducenarii,
1283 2629 1603 2697 vexilliferi,
1665 2632 2054 2687 mandatores.

418 2723 742 2781 Domestico
792 2735 1167 2777 numerorum
1220 2718 1521 2786 subjacent
1569 2718 1757 2772 officia
1802 2735 1937 2773 sex:
1971 2726 2055 2775 to-

413 2818 732 2888 poteretaa;
792 2807 1129 2865 chartularii
1190 2806 1408 2859 tribuni
1456 2826 1471 2875 ;
1531 2809 2054 2879 protomandator;

413 2901 663 2968 vicarii;
726 2899 1139 2963 mandatores;
1198 2897 1457 2967 portarii.
1519 2898 1665 2950 417
1729 2896 2057 2953 Domestico

2083 1876 2129 1939 B

2153 576 2242 630 καὶ
2305 573 2581 649 βασιλικοὶ
2643 568 2990 645 μανὸἀτορες.
3023 571 3116 639 Τῷ
3148 565 3207 621 δὲ
3238 566 3555 639 λογοθέτῃ
3593 565 3711 613 tam

2156 662 2271 719 λῶν
2322 662 2680 717 ὑποτέτακται
2730 656 2846 724 εἶδε
2891 656 3240 728 ἀξιωμάτων,
3275 656 3395 709 οἷον
3461 654 3500 706 ὁ
3567 670 3840 724 apta-.5233-

2152 754 2567 828 τάριοςἈσίας,
2617 752 2645 805 ὁ
2711 747 3152 823 πρωτονοτάριος
3202 742 3516 819 Φρυγίας,
3588 738 3837 805 619111;:

2154 850 2262 899 τῶν
2324 846 2603 917 μητάτων,
2648 840 2912 914 κόμητες,
2953 837 3367 903 ἔπισκεπτῆται.
3424 836 3557 903 Τῷ
3600 828 3670 885 δὲ
3704 826 3845 901 ἕψει

2156 935 2323 1006 στίκῳ
2342 938 2449 988 τῶν
2508 931 2771 986 ἱκανάτων
2803 924 3157 984 ὑποτέτακται
3213 923 3334 995 εἴδη
3368 921 3765 993 ἀξιωμάτων
3808 924 3847 974 6⁷.

2157 1027 2270 1081 οἶον
2329 1023 2727 1096 τοποτηρηταὶ,
2769 1017 3198 1099 χαρτουλάριος,
3265 1016 3587 1088 κόμητες,
3667 1032 3854 1085 πρωπ-

2160 1112 2471 1188 μανδάτωρ,
2530 1112 2843 1185 κένταρχοι,
2933 1105 3288 1185 βανδυφόροι,
3378 1102 3857 1174 δουχινιάτορες,

2158 1203 2545 1279 σημειοφόροι,
2581 1196 2928 1273 μανδάτορες.
2984 1200 3074 1263 Τῷ
3106 1192 3162 1250 δὲ
3203 1193 3561 1267 δομεπὶκῳ
3600 1196 3729 1246 τῶν
3758 1211 3857 1243 γει-

2162 1294 2339 1369 μέρων
2373 1290 2729 1347 ὑποτέτακται
2760 1287 2879 1358 εἴδη
2914 1287 3235 1360 ἀξιωμάτων
3277 1282 3355 1357 ἔξ,
3404 1286 3565 1339 οἷον
3628 1303 3861 1349 τοποτψ

2160 1381 2342 1457 ρηταῖ,
2413 1377 2809 1454 χαρτουλάριοι
2896 1371 3199 1449 τριϐοὖνοι,
3299 1370 3857 1448 πρωτομανδέτιες.

2162 1472 2425 1546 βικάριοι,
2477 1468 2828 1541 μανδάτορες,
2878 1465 3163 1540 πορτάριοι
3224 1466 3360 1536 (80).
3426 1468 3548 1534 Τῷ
3614 1460 3686 1516 δὲ
3725 1460 3857 1530 Ξοξ

2159 1560 2329 1632 στίκῳ
2370 1562 2477 1613 τῶν
2535 1557 2853 1627 ὀπτιμάτων
2903 1554 3257 1609 ὑποτέτακται
3320 1549 3451 1621 εἴδη
3497 1552 3853 1624 ἀξιωματὲι

2162 1656 2218 1719 ε’,
2253 1649 2363 1703 οἷον
2428 1646 2827 1719 τοποτηρηταὶ,
2867 1640 3293 1719 χαρτουλάριος,
3346 1642 3677 1713 κόμητες,
3727 1644 3857 1694 κέντ-

2162 1760 2349 1817 αρχοι,
2400 1734 3012 1810 πρωτοκαγκελλάριος.
3073 1735 3168 1802 Τῷ
3245 1728 3302 1785 δὲ
3365 1729 3744 1803 δομεστίκῳ
3770 1734 3855 1782 τὲξι

2160 1831 2388 1903 τειχέων
2423 1826 2782 1882 ὑποτέτακται
2818 1820 2935 1892 εἷ’δη
2962 1822 3283 1895 ἀξιωμάτων
3323 1823 3397 1887 ς’,
3428 1820 3579 1875 οἷον
3620 1840 3857 1881 10:921-

2162 1919 2344 1993 Ρηταὶ,
2386 1914 2785 1991 χαρτουλάριοι
2824 1908 3129 1983 τηιῦοὖνοι,
3162 1908 3743 1985 πρωτομανδάτωέν
3778 1911 3853 1979 ξ’

2161 2012 2364 2083 κάριοι,
2416 2002 3114 2079 μανδάτορες,πορτάριοι.
3164 2003 3260 2072 Τῷ
3312 1999 3376 2055 δὲ
3426 2000 3853 2075 χαρτουὶαρέῳ

2158 2103 2257 2153 τοῦ
2313 2094 2607 2151 σακελλίου
2658 2094 3013 2148 ὑποτέτακται
3064 2089 3184 2159 εἷ’δη
3235 2090 3601 2161 ἀξιωμάτων
3658 2092 3717 2156 ι’,
3762 2089 3851 2141 οἴει

2160 2189 2403 2261 νοτάριοι
2442 2182 2718 2258 βασιλικοὶ
2768 2186 2864 2237 τοῦ
2916 2179 3189 2255 σεκρέτου,
3238 2180 3727 2253 πρωτονοτπὶριοι
3760 2181 3848 2229 τέςιι

2162 2277 2428 2351 θεμάτων,
2468 2272 2771 2348 ξενοδόχοι,
2813 2273 2841 2326 ὁ
2894 2272 3253 2348 ζυγοστάτης,
3302 2270 3636 2343 μετρηταὶ,
3684 2288 3851 2342 γηρο-

2162 2367 2351 2437 κόμοι,
2404 2360 2804 2438 χαρτουλάριοι
2833 2364 2942 2414 τῶν
2982 2357 3147 2413 οἷ’κων
3186 2360 3329 2429 (81),
3386 2355 3841 2431 πρωτοκαγκελ-

2164 2457 2373 2527 Λάριος,
2404 2451 2793 2529 καγκελλάριοι
2822 2450 2912 2503 καὶ
2963 2450 2990 2503 ὁ
3035 2446 3362 2521 δομὲστικος
3395 2454 3505 2515 τῆς
3563 2445 3846 2519 θυμέλης.

2161 2544 2253 2617 Τῷ
2286 2542 2342 2598 δὲ
2370 2540 2765 2618 χαρτουλαρίῳ
2797 2544 2895 2594 τοῦ
2948 2536 3262 2613 βεστιαρίου
3304 2538 3693 2592 ὑποτέτακται
3726 2532 3837 2599 εἷ’ὅζ

2162 2634 2485 2707 ἀξιωμάτων
2524 2634 2577 2703 ι’,
2612 2632 2725 2685 οἷον
2760 2627 3037 2703 βασιλικοὶ
3078 2625 3323 2698 νοτάριοι
3375 2630 3484 2679 τοῦ
3556 2627 3841 2697 cupitae,

2163 2724 2486 2798 κένταρχος,
2547 2720 2898 2797 λεγατάριος,
2937 2716 3125 2792 ἄρχων
3156 2722 3257 2784 τῆς
3328 2722 3635 2791 χαραγῆς,
3688 2713 3843 2783 ἐξαρ-

2162 2813 2351 2879 τιστὴς
2389 2797 2541 2882 (82),
2626 2806 3056 2887 χαρτουλάριος,
3138 2806 3500 2878 κουράτορες,
3601 2797 3839 2877 locari.-

2162 2922 2249 2955 ται
2280 2903 2415 2973 (83),
2465 2894 3012 2973 πρωτομανδάτορες.
3046 2899 3136 2966 Τῷ
3185 2891 3241 2949 δὲ
3291 2893 3717 2968 χαρτουλαρίῳ
3746 2895 3836 2947 τοῦ

1445 2993 1647 3048 JOAN.
1689 2995 1833 3050 JAC.
1879 2996 2142 3054 REISKlI
2182 2996 2771 3057 COMMENTARIUS.

488 3098 597 3171 (80)
636 3097 824 3171 gForte
883 3097 1022 3149 sunt
1058 3106 1366 3171 carcerum
1419 3092 1724 3161 janitores.
1757 3164 1772 3171 _
1796 3092 1922 3148 Vid.
1976 3094 2059 3171 ad
2092 3104 2134 3169 ί]

418 3164 591 3244 ι).’4.’
633 3169 806 3224 Paulo
866 3164 1399 3244 post_tribuuntur
1455 3181 1685 3244 quoque
1737 3164 2058 3244 domestico

421 3236 739 3299 castrorum
792 3236 1065 3308 portarii;
1099 3238 1242 3291 forte
1281 3236 1344 3303 ii,
1375 3237 1586 3302 quibus
1628 3242 1797 3306 portae
1842 3244 2060 3294 castro-

418 3331 549 3370 rum
579 3313 973 3369 custodiendae
1005 3311 1329 3363 commissae
1361 3312 1542 3361 erant.

490 3385 600 3456 (81)
648 3383 950 3456 Possetde
981 3379 1383 3449 imperialibus
1425 3377 1649 3456 palatiis
1690 3380 2062 3456 recreationis

418 3462 475 3512 et
497 3451 922 3518 rusticationis,
956 3456 1013 3504 in
1046 3467 1192 3519 quas
1228 3463 1533 3518 processus
1566 3452 1749 3502 facere
1777 3451 2063 3515 solebant,

418 3532 540 3581 tam
612 3526 873 3587 urbanis,
933 3537 1104 3587 quam
1178 3519 1528 3574 suburbanis
1598 3520 1864 3589 intelligi.
1924 3522 2063 3586 Quia

420 3605 614 3650 tamen
648 3597 759 3648 ista
792 3592 1002 3659 palatia
1034 3606 1135 3645 seu
1173 3590 1381 3659 praedia
1414 3589 1495 3643 sic
1528 3590 1790 3659 absolute
1823 3608 1935 3647 non
1970 3610 2061 3646 so-

421 3666 543 3720 ient
617 3663 669 3716 oi
740 3658 879 3717 οἶκοι
956 3658 1257 3733 appellari,
1329 3661 1445 3733 sed;
1508 3659 1558 3711 οἱ
1638 3658 1913 3732 βασιλικοὶ
1992 3661 2065 3715 οἶ-

419 3757 510 3790 κοι
539 3741 557 3755 “
587 3735 702 3791 vid.
740 3753 793 3804 p,
827 3734 951 3799 423,
986 3731 1141 3787 etde
1171 3731 1505 3804 xenodocho
1538 3737 1595 3786 et
1625 3731 1928 3803 gerocomo
1962 3752 2063 3789 seu

421 3802 750 3878 inapectore
782 3802 1187 3878 hospitalium
1207 3810 1263 3857 et
1294 3802 1564 3878 senilium
1595 3802 1679 3871 (ut
1729 3806 1807 3878 ita
1852 3807 2064 3877 dicam)

422 3874 613 3937 sermo
684 3874 996 3946 praecesSit,
1055 3874 1232 3946 malin
1297 3875 1486 3943 potius
1538 3878 1644 3927 τῶν
1701 3874 1866 3930 οἷ’κων
1923 3874 2068 3933 acci-

425 3969 557 4024 pere
607 3941 705 4024 μιυὸ
751 3952 855 4001 τῶν
905 3946 1106 4019 εὐαγῶν
1159 3941 1319 4024 gem
1376 3946 1645 4024 positum,
1680 3954 1736 4001 et
1774 3952 1922 4004 aedes
1968 3967 2063 4004 ve-

425 4019 712 4079 nerabiles
745 4024 847 4092 (ita
878 4021 1234 4092 monasteria
1287 4019 1726 4092 appellant)hic
1773 4021 2067 4091 designari

424 4096 677 4152 credere.
753 4089 919 4147 Conf.
995 4110 1049 4161 p.
1121 4090 1246 4162 417,
1321 4089 1423 4142 426
1489 4095 1546 4142 et
1614 4091 1732 4144 436.
1808 4089 2067 4162 Agnosco

424 4174 617 4222 tamen
660 4165 807 4219 ultro
839 4167 1179 4233 argumenta
1208 4161 1329 4213 haec
1363 4176 1639 4230 perquam
1675 4161 1888 4233 debilia
1918 4179 2063 4217 esse.

495 4238 608 4309 (82)
640 4238 783 4303 Quis
812 4232 1240 4301 hic’zntegrator
1271 4238 1372 4284 aut
1398 4238 1580 4309 sartor
1611 4232 1697 4287 vel
1729 4238 2071 4309 restaurator

426 4304 525 4374 sit,
560 4304 672 4363 non
705 4311 938 4379 exputo.
974 4304 1598 4379 Degsartorevestium
1650 4306 1904 4379 cogitare
1952 4322 2066 4379 non

426 4381 579 4434 licet.
606 4379 708 4434 Hic
734 4374 888 4434 enim
923 4377 1100 4433 nimis
1131 4374 1389 4434 humilis,
1417 4389 1591 4441 quam
1625 4380 1689 4428 ut
1720 4378 1776 4429 in
1811 4376 2066 4431 ot‘ticium

428 4453 651 4519 regium
732 4450 981 4515 veniat;
1041 4446 1329 4519 et_Grzeci
1391 4442 1607 4519 pain-cm
1678 4447 1763 4501 vel
1840 4445 2065 4514 ἀκεστὴν

428 4515 561 4575 eum
611 4521 926 4590 appellant,
954 4536 1068 4574 non
1120 4515 1455 4588 ἐξαρτιστήν.
1492 4516 1667 4571 Penes
1708 4534 1797 4572 me
1828 4519 2071 4574 dubium

430 4608 543 4646 non
578 4596 690 4655 est,
724 4592 860 4646 huic
890 4592 1080 4645 ofﬁcio
1110 4605 1239 4643 cum
1277 4592 1505 4640 moneta
1540 4592 1829 4652 negotium
1877 4592 2074 4659 t'uisse,

429 4664 527 4718 sed
569 4662 709 4733 quid
758 4664 985 4732 proprie
1028 4662 1223 4729 egerit,
1259 4659 1410 4733 alius
1458 4659 1681 4712 dixerit.
1720 4663 1943 4716 Interea
1976 4679 2073 4716 ne-

429 4751 566 4805 gare
592 4731 798 4805 inolim
860 4734 1120 4800 potuisse
1153 4731 1365 4786 Grazcis
1411 4746 1639 4805 eorum__
1664 4737 1983 4805 temporum
2018 4736 2076 4786 in

429 4798 542 4861 usu
601 4804 801 4869 fuisse,
835 4798 897 4857 ut
950 4810 1228 4856 sartorem
1289 4800 1539 4856 vestium
1603 4798 1915 4871 ἐξαρτιὸτὴν
1975 4821 2077 4871 ap-

430 4822 542 4861 usu
601 4820 801 4869 tuisse,
835 4820 897 4857 ut
950 4820 1228 4856 sartorem
1289 4820 1539 4856 vesnum
1603 4820 1690 4869 εζα
1729 4822 1915 4870 norm
1975 4821 2077 4871 ap-

430 4876 733 4949 pellarent,
768 4890 1008 4949 prorsus
1034 4881 1096 4949 ut
1126 4874 1313 4928 Latini
1370 4880 1662 4949 sartorem.
1696 4820 1840 4929 item
1894 4880 2083 4929 sartor

430 4946 537 5013 est,
571 4949 667 5019 qui
710 4951 935 5019 sartum
986 4946 1144 5010 facit,
1198 4961 1320 5019 non
1363 4946 1776 5019 vestimentum
1826 4951 2078 5009 tantum,

431 5021 529 5077 sed
564 5016 716 5074 aliud
754 5016 1165 5089 quodcunque.
1201 5016 1271 5069 Et
1302 5016 1487 5070 Latini
1523 5018 1697 5071 medii
1731 5033 1959 5088 quoque
1990 5034 2082 5089 pa-

431 5101 674 5147 ratorem
708 5088 1097 5159 appellabant,
1137 5103 1309 5158 quem
1346 5104 1452 5143 nos
1483 5094 1808 5157 sartorem;
1841 5091 1958 5144 vid.
1992 5088 2079 5143 Du

432 5164 623 5232 Gange
651 5178 703 5217 ν.
732 5162 982 5215 Parator.

503 5222 617 5305 (8‘3)
672 5232 916 5289 Perinde
974 5235 1064 5285 est
1108 5229 1211 5305 sic,
1244 5228 1328 5305 vel
1387 5222 1688 5305 Χοοϐαῖται
1744 5232 2000 5305 scribas,
2024 5238 2083 5305 ut

435 5298 780 5376 plerumque
811 5306 958 5360 solet
985 5301 1229 5376 exarari.
1258 5302 1342 5376 ita
1365 5304 1531 5376 estin
1564 5302 1788 5356 Glossis
1815 5320 1827 5357 :
1851 5298 2083 5357 Χοσϐαὶ·

434 5372 533 5449 ira;
584 5374 612 5427 ὁ
659 5372 1023 5449 βέστιαρίτης.
1085 5373 1400 5449 Vestiaritze
1458 5372 1634 5441 igitur
1689 5381 1851 5427 erant
1903 5376 2081 5449 _Chos-

436 5446 604 5501 baitaa
662 5446 903 5514 Omnes;
937 5456 995 5502 at
1028 5463 1137 5500 non
1199 5446 1455 5499 vicissim
1519 5460 1723 5498 omnes
1781 5447 2081 5499 vestiaritae

436 5523 604 5573 erant
648 5516 989 5572 Choshaitaz.
1023 5518 1199 5571 Erant
1230 5522 1423 5570 autem
1469 5515 1526 5569 hi
1577 5532 1702 5571 mea
1734 5520 2019 5571 sententia
2050 5534 2084 5571 a

437 5589 649 5645 calceis
681 5595 735 5641 et
768 5588 1067 5642 tibialibus
1123 5588 1382 5654 Augusti,
1414 5593 1469 5642 et
1501 5589 1585 5643 sic
1638 5589 1772 5641 dicti
1809 5590 1880 5643 ab
1912 5590 2078 5655 hnsz’s,

440 5664 593 5731 quod
643 5658 903 5714 hosarum
951 5659 1106 5728 bayi,
1144 5659 1430 5731 tibialium
1477 5665 1532 5714 et
1575 5676 1870 5715 ocrearum
1920 5659 2083 5731 pueri

436 5730 524 5787 vel
580 5732 728 5787 servi
788 5734 1003 5786 essent.
1038 5730 1197 5792 Quod
1250 5735 1316 5785 ut
1370 5731 1779 5799 demonstrem,
1825 5731 2078 5802 primum

2175 3098 2317 3152 mihi
2376 3097 2446 3153 de
2502 3112 2638 3150 voce
2696 3094 2798 3166 bay
2830 3100 2883 3148 et
2915 3093 3036 3163 bag.
3073 3092 3280 3148 deinde
3324 3091 3394 3147 de
3451 3091 3597 3166 hom
3654 3092 3831 3166 disse-

2174 3169 2417 3225 rendum
2468 3168 2595 3221 erit.
2636 3167 2716 3219 Ad
2769 3164 2940 3231 hanc,
2975 3181 3148 3236 quam
3202 3165 3511 3233 proposui,
3558 3164 3830 3236 etymolo-

2215 3243 2326 3295 iam
2388 3256 2562 3293 manu
2624 3252 2715 3291 me
2774 3238 2940 3291 duxit
2997 3234 3107 3289 vox
3167 3236 3433 3304 Mar-opai,
3491 3234 3828 3304 Har-epam.

2215 3258 2326 3295 tam
2388 3257 2562 3293 manu
2624 3257 2715 3291 me
2774 3257 2940 3291 αυχιι
3005 3257 3105 3289 VOX
3167 3257 3433 3304 marcpaz,
3491 3257 3825 3304 πανσραημς

2171 3257 2475 3382 ᾖανεραιὶε
2505 3315 2584 3382 οι
2642 3310 2965 3382 Marepcgis.
3012 3306 3227 3382 Omnes
3269 3306 3473 3382 _en_im_
3505 3308 3569 3360 hi
3609 3304 3825 3382 diversi

2172 3376 2329 3438 sunt'
2361 3380 2517 3437 modi
2568 3376 3060 3452 pronuntiationis
3090 3384 3145 3432 et
3173 3376 3513 3452 scriptionis
3551 3378 3820 3452 ejusdem

2171 3456 2351 3517 vocis,
2380 3470 2504 3523 qua:
2540 3450 2778 3520 puerum
2811 3466 3115 3521 equorum,
3140 3450 3483 3518 equisonem
3510 3450 3822 3520 signiﬁcat.

2171 3526 2503 3595 Composita
2533 3524 2634 3578 illa
2666 3528 2751 3577 est
2786 3539 2852 3576 ex
2882 3537 3221 3595 vocemare.
3244 3536 3404 3595 equa,
3426 3528 3489 3595 et
3518 3537 3645 3592 pay
3682 3535 3821 3590 puer.

2175 3592 2424 3652 Manavit
2474 3596 2594 3650 hazc
2640 3611 2743 3649 vox
2788 3610 2895 3664 pay
2944 3592 3031 3646 vel
3082 3594 3183 3662 bay
3235 3594 3432 3664 plures
3476 3594 3538 3645 in
3577 3594 3825 3664 linguas.

2174 3669 2345 3737 Angli
2394 3667 2529 3721 inde
2583 3666 2699 3737 boy,
2733 3662 3110 3719 retinuerunt.
3144 3665 3257 3717 Nos
3301 3662 3458 3737 (urbe,
3495 3662 3825 3737 bare,:uods

2176 3735 2514 3793 Francicam
2569 3736 2784 3807 bouﬂon
2838 3745 2889 3790 et
2940 3736 3309 3805 bou/‘onnerie.
3351 3735 3639 3805 Btiberey.
3677 3736 3828 3790 Dein-

2177 3828 2312 3880 ceps
2362 3810 2794 3880 demonstrabo,
2828 3824 2860 3879 y
2888 3813 2944 3862 et
2971 3824 3004 3873 g
3035 3812 3091 3859 et
3121 3810 3227 3880 fet
3256 3822 3303 3859 w
3334 3821 3488 3880 saepe
3520 3809 3689 3861 vices
3724 3821 3825 3875 per-

2178 3876 2403 3936 mutare
2452 3882 2603 3933 inter
2633 3896 2714 3933 se.
2748 3876 2859 3933 Nos
2898 3876 3460 3949 quoqueiGermanii
3488 3893 3702 3933 vocem
3734 3880 3821 3939 bay

2178 3952 2554 4013 rettnuimus,
2588 3957 2644 4006 et
2676 3949 2879 4005 Franci
2925 3948 3096 4019 athe
3138 3948 3260 4002 ltali
3290 3948 3464 4002 medii
3499 3951 3612 4003 aevi
3651 3950 3825 4004 nobis-

2177 4040 2311 4079 cum
2371 4038 2563 4092 pagus.
2620 4038 2807 4092 vagus,
2865 4038 2966 4090 pro
3024 4020 3383 4076 adolescente
3450 4019 3729 4076 formoso
3778 4022 3824 4071 et

2179 4102 2416 4149 strenuo
2449 4092 2812 4158 adhibentes,
2840 4093 2993 4146 unde
3025 4098 3221 4146 natum
3256 4093 3408 4159 pazis
3426 4096 3483 4143 et
3500 4109 3654 4161 page
3675 4114 3693 4158 ς
3717 4092 3818 4143 vid.

2179 4167 2454 4221 Murator.
2509 4167 2642 4219 Ant.
2694 4163 2819 4219 Ital.
2856 4169 2895 4217 t.
2931 4163 3002 4225 Il,
3036 4180 3091 4233 p.
3128 4164 3283 4216 1325.
3323 4166 3644 4218 Germanis
3698 4164 3822 4218 olim

2181 4236 2565 4291 terminabant
2587 4236 2933 4289 diminutiva
2954 4234 3010 4288 in
3038 4235 3298 4304 el,quam
3324 4234 3821 4295 terminationem,

2182 4314 2246 4363 ut
2278 4308 2507 4376 reliqua:
2550 4313 2747 4377 gentes
2788 4306 3143 4361 Germanica:
3194 4321 3339 4373 pene
3390 4304 3829 4363 oblitteret-unt.

2179 4380 2259 4434 ita
2292 4379 2460 4434 Silesi
2491 4386 2563 4445 et,
2592 4379 2639 4430 si
2674 4378 2820 4431 bene
2852 4377 3114 4441 memini,
3152 4377 3442 4431 Austriaci
3474 4383 3588 4430 tam
3630 4380 3833 4431 terunt

2182 4451 2391 4515 adhuc,
2427 4455 2487 4504 ut
2527 4450 2691 4503 nimii
2749 4449 2807 4502 in
2866 4464 2931 4503 eo
2995 4448 3111 4502 sint
3164 4454 3222 4502 et
3277 4449 3471 4503 omnia
3520 4463 3673 4517 pene
3740 4463 3832 4501 vo-

2186 4523 2391 4577 cabula
2423 4522 2479 4575 in
2505 4522 2554 4575 el
2584 4520 2916 4575 terminent.
2946 4520 3273 4590 Supersunt
3301 4525 3493 4574 tamen
3525 4518 3735 4573 adhuc
3764 4524 3832 4572 ta-

2186 4594 2263 4648 lia
2293 4594 2350 4646 in
2386 4598 2580 4646 nostro
2613 4607 2842 4661 quoque
2872 4606 3160 4656 sermone,
3184 4593 3282 4644 sed
3314 4607 3511 4661 pauca,
3539 4596 3605 4643 ut
3624 4591 3831 4645 Schm-

2188 4665 2293 4729 kel,
2319 4663 2539 4725 chkel,
2565 4662 2751 4729 Enkel,
2773 4668 2830 4716 et
2854 4664 3088 4716 nomina
3108 4662 3369 4732 quaedam
3397 4663 3637 4729 propria
3660 4666 3830 4718 Fren-

2183 4736 2267 4790 kel
2296 4740 2351 4789 et
2379 4735 2622 4802 Frenzel,
2654 4733 2996 4799 Franculus,
3039 4733 3346 4801 Schwabcl,
3376 4732 3692 4801 Suevelus,
3730 4742 3825 4789 etc.

2183 4810 2471 4869 Quorsum
2524 4806 2643 4860 haec
2688 4804 2999 4876 spectant?
3030 4804 3150 4859 Huc
3196 4820 3421 4874 nempe.
3458 4809 3500 4858 A
3536 4806 3671 4874 bag,
3703 4819 3831 4876 puer

2184 4879 2268 4931 vel
2329 4877 2658 4936 adolescens,
2691 4876 2961 4931 dicebant
3016 4880 3239 4930 veteres
3298 4876 3473 4946 bagel.
3505 4876 3828 4932 adolescen—

2185 4950 2353 5004 tulus.
2388 4948 2532 5003 Hinc
2581 4947 2893 5017 bagelarius
2923 4956 2973 5003 et
3014 4947 3345 5018 corruptius
3393 4946 3589 5001 adhuc
3640 4948 3829 5002 bacca-

2189 5022 2411 5076 laureus
2460 5035 2560 5086 pro
2609 5020 2813 5089 tirone,
2846 5023 2961 5072 tam
3005 5018 3266 5088 militari,
3300 5033 3472 5089 quam
3522 5018 3829 5077 litterario.

2189 5092 2288 5162 qui
2321 5092 2578 5146 nondum
2637 5088 2805 5144 miles
2836 5097 2935 5162 aut
2968 5089 3249 5160 magister
3278 5088 3489 5162 artium
3521 5095 3631 5143 est.
3667 5090 3827 5145 Conf.

2190 5161 2273 5218 Du
2324 5162 2516 5230 Cange
2564 5178 2617 5214 v.
2662 5161 3085 5215 Baccalaureus.
3140 5161 3465 5232 Baccalaria
3510 5175 3677 5229 vero,
3714 5178 3829 5232 qua

2188 5240 2272 5288 est
2304 5234 2485 5304 predii
2534 5232 2733 5287 rustici
2778 5233 3018 5301 species,
3054 5236 3118 5286 ut
3146 5231 3255 5286 hoc
3286 5231 3454 5304 liceat
3485 5232 3544 5304 in
3580 5231 3829 5287 transitu

2188 5302 2491 5376 attingere,
2528 5310 2617 5359 est
2648 5308 2918 5376 corrupta
2952 5302 3346 5376 pronuntiatio
3383 5302 3536 5357 vocis
3584 5304 3830 5376 bucella—

2186 5378 2296 5437 νέα,
2332 5374 2609 5445 praedium
2656 5375 2830 5430 alicui
2878 5376 2937 5429 in
2990 5374 3272 5430 bucellam
3317 5376 3535 5445 datum,
3571 5375 3739 5430 unde
3770 5375 3836 5429 vi-

2187 5452 2343 5502 ctum
2426 5448 2650 5501 habeat.
2707 5446 2826 5501 Vox
2894 5446 3163 5518 bajularis
3230 5448 3381 5518 apud
3456 5444 3831 5509 Ugutionem.

2187 5520 2285 5587 qui
2349 5519 2600 5583 juvenem
2668 5524 2867 5586 [erlem
2930 5517 3280 5583 signiﬁcare
3322 5520 3422 5587 ait,
3481 5522 3572 5571 est
3631 5520 3833 5573 eadem

2186 5596 2364 5661 atque
2450 5590 2766 5643 bacalarz'us
2822 5588 2909 5645 vel
2981 5590 3386 5644 baccalaureus.
3448 5587 3570 5643 Vox
3640 5596 3833 5645 autem

2186 5662 2420 5733 bayulus
2453 5679 2554 5733 pro
2598 5670 2884 5733 curatore,
2921 5664 3085 5733 unde,
3114 5661 3583 5733 (milli/,natum,
3618 5661 3669 5715 si
3703 5664 3835 5733 quis

2186 5730 2271 5788 ah'
2289 5733 2397 5790 hoc
2431 5730 2531 5803 b‘ay
2562 5737 2617 5787 et
2644 5735 2771 5804 ejus
2803 5730 3161 5787 deminutiva
3192 5732 3349 5803 ὀαῃεὶ
3378 5731 3645 5787 derivare
3675 5730 3834 5799 velit,

3942 3102 3951 3151 Ι

3942 3162 3951 3199 ι
