3972 6214
260 1356 266 1361 ’
355 1348 538 1403 triciis
575 1343 861 1401 eunuchis
902 1344 1053 1398 419
1096 1348 1150 1398 et
1196 1341 1673 1414 protospathariis
1715 1338 2003 1395 eunuchis

349 322 505 382 I333
1425 310 1946 375 CONSTANTINI
1996 302 2685 371 PORPHYROGENITI
3688 299 3797 356 i336

346 458 461 510 Dat
492 448 974 509 consuetudinem
999 447 1325 519 praepositis
1351 461 1624 502 nummos
1645 446 1734 511 36,
1760 445 1914 499 deuti

2240 441 2463 509 ιάζεται.
2497 435 2641 493 Δίόει
2674 437 2959 506 συνήθειαν
3005 440 3123 497 τοῖς
3168 428 3640 510 πραιποσίτοις
3672 452 3713 482 ἲ.
3738 430 3808 497 ὶςχ

349 546 438 614 12,
490 543 539 598 si
587 542 734 597 forte
784 538 897 609 ipsi
948 536 1363 593 indumentum
1422 534 1725 607 imperiale
1782 534 1909 588 trad

2245 531 2460 604 ἰευτέρῳ
2492 551 2537 584 ν.
2568 529 2661 602 ιβ’,
2685 526 2774 582 ἐὰν
2808 525 2908 600 ἄρα
2940 522 3103 580 δώσει
3134 525 3298 581 αὐτὸν
3350 520 3699 598 βασιλικὸς
3723 521 3813 585 ὶξλμ

350 630 676 704 primicerio
707 644 825 683 sex.
861 626 1026 682 Sexta
1066 626 1323 697 dignitas
1372 630 1458 680 est
1500 622 2002 697 protospatbario-

349 740 480 779 rum
532 718 1014 785 eunuchicorum,
1066 719 1235 789 cujus
1284 718 1561 773 brabeum
1612 723 1841 785 torques
1889 731 2001 769 au-

347 827 481 869 reus
540 812 793 883 gemmis
841 813 895 864 et
947 806 1279 879 margaritis
1336 806 1585 874 obsitus,
1647 821 1821 877 quem
1880 802 2004 875 ipse

350 903 665 974 imperator
680 899 803 955 suis
821 898 1093 954 manibus
1116 898 1457 968 impositum
1481 895 1805 952 cervicibus
1828 893 2004 949 hono-

350 990 463 1048 rati
512 988 823 1047 concludit.
873 987 1177 1058 Accipiunt
1224 993 1498 1056 praeterea
1527 989 1583 1040 et
1612 982 1725 1054 ipsi
1774 997 2004 1054 quoque

352 1080 603 1135 tunicam
653 1078 963 1135 candidam
1017 1091 1157 1131 auro
1209 1075 1593 1130 incrustatam
1643 1074 1715 1127 ad
1768 1072 2001 1127 modum

354 1168 620 1235 dibitisii,
653 1172 709 1223 et
752 1166 1013 1237 diploida
1058 1164 1390 1220 coccineam
1432 1180 1562 1218 cum
1614 1161 1812 1217 tabliis
1860 1176 2003 1217 auro

354 1258 661 1314 contextis.
718 1257 823 1311 Dat
880 1253 1363 1309 consuetudinem
1423 1251 1749 1324 praepositis
1797 1256 1854 1305 et
1904 1267 2004 1320 pa-

2113 642 2247 689 τιον,
2280 624 2359 690 τῷ
2391 619 2750 693 πριμικηρίῳ
2772 640 2819 671 ν.
2848 618 2907 678 ς’.
2934 618 3102 687 Ἐκτη
3128 618 3161 685 ἡ
3186 621 3292 671 τῶν
3342 613 3418 668 ἐν
3462 612 3693 671 αὐτοῖς
3722 632 3826 681 τρι.-

2111 708 2494 784 τοσπαϐαρίων
2547 708 2691 781 ἀξία,
2741 710 2806 776 ἦς
2859 702 3134 781 βραϐεῖον,
3185 709 3482 782 χρυσοῦν
3566 723 3807 775 pra-.11:

2112 798 2173 854 ἐκ
2236 799 2405 863 λίθων
2463 797 2665 871 τιμίων
2724 795 2814 851 καὶ
2876 801 3258 873 μαργαριτῶν,
3306 795 3434 851 ἐπὶ
3472 796 3601 848 τοῦ
3636 790 3833 868 αὖχέιες

2114 885 2202 943 διὰ
2248 889 2437 964 χειρὸς
2494 887 2768 961 βασιλέως
2824 884 3287 959 ἐπισυγκλείεται.
3348 884 3595 941 Χιτὼν
3671 879 3730 933 δὲ
3782 902 3831 931 n

2115 975 2296 1037 αὐτοῖς
2344 975 2537 1037 λευκὸς
2589 972 3048 1051 χρυσοκόλλητος
3100 968 3593 1044 διϐητισοειδής
3654 969 3847 1024 7.123,-

2112 1065 2292 1137 πλόης
2322 1067 2575 1127 κόκκινος
2624 1064 2718 1119 σὺν
2769 1059 3020 1127 ταῦλίοις
3064 1063 3612 1142 χρυσοϋφάντοις,
3672 1060 3835 1115 Δίδας

2115 1161 2399 1227 συνήθειαν
2446 1161 2561 1218 τοῖς
2611 1155 2995 1228 πραιποσῖτοις
3059 1155 3148 1209 καὶ
3218 1153 3612 1227 πατρικίοις
3684 1152 3851 1205 5-32-42;-

2114 1264 2240 1320 χοις
2270 1247 2358 1299 καὶ
2390 1245 2904 1321 πρωτοσπαοαρίοις
2955 1242 3244 1319 εὐνούχοις
3276 1266 3324 1300 ν,
3374 1243 3531 1317 οβ’,
3570 1246 3671 1312 τῷ
3701 1241 3853 1295 1:127;

2114 1336 2200 1389 καὶ
2234 1335 2313 1406 τῷ
2347 1333 2582 1408 δευτέρῳ
2614 1356 2661 1388 ν.
2700 1334 2757 1395 ς’.
2790 1329 3035 1406 Ἑϐδόμη
3074 1330 3129 1387 δὲ
3160 1334 3423 1411 πέφυκεν
3474 1334 3524 1399 ἡ
3570 1334 3699 1384 τῶν
3733 1329 3853 1399 λαμ·

2114 1428 2397 1501 προτάτων
2463 1446 2841 1500 πραιποσιτων
2895 1425 3034 1497 ἀξία,
3101 1426 3167 1493 ἧς
3227 1420 3575 1499 βραϐεῖον,
3664 1420 3855 1477 tibi;

2114 1516 2558 1590 πατρικιότητος,
2595 1514 2718 1570 ἄνευ
2758 1514 2853 1587 μὲν
2885 1511 3242 1569 κωδικελλῶν
3277 1512 3377 1568 ἐπὶ
3427 1509 3855 1586 προελεόσεως

2116 1602 2579 1680 χρυσοτρικλίνου
2654 1605 2800 1678 χειρὶ
2873 1602 3145 1677 βασιλέως
3214 1600 3658 1658 ἐπιδίδονται’
3737 1599 3851 1654 δὲξίτ

2117 1698 2425 1766 συνήθειαν,
2495 1694 2540 1750 εἶ
2612 1694 2714 1770 ἄρα
2776 1698 2992 1769 τιμηθῇ
3054 1696 3632 1769 πρωτοσπαθᾶριος
3678 1692 3736 1746 ἑλέ
3794 1696 3849 1744 τῦ

2120 1788 2250 1857 ἅμα,
2285 1786 2339 1843 λ.
2374 1787 2440 1855 α’,
2473 1784 2564 1839 καὶ
2593 1790 2675 1857 τῷ
2710 1782 2947 1859 δευτέρῳ
2987 1785 3118 1843 ὑπὲρ
3165 1790 3274 1839 τῶν
3310 1784 3603 1839 πλαστῶν
3656 1805 3711 1839 ν.
3764 1782 3843 1835 κζ,

2118 1875 2182 1932 Et
2214 1871 2270 1929 δὲ
2298 1875 2389 1930 καὶ
2421 1874 2704 1949 πατρίκιος
2735 1876 2763 1929 6
2798 1874 2962 1937 αὐτὸς
3008 1874 3060 1929 ἐν
3108 1879 3288 1946 ταυτῷ
3319 1875 3626 1947 τιμηθῇ,
3666 1869 3841 1925 δίδως’

2120 1965 2399 2034 συνήθειαν
2446 1964 2521 2027 ὡς
2570 1965 2621 2018 oi
2669 1962 2969 2034 πατρίκιοι.
3016 1960 3220 2037 Ὀγδόη
3269 1965 3307 2031 ἡ
3362 1967 3507 2017 τῶν
3564 1960 3631 2016 ἐν
3672 1962 3841 2015 αὐτοῖς

2118 2052 2418 2126 πατρικίων
2484 2052 2621 2125 ἀξία,
2690 2055 2755 2121 ἧς
2821 2046 3097 2126 βραϐεῖον,
3154 2050 3389 2123 πλάκες,
3442 2052 3715 2125 ὁμοέως
3766 2050 3839 2103 si»

2119 2138 2484 2202 κωδικέλλοις
2544 2141 2621 2202 ὡς
2676 2144 2807 2194 πᾶσι
2862 2146 2981 2201 τοῖς
3037 2142 3353 2211 πατρικίοις
3407 2138 3736 2197 δίδονται.
3781 2139 3838 2190 0νᾷ

2124 2228 2518 2286 διαλλάττουσι
2569 2228 2627 2286 δὲ
2657 2228 2708 2284 ἐν
2736 2235 2855 2291 ταῖς
2889 2230 3067 2284 αὐτῶν
3100 2228 3327 2292 στολαῖς
3362 2237 3480 2299 τῆς
3521 2235 3657 2285 τῶν
3691 2248 3842 2297 πραθ-

2127 2320 2507 2395 τοσπαθαρίων
2563 2318 2879 2399 ἀμφιάσεως
2928 2318 3075 2385 πλὴν
3126 2318 3339 2395 λώροις
3390 2320 3499 2375 καὶ
3560 2320 3767 2392 μόνον,
3797 2317 3835 2371 εἴ

2123 2411 2225 2483 ἄρα
2281 2411 2369 2464 καὶ
2431 2412 2466 2478 ἡ
2528 2413 2634 2464 τῶν
2692 2408 3198 2485 πρωτοσπαθαρίων
3274 2410 3485 2470 αὐτοῖς
3567 2408 3834 2484 ignitus;

2126 2496 2273 2571 δόξα,
2345 2496 2473 2553 οὐδὲ
2538 2497 2848 2553 κωλύονται
2899 2499 2951 2553 οἱ
3000 2498 3361 2572 πραιπόσιτοι
3419 2497 3480 2553 ἐν
3545 2497 3831 2575 ὀφφεχέοις

2127 2586 2468 2661 διαπρέπειν,
2536 2590 2653 2642 οἷον
2723 2589 2784 2642 ἄν
2851 2586 2993 2642 ἐστιν
3060 2586 3337 2663 ὀφφίκιον,
3394 2592 3506 2642 τοῦ
3555 2588 3693 2641 εἶναι
3731 2585 3824 2637 καί

2124 2674 2485 2749 πραιπόσιτος
2554 2676 2643 2731 καὶ
2710 2676 3081 2755 ὁιρφικιάλιος.
3154 2676 3524 2750 Πιρέχουσιν
3589 2674 3649 2729 6‘s
3696 2695 3819 2728 cnv-

2126 2768 2315 2836 ἤθειαν
2349 2768 2400 2820 οἱ
2431 2766 2704 2839 πατρίκιοι
2738 2766 2994 2841 εὐνοῦχοι
3024 2765 3199 2825 καθὼς
3249 2766 3341 2819 καὶ
3401 2768 3457 2820 οἱ
3518 2758 3817 2841 βαρεὰτοι.

2131 2856 2283 2930 Παρὰ
2315 2852 2371 2909 δὲ
2400 2861 2507 2909 τῶν
2539 2856 2615 2917 εἰς
2668 2854 2896 2932 ὀιρφίκια
2942 2849 3429 2927 προϐαλλομένων
3462 2858 3702 2910 πάντων
3734 2852 3813 2906 Ez-

2129 2946 2498 3018 κομιζομένου
2544 2949 2641 2999 τοῦ
2688 2945 3073 3018 πραιποσίτου,
3121 2944 3195 3006 ὡς
3246 2943 3307 2997 ἐκ
3356 2947 3690 3018 προσώπου
3723 2945 3809 2996 τοῦ

371 3036 441 3089 ab
469 3033 745 3089 omnibus
789 3035 859 3089 ad
892 3032 1082 3089 ofﬁcia
1114 3034 1392 3105 promotis
1425 3036 1789 3105 praepositus,
1823 3042 1939 3107 utpi

2244 3032 2429 3103 ιλέως,
2460 3034 2559 3102 τὴν
2589 3034 2878 3107 ἀπόκρισιν
2924 3041 3026 3103 τῆς
3073 3028 3468 3108 προϐλήσεως,
3508 3028 3811 3107 λαμεςὶνίιν

372 3124 860 3196 significationem
931 3125 1309 3193 promotionis
1358 3139 1426 3179 ex
1475 3140 1723 3195 persona
1786 3129 1842 3181 et
1899 3126 1940 3180 lc

2248 3124 2407 3179 αὐτὸν
2439 3125 2798 3197 πραιπόσιτον
2845 3125 2963 3188 καθ’
3004 3121 3228 3179 ’ἑκαστον
3281 3122 3669 3201 δφςρικιάλιον
3702 3143 3808 3175 συν-

370 3188 738 3286 irnperatoris
768 3188 969 3281 edens,
1003 3213 1249 3285 accipiat
1279 3212 1349 3267 ab
1381 3188 1733 3284 unoquoque
1772 3213 1938 3269 otﬁci:

2237 3234 2313 3267 ιαν
2339 3235 2387 3269 ν.
2422 3210 2521 3270 κδ’.
2558 3211 2769 3283 Μηδεὶς
2792 3213 2971 3267 τοίνυν
2995 3208 3374 3286 παραϐαινέτω
3401 3216 3514 3283 τήν
3552 3211 3805 3278 τοιαύτην

348 1438 440 1501 72,
503 1435 685 1506 papiaa
756 1442 809 1489 et
868 1435 1106 1489 deutero
1161 1434 1213 1486 6.
1274 1432 1533 1503 Septima
1598 1431 1854 1502 dignitas
1921 1434 2005 1484 est

350 1525 890 1582 illustrissimorum
906 1524 1375 1595 praepositorum,
1391 1524 1560 1592 cujus
1576 1521 1853 1576 brabeum
1870 1525 2004 1574 sunt

350 1615 564 1671 tabula:
624 1614 990 1687 patriciatus,
1048 1613 1265 1683 absque
1323 1619 1520 1667 tamen
1581 1610 1887 1677 codicillis,
1944 1608 2004 1662 in

354 1708 721 1778 processione
738 1704 794 1757 in
811 1701 1343 1774 chrysotriclinium
1369 1700 1528 1769 regia
1557 1716 1734 1753 manu
1759 1697 2001 1753 traditae.

353 1801 455 1850 Dat
506 1793 1012 1856 consuetudinem,
1049 1790 1096 1845 si
1130 1790 1307 1844 simul
1350 1789 1856 1859 protospatbarius
1906 1787 2005 1840 de-

356 1883 630 1950 claretur,
654 1882 845 1935 litram
882 1894 1057 1933 unam
1080 1882 1137 1932 et
1158 1878 1397 1932 deutero
1420 1894 1520 1949 pro
1543 1877 1760 1931 tabulis
1789 1874 2008 1930 solidos

358 1972 449 2023 24.
513 1970 711 2039 Neque
769 1967 925 2022 enim
990 1983 1107 2021 non
1163 1966 1520 2037 permittitur
1570 1965 1895 2037 praepositis
1949 1965 2008 2019 in

361 2058 571 2114 ofﬁciis
620 2056 893 2112 eminere.
928 2055 1121 2111 Potest
1168 2055 1406 2110 omnino
1457 2056 1803 2126 praepositus
1834 2054 2011 2109 simul

362 2152 534 2204 etiam
570 2146 834 2201 ofﬁcialis
868 2144 1294 2216 qualiscunque
1326 2145 1558 2200 tandem
1606 2160 1757 2199 esse.
1790 2144 1849 2199 Si
1880 2159 2013 2199 vero

362 2236 538 2293 simul
564 2252 797 2308 quoque
821 2233 1103 2306 patricius
1128 2235 1518 2299 renuntietur,
1543 2233 1743 2304 pendit
1766 2238 1926 2288 tantu
1940 2250 2018 2287 m-

363 2328 493 2381 dem
536 2331 711 2397 atque
752 2324 993 2394 patricii.
1028 2323 1238 2378 Octava
1271 2327 1355 2378 est
1398 2323 1797 2394 patriciorum,
1829 2339 2017 2377 eunu-

363 2418 663 2471 chicorum
715 2429 945 2485 nempe,
998 2414 1275 2482 dignitas,
1325 2414 1495 2483 cujus
1546 2414 1824 2467 brabeum
1877 2415 2019 2465 sunt

367 2505 585 2561 tabulae
618 2506 886 2557 eburneae
935 2517 1063 2557 cum
1114 2501 1421 2566 codicillis,
1458 2502 1609 2556 haud
1643 2518 1815 2557 secus
1846 2506 2020 2570 atque

373 2600 515 2648 sunt
542 2593 791 2647 aliorum
827 2591 1203 2662 patriciorum
1246 2591 1644 2645 barbatorum.
1679 2592 1893 2645 Horum
1926 2606 2019 2644 ve-

374 2683 544 2736 stitus
578 2698 610 2735 a
638 2680 851 2734 vestitu
886 2678 1488 2749 prolospathariorum
1523 2695 1636 2733 non
1679 2679 1872 2731 differt
1912 2678 2022 2732 nisi

372 2767 513 2822 loris
570 2771 822 2833 tantum,
868 2767 915 2821 si
969 2766 1142 2820 simul
1200 2767 1370 2820 etiam
1432 2766 2021 2837 protospathariorum

378 2854 725 2927 dignitatem
777 2862 1005 2926 gerunt.
1039 2853 1272 2909 Patricii
1307 2855 1557 2909 eunuchi
1602 2856 1743 2909 dant
1786 2872 2026 2911 consuc-

374 2946 638 3001 tudincm
670 2945 959 3007 eamdem,
984 2960 1161 3014 quam
1192 2943 1436 2999 barbati.
1463 2943 1700 2999 Obtinet
1722 2952 1939 3013 autem,
1962 2952 2025 3000 ut

372 3319 475 3373 pro
507 3303 933 3358 consuetudine
966 3319 1241 3358 nummos
1271 3318 1478 3357 aureos
1505 3304 1711 3375 viginti
1742 3308 2015 3373 quatuor.

368 3392 552 3448 Nemo
600 3393 792 3460 itaque
826 3392 981 3446 hunc
1013 3392 1371 3463 dignitatum
1423 3391 1705 3447 hactenus
1735 3394 2017 3465 exposita-

371 3496 499 3535 rum
532 3481 794 3535 ordinem
826 3484 1001 3550 atque
1032 3480 1508 3534 constitutionem
1536 3482 2015 3551 transgrediatur,

371 3568 552 3622 aliove
602 3567 774 3622 modo
807 3584 903 3621 eas
950 3568 1183 3622 ambeat
1213 3573 1271 3622 et
1303 3567 1559 3622 obtineat
1608 3575 1813 3638 praeter
1863 3571 2019 3627 solos

370 3656 635 3723 clericos,
670 3656 768 3727 qui
806 3656 929 3712 solo
963 3658 1153 3712 edicto
1185 3657 1499 3727 dignitates
1532 3660 1845 3730 accipiunt.
1882 3662 2020 3717 Pro-

371 3746 713 3817 tospatharii
780 3747 1037 3816 dignitas
1106 3747 1488 3802 confirmatur
1544 3754 1602 3803 et
1657 3749 2021 3819 signiﬁcatur

372 3836 780 3908 epirrhiptario
812 3852 911 3890 seu
945 3834 1193 3904 cucullo,
1222 3852 1397 3907 quem
1448 3837 1559 3909 ipsi
1604 3840 1761 3903 regia
1808 3858 2020 3897 manus

374 3925 668 3981 concludit
699 3927 820 3994 [seu
853 3926 922 3980 ad
952 3927 1227 3998 jugulum
1261 3926 1588 3998 adlibulat].
1624 3928 1863 3997 Oportet
1891 3948 2022 3987 con-

373 4022 641 4088 gregatas
675 4016 778 4071 has
811 4016 1260 4071 consuetudines
1303 4016 1654 4088 dignitatum
1689 4035 1723 4072 a
1755 4020 1924 4091 papia
1963 4026 2022 4075 et

373 4108 611 4161 deutero
635 4106 955 4173 aequalibus
988 4107 1253 4176 partibus
1274 4107 1452 4161 dividi
1481 4114 1686 4175 praeter
1715 4116 2022 4165 consuetu-

373 4197 538 4251 dines
569 4194 1037 4267 chrysotriclinii,
1070 4212 1213 4265 quas
1240 4196 1443 4265 papias
1467 4196 1573 4251 soli
1598 4196 1707 4251 sibi
1742 4204 2017 4256 reservat.

374 4284 835 4340 Consuetudines
884 4290 1098 4349 autem,
1134 4300 1258 4353 quae
1292 4300 1394 4354 pro
1444 4284 1652 4339 tabulis
1684 4286 1956 4341 eburneis
1988 4302 2022 4343 a

378 4373 693 4443 magistris,
727 4389 759 4427 a
792 4372 1137 4442 primiceriis
1171 4377 1229 4427 et
1267 4388 1299 4425 a
1330 4372 1704 4428 cubiculariis
1754 4376 2021 4445 pendun-

374 4465 491 4526 tur,
523 4460 631 4514 soli
664 4462 875 4516 cedunt
917 4464 1195 4529 deutero;
1232 4466 1401 4531 prout
1445 4464 1744 4534 superiora
1794 4465 2019 4521 docent.

2124 3304 2273 3375 τάξιν
2321 3323 2379 3357 τε
2424 3302 2513 3357 καὶ
2577 3304 2759 3357 στάσιν
2814 3307 2923 3358 τῶν
2983 3301 3339 3375 ἐκτιθεμένων
3371 3300 3799 3374 ἀξιωμάτων,ἦ

2128 3390 2315 3453 ἄλλως
2348 3412 2466 3453 πως
2499 3390 2700 3453 ταύτας
2734 3393 3103 3467 μετερχὲσοω,
3153 3391 3301 3461 πλὴν
3354 3398 3469 3445 τῶν
3512 3392 3799 3467 κληρικὲεν

2126 3482 2215 3535 καὶ
2262 3476 2451 3552 μόνον.
2504 3483 2671 3539 Οὗτοι
2721 3482 2824 3557 γὰρ
2877 3480 3030 3556 λόγῳ
3082 3482 3235 3555 μόνῳ
3285 3476 3673 3557 μετέρχονται
3718 3481 3798 3537 τὶς

2129 3568 2299 3640 ἀξίας.
2336 3570 2397 3627 Ἠ
2432 3566 2489 3625 δὲ
2520 3575 2630 3625 τῶν
2660 3570 3164 3645 πρωτοσπαθαρίων
3215 3571 3334 3641 ἀξία
3371 3569 3467 3626 διὰ
3504 3571 3798 3645 βασιλικῆς

2127 3660 2314 3735 ’χειρὸς
2372 3660 2506 3731 μετὰ
2555 3660 2939 3737 ἐπιριπταρίου
2992 3659 3280 3735 βασιλικοῦ
3329 3660 3794 3738 ἐπισυγκλείεται.

2130 3748 2341 3811 Ταύτας
2385 3745 2440 3803 δὲ
2488 3750 2583 3810 τὰς
2635 3750 3004 3824 συναγομένας
3053 3749 3332 3819 συνηθείας
3384 3750 3501 3804 τῶν
3561 3750 3797 3822 ἀξιωμὶο

2128 3859 2233 3892 των
2285 3838 2429 3913 παρὰ
2477 3842 2575 3892 τοῦ
2623 3838 2829 3893 παπίου
2876 3840 2963 3894 καὶ
3019 3842 3115 3892 τοῦ
3166 3835 3415 3913 δευτέρου
3477 3841 3790 3916 μερίζεσθαι

2128 3927 2313 3987 αὐτοῖς
2362 3926 2445 3980 ἐπ’
2492 3924 2613 3996 ἴσης
2661 3927 2707 3962 ⁸⁷
2757 3929 2880 3982 ἄνευ
2924 3934 3023 3997 τῆς
3067 3926 3349 3996 συνηθείας
3375 3932 3477 3982 τυῦ
3502 3947 3795 4007 χρυσοτρί-

2128 4016 2335 4083 κλίνου,
2368 4017 2452 4069 ’ὁτι
2489 4020 2813 4091 μονομερῶς
2858 4020 2955 4071 τοῦ
3004 4016 3175 4071 παπία
3225 4015 3356 4071 ἐστί.
3404 4021 3530 4073 Τῶν
3566 4016 3631 4073 δὲ
3665 4017 3791 4072 πλα-

2128 4109 2238 4159 κῶν
2290 4106 2377 4159 καὶ
2430 4109 2537 4160 τῶν
2590 4104 2901 4181 μαγίστρων
2946 4106 3036 4159 καὶ
3100 4111 3208 4160 τῶν
3272 4108 3666 4182 πριμικηρίων
3714 4105 3791 4161 καὶ

2128 4198 2235 4249 τῶν
2311 4188 2782 4266 κουϐικουλαρίων
2855 4199 3176 4269 μονομερῶς
3242 4191 3509 4268 λαμϐάνει
3582 4195 3790 4252 αὖτὲὸ

2133 4280 2404 4358 δεύτερος,
2448 4284 2630 4347 καθὼς
2668 4284 2918 4358 ἀνωτέρω
2967 4282 3269 4358 διαγορεύει
3321 4288 3421 4359 (2).
3459 4288 3574 4343 Τοῦ
3619 4285 3680 4342 δὲ
3718 4307 3791 4339 τι·

2135 4372 2262 4445 μὶου
2307 4377 2540 4447 σταυροῦ
2582 4377 2661 4444 τῷ
2711 4372 3012 4447 Αὐγούστῳ
3049 4374 3177 4447 μηνὶ
3209 4372 3483 4449 ἐξέρχεται
3514 4379 3588 4448 (3}
3624 4378 3656 4431 ὁ
3688 4395 3791 4429 πα-

2131 4463 2279 4529 πίας,
2311 4462 2401 4516 καὶ
2452 4462 2505 4517 εἶ’
2546 4484 2599 4517 τι
2647 4461 2706 4517 ἃν
2754 4465 3078 4533 ἐπισυνάξει,
3125 4462 3241 4539 ἔχει
3290 4465 3446 4537 αὐτὰ,
3497 4467 3583 4521 καὶ
3618 4466 3677 4539 ἒξ
3706 4463 3791 4520 αὖ·

378 4549 441 4603 In
476 4549 619 4603 festo
644 4549 1025 4605 Exaltationis
1058 4554 1273 4606 sanctis
1303 4550 1495 4606 crucis
1529 4568 1727 4607 mense
1757 4557 1946 4624 Augus

2223 4572 2240 4603 ν
2274 4547 2495 4604 δίδωσιν
2528 4550 2617 4605 καὶ
2649 4555 2728 4623 τῷ
2760 4548 2994 4627 δευτέρῳ
3045 4552 3209 4626 μέρος
3255 4574 3328 4609 τι.
3363 4553 3431 4608 Ei
3468 4550 3529 4607 δὲ
3562 4552 3633 4608 δι’
3670 4551 3791 4609 ἀδυ-

378 4636 493 4693 exit
514 4637 669 4708 [cum
693 4653 862 4693 cruce
891 4639 1130 4710 obitque
1163 4638 1439 4708 palatium
1464 4645 1519 4695 et
1538 4641 1763 4712 urbem]
1799 4643 2020 4715 papias,

379 4731 437 4785 et
462 4725 749 4797 quidquid
774 4726 1089 4798 collegerit,
1108 4728 1278 4785 habet
1294 4727 1425 4795 sibi,
1442 4734 1601 4801 parte
1618 4734 1811 4786 tamen
1829 4730 2026 4802 aliqua

379 4816 617 4871 deutero
648 4814 901 4871 indulta.
926 4816 985 4870 Si
1007 4832 1140 4872 vero
1164 4821 1267 4873 aut
1292 4818 1512 4875 morbis
1535 4824 1638 4875 aut
1668 4819 1799 4877 aliis
1831 4821 2023 4878 causis

2132 4639 2327 4712 ναμίαν
2377 4638 2483 4694 εἴτε
2530 4641 2684 4694 νόσον
2732 4640 2833 4695 οὐκ
2886 4638 3159 4715 ἐξέρχεται
3192 4641 3219 4695 6
3252 4642 3477 4712 παπίας,
3509 4643 3788 4719 ἒξέρχεται

2135 4730 2163 4783 6
2195 4726 2465 4803 δεύτερος,
2507 4730 2596 4783 καὶ
2635 4728 2686 4783 εἷ’
2725 4750 2778 4783 τι
2832 4728 2890 4783 ἂν
2939 4728 3259 4802 ἐπισυνάξει,
3313 4731 3631 4806 μερίζονται
3666 4734 3789 4790 αὐτὰ

2134 4820 2163 4873 δ
2202 4840 2261 4874 τε
2298 4818 2499 4880 παπίας
2527 4818 2617 4873 καὶ
2659 4820 2686 4873 6
2737 4815 2983 4894 δεύτερος
3030 4818 3081 4891 ἐξ
3132 4820 3274 4891 ἴσης.
3307 4823 3530 4897 Ἐπὲχει
3566 4826 3649 4897 (4)
3685 4822 3789 4879 δὶὸ

1738 4944 1982 5000 νΑιιιίΕ
2023 4944 2434 5001 LECTIONES.

444 5030 487 5067 ⁸⁷
518 5027 744 5107 ἐφίσσης
775 5031 901 5087 cod.
934 5037 987 5087 et
1020 5030 1111 5087 ed.

1367 5148 1570 5208 JOAN.
1610 5150 1754 5207 JAC.
1798 5150 2050 5206 REISKll
2093 5148 2689 5206 COMMENTARIUS.

447 5240 534 5325 (2).
560 5239 774 5325 Nempe
805 5238 832 5291 6
862 5234 1203 5325 διαγρρθεῦωνι
1247 5240 1333 5295 vel
1389 5250 1609 5324 auctor.
1663 5243 1853 5325 Possit
1888 5260 2032 5325 quo-

378 5326 491 5378 que
520 5310 777 5385 ὰνωτὲρω
812 5329 914 5383 pro
942 5310 1295 5385 ἰὰ-ἀνωτέρω
1340 5314 1543 5383 accipi,
1579 5310 2034 5385 quemadmodum

377 5384 667 5449 superiora
688 5385 927 5438 edicunt.

451 5454 527 5522 (3)
579 5454 729 5506 Ante
772 5456 879 5508 hoc
932 5456 1168 5510 verbum
1220 5456 1447 5510 videtur
1478 5455 1551 5509 ob
1585 5454 2030 5511 similitudinem

381 5524 671 5579 excidisse
714 5522 1093 5597 ἐξερχομὲνου.
1130 5528 1293 5582 Conf.
1328 5544 1384 5598 p.
1416 5528 1538 5581 311.
1576 5526 1649 5580 Μ.
1685 5534 1875 5584 tamen
1909 5530 2033 5584 edi-

382 5598 461 5651 tis
496 5598 665 5665 plura
697 5613 811 5651 non
844 5601 1080 5655 habent.

455 5668 531 5743 (4)
582 5667 739 5726 Verti
789 5672 972 5738 curat,
1006 5670 1061 5726 id
1097 5673 1187 5726 est
1216 5669 1390 5727 habet
1438 5669 1862 5743 inspectionem
1910 5676 2031 5729 tam

2151 5241 2479 5308 heminum,
2534 5246 2593 5296 ut
2640 5240 3054 5329 diaetariorum,
3100 5244 3606 5329 candelaptarum,
3657 5254 3785 5313 etc,

2147 5328 2694 5394 quamnrerumnnon
2725 5325 3133 5394 animatarum,
3170 5323 3231 5394 ut
3261 5318 3393 5394 o|_ei._
3426 5335 3542 5389 quo
3581 5336 3787 5394 nempe

2144 5386 2519 5464 illi'ofﬁciun‘.
2563 5385 2799 5465 faciant,
2832 5386 3042 5465 hocne
3073 5389 3240 5465 desit.
3275 5385 3522 5465 Ἐπέχειν
3554 5385 3784 5465 τινιγὲεῐ

2142 5458 2397 5511 eminere
2430 5472 2606 5529 super
2643 5458 2921 5526 aliquem,
2954 5460 3279 5529 imminere,
3310 5458 3642 5529 invigilare,
3682 5464 3783 5521 ba-

2143 5528 2591 5606 ber_e“oculum_
2628 5545 2801 5606 super
2854 5531 3004 5606 ipso,
3046 5532 3352 5606 imperare.
3408 5528 3782 5606 Thucydides

2142 5616 2198 5672 p.
2231 5600 2337 5654 572
2368 5600 3150 5672 navesLacedaamOniorum
3172 5604 3412 5661 navibus
3443 5600 3659 5662 Atticis
3687 5609 3781 5664 in-

2142 5668 2384 5739 stantes,
2425 5668 2585 5743 vigili
2634 5670 2800 5728 oculo
2849 5672 3241 5744 observantes,
3273 5692 3344 5732 ne
3384 5676 3779 5751 elaberentur,

3940 4272 3955 4337 ξ

3936 4382 3945 4433 ι

3938 4504 3951 4613 l
