3972 6214
380 346 533 407 1339
1440 334 1969 399 CONSTANTINI
2016 336 2721 401 PORPHYROGENITI
3690 328 3800 387 me

363 479 735 551 [palatiorum
754 476 917 549 puta]
948 474 1213 539 dietarii,
1241 476 1299 529 et
1327 478 1531 545 gerant
1552 473 1609 529 in
1627 472 2012 546 proccssioni-

2146 492 2223 526 ταν
2276 471 2423 544 μίαν,
2473 472 2565 527 καὶ
2609 473 2702 527 τὸν
2746 468 2991 543 δεύτερον
3034 466 3225 523 πίσσαν
3282 465 3488 539 μίαν.
3551 464 3733 518 Ταῦτα
3772 463 3809 516 ἴε

367 571 479 625 bus
508 567 741 623 tabulas
771 564 1174 638 imperialibus
1209 563 1536 619 mutatoriis
1568 568 1841 629 onustas;
1876 563 2011 618 item

2146 564 2297 616 πάντα
2354 561 2738 639 φυλάττεσθαι,
2799 560 3082 635 τηρεῖσθαί
3154 579 3213 613 τε
3278 556 3397 611 καὶ
3502 554 3819 623 πράττετξε.

365 667 425 715 ut
481 657 881 731 processiones
926 659 1251 725 sequantur
1298 658 1531 709 sutores
1574 652 1905 724 imperiales
1960 656 2017 707 et

2146 652 2540 726 ὶπαρασάλευτα
2598 651 2690 706 καὶ
2741 648 3012 723 διαμένειν
3068 643 3282 723 βέϐαια,
3345 644 3595 708 καθὼς
3630 645 3670 709 ἡ
3707 643 3829 696 :37:-

365 747 789 805 auroclavarios
820 749 874 801 et
904 744 1247 800 aurifabros.
1301 742 1575 798 Ofﬁcium
1609 758 1843 813 quoque
1872 743 2015 797 deu-

2146 734 2229 807 ἶής
2265 740 2354 793 καὶ
2404 736 2586 803 ἔνθεος
2647 735 2898 814 βασιλεία
2954 740 3114 807 ἡμῶν
3172 735 3442 805 ἐξέθετο,
3520 734 3615 794 ὡς
3670 736 3755 785 καὶ
3798 736 3831 799 εξ

366 842 624 893 terorum
658 840 767 904 est,
805 844 861 889 ut
892 833 1127 906 spathas
1150 830 1479 901 imperiales
1510 832 1732 902 vaginis
1766 831 1885 886 suis
1924 848 2015 887 re-

2146 831 2371 905 ἱρχαίων
2402 835 2510 886 τῶν
2556 830 2775 909 χρόνων
2824 829 2971 905 παρᾶ
3009 833 3119 883 τῶν
3159 828 3267 901 πρὸ
3321 829 3543 899 ἡμῶν
3620 819 3835 885 εὗσεξέις

365 927 632 984 conditas
662 928 895 997 gerant,
922 927 978 978 et
1009 940 1040 977 a
1071 921 1318 977 barbaro
1343 920 1471 991 [seu
1508 920 1807 991 capitaneo
1838 920 2016 975 hetae-

2146 919 2569 975 Ξασιλελσάντων
2601 918 2825 980 δικαίως
2866 918 3100 992 ἐξετέθη.

366 1018 486 1088 riae]
520 1018 835 1088 majumam
868 1013 1105 1070 nomine
1136 1011 1576 1083 processionum
1635 1009 1941 1080 accipiant.
2000 1010 2176 1066 Debet
2234 1012 2401 1068 etiam
2433 1013 2634 1085 papias
2686 1012 2911 1084 lignum
2945 1012 3004 1067 in
3036 1010 3380 1083 septimana
3422 1009 3589 1064 vice
3662 1024 3777 1062 una
3807 1024 3844 1062 et

362 1110 632 1164 deuterus
663 1122 892 1177 quoque
913 1104 1034 1159 vice
1067 1102 1478 1173 unaaccipere.
1511 1100 1641 1156 Haec
1686 1101 1879 1156 omnia
1931 1102 2242 1169 custodiri,
2277 1103 2573 1159 observari
2622 1108 2679 1159 et
2737 1103 2933 1175 peragi
2983 1106 3231 1173 oportet,
3296 1117 3543 1173 neque
3605 1100 3843 1154 turbari.

364 1199 463 1254 sed
500 1198 664 1253 ﬁrma
683 1204 741 1251 et
763 1196 1004 1249 immota
1032 1207 1288 1261 manere,
1321 1191 1814 1262 quemadmodum
1848 1190 1942 1262 pia
1973 1195 2029 1247 et
2055 1191 2173 1247 Deo
2205 1192 2375 1264 plena
2417 1194 2696 1265 majestas
2756 1198 2955 1248 nostra
3002 1191 3326 1256 constituit,
3396 1193 3723 1262 itemque
3770 1206 3849 1243 ac-

367 1284 549 1357 tiquis
581 1283 944 1354 temporibus
965 1281 1065 1352 qui
1098 1284 1230 1335 ante
1263 1296 1368 1336 nos
1400 1280 1493 1351 pie
1514 1283 1852 1349 regnarunt,
1889 1295 2003 1351 qua
2044 1296 2149 1351 par
2177 1288 2317 1347 erat,
2351 1282 2716 1338 ordinarunt.

473 1376 546 1431 De
565 1372 929 1446 dignitatibus
948 1444 954 1446 Α
974 1388 1107 1443 quas
1145 1369 1387 1426 eunuchi
1415 1371 1528 1426 solo
1558 1369 1909 1442 imperatori:

2150 1374 2279 1425 Οσαι
2338 1367 2426 1425 διὰ
2486 1368 2777 1446 βασιλικοῦ
2845 1370 3016 1446 λρνγμου
3099 1372 3546 1446 προσγίνονται

867 1444 1041 1500 edicto
1089 1451 1516 1513 consequuntur.

2486 1443 2496 1446 ’
2872 1443 3035 1512 ἀξίαι.

3641 1368 3805 1424 τούξ-ε
3818 1388 3843 1424 1

440 1535 652 1591 Novem
687 1535 919 1607 proprie
950 1539 1008 1589 et
1037 1534 1232 1588 stricte
1280 1536 1421 1587 sunt
1460 1530 1606 1587 tales
1663 1531 2011 1603 dignitates:

2197 1532 2265 1588 Al
2297 1528 2353 1586 δὲ
2387 1530 2543 1606 λόγῳ
2592 1531 3015 1606 προσγινόμεναι
3064 1533 3284 1595 τούτοις
3334 1533 3531 1601 ἀξίαι
3606 1529 3725 1584 εἰσὶ
3774 1530 3841 1582 7.23

367 1625 586 1680 domini
648 1639 1192 1695 paracoemomenus
1240 1638 1341 1677 seu
1400 1621 1743 1685 accubitor;
1789 1618 2012 1675 domini

2146 1621 2279 1674 ιῦται
2334 1621 2429 1675 τὸν
2486 1621 2719 1694 ἀριθμὸν
2795 1622 2996 1694 κυρίως
3074 1622 3138 1674 θ’⁸
3198 1622 3225 1674 6
3283 1622 3845 1694 παρακοιμώμειιες

366 1713 871 1785 protovestiarius;
908 1712 1210 1782 praefectus
1243 1724 1457 1764 mensa
1504 1708 1725 1763 domini
1760 1726 1774 1775 ;
1811 1708 2014 1778 praefe-

2146 1712 2219 1762 τοῦ
2277 1706 2568 1766 δεσπότου.
2631 1710 2657 1763 ὁ
2717 1705 3214 1785 πρωτοϐεστιάριος
3253 1715 3353 1765 τοῦ
3428 1708 3839 1774 Bandin-1,3

365 1810 493 1858 ctus
526 1818 739 1857 mensaa
762 1797 1401 1871 imperatricis;papias
1420 1796 1823 1867 magnipalatii
1853 1798 2022 1863 ;deu-

2146 1796 2345 1865 ;πὶτῆς
2388 1797 2663 1871 τραπέζης
2701 1802 2797 1853 τοῦ
2848 1795 3133 1865 δεσπότου,
3166 1800 3195 1853 6
3226 1798 3316 1853 ἐπὶ
3362 1806 3497 1869 τῆς
3562 1800 3839 1872 τραπέζης

369 1896 523 1945 terus
581 1890 777 1960 magni
836 1888 1071 1959 palatii;
1139 1887 1415 1957 pincerna
1462 1890 1734 1957 Augusta:
1767 1906 1781 1953 ;
1816 1886 2017 1957 papias

374 1994 707 2048 magnauraa
757 1980 813 2031 et
863 1976 1063 2048 papias
1111 1974 1406 2046 Daphnes.
1458 1979 1709 2030 Possunt
1740 1977 2017 2031 tamenin

370 2066 707 2120 universum
733 2064 1319 2135 eunuchidignitates
1341 2080 1546 2120 omnes
1569 2064 1849 2136 obtinere,
1875 2082 2020 2136 quas

365 2154 616 2221 barbati,
651 2160 859 2224 praeter
883 2154 1117 2225 eparchi
1153 2170 1255 2209 seu
1291 2153 1543 2223 praefecti
1577 2154 1743 2210 urbis
1774 2157 1831 2209 et
1860 2170 2023 2224 quae-

365 2242 539 2300 storis
573 2247 631 2299 et
665 2243 1123 2300 domesticorum
1148 2242 1485 2315 dignitates.

970 2512 1119 2568 421
1150 2513 1334 2583 Caput
1353 2510 1427 2567 Il.

457 2603 567 2658 [las
593 2601 771 2674 igitur
796 2617 1001 2659 omnes
1048 2600 1360 2672 dignitates
1413 2600 1718 2672 utriusque
1774 2600 2024 2670 generis,

380 2695 503 2745 tam
536 2706 597 2745 re
625 2693 681 2745 et
697 2689 1055 2746 solemnibus
1084 2705 1217 2744 cum
1252 2688 1816 2760 czeremoniis,quam
1831 2688 2025 2743 verbis

379 2780 689 2836 attributas
749 2795 879 2835 cum
932 2778 1275 2834 studeamus
1321 2777 1599 2833 distincto
1632 2777 2025 2849 perpicuoque

380 2872 436 2925 et
448 2872 716 2924 accurato
735 2884 1002 2924 sermone
1020 2865 1309 2939 persequi,
1333 2882 1569 2938 aequum
1594 2882 1705 2921 non
1724 2870 2022 2937 putamus,

378 2975 412 3014 ο
436 2960 628 3029 amici,
661 2974 796 3016 cum
829 2957 1006 3012 dictis
1036 2955 1360 3011 tractationi
1382 2955 1555 3010 tinem
1579 2955 1900 3027 imponere,
1924 2956 2026 3012 sed

384 3050 579 3121 potius
613 3064 855 3105 necesse
908 3047 1154 3112 videtur,
1206 3050 1290 3113 ut,
1348 3046 1528 3116 (quod
1574 3046 1820 3101 maxime
1858 3045 2024 3101 nobis

375 3139 776 3211 indagandum
796 3142 853 3192 et
882 3134 1303 3192 declarandum
1335 3139 1479 3204 erat,
1512 3139 1569 3191 et
1619 3152 1720 3190 vos
1752 3152 1786 3190 a
1815 3151 1909 3191 me
1931 3153 2024 3191 ro-

376 3227 603 3301 gastis),
638 3228 867 3299 plenam
892 3225 1167 3281 omnibus
1200 3226 1455 3281 numeris
1487 3224 1896 3295 perbibeamus
1926 3241 2021 3280 ex-

376 3318 728 3388 positionem
743 3318 811 3371 de
832 3314 1314 3386 praesessionibus
1328 3318 1383 3369 et
1408 3314 1808 3384 praecedentiis
1823 3315 2026 3369 harum

378 3407 757 3475 dignitatum.
794 3404 1104 3476 Propterea
1126 3403 1423 3473 repetituri
1456 3407 1739 3473 tanquam
1767 3402 1824 3457 in
1868 3419 2029 3457 reca-

380 3496 728 3567 pitulatione
752 3494 875 3562 jam
891 3493 1174 3546 dicturum
1194 3492 1547 3562 dignitatum
1566 3492 1825 3557 nomina,
1860 3492 2027 3546 dabi-

380 3598 511 3636 mus
543 3598 696 3635 nunc
727 3595 986 3650 operam,
1017 3580 1380 3650 utcujusque
1397 3579 1661 3634 ordinem
1683 3584 1739 3634 et
1769 3580 2028 3651 appella-

380 3669 593 3724 tionem
613 3672 670 3723 et
708 3666 1002 3739 prepriam
1052 3667 1247 3721 sedem
1300 3665 1601 3738 perspicue
1659 3668 2025 3741 breviterque

384 3763 665 3828 tanquam
695 3755 755 3811 in
787 3770 1009 3812 canone
1039 3756 1289 3826 quodam
1322 3761 1425 3811 aut
1453 3754 1732 3812 laterculo
1765 3758 2027 3815 declare.-

381 3865 537 3904 mus.
569 3847 803 3920 Oportet
835 3846 989 3903 enim
1022 3845 1385 3915 artoclinam,
1408 3847 1571 3917 cujus
1592 3856 1677 3903 est
1709 3849 2027 3921 dignitates

380 3939 452 3995 ad
486 3953 710 3993 sacram
733 3952 997 3992 mensam
1021 3952 1357 3992 assessuras
1389 3936 1540 3992 intro
1572 3955 1798 4008 vocare,
1830 3955 2028 3997 omnes

378 4046 476 4086 eas
508 4029 686 4102 probe
724 4045 918 4096 nosse,
950 4044 1370 4100 sacrorumque
1410 4026 1801 4100 imperialium
1831 4032 2025 4088 convi-

377 4119 602 4175 viorum
633 4116 1009 4175 caremonias
1048 4122 1104 4173 et
1154 4118 1534 4173 directionem
1582 4118 1817 4188 gemino
1858 4120 2027 4176 modo

2128 1892 2228 1955 τῆς
2262 1886 2608 1960 Αὐγούστης.
2644 1889 2671 1942 ὁ
2703 1889 2908 1949 παπίας
2960 1893 3056 1943 τοῦ
3109 1890 3357 1961 μεγάλου
3412 1888 3779 1955 παλπτέου,
3820 1888 3838 1937 ὁ

2131 1972 2379 2049 δεύτερος
2440 1981 2538 2030 τοῦ
2598 1976 2843 2054 μεγάλου
2888 1977 3177 2042 παλατίου,
3230 1979 3257 2031 6
3316 1976 3710 2054 ἐπιγχὲρνης
3757 1979 3835 2029 τοὶ

2133 2061 2419 2136 δεσπότου,
2453 2066 2482 2119 ὁ
2522 2067 2816 2140 πιγκὲρνης
2864 2073 2962 2136 τῆς
3011 2065 3347 2142 Αὐγούστης,
3382 2068 3411 2120 6
3456 2069 3714 2126 παπίας
3755 2072 3836 2131 τῆς

2135 2154 2466 2228 μανναύρας,
2502 2156 2529 2208 6
2560 2154 2761 2216 παπίας
2810 2162 2911 2225 τῆς
2955 2156 3189 2232 Δάφνης.
3226 2154 3376 2209 ἀλλὰ
3438 2158 3587 2229 μὴν
3646 2156 3743 2209 καί
3788 2156 3829 2206 αἱ

2133 2241 2299 2298 ἄλλαι
2330 2248 2518 2311 πᾶσαι,
2552 2243 2670 2298 ὅσαι
2714 2245 2806 2299 καὶ
2853 2248 2971 2305 τοῖς
3023 2239 3323 2318 βαρόάτοις
3375 2244 3830 2321 προσγένωνται,

2132 2331 2280 2401 πλὴν
2311 2340 2411 2403 τῆς
2451 2338 2548 2388 τοῦ
2596 2333 2848 2411 ἐπάρχου
2901 2333 2989 2388 καὶ
3033 2335 3344 2407 κυὲστωρος
3392 2335 3499 2389 καὶ
3564 2332 3825 2407 Sages-11'-

2133 2442 2244 2476 κων
2288 2422 2461 2493 ἀξίας·

2815 2514 2999 2585 Τόμος
3041 2515 3103 2569 Β.

2204 2600 2409 2660 Ταύτας
2441 2598 2535 2654 οὖν
2568 2601 2779 2662 ἁπάσας
2807 2601 2905 2663 τὰς
2936 2595 3075 2677 ἔργῳ
3121 2602 3207 2656 καὶ
3266 2600 3431 2678 λόγῳ
3482 2606 3608 2676 (1-1)
3662 2598 3813 2655 διξο-

2140 2690 2299 2762 μὲνας
2373 2689 2528 2758 ἀξίας
2583 2695 2741 2768 σαφεῖ
2796 2692 2886 2744 καὶ
2961 2687 3177 2766 ἀκριϐεῖ
3235 2690 3395 2766 λόγῳ
3456 2697 3810 2766 παραστῆσαι

2135 2776 2559 2850 σπουδᾶσαντες,
2590 2779 2658 2837 οὐ
2693 2776 2903 2834 δίκαιον
2936 2779 3242 2853 ἐκρίναμεν,
3291 2781 3335 2834 ὦ
3392 2782 3594 2857 φίλοι,
3654 2780 3812 2853 μέχρι

2135 2867 2341 2924 τούτων
2367 2872 2708 2922 καταπαῦσαι
2740 2869 2842 2923 ’τὸν
2892 2867 3081 2942 λόγον,
3132 2866 3280 2924 ἀλλᾶ
3332 2872 3459 2940 καὶ,
3505 2872 3541 2925 ὅ
3578 2869 3817 2943 μάλιστα

2140 2960 2264 3032 ὑμῖν
2326 2954 2619 3027 ζητητέον,
2678 2964 2777 3027 τῆς
2836 2958 2959 3032 περὶ
3007 2963 3117 3013 τῶν
3171 2956 3461 3023 καθεδλῶν
3530 2954 3807 3035 ὰκριὼίας

2135 3049 2477 3121 καθάψασθαι
2543 3046 2633 3101 καὶ
2697 3048 2798 3115 τήν
2866 3047 3110 3101 ὑπόθεσιν
3177 3048 3253 3110 εἷς
3312 3048 3511 3124 ,πέρας
3598 3049 3802 3123 ἀγὰγαι,

2135 3137 2274 3191 καθᾶ
2303 3136 2655 3210 ἐξῃτήσασθε.
2711 3137 2806 3190 Καὶ
2870 3137 2974 3212 γὰρ
3030 3137 3198 3191 πάλιν
3252 3137 3328 3199 ὡς
3388 3136 3483 3193 ἐπ’
3534 3137 3801 3209 nivalia-ii.

2133 3232 2254 3287 ταῖς
2323 3225 2635 3299 λεχθείσαις
2701 3225 2932 3287 ἀπάσαις
2992 3226 3335 3300 χρησάμενοι
3393 3229 3507 3297 τήν
3580 3227 3801 3293 ἑκάστης

2138 3315 2287 3384 τάξιν
2332 3313 2422 3368 καὶ
2470 3313 2670 3382 κλῆσιν
2735 3313 2825 3367 καὶ
2886 3313 3088 3369 οἰκείαν
3144 3311 3409 3388 καθέδραν
3477 3314 3795 3391 σαφέστερον
3916 3286 3933 3345 ί

2142 3403 2269 3473 ὑμῖν
2325 3408 2618 3472 κανονῆσαι
2681 3402 3030 3480 ἐπήχθημεν.
3080 3408 3170 3457 Δεῖ
3217 3402 3321 3478 γὰρ
3368 3404 3470 3458 τὸν
3531 3404 3793 3459 καλέοντα

2141 3489 2456 3564 ἄρτικλίνην
2514 3491 2712 3552 ταύτας
2766 3493 2859 3564 μὲν
2910 3493 3116 3555 ἁπάσας
3162 3487 3402 3566 ἀκριϐῶς
3446 3491 3684 3561 εἰδέναι,
3730 3492 3791 3552 ὡς

2141 3576 2365 3657 ἔφαμεν,
2413 3581 2505 3635 καὶ
2554 3581 2655 3648 τὴν
2712 3584 2819 3635 τῶν
2878 3582 3039 3656 ἰερῶν
3098 3581 3395 3657 βασιλικῶν
3457 3584 3787 3656 κλητωρέωε

2140 3670 2462 3725 κατάστασιν
2523 3667 2717 3730 διττῶς
2776 3672 3045 3726 ποιεῖσθαι
3097 3671 3172 3731 εἰς
3229 3672 3529 3744 κόσμησιν,
3588 3674 3679 3728 καί
3723 3674 3786 3740 τῷ

2145 3760 2239 3833 μὲν
2270 3758 2420 3835 λόγῳ
2449 3762 2551 3829 τὴν
2582 3760 2781 3825 κλῆσιν
2820 3768 2923 3829 τῆς
2973 3761 3198 3816 ἑκάστου
3248 3760 3399 3834 ἀξίας
3453 3764 3671 3826 οἰκείας
3718 3760 3789 3816 ὲκ-

2140 3850 2343 3925 φέρειν,
2373 3852 2443 3922 τῇ
2476 3846 2533 3902 δὲ
2582 3845 2728 3918 δεξιᾷ
2784 3850 2929 3924 χειρὶ
2992 3847 3081 3903 διὰ
3127 3854 3225 3904 τοῦ
3273 3851 3577 3925 σχήματος
3639 3870 3788 3925 προσ-

2140 3936 2399 3993 δεικνιίειν
2430 3938 2522 3992 τὸν
2572 3938 2769 4011 ἑκάστῃ
2815 3939 3125 4012 ἁρμόζοντα
3170 3938 3364 4006 τόπον,
3413 3942 3508 3993 καὶ
3555 3944 3659 3996 τὸν
3707 3940 3788 4011 μὲν

2138 4026 2534 4101 πρωτόκλητον
2571 4026 2731 4103 φίλον
2761 4027 2901 4101 πρὸς
2948 4029 3011 4082 τὸ
3061 4028 3342 4101 εὐώνυμον
3388 4034 3784 4102 προτρέπεσθαι

2145 4120 2306 4192 μέρος
2340 4120 2472 4191 (15),
2505 4117 2654 4179 ’ὁπως
2686 4120 2721 4187 ἡ
2756 4124 2856 4187 τῆς
2905 4116 3195 4193 βασιλικῆς
3243 4118 3392 4187 ἀξίας
3440 4123 3559 4193 (l6)
3614 4119 3789 4176 ἐπίδοι

3920 3374 3937 3433 ξι

3918 3450 3933 3487 ι

3926 3740 3939 3815 l

3932 3834 3937 3869 ι

3932 3892 3937 3943 l

1436 4208 1632 4263 JOAN.
1673 4209 1815 4265 JAC.
1862 4208 2119 4266 REISKII
2160 4210 2735 4266 COMMENTARIUS.

383 4300 651 4373 analogia
668 4300 761 4356 hic
774 4300 998 4356 obtinet
1016 4297 1426 4373 vocabulorum
1450 4298 1509 4352 in
1542 4303 1737 4373 nostro
1761 4300 2033 4373 frequen-

381 4370 876 4434 tiumfhicanatus
914 4371 1219 4436 excubitus,
1259 4374 1395 4425 etc..
1431 4386 1535 4441 pro
1568 4370 1837 4441 praefecto
1873 4372 2030 4426 hica-

382 4448 674 4507 natorum,
696 4443 1124 4507 excubitorum,
1156 4442 1438 4497 barbarus
1462 4442 1554 4496 hic
1585 4442 1697 4496 erit
1730 4444 2033 4511 praefectus

384 4514 767 4569 barbarorum
830 4532 926 4569 seu
981 4514 1247 4569 hetaeriae.
1285 4517 1591 4584 Nunquam
1642 4517 1841 4569 tamen
1889 4514 2035 4570 alias

382 4584 443 4639 in
478 4590 677 4657 nostro
708 4586 906 4657 codice
930 4586 1014 4642 sic
1036 4585 1388 4657 appellatur.

456 4655 567 4726 (14)
593 4657 787 4710 Potest
834 4656 956 4712 haec
996 4655 1172 4712 dictio
1230 4655 1563 4726 significare
1610 4660 1667 4711 et
1722 4656 2035 4713 honoratos

384 4730 502 4781 tam
539 4742 634 4795 per
658 4726 959 4799 brabeum,
1010 4744 1124 4797 qua
1164 4743 1322 4782 mero
1376 4728 1549 4783 et‘fato
1606 4728 1783 4799 regio,
1833 4733 1889 4782 et
1932 4729 2035 4783 ho-

384 4803 623 4871 noratos
656 4802 775 4871 tam
806 4799 864 4851 in
898 4798 1190 4871 ipso_actu
1223 4800 1590 4871 constitutos,
1623 4798 1797 4871 quam
1831 4815 2039 4855 vacan-

379 4872 492 4936 tes,
524 4865 873 4952 ἒμπράττους
903 4865 993 4951 καὶ
1024 4867 1352 4952 ᾀπράττους.

382 4964 391 4973 ο
452 4940 818 5012 (lSiSimilis
852 4941 985 5012 huic
1026 4942 1187 5012 locus
1219 4950 1307 5012 est
1334 4958 1390 5010 p.
1413 4944 1505 5011 55,
1528 4942 1626 4997 ubi
1688 4941 1943 4997 dicitur:
1977 4941 2038 4997 Ὀ

379 5009 733 5086 πατριάρχην
762 5010 1043 5080 καθέζεται
1087 5010 1174 5066 ἐπὶ
1236 5009 1462 5067 σελλίου
1493 5009 1570 5083 -ἐξ
1618 5011 1902 5095 ἀριστερᾶς
1939 5015 2039 5066 τοῦ

387 5082 682 5157 βασιλέως.
710 5085 868 5157 Ergo
895 5085 1059 5140 locus
1082 5085 1415 5157 honoratior
1434 5092 1560 5141 erat
1590 5087 1849 5141 sinistra.
1888 5086 2040 5140 Sane

384 5156 577 5213 adhuc
610 5156 785 5212 hodie
815 5164 903 5211 est
924 5158 1072 5225 apud
1098 5156 1750 5224 Turcas.Animadverli,
1786 5158 1865 5212 ait
1896 5157 2036 5211 Bus-

384 5228 612 5301 bekius,
656 5228 825 5301 ρ.18,
857 5226 1004 5301 αρτιιί
1042 5243 1152 5301 eos
1181 5226 1490 5301 digniorem
1520 5228 1711 5301 haberi
1761 5229 1933 5283 locum
1964 5228 2038 5282 si-

381 5298 793 5372 nistrum,'nisi
843 5298 978 5372 quid
997 5298 1153 5354 aliud
1182 5299 1441 5367 obstaret,
1501 5299 1643 5370 quod
1674 5316 1794 5354 eam
1822 5304 2040 5370 partem

378 5368 875 5443 gladiushonestel
905 5378 955 5427 et
982 5372 1078 5443 qui
1134 5372 1203 5425 sil
1228 5373 1287 5424 in
1315 5376 1474 5441 parte
1502 5368 1739 5425 dextera
1772 5368 2039 5441 quodam-

383 5441 540 5497 modo
570 5441 820 5511 gladium
844 5441 1039 5498 habeat
1066 5443 1166 5497 sub
1179 5459 1352 5497 manu
1377 5444 1517 5511 ejus,
1548 5445 1646 5512 qui
1656 5443 1942 5496 sinistrum
1958 5444 2038 5497 la-

384 5520 469 5585 tus
499 5513 728 5578 claudit,
762 5514 858 5569 ille
886 5531 1015 5570 vero
1036 5530 1157 5568 eum
1187 5526 1354 5585 gestet
1378 5515 1614 5569 liberum
1640 5517 1690 5569 et
1706 5515 2040 5584 expeditum.

384 5584 803 5639 Observaverat
834 5601 1065 5655 quoque
1097 5584 1197 5640 cl.
1230 5586 1491 5641 Leicbius
1544 5586 1601 5639 in
1657 5587 2041 5653 Adversariis,

386 5662 685 5713 notaverat
716 5671 746 5711 e
799 5657 1101 5711 memoriis
1168 5657 1519 5714 Trevoltinis
1568 5661 1719 5713 Ann.
1765 5658 1921 5712 1707.
1984 5674 2040 5714 ι).

380 5730 509 5797 822,
555 5727 843 5784 Abbatem
891 5727 1096 5783 Batelli
1159 5728 1217 5783 id
1270 5728 1465 5785 libello
1517 5728 1708 5787 Rome
1751 5732 1820 5786 A.
1883 5727 2041 5800 1705,

2063 4413 2110 4475 Ι)

2141 4301 2297 4356 edito
2364 4301 2435 4355 de
2481 4300 2850 4372 Sareophago
2898 4316 3228 4357 marmoreo
3281 4302 3445 4357 Probi
3493 4304 3689 4357 Anicii
3737 4304 3788 4372 et

2143 4374 2341 4427 Probae
2373 4371 2871 4428 Falconiaa’multa
2895 4373 3223 4441 disputasse
3239 4374 3309 4428 de
3342 4389 3499 4428 more
3528 4374 3582 4427 S.
3626 4371 3788 4427 Pauli

2143 4444 2461 4513 imaginem
2492 4462 2523 4497 a
2556 4445 2756 4498 dextra
2777 4448 2832 4498 et
2861 4444 2920 4498 S.
2945 4444 3093 4499 Petri
3127 4444 3413 4500 asinistra
3442 4443 3785 4511 collocandi,

2137 4520 2193 4571 et
2223 4517 2688 4571 demonstratum
2721 4515 2915 4581 ivisse,
2939 4515 3237 4572 sinistram
3256 4516 3786 4571 fuissehonoratio—

2137 4603 2279 4642 rem.
2316 4591 2435 4659 Non
2469 4593 2658 4641 tamen
2706 4587 2861 4658 apud
2912 4586 3142 4659 Graecos
3196 4602 3426 4659 quoque
3482 4589 3781 4642 sinistram

2139 4658 2316 4714 fuisse
2338 4658 2796 4722 honoratiorem,
2853 4657 3036 4713 evinci
3069 4657 3277 4713 idoneo
3308 4657 3660 4729 argumento
3698 4675 3783 4727 po-

2138 4735 2272 4796 test,
2304 4746 2437 4784 cum
2473 4730 2871 4800 potiusmulta
2886 4730 3440 4800 sint,qua3dexlram
3467 4730 3591 4784 illis
3613 4731 3783 4787 habi-

2140 4809 2251 4856 tam
2279 4801 2453 4856 tuisse
2484 4801 2877 4857 honestiorem
2936 4801 3089 4856 clare
3130 4807 3437 4857 testentur.
3470 4801 3631 4857 Sane
3672 4801 3782 4857 uhi-

2140 4888 2370 4943 cunque
2390 4872 2707 4944 imperator
2735 4888 2866 4927 cum
2902 4873 3227 4945 patriarcha
3246 4873 3602 4945 procederet,
3641 4890 3785 4930 sem-

2139 4961 2239 5015 per
2269 4946 2531 4999 dextram
2583 4945 2924 5015 occupabat.
2986 4944 3146 5000 Inter
3176 4945 3537 5000 conditiones
3579 4948 3785 5013 quibus

2138 5016 2505 5071 Justinianus
2535 5018 2606 5067 Μ.
2644 5015 3113 5087 νΤὺεοὰυὴαῑυιτι
3172 5016 3232 5071 in
3266 5032 3445 5087 regno
3466 5017 3780 5071 Gothorum

2144 5088 2341 5142 Italico
2355 5086 2756 5153 confirmabat,
2780 5091 2923 5156 erat,
2951 5092 3100 5142 teste
3113 5088 3385 5157 Procopio
3406 5105 3459 5156 p.
3486 5087 3611 5155 173,
3627 5089 3776 5153 init,

2140 5166 2198 5213 et
2218 5158 2358 5224 haec,
2394 5166 2454 5213 ut
2486 5158 2865 5213 Theodahato
2906 5174 3209 5229 nunquam
3252 5165 3564 5229 poneretur
3591 5164 3776 5216 statua

2142 5230 2273 5293 soli,
2308 5230 2408 5284 sed
2443 5246 2670 5303 semper
2698 5246 2831 5303 cum
2863 5229 3217 5296 Justiniano,
3257 5234 3314 5303 et
3370 5230 3471 5284 sic.
3519 5238 3587 5284 ut
3638 5232 3773 5303 imp.

2141 5302 2429 5367 dextram,
2451 5301 2577 5371 ipse
2609 5301 2903 5356 sinistram
2937 5306 3177 5356 teneret.
3195 5301 3374 5356 Multa
3389 5301 3774 5371 possenttalia

2142 5373 2411 5454 exempla
2437 5372 2691 5454 congeri.
2725 5374 3034 5454 Sed‘palrco
3064 5375 3121 5427 in
3146 5390 3207 5428 re
3240 5374 3568 5427 manifesta.

2213 5444 2327 5513 (16)
2386 5442 2619 5517 Accipio
2674 5461 2776 5513 pro
2820 5442 3091 5513 ἀξιώσεως
3147 5460 3408 5517 munere,
3479 5461 3598 5516 quo
3654 5446 3777 5517 quis

2142 5515 2387 5569 alterum
2448 5516 2692 5584 dignum
2741 5521 2937 5571 censet
2965 5521 3023 5571 et
3069 5518 3268 5572 donat.
3327 5515 3607 5571 Caeterum
3668 5515 3775 5573 non

2140 5586 2329 5655 video,
2362 5588 2463 5659 qui
2496 5587 2676 5658 possit
2709 5588 2907 5659 discus
2955 5588 3147 5659 epulis
3196 5594 3444 5643 onustus
3496 5589 3570 5643 ad
3630 5589 3774 5643 sini-

2143 5663 2322 5787 striam
2339 5658 2561 5715 sedenti
2583 5658 2950 5715 commodius
2966 5658 3143 5731 quam
3170 5660 3239 5715 ad
3263 5660 3523 5716 dextram
3557 5660 3776 5719 sedenti

2168 5746 2229 5785 ra
2274 5747 2311 5784 ι.

2144 5738 2311 5786 tradi.
