3972 6214
116 384 330 444 1341

1045 381 1144 444 DE
1187 379 1640 446 CERIMONIIS
1686 383 1931 450 AULJE
1971 382 2450 446 ΒΥΖΑΝΤΙΝᾸΞ
2494 381 2642 444 LIB.
2690 383 2770 444 ΙΙ.

3455 378 3609 442 1342

119 537 233 578 σις
307 515 567 589 εὐχερής
605 518 684 585 τῷ
733 512 1121 587 πρωτοκλήτῳ
1168 513 1391 588 γένηται
1434 516 1604 595 φίλῳ,
1659 539 1687 573 τ

2042 518 2407 586 :ere,scilicet
2435 533 2573 573 voce
2603 514 2904 588 dignitatis
2933 515 3148 587 cuique
3177 514 3458 584 singulari
3489 516 3610 572 viro

122 605 248 659 ἀπ’
323 603 512 658 αὐτοῦ
568 599 815 677 δεύτερον
867 601 918 656 ἐν
972 607 1088 664 τοῖς
1140 599 1334 673 δεξιοῖς
1404 603 1850 679 προσκαλεῖσθαι,

123 694 250 749 καὶ
328 692 550 771 λέγειν’
612 717 640 745 ‹‹
680 693 740 750 Ὁ
799 692 1145 771 πατριάρχης
1197 697 1852 767 Κωνσταντινουπόλεως,

131 786 168 838 ὁ
208 787 472 858 καῖσαρ,
507 784 534 837 6
583 777 993 855 νωϐελήσιμος,
1044 783 1071 836 6
1121 782 1570 858 κουροπαλάτης,
1625 787 1652 840 6
1694 787 1850 860 βασι-

137 869 512 945 λεοπάτωρ,
556 873 592 941 ἡ
629 873 805 941 ζωστὴ
858 871 1137 946 πατρικία.
1173 897 1200 924 ››
1249 869 1460 928 stam:
1511 872 1566 929 δὲ
1612 871 1711 946 δεῖ,
1767 873 1852 929 ὅτι

138 962 208 1016 αἱ
280 959 352 1031 ἓξ
423 960 580 1016 αὗται
638 961 798 1033 μόναι
850 960 992 1031 ἀξίαι
1050 960 1101 1016 ἐν
1153 965 1223 1034 τῇ
1280 962 1567 1037 ἀποκοπτῇ
1607 964 1850 1037 τραπὲζῇ

139 1053 580 1105 συνεστιῶνται
627 1055 742 1111 τοῖς
793 1047 1106 1123 βασιλεῦσιν
1152 1051 1288 1122 (17),
1335 1052 1388 1105 αἱ
1437 1049 1493 1106 δὲ
1526 1051 1714 1106 λοιπαὶ
1747 1056 1853 1106 πᾶ-

137 1159 248 1193 σαι
310 1145 429 1208 τῆς
481 1135 730 1213 δευτέρας
780 1139 1089 1215 ὑπάρχουσι
1139 1139 1338 1208 τάξεως
1369 1142 1504 1212 (18),
1544 1143 1658 1194 οἷον
1692 1142 1720 1195 6
1754 1142 1855 1214 μά-

137 1247 434 1302 γιστρος,
469 1228 496 1282 6
531 1228 829 1302 μάγιστρος
857 1229 987 1300 (19).
1039 1226 1102 1283 Εἰ
1149 1225 1205 1282 δὲ.
1254 1248 1339 1291 τις
1365 1228 1571 1284 τούτων
1603 1229 1852 1309 ὁφφίκιον

139 1316 479 1389 τετίμηται
531 1319 667 1388 (20),
722 1317 1072 1390 προκρίνεται
1120 1321 1221 1372 τοῦ
1283 1315 1518 1393 ἑταίρου,
1568 1318 1663 1373 κᾶν
1709 1318 1852 1394 τάχα

141 1404 420 1480 ἔσχατος
541 1404 698 1474 Εἶτα,
721 1406 749 1460 6
777 1405 1038 1481 ῥαίκτωρ,
1073 1406 1100 1460 6
1130 1405 1434 1481 σύγκελλος
1463 1409 1683 1481 Ῥώμης
1715 1410 1851 1481 (21),

143 1494 176 1547 6
217 1491 550 1568 σύγκελλος
608 1495 1260 1558 Κωνσταντινούπόλεως,
1313 1495 1376 1552 Εἰ
1408 1494 1466 1550 δὲ
1496 1496 1586 1550 καὶ
1615 1502 1721 1551 τῶν
1750 1504 1852 1565 τῆς

144 1580 501 1652 Ἀνατολῆς
532 1586 892 1658 πατριαρχῶν
932 1581 1151 1659 τύχοιεν
1193 1586 1239 1620 ⁸⁹
1286 1583 1598 1659 σύγκελλοι,
1632 1585 1853 1666 προκρίς

155 1691 372 1726 νονται
422 1671 631 1727 τούτων
685 1672 821 1726 κατά
863 1672 930 1727 τὰ
974 1670 1089 1727 ἴδια
1138 1673 1315 1727 αὐτῶν
1353 1673 1711 1753 πατριαρχία,
1754 1675 1833 1730 εἴθ

159 1755 370 1822 οὕτως
435 1761 464 1813 6
525 1760 959 1835 ἀρχιεπίσκοπος
1017 1759 1378 1837 Βουλγαρίας,
1437 1764 1714 1839 πατρίκιοι
1762 1765 1854 1819 εὐ-

150 1853 405 1923 νοῦχοι.
441 1850 504 1906 ‘0
537 1847 593 1903 δὲ
640 1847 714 1902 ὢν
766 1847 816 1919 ἐξ
866 1848 1043 1903 αὐτῶν
1101 1847 1152 1902 ἐν
1213 1849 1453 1928 ὀφφικίῳ
1501 1853 1850 1927 προκρίνεται

153 1942 265 1992 τοῦ
312 1937 528 2012 ἑτέρου.
572 1940 634 1996 Ὁ
694 1939 997 2003 ἀνθύπατος
1037 1939 1322 2014 πατρίκιος
1385 1941 1476 1995 καὶ
1542 1943 1845 2019 στρατηγὸς

155 2029 279 2080 τῶν
317 2024 717 2082 Ἀνατολικῶνο
771 2028 799 2082 6
850 2027 1152 2092 ἀνθύπατος
1196 2029 1481 2104 πατρίκιος
1524 2031 1616 2085 καὶ
1679 2029 1843 2105 δομὲ-

162 2135 370 2177 στικος
405 2121 514 2171 τῶν
545 2116 790 2192 σχολῶνο
826 2116 854 2170 6
887 2115 1186 2181 ἀνθύπατος
1217 2118 1502 2193 πατρίκιος
1532 2120 1619 2174 καὶ
1653 2141 1846 2195 στρατ-

161 2204 310 2278 ηγὸς
362 2209 474 2259 τῶν
529 2207 922 2280 ’Δρμενιακῶν·
976 2207 1004 2260 6
1055 2208 1356 2271 ἀνθύπατος
1425 2208 1711 2284 πατρίκιος
1756 2217 1846 2270 καὶ

165 2298 488 2370 στρατηγὸς
542 2301 652 2352 τῶν
717 2299 1064 2372 Θρᾳκησίωνο
1118 2300 1146 2353 6
1192 2298 1494 2363 ἀνθύπατος
1564 2303 1849 2376 πατρίκιος

163 2385 262 2440 καὶ
316 2387 504 2459 κόμης
556 2391 654 2442 τοῦ
705 2387 946 2460 ὀψικίου’
1001 2389 1029 2443 6
1076 2387 1382 2452 ἀνθύπατος
1445 2391 1732 2465 πατρίκιος
1759 2391 1851 2446 καὶ

184 2474 510 2551 στρατηγὸς
566 2479 673 2530 τῶν
725 2473 1168 2550 βουκελλαπίων’
1228 2479 1256 2532 6
1305 2478 1608 2542 ἀνθύπατος
1662 2479 1855 2553 πατρί·

169 2584 298 2627 κιος
346 2565 440 2620 καὶ
491 2566 794 2642 στρατηγὸς
851 2565 1257 2631 Καππαδοκίας·
1317 2569 1345 2622 6
1404 2569 1710 2634 ἀνθύπατος
1751 2591 1856 2626 πα-

1962 607 2207 679 propriaa
2241 605 2686 680 appellationem
2719 603 3180 676 pronuntiare,et
3207 604 3374 660 simul
3408 605 3610 661 dextra

1963 713 2138 752 manu
2172 706 2452 769 gestuque
2501 688 2708 752 decoro
2755 699 2812 750 et
2859 698 3136 749 consueto
3186 698 3606 764 competentem

1962 786 2173 857 cuique
2205 803 2380 842 suum
2406 787 2596 841 locum
2621 783 2924 855 assignare
2950 799 2964 849 ;
2989 781 3363 852 amicumque
3386 783 3607 836 domini

1963 876 2231 946 eum,qui
2264 867 2489 946 primus
2521 875 2935 940 introvocatur,
2953 873 3025 927 ad
3058 871 3354 926 sinistram
3386 869 3610 924 domini

1963 980 2203 1020 manum
2228 963 2556 1035 ablegare,q
2569 979 2640 1018 uo
2664 977 2873 1031 nempe
2895 979 3000 1016 sua
3019 961 3286 1031 majestas
3311 957 3391 1014 illi
3419 958 3607 1030 primo

1963 1057 2160 1108 vocato
2201 1069 2266 1108 eo
2299 1051 2529 1107 facilius
2577 1049 3061 1121 commodiusque
3090 1049 3268 1120 dapes
3315 1049 3607 1120 porrigere

1961 1142 2167 1214 possit.
2225 1142 2492 1199 Secundo
2537 1134 2732 1197 autem
2765 1141 2894 1197 loco
2925 1143 3192 1197 vocatum
3220 1139 3291 1194 ad
3338 1139 3602 1194 dextram

1962 1230 2270 1302 ablegare;
2305 1235 2362 1286 et
2413 1223 2777 1301 proclamare
2825 1229 2932 1285 hoc
2979 1236 3176 1285 tenore
3205 1245 3225 1283 :
3275 1225 3605 1283 Patriarchc

1963 1321 2549 1392 Constantinopoleos;
2583 1319 2804 1386 Cmsar;
2854 1316 3238 1380 Nobilissime;
3271 1316 3608 1388 Curopalata

1961 1411 2377 1481 Basileopator;
2407 1411 2560 1465 Zoste
2606 1410 2864 1480 patricia.
2911 1409 3004 1462 Hae
3036 1422 3243 1478 nempe
3283 1423 3383 1463 sex
3415 1406 3606 1476 digni-

1961 1503 2108 1554 tates
2131 1498 2266 1554 solae
2291 1499 2469 1554 simul
2493 1515 2626 1553 cum
2654 1499 3004 1568 imperatore
3027 1497 3084 1551 in
3107 1513 3305 1552 mensa
3325 1504 3609 1567 apocopta

1961 1603 2059 1645 seu
2093 1588 2320 1660 privata
2341 1592 2396 1643 et
2426 1605 2460 1643 a
2490 1589 2714 1643 caeteris
2735 1591 2998 1658 separata
3014 1584 3605 1656 epulanturJ’telique

1961 1685 2152 1734 autem
2204 1693 2408 1732 omnes
2440 1680 2577 1732 sunt
2626 1675 2871 1732 secundi
2921 1674 3166 1744 ordinis,
3215 1678 3280 1729 ut
3327 1675 3607 1744 magister

1963 1765 2252 1837 [primus],
2287 1765 2564 1838 magister
2593 1763 2932 1835 [secundus]
2964 1771 3018 1819 et
3049 1764 3134 1820 sic
3164 1779 3352 1834 porro.
3389 1765 3604 1820 Horum

1960 1853 2374 1910 honoratorum
2402 1853 2452 1909 si
2501 1855 2635 1924 quis
2683 1852 2875 1908 ofﬁcio
2907 1856 3184 1924 praeterea
3231 1855 3461 1908 mactus
3492 1855 3604 1921 est,

1958 1943 2329 2014 prmhabetur
2359 1943 2525 1999 alteri
2557 1942 2818 2012 ejusdem
2853 1942 3088 2013 quidem
3121 1940 3430 2012 dignitatis
3459 1941 3604 2008 viro,

1955 2033 2052 2087 sed
2085 2031 2276 2087 officio
2307 2047 2488 2098 casso,
2533 2029 2764 2087 etiamsi
2807 2031 2932 2103 ipse
2965 2033 3295 2103 postremus
3327 2045 3430 2086 seu
3480 2043 3608 2100 pro-

1951 2110 2232 2178 motionis
2262 2127 2522 2191 tempore
2553 2120 2996 2176 recentissimus
3022 2121 3120 2175 sit.
3153 2119 3374 2174 Deinde
3405 2116 3606 2175 evoca-

1955 2216 2052 2266 tur
2107 2215 2332 2277 rector;
2365 2209 2658 2282 syncellus
2706 2211 2934 2278 Romae;
2986 2208 3282 2280 syncellus
3330 2206 3602 2263 CPoleos.

1956 2302 2292 2376 Syncelli,si
2326 2302 2426 2375 qui
2454 2303 2688 2372 adsunt,
2713 2301 3173 2374 patriarcharum
3205 2299 3603 2368 orientalium,

1961 2393 2299 2464 praecedunt
2347 2396 2406 2447 et
2436 2397 2767 2463 sequuntur
2813 2392 3035 2460 ordine,
3070 2407 3244 2462 quem
3291 2390 3351 2446 in
3398 2389 3603 2446 ordine

1963 2481 2350 2539 ecclesiastico
2380 2485 2538 2537 tenet
2569 2497 2715 2537 suus
2753 2473 3046 2551 cujusque
3077 2477 3426 2552 patriarcha.
3460 2477 3600 2534 Dein

1965 2570 2436 2642 archiepiscopus
2464 2569 2744 2642 Bulgaria
2769 2587 2784 2637 ;
2807 2562 2932 2626 tum
2957 2568 3183 2640 patricii
3214 2567 3602 2625 eunuchi.Ho-

1528 2670 1773 2726 VARUE
1825 2669 2240 2728 LECTIONES.

250 2763 298 2799 ⁸⁸
328 2763 554 2839 τοίχυεν
588 2765 713 2821 cod.
748 2771 806 2822 et
836 2767 928 2822 ed.

1215 2856 1416 2913 JOAN.
1456 2859 1607 2916 JAC.
1651 2860 1917 2917 REISKII
1956 2858 2547 2916 COMMENTARIUS.

253 2953 370 3022 (t7)
401 2952 593 3029 P_otest
624 2954 695 3009 de
726 2955 948 3029 collega
980 2955 1211 3027 imperii
1252 2957 1456 3027 accipi,
1492 2959 1683 3029 qualis
1713 2964 1839 3015 erat

188 3024 532 3100 Alexander,
566 3025 742 3081 frater
773 3024 1000 3100 Leonis,
1033 3024 1138 3100 sub
1184 3045 1299 3100 quo
1333 3024 1612 3100 regnante
1650 3030 1837 3087 Cleto-

193 3096 482 3166 rologium
515 3097 624 3153 hoc
656 3098 1069 3154 concinnatum
1103 3096 1227 3154 fuit.
1256 3096 1425 3154 Cum'
1455 3105 1645 3156 tamen
1695 3102 1838 3157 alias

182 3166 234 3218 οἱ
303 3165 546 3238 βασιλεῖς
600 3167 720 3223 sint
776 3175 1089 3242 Augustus
1122 3174 1181 3224 et
1234 3173 1516 3242 Augusta,
1576 3178 1632 3227 et
1691 3172 1840 3228 inter

193 3253 410 3294 mensae
441 3248 718 3310 separatas
766 3242 1030 3297 membra
1061 3240 1312 3297 Patricia
1329 3240 1523 3299 _Zoste
1573 3247 1840 3299 nomine-

190 3282 718 3395 gazjaasjsari';
739 3282 1839 3395 strigamassam“;agitati;
1869 3282 1912 3348 α

194 3381 407 3456 femina
454 3386 512 3436 et
559 3387 689 3453 post
722 3381 1069 3456 Augustam,
1108 3381 1320 3456 prima,
1370 3381 1427 3439 et
1476 3381 1719 3456 prorsus
1768 3387 1839 3442 ad

200 3452 449 3528 ofﬁcium
483 3452 734 3524 Augusti
761 3453 942 3528 _nihi1_
969 3452 1236 3522 iaciebat,
1271 3452 1667 3528 dicunturque
1698 3475 1842 3528 prai-

204 3526 377 3600 terea,
424 3527 686 3600 Augusta
717 3525 816 3600 ubi
848 3525 1009 3582 nulla
1040 3531 1225 3600 esset,
1254 3527 1528 3600 celebrari
1569 3525 1713 3584 non'
1739 3545 1842 3600 po-

205 3594 381 3670 tuisse
416 3594 675 3670 convivia
708 3597 799 3651 xix
853 3598 1245 3665 accubituum,
1278 3599 1593 3655 admodum
1629 3594 1844 3670 proba-

211 3665 320 3719 bile
348 3670 453 3740 est,
483 3669 812 3736 Augustum
845 3674 902 3723 et
929 3671 1300 3740 Augustam?
1329 3665 1694 3740 praesedisse,
1728 3688 1840 3740 quo

214 3736 444 3811 accedit,
477 3753 574 3791 sex
624 3743 849 3792 tantum
882 3736 1199 3809 dignitates
1249 3736 1346 3793 hic
1373 3742 1684 3806 recenseri,
1717 3736 1839 3811 quae

211 3806 278 3878 ad
328 3823 582 3862 mensam
643 3806 972 3876 separatam
1017 3811 1505 3878 admitterentur;
1537 3817 1595 3865 et
1641 3806 1841 3868 tamen

216 3877 421 3948 ubique
451 3894 553 3949 per
583 3878 691 3934 hoc
722 3879 1166 3949 Cletorologium
1206 3879 1480 3951 leguntur
1511 3881 1595 3935 illi
1625 3897 1842 3938 mense

215 3957 410 4023 praeter
457 3953 777 4021 Augustum
826 3952 1126 4023 duodecim
1177 3951 1481 4023 assedisse.
1519 3952 1684 4006 Forte
1730 3954 1841 4023 igi-

212 4026 301 4074 tur
327 4021 560 4076 aderant
590 4037 948 4094 summorum
997 4021 1228 4094 illorum
1264 4022 1597 4094 principum
1632 4021 1839 4080 uxores

210 4096 261 4146 et
290 4093 524 4148 maritus
553 4092 814 4148 Patriciae
857 4097 1050 4148 Zostae.
1087 4093 1213 4149 Non
1263 4092 1474 4149 ausim_
1503 4099 1697 4150 tamen
1729 4095 1839 4151 hoc

213 4163 505 4224 afﬁrmare.
563 4164 888 4234 recogitans
946 4181 1245 4220 summum
1301 4169 1404 4221 aut
1470 4165 1681 4221 fastum
1742 4171 1840 4223 aut

216 4235 603 4309 verecundiam
644 4239 1064 4309 Augustarum,
1105 4253 1233 4308 quze
1263 4236 1475 4309 oppido
1524 4254 1652 4292 raro
1704 4254 1835 4309 pro-

215 4307 424 4362 ceribus
480 4324 542 4362 se
596 4312 920 4378 spectatum
981 4307 1217 4364 dabant.
1269 4307 1357 4363 Et‘
1395 4314 1670 4378 praeterea
1705 4307 1835 4365 vnon

217 4393 423 4448 semper
451 4377 692 4433 aderant
724 4377 1208 4448 Basileopatores,
1244 4377 1432 4448 neque
1463 4380 1835 4436 nobilissimi.

275 4449 330 4522 Et
361 4451 511 4522 quod
564 4450 922 4522 praecipuum
955 4456 1062 4516 est,
1097 4453 1368 4522 Augustas
1399 4451 1602 4506 eodem
1639 4453 1831 4508 modo.

217 4523 268 4593 et
291 4520 482 4575 iisdem
530 4520 914 4592 temporibus,
961 4538 1077 4592 quo
1126 4520 1397 4593 Augusti,
1431 4522 1709 4579 conviviis
1742 4540 1834 4579 so-

219 4589 483 4646 lemnibus
540 4589 901 4663 excipiebant
977 4589 1188 4649 uxores
1220 4589 1444 4648 'eorum
1505 4610 1831 4665 procerum,

1948 2959 2133 3031 fuisse
2182 2959 2526 3015 admissam.
2575 2958 2754 3031 Atqui
2798 2963 2992 3015 tamen
3041 2957 3396 3014 contrarium
3428 2958 3599 3015 toties

1950 3030 2226 3099 deinceps
2257 3034 2642 3086 asseveratur.

2017 3101 2130 3174 (19)
2165 3098 2496 3174 Credebam
2530 3101 2840 3174 aliquando
2880 3102 3204 3174 secundum
3237 3099 3264 3152 6
3299 3098 3598 3174 μάγιστρος

1949 3171 2156 3227 vitiose
2187 3173 2452 3227 iteratum
2504 3171 2647 3228 esse.
2682 3172 2845 3243 certe
2877 3188 2932 3243 p.
2966 3173 3090 3237 423,
3139 3177 3369 3243 tantum
3391 3171 3596 3227 'semel

1953 3243 2294 3298 nominatur
2339 3243 2634 3314 magister.
2682 3241 2894 3299 Verum
2941 3248 3128 3314 potest
3181 3242 3456 3297 librarius
3503 3245 3598 3298 de-

1954 3314 2131 3370 fendi.
2180 3319 2324 3370 Nam
2369 3325 2424 3370 et
2454 3313 2616 3368 alibi
2677 3314 2858 3370 nostri
2916 3315 3146 3370 Codicis
3194 3319 3598 3369 memorantur

1953 3387 2064 3441 duo
2097 3385 2385 3456 magistri,
2436 3401 2676 3457 quorum
2711 3402 2865 3440 unus
2922 3386 3158 3457 videtur
3192 3387 3248 3439 in
3285 3391 3443 3456 parte
3487 3389 3601 3440 Au-

1948 3457 2103 3528 gusti
2137 3457 2401 3529 majoris,
2435 3456 2582 3512 alter
2630 3457 2688 3511 in
2741 3461 2905 3529 parte
2955 3456 3217 3529 minoris,
3249 3461 3351 3511 aut
3399 3458 3595 3528 potius

1951 3527 2104 3584 unus
2153 3527 2424 3599 in'parte
2474 3529 2744 3599 Augusti,
2793 3527 2939 3582 alter
2990 3528 3052 3582 in
3109 3531 3272 3599 parte
3319 3527 3594 3599 Augustis

1950 3600 2152 3655 fuisse.
2201 3600 2556 3670 Luitprando
2605 3600 2675 3654 ad
2726 3615 2856 3654 XXIV
2904 3599 3134 3654 diversa
3179 3599 3372 3670 ofﬁcia
3420 3600 3596 3670 primi

1948 3670 2169 3743 ordinis
2218 3669 2363 3726 aula:
2409 3671 2732 3743 Byzantinie
2785 3685 2918 3743 cum
2970 3669 3277 3743 praeposito
3329 3669 3594 3743 magistri

1949 3742 2184 3797 nomine
2202 3741 2524 3797 recensenti
2547 3743 2604 3796 in
2630 3741 2878 3796 Historia
2895 3743 3170 3812 derogare
3194 3742 3365 3795 fidem
3387 3742 3588 3798 nolim.

2022 3813 2190 3866 Forte
2221 3813 2320 3866 illa
2367 3819 2553 3875 astate,
2588 3829 2704 3883 qua
2734 3813 2862 3866 CPli
2913 3813 3008 3865 ille
3036 3817 3161 3866 erat
3211 3814 3399 3880 prima
3421 3813 3587 3883 ivice,

1947 3880 2099 3936 circa
2147 3885 2214 3936 A.
2264 3884 2325 3936 C.
2374 3883 2500 3943 947,
2553 3880 2816 3952 magistri
2869 3897 3077 3937 nomen
3132 3882 3592 3950 prmmittebatur

1950 3952 2245 4022 primariis
2277 3952 2605 4023 quibusque
2635 3952 3036 4021 dignitatibus.
3062 3954 3123 4007 In
3158 3958 3357 4023 nostro
3389 3957 3589 4009 tamen

1949 4021 2144 4078 eodice
2195 4021 2423 4094 semper
2443 4021 2550 4094 hic
2591 4028 2759 4078 tenor
2801 4023 3019 4078 obtinet
3063 4021 3339 4094 patricius
3385 4028 3441 4077 et
3487 4040 3593 4077 an-

1946 4094 2207 4166 thypatus
2245 4093 2341 4149 ille
2372 4093 2458 4150 vel
2491 4093 2608 4166 ille.
2645 4095 2926 4166 Tempore
2974 4099 3108 4164 post
3135 4093 3346 4148 titulus
3380 4094 3590 4166 probe-

1947 4163 2051 4220 dri
2062 4165 2124 4237 in
2158 4181 2327 4221 usum
2376 4163 2660 4233 veniebat,
2690 4163 2993 4235 prohedrus
3021 4169 3072 4220 et
3113 4164 3588 4237 protovcstiarius,

1941 4236 2251 4308 prohedrus
2279 4245 2334 4292 et
2361 4237 2660 4304 canicleus,
2691 4241 2750 4308 et
2779 4237 2864 4291 sic
2895 4251 3086 4306 porro.

2017 4309 2128 4379 (20)
2167 4308 2340 4379 Atqui
2371 4309 2648 4380 magister
2676 4307 3001 4363 officiorum
3053 4323 3168 4362 non
3205 4322 3362 4380 mera
3393 4307 3590 4379 digni-

1946 4386 2054 4450 tas,
2087 4381 2185 4434 sed
2241 4381 2402 4448 ipum
2434 4379 2689 4435 officium
2733 4395 2914 4433 unum
2961 4379 3033 4432 de
3085 4379 3392 4450 pracipuis
3439 4384 3582 4435 erat.

1944 4449 2168 4505 Τούτων
2198 4451 2392 4522 itaque
2442 4468 2553 4505 non
2587 4452 2657 4506 de
2689 4449 3004 4522 magistris,
3037 4451 3129 4522 de_
3153 4449 3370 4520 quibus
3401 4452 3587 4522 proxi-

1945 4537 2036 4576 me
2071 4517 2366 4592 praacessit
2413 4538 2630 4584 sermo,
2662 4523 2760 4576 sed
2790 4517 2884 4576 'de
2938 4523 3058 4580 ταῖς
3115 4517 3336 4580 λοιπαῖς
3379 4517 3584 4590 τ’ἀεεσιν

1942 4594 2504 4675 accipiendumquaa
2535 4593 2808 4675 deinceps
2839 4593 3222 4675 nominantur
3251 4610 3272 4646 :
3304 4599 3369 4648 ut
3401 4595 3585 4664 patri-

220 4676 347 4736 quos
364 4658 686 4736 Augustus-
711 4679 887 4736 penes
938 4680 1000 4736 se
1050 4665 1318 4720 convivas
1365 4658 1624 4734 haberet,
1656 4683 1707 4720 v.
1761 4658 1831 4722 ad
1867 4658 1911 4722 D
1941 4658 2159 4720 cius'in
2197 4658 2792 4729 officio-constitutus,
2827 4663 3056 4719 etiamsi
3107 4679 3305 4720 recens
3332 4658 3581 4736 creatus,

215 4748 264 4808 p.
297 4734 385 4808 1‘72
411 4739 466 4788 et
495 4749 549 4804 p.
583 4734 708 4808 227.
746 4735 936 4790 Etiam
971 4735 1028 4790 in
1071 4736 1332 4792 convivio
1365 4737 1648 4808 principis
1695 4737 1836 4794 Mol-

217 4803 389 4879 devita,
435 4803 550 4876 quo
590 4804 817 4879 clerum
869 4811 926 4863 et
977 4823 1239 4879 proceres
1296 4803 1434 4863 suos
1493 4803 1726 4879 exeipit,
1779 4813 1836 4864 et

214 4877 345 4951 quod
377 4877 428 4930 in
484 4876 683 4931 multis
733 4894 868 4951 eum
920 4877 1279 4951 solemnibus
1335 4876 1830 4951 veterum—impp.

215 4948 536 5002 CPtanorum
588 4949 870 5005 conviviis
936 4950 1225 5018 convenit,
1277 4956 1342 5004 ut
1401 4951 1585 5018 possit
1630 4948 1828 5006 eorum

217 5019 374 5092 imago
401 5018 600 5092 merito
631 5019 767 5092 dici.
810 5021 1161 5092 principissa
1212 5037 1323 5076 non
1358 5021 1544 5076 adest.
1596 5021 1826 5076 Descri-

222 5087 294 5163 bit
321 5089 443 5163 illud
469 5087 827 5163 _convivium'
868 5093 941 5147 La
985 5087 1153 5148 Croix
1197 5091 1257 5148 in
1291 5092 1454 5147 ΓΕῑαί
1501 5095 1716 5163 present
1762 5092 1828 5147 de

223 5158 413 5233 l’Eglise
451 5161 713 5232 Grecque,
764 5161 876 5227 l.1,
926 5179 975 5217 c.
1034 5165 1118 5230 15,
1160 5179 1332 5233 quem
1384 5158 1566 5218 totum
1613 5163 1826 5230 locum,

222 5245 336 5298 quia
361 5231 943 5305 Cletorol’ogiumrhoc
973 5231 1237 5289 nostrum
1282 5235 1510 5305 egregie
1545 5233 1825 5302 illustrat,

225 5316 318 5377 non
368 5303 969 5377 pigebitAcontulisse.
1027 5305 1277 5376 Colligas
1323 5303 1571 5377 quidem
1619 5321 1648 5362 e
1700 5305 1826 5362 loco

224 5371 498 5447 Nicetis—p.
553 5373 678 5439 232,
735 5377 982 5430 feminas
1033 5371 1260 5446 quoque
1319 5371 1464 5447 regii
1521 5378 1826 5442 sanguinis

225 5460 330 5517 cum
371 5445 714 5514 imperatore
757 5447 1018 5517 epulatas
1051 5445 1249 5502 fuisse.
1311 5445 1420 5502 Sed
1476 5447 1572 5503 ille
1627 5449 1707 5502 ibi
1754 5448 1824 5503 de

229 5516 422 5593 privatis
447 5517 660 5587 epulis,
692 5516 806 5572 non
837 5519 908 5574 de
953 5518 1198 5588 publicis
1246 5521 1412 5574 statis
1441 5519 1716 5575 conviviis
1746 5518 1826 5576 lo-

223 5593 396 5654 quitur.

284 5657 373 5728 (18)
394 5658 693 5735 S_a_tis_haac
745 5660 920 5735 verba
966 5660 1244 5735 indicant,
1292 5661 1647 5735 reliquarum
1700 5677 1823 5718 om-

231 5727 363 5784 nium
406 5729 754 5801 dignitatum
799 5731 1023 5790 nullam
1083 5734 1153 5789 ad
1205 5727 1533 5805 separatam
1562 5747 1824 5790 mensam

1946 4737 2219 4807 praacedit
2285 4736 2522 4808 patricio
2580 4736 2834 4792 officium
2902 4751 3017 4790 non
3066 4737 3301 4806 gerenti,
3353 4737 3583 4793 etiamsi

1941 4808 2139 4863 veteri.

2017 4881 2125 4949 (2i)
2157 4878 2432 4950 Quamvis
2486 4877 2697 4933 saeculo
2726 4894 2763 4932 x
2795 4877 2983 4932 rarius
3009 4877 3177 4933 CPiin
3206 4877 3357 4950 irent
3400 4878 3580 4950 legati

1941 4948 2235 5018 pontiﬁcis
2249 4948 2704 5020 Romani,quam
2728 4965 2894 5004 δοξαν
2912 4953 2968 5004 et
2989 4966 3046 5005 v1
3066 4965 3197 5004 cum
3221 4949 3412 5004 adhuc
3431 4948 3577 5020 imp.

1937 5021 2162 5076 CPtano
2197 5020 2379 5074 Roma
2430 5029 2674 5091 pareret,
2714 5036 3137 5091 nonnunquam
3189 5020 3434 5090 negotiis
3479 5035 3578 5091 ea;

1937 5088 2463 5164 pediundisi’toma
2510 5091 2651 5164 illuc
2678 5092 2856 5164 legati
2900 5088 3304 5164 mittebantur,
3337 5088 3580 5164 svncelli

1938 5159 2030 5217 seu
2109 5163 2308 5217 vicarii
2383 5159 2766 5218 Pontiticum'
2805 5161 3168 5234 plerumque.
3241 5159 3576 5216 Cardinales

1937 5235 2092 5289 enim
2120 5240 2247 5289 tum
2282 5234 2541 5289 nondum
2572 5235 2741 5289 valde
2785 5235 3118 5305 frequentes
3151 5238 3332 5295 erant,
3367 5247 3574 5305 quam-

1933 5305 2020 5376 vis
2067 5307 2187 5361 noti
2229 5307 2354 5376 jam
2406 5314 2622 5367 essent,
2674 5311 2736 5361 ut
2791 5304 3007 5376 patete
3065 5304 3268 5376 Nostro
3329 5318 3383 5372 p.
3442 5304 3570 5359 428.

1936 5375 2146 5448 Rarius
2195 5372 2428 5448 quidem
2461 5377 2674 5448 legitur
2714 5372 2920 5432 nomen
2972 5372 3364 5445 syncellorum
3415 5377 3572 5448 sedis

1935 5446 2248 5515 Romanis;
2284 5449 2463 5504 fuisse
2495 5446 2688 5504 tamen
2721 5447 2804 5501 illi
2833 5461 3062 5516 quoque
3092 5459 3225 5518 suos
3257 5447 3568 5518 syncellos,

1933 5524 1990 5574 et
2021 5535 2089 5574 ex
2120 5520 2227 5574 hoc
2255 5519 2381 5574 loco
2411 5525 2468 5574 et
2515 5536 2582 5575 ex
2615 5519 2744 5574 aliis
2774 5515 2946 5589 patet,
2976 5515 3107 5589 quae
3157 5515 3241 5571 Du
3291 5515 3480 5589 {lange
3511 5533 3567 5572 v.

1929 5591 2220 5661 Syncellus
2248 5591 2497 5659 collegit.
2550 5595 2726 5646 Docet
2762 5586 2994 5661 quoque
3040 5586 3263 5661 Noster,
3297 5587 3568 5661 Romanis

1932 5657 2086 5719 sedis
2115 5663 2334 5718 clerum
2367 5657 2590 5717 CPtano
2624 5657 3028 5729 prahabitum,
3052 5659 3314 5715 ordinem
3348 5657 3568 5715 scilicet

1932 5748 2224 5805 quemque
2253 5750 2357 5792 suo
2389 5734 2533 5805 pari,
2561 5733 2766 5798 fuisse.
