3972 6214
336 259 365 317 1
377 258 493 318 343

1366 254 1860 317 CONSTANTIN
1870 257 1895 314 Ι
1939 251 2633 315 POltPllYROGENITI

3658 248 3769 306 1344

338 406 466 446 rum
499 386 771 459 quisquis
800 386 989 444 ofﬁcio
1022 386 1335 443 honoratus
1357 388 1778 457 est,pra:fertur
1811 384 1906 442 alte

2217 403 2294 443 ιος
2353 384 2442 437 καὶ
2492 383 2796 461 στρατηγὸς
2844 388 2939 440 106
2988 385 3351 459 Χαρσιανοῦ·
3401 381 3440 435 6
3516 378 3785 440 ἀνοὲττπς

338 480 478 549 [non
509 478 790 534 honorato
822 476 934 533 alia
984 482 1189 549 praeter
1240 478 1608 549 patriciatum
1645 475 1981 547 dignitate].

337 570 485 626 Tum
509 573 840 639 sequuntur
863 568 967 622 hoc
988 568 1188 624 ordine
1222 583 1236 621 :
1270 566 1590 622 Proconsul
1629 565 1906 638 patricius
1928 570 1986 620 et

339 657 1083 731 strategusAnatolicorum
1098 673 1199 713 seu
1213 655 1615 722 Orientalium;
1635 654 1984 727 pronconsul

339 748 621 822 patricius
652 752 708 802 et
736 746 1096 803 domesticus
1127 746 1460 802 scholarum
1493 764 1506 806 ;
1540 745 1848 817 proconsul
1882 761 1984 815 pa-

338 837 543 893 tricius
572 840 631 892 et
660 840 951 907 strategus
979 836 1457 892 Armeniacorum
1486 854 1499 895 ;
1534 833 1845 905 proconsul
1879 849 1983 903 pa-

340 925 541 982 tricius
618 932 671 980 et
747 928 1043 996 strategus
1108 923 1545 979 Thracesiorum
1600 940 1615 989 ;
1675 918 1985 993 proconsul

340 1014 620 1087 patricius
650 1019 708 1069 et
753 1028 945 1068 comes
976 1011 1182 1085 opsicii
1212 1030 1226 1073 ;
1279 1010 1590 1084 proconsul
1622 1010 1899 1083 patricius
1931 1013 1987 1064 et

340 1108 627 1175 strategus
679 1101 1134 1166 Bucellariorum
1176 1119 1190 1162 ;
1244 1100 1554 1170 proconsul
1608 1100 1884 1172 patricius
1932 1106 1987 1155 et

340 1198 623 1263 strategus
655 1191 1030 1263 Cappadocia
1057 1210 1070 1253 ;
1104 1192 1412 1264 proconsul
1446 1191 1734 1263 patricius
1764 1194 1821 1246 et
1846 1194 1990 1245 stra-

343 1292 507 1354 tegus
538 1282 877 1341 Charsiani;
912 1282 1226 1353 proconsul
1266 1281 1545 1353 patricius
1593 1286 1651 1335 et
1698 1284 1989 1351 strategus

341 1372 626 1431 Colonias;
660 1370 970 1442 proconsul
1019 1370 1296 1442 patricius
1329 1376 1386 1426 et
1415 1375 1707 1442 strategus
1741 1368 1991 1440 Paphla-

342 1461 566 1532 genite;
600 1460 912 1531 proconsul
947 1461 1224 1531 patricius
1257 1465 1314 1516 et
1362 1466 1654 1531 strategus
1686 1459 1986 1519 Thraciae;

345 1549 656 1622 proconsul
687 1550 841 1606 422
874 1550 1158 1622 patricius
1188 1555 1244 1605 et
1274 1554 1567 1621 strategus
1599 1548 1986 1614 Macedonian;

345 1639 658 1711 proconsul
690 1639 969 1709 patricius
1002 1644 1058 1695 et
1089 1644 1387 1711 strategus
1418 1638 1665 1694 Chaldiaa
1693 1657 1705 1698 ;
1741 1654 1990 1710 procon-

2094 473 2378 547 πατρίκιος
2434 474 2523 529 καὶ
2592 474 2896 549 στρατηγὸς
2970 473 3321 533 Κολωνείας·
3412 472 3450 525 6
3524 466 3790 527 Mlti-2;.

2094 564 2381 637 πατρίκιος
2439 564 2525 618 καὶ
2584 564 2887 640 στρατηγὸς
2945 563 3411 641 Παφλαγωνίας·
3501 560 3539 613 6
3612 558 3796 612 675;:-

2093 673 2185 714 τος
2224 652 2508 725 πατρίκιος
2548 652 2638 707 καὶ
2685 653 2988 727 στρατηγὸς
3032 660 3131 721 τῆς
3183 654 3493 725 Θρᾴκης·
3532 651 3567 704 ὁ
3606 648 3799 709 6‘9}:-

2094 764 2185 805 τος
2231 742 2516 817 πατρίκιος
2566 743 2657 798 καὶ
2706 745 3009 817 στρατηγὸς
3057 740 3321 800 Μακεδον
3340 744 3485 802 ἔας·
3530 739 3567 793 6
3606 738 3807 801 iugi-:1-

2094 854 2187 895 τος
2219 831 2509 908 πατρίκιος
2561 832 2652 888 καὶ
2710 833 3012 907 στρατηγὸς
3062 830 3345 894 Χαλδίας·
3426 830 3466 884 6
3528 830 3807 883 ἀνθᾷτατε

2096 924 2387 995 πατρίκιος
2417 924 2507 978 καὶ
2542 924 2841 999 στρατηγὸς
2891 923 2982 977 καὶ
3032 919 3389 996 δομέστικοε
3445 923 3588 975 τῶν

2098 1006 2351 1086 ϐιτόρων·
2386 1011 2413 1065 6
2440 1010 2742 1072 ἀνθύπατος
2772 1009 3056 1083 πατρίκιος
3100 1009 3189 1064 καὶ
3240 1008 3565 1083 ἔπαρχος
3604 1013 3715 1074 τῆς
3746 1010 3815 1057 πέ-

2098 1098 2259 1163 λεως·
2312 1101 2340 1155 ὁ
2390 1099 2690 1162 ἀνθύπατος
2741 1099 3024 1174 πατρίκιος
3089 1100 3177 1154 καὶ
3224 1098 3618 1172 στρατηγὸς
3673 1094 3822 1152 Lis}:-

2096 1190 2393 1259 ποννήσου·
2463 1189 2490 1243 6
2565 1188 2866 1253 ἀνθύπατος
2943 1190 3227 1264 πατρίκιος
3287 1189 3419 1243 καὶ

2099 1275 2475 1339 Νικοπόλεως.
2519 1277 2547 1331 6
2586 1277 2897 1340 ἀνθύπατος
2942 1276 3223 1353 πατρίκιος
3289 1274 3413 1330 καὶ

2097 1373 2205 1422 τῶν
2272 1362 2717 1442 Κιϐυρραιωτῶν·
2796 1368 2823 1421 6
2900 1365 3208 1427 ἀνθύπατος

2102 1456 2407 1531 στρατηγὸς
2485 1453 2772 1518 Ἑλλάδος·
2843 1456 2871 1509 6
2939 1455 3247 1519 ἀνθύπατος
3314 1455 3703 1525 πατρίκιος
3762 1460 3819 1503 αα

2102 1546 2400 1621 στρατηγὸς
2468 1543 2778 1609 Σικελλίας·
2852 1545 2880 1599 6
2946 1544 3254 1608 ἀνθύπατος
3322 1542 3706 1615 πατρίκιος
3762 1544 3821 1593 12‘

3516 1190 3821 1261 στρατη-τὴ

3298 1364 3681 1437 πατρίκιος
3758 1384 3811 1414 ια

2100 1636 2400 1711 στρατηγὸς
2464 1639 2814 1709 Στρυμῶνος·
2878 1634 2907 1688 6
2963 1633 3266 1697 ἀνθύπατος
3329 1632 3708 1707 πατρίκιος
3762 1653 3815 1682 n

344 1729 436 1785 sul
469 1729 750 1800 patricius
781 1732 838 1782 et
886 1734 1179 1799 strategus
1208 1733 1265 1783 et
1300 1727 1657 1783 domesticus
1705 1726 1911 1783 excuhi

2250 1726 2413 1801 τηγὸς
2471 1723 2838 1795 Κεοαληνίας*
2896 1725 2924 1778 6
2982 1725 3288 1784 ἀνθύπατος
3335 1724 3714 1798 πατρίκιος
3760 1744 3807 1773 zz

347 1834 474 1872 rum
503 1836 515 1878 ;
554 1816 866 1888 proconsul
890 1817 1167 1887 patricius
1186 1820 1242 1871 et
1262 1816 1549 1888 eparchus
1570 1832 1669 1871 seu
1690 1816 1991 1887 prafectus

346 1904 562 1972 Urbis;
599 1904 913 1975 proconsul
943 1905 1225 1975 patricius
1269 1910 1326 1961 et
1366 1909 1661 1977 strategus
1705 1905 1990 1977 Pelopon-

349 1993 470 2047 nesi
501 2008 515 2061 ;
550 1993 861 2065 proconsul
894 1994 1178 2064 patricius
1204 1998 1258 2049 et
1290 1998 1581 2066 strategus
1611 1992 1989 2065 Nicopoleos;

344 2081 659 2154 proconsul
692 2082 974 2154 patricius
1004 2090 1058 2139 et
1100 2088 1391 2155 strategus
1422 2083 1947 2155 Cibyrrhaaotarum
1974 2100 1988 2143 ;

345 2171 654 2244 proconsul
685 2172 959 2244 patricius
989 2177 1046 2228 et
1066 2176 1357 2246 strategus
1386 2173 1616 2230 Graaciaa
1640 2193 1654 2242 ;
1682 2170 1991 2245 proconsul

347 2263 630 2335 patricius
660 2267 719 2319 et
749 2269 1035 2337 strategus
1065 2263 1273 2320 Siciliae
1298 2282 1311 2333 ;
1346 2264 1658 2336 proconsul
1710 2264 1989 2337 patricius

346 2358 401 2410 et
458 2358 753 2425 strategus
810 2353 1187 2424 Strymonis;
1238 2354 1549 2425 proconsul
1608 2352 1888 2425 patricius
1937 2356 1993 2408 et

348 2447 636 2514 strategus
726 2442 1056 2514 Strymonis
1116 2459 1130 2512 ;
1212 2443 1525 2514 proconsul
1595 2444 1876 2514 patricius
1937 2446 1994 2497 et

348 2535 645 2601 strategus
676 2531 1080 2602 Cephaleuiaa;
1115 2532 1423 2601 proconsul
1458 2532 1737 2605 patricius
1767 2541 1821 2588 et
1851 2535 1992 2587 stra-

348 2623 518 2687 tegus
547 2618 973 2675 Thessalonice
1000 2638 1013 2685 ;
1047 2621 1361 2688 proconsul
1395 2621 1673 2692 patricius
1701 2626 1759 2676 et
1788 2625 1991 2675 strate-

345 2722 450 2776 gus
514 2706 849 2775 Dyrrachii;
897 2707 1211 2779 proconsul
1268 2709 1547 2780 patricius
1596 2714 1653 2765 et
1700 2714 1992 2780 strategus

344 2794 500 2850 Sami
530 2810 545 2862 ;
580 2794 889 2866 proconsul
920 2796 1197 2867 patricius
1225 2802 1283 2852 et
1312 2802 1608 2870 strategus
1658 2797 1832 2869 ΑΞεωί
1865 2813 1992 2851 ma-

346 2884 466 2953 ris,
522 2884 835 2956 proconsul
884 2884 1167 2956 patricius
1216 2889 1273 2942 et
1312 2890 1603 2959 strategus
1651 2886 1987 2952 Dalmatiae;

349 2972 659 3045 proconsul
684 2975 962 3045 patricius
983 2979 1039 3031 et
1060 2980 1355 3049 strategus
1377 2978 1687 3035 Chersonis
1708 2995 1721 3047 ;
1748 2995 1989 3049 procon-

2098 1816 2401 1891 στρατηγὸς
2469 1812 2892 1883 Θεσσαλονίκης·
2975 1813 3002 1867 6
3084 1811 3407 1877 ἀνθύπατος
3520 1812 3823 1881 πατρίιιίκ

2096 1906 2185 1961 καὶ
2220 1906 2523 1980 στρατηγὸς
2582 1908 2679 1959 106
2739 1902 3068 1978 Δυρραχίου·
3124 1905 3154 1958 6
3211 1904 3585 1967 ἀνθύπατος
3638 1902 3818 1973 πατρί’

2097 2016 2217 2059 κιος
2259 1996 2347 2049 καὶ
2397 1996 2698 2069 στρατηγὸς
2739 2000 2839 2062 τῆς
2891 1994 3100 2066 Σάμου·
3151 1994 3179 2048 6
3232 1993 3596 2057 ἀνθύπατος
3634 1994 3818 2059 παττᾷ-

2098 2106 2217 2149 κιος
2264 2084 2354 2138 καὶ
2400 2084 2702 2158 στρατηγὸς
2766 2087 2869 2139 106
2914 2082 3145 2157 Αἰγαίου
3211 2081 3567 2156 πελάγους·
3632 2082 3663 2135 6
3708 2080 3816 2132 asa-

2104 2174 2305 2237 ύπατος
2351 2173 2633 2249 πατρίκιος
2679 2173 2769 2228 καὶ
2818 2173 3119 2247 στρατηγὸς
3170 2170 3557 2245 Δαλματίας·
3626 2172 3659 2224 6
3702 2170 3814 2230 ivs-

2104 2264 2302 2324 ύπατος
2333 2262 2618 2335 πατρίκιος
2646 2263 2734 2317 καὶ
2767 2262 3068 2338 στρατηγὸς
3122 2262 3444 2336 Χερσῶνος·
3491 2263 3527 2315 6
3569 2261 3809 2323 ἇνθζιταο

2101 2375 2193 2416 τος
2225 2354 2513 2428 πατρίκιος
2542 2354 2631 2407 καὶ
2666 2350 3043 2426 σακελλάριος·
3075 2352 3103 2405 6
3133 2350 3462 2413 ἀνθύπατος
3507 2350 3808 2423 πατρίκιος

2098 2444 2187 2498 καὶ
2238 2444 2452 2520 γενικὸς
2509 2441 2828 2517 λογοθὲτης·
2886 2444 2913 2496 6
2958 2440 3260 2505 ἀνθύπατος
3328 2440 3655 2515 πατρίκιος
3717 2440 3799 2489 zz?

2099 2534 2362 2607 κυέστωρ·
2414 2532 2443 2585 6
2493 2530 2795 2593 ἀνθύπατος
2844 2531 3129 2607 πατρίκιος
3177 2530 3270 2584 καὶ
3330 2528 3659 2607 λογεθέτης
3689 2529 3795 2579 τοῦ

2101 2625 2511 2697 στρατιωτικοῦ·
2560 2621 2587 2675 6
2632 2619 2936 2683 ἀνθύπατος
2987 2618 3273 2694 πατρίκιος
3349 2622 3451 2673 καὶ
3504 2614 3796 2692 ὄρουγγαο

2103 2731 2215 2786 ριος
2262 2718 2361 2781 τῆς
2414 2710 2637 2785 βίγλης·
2686 2711 2715 2764 6
2759 2709 3059 2772 ἀνθύπατος
3110 2708 3405 2783 πατρίκιος
3440 2711 3541 2763 καὶ
3583 2705 3791 2781 ago-:7—

2098 2802 2291 2876 γάριος
2356 2804 2462 2854 τῶν
2522 2798 2800 2873 πλοΐμων·
2872 2799 2899 2853 6
2958 2798 3262 2861 ἀνθύπατος
3324 2800 3648 2873 πατρίκιος

2100 2890 2401 2967 λογοθὲτης
2448 2892 2544 2943 106
2596 2884 2824 2961 δρόμου·
2873 2887 2900 2942 6
2950 2886 3252 2951 ἀνθύπατος
3324 2888 3647 2962 πατρίκιος
3695 2884 3785 2935 καί

2098 2978 2400 3055 λογοθέτης
2451 2981 2559 3033 τῶν
2616 2974 2850 3051 ἀγελῶν·
2907 2978 2934 3031 6
2978 2976 3277 3041 ἀνθόπατος
3329 2975 3647 3049 πατρίκιος
3692 2971 3778 3025 καὶ

346 3061 433 3120 sul
466 3062 742 3135 patricius
771 3069 827 3121 et
857 3065 1229 3134 sacellarius;
1265 3068 1574 3139 proconsul
1626 3069 1906 3139 patricius

2204 3068 2429 3130 ιέστικος
2492 3072 2603 3123 τῶν
2669 3067 2957 3121 ἱκανάτων·
3015 3069 3043 3121 ὁ
3108 3066 3424 3130 ἀνθύπατος
3483 3063 3772 3137 πατρίκιος

345 3153 585 3226 genicus
598 3153 921 3228 logotbetes
934 3155 1024 3212 vel
1036 3158 1327 3228 generalis
1340 3158 1639 3214 rationalis
1657 3160 1988 3229 ;proc0nsul

344 3243 627 3315 patricius
658 3248 714 3299 et
744 3250 1033 3317 quaestor:
1068 3248 1385 3316 proconsul
1432 3248 1713 3318 patricius
1744 3254 1801 3304 et
1830 3248 1987 3320 logo-

343 3331 533 3387 thetes
565 3332 648 3387 rei
680 3333 994 3402 militaris;
1046 3335 1357 3405 proconsul
1400 3337 1681 3407 patricius
1724 3344 1782 3393 et
1810 3339 1988 3393 drun-

344 3420 543 3491 garius
573 3421 826 3493 vigilias;
879 3424 1190 3494 proconsul
1222 3426 1505 3497 patricius
1536 3431 1593 3482 et
1638 3427 1991 3499 drungarius

345 3509 427 3565 rei
464 3510 810 3577 maritimas;
861 3512 1173 3582 proconsul
1234 3512 1516 3583 patricius
1575 3518 1630 3570 et
1674 3514 1993 3585 logothetes

344 3613 585 3664 cursus;
621 3598 927 3669 proconsul
962 3599 1245 3671 patricius
1267 3605 1324 3657 et
1352 3600 1671 3672 logothetes
1702 3619 1945 3676 gregum
1974 3622 1989 3673 ;

350 3686 668 3759 proconsul
719 3688 1000 3760 patricius
1031 3693 1089 3745 et
1135 3690 1495 3748 domesticus
1545 3691 1990 3763 hicanatorum;

345 3776 658 3849 proconsul
717 3778 1000 3849 patricius
1058 3783 1116 3835 et
1163 3780 1525 3839 domesticus
1570 3798 1992 3850 numerorum;

345 3865 654 3939 proconsul
678 3867 957 3941 patricius
982 3872 1039 3924 et
1060 3868 1409 3926 domesticus
1433 3872 1784 3943 optimatum
1811 3888 1827 3943 ;
1863 3891 1993 3946 pro-

345 3953 553 4012 consul
603 3955 881 4026 patricius
928 3960 984 4011 et
1040 3973 1235 4013 comes
1284 3964 1647 4028 castrorum;
1682 3962 1994 4033 proconsul

345 4043 623 4115 patricius
654 4048 713 4100 et
743 4044 1137 4102 cbartularius
1176 4046 1434 4115 sacellii;
1470 4050 1780 4118 proconsul
1814 4052 1997 4122 patri-

348 4134 475 4191 cius
506 4138 564 4190 et
611 4134 1003 4192 cbartularius
1042 4136 1341 4207 vestiarii;
1378 4139 1686 4209 proconsul
1720 4141 1997 4211 patricius

346 4229 404 4280 et
459 4224 855 4282 cbartularius
904 4224 1178 4293 caniclii;
1240 4228 1558 4298 proconsul
1609 4231 1888 4303 patricius
1945 4239 2000 4288 et

358 4318 778 4384 protostrator;
813 4315 1126 4387 proconsul
1159 4317 1438 4389 patricius
1470 4323 1526 4374 et
1558 4321 1996 4391 protasecretis;

358 4402 669 4472 proconsul
720 4405 997 4475 patricius
1038 4409 1095 4461 et
1143 4422 1337 4462 comes
1383 4406 1634 4476 stabuli;
1687 4409 1998 4481 proconsul

358 4490 639 4561 patricius
669 4501 720 4547 et
741 4495 1049 4563 praefectus
1080 4494 1216 4551 idici
1237 4495 1325 4551 vel
1350 4496 1430 4551 rei
1456 4498 1731 4567 privatas;
1765 4516 1999 4570 procon-

358 4578 449 4635 sul
482 4580 760 4652 patricius
789 4586 845 4637 et
876 4600 1125 4656 magnus
1178 4590 1446 4653 curator;
1481 4589 1789 4657 proconsul
1820 4591 1997 4660 patri-

356 4669 477 4725 cius
523 4674 582 4726 et
630 4676 866 4727 curator
913 4674 1113 4742 palatii
1166 4691 1631 4747 manganorum;
1684 4678 1996 4750 proconsul

355 4758 632 4831 patricius
679 4762 735 4815 et
783 4760 1062 4832 magister
1103 4764 1633 4837 supplicationum;
1685 4766 1998 4838 proconsul

355 4846 633 4920 patricius
691 4856 746 4905 et
802 4850 1108 4921 prefectus
1154 4853 1827 4926 orphanotrOpheorum;
1862 4873 1996 4928 pro-

354 4938 557 4995 consul
590 4938 871 5012 patricius
894 4943 950 4995 et
969 4940 1317 4999 demarchus
1338 4944 1687 5001 Venetorum
1714 4962 1728 5013 ;
1755 4962 1998 5017 procon-

352 5027 446 5084 sul
479 5028 759 5101 patricius
792 5033 851 5085 et
872 5028 1221 5087 demarchus
1244 5033 1802 5092 Prasinorum.428
1836 5034 1997 5099 Quod

353 5117 403 5172 si
433 5123 651 5187 autem,
684 5118 783 5191 qui
814 5118 937 5174 haec
968 5118 1160 5175 ofﬁcia
1190 5128 1419 5191 gerunt,
1444 5138 1558 5178 non
1590 5140 1791 5180 omnes
1822 5124 1997 5181 simul

353 5208 730 5275 proconsules
760 5224 991 5281 quoque
1022 5208 1259 5276 fuerint,
1277 5211 1377 5265 sed
1409 5210 1469 5265 in
1503 5212 1657 5267 nudo
1689 5214 1998 5283 patriciatu

353 5309 519 5349 suam
553 5297 733 5368 aliqui
765 5297 1131 5369 dignitatem,
1163 5298 1283 5355 sive
1334 5300 1594 5370 strategi,
1628 5302 1748 5355 sive
1796 5303 1999 5360 dome-

351 5383 504 5452 stici,
537 5384 653 5440 sive
682 5386 947 5442 ol'ﬁcialis
973 5387 1235 5456 alterius,
1267 5387 1762 5455 adierint,talibus
1794 5394 1998 5461 praefe-

2028 4454 2077 4519 D

2093 3160 2183 3218 καὶ
2216 3157 2538 3232 δομὲστικος
2564 3160 2675 3212 τῶν
2704 3156 3008 3232 νουμέρων·
3065 3156 3094 3210 6
3138 3154 3453 3217 ἀνθύπατος
3488 3154 3777 3227 πατρίκιος

2092 3252 2183 3308 καὶ
2235 3246 2557 3321 δομέστικος
2605 3250 2711 3301 τῶν
2763 3244 3115 3319 ὀπημάτων*
3148 3246 3176 3300 6
3206 3246 3537 3307 ἀνθύπατος

2094 3360 2211 3401 κιος
2241 3341 2331 3392 καί
2361 3336 2542 3410 κόμης
2580 3340 2686 3391 τῶν
2735 3336 2981 3411 τειχέων·
3030 3336 3058 3389 6
3106 3333 3417 3395 ἀνθύπατος
3470 3334 3765 3409 πατρίκιος

2094 3429 2186 3482 καὶ
2217 3423 2625 3503 χαρτουλάριος
2654 3428 2751 3480 106
2783 3422 3098 3479 σακελλίου·
3149 3425 3178 3478 6
3226 3424 3553 3483 ἀνθύπατος
3586 3418 3765 3491 πατρί-

2094 3537 2215 3577 κιος
2261 3515 2351 3571 καὶ
2406 3512 2813 3591 χαρτουλάριος
2862 3517 2966 3568 106
3017 3513 3344 3588 βεστιαρίου·
3393 3514 3425 3567 6
3456 3512 3764 3577 ἀνθύπατος

2095 3604 2383 3681 πατρίκιος
2434 3604 2523 3658 καὶ
2576 3600 2983 3679 χαρτουλάριος
3033 3605 3128 3657 106
3176 3599 3524 3656 κανικλείου·
3582 3603 3612 3655 6
3650 3598 3763 3653 {v.6-

2099 3695 2302 3756 ύπατος
2360 3692 2647 3767 πατρίκιος
2702 3692 2792 3747 καὶ
2852 3692 3309 3766 πρωτοστράτωρ·
3368 3692 3399 3744 6
3459 3688 3763 3744 ἀνθύπατος

2097 3785 2385 3861 πατρίκιος
2452 3782 2542 3837 καὶ
2605 3783 3145 3858 πρωτοασηκρήτης·
3203 3784 3231 3835 ὁ
3279 3778 3606 3843 ἀνθύπατος
3671 3797 3762 3832 ππ.

2095 3874 2304 3950 τρίκιος
2349 3872 2440 3927 καὶ
2484 3871 2667 3946 κόμης
2698 3869 2798 3927 106
2830 3866 3091 3925 στάϐλου·
3144 3871 3171 3923 6
3220 3867 3534 3923 ἀνθύπατος
3580 3865 3765 3935 πατρί-

2097 3987 2221 4027 κιος
2278 3964 2370 4020 καὶ
2420 3962 2480 4018 ἐκ
2536 3962 2833 4037 προσώπου
2890 3964 2996 4014 τῶν
3056 3957 3323 4032 θεμάτων·
3373 3958 3404 4011 6
3457 3958 3764 4022 ἀνθύπατος

2100 4057 2386 4131 πατρίκιος
2431 4054 2521 4109 καὶ
2570 4052 2657 4108 ἐπὶ
2710 4056 2807 4107 106
2856 4048 3080 4107 εἰδικοῦ·
3134 4051 3163 4105 6
3210 4049 3513 4113 ἀνθύπατος
3578 4046 3763 4120 πατρί-

2101 4167 2217 4208 κιος
2274 4145 2365 4199 καὶ
2428 4142 2596 4219 μέγας
2653 4144 2960 4217 κουράτωρ·
3021 4142 3049 4195 6
3105 4139 3410 4205 ἀνθύπατος
3467 4139 3765 4213 πατρίκιος

2100 4235 2191 4291 καὶ
2242 4234 2529 4310 κουράτωρ
2585 4236 2693 4287 τῶν
2756 4230 3067 4307 μαγγάνων·
3129 4230 3158 4284 6
3217 4228 3525 4292 ἀνθύπατος
3578 4228 3769 4296 πατρί·

2100 4346 2219 4386 κιος
2271 4323 2361 4378 καί
2412 4321 2498 4377 ἐπί
2562 4325 2668 4376 τῶν
2731 4317 2985 4390 δεήσεων·
3044 4320 3072 4374 6
3120 4318 3420 4379 ἀνθύπατος
3468 4318 3768 4390 πατρίκιος

2105 4416 2195 4471 καὶ
2246 4409 2673 4488 όρφανοτρόφος·
2727 4410 2754 4464 6
2799 4407 3101 4470 ἀνθύπατος
3150 4408 3432 4479 πατρίκιος
3477 4406 3574 4460 καὶ
3628 4404 3770 4477 δήμ-

2108 4524 2281 4581 αρχος
2333 4500 2591 4558 Βενέτων·
2646 4500 2673 4555 6
2725 4496 3023 4560 ἀνθύπατος
3090 4497 3374 4569 πατρίκιος
3415 4495 3509 4551 καὶ
3556 4492 3770 4569 δήμαρ-

2109 4614 2209 4670 χος
2244 4590 2545 4668 ιιρασίνων.
2580 4588 2643 4644 Εἰ
2684 4584 2741 4642 δὲ
2792 4589 2867 4660 μὴ
2920 4588 3025 4643 εἶεν
3074 4587 3275 4651 πάντες
3304 4586 3604 4640 ἀνθύπατοι
3638 4588 3698 4639 οἱ
3722 4584 3763 4639 ἐν

2106 4688 2222 4745 τοῖς
2254 4679 2528 4761 όφφικίοις
2580 4677 2917 4753 τεταγμένοι,
2970 4676 3098 4732 ἀλλ’
3147 4675 3197 4732 ἐν
3243 4677 3383 4749 μόνῃ
3414 4680 3485 4749 τῇ
3514 4680 3636 4729 τῶν
3674 4697 3769 4730 πα-

2106 4770 2327 4846 τρικίων
2372 4768 2492 4840 ἀξίᾳ
2538 4768 2603 4822 τὰ
2653 4767 2995 4842 πρατηγάτα
3038 4766 3087 4803 ⁹⁰
3128 4761 3165 4833 ἤ
3214 4765 3280 4819 τὰ
3330 4761 3763 4837 δομεστικάταξ

2106 4862 2172 4915 τὸ
2206 4860 2434 4938 ὀφφίκια
2460 4850 2891 4932 προσελάϐοντο.
2925 4856 2977 4909 οἱ
3030 4855 3125 4928 μὶν
3155 4852 3300 4909 λιτοί
3329 4852 3636 4909 ἀνθύπατοι
3670 4860 3767 4911 τῶν

2110 4949 2163 5005 ἐν
2228 4953 2343 5010 τοῖς
2412 4945 2685 5026 όφφικίοις
2742 4943 3080 5021 τεταγμένων
3157 4941 3459 5018 πατρικίων
3526 4940 3583 4995 ἐν
3656 4949 3764 5001 ταῖς

2109 5034 2393 5113 καθέδραις
2451 5034 2856 5109 προκρίνονται,
2951 5030 3211 5103 δηλονότι
3288 5030 3515 5092 ἕκαστος
3586 5033 3763 5087 αὐτῶν

2111 5127 2246 5184 κατά
2273 5128 2373 5195 τήν
2423 5122 2665 5180 ἐπίδοσιν
2714 5127 2811 5179 106
2858 5119 3206 5178 κωδικέλλου
3255 5121 3423 5176 αὑτοῦ
3450 5121 3534 5192 τῷ
3569 5122 3764 5194 βαθμῷ

2110 5216 2551 5291 προτιμώμενος,
2583 5212 2729 5283 πλὴν
2775 5217 2871 5267 106
2915 5215 3222 5288 στρατηγοῦ
3250 5215 3359 5265 τῶν
3393 5211 3761 5266 ’Δνατολιχὼν

2107 5304 2197 5360 καὶ
2256 5308 2353 5359 106
2399 5301 2724 5373 δομεστίκου
2771 5306 2878 5357 τῶν
2923 5300 3168 5376 σχολῶν·
3219 5300 3370 5355 οὗτοι
3420 5299 3522 5375 γὰρ
3589 5301 3765 5373 μόνοι,

2108 5395 2200 5450 καὶ
2239 5394 2315 5466 μὴ
2360 5388 2510 5455 ὄντες
2542 5390 2861 5463 ἀνθύπατοί,
2905 5390 2957 5445 ὲν
3006 5393 3076 5464 τῇ
3120 5388 3351 5464 καθέδρᾳ
3387 5392 3495 5445 τῶν
3530 5388 3768 5445 ἀνθυπα-

1710 5508 1956 5567 VARl/E
2000 5511 2416 5572 LECTIONES.

421 5625 467 5661 9°
495 5622 845 5698 στρατηγάτα
872 5640 983 5681 em.
1017 5625 1107 5692 R.,
1141 5626 1571 5702 στρατηγήματα
1597 5628 1723 5686 cod.
1758 5634 1814 5687 et
1842 5634 1935 5692 ed.

3518 1293 3823 1347 στρατιῇ

3892 3012 3901 3057 Γ

3884 3228 3893 3253 ὃ
