3972 6214
107 370 315 431 1345
1030 368 1133 428 DE
1177 366 1627 428 CERIMONIIS
1670 369 1847 432 AUL.

1952 371 2424 434 BYZANTINZE
2465 371 2612 432 LIB.
2663 372 2743 432 ΙΙ.
3436 374 3591 437 1346

106 528 251 562 των
308 501 686 577 ὑπερέχουσιν
719 500 974 559 ἅπαντας.
1012 497 1074 553 Ειῖ
1114 494 1171 552 δὲ
1209 517 1346 559 τινες
1379 497 1426 566 ἐξ
1459 496 1658 568 αὐτῶν,
1710 497 1820 555 εἷ’τε

1952 509 2142 561 ὐηῑιιι·
2171 504 2358 576 quoad
2391 503 2719 559 sessionem
2751 503 3049 576 simplices
3069 507 3473 576 proconsules,
3505 508 3590 564 ita

108 592 189 649 ἔκ
223 598 369 648 τῶν
406 591 747 658 ἀνθυπάτων,
789 584 897 642 εἴτε
943 583 1003 640 ἔκ
1047 589 1154 640 τῶν
1198 585 1364 640 λιτῶν
1411 587 1736 658 πατρικίων,
1785 587 1821 656 ἤ

1952 611 2162 666 tempe,
2196 606 2252 650 ut
2283 594 2533 665 gradum
2578 592 2638 648 hi
2696 597 2930 648 teneant
2975 595 3297 650 secundum
3347 601 3584 667 tempus

109 686 215 745 εἷς
256 681 633 758 στρατηγάτα
663 677 1007 752 ἀνήχθησαν,
1048 673 1158 731 εἷ’τε
1204 674 1256 730 ἐν
1293 674 1453 747 ἄλλῳ
1495 697 1574 748 τῳ
1604 673 1693 730 διὰ
1738 675 1832 732 λό-

1952 685 2288 740 traditarum
2303 682 2412 738 sibi
2436 682 2841 739 codicillorum
2867 681 3150 753 ;exceptis
3172 681 3311 738 solis
3335 688 3587 756 stratego

109 794 244 848 γου
323 766 754 846 προσγινομένῳ
819 767 1111 838 ἀξιώματι,
1170 761 1396 826 ἕκαστος
1456 764 1630 820 αὐτῶν
1691 765 1829 821 κατὰ

1952 772 2375 828 tuatolicorum
2423 776 2484 826 et
2520 772 2842 827 domestico
2903 770 3260 828 scholarum.
3312 772 3380 827 Hi
3429 775 3585 830 enim

113 867 247 934 τήν
306 867 421 919 τοῦ
483 861 744 936 όφφικίου
793 856 995 912 οἰκείαν
1039 853 1194 928 δόξαν
1249 855 1341 910 καὶ
1402 863 1503 925 τῆς
1561 854 1826 930 καθέδρας

1952 863 2070 930 soli,
2102 861 2328 916 etiamsi
2363 859 2743 932 proconsules
2786 876 2901 915 non
2946 860 3183 929 fuerint,
3214 861 3470 917 sessione
3499 867 3587 917 ta-

121 953 470 1010 ἆπολαύει.
513 950 590 1008 O6
635 950 744 1023 μὴν
775 945 835 1002 δὲ
883 945 1020 1002 κατὰ
1047 949 1147 1015 τήν
1184 945 1330 1015 τάξιν
1357 949 1453 1000 τοῦ
1483 945 1697 1020 βαθμοῦ
1725 952 1826 1014 τῆς

1952 967 2070 1006 cneu
2106 949 2517 1020 prahabentur
2547 949 2999 1020 proconsulibus
3020 951 3311 1006 omnibus.
3345 950 3406 1006 Si
3455 950 3584 1022 quis

121 1038 472 1100 ἐπιδόσεως
499 1040 598 1092 τοῦ
628 1032 972 1091 κωδικὲλλου
1003 1029 1100 1087 κάν
1132 1033 1276 1107 τάχα
1326 1031 1472 1106 τύχῃ
1525 1033 1552 1086 6
1593 1027 1826 1106 ἔσχατος

1952 1046 2156 1107 intem,
2197 1054 2423 1106 eorum,
2474 1039 2889 1108 proconsulum
2943 1043 3079 1108 puta
3146 1038 3588 1108 patriciorumve

126 1134 228 1202 τῷ
271 1130 491 1204 βαθμῷ
519 1126 880 1202 προκριθῆναι
918 1126 1020 1177 τοῦ
1050 1122 1271 1197 πρώτου
1303 1120 1354 1175 ἐν
1389 1119 1703 1194 οἱῳδήποτε
1735 1122 1832 1200 ὀφ-

1952 1128 2323 1201 simplicium,
2355 1128 2426 1182 ad
2459 1128 2698 1199 strategi
2729 1127 3071 1197 dignitatem
3106 1126 3364 1184 ullumve
3413 1129 3574 1185 aliud

129 1219 337 1295 φικίῳ
381 1216 462 1288 τῷ
493 1213 581 1271 διὰ
612 1213 784 1288 λόγου
827 1211 1264 1288 προσγινομένῳ.
1311 1209 1381 1268 Εἴ
1428 1207 1485 1265 δὲ
1530 1210 1619 1265 καὶ
1651 1232 1830 1287 παγα-

1952 1235 2136 1275 eorum
2178 1217 2504 1274 ofﬁciorum
2544 1222 2968 1289 promoventur,
3025 1233 3154 1289 quae
3203 1219 3328 1275 solo
3367 1219 3587 1275 domini

129 1331 233 1366 νοι
277 1310 515 1387 τύχοιεν
564 1305 740 1382 χωρὶς
792 1301 1060 1380 ὀφφικίων
1111 1303 1414 1378 πατρίκιοι,
1457 1301 1826 1356 ὑποπίπτουσι

1952 1309 2124 1364 adicto
2155 1308 2548 1378 impetrantur
2572 1322 2585 1362 :
2621 1315 2755 1362 tunc
2771 1309 2935 1363 sedet
2954 1322 3152 1363 eorum
3176 1308 3588 1382 unusquisque

130 1404 273 1462 τοῖς
307 1398 386 1454 τὰ
426 1395 653 1473 ὀφῳίκια
678 1388 871 1472 ἔχουσι
909 1391 1243 1465 πατρικίοις.
1296 1389 1361 1446 Εἴ
1390 1387 1447 1444 δέ
1482 1411 1566 1454 τις
1613 1389 1672 1446 ἐκ
1717 1395 1825 1446 τῶν

1952 1400 1999 1452 in
2022 1397 2148 1452 loco
2180 1413 2294 1452 non
2321 1413 2411 1463 eo,
2444 1411 2622 1467 quem
2655 1400 2717 1452 ut
2755 1397 3065 1468 proconsul
3099 1396 3452 1468 patriciusve
3483 1398 3588 1455 ob-

138 1487 487 1568 Αεχθέντων
520 1484 787 1560 όφοικίων
822 1479 1112 1568 ὃιαδεχθῇ,
1143 1480 1282 1534 κατᾶ
1326 1481 1418 1535 τὸν
1470 1484 1694 1555 πρῶτον
1731 1482 1830 1555 βα-

1952 1486 2169 1554 ;ineret,
2200 1484 2304 1541 sed
2333 1500 2400 1541 eo
2431 1501 2607 1557 quem
2645 1485 2824 1541 ofﬁcii
2856 1485 2947 1541 sui
2968 1485 3156 1557 gloria
3191 1495 3246 1543 et
3275 1488 3590 1544 auctoritas

139 1567 304 1651 θμὸν
342 1578 447 1644 τῆς
477 1575 678 1644 τάξεως
706 1576 804 1627 τοῦ
831 1567 1178 1625 κωδικὲλλου
1211 1569 1378 1624 αὐτοῦ
1420 1570 1828 1647 ἀναστραφήσε-

1952 1575 2240 1646 leposcit;
2275 1589 2390 1631 non
2429 1579 2625 1629 tamen
2675 1575 3003 1630 secundum
3054 1575 3321 1632 ordinem
3371 1577 3590 1648 gradus

138 1687 241 1722 ται
288 1663 352 1720 ἐν
389 1669 461 1738 τῇ
491 1661 712 1732 κλήσει·
750 1657 1206 1734 Κλητωρεῦονται
1259 1655 1315 1713 δὲ
1347 1659 1578 1720 ἅπαντες
1627 1658 1826 1722 οὕτως⁸

1952 1661 2288 1718 .raditorum
2320 1662 2742 1720 codicillorum.
2775 1663 3089 1736 Contingat
3117 1666 3275 1720 enim
3327 1682 3588 1736 quocun-

144 1771 275 1830 que
312 1757 555 1810 tandem
577 1753 768 1809 ofﬁcio
797 1766 1021 1814 eorum,
1053 1766 1182 1820 quae
1215 1765 1316 1821 per
1348 1751 1685 1806 mandatum
1717 1752 2160 1823 impertiuntur,
2193 1757 2258 1808 ut
2287 1755 2385 1824 qui
2409 1753 2583 1824 juxta
2612 1757 2850 1824 tempus
2902 1753 3288 1824 promotionis
3341 1754 3591 1811 ultimus

146 1846 411 1902 deberet
437 1859 588 1910 esse,
620 1841 1085 1912 precedateutn,
1118 1840 1218 1910 qui
1260 1844 1654 1910 promotorum
1717 1842 2170 1913 antiquissimus
2225 1851 2333 1898 est.
2367 1842 2428 1898 Si
2483 1843 2584 1914 qui
2639 1847 2838 1898 autem
2896 1843 3107 1915 pagani
3164 1844 3305 1912 sint,
3338 1845 3446 1901 hoc
3501 1849 3592 1901 est

148 1935 386 1993 ofﬁciis
408 1932 581 1995 cassi,
614 1929 863 2003 patricii,
895 1930 1108 1986 cedunt
1139 1930 1323 2002 gradu
1358 1929 1616 2002 patriciis
1644 1930 1837 1987 ofﬁcia
1879 1933 2242 2004 gerentibus.
2266 1932 2328 1988 Si
2372 1932 2508 2004 quis
2555 1931 2614 1987 in
2664 1932 2954 1987 dictorum
2997 1932 3328 1989 ofﬁciorum
3389 1933 3587 2006 aliquo

149 2037 572 2082 successorem
603 2028 809 2078 nactus
840 2022 1031 2088 fuerit,
1066 2021 1408 2093 procedetur
1443 2037 1577 2076 cum
1621 2037 1688 2078 eo
1737 2023 1795 2077 in
1837 2023 2170 2080 evocatione
2215 2024 2542 2081 secundum
2591 2023 2839 2096 gradum
2879 2023 2982 2096 qui
3029 2027 3201 2080 antea
3257 2023 3367 2097 ipsi
3425 2041 3587 2081 com-

154 2115 410 2188 petebat
436 2127 506 2168 ex
535 2110 738 2168 ordine
769 2109 1022 2166 codicilli
1051 2109 1160 2165 sui.
1188 2108 1406 2167 Omnes
1436 2115 1635 2166 autem
1668 2110 2113 2168 introvocantur
2139 2113 2248 2168 hoc
2281 2114 2479 2168 modo.

152 2227 361 2302 Τόμος
432 2229 506 2283 Γ’.
575 2259 644 2269 -
701 2227 837 2304 Τῇς-
885 2225 930 2262 ⁹¹
997 2231 1114 2304 1:6va
1146 2223 1449 2304 ,διαφόρων
1510 2223 1834 2300 ἂξιωμάτων

1952 2229 2130 2300 Caput
2156 2228 2252 2284 Ill.
2285 2259 2352 2269 —
2381 2229 2454 2284 De
2481 2229 2717 2284 sessione
2753 2230 3093 2299 dignitatum
3136 2247 3197 2286 ιη
3240 2232 3585 2285 universum.

680 2294 982 2367 καθολικῆς
1020 2294 1318 2372 καοέὸρὰς“

241 2391 306 2444 '0
347 2391 666 2466 μάγιστρος·
719 2389 748 2442 6
796 2386 1056 2462 ῥαίκτωρ·
1109 2389 1138 2441 6
1187 2385 1508 2461 σόγκελλος·
1558 2388 1586 2441 6
1633 2386 1840 2460 πατρί-

2022 2391 2256 2448 Primus
2289 2391 2451 2448 sedet
2483 2391 2780 2464 magister,
2807 2395 2936 2447 tum
2959 2395 3172 2462 rector,
3202 2391 3334 2447 dein
3367 2391 3596 2464 syncel-

171 2500 301 2544 κιος
339 2480 432 2533 καὶ
485 2475 869 2552 πραιπόσιτος⁶
927 2477 981 2530 οἱ
1022 2475 1302 2549 πατρίκιοι
1352 2476 1403 2530 οἱ
1451 2477 1730 2551 εὐνοῦχον
1789 2477 1841 2530 οἱ

1952 2481 2084 2550 lus;
2117 2480 2400 2554 patricius
2423 2485 2480 2537 et
2506 2480 2852 2553 praepositus
2890 2480 3076 2548 idem;
3130 2480 3361 2553 patricii
3405 2497 3594 2537 eunu-

169 2569 480 2634 ἀνθύπατοι
529 2565 808 2641 πατρίκιοι
847 2565 937 2620 καὶ
988 2564 1290 2640 στρατηγοὶ
1346 2565 1484 2620 κατᾶ
1529 2565 1596 2620 τά
1644 2585 1843 2640 στρατ-

1952 2571 2080 2640 chi;
2141 2571 2522 2642 proconsules
2581 2569 2810 2642 patricii
2871 2578 2926 2626 et
2977 2571 3214 2644 strategi
3269 2571 3592 2627 secundum

170 2658 355 2735 ηγάτα
409 2658 444 2725 ἤ
502 2657 569 2711 τὰ
638 2654 863 2732 όφφίκια
927 2655 1130 2710 αὐτῶνθ
1198 2654 1507 2710 ἀνθύπατοι
1567 2653 1847 2730 πατρίκιοι

1952 2664 2286 2730 strategata,
2317 2661 2374 2714 id
2427 2664 2534 2725 est,
2579 2664 2866 2732 praeturas
2913 2663 3017 2716 aut
3067 2659 3396 2730 provincias
3454 2676 3595 2716 suas

176 2746 332 2805 λιτοὶ
363 2747 505 2802 κατᾶ
532 2743 659 2807 τοὺς
689 2741 1064 2805 κωδικέλλους
1099 2742 1303 2798 αἰητῶν
1341 2743 1619 2818 πατρίκιοι
1652 2763 1848 2814 στρατ-

171 2836 307 2911 ηγοὶ
341 2835 478 2890 κατὰ
507 2834 574 2888 τά
623 2833 972 2908 στρατηγάτα
1017 2833 1203 2888 αὐτῶν
1265 2833 1300 2901 ἤ
1349 2834 1416 2888 τὰ
1479 2832 1704 2910 ὀφφίκια
1754 2833 1850 2886 αὖ-

191 2928 326 2980 τῶν·
378 2925 408 2979 6
455 2922 816 2998 πραιπόσιτος
869 2923 945 2995 μὴ
994 2919 1069 2975 ὢν
1118 2923 1404 2996 πατρίκιος
1449 2921 1519 2994 (εἰ
1569 2919 1626 2976 δὲ
1671 2922 1759 2976 καὶ
1791 2919 1846 2975 ἒν

197 3012 441 3091 ὀφφικίῳ
467 3011 781 3085 τετίμηται,
840 3009 1191 3086 προκρίνεται
1236 3015 1333 3065 τοῦ
1363 3009 1590 3084 ἑτέρου).
1626 3011 1654 3064 6
1684 3030 1842 3085 πρω-

192 3103 559 3176 τοσπαθάριος
632 3099 723 3155 καὶ
800 3100 1107 3174 στρατηγὸς
1181 3103 1289 3154 τῶν
1350 3097 1740 3156 Ἀνατολικὼν.
1818 3100 1847 3154 6

194 3190 685 3266 πρωτοσπαθάριος
750 3187 841 3242 καὶ
908 3185 1232 3262 δομὲστικος
1290 3192 1401 3241 τῶν
1468 3185 1713 3262 σχολῶν⁸
1795 3187 1848 3240 οἱ

199 3282 681 3358 πρωτοσπαθάριοι
739 3280 1035 3354 στρατηγοὶ
1089 3283 1199 3333 τῶν
1253 3277 1619 3336 Ἀνατολικῶν
1673 3278 1850 3350 θεμά-

1949 2751 2052 2802 aut
2081 2745 2274 2802 ofﬁcia
2303 2762 2454 2815 sua;
2485 2745 2864 2818 proconsules
2897 2745 3124 2815 patricii
3156 2744 3456 2817 simplices
3505 2761 3596 2800 se-

1950 2839 2204 2893 cundum
2237 2853 2411 2892 atram
2445 2836 2844 2893 codicillorum
2877 2852 3116 2893 suorum
3144 2854 3157 2905 ;
3191 2835 3418 2906 patricii
3449 2844 3597 2891 stra-

1950 2928 2089 2999 tegii
2120 2928 2200 2999 [et
2230 2924 2533 2995 ofﬁciales,
2556 2926 2659 2998 qui
2690 2941 2803 2982 non
2837 2935 2973 2982 sunt
2995 2925 3171 2981 simul
3196 2925 3596 2998 proconsules]

1951 3017 2278 3072 secundum
2296 3019 2604 3082 strategata
2615 3032 2724 3071 sua
2743 3021 2842 3070 aut
2863 3015 3058 3070 ofﬁcia
3078 3031 3181 3071 sua
3203 3035 3218 3084 ;
3247 3015 3592 3087 praepositus

1952 3105 2050 3176 qui
2085 3120 2200 3160 non
2231 3109 2321 3160 est
2352 3104 2628 3174 patricius
2653 3123 2668 3172 ;
2693 3102 2960 3160 siautem
2990 3103 3168 3158 simul
3191 3103 3383 3158 ofﬁcio
3405 3103 3595 3173 fungi-

1953 3197 2068 3259 tur,
2103 3193 2269 3264 praeit
2299 3191 2462 3248 alteri
2487 3193 2665 3266 [idem
2692 3193 2952 3247 ofﬁcium
2976 3191 3223 3264 gerenti]
3250 3216 3264 3258 ;
3298 3195 3596 3262 protospa«

1955 3282 2187 3338 tharius
2205 3287 2262 3338 et
2281 3286 2572 3354 strategus
2591 3280 3026 3336 Anatolicorum
3053 3297 3068 3347 ;
3093 3278 3596 3352 protospatharius

200 3392 306 3426 των
334 3371 467 3425 κατὰ
495 3369 593 3431 τὰς
640 3367 976 3444 στρατηγίας
1027 3367 1227 3423 αὐτῶν
1279 3369 1308 3422 6
1355 3368 1847 3442 πρωτοσπαθάριος

1953 3380 2008 3428 et
2037 3370 2398 3428 domesticus
2420 3369 2752 3426 scholarum
2779 3368 3266 3440 ;protospatharii
3289 3375 3342 3424 et
3357 3367 3598 3440 strategi

199 3459 286 3515 καὶ
320 3455 640 3532 δομέστικος
665 3461 774 3512 τῶν
807 3451 1222 3531 ἰξκουϐιτόρων·
1275 3457 1304 3511 6
1353 3455 1846 3530 πρωτοσπαθάριος

1952 3460 2327 3534 peculiarium
2344 3458 3066 3531 perOrientemthematum
3079 3457 3164 3514 vel
3179 3457 3604 3529 provinciarum

197 3549 286 3604 καὶ
317 3541 559 3623 ἔπαρχος
606 3549 707 3610 τῆς
766 3543 1007 3608 πόλεως·
1079 3547 1132 3600 οἱ
1199 3547 1686 3621 πρωτοσπαθάριοι
1751 3545 1845 3600 καὶ

1954 3548 2280 3606 secundum
2295 3548 2560 3604 ordinem
2576 3563 2812 3604 suorum
2828 3551 3214 3619 strategatoru
3223 3551 3604 3618 nt;protospa-

205 3641 490 3714 στρατηγοὶ
527 3643 634 3692 τῶν
669 3637 914 3709 θεμάτων
956 3645 1057 3707 τῆς
1111 3638 1322 3700 Δύσεως
1374 3641 1511 3693 κατὰ
1548 3642 1614 3694 τὰ
1665 3659 1847 3711 στρατ-

1964 3639 2191 3694 tharivs
2206 3638 2634 3694 etdomesticus
2646 3637 3049 3692 excubitorum
3076 3635 3602 3708 ;protospatharius

209 3729 378 3802 ηγάτα
433 3725 626 3780 αὐτῶν·
687 3727 739 3779 οἱ
800 3724 1228 3798 μητροπολῖταιο
1293 3728 1345 3779 o't
1423 3727 1847 3805 ἀρχιεπίσκοποι

1955 3732 2015 3783 et
2043 3727 2350 3798 prmfectus
2365 3726 2533 3782 Urbis
2555 3747 2570 3793 ;
2591 3724 3352 3798 protospathariietstrategi
3374 3723 3603 3779 thema-

213 3816 342 3871 κατὰ
393 3815 525 3875 τοὺς
575 3811 802 3887 θρόνους
860 3811 1054 3866 αὗτῶν’
1119 3814 1147 3868 6
1204 3816 1698 3888 πρωτοσπαθάριος
1761 3814 1847 3868 καὶ

1957 3821 2086 3871 tum
2117 3814 2450 3870 Occidentis
2481 3831 2548 3869 ex
2581 3815 2784 3869 ordine
2833 3830 3070 3869 suorum
3103 3817 3558 3883 strategatorum
3585 3827 3599 3879 ;

215 3901 588 3977 σακελλάριος’
643 3901 694 3956 οἱ
745 3901 1029 3956 ἐπίσκοποι
1085 3903 1136 3956 οἱ
1189 3902 1542 3980 ἐπεχόμενοι·
1587 3903 1847 3975 πριμική·

1968 3902 2398 3973 metropolitani
2425 3902 2879 3972 ;arcbiepiscOpi
2895 3903 3219 3956 secundum
3245 3901 3484 3955 thronos
3515 3899 3603 3954 vel

217 4015 317 4070 ριοι
370 3991 623 4066 εὐνοῦχοι
671 3994 769 4046 τοῦ
828 3986 1229 4046 κουϐουκλείου
1279 3991 1347 4064 (εἰ
1395 3988 1452 4045 δὲ
1495 3990 1584 4044 καὶ
1630 4010 1847 4065 πρωτο-

1961 3993 2130 4047 sedes
2144 4006 2283 4044 suas
2309 3989 2910 4061 ;protospathariuset
2935 3989 3276 4043 sacellarius
3299 4007 3313 4056 ;
3349 3987 3605 4059 episcOpi

221 4082 494 4156 σπαθάριοί
565 4079 722 4148 εἰσιν,
780 4079 1166 4154 προκρίνονται
1218 4085 1326 4134 τῶν
1369 4079 1535 4135 λιτῶν
1588 4100 1847 4154 πριμικη·

1966 4080 2077 4135 sub
2109 4079 2471 4150 inspectione
2503 4077 2876 4148 superiorum
2904 4077 3247 4149 pontiﬁcum
3263 4077 3604 4133 constituti:

222 4172 360 4248 ρίων-
393 4171 438 4226 εἰ
471 4168 528 4225 δὲ
557 4170 647 4225 καὶ
679 4171 910 4248 ὀφφίκια
937 4165 1370 4245 προσελάϐοντο,
1401 4170 1491 4224 καὶ
1532 4170 1632 4225 εἶθ’
1681 4168 1847 4230 οὕτως

1964 4169 2279 4244 primicerii
2303 4168 2557 4224 eunuchi
2578 4167 2834 4224 cubiculi
2859 4185 2875 4237 ;
2908 4169 3063 4224 424
3085 4167 3187 4239 qui
3209 4165 3444 4223 sisimul
3467 4169 3608 4222 sunt

222 4259 583 4336 προκρίνονται
639 4264 749 4314 τῶν
807 4258 1062 4331 λοιπῶν)’
1122 4261 1150 4314 6
1208 4259 1701 4334 πρωτοσπαθάριος
1762 4258 1847 4313 καὶ

1964 4255 2823 4329 protospatharii,prsaferuntur
2835 4254 3208 4326 simplicibus
3231 4252 3606 4325 primiceriis,

227 4350 506 4428 λογοθέτης
534 4353 630 4405 τοῖ’»
649 4354 881 4426 γενικοῦο
917 4350 968 4404 o't
1001 4348 1267 4423 ὀστιάριοι
1305 4353 1404 4404 τοῦ
1432 4343 1847 4403 κουϐουκλείου·

1965 4349 2236 4419 idemque
2262 4346 2484 4403 obtinet
2511 4347 2582 4402 de
2611 4346 2707 4415 iis,
2732 4345 2830 4418 qui
2863 4344 2975 4401 alia
2998 4350 3273 4416 praeterea
3293 4344 3485 4400 ofﬁcia
3513 4361 3608 4416 ge-

225 4442 288 4514 (εἰ
324 4440 375 4498 δὲ
402 4442 490 4496 καὶ
545 4441 774 4520 όφςρίκια
820 4435 1025 4515 ἔχοιεν,
1075 4440 1455 4514 προκρίνονται
1505 4443 1613 4492 τῶν
1665 4436 1847 4511 ὁμοτί‹

1965 4440 2142 4502 runt;
2171 4435 2680 4506 protospatharius
2709 4439 2766 4489 et
2795 4433 3118 4504 logothetes
3135 4432 3323 4504 genici
3345 4449 3358 4499 ;
3384 4432 3607 4488 ostiarii

233 4537 377 4605 μων)·
434 4531 462 4585 6
517 4532 760 4601 κυὲστωρ
823 4530 910 4584 καὶ
984 4529 1061 4602 μή
1126 4527 1199 4582 ὢν
1259 4528 1767 4603 πρωτοσπαθάριος·
1827 4527 1847 4580 ἑ

1965 4523 2348 4595 cubiculi,qui
2361 4523 2412 4579 si
2428 4522 2600 4578 simul
2615 4521 2826 4578 ofﬁciis
2841 4523 3182 4594 fungantur,
3197 4520 3610 4593 praehabeutur

230 4618 702 4694 πρωτοσπαθάριος
763 4618 855 4672 καὶ
922 4617 1224 4694 λογοθέτης
1278 4622 1376 4673 τοῦ
1441 4619 1847 4692 στρατιωτικοῐὶ⁴

1966 4614 2204 4686 collegis
2228 4614 2388 4682 suis;
2413 4619 2687 4686 quaestor,
2709 4612 2940 4668 etiamsi
2965 4611 3467 4684 protoapathariua
3491 4627 3605 4666 non

234 4711 757 4786 ὀπρωτοσπαθάριος
787 4711 877 4764 καὶ
909 4708 1270 4786 δρουγγάριος
1296 4717 1398 4778 τῆς
1443 4707 1666 4783 βίγλης’
1700 4708 1728 4762 ὁ
1769 4707 1847 4760 οἱ·

1969 4705 2086 4772 sit;
2123 4703 2630 4775 protospatharius
2661 4707 2720 4758 et
2770 4700 3095 4774 logothetes
3125 4701 3252 4756 ﬁsci
3297 4701 3606 4768 militaris;

235 4801 444 4874 κονόμος
474 4807 542 4870 τῆ
574 4799 842 4874 Μεγάλης
875 4799 1232 4872 Ἐκκλησίας,
1263 4801 1399 4854 καθά
1427 4799 1494 4854 τὰ
1532 4803 1624 4852 νῦν
1671 4798 1847 4870 ἐτιμή

1970 4793 2470 4865 protospatharius
2503 4797 2559 4848 et
2588 4791 2942 4864 drungarius
2989 4789 3236 4863 vigiliae;
3270 4806 3608 4847 (economus

239 4893 366 4963 θηοὸ
395 4892 881 4967 πρωτοσπαθάριος
922 4891 1011 4945 καὶ
1062 4889 1371 4966 λογοθὲτης
1415 4893 1513 4945 τοῦ
1566 4885 1796 4962 δρόμοψ
1830 4886 1847 4940 ί

1969 4884 2192 4955 Magne
2214 4880 2506 4950 Ecclesiae,
2521 4885 2586 4936 ut
2605 4880 2986 4952 hoctempors
3005 4880 3251 4952 gradum
3266 4884 3459 4949 tenet;
3482 4895 3610 4951 pro-

235 4980 698 5056 πρωτοσπαθάριος
754 4981 846 5034 καὶ
905 4977 1271 5055 δρουγγάριος
1327 4979 1440 5034 τῶν
1501 4974 1784 5050 πλοΐμων·
1831 4977 1847 5031 ἐ

1965 4971 2368 5045 tospatharius
2389 4978 2443 5026 et
2473 4969 2802 5042 logothetes
2819 4985 3030 5025 cursus
3056 4986 3070 5037 ;
3102 4967 3607 5056 protospatharius

234 5053 696 5146 πρωτοσπαθάριος
743 5069 834 5123 καὶ
883 5053 1181 5142 λογοθέτης
1227 5072 1334 5122 τῶν
1367 5067 1594 5143 ἆγελῶν·
1639 5067 1667 5120 6
1695 5085 1847 5140 πρω-

1956 5066 2016 5118 et
2044 5059 2394 5130 drungarius
2407 5074 2612 5115 cursus
2635 5057 3166 5132 ;protospatharius
3183 5061 3242 5113 et
3258 5053 3608 5125 drungarius

229 5145 570 5232 τοσπαθάριος
608 5157 696 5211 καὶ
750 5155 836 5212 ἐπὶ
894 5162 1000 5212 τῶν
1062 5154 1383 5232 βασιλικῶνο
1445 5157 1473 5210 6
1522 5174 1847 5231 πρωτοσπα-

1957 5148 2326 5206 classiarioru
2339 5164 2417 5215 m;
2427 5146 2935 5220 protospatharius
2953 5150 3009 5203 et
3024 5145 3341 5232 logothetes
3354 5156 3609 5232 gregum;

233 5249 392 5320 θάριος
421 5247 509 5300 καὶ
559 5241 880 5317 δομὲστικος
923 5249 1030 5301 τῶν
1087 5245 1374 5300 ίκανάτων·
1438 5245 1466 5299 6
1519 5262 1847 5310 πρωτοσπα-

1958 5236 2459 5311 protospatharius
2480 5241 2535 5292 et
2557 5237 2865 5308 praefectus
2883 5235 3190 5291 hominum
3210 5228 3605 5320 imperialium

1958 5344 2059 5384 seu
2113 5327 2533 5394 basilicarum;
2585 5323 3093 5398 protospatharius
3148 5327 3204 5375 et
3249 5319 3607 5376 domesticus

1963 5416 2366 5473 hicanatorum
2391 5433 2406 5485 ;
2430 5413 2935 5488 protospatbarius
2956 5409 3381 5467 etdomeaticus
3403 5424 3606 5466 nume-

234 5335 397 5409 Θάριος
424 5332 514 5387 καὶ
565 5329 886 5405 δομέστικος
930 5337 1039 5387 τῶν
1085 5334 1389 5406 νουμὲρωψ
1441 5333 1470 5386 6
1518 5349 1852 5405 πρωτοσπα-

235 5424 391 5502 Θάριος
445 5421 535 5478 καὶ
575 5419 900 5494 δομὲστικος
959 5425 1068 5477 τῶν
1126 5421 1484 5496 ὀπτημάτων’
1546 5423 1575 5476 6
1631 5438 1849 5496 πρωτοο

1550 5574 1796 5632 νΑΒΙΕ
1845 5567 2257 5629 LECTIONES.

300 5724 334 5761 ’ί
359 5725 474 5796 περὶ
503 5730 608 5783 aut
637 5721 726 5779 διὰ
757 5727 892 5782 ante
917 5729 1018 5792 τῆς
1050 5722 1333 5781 excidisse
1361 5728 1525 5797 putat
1555 5723 1621 5780 Η.
