3972 6214
367 355 519 415 1347

1450 344 1981 409 CONSTANTINI
2026 342 2719 405 PORPHYROGENITI

3695 342 3809 403 ius

358 510 555 552 rorum
578 513 593 563 ;
629 490 1132 565 protospatbarius
1153 491 1215 544 et.
1228 484 1587 544 domesticus
1608 486 1926 555 optimatur

2246 478 2431 551 θάριος
2462 480 2551 532 καὶ
2582 478 2762 551 κόμης
2794 480 2900 532 τῶν
2933 475 3183 555 τειχέων
3229 480 3258 533 6
3289 477 3809 551 πρωτοστσὲτςχ

362 581 873 657 protospatharius
901 583 958 634 et
987 594 1178 633 comes
1201 581 1530 632 castrorum
1556 592 1570 641 ;
1602 569 2008 645 protospatba-

362 674 489 729 rius
543 675 601 727 et
651 668 1033 726 cbartularius
1080 664 1275 722 sacelli
1319 683 1332 731 ;
1386 660 1885 735 protospatbarius
1949 665 2004 712 et

361 760 753 818 chartularius
774 757 1033 813 vastisrii
1064 774 1078 823 ;
1114 754 1617 825 protospatharius
1637 756 1694 808 et
1713 748 2002 807 chartula-

358 851 480 906 rius
512 847 739 905 caniclii
764 844 1297 916 ;protospatharius
1320 849 1377 897 et
1405 844 1789 914 protostrator
1808 856 1828 899 ;
1862 854 1995 909 pro-

358 938 758 1007 tospatbarius
787 941 845 991 et
892 931 1364 1006 protoasecretis;
1427 926 1879 1000 protospatharii
1939 942 2008 980 ex

361 1043 631 1100 persona,
665 1025 722 1079 id
754 1028 841 1079 est
882 1025 1392 1093 repraesentantes,
1436 1018 1781 1082 thematum,
1818 1030 2001 1070 unus-

363 1119 608 1189 quisque
621 1112 943 1171 secundum
965 1110 1226 1166 ordinem
1248 1109 1336 1162 sui
1365 1105 1639 1162 thematis
1664 1122 1677 1173 ;
1708 1112 2006 1175 protospa-

363 1204 590 1260 tharius
616 1207 673 1258 et
705 1215 899 1256 comes
932 1197 1179 1265 stabuli;
1215 1194 1717 1268 protospatharius
1737 1196 1793 1248 et
1816 1191 2014 1263 prafe-

363 1299 490 1349 ctus
520 1291 658 1347 idici
692 1290 805 1360 logi
838 1303 936 1342 seu
962 1287 1253 1340 rationum
1278 1284 1628 1356 privatarum
1656 1299 1669 1349 ;
1698 1285 2000 1352 protospa-

365 1382 588 1438 lbarius
620 1385 677 1435 et
707 1393 953 1449 magnus
982 1379 1251 1441 curator;
1277 1372 1783 1445 protospatharius
1810 1374 1868 1425 et
1895 1386 2001 1423 cu-

369 1476 527 1527 rator
558 1484 1023 1541 manganorum;
1072 1462 1578 1537 protospatbarius
1626 1466 1683 1517 et
1737 1458 2013 1531 magister

366 1559 699 1615 libellorum
719 1556 1090 1629 supplicum;
1120 1552 1629 1626 protospatbarius
1650 1558 1703 1605 et
1725 1550 2012 1620 orphano-

362 1650 611 1718 trophus
639 1664 653 1714 ;
687 1643 1138 1718 protospatharii
1170 1647 1226 1699 et
1269 1640 1673 1698 cleisurarchze
1704 1640 1831 1711 [seu
1866 1654 2010 1709 prae-

364 1738 502 1793 fecti
531 1737 809 1804 limitum,
840 1735 926 1789 vel
957 1738 1013 1790 et
1045 1733 1363 1795 minorum,
1396 1745 1568 1800 quam
1618 1736 1753 1783 sunt
1809 1731 2012 1782 strate-

362 1832 519 1897 gata,
540 1827 941 1897 praefecturam
954 1823 1030 1892 m]
1048 1818 1573 1890 ;protospatharius
1586 1820 1642 1870 et
1656 1815 2010 1871 demarchus

364 1915 710 1969 Venetorum
741 1932 754 1979 ;
790 1909 1296 1981 protospatharius
1341 1916 1396 1961 et
1445 1904 1795 1960 demarchus
1826 1903 2015 1959 Prasi-

364 2017 576 2057 norum
600 2018 613 2067 ;
640 1996 1149 2071 protospatharius
1181 2000 1237 2051 et
1268 1992 1749 2051 caeremoniarius
1778 2009 1791 2059 ;
1831 1996 2022 2063 proto-

362 2088 701 2161 spatharius
734 2093 789 2143 et
819 2090 1181 2157 exslrategus
1212 2083 1650 2140 Anatolicorum
1678 2100 1692 2137 z
1718 2086 2017 2153 protospa-

366 2179 598 2233 tbarius
629 2182 686 2233 et
708 2176 1137 2233 exdomesticus
1161 2173 1533 2239 scholarum;
1560 2171 2023 2243 protospatbarii

367 2272 423 2323 et
454 2266 767 2337 exstrategi
800 2264 1167 2335 singulorum
1211 2263 1540 2318 themetum
1590 2258 1970 2315 Orientalium
2004 2276 2017 2327 ;

371 2356 873 2428 protospatharius
895 2358 950 2409 et
970 2352 1404 2409 exdomesticus
1425 2350 1864 2418 excubitorum;
1894 2366 2021 2419 pro-

368 2444 711 2519 tospatbarii
743 2448 800 2499 et
828 2442 1191 2515 exprel‘ecti;
1239 2438 1687 2512 protospatharii
1720 2442 1776 2493 et
1805 2442 2021 2492 exstra-

368 2535 485 2609 tegi
514 2536 880 2590 thematbum
914 2530 1404 2598 occidentalium;
1464 2526 1915 2599 protospatbarii
1965 2532 2021 2583 et

368 2628 798 2695 exquastores;
849 2620 1303 2692 protospatbarii
1374 2616 1873 2688 cbrysotriclinii;
1920 2616 2019 2685 qui

368 2718 563 2768 tamen
594 2712 735 2767 olim
764 2711 1219 2781 praeferebantur
1256 2707 1603 2777 exstrategis
1634 2710 1693 2759 et
1741 2706 2018 2775 expraate-

369 2802 480 2857 ctis
506 2826 521 2867 ;
555 2798 1003 2871 protospatbarii
1018 2796 1249 2867 judices
1273 2816 1287 2863 ;
1316 2792 1767 2866 protospatharii
1788 2794 1857 2848 de
1875 2809 2017 2849 con-

373 2890 644 2945 tubernio
679 2886 1125 2957 inaglabitarum
1149 2890 1207 2940 et
1228 2883 1527 2949 articlinse,
1564 2882 2015 2953 protospatharii

366 2984 425 3035 et
456 2977 765 3034 archontes
796 2975 1165 3031 stabulorum
1199 2990 1212 3039 ;
1246 2972 1695 3045 protospalbarii
1728 2976 1784 3027 et
1814 2972 2014 3027 exotﬁ-

366 3068 567 3137 ciales,
599 3067 809 3122 sedum
842 3064 1061 3133 ofﬁcia,
1092 3080 1220 3135 quae
1253 3063 1391 3119 olim
1423 3067 1736 3118 tenuerunt
1763 3080 1779 3130 ;
1819 3066 2013 3133 proto-

366 3156 649 3231 spatharii
681 3160 737 3212 et
772 3154 1001 3211 basilici
1035 3154 1359 3211 secundum
1413 3153 1805 3223 promotiones
1835 3167 2011 3220 suas;

368 3222 825 3319 protospatbarii
845 3248 902 3301 et
924 3246 1239 3312 asecretis;
1278 3222 1735 3314 protospatbarii
1769 3241 2012 3302 urbani;
2044 3222 2085 3288 C

370 3335 821 3409 protospatbarii
860 3335 1069 3390 exotici
1101 3334 1186 3390 vel
1221 3333 1548 3389 suburbani
1580 3336 1680 3386 aut
1704 3339 1757 3387 et
1786 3331 2018 3401 provin-

367 3426 563 3482 ciales.
597 3426 757 3488 Quod
794 3424 843 3478 si
876 3428 1071 3478 autem
1106 3439 1221 3476 non
1254 3437 1457 3476 omnes
1504 3420 1587 3474 illi
1639 3420 1855 3474 fuerint
1885 3436 2020 3489 pro-

368 3512 732 3583 tospatbarii,
773 3511 871 3580 qui
919 3511 1232 3580 dignitates
1289 3524 1391 3578 per
1428 3508 1766 3562 mandatum
1820 3507 2019 3561 obtin-

365 3604 568 3670 gentes
600 3606 821 3663 tenent,
855 3603 1142 3669 quantum
1175 3595 1409 3666 quidem
1441 3597 1510 3649 ad
1544 3600 1863 3665 strategum
1894 3611 2019 3665 pro-

362 3686 686 3744 vinciarum
717 3686 1100 3743 Orientalium
1134 3694 1186 3740 et
1212 3683 1912 3753 Occidentaliumattinet,
1933 3684 2015 3753 hi,

366 3776 846 3850 quandoquidem
880 3776 1028 3833 425
1058 3775 1352 3846 dignitate
1383 3776 1664 3845 gaudent,
1700 3773 1829 3828 ideo
1861 3775 2014 3845 quod

366 3884 503 3925 cum
535 3884 604 3924 ea
626 3868 908 3923 brabeum
943 3864 1123 3922 simul
1150 3880 1267 3920 non
1291 3866 1638 3934 acceperint,
1664 3880 1777 3919 non
1803 3866 2018 3920 cedunt

366 3959 505 4014 sede
535 3961 594 4012 et
624 3956 1012 4028 praecedentia
1062 3955 1185 4009 suis
1236 3953 1545 4024 provinciis
1597 3954 2014 4022 conveniente;

367 4048 467 4103 sed
500 4062 629 4101 eam
663 4046 861 4101 sedem
894 4045 1186 4110 obtinent,
1214 4058 1335 4112 quae
1367 4042 1494 4097 suis
1526 4042 1839 4112 provinciis
1863 4045 2015 4097 assi-

364 4143 537 4208 gnata
585 4142 692 4190 est.
741 4135 1053 4190 Prwfectus
1100 4132 1263 4187 urbis
1307 4136 1363 4186 et
1421 4134 1673 4202 quaestor
1723 4130 1847 4201 pari
1887 4133 2017 4201 jure

363 4226 657 4280 fruuntur.
691 4222 919 4293 Reliqui
944 4225 1138 4276 autem
1160 4235 1364 4274 omnes
1391 4219 1741 4288 dignitatum
1767 4219 2013 4290 insigni-

359 4315 471 4370 bus
502 4312 683 4369 simul
716 4316 772 4367 et
802 4311 1014 4367 ofﬁciis
1046 4308 1317 4365 honorati
1352 4323 1583 4377 semper
1618 4306 1733 4363 illis
1787 4309 2012 4379 praeba-

365 4401 595 4471 bentur,
631 4402 731 4472 qui
762 4417 960 4456 secum
985 4399 1185 4461 eadem
1216 4396 1476 4465 insignia
1504 4396 1877 4467 dignitatum,
1910 4398 2013 4453 sed

368 4490 592 4561 absque
623 4490 948 4546 ofﬁciorum
1002 4487 1365 4556 muneribus,
1398 4485 1778 4541 obtinuerint.
1816 4487 1877 4541 In
1918 4504 2020 4542 or-

2121 566 2213 620 καί
2246 566 2649 641 χαρτουλάριος
2694 572 2793 622 τοῦ
2843 565 3155 621 σακελλίου·
3209 569 3239 622 6
3286 566 3815 641 Trpw'tO'S‘tiﬁiilz

2126 655 2216 709 καὶ
2250 655 2652 730 χαρτουλάριος
2710 662 2807 711 τοῦ
2862 656 3188 730 βεστιαρῖου·
3230 658 3258 711 6
3290 660 3828 731 πρωτοσπσθὲςίς

2123 746 2215 799 καὶ
2275 747 2679 820 χαρτουλάριος
2745 751 2843 801 τοῦ
2905 745 3236 801 κανικλείουο
3293 748 3325 801 6
3411 760 3834 817 πρωτοσπαῇ-

2129 853 2243 908 ριος
2315 832 2401 888 καὶ
2478 836 2941 908 πρωτοπράτωρ*
3018 836 3046 888 6
3121 833 3705 907 πρωτοσππθεὶριος
3772 858 3831 887 ac:

2123 926 2653 995 πρωτοασηκρήτης·
2715 925 2765 978 οἱ
2821 929 3304 999 πρωτοσπαθάριοι
3376 926 3462 979 ἐκ
3546 925 3838 997 προσώτνλ

2117 1016 2225 1067 τῶν
2260 1014 2507 1086 θεμάτων
2558 1012 2694 1068 κατὰ
2749 1014 2809 1066 τὸ
2848 1010 2989 1067 ἲδιον
3035 1014 3260 1068 ἑκάστου
3320 1017 3549 1086 θὲμσιο
3624 1016 3658 1068 6
3717 1036 3841 1086 ερε-

2117 1103 2485 1174 τοσπαθάριος
2546 1104 2635 1157 καὶ
2683 1102 2866 1174 κόμης
2912 1107 3009 1157 τοῦ
3066 1099 3327 1158 στάϐλουο
3390 1106 3432 1158 ὁ
3480 1124 3843 1176 πρωτοστα-

2121 1189 2305 1262 θάριος
2336 1191 2427 1243 καὶ
2461 1189 2549 1243 ἐπὶ
2592 1193 2688 1243 τοῦ
2740 1186 2945 1244 εἰδικοῦ
2994 1187 3181 1263 λόγου’
3217 1193 3246 1245 6
3281 1192 3847 1266 npmtomeipzs:

2121 1277 2209 1331 καὶ
2263 1278 2430 1352 μὲγας
2470 1278 2774 1353 κουράτωρ*
2824 1279 2851 1331 6
2901 1280 3417 1354 πρωτοσπαθάριος
3490 1281 3614 1336 καὶ
3667 1284 3847 1334 κοπε-

2119 1387 2233 1441 τωρ
2280 1372 2389 1421 τῶν
2436 1368 2750 1443 μαγγάνων·
2786 1369 2815 1421 6
2852 1371 3343 1445 πρωτοσπαθάριος
3409 1370 3543 1424 καὶ
3612 1369 3717 1425 ἐπὶ
3764 1376 3843 1423 τε,

2128 1454 2387 1526 δεήσεων*
2451 1458 2478 1511 6
2546 1459 3041 1532 πρωτοσπαθάριος
3097 1461 3183 1513 καὶ
3241 1461 3773 1538 ὀρφανοτρὸφθς·
3816 1466 3843 1511 ί

2121 1548 2614 1619 πρωτοσπαθάριοι
2655 1547 2745 1600 καὶ
2794 1546 3242 1623 κλεισουρᾶρχαι·
3302 1550 3331 1603 6
3386 1562 3849 1623 πρωτοσταίμς

2124 1655 2241 1709 ριος
2289 1636 2380 1689 καὶ
2423 1632 2720 1709 δήμαρχος
2769 1641 2876 1691 τῶν
2914 1638 3165 1692 Βενέτων·
3217 1638 3244 1691 ὁ
3286 1641 3850 1713 πρωτοσπαῦἁριςς

2120 1724 2209 1778 καὶ
2256 1722 2548 1800 ὃήμαργος
2595 1730 2703 1779 τῶν
2749 1726 3049 1799 Πρασίνων·
3083 1728 3113 1781 6
3144 1728 3727 1801 πρωτοσπαθάριος
3776 1730 3841 1781 ui

2124 1813 2209 1868 ἐπὶ
2271 1820 2374 1882 τῆς
2432 1816 2830 1876 καταστάσεως·
2890 1816 2917 1870 ὁ
2974 1813 3519 1891 πρωτδσπαθάριος
3596 1818 3708 1871 καὶ
3764 1820 3844 1869 ἐτι

2134 1908 2452 1978 στρατηγῶν
2528 1909 2635 1958 τῶν
2730 1904 3120 1961 Ἀνατολικῶψ
3190 1908 3217 1959 6
3283 1908 3843 1980 πρωτοσπαθέρςσς

2132 1994 2222 2047 καὶ
2255 1994 2359 2047 ἀπὸ
2395 1990 2729 2065 δομεστίκων
2778 2000 2887 2049 τῶν
2938 1996 3175 2068 σχολῶν·
3212 1998 3262 2050 οἱ
3293 1999 3839 2071 πριοτοσπαθὰρξε;

2135 2081 2221 2136 καὶ
2290 2083 2395 2136 ἀπὸ
2454 2088 2772 2157 στρατηγῶν
2831 2090 2937 2138 τῶν
2999 2084 3369 2139 ’Δνατολικῶν
3439 2088 3777 2159 θεμάτων
3824 2089 3841 2138 ὁ

2130 2170 2623 2245 πρωτοσπαθάριος
2653 2171 2741 2224 καὶ
2790 2172 2894 2225 ἀπὸ
2944 2168 3281 2243 δομεστὶκων
3322 2178 3443 2227 τῶν
3529 2171 3837 2243 iiuna-:5:-

2129 2260 2326 2332 τόρων·
2398 2259 2449 2313 οἷ
2516 2261 2999 2335 πρωτοσπαθάριοι
3055 2262 3141 2314 καὶ
3204 2262 3311 2316 ἀπὸ
3386 2261 3725 2337 ἐπάρχων
3792 2262 3835 2314 οἳ

2129 2349 2610 2422 πρωτοσπαθάριοι
2665 2351 2752 2403 καὶ
2804 2349 2910 2403 ἀπὸ
2961 2354 3277 2424 στρατηγῶν
3311 2359 3420 2420 τῆς
3475 2351 3745 2413 δύσεως
3788 2354 3829 2404 εσὶ

2130 2440 2611 2511 πρωτοσπαθαριοι
2658 2438 2749 2492 καὶ
2797 2438 2905 2492 ἀπὸ
2954 2442 3258 2511 κυεστόρων
3320 2442 3405 2511 (οἱ
3462 2461 3833 2515 πρωτοσπσ-

2131 2530 2308 2601 θάριοι
2364 2532 2462 2582 τοῦ
2532 2528 2993 2603 χρυσοτρικλὶνου
3058 2532 3477 2604 προεκρίθησαν
3550 2530 3737 2585 πάλαι
3782 2532 3821 2565 ⁵⁵

2126 2624 2234 2673 τῶν
2267 2618 2373 2672 ἀπὸ
2404 2622 2720 2691 στρατηγῶν
2746 2618 2835 2673 καὶ
2868 2618 2972 2672 ἀπὸ
3014 2619 3312 2694 ἐπάρχων)’
3352 2622 3410 2674 οἱ
3462 2641 3813 2691 πρῶτος-ται

2129 2707 2308 2779 Θάριοι
2367 2706 2454 2760 καὶ
2512 2706 2712 2780 κριταί·
2776 2708 2827 2760 οἱ
2885 2710 3378 2782 πρωτοσπαθάριοι
3424 2715 3533 2763 τοῦ
3606 2709 3811 2783 p.111:-

2128 2790 2247 2848 ϐίου
2306 2793 2399 2848 καί
2452 2794 2775 2869 ἀρτικλῖναν
2848 2797 2898 2849 οἱ
2966 2800 3461 2871 πρωτοσπαθάριοι
3540 2800 3641 2852 καὶ
3721 2798 3809 2868 ἆξ-

2127 2903 2319 2957 χοντες
2356 2888 2463 2938 τῶν
2526 2880 2799 2939 στάϐλων·
2860 2886 2913 2939 οἱ
2980 2888 3476 2959 πρωτοσπαθάριοι
3540 2890 3643 2941 καὶ
3708 2886 3802 2940 ἀπὸ

2124 2972 2394 3049 ἀφφικίων
2424 2972 2560 3027 κατὰ
2604 2974 2671 3027 τὰ
2716 2994 2849 3029 ποτε
2895 2973 3122 3050 ὀφφίκια
3176 2976 3371 3029 αὐτῶν·
3450 2978 3509 3031 οἱ
3584 2997 3803 3047 πρῶτος

2126 3061 2411 3135 σπαθάριοι
2440 3062 2527 3116 καὶ
2563 3060 2839 3135 βασιλικοὶ
2884 3064 3023 3118 κατὰ
3074 3064 3189 3131 τὰς,
3242 3060 3546 3137 προϐολὰς
3607 3064 3797 3119 αὐτῶν·

2124 3152 2175 3205 οἱ
2215 3153 2697 3225 πρωτοσπαθάριοι
2744 3154 2832 3206 καὶ
2888 3153 3216 3226 ἀσηκρῆται’
3271 3154 3323 3207 οἱ
3382 3152 3799 3225 πρῶτοσπιῢεὶ-

2124 3262 2231 3316 ριοι
2268 3243 2319 3296 οἱ
2353 3239 2441 3295 διὰ
2472 3240 2708 3302 πόλεως’
2757 3243 2809 3295 οἱ
2856 3242 3341 3317 πλωτοσπαθὰριοι
3407 3246 3465 3297 οἱ
3522 3241 3797 3315 ἐξωτικοὶ.

2123 3330 2187 3387 Εἰ
2224 3327 2281 3383 δὲ
2331 3331 2406 3402 μή
2460 3330 2560 3385 εἶεν
2603 3330 2797 3391 πάντες
2847 3331 3354 3404 πρωτοσπαθάριοι,
3403 3333 3507 3386 καὶ
3546 3333 3655 3393 τὶς
3689 3330 3795 3385 εισι

2124 3416 2294 3491 λόγου
2326 3418 2761 3494 προσγινομένας
2795 3418 2941 3488 ἀξίας
2974 3420 3318 3494 κατέχουσιν,
3354 3422 3407 3474 οἱ
3450 3426 3549 3475 νῦν
3607 3441 3795 3494 32,11:—

2124 3506 2275 3579 ηγοὶ,
2312 3513 2411 3574 τῆς
2438 3528 2497 3561 τε
2526 3507 2831 3576 Ἀνατολῆς
2863 3507 2953 3562 καὶ
3002 3515 3096 3577 τῆς
3149 3508 3359 3569 Δῦσεως
3411 3510 3540 3585 οὐχ
3600 3510 3790 3567 ὑποπί-

2120 3616 2350 3649 πτουσιν
2382 3602 2480 3664 τῆς
2512 3593 2621 3665 ἤδη
2657 3594 2941 3674 λαχούσης
2981 3597 3154 3652 αὐτῶν
3202 3602 3309 3651 τῶν
3361 3600 3635 3670 θεμάτων
3671 3611 3797 3659 καθ·

2124 3682 2279 3758 ἑδρας
2313 3681 2401 3739 διὰ
2430 3686 2528 3752 τὴν
2561 3684 2858 3740 ἐλάττωσιν
2900 3690 2997 3741 τοῦ
3046 3682 3299 3761 βραϐείου
3348 3688 3564 3759 αὐτῶν,
3624 3692 3788 3759 ὑπὲρ-

2124 3794 2324 3851 χοντος
2377 3774 2710 3847 ἀξιώματος,
2766 3773 2890 3830 ἀλλ’
2951 3774 3002 3829 ὲν
3052 3779 3119 3847 τῇ
3167 3776 3332 3846 τάξει,
3446 3777 3791 3853 ἐτάχθησαν,

2122 3865 2256 3918 κατὰ
2285 3865 2347 3918 τὸ
2396 3863 2597 3918 οἰκεῖον
2650 3864 2787 3937 Θὲμα
2835 3864 3169 3933 καθέζονται.
3220 3867 3501 3930 Ὡσαύτως
3557 3868 3661 3923 οὖν
3708 3868 3786 3919 καὶ

2122 3954 2149 4007 6
2190 3949 2434 4025 ἔπαρχος
2482 3952 2699 4015 πόλεως
2754 3955 2845 4009 καὶ
2905 3955 2933 4008 6
2992 3955 3285 4029 κυαίστωρ.
3336 3958 3403 4013 Οἱ
3465 3954 3528 4011 δὲ
3596 3956 3787 4012 λοιποῖ

2120 4043 2309 4103 πάντες
2337 4042 2762 4121 ὀφφικιάλιοιέν
2819 4050 2937 4105 τοῖς
2997 4044 3291 4118 ὁμοτίμοις
3340 4050 3449 4099 τῶν
3502 4043 3600 4100 διὰ
3662 4049 3786 4122 βρα-

2121 4126 2281 4185 ϐείων
2333 4129 2637 4205 διδομένων
2708 4132 3034 4205 ἀξιωμάτων
3090 4134 3543 4207 προτετίμηνται.
3601 4139 3697 4193 Ἐν
3738 4132 3789 4187 δὲ

2118 4223 2187 4291 τῇ
2229 4221 2369 4289 τάξει
2428 4225 2535 4274 τῶν
2586 4222 2855 4298 ὀςρφικίων
2905 4219 3133 4284 ἕκαστος
3194 4221 3365 4277 αὐτῶν
3420 4224 3525 4291 τήν
3580 4224 3783 4279 οἰκείαν

2118 4310 2264 4379 τάξιν
2309 4304 2598 4382 λαμϐάνει.
2655 4312 2806 4366 Μετὰ
2858 4309 2916 4365 δὲ
2963 4318 3061 4380 τῆς
3109 4316 3215 4365 τῶν
3264 4313 3779 4383 πρωτοσπαθαρῐων

2118 4406 2289 4471 τιμῆς
2340 4397 2562 4474 δευτέρα
2610 4402 2644 4469 ἡ
2694 4405 2802 4455 τῶν
2862 4398 3445 4477 σπαθαροκανδιδάτων
3501 4402 3777 4474 εἰσάγεται

2120 4487 2291 4557 τάξις,
2322 4489 2439 4542 οἷον
2502 4487 3055 4562 σπαθαροκανδιδάτοι
3104 4489 3194 4545 καὶ
3245 4488 3592 4568 ὀφφικιάλιοι
3646 4489 3784 4545 κατξι

372 4577 508 4633 dine
539 4582 731 4633 autem
748 4578 1072 4634 ofﬁciorum
1088 4578 1339 4650 quisque
1364 4576 1551 4631 locum
1576 4575 1687 4631 sibi
1716 4576 1940 4647 proprii

2259 4577 2485 4655 ὁφφίκια
2551 4577 2743 4634 αὐτῶν·
2815 4580 2868 4633 οἱ
2936 4574 3641 4653 σπαθαροκουϐικουλὰριοι
3696 4584 3783 4633 τοῦ

370 4672 636 4737 occupat.
672 4665 807 4721 Post
837 4666 1435 4738 protospatbariorum
1470 4663 1711 4719 classem
1745 4665 2013 4720 introdu-

362 4753 512 4810 citur
543 4754 823 4824 secunda,
873 4771 1081 4825 nempe
1136 4753 1851 4826 spatharocandidatorum
1886 4754 2013 4827 [seu

367 4844 805 4915 spatbariorum
837 4849 895 4901 et
927 4844 1417 4915 candidatorum],
1454 4848 1517 4899 ut
1547 4845 1647 4916 qui
1670 4843 1849 4901 simul
1879 4861 2015 4916 spa-

2129 4665 2416 4742 βασιλικοῦ
2446 4674 2728 4733 κοιτῶνοςο
2778 4664 3468 4744 σπαθαροκουϐικουλάριοι
3516 4675 3622 4724 τοῦ
3666 4693 3781 4725 κον).

2124 4750 2435 4813 ϐουκλείοδ·
2490 4753 2841 4832 πρεσϐύτεροι
2896 4761 3005 4832 (22)
3058 4761 3111 4814 οἱ
3173 4759 3470 4834 βασιλικοί·

2124 4840 2376 4921 σϐύτεροι
2408 4846 2499 4902 καὶ
2530 4847 2827 4924 ἡγούμενοι
2875 4850 2963 4903 καὶ
3009 4844 3365 4923 πρεσῦύτεροι
3421 4855 3522 4918 τῆς
3574 4849 3781 4917 ἐκκλη-

3556 4761 3615 4814 o'i
3668 4782 3791 4835 πρε-

1736 4961 1978 5019 VARIIE
2019 4963 2405 5021 LECTIONES

441 5086 486 5121 ὀ
515 5082 685 5139 πάλαι
716 5086 903 5142 effecit
932 5085 998 5141 R.
1030 5101 1099 5142 ex
1128 5083 1349 5140 incerto
1380 5084 1505 5139 cod.
1540 5084 1842 5156 compend.

1424 5200 1625 5256 JOAN.
1666 5202 1810 5257 JAC.
1854 5200 2113 5257 REISKII
2153 5201 2732 5261 COMMENTARIUS.

446 5326 560 5398 (22)
591 5328 712 5383 Vox
759 5327 881 5384 hac
932 5327 1023 5383 bis
1067 5327 1159 5384 hic
1224 5327 1456 5400 legitur,
1489 5328 1769 5400 utpote,
1820 5324 2021 5400 otiose.

376 5398 513 5462 Qua
545 5396 802 5455 secundo
847 5400 973 5457 loco
1022 5405 1133 5467 est,
1165 5396 1309 5454 eam'
1355 5404 1457 5453 aut
1501 5396 1834 5461 delendam,
1867 5396 2028 5453 nullo

378 5471 517 5526 dato
549 5485 909 5536 successore,
941 5476 1043 5526 aut
1075 5472 1141 5537 si,
1168 5487 1304 5537 cum
1355 5470 1467 5525 alia
1499 5467 1815 5537 permutari
1838 5468 2028 5534 debet,

379 5559 483 5613 pro
515 5558 581 5596 ea
613 5540 1025 5613 sufﬁciendum
1080 5536 1334 5613 ἀϐϐᾀδες,
1384 5536 1659 5613 ηιοήαεὴί,
1711 5544 1929 5613 putem.
1966 5541 2034 5596 Et

381 5610 658 5685 praeterea
670 5610 1044 5686 τῆςνΜεγάλῃς
1063 5610 1393 5686 Ἑκκᾉησξας
1408 5611 1797 5686 leg._Attamen
1826 5612 2033 5686 p.625,

378 5679 613 5758 quoque
673 5679 892 5757 legitur
943 5682 1038 5747 τῆς
1106 5679 1420 5755 ἐκκλησίας,
1467 5679 1704 5753 ἐδεᾳυθ
1763 5679 2031 5754 μεγάλης

2140 5325 2236 5410 ubi
2265 5326 2427 5410 nulla
2459 5330 2792 5410 alia,_quam
2825 5333 3029 5403 Magna
3054 5331 3439 5410 Ecclesiaseu
3472 5332 3531 5388 S.
3567 5334 3789 5407 Sophia

2141 5398 2521 5475 intelligitur.
2576 5398 2699 5475 Huc
2758 5398 2989 5475 quoqi'ie
3045 5404 3231 5475 refero
3305 5405 3622 5461 dictionem
3657 5398 3784 5462 ’τῶν

2142 5465 2555 5554 οἴκωνιῇτέίῌέ
2593 5474 2713 5554 _uhi_
2754 5465 3021 5554 dubium,
3074 5473 3395 5554 βασιλικῶν,
3446 5493 3519 5554 ap
3570 5475 3785 5554 fﬁajcﬁv

2143 5541 2498 5625 sub-intelligi
2516 5545 2742 5625 debeat.
2762 5541 3155 5625 monachos'ad
3172 5547 3439 5625 Magnam
3458 5541 3782 5625 Ecclesiam

2144 5619 2497 5685 pertinuisse
2526 5622 2770 5673 constat.
2808 5619 2913 5673 Ubi
2965 5627 3158 5674 autem
3205 5624 3343 5673 sunt
3376 5620 3672 5685 monachi,
3705 5624 3783 5679 ibi

2143 5701 2375 5759 quoque
2405 5687 2726 5761 presbyteri
2757 5696 2816 5746 et
2837 5690 3151 5763 begumeni
3182 5690 3372 5748 locum
3404 5689 3651 5751 habent.
