3972 6214
164 373 366 436 1349
1057 373 1159 433 DE
1205 371 1658 434 CERIMONllS
1701 369 1894 431 AULI

1996 369 2461 430 BYZANTINZE
2506 371 2653 432 LIB.
2700 372 2781 434 II.
3468 383 3624 443 1350

163 513 344 575 σίας·
407 512 458 566 οἱ
507 505 1065 583 σπαθαροκανδιδάτοι
1113 507 1202 562 καὶ
1252 507 1357 561 ἀπὸ
1421 509 1758 581 στθατηγῶν·
1806 505 1894 576 οἱς

2000 503 2438 560 harocandidati
2487 511 2543 560 et
2589 506 2874 562 ofﬁciales
2925 517 3082 579 sunt,
3111 527 3176 566 eo
3207 512 3622 572 introducendi

170 598 774 676 σπαθαροκανδιὸάτοι
825 604 923 655 τοῦ
970 599 1448 674 χρυσοτρικλίνου·
1500 600 1551 652 oi
1601 599 1870 666 σπαθαρο-

1996 591 2199 660 irdine,
2233 608 2409 664 quem
2441 593 2701 650 ofﬁcium
2741 596 3015 666 quodque
3049 600 3320 656 sortitum
3353 609 3458 658 est.
3483 604 3630 675 Spa-

170 689 531 748 κανδιόάτοι
583 692 633 746 οἱ
684 691 949 745 οἱκειακοὶ
997 690 1087 744 καὶ
1149 688 1349 764 κριταί·
1403 689 1454 743 οἱ
1503 689 1870 761 σπαθαροκαν-

1996 682 2487 739 ,δοτοοοοίοιιιεινὶἰ
2518 686 2667 741 sacri
2695 687 2936 742 cmtonis
2961 707 2975 755 ;
3000 689 3626 759 spatharocuhicularii

174 779 431 837 διδάτοι
475 781 564 835 καὶ
618 773 950 855 μαγλαϐἴται
1000 778 1089 832 καὶ
1138 777 1466 852 ἆρτικλῖναι·
1519 778 1570 832 οἳ
1603 777 1872 851 σπαθαρο-

1996 771 2265 839 :ubiculi;
2301 773 2619 844 presbyteri
2660 774 2936 846 palatini;
2974 777 3291 848 presbyteri
3323 780 3620 851 iidemque

174 867 529 926 κανδιδάτοι
562 871 614 924 οἱ
647 870 752 924 ἀπὸ
782 867 1075 946 ὸφφικίων,
1117 868 1174 921 οἱ
1224 863 1786 940 σπαθαροκανδιδάτοι
1818 865 1871 918 oi

1996 861 2286 930 legumeni
2320 861 2895 934 [monasteriorum];
2922 865 3242 937 presbyteri
3274 867 3496 938 Magnae
3528 869 3631 924 Ec-

180 961 486 1016 οἷκειακοὶ
533 965 631 1016 τοῦ
681 957 996 1014 λαοσιακοῦ·
1049 958 1102 1012 οἱ
1160 952 1724 1030 σπαθαροκανδιδάτοι
1779 952 1869 1007 καὶ

183 1049 547 1124 ἂσηκρῆται·
610 1051 662 1104 οἱ
728 1044 1290 1116 σπαθαροκανδιόάτοι
1357 1045 1448 1099 καὶ
1520 1041 1871 1118 κλεισοοράρ-

183 1155 334 1214 χαι·
376 1138 427 1192 οἱ
460 1132 1016 1212 σπαθαροκανδιδάτοι
1063 1134 1154 1187 καὶ
1195 1130 1547 1206 τοορμάρχαι
1573 1134 1681 1184 τῶν
1717 1124 1870 1203 φιόεο

187 1227 398 1303 ράτων
653 1226 705 1280 o't
761 1219 1319 1297 σπαθαροκανδιδάτοι
1376 1221 1466 1274 καὶ
1523 1218 1870 1293 τουρμάρχαι

189 1316 524 1376 Λυκαονίας
586 1315 678 1368 καὶ
748 1309 1091 1390 Παμφυλίας·
1183 1310 1234 1364 οἱ
1319 1303 1872 1380 σπαθαροκανδιδάτοι

191 1404 296 1458 καὶ
355 1403 730 1477 τοποτηρηταὶ
779 1422 886 1455 των
916 1402 1161 1474 σχολῶν·
1215 1399 1266 1452 οἱ
1317 1391 1872 1468 σπαθαροκανδιδάτοι

191 1493 300 1548 καὶ
335 1493 691 1566 τουρμάρχαι
719 1494 828 1545 τῶν
861 1496 961 1558 τῆς
1013 1485 1320 1555 Ἀνατολῆς
1365 1483 1612 1558 θεμάτων
1645 1482 1779 1537 κατᾶ
1808 1484 1873 1536 τὰ

197 1582 431 1654 θέματα
487 1581 688 1635 αὐτῶν·
755 1580 783 1634 6
851 1573 1412 1651 σπαθαροκανδιδάτος
1476 1573 1565 1628 καὶ
1632 1593 1876 1642 τοποτη-

202 1672 398 1743 ρητής
427 1673 537 1724 τῶν
583 1661 1034 1740 ὲξσκοοϐιτόρων·
1088 1665 1140 1718 oi
1196 1657 1754 1736 σπαθαροκανδιδάτοι
1784 1659 1874 1713 καὶ

197 1760 573 1834 τουρμάρχαι
618 1761 726 1812 τῶν
781 1753 1026 1827 θεμάτων
1089 1759 1189 1821 τῆς
1241 1751 1472 1814 Δῦσεως·
1525 1751 1554 1805 6
1602 1749 1874 1823 σπαθαρο-

199 1845 545 1902 κανδιδάτος
593 1847 684 1900 καὶ
730 1843 1118 1918 τοποτηρητής
1151 1845 1250 1896 τοῦ
1293 1839 1554 1914 ἀριθμοῦ·
1589 1839 1642 1893 οἱ
1671 1840 1877 1894 σπαθα-

205 1933 605 2009 ροκανδιδάτοι
653 1935 744 1988 καὶ
799 1932 1155 2008 τουρμάρχαι
1205 1935 1314 1987 τῶν
1361 1928 1643 2001 πλοῒμωνο
1678 1929 1706 1982 6
1738 1947 1877 1982 σπα-

209 2020 684 2098 θαροκανδιδάτος
747 2022 834 2076 καὶ
903 2021 1294 2094 τοποτηρητής
1357 2022 1455 2073 τοῦ
1521 2015 1790 2090 πλοΐμοο·
1851 2017 1879 2071 ὁ

209 2109 788 2188 σπαθαροκανὸιέάτος
846 2112 938 2166 καὶ
979 2109 1370 2183 τοποτηρητὴς
1433 2112 1540 2161 τῶν
1592 2105 1878 2161 ἱκανάτων·

218 2202 249 2256 6
306 2196 882 2275 σπαθαροκανδιδάτος
930 2200 1021 2256 καὶ
1068 2197 1456 2268 τοποτηρητής
1517 2200 1622 2249 τῶν
1680 2193 1881 2267 νουμὲ-

222 2308 360 2366 ρων·
434 2293 463 2346 6
532 2286 1098 2366 σπαθαροκανδιόάτος
1165 2288 1255 2342 καὶ
1308 2285 1704 2359 τοποτηρητής
1770 2287 1878 2338 τῶν

215 2381 586 2454 ὀπτημάτων·
657 2381 685 2434 6
755 2373 1319 2451 σπαθαροκανδιδάτος
1375 2374 1464 2429 καὶ
1495 2373 1882 2447 τοποτηρητής

217 2476 334 2526 τῶν
381 2470 636 2544 τειχέων·
700 2470 751 2522 οἱ
810 2462 1368 2540 σπαθαροκανδιδάτοι
1429 2466 1482 2518 oi
1541 2462 1630 2518 διὰ
1664 2463 1881 2524 πόλεως

215 2561 308 2615 καὶ
368 2559 420 2614 οἱ
462 2562 574 2613 τῶν
624 2553 909 2632 σεκρέτων·
963 2556 1014 2611 oi
1065 2552 1349 2641 δισύπατεοι
1405 2554 1541 2608 κατὰ
1581 2553 1678 2614 τὰς
1707 2553 1880 2622 τάξεις

217 2650 427 2704 αὐτῶν.
465 2648 526 2704 Εἰ
559 2645 615 2702 δὲ
666 2649 741 2720 μὴ
796 2647 901 2700 εἶεν
954 2647 1106 2700 οὗτοι
1155 2640 1734 2714 σπαθαροκανδιδάτοι,
1765 2648 1884 2705 ταῖς

221 2739 320 2810 μὲν
377 2734 468 2791 διὰ
522 2733 788 2810 βραϐείων
845 2734 1014 2805 ἀξίαις
1074 2731 1547 2802 ὑποπιπτέτωσαν,
1579 2732 1630 2786 ἐν
1681 2728 1739 2786 δὲ
1764 2737 1881 2793 τοῖς

216 2830 320 2880 τοῦ
357 2826 572 2899 βαθμοῦ
602 2823 777 2878 αὐτῶν
831 2823 1106 2900 ὀφφικίοις
1158 2819 1478 2885 ἀκολούθως
1507 2822 1880 2894 τιμάσθωσαν.

223 2913 342 2971 Εἶθ’
395 2911 568 2975 οὕτως
621 2916 728 2966 τῶν
790 2911 1099 2982 σπαθαρίων
1147 2909 1413 2982 εἰσάγεται
1461 2908 1630 2978 τάξις,
1676 2909 1796 2962 οἷον
1831 2910 1881 2963 oi

221 2997 676 3075 κοοόικουλάριοι
728 3004 825 3054 τοῦ
888 2998 1178 3073 βασιλικοῦ
1244 3002 1527 3060 κοιτῶνος·
1589 2999 1640 3051 οἱ
1693 2993 1883 3052 κοοϐι-

223 3090 513 3166 κοολάριοι
561 3094 657 3146 τοῦ
724 3085 1135 3144 κουϐουκλείου·
1187 3089 1240 3143 οἱ
1287 3082 1738 3162 κοοϐικουλάριοι
1784 3092 1882 3142 τοῦ

227 3179 591 3255 πατριάρχου·
627 3180 655 3233 6
687 3177 975 3249 οἰκονόμος
1022 3184 1120 3246 τῆς
1153 3175 1417 3254 Μεγάλης
1449 3176 1796 3246 Ἐκκλησίας·
1831 3176 1882 3231 οἱ

232 3267 475 3323 διάκονοι
523 3269 576 3323 οἱ
626 3266 924 3342 βασιλικοί·
973 3267 1024 3321 οἱ
1071 3264 1316 3321 διάκονοι
1365 3269 1463 3331 τῆς
1490 3265 1800 3334 ἐκκλησίας·
1831 3266 1882 3320 οἱ

234 3361 522 3434 σπαθάριοι
590 3364 688 3414 τοῦ
754 3356 1232 3438 χρυσοτρικλίνοο·
1321 3358 1372 3412 οἱ
1448 3358 1733 3432 σπαθάριοι
1797 3357 1889 3412 καὶ

237 3449 439 3524 κριταί·
484 3450 535 3503 oi
566 3449 854 3522 σπαθάριοι
904 3442 1243 3521 μαγλαϐῖται
1305 3447 1394 3501 καὶ
1446 3445 1774 3520 ἀρσικλίναι·
1837 3450 1889 3502 οἱ

245 3538 530 3612 σπαθάριοι
589 3537 679 3590 καὶ
730 3537 1082 3612 τουρμάρχαι
1129 3534 1266 3590 κατὰ
1311 3535 1376 3589 τά
1430 3534 1635 3606 θέματα
1684 3533 1886 3588 αὐτῶν·

239 3628 291 3680 οἱ
321 3629 612 3699 σπαθάριοι
657 3627 744 3680 καὶ
796 3624 1172 3698 τοποτηρηταὶ
1219 3625 1356 3678 κατὰ
1401 3623 1467 3676 τὰ
1513 3622 1759 3697 τάγματα
1791 3622 1888 3676 αὖ·

240 3715 360 3769 τῶν·
415 3717 466 3768 οἱ
515 3714 802 3786 σπαθάριοι
841 3715 931 3768 καὶ
981 3715 1286 3786 ἆσηκρῆται
1334 3711 1425 3766 καὶ
1470 3715 1498 3767 ὁ
1541 3712 1886 3786 πρωτονοτά-

245 3823 356 3878 ριος
401 3799 502 3856 τοῖ’)
552 3799 780 3874 δρόμου·
835 3803 884 3856 ei
935 3801 1224 3875 σπαθάριοι
1272 3804 1368 3854 τοῦ
1419 3799 1795 3874 σπαθαρικίοο·
1839 3801 1890 3854 οἱ

247 3894 528 3966 σπαθάριοι
557 3890 647 3946 καὶ
679 3891 922 3964 κόμητες
967 3897 1064 3957 τῆς
1114 3889 1318 3964 κόρτης
1364 3893 1472 3942 τῶν
1506 3887 1888 3945 Ἀνατολικῶν·

245 3988 295 4040 οἱ
323 3984 611 4057 σπαθάριοι
641 3984 728 4037 καὶ
772 3982 1014 4055 κόμητες
1061 3986 1170 4037 τῶν
1210 3978 1456 4055 σχολῶν·
1507 3981 1559 4035 οἱ
1603 3981 1891 4054 σπαθάριοι

248 4073 334 4128 καὶ
384 4075 625 4146 κόμητες
681 4079 782 4141 τῆς
840 4072 1044 4146 κόρτης
1093 4074 1202 4125 τῶν
1262 4068 1595 4124 ἀνατολικῶν
1645 4071 1892 4140 θεμάτων

248 4163 374 4216 κατὰ
422 4163 487 4217 τὰ
536 4159 742 4235 θέματα
788 4160 987 4216 αὐτῶν·
1036 4161 1065 4214 6
1116 4159 1412 4234 σπαθάριος
1465 4158 1555 4213 καὶ
1617 4158 1890 4231 σύμπονος

248 4256 340 4306 τοῦ
385 4249 650 4326 ἐπάρχου·
686 4251 715 4306 6
747 4249 1044 4324 σπαθάριος
1092 4248 1180 4303 καὶ
1232 4248 1534 4323 λογοθέτης
1581 4253 1687 4302 τῶν
1728 4269 1893 4322 πραι-

251 4341 478 4417 τωρίων·
529 4343 582 4396 οἱ
627 4343 917 4414 σπαθάριοι
966 4339 1056 4393 καὶ
1101 4339 1338 4411 κόμητες
1389 4345 1487 4406 τῆς
1535 4339 1738 4411 κόρτης
1786 4342 1894 4392 τῶν

253 4429 487 4504 θεμάτων
520 4437 618 4499 τῆς
652 4429 862 4490 Δύσεως
895 4429 1034 4482 κατᾶ
1081 4427 1149 4482 τὰ
1197 4427 1405 4500 θέματα
1436 4425 1632 4480 αὐτῶν·
1672 4427 1722 4480 οἱ
1754 4447 1895 4481 σπα-

257 4520 421 4593 θάριοι
458 4519 547 4574 καὶ
605 4518 1004 4597 χαρτουλάριοι
1059 4515 1152 4571 τοῦ
1210 4521 1428 4593 γενικοῦ
1489 4514 1805 4591 λογοθέτου·
1841 4516 1892 4570 οἱ

1976 950 2164 1006 clesiae
2191 967 2204 1016 ;
2233 951 2806 1022 spatharocandidati
2838 957 3188 1028 exstrategi;
3223 958 3629 1027 spatharocan-

1977 1038 2154 1094 didati
2185 1039 2634 1111 chrysotriclinii
2660 1059 2676 1111 ;
2707 1042 3281 1113 spatharocandidati
3326 1045 3629 1102 domestici

1970 1129 2201 1199 judices
2230 1147 2243 1197 ;
2277 1130 2849 1201 spatharocandidati
2886 1132 3216 1204 maglabitze
3251 1135 3427 1190 simul
3463 1140 3519 1191 et
3548 1152 3634 1191 ar-

1978 1217 2193 1272 ticlinaa
2223 1217 2437 1280 iidem;
2470 1221 3036 1290 spatharocandidati
3078 1223 3462 1291 exofﬁciales;
3497 1241 3636 1296 spa—

1979 1306 2446 1362 tharocandidati
2487 1308 2791 1364 domestici
2834 1308 3112 1378 lausiaci;
3149 1311 3628 1383 spatharocandi-

1979 1394 2099 1450 dati
2169 1396 2498 1464 asecretis;
2571 1397 3144 1467 spatharocandidati
3210 1406 3268 1456 et
3333 1400 3634 1457 cleisurar-

1979 1484 2130 1552 chm;
2151 1485 2726 1556 spatharocandidati
2746 1489 2804 1542 et
2825 1488 3172 1546 turmarchre
3196 1490 3625 1558 fmderatorum;

1979 1574 2550 1645 spatharocandidati
2572 1580 2630 1630 et
2658 1577 3010 1632 turmarchas
3047 1579 3342 1650 Lycaoniae
3376 1585 3432 1636 et
3462 1581 3630 1636 Pam-

1980 1662 2220 1734 phyliis;
2239 1663 2814 1734 spatharocandidati
2830 1671 3228 1737 ettopoteretas
3253 1668 3590 1724 scholarum
3619 1685 3633 1735 ;

1982 1752 2551 1822 spatharocandidati
2587 1759 2644 1808 et
2672 1755 3017 1810 turmarchae
3048 1755 3342 1828 legionum
3374 1757 3633 1813 Orienta-

1985 1840 2129 1896 lium
2163 1841 2486 1898 secundum
2519 1858 2716 1898 earum
2750 1844 3015 1900 ordinem
3043 1862 3056 1912 ;
3087 1846 3636 1916 spatharocandida-

1987 1936 2081 1988 tus
2112 1937 2169 1988 et
2198 1937 2547 2003 topoteretes
2587 1934 2985 1991 excubitorum
3011 1954 3026 2005 ;
3058 1936 3632 2007 spatharocandidati

1985 2031 2042 2078 et
2069 2023 2420 2079 turmarchaa
2452 2024 2746 2096 legionum
2788 2026 3288 2095 Occidentalium;
3322 2028 3634 2099 spatharo-

1987 2111 2334 2168 candidatus
2363 2117 2421 2168 et
2452 2117 2796 2184 topoteretes
2837 2115 3072 2170 arithmi
3099 2132 3112 2182 ;
3149 2117 3637 2188 spatharocandi—

1987 2201 2106 2256 dati
2126 2205 2184 2256 et
2207 2201 2549 2256 turmarchaa
2579 2201 3015 2258 classiariorum
3043 2222 3057 2272 ;
3084 2205 3638 2275 spatharocandida-

1987 2299 2084 2346 tus
2109 2294 2167 2346 et
2193 2293 2546 2362 topoteretes
2589 2291 2670 2347 rei
2710 2293 2974 2356 navalis;
3008 2294 3635 2365 spatharocandidatus

1987 2385 2044 2435 et
2101 2384 2450 2452 topoteretes
2507 2379 2951 2452 hicanatorum;
3005 2383 3636 2452 spatharocandidatus

1986 2474 2044 2527 et
2106 2473 2458 2540 topoteretes
2529 2485 2956 2540 numerorum;
3015 2471 3636 2542 spatharocandidatus

1986 2564 2042 2616 et
2089 2563 2436 2629 t0poteretes
2493 2559 2875 2630 optimatum;
2909 2561 3528 2632 spatharocandidatus
3580 2566 3638 2618 et

1987 2652 2337 2720 topoteretes
2375 2651 2703 2704 castrorum
2737 2666 2751 2717 ;
2781 2649 3355 2721 spatharocandidati
3388 2651 3590 2707 urbani
3619 2671 3634 2720 ;

1986 2737 2562 2809 spatharocandidati
2623 2742 2998 2807 secretorum,
3040 2755 3071 2795 e
3111 2741 3347 2795 tandem
3410 2740 3640 2796 biscon-

1987 2827 2145 2884 sules
2175 2827 2497 2883 secundum
2529 2843 2670 2883 suos
2699 2827 2957 2884 ordines.
2990 2828 3208 2884 Horum
3236 2829 3498 2885 omnium
3535 2830 3636 2902 qui

1988 2916 2557 2986 spatharocandidati
2613 2916 2792 2972 simul
2851 2935 2967 2974 non
3029 2919 3262 2983 fuerint,
3313 2920 3638 2974 succedunt

1989 3005 2225 3078 quidem
2271 3005 2386 3060 illis
2436 3005 2528 3060 sui
2577 3005 2824 3072 ordinis,
2856 3007 2956 3078 qui
2987 3007 3321 3079 insignibus
3354 3007 3636 3062 honorum

1989 3096 2176 3158 ornati
2209 3095 2446 3164 fuerint,
2477 3095 2533 3150 id
2585 3101 2674 3151 est
2722 3096 2824 3168 qui
2868 3097 3448 3169 spatharocandidati
3492 3096 3633 3160 sint,

1993 3186 2212 3241 honore
2260 3189 2455 3241 tamen
2506 3186 2716 3241 ofﬁciis
2747 3186 2837 3240 sui
2869 3190 3082 3256 gradus
3111 3186 3308 3241 debito
3340 3190 3472 3256 post
3502 3184 3635 3240 illos

1994 3274 2272 3346 gaudent,
2304 3274 2411 3346 [ita
2442 3277 2505 3329 ut
2535 3274 3149 3344 spatharocandidatos
3179 3274 3472 3330 inferioris
3503 3290 3640 3345 gra-

1994 3366 2104 3420 dus
2157 3365 2525 3436 praecedant].
2566 3365 2716 3421 Tum
2769 3365 3157 3421 introducitur
3205 3365 3638 3437 spathariorum

1993 3453 2223 3520 classis,
2261 3458 2326 3509 ut
2355 3454 2641 3526 spatharii
2678 3455 3023 3510 cubicularii
3051 3454 3201 3511 sacri
3231 3455 3512 3522 ccetonis;
3547 3470 3643 3510 cu-

1993 3541 2260 3597 bicularii
2291 3543 2545 3598 cubiculi
2572 3569 2586 3611 ;
2618 3543 2957 3599 cubicularii
2993 3544 3375 3614 patriarchas;
3410 3559 3641 3599 (nconc-

1995 3648 2128 3687 mus
2175 3636 2396 3703 Magnae
2445 3631 2754 3698 Ecclesiae;
2793 3633 3022 3688 diaconi
3078 3632 3362 3703 palatini;
3411 3631 3642 3687 diaconi

1995 3721 2212 3791 Magnae
2247 3720 2512 3776 Ecclesiae
2539 3743 2553 3786 ;
2585 3722 2866 3792 spatharii
2898 3722 3317 3793 chysotriclinii
3347 3739 3360 3788 ;
3397 3721 3640 3793 spatha-

1995 3809 2066 3863 rii
2091 3811 2321 3877 judices
2347 3827 2360 3874 ;
2386 3811 2540 3866 426
2565 3811 2849 3881 spatharii
2884 3811 3216 3882 maglabitae
3242 3816 3298 3868 et
3329 3811 3644 3876 articlinas;

1997 3896 2278 3964 spatharii
2312 3899 2662 3953 lurmarchas
2689 3899 3012 3954 secundum
3048 3899 3303 3970 legiones
3334 3916 3502 3965 suas;
3527 3916 3650 3971 spa-

1998 3983 2175 4039 tharii
2209 3989 2541 4053 t0poteretaa
2583 3989 2905 4041 secundum
2938 3991 3199 4057 tagmata
3229 4004 3372 4055 sua;
3407 3988 3649 4059 spatha-

1999 4074 2066 4128 rii
2091 4081 2144 4127 et
2166 4079 2437 4129 asecretae
2462 4091 2475 4140 ;
2503 4075 2936 4145 protonotarius
2967 4075 3153 4130 dromi
3182 4092 3195 4142 ;
3222 4075 3500 4148 spatharii
3521 4093 3649 4146 spa-

1999 4161 2228 4217 tharicii
2255 4183 2270 4229 ;
2303 4164 2585 4234 spatharii
2617 4169 2673 4219 et
2699 4164 2944 4219 comites
2974 4164 3153 4220 cortis
3184 4163 3644 4230 Anatolicorum;

1999 4248 2281 4320 spatharii
2301 4253 2357 4304 et
2379 4250 2616 4304 comites
2637 4250 2973 4307 scholarum
2995 4252 3308 4324 ;spatharii
3331 4258 3386 4308 et
3409 4254 3662 4308 comites

2001 4337 2178 4392 cortis
2200 4337 2582 4393 Orientalium
2608 4338 2903 4410 legionum
2927 4342 3255 4396 secundum
3281 4357 3481 4396 earum
3506 4341 3657 4396 ordi-

2001 4443 2170 4494 nem;
2197 4426 2532 4498 spatharius
2554 4433 2610 4483 et
2631 4444 2896 4484 assessor
2918 4430 3171 4500 praefecti
3194 4429 3389 4498 urbis;
3419 4429 3652 4500 spatha-

2003 4515 2128 4570 rius
2163 4521 2218 4570 et
2250 4515 2550 4570 rationalis
2605 4517 3004 4587 praetoriorum
3032 4535 3046 4585 ;
3079 4516 3362 4588 spatharii
3409 4519 3651 4574 comites

257 4609 530 4682 σπαθάριοι
578 4609 670 4662 καὶ
718 4607 1056 4683 ἀντιγραφῆς
1103 4609 1200 4661 τοῦ
1248 4605 1602 4679 κυαίστωρος·
1657 4605 1708 4658 οἱ
1754 4625 1890 4658 σπα-

2001 4605 2177 4659 cortis
2221 4603 2517 4676 legionum
2568 4605 3024 4661 Occidentalium
3077 4608 3399 4663 secundum
3448 4624 3650 4664 earum

260 4699 421 4771 θάριοι
451 4695 540 4750 καὶ
573 4693 971 4772 χαρτοολάριοι
1021 4699 1117 4750 τοῦ
1149 4697 1544 4769 στρατιωτικοῦ
1576 4692 1896 4768 λογοθέτοο·

263 4786 288 4839 6
315 4786 604 4859 σπαθάριος
633 4785 723 4839 καὶ
757 4783 1159 4860 χαρτουλάριος
1203 4784 1432 4855 θέματος
1462 4785 1505 4820 9³
1536 4786 1643 4837 τῶν
1679 4784 1899 4838 Ἀνατο-

265 4873 434 4929 λικῶν·
489 4875 518 4928 6
565 4873 860 4948 σπαθάριος
916 4874 1007 4928 καὶ
1065 4870 1470 4948 χαρτου).άριος
1501 4875 1597 4925 τοῦ
1626 4871 1901 4946 τάγματος

265 4968 358 5020 τῶν
412 4963 650 5038 σχολῶν·
715 4965 743 5019 6
803 4966 1096 5040 σπαθάριος
1148 4964 1237 5018 καὶ
1294 4962 1640 5037 ἀκτοοάριος·
1686 4963 1738 5016 οἱ
1770 4983 1903 5017 σπα-

269 5055 430 5127 θάριοι
487 5054 578 5107 καὶ
636 5053 1033 5129 χαρτουλάριοι
1090 5057 1197 5108 τῶν
1251 5051 1587 5108 ἀνατολικῶν
1634 5051 1902 5122 θεμάτων·

270 5142 294 5195 6
338 5142 628 5217 σπαθάριος
666 5144 756 5196 καὶ
797 5141 1207 5220 χαρτοολάριος
1255 5145 1362 5196 τῶν
1414 5135 1794 5211 ἐξσκοοϐίτων·
1855 5140 1905 5195 οἱ

273 5230 544 5306 σπαθάριοι
590 5230 681 5285 καὶ
743 5229 1136 5306 Ααρτουλάριοι
1192 5234 1300 5285 τῶν
1357 5227 1588 5285 δυτικῶν
1639 5229 1906 5302 θεμάτων·

2007 4693 2270 4750 ordinem
2297 4709 2311 4758 ;
2339 4693 2619 4765 spatharii
2642 4698 2702 4750 et
2721 4694 3061 4750 chartularii
3089 4695 3377 4766 generalis
3404 4695 3660 4767 logolhe-

2008 4789 2109 4850 tae;
2129 4784 2414 4852 spatharii
2436 4787 2493 4840 et
2513 4785 2780 4855 magistri
2804 4784 3150 4842 scriniorum
3177 4788 3508 4856 qumstoris;
3533 4804 3662 4858 spa-

2011 4874 2184 4930 lharii
2218 4879 2275 4930 et
2303 4873 2638 4929 chartularii
2691 4875 2993 4932 rationalis
3021 4875 3146 4933 ﬁsci
3178 4876 3450 4932 militaris
3478 4893 3492 4943 ;
3525 4893 3663 4948 spa-

2011 4962 2238 5018 tharius
2269 4962 2661 5020 chartularius
2686 4963 2963 5021 thematis
2982 4965 3262 5021 Anatolio
3285 4985 3300 5034 ;
3326 4965 3658 5037 spatharius

2013 5051 2401 5107 chartularius
2432 5053 2712 5124 tagmatis
2741 5053 3075 5109 scholarum
3104 5072 3117 5122 ;
3141 5053 3471 5126 spatharius
3497 5059 3550 5108 et
3568 5069 3660 5108 ac-

2013 5141 2239 5197 tuarius
2266 5159 2280 5209 ;
2312 5143 2596 5214 spatharii
2627 5148 2682 5200 et
2713 5143 3060 5201 chartularii
3089 5143 3470 5215 peculiarium
3509 5158 3657 5213 qua-

2014 5247 2262 5303 rumque
2291 5231 2586 5302 legionum
2618 5232 3002 5291 Orientalium
3031 5252 3046 5302 ;
3071 5230 3398 5304 spatharius
3418 5236 3474 5286 et
3494 5231 3657 5288 char.

1601 5330 1841 5387 VARIA‘I
1883 5329 2294 5387 LECTIONES.

333 5429 375 5468 ”
405 5427 640 5503 θέματος
672 5446 788 5487 em.
822 5430 914 5498 R.,
947 5427 1195 5501 θεμάτων
1227 5430 1360 5487 cod.

1278 5527 1479 5584 JOAN.
1520 5527 1662 5584 JAC.
1694 5527 1955 5584 REISKII
1994 5525 2585 5586 COMMENTARIUS.

339 5637 445 5710 (23)
503 5639 590 5694 Ita
649 5637 928 5710 scribitur
984 5635 1272 5710 interdum
1330 5634 1904 5710 yoxL/zderatorum,

284 5706 368 5766 sed
398 5706 617 5768 rectius
670 5706 1038 5787 φοιὸεράτων.
1075 5707 1222 5764 Male
1251 5707 1406 5763 enim
1441 5706 1750 5778 distinguit
1801 5706 1910 5770 bos,

2017 5633 2089 5688 ab
2134 5633 2252 5689 illis
2291 5634 2549 5690 Goar.ad
2580 5634 3044 5705 Cedren.p.487,
3070 5633 3196 5690 Non
3242 5635 3424 5689 habeo
3447 5650 3575 5705 quae
3598 5636 3666 5692 dc

2017 5705 2310 5764 faaderatis
2337 5716 2463 5778 post
2493 5707 2581 5764 Du
2613 5703 2893 5776 Cangium
2927 5706 2986 5763 in
3018 5703 3272 5764 Glossar.
3296 5709 3395 5761 Gr.
3430 5703 3663 5762 addam.
