3972 6214
325 343 477 403 1351

1397 326 1923 391 CONSTAN'I‘INI
1970 324 2665 394 PORPHYROGENITI

3666 320 3775 379 (ἒέ

328 475 569 533 tularius
591 470 990 529 excubitorum
1016 486 1031 537 ;
1054 464 1331 536 spatharii
1354 468 1411 520 et
1433 461 1773 518 chartularii
1792 460 1964 532 legio-

2176 464 2465 539 σπαθάριοι
2518 464 2609 519 καὶ
2657 462 2933 541 βασιλικοὶ
2978 461 3218 535 νοτάριοι
3282 461 3435 528 τῆς
3517 452 3787 511 σπέὶὶτῖ

327 583 466 623 num
487 560 943 621 Occidentalium
969 577 985 620 ς
1008 556 1291 629 spatharii
1314 560 1370 610 et
1388 552 1725 625 imperiales
1756 551 1963 606 notarii

322 654 580 721 sacellii;
615 648 896 722 spatharii
926 654 983 703 et
1023 644 1353 716 imperiales
1398 642 1609 698 notarii
1658 639 1961 707 vestiarii;

318 744 597 816 spatharii
628 746 684 795 et
713 736 1040 809 imperiales
1092 734 1300 791 notarii
1342 732 1477 787 idici
1518 746 1620 787 seu
1654 731 1736 786 rei
1771 731 1961 799 priva-

317 838 427 901 ta;
462 830 749 903 spatharii
778 837 831 885 et
863 824 1073 882 notarii
1103 823 1437 879 arcularum
1488 820 1703 892 publici
1736 820 1919 874 ωειήὶ
1946 836 1961 886 ;

317 922 598 995 spatharii
643 925 701 976 et
748 913 1126 989 protonotarii
1181 910 1377 983 magni
1427 909 1963 980 curatoricii;spa-

318 1011 493 1068 tharii
524 1014 582 1065 et
611 1010 1058 1063 deuterenoutes
1088 1018 1190 1057 seu
1216 998 1601 1056 secundicerii
1632 999 1967 1053 demarcho-

319 1117 449 1157 rum
475 1117 490 1168 ;
514 1098 867 1170 epatharius,
886 1093 986 1164 qui
1008 1090 1224 1163 prmdia
1248 1087 1573 1159 imperialia
1602 1092 1767 1143 curat
1793 1103 1807 1154 ;
1832 1104 1963 1157 spa-

317 1189 547 1245 tharius
566 1193 625 1243 et
643 1184 1002 1241 domesticus
1026 1179 1338 1236 ministerii
1361 1176 1673 1233 triclinaris
1696 1193 1710 1243 ;
1735 1178 1967 1247 spatha-

319 1280 444 1335 rius
472 1283 530 1334 et
551 1278 874 1349 zygostates
903 1288 1006 1327 seu
1033 1270 1317 1339 libripens
1344 1287 1359 1337 ;
1385 1266 1721 1337 spatharius
1754 1266 1966 1321 aurita-

319 1369 423 1424 ber
446 1386 459 1435 ;
485 1364 820 1438 spatharius
843 1366 900 1418 et
921 1360 1134 1418 archon
1157 1357 1503 1414 armamenti
1539 1373 1639 1412 seu
1673 1356 1965 1427 apothecae

320 1472 615 1512 armorum
641 1474 656 1523 ;
680 1450 967 1525 spatharii
996 1458 1050 1506 et
1077 1447 1400 1505 xenodochi
1428 1465 1442 1514 ;
1469 1445 1752 1517 spatharii
1784 1448 1841 1501 et
1871 1460 1965 1515 ge-

322 1543 541 1601 rocomi
567 1561 581 1612 ;
605 1541 888 1614 spatharii
919 1544 977 1597 et
1006 1536 1387 1609 protonotarii
1414 1536 1736 1590 thematum
1762 1549 1967 1590 secun-

321 1636 458 1691 dum
491 1649 693 1690 eorum
732 1631 993 1687 ordinem
1022 1647 1036 1695 ;
1070 1627 1402 1699 spatharius
1432 1632 1489 1680 et
1519 1623 1809 1679 mcisticus
1842 1624 1966 1695 [seu

322 1724 597 1797 magister
645 1718 1119 1788 architectorum]
1146 1734 1158 1782 ;
1193 1714 1472 1786 spatharii
1505 1713 1715 1767 urbani
1745 1716 1802 1767 et
1832 1728 1969 1782 spa-

322 1814 497 1871 tharii
526 1812 731 1869 exotici
754 1810 844 1864 vel
866 1805 1186 1863 suburbani
1210 1804 1295 1859 vel
1319 1801 1721 1872 provinciales.
1748 1801 1965 1856 Horum

323 1903 587 1958 omnium
627 1898 986 1963 ofﬁcialium,
1019 1895 1115 1965 qui
1151 1907 1368 1947 munus
1410 1890 1647 1961 aliquod
1680 1890 1851 1961 gerit,
1883 1888 1969 1943 sic

324 1994 539 2058 tamen,
567 1995 625 2043 ut
656 1987 826 2043 simul
878 2001 991 2040 non
1040 1983 1118 2038 sit
1164 1980 1525 2052 spatharius,
1570 1978 1667 2034 ille
1716 1977 1977 2034 succedit

327 2080 563 2155 quidem
589 2077 705 2134 illis
729 2078 820 2132 sui
843 2073 1086 2141 ordinis,
1109 2071 1210 2143 qui
1232 2069 1550 2141 dignitates
1575 2085 1709 2124 cum
1732 2067 1975 2139 insigni-

323 2174 437 2228 bus
470 2169 841 2239 acceperunt,
866 2168 1125 2219 attamen
1148 2161 1393 2233 gradum
1426 2158 1605 2214 ofﬁcii
1636 2174 1756 2230 pre
1786 2158 1975 2212 hono-

325 2260 471 2317 ratis
492 2255 785 2313 inferioris
806 2253 1030 2311 ordinis
1056 2250 1299 2306 obtinet.
1316 2247 1978 2305 Posthosintroducitur

326 2356 524 2422 quarta
547 2344 1132 2416 classis,hypatorum
1158 2355 1257 2395 seu
1279 2336 1617 2399 consulum,
1639 2340 1974 2406 stratorum,

326 2435 767 2495 candidatorum
780 2475 793 2501 ,
811 2430 1243 2494 mandatorum,
1256 2426 1627 2492 vestitorum,
1642 2432 1973 2495 apratorum

326 2544 428 2585 seu
453 2522 917 2588 honorariorum,
937 2524 1059 2574 tam
1082 2515 1523 2585 tagmaticorum
1545 2530 1648 2569 seu
1670 2515 1739 2569 de
1756 2514 1978 2569 ordini-

325 2618 438 2673 bus
469 2611 922 2681 urbanis,quam
954 2606 1403 2662 thematicorum
1436 2620 1537 2659 seu
1571 2602 1641 2658 de
1669 2602 1975 2658 ordinibus

324 2700 800 2777 provincialibus,
816 2699 872 2752 in
891 2696 1043 2751 hunc
1060 2696 1189 2749 mod
1202 2710 1298 2747 um
1319 2709 1331 2747 :
1349 2690 1617 2747 consules
1640 2689 1975 2761 imperiales

324 2798 383 2849 et
410 2789 745 2847 chartularii
769 2792 824 2842 et
848 2784 1058 2841 notarii
1087 2784 1377 2839 dictorum
1410 2797 1587 2850 supra
1617 2784 1975 2835 secretorum

330 2898 432 2938 seu
447 2878 795 2937 scriniorum
813 2875 1133 2931 secundum
1148 2872 1363 2941 gradus
1379 2885 1622 2925 suorum
1645 2869 1971 2923 ofﬁciorum

325 2978 379 3027 et
392 2970 765 3033 scriniorum;
782 2962 1051 3021 consules
1069 2959 1278 3032 pagani
1292 2974 1391 3014 seu
1408 2958 1704 3013 iunctione
1717 2962 1774 3012 et
1788 2964 1977 3012 aucto-

325 3062 495 3117 ritate
509 3057 654 3115 cassi
672 3074 688 3123 ;
704 3052 977 3111 senatorii
994 3068 1007 3118 ;
1025 3049 1219 3107 clerici
1242 3047 1516 3120 palatini;
1535 3046 1728 3103 clerici
1750 3045 1973 3116 Magna

325 3149 625 3214 Ecclesia;
655 3150 957 3211 stratores,
981 3141 1029 3197 si
1050 3139 1149 3212 qui
1171 3144 1292 3195 tum
1317 3138 1455 3204 sint,
1478 3134 1930 3209 chrysotriclinii
1951 3155 1976 3203 ;

2075 552 2126 605 oi
2181 555 2467 629 σπαϐάριοι
2525 556 2612 609 καὶ
2695 553 2977 630 βασιλικοὶ
3052 555 3315 628 νοτάριοι
3404 551 3538 603 τοῦ
3612 547 3801 620 327.:-

2076 644 2213 715 ρίου·
2266 644 2319 697 οἱ
2372 647 2663 720 παθάριοι
2719 645 2809 700 καὶ
2872 645 3146 719 βασιλικοὶ
3193 642 3517 717 vcta-ipso:
3556 642 3674 691 τοῦ
3706 636 3815 689 εῗξτο

2072 736 2190 785 κοῦ·
2254 734 2305 787 οἱ
2366 735 2655 808 σπαθάριοι
2714 736 2803 789 καὶ
2861 735 3104 808 νοτάριοι
3161 739 3271 788 τῶν
3388 727 3677 804 ἀρκλῶν
3744 730 3819 779 τεῦ

2074 828 2313 898 γενικοῦ·
2356 826 2407 879 0i
2461 826 2749 899 σπαθάριοι
2818 826 2907 881 καί
2964 828 3457 899 πρωτονοτάριοι
3552 824 3672 875 τοῦ
3746 840 3825 888 με·

2072 912 2245 985 γάΛου
2274 915 2711 991 κουρατορικίου·
2762 916 2813 971 οἱ
2869 917 3154 991 σπαθάριοι
3200 916 3294 969 καὶ
3356 909 3825 983 δευτερενὲιἮς

2071 1006 2180 1056 τῶν
2214 1001 2542 1079 δημάρχων·
2596 1006 2625 1059 6
2679 1006 2975 1078 σπαθάριος
3023 1006 3114 1060 καὶ
3164 1004 3255 1060 ἐπὶ
3306 1010 3463 1072 τῆς
3528 1021 3827 1075 κους-πῖθ’

2076 1092 2193 1166 ρὶας
2257 1097 2364 1147 τῶν
2434 1092 2732 1169 βασιλικῶν
2800 1094 2967 1150 οῗκων
3031 1098 3162 1167 (24)·
3206 1096 3237 1149 6
3278 1091 3686 1165 m0égzo:
3753 1091 3829 1141 ui

2075 1176 2395 1253 δομέστικος
2440 1190 2540 1251 τῆς
2591 1183 2905 1259 ὑπουργίας·
2972 1185 2999 1237 6
3061 1184 3389 1257 σπαϐάριος
3492 1180 3619 1234 καὶ
3683 1188 3833 1251 ζυττο

2075 1269 2293 1340 στάτης·
2341 1272 2369 1325 ὁ
2418 1274 2715 1348 σπαθάριος
2755 1273 2845 1326 καὶ
2896 1275 3309 1347 χρυσοεψητῆς·
3382 1272 3427 1324 ὁ
3504 1269 3834 1341 σπαθιιὲξξίς

2073 1358 2163 1411 καὶ
2228 1357 2414 1434 ἄρχων
2482 1365 2581 1414 τοῦ
2649 1359 2941 1433 ἀρμὲντου·
3010 1362 3062 1415 oi
3132 1360 3476 1433 σπαθάρεοι

2074 1443 2323 1523 νοδὸχοι·
2383 1450 2434 1502 0i
2489 1449 2779 1524 παθάριοι
2849 1449 2941 1503 καὶ
3012 1450 3355 1523 γηροκόμοιο
3460 1449 3539 1502 οἱ
3620 1448 3839 1499 πιθά-

2077 1553 2186 1607 ριοι
2248 1536 2337 1589 καὶ
2397 1536 2840 1612 πρωτονοτάριοι
2887 1542 2997 1592 τῶν
3055 1538 3304 1611 θεμάτων
3370 1536 3579 1591 κατὰ
3644 1536 3719 1588 τὰ
3762 1534 3837 1586 θέ-

2079 1644 2221 1695 ματα
2278 1624 2477 1680 αὐτῶν·
2535 1628 2563 1680 6
2630 1626 2928 1699 σπαθάριος
2985 1627 3076 1681 καὶ
3136 1628 3490 1687 οἷκιστικός
3567 1628 3733 1695 (25)·
3796 1626 3835 1676 s':

2076 1715 2366 1789 σπαοᾶριοι
2396 1717 2448 1770 οἱ
2472 1714 2560 1771 διὰ
2592 1715 2810 1779 πόλεως
2829 1719 2942 1789 (26)
2962 1718 3055 1771 καὶ
3087 1718 3137 1771 oi
3165 1715 3478 1785 ἒξωτικοί.
3534 1714 3623 1772 Εἰ
3666 1712 3732 1769 δὲ
3764 1719 3830 1785 μή

2086 1805 2303 1858 εἶενκαῖ
2337 1806 2485 1860 οὗτοι
2532 1808 2843 1876 σπαθάριοι,
2893 1807 2990 1868 τὰς
3038 1807 3134 1879 μὲν
3167 1803 3255 1861 διὰ
3289 1801 3654 1879 βραϐεἴων
3695 1804 3839 1873 ἆξέις

2088 1894 2566 1963 ὑποπιπτέτωσαν,
2624 1894 2677 1949 ἐν
2733 1893 2791 1950 δὲ
2853 1901 2973 1957 τοῖς
3037 1896 3211 1950 αὐτῶν
3274 1894 3640 1973 ὀφνρικίοες
3700 1894 3833 1948 κατὰ

2086 1983 2234 2052 τάξιν
2270 1986 2643 2057 τιμάσθωσαν.
2696 1985 2848 2040 Μετᾶ
2890 1986 3121 2046 τούτους
3170 1983 3517 2060 εἰσαγέσθω
3573 1984 3827 2053 τετάρτη

2085 2074 2253 2143 τάξις,
2304 2075 2338 2142 ἡ
2392 2078 2499 2127 τῶν
2553 2072 2793 2143 ὑπάτων,
2843 2074 3172 2145 στρατόρων,
3206 2070 3643 2139 κανδιδάτων,
3690 2093 3824 2143 μανι

2087 2159 2349 2235 ὃατόρων,
2429 2162 2795 2237 βεστητόρων,
2871 2162 3149 2235 ἀπράτων,
3223 2166 3647 2235 ταγματικῶν
3734 2160 3824 2212 ul

2087 2255 2392 2325 θεματικῶν
2441 2250 2637 2315 οὕτως·
2686 2254 2913 2306 Ὕπατοι
2965 2251 3243 2326 βασιλικοὶ
3290 2252 3384 2305 καὶ
3448 2248 3816 2327 lapso-31:2-

2086 2354 2199 2415 ptbt
2255 2340 2345 2394 καὶ
2415 2342 2658 2414 νοτάριοι
2731 2344 2837 2394 τῶν
2916 2338 3220 2415 λεχθέντων
3288 2342 3607 2414 πκρέτων
3677 2340 3813 2393 κατὲ

2083 2430 2209 2491 τοὺς
2262 2429 2505 2504 βαθμοὺς
2561 2434 2671 2483 τῶν
2717 2431 2919 2484 ἑαυτῶν
2972 2430 3264 2507 ὀφιρικίων·
3325 2431 3559 2485 ὕπατοι
3621 2450 3810 2503 παγε-

2083 2516 2162 2571 νοί
2210 2523 2309 2585 τῆς
2366 2517 2701 2593 συγκλήτου,
2749 2518 3009 2591 κληρικοὶ
3058 2522 3155 2573 τοῦ
3204 2517 3505 2573 παλατίου
3550 2519 3654 2573 x2?
3687 2525 3793 2582 τῆς

2086 2607 2346 2681 Μεγάλης
2381 2606 2735 2677 Ἐκκλησῐας,
2768 2610 3092 2683 στράτωρες,
3127 2608 3171 2663 εἰ
3201 2608 3466 2683 τύγοιεν,
3494 2615 3601 2665 τοῦ
3634 2628 3795 2685 χεν-

2085 2693 2452 2768 σοτρικλίνου,
2522 2695 2825 2769 στράτωρες
2912 2695 3120 2769 ὁμοίως
3202 2700 3302 2751 τοῦ
3398 2690 3777 2772 paying-109'

2086 2785 2393 2858 στράτωρες
2452 2783 2720 2838 οἰκειακοὶ
2772 2788 2869 2837 τοῦ
2929 2783 3225 2839 λαυσιακοῦ
3274 2785 3369 2838 καὶ
3416 2786 3783 2857 ἆσηκρῆται,

2083 2872 2389 2945 στράτωρες
2445 2876 2546 2926 τοῦ
2599 2870 2890 2946 βασιλικοῦ
2948 2875 3367 2946 στρατωρικίου·
3418 2877 3779 2945 στράτωρες.

2086 2956 2385 3035 σκρίϐωνες
2442 2962 2552 3033 (27)
2612 2961 2721 3015 τῶν
2779 2956 3136 3031 ἒξσκουϐίτων
3190 2962 3281 3017 καὶ
3337 2963 3772 3038 χαρτουὶάριει

2082 3054 2189 3104 τῶν
2223 3049 2489 3122 θεμάτων·
2526 3047 2840 3123 δομὲστικοι
2892 3055 2989 3105 τοῦ
3035 3052 3312 3125 τάγματος
3352 3058 3469 3107 τῶν
3508 3052 3772 3127 σχολῶν·

2087 3136 2404 3212 δομὲστικοι
2449 3143 2557 3193 τῶν
2605 3139 2853 3211 θεμάτων
2900 3146 2995 3207 τῆς
3041 3137 3349 3209 Ἀνατολῆς
3403 3143 3506 3195 καὶ
3560 3142 3781 3200 Δύσεως

3578 1356 3689 1411 κειέ
3770 1360 3837 1424 Ss-

326 3209 924 3307 stratores’maglabii,
943 3209 1219 3299 isipa'riter
1241 3229 1339 3300 qui
1364 3228 1513 3293 sint;
1530 3228 1679 3283 427
1707 3233 1971 3281 stratores

2148 3228 2225 3282 ιτὰ
2287 3229 2355 3282 τὰ
2417 3228 2670 3301 τάγματα
2744 3227 2919 3281 αὐτῶν
2998 3230 3087 3282 καὶ
3162 3229 3258 3290 τὰς
3325 3228 3485 3297 ἀξίας
3570 3229 3775 3283 αὐτῶν·

325 3326 527 3397 privati
544 3322 786 3379 lausiaci
802 3326 858 3375 et
871 3324 1131 3375 asecretaa
1150 3322 1448 3385 ;stratores
1467 3316 1617 3371 sacri
1638 3314 1980 3380 stratoricii;

326 3419 636 3481 stratores;
655 3411 949 3466 scribones
963 3406 1072 3478 [vel
1087 3405 1369 3477 deputati]
1384 3404 1777 3459 excubitorum
1795 3403 1987 3469 ;char-

328 3502 523 3558 tularii
547 3501 877 3556 thematum
894 3493 1200 3551 domestici
1222 3493 1497 3562 tagmatis
1509 3490 1840 3547 scholarum
1859 3491 1986 3554 ;do—

336 3588 564 3646 mestici
598 3587 919 3641 thematum
944 3582 1194 3638 Orientis
1217 3586 1273 3636 et
1301 3579 1635 3635 Occidentis
1663 3580 1982 3634 secundum

334 3678 555 3735 classes
575 3680 633 3730 et
652 3674 960 3743 dignitates
981 3688 1149 3739 suas;
1175 3673 1447 3726 asecretzs
1471 3667 1796 3737 honorarii;
1820 3678 1983 3724 nota-

328 3767 398 3825 rii
417 3765 829 3822 asecretiarum
845 3760 1141 3817 honorarii
1160 3780 1175 3829 ;
1193 3759 1332 3830 regii
1348 3757 1989 3823 candidaticirci,man-

328 3858 579 3922 datores,
608 3852 940 3917 vestitores,
964 3848 1292 3916 silentiarii,
1324 3848 1624 3918 drungarii
1653 3846 1980 3902 thematum

326 3941 623 4002 honorarii
641 3957 776 3996 secu
787 3941 860 3995 nd
872 3954 966 3995 um
982 3937 1243 3993 themata
1255 3937 1753 4008 suadrungosque
1765 3951 1865 3991 seu
1878 3952 1985 3990 ma-

329 4032 562 4106 nipulos
583 4046 719 4088 suos
737 4048 752 4097 ;
772 4028 1344 4084 comitesthematum
1364 4026 1566 4081 eodem
1592 4027 1760 4081 modo
1775 4045 1790 4094 ;
1806 4027 1982 4081 comi-

326 4134 415 4186 tes
433 4134 805 4178 numerorum
825 4116 1142 4183 honorarii;
1156 4113 1790 4170 chartulariusarithmi
1810 4114 1986 4171 hono-

332 4213 521 4270 rarius
548 4229 563 4280 ;
596 4210 838 4266 comites
869 4208 951 4264 rei
983 4205 1203 4263 navalis
1234 4205 1531 4261 honorarii
1558 4229 1572 4272 ;
1595 4204 1984 4261 chartularius

328 4303 410 4361 rei
434 4300 655 4358 navalis
679 4318 693 4368 ;
717 4298 958 4355 comites
978 4296 1380 4351 hicanatorum
1404 4294 1732 4361 honorarii;
1757 4294 1986 4349 chartu-

328 4390 513 4447 larius
534 4390 936 4445 hicanatorum
953 4385 1304 4443 honorarius
1324 4402 1337 4453 ;
1355 4383 1745 4440 chartularius
1771 4383 1985 4439 stabuli

332 4478 718 4546 honorarius;
749 4478 964 4547 epictes
989 4478 1123 4548 [seu
1154 4473 1511 4547 compulsor]
1542 4473 1756 4529 stabuli
1797 4472 1982 4529 hono-

2093 3317 2401 3390 ἀσηκρῆται
2434 3316 2684 3389 ἄπρατοι,
2710 3317 2956 3391 νοτάριοι
3002 3322 3113 3373 τῶν
3161 3318 3562 3391 ἆσηκρητειῶν
3604 3317 3777 3390 ἄκραι

2090 3426 2197 3474 τοι,
2229 3403 2540 3460 κανδιδοὶτοι
2582 3404 2857 3481 βασιλικοὶ
2890 3411 2988 3462 τοῦ
3035 3405 3388 3481 ἱπποδρόμου
3420 3408 3517 3462 καὶ
3560 3406 3769 3479 μανεὶς

2089 3514 2266 3567 τορες,
2339 3494 2687 3567 βεστήτορες,
2755 3494 3136 3570 σιλεντιάριοι,
3222 3494 3597 3570 δρουγγάριοι
3668 3500 3773 3550 τῶν

2092 3583 2339 3654 θεμάτων
2372 3580 2604 3657 ἄπρατοι
2635 3584 2772 3638 κατὰ
2817 3586 2884 3638 τὰ
2934 3585 3140 3657 θὲματα
3178 3585 3266 3639 καὶ
3319 3587 3454 3647 τοὺς
3488 3584 3770 3663 δρὸγγους

2092 3670 2289 3726 αὐτῶν·
2337 3671 2577 3745 κόμῃτες
2623 3679 2735 3727 τῶν
2786 3674 3037 3745 Οεμάτων
3090 3674 3320 3746 ὁμοίως·
3369 3676 3634 3748 κόμη-τες
3665 3679 3765 3727 τῶν

2093 3761 2338 3833 ἀριθμῶν
2412 3760 2668 3835 ἄπρατοι·
2747 3763 2774 3816 6
2849 3762 3257 3837 ’χαρτουλάριος
3339 3763 3440 3817 τοῦ
3520 3766 3768 3839 ἀριθμοῦ

2092 3848 2321 3921 ὁμοίως·
2354 3851 2593 3922 κόμητες
2640 3855 2739 3905 τοῦ
2790 3849 3099 3923 πλοΐματος
3146 3851 3377 3923 ὁμοίως·
3432 3854 3463 3906 6
3514 3872 3762 3928 χαρτουο

2092 3936 2285 4013 λάριος
2379 3942 2475 3993 τοῦ
2568 3937 2900 4012 πλοΐματος·
2977 3941 3218 4012 κόμητις
3292 3945 3398 3995 τῶν
3480 3942 3760 3995 ἱκανάτων

2092 4029 2323 4101 ὁμοίως·
2394 4029 2422 4083 6
2479 4026 2888 4104 χαρτουλάριος
2955 4034 3065 4085 τῶν
3135 4029 3401 4084 ἱκανάτων
3443 4031 3688 4101 ὁμοίως·
3732 4030 3758 4081 6

2094 4116 2497 4192 χαρτουλάριος
2544 4122 2642 4172 τοῦ
2692 4114 2930 4173 στάϐλου
2999 4118 3227 4193 ὁμοίως·
3280 4121 3307 4173 6
3360 4118 3593 4189 ἐπίκτης
3664 4124 3759 4173 τοῦ

2092 4202 2332 4261 στάϐλου
2386 4205 2621 4279 ὁμοίως·
2671 4202 2951 4282 τριϐοὖνοι
2997 4211 3107 4262 τῶν
3160 4208 3462 4281 νουμέρων·
3519 4210 3548 4262 6
3619 4227 3757 4283 χαρ-

2089 4294 2381 4369 τουλάριος
2409 4300 2517 4349 τῶν
2565 4295 2866 4371 νουμέρων·
2930 4296 2980 4351 0i.
3036 4297 3277 4370 κόμητες
3328 4300 3435 4351 τῶν
3496 4296 3756 4368 (litt-gyri-

2091 4406 2217 4440 των·
2269 4385 2296 4439 6
2328 4384 2731 4460 χαρτουλάριος
2775 4390 2883 4440 τῶν
2934 4386 3186 4460 τειχέων·
3240 4386 3293 4440 oi
3348 4383 3746 4457 δευτερεύοντες

2093 4480 2201 4531 τῶν
2234 4473 2562 4550 δημάρχων·
2618 4476 2669 4530 οἱ
2714 4470 2996 4550 τριϐοὖνοι
3044 4481 3153 4531 τῶν
3178 4477 3427 4551 τειχέων·
3463 4478 3494 4531 6
3524 4477 3759 4548 προεξη-

329 4567 557 4632 rarius;
588 4565 809 4620 tribuni
844 4580 1224 4621 numerorum
1254 4563 1689 4631 ;chartularius
1721 4577 1971 4619 numero

2148 4585 2197 4627 ος
2226 4569 2333 4619 τῶν
2364 4563 2608 4639 σχολῶν·
2643 4566 2696 4619 cl
2726 4565 3017 4644 κὲνταρχοι
3065 4569 3164 4620 τοῦ
3216 4566 3473 4639 ἀριθμοῦ·
3511 4566 3561 4619 0'!
3595 4565 3753 4619 κέντ-

336 4674 468 4715 rum
485 4657 762 4726 ;comites
783 4656 1132 4726 optimatum
1154 4654 1578 4723 ;chartularius
1598 4654 1977 4725 optimatum;

333 4745 720 4805 chartularius
734 4749 1058 4801 castrorum
1076 4764 1091 4813 ;
1107 4744 1492 4801 secundicerii
1507 4744 1977 4812 demarchorum;

333 4835 558 4894 tribuni
580 4838 902 4890 castrorum
931 4851 944 4901 ;
970 4833 1270 4904 proximus
1290 4832 1620 4889 scholarum
1647 4851 1665 4887 :
1686 4832 1979 4889 centarchi

334 4942 438 4987 seu
482 4928 853 4983 centuriones
892 4922 1169 4991 arithmi;
1202 4922 1491 4979 centarchi
1533 4921 1978 4987 bicanatorum;

2092 4674 2257 4728 αρχοι
2312 4657 2419 4707 τῶν
2478 4654 2770 4708 ἱκανάτων·
2833 4654 2884 4708 oi
2938 4655 3296 4729 προτίκτορες
3343 4659 3449 4709 τῶν
3496 4656 3756 4729 σχολῶν·

2092 4743 2144 4796 oi
2179 4741 2417 4818 βικάριοι
2459 4745 2566 4796 τῶν
2613 4741 2921 4817 νουμέρων·
2976 4744 3029 4797 οἱ
3084 4744 3323 4817 βικάριοι
3351 4746 3458 4798 τῶν
3488 4745 3753 4817 τειχέων·

2092 4831 2143 4886 oi
2186 4829 2533 4906 δραγονάριοι
2583 4835 2691 4886 τῶν
2746 4827 3123 4902 ἐξσκουϐίτων·
3174 4834 3227 4888 οἱ
3276 4832 3752 4907 ὰποεπάρχοντες·

2091 4921 2145 4975 οἱ
2173 4919 2562 4994 στρατηλάται·
2618 4921 2647 4975 6
2701 4919 3002 4984 ἀκόλουθος
3059 4925 3157 4977 τοῦ
3213 4921 3468 4996 ἀριθμοῦ·
3519 4923 3550 4978 6
3592 4943 3755 4996 πρωο

1380 5051 1583 5108 JOAN.
1625 5051 1752 5108 JAC
1792 5050 2056 5107 REISKII
2094 5050 2683 5108 COMMENTARIUS.

408 5185 519 5258 (24)
569 5182 808 5258 Ταφᾉὶιι
855 5182 1019 5252 urbe,
1050 5196 1225 5258 quam
1260 5180 1320 5235 in
1351 5180 1654 5258 suburbiis
1684 5182 1741 5234 et
1769 5179 1827 5235 in
1861 5194 1992 5258 oras

338 5250 834 5313 Asias'maritima
875 5250 1041 5311 erant
1069 5250 1141 5309 ab
1173 5252 1624 5322 imperatoribus
1666 5250 1995 5307 successive

341 5326 575 5382 condita
626 5326 838 5397 palatia
867 5331 923 5381 et
953 5324 1189 5397 prmdia.
1232 5325 1315 5397 in,
1344 5340 1471 5395 quas
1524 5327 1625 5397 aut
1664 5323 1994 5397 _ipsi_se_ce-

342 5398 562 5455 dobant
610 5392 979 5461 rusticatum',
1012 5401 1114 5454 aut
1145 5412 1273 5467 quaa
1305 5392 1450 5467 bene
1483 5392 1818 5467 meritisad
1864 5393 1991 5446 dies

339 5470 469 5526 vitm
504 5469 746 5523 fruenda
774 5470 994 5524 utenda
1026 5463 1458 5539 permittebant,
1484 5470 1550 5520 ut
1569 5481 1601 5521 e
1620 5463 1826 5536 Script.
1864 5467 1994 5536 post

340 5539 680 5611 Theophan.
714 5556 772 5611 p.
801 5540 858 5611 6,
888 5545 1137 5597 constat.

415 5608 530 5683 (25⁷)
589 5612 674 5669 Ita
716 5608 897 5683 claris
953 5611 1163 5666 litteris
1220 5610 1314 5665 hic
1352 5608 1484 5683 rloci
1522 5608 1829 5683 scriptum
1890 5622 1991 5683 e1;-

343 5676 546 5741 hibent
596 5682 949 5740 membrana
977 5700 992 5750 ;
1022 5699 1079 5741 v.
1110 5682 1267 5740 dicta
1297 5682 1369 5738 ad
1402 5698 1458 5754 p.
1509 5680 1638 5736 416.
1668 5676 1987 5739 Ὀὶκιστικός

2102 5180 2191 5234 est
2209 5194 2324 5250 pro
2353 5176 2623 5250 οἰκιστής.
2655 5178 2750 5237 Sic
2779 5179 3172 5250 loquebantur
3217 5180 3409 5236 medio
3452 5196 3592 5247 avo,
3624 5202 3752 5236 ναυ-

2102 5247 2251 5327 τικρς
2306 5250 2394 5327 ve_l
2444 5248 2769 5327 πλευστικός
2818 5247 2922 5327 pro
2954 5256 3172 5327 imula,
3205 5252 3599 5326 στρατιωτικός
3650 5270 3751 5327 pro

2102 5321 2302 5388 milite,
2340 5318 2637 5393 clama-‘64
2667 5339 2768 5393 pro
2800 5318 3119 5393 drchiteclo.

2175 5389 2543 5465 (26λΙΙόλεων
2596 5389 2705 5449 me.
2743 5393 2889 5464 Lego
2935 5392 3175 5455 πόλεως,
3218 5400 3282 5450 ut
3330 5396 3386 5449 in
3432 5397 3750 5465 superiori-

2101 5463 2213 5539 bus
2244 5464 2575 5539 aliquoties.
2600 5468 2756 5539 Nam,
2775 5463 3265 5539 opponitururbs
3295 5466 3446 5539 regia
3475 5463 3596 5528 τοῖς
3625 5463 3746 5537 ἔξω,

2101 5534 2422 5608 suburbiis,
2454 5534 3187 5608 municipiis,'provinciis.

2170 5606 2794 5689 (.27)'Fortejpn_gendi
2828 5607 2887 5667 hi
2933 5613 3067 5664 sunt
3099 5625 3199 5681 per
3227 5608 3605 5666 intersertum
3637 5610 3744 5679 κιέ,

2101 5681 2166 5734 ut
2193 5680 2252 5737 in
2286 5678 2507 5737 Latinis
2535 5679 2664 5736 feci.
