3972 6214
168 379 360 444 1353
1057 381 1159 443 DE
1203 381 1655 446 CERIMONIIS
1698 383 1935 445 AULZE
1975 384 2464 447 BYZANTIN/E
2508 387 2654 448 LIB.
2700 390 2782 452 II.

3453 392 3607 456 1354

162 513 563 591 τομανδάτωρ
654 520 753 572 τοῦ
848 511 1185 586 ἰξκουϐίτου·
1262 516 1292 571 6
1365 513 1838 592 πρωτομανδάτωε

1968 522 2323 590 protectores
2342 519 2670 579 scholarum
2695 543 2711 593 ;
2739 525 2939 583 vicarii
2960 544 3342 589 numerorum
3367 548 3382 598 ;
3402 529 3607 587 vicarii

162 611 301 659 τῶν
353 605 646 661 ἱκανάτων·
703 607 760 660 οἱ
808 599 1252 680 πρωτοκάραϐοι·
1315 605 1366 659 οἱ
1427 607 1838 681 πρωτονοτάριο

1969 612 2293 665 castrorum
2320 627 2333 677 ;
2358 610 2682 667 draconarii
2699 615 3097 674 excubitorum
3116 637 3130 689 ;
3150 620 3604 692 exeparchontes

167 693 303 750 τῶν
341 697 597 769 θεμάτων
628 697 718 751 καὶ
749 700 861 750 τῶν
893 694 1109 770 ἆγελῶν
1151 695 1202 748 οἱ
1252 691 1507 768 ἃπρατοι·
1561 696 1612 749 o't
1665 693 1831 770 βανδο

1965 696 2053 751 vel
2084 699 2406 769 exprefecti
2430 701 2854 770 provinciarum
2882 708 3228 773 ;stratelata3
3299 709 3604 766 acoluthus

173 785 369 862 φόροι
398 789 497 840 τοῦ
527 784 786 859 ἀριθμοῦ·
835 784 888 839 οἱ
942 781 1275 858 βανδοφόροι
1311 788 1419 838 τῶν
1465 784 1756 839 ἱκανάτῶν·
1808 805 1836 840 ο

1964 786 2229 854 arithmi;
2256 792 2732 860 protomandator
2744 795 3172 867 excubitorum;
3199 798 3605 870 protomanda-

172 872 577 959 εὐτυχοφόροι
605 877 714 929 τῶν
746 872 994 949 σχολῶν·
1038 874 1091 927 οἱ
1131 874 1454 952 σκευοφόροι
1511 878 1619 929 τῶν
1673 874 1838 944 ἐξκουη

1961 879 2049 931 tor
2078 875 2480 934 hicanatorum
2507 897 2521 948 ;
2556 884 2921 951 protocarabi
2952 901 3055 942 seu
3087 887 3381 957 naucleri;
3415 890 3605 959 proto-

166 958 387 1018 ϐἷτων·
436 965 489 1020 οἱ
540 959 904 1038 λαϐουρήσιοι
954 966 1056 1017 τοῦ
1103 962 1367 1037 ἀριθμοῦ·
1412 964 1462 1016 o't
1504 962 1838 1040 σκηπτροφόι

1959 965 2171 1020 notarii
2203 964 2525 1023 thematum
2572 976 2625 1023 et
2658 986 2899 1043 gregum
2950 973 3284 1044 honorarii;
3316 958 3601 1031 bandiferi

168 1070 275 1123 ροι
310 1056 428 1107 τῶν
457 1052 703 1132 σχολῶν·
746 1053 801 1106 οἱ
860 1052 1181 1127 σιγνοφόροι
1236 1055 1346 1106 τῶν
1407 1046 1748 1120 ἐξκουϐίτων·
1802 1053 1838 1106 ο¹

1958 1053 2197 1108 arithmi
2223 1070 2236 1121 ;
2263 1055 2550 1112 bandiferi
2565 1057 2966 1118 hicanatorum
2985 1080 2999 1131 ;
3016 1065 3452 1138 eutychiophori
3476 1065 3599 1137 [seu

170 1141 567 1217 σημειοφόροι
606 1145 713 1195 τῶν
749 1144 849 1195 τοῦ
898 1141 1157 1214 ἀριθμοῦ.
1217 1141 1268 1226 oi
1326 1140 1689 1217 σημειοφόροι
1742 1145 1838 1195 τῶι

1955 1142 2327 1199 victoriarum
2349 1149 2695 1220 gestatoree]
2728 1149 3062 1208 scholarum
3090 1170 3103 1221 ;
3127 1154 3468 1226 sceuophori
3493 1168 3598 1209 seu

160 1228 488 1283 ἱκανάτων·
523 1228 575 1282 οἱ
606 1227 970 1301 ἀξιωματικοὶ
992 1230 1100 1281 τῶν
1133 1225 1357 1301 σχολῶν
1383 1229 1518 1300 (28)·
1553 1229 1605 1282 οἱ
1624 1228 1838 1282 σινάτω·

1954 1231 2186 1287 vasiferi
2208 1234 2294 1289 vel
2316 1236 2640 1305 tropaoferi
2661 1239 3064 1297 excubitorum
3090 1259 3105 1308 ;
3129 1225 3464 1300 labarenses
3484 1243 3597 1299 ari-

170 1337 274 1392 ρες
308 1321 424 1372 τῶν
468 1311 784 1372 ἐκουϐίτωνο
844 1318 898 1371 οἱ
956 1313 1382 1391 δουκινιάτωρες
1434 1320 1533 1370 τοῦ
1587 1316 1838 1391 ἀριθμοῦε

1953 1320 2100 1376 thmi
2119 1343 2133 1387 ;
2153 1324 2471 1394 sceptriferi
2493 1325 2821 1383 scholarum
2843 1346 2856 1396 ;
2876 1329 3140 1402 signiferi
3153 1331 3557 1389 excubitorum
3581 1348 3595 1400 ;

155 1409 219 1463 οἱ
265 1405 711 1482 δουκινιοὶτωρες
758 1411 868 1463 τῶν
914 1406 1204 1461 ἱκανάτων·
1253 1408 1304 1461 οἱ
1360 1405 1689 1482 μανδάτορες
1736 1417 1838 1466 τῶι

1950 1408 2253 1465 vexilliferi
2285 1412 2520 1468 arithmi
2550 1431 2564 1481 ;
2594 1415 2897 1473 vexilliferi
2945 1418 3347 1477 hicanatorum
3373 1439 3388 1488 ;
3438 1421 3599 1477 axio-

155 1502 431 1573 σχοΛῶν.
524 1498 577 1553 οἱ
653 1494 1236 1573 πρωτοκαγκελλᾶριοι
1309 1500 1418 1551 τῶν
1466 1497 1732 1571 θεμάτων·
1792 1497 1838 1553 οἳ

1954 1499 2154 1555 matici
2177 1500 2266 1556 vel
2290 1503 2559 1560 honorati
2581 1504 2913 1563 scholarum
2939 1525 2954 1575 ;
2985 1514 3287 1567 senatores
3306 1510 3600 1567 excubito-

157 1588 430 1652 ὀπτίονες
458 1590 579 1643 τῶν
631 1588 954 1663 ταγμάτων·
1005 1587 1034 1641 6
1090 1584 1687 1661 πρωτοκαγκελλάριος
1747 1591 1838 1643 τοῦ

1951 1603 2079 1643 rum
2107 1605 2121 1656 ;
2162 1589 2556 1649 duciniatores
2586 1594 2993 1654 velducenarii
3024 1597 3259 1656 arithmi
3286 1618 3300 1668 ;
3334 1599 3596 1657 ducinia-

157 1681 399 1752 γενικοῦ
448 1675 766 1753 λογοθὲτου·
828 1676 857 1730 6
906 1672 1500 1749 πρωτοκαγκελλάριος
1545 1679 1642 1730 τοῦ
1689 1677 1846 1731 unat-

168 1772 426 1841 στωρος⁶
468 1768 496 1822 6
542 1762 1026 1843 πρωτομανδᾶτωρ
1072 1768 1184 1819 τῶν
1229 1765 1532 1841 νουμὲρων·
1565 1765 1593 1819 6
1630 1784 1844 1841 πρωτο-

1949 1678 2103 1734 tores
2133 1678 2539 1738 hicanatorum
2568 1700 2581 1750 ;
2607 1686 2978 1743 mandatores
2998 1687 3333 1745 scholarum
3360 1703 3374 1755 ;
3398 1693 3597 1762 proto-

1946 1767 2277 1825 cancellarii
2308 1769 2675 1841 thematum;
2709 1774 2973 1845 cptiones
3003 1781 3324 1849 tagmatum
3348 1794 3363 1845 ;
3398 1781 3594 1850 proto-

174 1853 483 1930 pavBa't-twp
537 1859 648 1911 τῶν
706 1852 956 1929 τειχέων·
1008 1855 1037 1908 ὁ
1085 1852 1677 1931 πρωτοκαγκελλάριος
1741 1860 1838 1911 τοῦ

1950 1857 2333 1915 canceltarius
2386 1859 2577 1933 genici
2634 1861 2990 1936 logothetas;
3042 1865 3595 1938 protocancellarius

172 1944 505 2000 σακελλίου·
550 1946 579 1999 6
635 1943 936 2018 κὲνταρχος
984 1947 1083 1998 τοῦ
1136 1942 1466 2019 βεστιαρίου·
1517 1944 1569 1998 οἱ
1616 1963 1838 2019 πρωτο-

175 2031 523 2108 μανδάτορες
598 2032 687 2087 καὶ
763 2031 1080 2107 λεγατάριοι
1152 2036 1262 2087 τῶν
1338 2027 1688 2102 ἐξκουϐίτων·
1787 2035 1840 2088 οἱ

172 2120 521 2196 μανδάτορες
570 2120 661 2177 καί
704 2120 1022 2199 λεγατάριοι
1060 2125 1157 2176 τοῦ
1214 2121 1471 2195 ἀριθμοῦ·
1535 2122 1586 2176 οἱ
1644 2120 1838 2191 65x00-

169 2206 423 2287 6ίτορες·
456 2213 506 2267 οἱ
539 2212 782 2287 θυρωροὶ
811 2214 910 2266 τοῦ
938 2209 1210 2266 παλατίου
1250 2211 1339 2265 καὶ
1389 2214 1500 2265 τῶν
1551 2212 1837 2287 σεκρὲτων·

170 2302 228 2356 οἱ
263 2298 650 2376 διατρέχοντες
682 2306 778 2356 τοῦ
811 2298 1042 2375 δρόμου.
1077 2300 1128 2354 οἱ
1184 2300 1579 2377 φακτιονάριοι.
1633 2301 1685 2355 o't
1732 2320 1842 2376 γει-

171 2391 492 2467 τονιάρχαι·
528 2392 579 2446 οἱ
624 2392 867 2466 νοτάριοι
914 2394 1022 2446 τῶν
1076 2393 1279 2463 μερῶν·
1341 2388 1392 2443 οἱ
1442 2387 1837 2466 χαρτουλάριοι

180 2483 297 2535 τῶν
349 2484 544 2554 μερῶν·
607 2480 656 2535 οἱ
712 2478 940 2549 ποιηταὶ
1000 2478 1091 2533 καὶ
1156 2475 1408 2550 μελισταὶ
1464 2482 1571 2531 τῶν
1618 2474 1836 2550 δήμων.

181 2569 238 2623 o't
270 2568 503 2646 ἡνίοχοι
532 2573 640 2623 τῶν
679 2573 883 2643 μερῶν·
916 2568 969 2623 οἱ
1003 2564 1337 2641 μανδάτορες
1376 2571 1484 2621 τῶν
1533 2566 1834 2640 νουμέρων·

181 2659 235 2713 οἱ
286 2656 615 2735 μανδάτορες
666 2662 776 2713 τῶν
834 2656 1084 2732 τειχέων·
1144 2658 1172 2711 6
1232 2655 1550 2731 λεγατάριος
1599 2661 1699 2711 τοῦ
1752 2656 1838 2731 βε-

181 2747 452 2822 στιαρίιυ⁴
505 2750 557 2803 o't
606 2742 900 2824 χοσϐαΐται
956 2752 1052 2801 τοῦ
1096 2746 1338 2822 μεγάλου
1400 2744 1729 2821 βεστιαρίου·
1783 2746 1834 2799 οἱ

179 2836 474 2911 κὲνταρχοι
505 2840 613 2892 τῶν
643 2840 958 2913 στρατηγῶν
1001 2839 1108 2891 τῶν
1157 2838 1483 2908 θεματικῶν·
1536 2836 1587 2889 οἱ
1641 2854 1833 2910 μικρο-

183 2931 435 2981 πανῖται·
502 2926 556 2980 οἱ
621 2924 1008 3003 παραφύλακες
1068 2930 1176 2980 τῶν
1251 2925 1499 2998 κάστρων
1578 2922 1831 2999 ἄπρατοι·

183 3015 237 3071 οἱ
267 3016 556 3091 κὲνταρχοι
587 3018 695 3069 τῶν
731 3011 962 3090 βανδων·
999 3015 1052 3068 c't
1084 3011 1359 3085 δημῶται·
1395 3015 1445 3067 οἱ
1486 3009 1834 3088 δρουγγάριοι

181 3109 292 3161 τῶν
330 3109 532 3175 πεζῶν·
584 3106 638 3159 οἱ
694 3103 1087 3180 καγκελλάριοι
1131 3107 1240 3158 τῶν
1304 3102 1589 3179 σεκρὲτων·
1642 3103 1695 3157 o't
1740 3122 1837 3157 το-

182 3194 496 3269 ποτηρηταὶ
526 3198 633 3248 τῶν
665 3198 848 3269 χορῶν
881 3197 1009 3266 (29)·
1045 3193 1097 3247 οἱ
1128 3198 1453 3265 στρατιῶται
1481 3195 1588 3247 τῶν
1621 3191 1834 3267 ταγμά-

1951 1947 2257 2017 quaestoris
2282 1967 2295 2015 ;
2323 1953 2800 2020 protomandator
2821 1967 3234 2026 numerorum;
3258 1958 3596 2027 protoman-

1950 2036 2118 2093 dator
2153 2042 2516 2107 castrorum;
2551 2041 3103 2111 protocancellarius
3150 2042 3594 2112 sacelli;centar-

1949 2126 2097 2181 chus
2126 2126 2420 2194 vestiarii;
2469 2129 3008 2199 protomandatores
3051 2135 3111 2187 et
3138 2131 3397 2202 legatarii
3432 2148 3596 2189 excuv

1941 2204 2203 2269 hitorum
2228 2233 2242 2282 ;
2269 2216 2641 2272 mandatores
2673 2222 2731 2273 et
2754 2218 3016 2288 legatarii
3047 2220 3285 2275 arithmi
3315 2237 3329 2287 ;
3364 2220 3595 2276 excubi-

1949 2310 2140 2369 tores;
2184 2303 2470 2373 janitores
2501 2305 2699 2376 palatii
2745 2311 2804 2362 et
2851 2314 3246 2375 secretorum;
3295 2309 3596 2364 vernaculi

1949 2407 2188 2460 cursus;
2227 2392 2550 2449 factionarii
2579 2411 2592 2460 ;
2624 2394 2891 2467 magistri
2923 2395 3183 2452 vicorum
3212 2414 3227 2464 ;
3276 2396 3485 2453 notarii
3516 2398 3596 2454 fa-

1948 2481 2211 2537 ctionum
2238 2499 2251 2547 ;
2286 2482 2622 2538 cbartularii
2647 2484 2965 2540 factionum
2993 2504 3007 2553 ;
3031 2490 3211 2557 poetae
3231 2486 3549 2543 factionum
3575 2503 3589 2555 ;

1949 2570 2154 2626 musici
2186 2571 2500 2627 factionum
2527 2590 2539 2639 ;
2572 2573 2785 2646 aurigae
2830 2574 3145 2631 factionum
3173 2591 3187 2642 ;
3221 2577 3593 2632 mandatores

1948 2675 2326 2716 numerorum
2355 2678 2368 2728 ;
2402 2661 2555 2717 428
2580 2664 2953 2719 mandatores
2975 2672 3299 2721 castrorum
3325 2680 3339 2731 ;
3374 2664 3593 2737 legata-

1945 2750 2067 2806 rius
2097 2750 2354 2806 vestiarii
2385 2751 2738 2819 ;chosbaitie
2755 2753 2951 2825 magni
2972 2754 3230 2810 vestiarii
3255 2771 3268 2822 ;
3294 2754 3593 2812 centarchi

1945 2842 2336 2910 strategorum
2360 2839 2842 2911 thematicorum;
2867 2843 3264 2916 micropanitw
3288 2844 3591 2914 ;custodes

1945 2931 2267 2983 castrorum
2291 2928 2587 2985 honorarii
2612 2947 2626 2997 ;
2651 2930 2944 2987 centarchi
2966 2932 3324 3000 bandorum;
3347 2933 3593 2989 demota;

1946 3030 2048 3071 seu
2079 3016 2386 3087 populares
2415 3022 2519 3074 aut
2543 3018 2922 3085 factionales;
2955 3020 3255 3090 drungarii
3287 3021 3549 3092 peditum
3576 3038 3590 3088 ;

1946 3104 2277 3160 cancellarii
2310 3111 2662 3162 secretorum
2690 3124 2704 3176 ;
2728 3113 3087 3179 torpoteretaa
3109 3109 3419 3167 chororum
3447 3129 3461 3179 ;
3494 3111 3595 3167 mi-

1946 3192 2076 3249 lites
2106 3200 2430 3267 tagmatum
2463 3205 2517 3253 et
2546 3197 2762 3254 milites
2791 3198 3141 3255 thematum.
3173 3204 3418 3268 Horum,
3443 3217 3592 3272 quos

179 3305 309 3340 των·
345 3285 397 3339 οἱ
454 3290 781 3360 στρατιῶται
827 3285 935 3339 τῶν
985 3282 1253 3357 θεμάτων.
1305 3283 1376 3340 Εἴ
1404 3281 1461 3338 δὲ
1506 3283 1566 3338 ἐκ
1615 3282 1829 3337 πάντων

1950 3260 2227 3352 diximus,
2258 3286 2516 3342 omnium
2564 3287 2613 3343 si
2663 3288 2796 3360 quis
2844 3288 3160 3361 dignitates
3211 3260 3595 3349 simul'tenet

181 3373 387 3431 τούτων
426 3379 534 3430 τῶν
566 3375 876 3450 λεχθέντων
907 3374 1049 3436 τινὲς
1080 3372 1265 3448 ἔχοιεν
1298 3372 1446 3443 ἀξίας
1474 3373 1570 3437 τὰς
1592 3370 1676 3427 διὸ
1703 3373 1834 3447 βρα-

189 3460 335 3520 Gelon
360 3461 667 3539 διδομένας,
710 3461 931 3526 ἕκαστος
979 3464 1154 3518 αὐτῶν
1199 3466 1269 3536 τῇ
1318 3462 1438 3533 ἀξίᾳ
1491 3466 1589 3516 τοῦ
1638 3462 1836 3534 ὁμοτί-

196 3576 297 3628 μου
328 3555 417 3608 τὸν
453 3554 661 3629 βαθμὸν
688 3554 1070 3627 προτιμάσθω.
1114 3552 1179 3608 Εἰ
1220 3549 1277 3606 δὲ
1319 3550 1551 3625 παγανοὶ
1594 3549 1833 3618 πέλοιεν,

193 3641 244 3697 ἐν
288 3644 474 3715 μόνοις
511 3648 630 3704 τοῖς
680 3642 959 3719 ὀφφικίοις
1005 3640 1367 3712 τιμάσθωσαν
1415 3641 1553 3695 κατὰ
1578 3640 1678 3708 τήν
1725 3637 1834 3710 ἤδη

196 3728 491 3794 ἐκτεθεῖσαν
548 3731 696 3800 τάξιν
763 3727 1266 3803 κλητωρευόμενοι.
1340 3729 1407 3784 Οἱ
1461 3727 1517 3781 δὲ
1569 3727 1619 3796 ἐξ
1673 3726 1839 3791 ἒθνῶν

195 3820 564 3896 εἴσερχόμενοι
620 3816 871 3895 πρεσϐεις
920 3820 1008 3873 καὶ
1056 3825 1156 3887 τῆς
1204 3817 1391 3890 τιμίας
1454 3816 1840 3879 συνεστιάσεως

193 3916 298 3967 τῶν
353 3908 622 3986 βασιλέων
680 3911 842 3979 ἡμῶν
892 3906 1213 3980 ἀξιούμενοι
1260 3905 1700 3978 κλητωρεύονται
1748 3904 1839 3958 καὶ

197 3999 341 4054 αὐτοὶ
408 3994 605 4059 οὕτως.
674 3998 766 4071 [Οἱ
855 3996 963 4052 ἀπὸ
1044 3997 1267 4068 Ῥώμης
1357 3996 1467 4067 (30)
1552 3991 1841 4049 ἐπίσκοποι

198 4089 581 4165 προεκρίθησαν
618 4093 726 4142 τῶν
776 4089 892 4142 καθ’
924 4088 1071 4159 ἡμᾶς
1119 4083 1430 4140 ἒπισκόπων
1482 4084 1574 4157 ⁹⁴.]
1623 4084 1690 4141 Οἱ
1745 4082 1838 4156 μὶν

199 4180 298 4235 ἀπὸ
324 4179 543 4252 Ῥώμης
595 4176 908 4252 ἐρχόμενοι,
962 4174 1051 4230 ἐάν
1097 4175 1230 4230 εῗσιν
1292 4173 1600 4243 ἐπίσκοποι,
1646 4187 1843 4249 προτι-

206 4278 398 4348 μῶνται
457 4276 568 4327 τῶν
636 4269 950 4327 ἐπισκόπων
1008 4277 1108 4341 τῆς
1155 4270 1273 4333 καθ’
1322 4270 1469 4342 ἡμᾶς
1518 4265 1833 4338 ἐκκλησίας.

201 4362 243 4418 εἰ
305 4360 360 4418 δε
422 4357 787 4438 πρεσϐύτεροι
880 4361 1003 4431 εἶεν,
1089 4359 1349 4421 ὡσαύτως
1436 4357 1842 4433 προκρίνονται.

197 4452 429 4525 Ὁμοίως
474 4452 565 4507 καὶ
616 4449 668 4506 ἔν
720 4445 942 4505 ἕκαστον
999 4449 1181 4526 τάγμα
1227 4455 1326 4517 τῆς
1383 4446 1685 4523 ἱερωσύνης
1741 4448 1844 4517 την

200 4541 524 4616 προ-τίμησιν
602 4537 929 4614 ἀναδέχεται
1006 4539 1145 4594 κατά
1217 4539 1316 4607 τήν
1392 4534 1653 4612 καθέδραν
1739 4537 1840 4605 τὴν

1948 3389 2169 3438 earum,
2204 3392 2331 3447 quae
2361 3393 2495 3433 cum
2528 3378 2759 3434 brabeis
2800 3379 2926 3435 dari
2975 3380 3185 3448 solent,
3213 3380 3311 3438 ille
3340 3382 3589 3452 gradum

1948 3480 2063 3535 prae
2098 3463 2316 3534 collega
2346 3482 2452 3521 suo
2476 3465 2807 3538 insignibus
2830 3482 2946 3523 non
2969 3468 3108 3523 item
3141 3472 3345 3525 ornato
3374 3470 3590 3537 habet;

1946 3552 1994 3608 si
2025 3568 2157 3609 vero
2190 3553 2401 3625 pagani
2433 3556 2551 3610 sint
2580 3555 2861 3625 [muneris
2890 3556 3059 3612 titulo
3096 3560 3326 3613 tantum
3357 3558 3597 3631 conspi-

1948 3641 2292 3712 cui,ahsque
2322 3642 2665 3716 functione,]
2688 3648 2916 3701 tantum
2949 3645 3009 3701 in
3031 3645 3239 3702 ofﬁciis
3268 3648 3596 3704 secundum

1947 3729 2213 3785 ordinem
2234 3731 2361 3800 jam
2409 3734 2739 3803 expositum
2791 3740 3122 3792 evocantur.
3158 3736 3354 3806 Legati
3402 3744 3596 3793 autem

1952 3818 2392 3891 peregrinarum
2422 3821 2711 3891 gentium,
2746 3822 2805 3876 in
2847 3822 3041 3877 aulam
3072 3823 3249 3880 delati
3278 3832 3332 3881 et
3378 3824 3600 3882 honore

1951 3907 2023 3962 de
2053 3906 2415 3962 dominorum
2438 3912 2774 3963 nostrorum
2798 3910 2986 3981 epulis
3013 3911 3399 3982 participandi
3432 3912 3599 3984 digni

1950 3996 2157 4066 habiti,
2189 4002 2500 4054 evocantur
2548 3997 2607 4053 in
2641 3998 2795 4055 hunc
2845 4000 3105 4056 modum.
3141 4001 3433 4075 [EpiscOpi
3483 4002 3598 4058 Ro-

1952 4087 2115 4143 mani
2164 4085 2452 4159 episcOpis
2493 4087 2710 4144 nostris
2755 4088 3287 4162 prahabebanturj
3334 4090 3598 4163 Episcopi

1953 4176 2149 4233 Rome
2182 4175 2228 4231 si
2260 4176 2359 4248 qui
2392 4177 2460 4232 ad
2506 4193 2614 4232 nos
2642 4176 2906 4246 veniunt,
2943 4178 3353 4250 prmbabentur
3384 4178 3598 4235 nostris

1950 4264 2263 4338 episcopis.
2297 4265 2423 4322 Pari
2457 4266 2629 4321 modo
2658 4266 2999 4338 presbyteri,
3044 4271 3100 4323 et
3148 4267 3209 4322 in
3259 4268 3597 4324 universum

1951 4356 2146 4413 omnis
2177 4356 2319 4411 ordo
2349 4353 2784 4412 ecclesiasticus
2813 4356 3111 4412 Romanus
3153 4357 3331 4413 habet
3353 4359 3597 4429 gradum

1951 4463 2064 4518 prae
2098 4449 2296 4501 nostro
2320 4447 2649 4501 secundum
2675 4446 2844 4501 illum
2867 4447 3110 4503 sedendi
3131 4448 3600 4520 ordinem,quem

1952 4535 2623 4618 superiusiradidimus.
2658 4538 2719 4592 Id
2769 4536 2923 4592 idem
2963 4553 3197 4610 quoque
3229 4543 3499 4595 teneatur
3526 4539 3598 4595 de

204 4630 470 4704 ἂνωτὲρως
521 4630 799 4703 ῥηθεισαν.
852 4628 930 4685 Τὸ
981 4627 1112 4683 αὐτὸ
1162 4624 1220 4682 δὲ
1268 4626 1567 4701 κρατείσθω
1619 4625 1709 4680 καὶ
1758 4624 1838 4679 ἐπί

1956 4626 2145 4681 tribus
2175 4640 2277 4696 per
2307 4624 2601 4680 Orientem
2634 4625 3469 4695 patriarcbis.Collocabantur
3496 4644 3603 4684 au-

204 4722 303 4774 τῶν
333 4718 382 4773 ἐν
418 4719 551 4791 Ἀτῇ
582 4717 790 4791 νατολῇ
834 4714 1005 4773 ὅντων
1052 4718 1219 4792 τριῶν
1268 4720 1642 4792 πατριαρχῶν.
1696 4716 1841 4771 Ἐτι-

212 4809 444 4882 μήθησαν
486 4805 543 4864 δὲ
598 4809 649 4863 οἱ
697 4807 805 4863 ἀπὸ
850 4807 1078 4881 Ῥώμης
1127 4805 1374 4871 ἐλθόντες
1421 4804 1511 4861 διὰ
1556 4806 1657 4874 τὴν
1710 4803 1841 4858 ’ἑνω-

1952 4718 2067 4769 tem
2098 4712 2267 4783 legati
2300 4712 2568 4783 Romani,
2600 4714 2700 4785 qui
2731 4714 2843 4770 sub
2879 4713 3082 4784 Leone,
3118 4715 3212 4787 pio
3244 4716 3410 4789 imp.,
3433 4716 3603 4772 adve-

1957 4801 2193 4859 niebant
2222 4802 2600 4874 procuranda:
2631 4802 2866 4861 unionis
2896 4802 3276 4862 ecclesiarum
3307 4804 3604 4879 gratia,ita

1543 4931 1789 4987 VARle
1828 4928 2219 4987 LPICTIONES

279 5056 319 5094 ⁹⁴
343 5057 532 5115 Verba
563 5056 615 5110 οἱ
647 5086 711 5100 -
747 5052 1059 5111 ἐπισκόπων
1093 5057 1294 5112 notam
1328 5051 1710 5126 marginalem
1741 5065 1836 5108 ess

1950 5049 2131 5106 insuit
2160 5048 2411 5121 ideoque
2440 5049 2609 5106 uncis
2634 5047 2876 5108 inclusit
2906 5051 2973 5107 R.

1225 5175 1427 5232 JOAN.
1470 5174 1620 5231 JAC.
1664 5172 1935 5230 REISKlI
1975 5169 2570 5229 COMMENTARIUS.

276 5305 377 5376 (28)
408 5305 560 5361 Sunt
589 5304 737 5376 forte
768 5316 1090 5376 assessores
1132 5299 1193 5355 in
1217 5298 1460 5371 judiciis
1492 5296 1848 5376 militaribus

219 5368 622 5433 crimi'nalibus.
650 5375 823 5431 Forte
853 5373 1002 5430 tales
1031 5368 1261 5444 quoque
1292 5376 1453 5427 erant
1485 5386 1661 5441 penes
1695 5368 1850 5425 hica-

219 5457 382 5514 natos,
417 5454 699 5504 senatores
732 5446 892 5501 dicti.

276 5520 377 5592 (29)
428 5520 553 5577 Non
611 5516 1160 5592 dubito,“vitiosam
1219 5513 1371 5570 hanc
1430 5527 1627 5592 vocem
1674 5527 1845 5592 _esse.

222 5583 574 5647 Cum'tamen
606 5590 721 5645 alia
754 5583 963 5644 melior
991 5602 1109 5642 non
1158 5589 1484 5654 succurrat,
1516 5583 1690 5640 debui
1722 5598 1849 5639 eam

221 5662 278 5717 in
308 5662 518 5718 Latinis
549 5676 786 5734 quoque
816 5660 1078 5734 reddere.
1126 5729 1138 5734 _
1380 5729 1393 5734 _
1479 5728 1492 5734 _
1683 5726 1738 5734 η
1781 5725 1790 5734 ,

286 5734 392 5804 (30)
422 5726 640 5792 Ηιεοόῑ
670 5726 976 5807 sequentia
1006 5729 1176 5786 uncis
1196 5746 1230 5785 a
1261 5745 1352 5785 me
1379 5728 1611 5786 inclusa
1645 5726 1852 5783 efﬁcie—

519 5863 788 5926 ΡΑτιιοῐ..
834 5860 947 5922 Ga.
991 5857 1176 5922 CXII.

1957 5296 2097 5351 bant
2127 5295 2186 5368 in
2239 5294 2578 5368 membrana
2609 5312 2808 5368 unum,
2830 5311 3088 5363 versum,
3120 5298 3388 5368 etgerant
3431 5298 3606 5368 paulo

1958 5367 2283 5443 majoribus
2313 5367 2547 5436 litteris,
2577 5367 3016 5443 (capitaleeaut
3061 5366 3373 5437 quadratas
3405 5366 3608 5443 appel-

1956 5436 2123 5509 lant,)
2156 5438 2393 5509 scripta,
2425 5436 2705 5509 tanquam
2757 5439 2809 5493 si
2843 5436 3051 5492 titulus
3081 5436 3298 5494 essent.
3329 5436 3608 5501 Sed-sunt

1958 5509 2153 5579 potius
2186 5518 2321 5565 nota
2352 5510 3018 5584 marginalis._Eamdem
3065 5510 3137 5565 ob
3168 5526 3406 5567 causam
3437 5513 3606 5584 paulo

1960 5578 2195 5663 quoque
2226 5585 2357 5651 post
2381 5578 2559 5663 3:12:01
2590 5579 2696 5663 ἀπᾷ
2730 5578 3094 5652 Ἀντιοχείας,
3119 5586 3255 5650 etc.,
3293 5578 3605 5653 majoribus

1960 5652 2172 5708 litteris
2204 5657 2433 5709 exarata
2464 5652 2713 5724 obscpsi.

3210 5853 3287 5912 43
