3972 6214
137 377 327 439 1357

1021 379 1121 438 DE
1165 378 1620 442 CERIMONIIS
1663 379 1896 440 AUL/E
1937 378 2423 441 BYZANTINIE
2469 381 2614 442 LIB.
2661 378 2741 442 II.

3424 383 3578 445 I358

131 530 292 565 πτοι
353 509 409 565 ἓν
448 511 517 581 τῇ
585 505 853 580 εὖωνόμῳ
912 509 1051 563 θέσει
1111 508 1506 581 κληθήσονται,
1564 508 1827 581 δηλονότι

1939 512 2296 584 eosdemque
2327 517 2614 586 strategos
2635 512 3121 570 etomnesinvelo
3152 515 3281 586 [seu
3314 518 3576 590 corpore]

135 599 573 658 ὑποπίπτοντες
603 597 693 651 καὶ
725 596 880 651 αὐτοὶ
912 602 980 671 τῇ
1020 602 1146 670 τῶν,
1178 599 1478 674 πατρικίων
1526 600 1614 654 καὶ
1665 619 1826 672 στρα-

131 693 354 762 τηγῶν
397 687 487 742 καὶ
531 688 748 741 πάντων
791 689 899 740 τῶν
943 686 1124 758 ἐν’τῷ
1177 688 1336 762 βήλῳ
1382 689 1684 763 πατρικίων
1734 710 1825 743 τε·

131 779 457 853 ταγμὲνων
491 775 795 850 ἀρχόντων,
830 776 1197 840 ἀπολαύοντες
1226 779 1316 830 καὶ
1358 778 1511 832 αὐτοὶ
1559 778 1650 832 τὸν
1703 775 1824 831 δεύ-

132 889 320 942 τερον
389 867 576 939 μίνσον
615 872 715 934 τῆς
768 865 1060 939 βασιλικῆς
1111 866 1398 941 τραπέζης.
1462 869 1549 922 Ἐν
1600 865 1657 920 δὲ
1708 872 1822 928 τοῖς

134 965 214 1021 ιδ’
249 961 372 1011 τῶν
407 957 607 1030 ἑορτῶν
639 949 952 1016 ἀκουϐίτοις
983 955 1424 1028 κλητωρεῦονται
1475 953 1663 1030 ὅγδοοι
1708 957 1822 1028 (36)

130 1047 241 1101 καὶ
311 1042 548 1102 ἓννατοι.
612 1041 879 1114 δηλονότι
948 1042 1341 1107 ὑποπίπτοντες
1403 1049 1471 1117 τῇ
1527 1045 1670 1114 τάξει
1726 1049 1822 1098 τοῦ

135 1131 574 1210 προλεχθέντος
607 1130 809 1206 βήλου.
843 1131 908 1188 Οἱ
945 1129 1001 1186 δὲ
1033 1131 1091 1186 ἐκ
1123 1133 1390 1207 Φράγγων
1415 1136 1525 1205 (37)
1548 1127 1819 1206 πρέσϐεις.

138 1223 193 1279 εἰ
232 1224 344 1294 μὲν
377 1219 562 1296 ἔχοιεν
608 1219 973 1295 χειροτονίας,
1021 1221 1155 1274 κατᾶ
1183 1224 1379 1282 ταύτας
1428 1220 1818 1291 κληθησονταιυ

139 1313 195 1366 εἰ
233 1309 299 1366 δὲ
335 1310 569 1388 παγανοί
601 1311 755 1380 εἰσιν,
784 1314 852 1383 τῇ
885 1314 992 1363 τῶν
1041 1308 1409 1383 ὁφφικιαλίων
1458 1312 1822 1365 ὑποπίπτουσι

133 1403 326 1474 τάξει.
364 1405 428 1457 Οἱ
460 1401 517 1457 δὲ
571 1402 630 1456 ἐκ
675 1405 781 1456 τῶν
831 1399 1042 1455 λοιπῶν
1101 1399 1262 1455 ἐθνῶν
1323 1400 1616 1478 ἐρχόμενοι
1667 1401 1822 1479 φίλοι

136 1496 219 1566 τῇ
306 1497 420 1548 τῶν
499 1486 1082 1564 σπαθαροκανδιδάτων
1181 1491 1550 1546 ὑποπίπτουσι
1626 1493 1822 1552 πάντες

148 1581 312 1655 agis.

848 1668 1029 1741 Τόμος
1071 1670 1143 1725 Δ’.

230 1755 465 1829 Ἐπειδὴ
542 1764 642 1828 τῆς
717 1761 824 1811 τῶν
898 1757 1226 1831 ἀρτικλινῶν
1279 1758 1589 1832 ἐπιστήμης
1643 1758 1824 1830 ἶδικήν

144 1870 277 1904 τινα
340 1846 712 1922 πραγματείαν
783 1845 1184 1921 συγγράψασθαι
1242 1845 1671 1923 ἐσπουδάσαμεν,
1731 1851 1820 1904 καὶ

147 1938 253 1999 τὰς
316 1941 418 1991 τοῦ
477 1935 686 1990 οἰκείου
743 1933 1151 2008 πολιτεύματος
1212 1936 1360 2005 ἀξίας
1419 1937 1823 2016 ἐκφαντορὲκῶς

1935 603 2314 672 patriciorum
2349 605 2717 669 constitutos,
2752 607 2808 657 et
2834 602 3003 657 simul
3037 620 3172 659 cum
3215 606 3474 674 patriciis
3505 608 3576 662 ad

1933 693 2260 760 Augustum
2305 692 2534 748 admitti
2585 693 2788 747 solitos
2847 694 3353 763 magistratuswt
3400 696 3572 748 etiam

1933 781 2044 851 ipsi
2059 783 2312 836 secundo
2331 782 2511 838 missu
2534 798 2710 837 sacrae
2729 797 2942 837 mensae
2963 783 3251 836 fruantur.
3285 782 3344 836 In
3364 798 3578 837 noven-

1933 870 2120 924 decim
2154 871 2434 924 accubitis
2465 874 2680 936 autem,
2717 869 2814 942 qui
2852 870 3129 924 celebrari
3174 869 3380 924 diebus
3415 871 3572 926 festis

1932 957 2141 1026 solent,
2174 967 2488 1013 evocantur
2516 959 2576 1012 hi
2609 960 2792 1013 octavi
2825 965 2928 1013 aut
2960 959 3092 1012 noni
3124 976 3137 1024 ;
3179 957 3398 1014 scilicet
3444 966 3579 1030 post

1931 1045 2120 1101 velum
2152 1062 2479 1117 seucorpus
2494 1063 2802 1118 procerum
2831 1047 3190 1116 praedictum.
3225 1049 3578 1104 Francorum

1930 1136 2164 1190 tandem
2197 1135 2392 1206 legati,
2425 1138 2476 1192 si
2506 1137 2740 1208 quidem
2775 1136 3031 1192 inrestiti
3061 1141 3202 1192 sunt
3231 1139 3577 1194 muneribus

1929 1225 2115 1294 iisque
2137 1225 2484 1296 funguntur,
2523 1226 2674 1281 J29
2733 1229 3048 1281 evocantur
3099 1227 3421 1282 secundum
3455 1227 3574 1294 illa,

1928 1314 1988 1368 Si
2019 1331 2151 1370 vero
2182 1323 2317 1370 sunt
2348 1317 2558 1387 pagani
2587 1331 2691 1372 seu
2740 1316 2890 1372 cassi
2929 1315 3335 1388 dignitatibus,
3377 1318 3578 1373 subse-

1927 1408 2190 1474 quuntur
2219 1403 2462 1460 classem
2511 1404 2871 1460 ofﬁcialium.
2910 1405 3170 1476 Reliquis
3216 1421 3248 1461 e
3301 1406 3577 1476 gentibus

1929 1491 2296 1547 advenientes
2327 1493 2499 1548 amici
2532 1495 2851 1550 succedunt
2873 1493 2946 1549 ad
2970 1509 3152 1550 unum
3177 1510 3382 1552 omnes
3403 1495 3578 1553 classi

1931 1581 2673 1652 spatbarocandidatorum.

2599 1673 2785 1743 Caput
2813 1672 2904 1727 IV.

2005 1759 2319 1830 Postquam
2355 1759 2530 1829 igitur
2572 1761 2826 1816 scientiae
2877 1759 3218 1816 articlinicae
3267 1762 3577 1832 specialem

1931 1849 2244 1918 quamdam
2278 1850 2682 1905 tractationem
2715 1847 3080 1905 conscribere
3111 1850 3433 1917 studentes,
3466 1851 3580 1905 im-

1933 1938 2076 2012 perii
2111 1939 2291 1995 nostri
2340 1939 2652 2010 dignitates
2681 1938 3134 1996 demonstrativo
3181 1937 3578 2013 distincteque

1199 2036 1399 2093 JOAN.
1440 2038 1588 2094 JAC.
1642 2039 1907 2096 REISKII
1954 2037 2549 2095 COMMENTARIUS.

157 2130 308 2186 vivii
339 2133 392 2184 et
422 2143 626 2200 panem
654 2130 705 2182 et
731 2131 933 2200 partes
963 2132 1062 2182 aut
1100 2128 1313 2182 olerum
1350 2136 1448 2183 aut
1493 2131 1679 2184 carnis
1730 2134 1823 2184 aut

161 2198 522 2270 leguminum
548 2199 735 2273 dabat,
766 2198 941 2273 senili
961 2215 1191 2273 prorsus
1224 2203 1558 2273 maturitate
1584 2204 1828 2273 patrem-

161 2269 424 2344 familias
453 2287 637 2344 agens.
674 2269 1091 2344 Proculidubio
1114 2287 1343 2342 quoque
1372 2269 1625 2328 Joannes
1654 2274 1823 2327 Com-

164 2342 363 2400 nenus
393 2360 462 2399 ex
492 2343 737 2413 antiquo
770 2342 1037 2413 instituto
1067 2351 1118 2397 et
1154 2359 1314 2396 more
1338 2343 1590 2413 sibijam
1618 2361 1650 2399 a
1681 2345 1823 2399 mul-

164 2417 242 2471 tis
259 2417 435 2470 annis
457 2412 730 2468 familiari
760 2413 860 2467 illo
884 2412 1183 2467 Paschatis
1206 2414 1320 2480 die,
1344 2412 1517 2484 quem
1543 2416 1822 2470 ultimum

163 2488 499 2559 celebrabat
531 2501 700 2559 aeger,
749 2485 934 2556 pridie
964 2500 1135 2555 quam
1182 2485 1524 2559 exspiraret,
1555 2485 1622 2539 τὰ
1652 2506 1822 2559 παρα-

163 2557 392 2620 τεθέντα
453 2551 720 2629 βρώματα
749 2551 906 2629 ξτοῖς
978 2551 1304 2628 ἇωρεστῶσί
1353 2551 1684 2628 διενείματο.
1728 2551 1825 2614 ’Βθ

173 2646 342 2686 more
373 2625 553 2685 Isaa'ci
581 2625 624 2682 Α
641 2625 798 2699 ngeli
835 2630 950 2685 τοῖς
997 2625 1303 2699 παρεστῶσι
1354 2625 1569 2699 fercula
1612 2630 1822 2684 distri-

146 2769 148 2772 ν
176 2701 397 2756 buendi
428 2700 676 2772 insanis,
698 2697 1546 2772 ditbyrambiempatpayipasi
1593 2700 1824 2757 Nicetes

180 2773 496 2830 Choniates
528 2788 582 2841 p.
616 2770 744 2838 231,
779 2769 839 2823 Ε.
875 2773 967 2823 Ex
997 2769 1263 2840 Addend.]

250 2845 368 2915 (36)
399 2844 460 2915 Id
493 2848 614 2915 est;
651 2842 712 2915 in
745 2856 970 2915 mensa,
1004 2843 1092 2915 cui
1126 2841 1412 2915 assident,
1455 2849 1593 2896 sunt
1620 2843 1823 2915 octavi

183 2910 287 2971 aut
317 2910 455 2969 noni
488 2914 558 2968 ab
590 2911 754 2966 initio
771 2910 933 2983 inde,
952 2911 1033 2967 vel
1053 2917 1190 2966 sunt
1214 2911 1312 2966 lini
1341 2929 1517 2982 quam
1544 2914 1825 2983 principio

181 3003 400 3042 mensas
429 2986 745 3054 propiores.
770 2981 912 3037 Nam
940 2999 1070 3037 cum
1095 2984 1290 3038 minus
1311 2981 1674 3039 solemnibus
1698 2981 1823 3053 seu,

186 3064 252 3113 ut
297 3057 502 3138 Noster
540 3054 730 3138 dicit,
769 3057 884 3113 τοῖς
913 3057 1136 3136 ,κοινοῖς
1191 3055 1469 3110 conviviis
1522 3056 1827 3138 pauciores

185 3130 652 3194 convivarentur,
683 3129 738 3180 et
761 3126 1059 3190 pauciores
1117 3141 1330 3181 mensae
1388 3126 1689 3193 servirent,
1724 3144 1826 3182 ne-

187 3199 442 3256 cessario
474 3198 651 3253 altius
681 3195 960 3270 sedebant
989 3197 1046 3251 hi
1083 3197 1484 3270 legatiexteri.
1518 3199 1577 3253 In
1612 3202 1822 3253 solem-
1856 3203 1900 3270 α

191 3273 368 3328 nibus
419 3274 615 3327 autem
656 3267 932 3323 conviviis
980 3269 1489 3324 numerosissimis
1548 3270 1611 3324 19
1653 3285 1820 3324 accu-

193 3343 438 3413 bituum,
465 3347 635 3397 aucto
666 3355 908 3413 numero
958 3339 1357 3413 convivarum,
1391 3356 1506 3395 non
1557 3345 1830 3413 poterant

192 3431 308 3471 non
339 3411 776 3468 ad’inferiorem
809 3411 1000 3466 locum
1039 3411 1292 3466 detrudi.

264 3487 376 3556 (37)
408 3485 566 3540 Patet
595 3501 664 3556 ex
713 3482 822 3538 hoc
878 3482 1020 3556 loco,
1077 3483 1403 3538 secundum
1455 3482 1829 3556 cerimoniate

196 3553 572 3629 Bycantinum
604 3555 783 3629 Abuno
817 3554 1111 3629 ‘ordinem
1175 3559 1436 3629 respectu
1511 3553 1827 3626 legatorum

197 3625 513 3683 eiterorum
533 3627 715 3681 fuisse
739 3625 1016 3691 habitum,
1041 3629 1104 3678 ut
1126 3629 1376 3679 maxime
1406 3625 1830 3681 honorarentur

199 3699 500 3768 primoque
533 3697 654 3751 loco
686 3696 1038 3750 haberentur
1069 3695 1360 3768 Saraceni,
1396 3696 1529 3750 dein
1552 3697 1785 3768 Butgari
1812 3713 1825 3751 :

201 3767 408 3842 (neque
439 3769 495 3822 id
527 3768 765 3830 mirum,
790 3782 932 3842 cum
958 3767 1158 3842 ambae
1204 3770 1410 3842 gentes
1459 3768 1705 3836 proximi
1744 3767 1828 3820 illi

203 3835 271 3896 ab
301 3835 518 3895 oriente
555 3842 612 3892 et
660 3837 921 3902 meridie,
958 3836 1013 3889 hi
1061 3836 1131 3890 ab
1179 3835 1479 3890 occidente
1527 3841 1701 3906 atque
1747 3853 1830 3891 se-

203 3912 523 3982 ptentrione
543 3908 988 3982 Byzantium-um
1003 3910 1200 3982 essent
1216 3905 1321 3961 vici
1334 3907 1406 3973 ni)
1419 3911 1563 3982 ,tum
1580 3905 1829 3982 denique

208 3978 425 4049 Franci,
459 3978 813 4043 remotiorcs,
848 3984 905 4033 et
939 3978 1211 4047 deinceps
1259 3979 1472 4044 caeteri,
1524 3987 1584 4032 ut
1635 3978 1827 4047 Russi,

203 4055 406 4121 Allani,
439 4052 696 4112 Armeni,
727 4056 836 4105 etc.
870 4050 1057 4105 Causa
1101 4065 1237 4120 ergo
1269 4065 1382 4103 non
1415 4054 1553 4121 erat,
1590 4054 1654 4104 ut
1701 4054 1829 4104 tan-

205 4120 399 4196 t0pere
443 4123 816 4196 quiritaretur
858 4126 915 4176 et
965 4121 1366 4196 indignaretur
1412 4120 1828 4196 Luitprandus,

208 4191 608 4253 Cremonensis
637 4193 962 4264 episcopus,
995 4191 1222 4262 legatus
1254 4191 1480 4247 Ottonis
1516 4193 1534 4246 Ι
1566 4195 1634 4246 ad
1669 4191 1832 4248 Nice-

246 4269 448 4324 horum
482 4267 732 4322 Phocam
764 4264 929 4336 imp.,
963 4269 1265 4336 propterea
1295 4267 1434 4336 quot
1474 4265 1832 4334 postpositus

249 4286 448 4324 norum
482 4286 732 4322 raucam
764 4286 929 4336 lmp.,
963 4286 1265 4334 propterea
1295 4286 1434 4333 quoi.
1475 4286 1829 4334 pusnpusuus

209 4286 516 4411 Eulgaricis
547 4337 751 4411 legatis
782 4339 1010 4411 fuissetf
1039 4334 1508 4411 Edicittypicum
1543 4342 1829 4411 nostrum,

211 4405 584 4483 Bulgarorum
617 4407 1072 4483 legatos__slatim
1119 4409 1252 4483 post
1288 4405 1567 4475 patricios
1611 4407 1833 4483 debere

210 4483 264 4538 in
305 4477 465 4538 sacra
507 4477 706 4536 mensa
753 4478 1048 4541 collocari,
1098 4483 1154 4531 et
1213 4477 1562 4549 Francorum
1610 4477 1864 4549 legatos'

214 4568 679 4631 unumquemque
709 4551 1031 4631 secundum
1065 4546 1406 4631 χειροτονίαν
1439 4564 1537 4604 seu
1572 4546 1832 4631 installa-
1867 4566 1912 4631 ο

217 4620 424 4681 tionem
463 4620 652 4686 suam,
699 4621 837 4676 nach
884 4620 1102 4676 seiner'
1132 4620 1451 4689 Bestallung
1509 4620 1620 4675 und
1659 4623 1830 4676 Amte.

216 4698 334 4754 Jam
390 4700 512 4751 erat
560 4692 954 4764 Luitprandus
1021 4693 1349 4764 episcopus.
1409 4693 1582 4764 Atqui
1654 4709 1835 4764 supra

215 4786 264 4839 p.
295 4768 412 4836 423,
457 4762 739 4839 dicuntur
780 4763 1036 4834 episcopi
1079 4762 1258 4839 Greci
1311 4762 1473 4832 sequi
1536 4762 1837 4839 protospa-

216 4835 451 4894 tbarium
479 4836 847 4893 sacellarium
879 4844 932 4889 et
979 4837 1295 4903 precedere
1343 4835 1839 4904 protospatharios

222 4916 472 4976 ceteros;
503 4914 561 4964 et
590 4909 649 4963 in
681 4907 936 4979 imagine
966 4905 1312 4979 Ravennatis
1348 4903 1612 4979 ecclesiis
1658 4906 1840 4979 Justi-

218 4984 442 5038 nianum
477 4980 786 5036 exbibente
809 4976 1091 5048 poculum
1125 4993 1365 5031 aureum
1411 4976 1666 5032 ecclesia)
1697 4978 1837 5033 oll‘e-

221 5061 450 5118 rentem,
481 5053 629 5122 apud
664 5049 1049 5105 Alemannum
1072 5049 1164 5122 ad
1204 5048 1438 5118 Procop.
1470 5065 1526 5118 p.
1584 5050 1839 5122 72,Acle-

222 5126 312 5181 rici
344 5131 404 5180 ut
434 5119 733 5179 inferiores
754 5121 826 5176 ad
859 5122 998 5192 imp.
1020 5119 1336 5192 sinistram
1364 5124 1539 5183 stant,
1565 5120 1838 5191 spatbarii

221 5198 282 5252 ad
326 5198 602 5262 dextram,
652 5197 715 5248 ut
767 5191 1184 5247 honoratiores.
1240 5191 1385 5260 Ergo
1436 5205 1549 5244 non
1618 5196 1840 5256 poterat

219 5267 595 5340 Luitprandus
620 5264 906 5340 altiorem,
940 5279 1114 5334 quam
1140 5263 1290 5340 inter
1322 5262 1835 5340 protospatharios,

217 5333 384 5396 locum
437 5338 790 5401 desiderare,
825 5337 1088 5404 adeoque
1133 5339 1264 5404 post
1327 5333 1605 5403 Bulgaros
1660 5335 1837 5389 collo-

219 5413 419 5467 candus
449 5417 588 5475 erat,
625 5408 720 5477 qui
754 5407 906 5459 inter
929 5404 1427 5477 protOSputbarios
1459 5409 1515 5457 et
1564 5407 1837 5476 patricios

223 5485 374 5539 medii
409 5474 594 5537 erant.
620 5474 938 5533 Audiamus
971 5478 1164 5547 ipsum
1196 5477 1323 5542 ejus
1346 5474 1840 5532 locumIlIlustra-

222 5556 295 5609 bit
321 5561 497 5609 totum
532 5552 640 5606 hoc
674 5548 991 5618 negotium.
1025 5547 1186 5601 Mein
1212 5547 1451 5601 invisam
1485 5547 1725 5612 domum,
1759 5549 1841 5603 ait

225 5643 273 5696 p.
326 5627 443 5692 481,
496 5629 876 5696 praeceperunt
909 5618 1164 5696 reduci,‘
1205 5633 1521 5696 magnaque
1578 5620 1841 5696 custodiri

228 5689 620 5760 cautela'uique
649 5689 711 5748 in
751 5693 1077 5747 Sanctorum
1129 5689 1511 5758 Apostolorum
1559 5689 1840 5760 religiosis

231 5769 419 5824 cunctis
465 5760 729 5823 celebrem
771 5765 936 5819 diem.
989 5763 1107 5829 Qua
1162 5760 1489 5816 celebritate
1570 5778 1656 5818 me
1711 5763 1843 5817 satis

1933 2138 2200 2199 aegrotum
2230 2146 2330 2185 nec
2358 2145 2468 2184 non
2494 2133 2545 2184 et
2584 2130 2952 2198 Bulgarorum
2982 2130 3226 2196 nuntios,
3260 2132 3359 2201 qui
3389 2129 3577 2200 pridie

1932 2204 2210 2274 venerant,
2245 2201 2317 2274 ad
2346 2201 2571 2274 Sanctos
2601 2203 2880 2271 Apostolos
2903 2201 3016 2274 sibi
3051 2202 3270 2274 obviare
3314 2201 3578 2274 [προέρχε

1934 2272 2074 2340 σθαι,
2117 2273 2424 2357 procedere
2456 2273 2515 2326 in
2549 2274 2794 2357 curiam,
2843 2273 3039 2353 venire
3089 2272 3148 2327 in
3205 2272 3570 2357 comitatum]

1927 2347 2665 2430 praeepithcumqueyost‘
2714 2346 3027 2430 neniarum
3065 2343 3446 2426 garrulitatem
3495 2343 3578 2430 [τὰ

1933 2412 2077 2491 clima
2099 2412 2155 2470 et
2183 2412 2275 2474 τὰς
2321 2412 2590 2491 εὐφημίας
2635 2415 2920 2491 designat]
2975 2423 3028 2469 et
3070 2417 3390 2491 missarum
3429 2416 3574 2470 cele-

1935 2487 2235 2541 brationem
2264 2485 2334 2540 ad
2364 2485 2609 2541 mensam
2640 2488 3025 2553 invitaremur,
3058 2487 3118 2540 in
3139 2488 3390 2541 citeriori
3431 2503 3579 2541 mar-

1933 2557 2060 2626 gine
2081 2574 2301 2624 mensae,
2335 2574 2454 2628 quae
2483 2564 2603 2612 erat
2628 2559 2747 2612 sine
2799 2557 3103 2612 latitudine
3146 2559 3328 2624 longa,
3371 2559 3576 2627 Bulga-

1934 2645 2123 2683 rorum
2151 2629 2434 2699 nuntium,
2465 2630 2733 2699 Ungarico
2763 2644 2910 2684 more
2937 2638 3174 2693 tonsum,
3206 2645 3362 2683 (enea
3384 2634 3579 2684 catena

1931 2701 2172 2755 cinctum
2225 2697 2446 2770 [κλοιῷ,
2492 2697 2561 2755 ut
2606 2700 2814 2756 Noster
2859 2717 3056 2770 supra,
3100 2699 3157 2754 id
3208 2703 3315 2764 est,
3348 2704 3577 2771 torque,

1934 2787 2106 2841 quem
2158 2771 2552 2842 Luitprandus
2593 2787 2694 2842 per
2749 2776 3144 2842 contemptum
3193 2786 3399 2826 teneam
3429 2776 3577 2826 cate-

1932 2859 2063 2896 nam
2091 2843 2366 2913 appellat,
2402 2843 2545 2898 forte
2595 2859 2844 2909 aeneum,
2877 2844 2978 2898 sed
3025 2842 3380 2913 inauratum]
3415 2847 3484 2910 et,
3518 2849 3578 2896 ut

1931 2929 2083 2967 mens
2113 2913 2256 2968 mihi
2309 2915 2575 2985 suggerit,
2619 2914 3071 2970 catechumenum
3114 2913 3568 2985 [Christianismi

1934 2985 2306 3039 candidatum
2342 2984 2596 3040 nendum
2624 2985 2977 3055 baptizatum
2996 2986 3389 3055 doctrinaeque
3410 2984 3577 3039 Chri-

1933 3056 2130 3110 slianaa
2167 3057 2675 3130 rudemtideoque
2700 3073 2833 3112 cum
2883 3058 3065 3130 docto
3099 3056 3370 3126 episcopo
3421 3056 3574 3130 haud

1935 3127 2416 3198 comparandum]
2459 3125 2596 3182 mihi
2645 3131 2941 3198 praeponit,
2989 3127 3066 3182 ad
3113 3125 3347 3182 vestram
3401 3125 3577 3196 plane

1937 3198 2148 3252 domini
2176 3201 2283 3253 mei
2313 3199 2552 3270 Augusti
2583 3198 2872 3268 [Ottonem
2910 3200 2949 3266 Ι,
2982 3206 3079 3252 aut
3100 3198 3318 3270 solum,
3335 3204 3436 3252 aut
3466 3213 3578 3252 una

1939 3285 2170 3339 quoque
2199 3267 2517 3340 Augustam
2549 3267 2675 3339 ejus
2707 3285 2944 3324 uxorem
2987 3267 3343 3341 compellat].
3375 3277 3578 3324 contu—

1936 3341 2184 3395 meliam.
2217 3372 2285 3380 —
2323 3342 2514 3395 Verum
2543 3341 2761 3396 domini
2787 3343 2916 3404 mei,
2949 3357 3133 3396 meam
3178 3356 3284 3394 non
3326 3342 3575 3395 conside-

1937 3428 2088 3478 rans,
2119 3411 2212 3466 sed
2244 3417 2480 3467 vestram
2525 3413 2816 3479 iniuriam,
2862 3427 3112 3467 mensam
3150 3410 3380 3482 reliqui,
3417 3410 3576 3466 Cum-

1937 3499 2040 3554 que
2071 3483 2374 3550 indignans
2403 3483 2562 3538 abire
2591 3483 2807 3547 vellem,
2838 3485 2949 3538 Leo
2988 3483 3365 3552 Curopalates,
3399 3483 3574 3552 impe-

1936 3557 2138 3609 ratort's
2167 3557 2372 3621 frater,
2403 3559 2454 3609 et
2501 3556 2667 3609 Proto
2715 3571 2750 3608 a
2804 3556 3024 3610 secretis
3062 3554 3280 3609 Simeon
3327 3569 3465 3623 pone
3491 3568 3578 3608 me

1936 3631 2258 3695 sequuntur,
2290 3626 2401 3680 haec
2431 3626 2728 3681 latrantes:
2764 3647 2791 3675 «
2820 3625 2953 3680 Cum
2987 3625 3366 3696 Christophori
3395 3624 3579 3693 ﬁliam

1935 3697 2156 3768 Petrus,
2232 3698 2605 3768 Bulgarorum
2670 3697 2932 3763 Vasileus,
2986 3701 3269 3768 conjugem
3337 3696 3574 3762 duceret,

1937 3765 2221 3840 σύμφωνα,
2256 3767 2310 3840 id
2357 3776 2436 3821 est
2479 3768 2842 3823 consonantia
2888 3765 3370 3839 [pacta],'scripto
3413 3769 3580 3840 jura-

1937 3836 2118 3908 mento
2145 3837 2472 3905 conﬁrmata
2499 3842 2646 3903 sunt,
2665 3847 2725 3892 ut
2743 3836 2990 3893 omnium
3017 3836 3266 3908 gentium
3295 3836 3578 3907 apostolis,

1939 3906 1996 3961 id
2053 3913 2150 3973 est,
2207 3909 2446 3974 nuntiis,
2503 3923 2667 3978 penes
2738 3925 2836 3963 nos
2904 3906 3583 3978 Bulgarorumjapostoli

1935 3980 2354 4047 praeponantur,
2403 3976 2760 4046 hon‘orenlur,
2819 3976 3158 4046 diligantur.
3209 3976 3584 4044 Bulgarorum

1937 4049 2031 4104 ille
2061 4047 2368 4116 apostolus,
2418 4065 2754 4120 quanquam,
2787 4056 2848 4104 ut
2877 4049 3016 4104 dicis
3044 4054 3094 4105 et
3123 4065 3312 4104 verum
3333 4058 3432 4115 est,
3460 4053 3581 4103 ton-

1937 4135 2050 4189 sus,
2084 4121 2123 4173 il
2132 4119 2280 4191 lotus
2298 4128 2350 4174 et
2368 4128 2556 4175 catena
2578 4119 2730 4175 aenea
2749 4122 2964 4176 cinctus
2984 4121 3075 4188 sit,
3097 4121 3369 4191 patricius
3395 4131 3586 4174 tamen

1939 4199 2036 4257 est,
2067 4193 2163 4247 cui
2195 4190 2502 4262 episcopum
2513 4208 2853 4262 praeponere,
2878 4190 3223 4248 Francorum
3249 4193 3580 4262 praesertim,

1939 4265 2094 4335 nefas
2117 4261 2483 4335 decernimus,
2515 4261 2853 4332 ’judicamus.
2887 4265 2953 4319 Et
2999 4265 3282 4335 quoniam
3325 4269 3380 4316 te
3418 4261 3474 4316 id
3504 4278 3587 4316 tn-

1939 4331 2107 4405 digne
2134 4331 2288 4405 ferre
2315 4331 2710 4402 cognoscimus,
2745 4352 2854 4388 non
2883 4345 2932 4390 te
2960 4331 3106 4390 nunc
3151 4334 3220 4388 ad
3260 4333 3584 4405 hospitium,

1941 4404 2012 4460 ut
2027 4404 2203 4474 putas,
2236 4405 2414 4461 redire
2459 4409 2718 4470 sinimus,
2751 4406 2843 4460 sed
2881 4408 2939 4460 in
2995 4405 3294 4475 diversorio
3352 4404 3584 4475 quodam

1942 4493 2066 4531 cum
2096 4477 2474 4551 imperatoriis
2511 4480 2690 4551 servis
2711 4478 2873 4551 [to‘ic
2901 4474 3229 4551 βασιλικοῖς]
3259 4474 3438 4551 cibum
3480 4492 3584 4546 gu-

1944 4554 2100 4602 stare
2135 4549 2531 4617 compellimus.
2585 4550 2792 4616 Quibus
2822 4548 2909 4603 ob'
2935 4548 3419 4616 incomparabilem
3468 4563 3585 4601 cor-

1945 4621 2039 4691 dis
2057 4620 2309 4691 dolorem
2340 4619 2485 4674 nihil
2528 4620 2802 4688 respondi,
2833 4619 2926 4674 sed
2974 4637 3092 4691 quae
3126 4621 3409 4691 jusserunt
3452 4618 3581 4686 feci,

1943 4690 2238 4757 indignum
2257 4692 2517 4760 judicans
2548 4708 2814 4758 mensam,
2839 4707 2946 4762 qua
2974 4690 3082 4745 non
3113 4691 3231 4746 dico
3259 4690 3398 4744 mihi
3431 4690 3584 4745 Luit-

1945 4761 2158 4832 prando
2211 4766 2454 4832 episcopo
2512 4762 2973 4834 [calce/tumcum,
3008 4762 3143 4834 haec
3201 4779 3305 4816 vox
3362 4762 3586 4816 videtur

1947 4833 2254 4906 excidisse,
2289 4835 2391 4889 sed
2424 4833 2752 4906 nenessario
2785 4833 3022 4906 requiri]
3069 4833 3160 4906 sed
3209 4834 3584 4906 Bulgarorum

1947 4905 2181 4959 nuntius
2202 4910 2378 4960 vestro
2405 4905 2747 4975 praeponitur
2765 4904 2982 4960 nuntio.
3002 4904 3108 4959 Sed
3135 4905 3326 4960 lenivit
3346 4904 3585 4975 dolorem

1948 4993 2128 5049 meum
2162 4973 2466 5049 imperator
2495 4973 2713 5049 sanctus
2743 4977 2794 5049 [ὁ
2847 4975 3196 5048 αὐτοκράτωρ
3245 4975 3332 5029 vel
3365 4974 3393 5049 ῥ
3430 4973 3586 5049 βασι-

1949 5043 2074 5119 λεὺς
2107 5047 2134 5099 ὁ
2168 5043 2344 5118 ἅγιος,
2379 5047 2573 5103 irridet
2607 5043 2856 5119 Graecos]
2886 5043 3113 5103 munere
3142 5043 3340 5119 magno
3370 5043 3586 5119 [omnia

1947 5118 2070 5172 haec
2103 5115 2319 5173 ironice
2352 5119 2553 5186 dicta],
2602 5115 3000 5176 mittens—mihi
3054 5135 3124 5174 ea:
3177 5115 3587 5186 delicatissimis

1947 5190 2062 5264 suis
2093 5190 2227 5244 cibis
2255 5189 2471 5244 hasdnm
2499 5185 2783 5262 pinguem,
2815 5208 2884 5246 ex
2937 5206 3046 5264 quo
3102 5191 3212 5258 ipse
3261 5185 3590 5264 comederint,

1948 5262 2107 5327 allio,
2137 5275 2284 5329 cepe,
2308 5257 2511 5330 porris'
2533 5257 2682 5317 laute
2717 5257 3156 5332 suﬂarcinatum,
3187 5272 3326 5332 garo
3373 5257 3591 5312 delibu-

1947 5339 2089 5397 tum,
2123 5349 2280 5403 quem
2312 5339 2505 5388 vestrae
2537 5336 2665 5388 tunc
2692 5330 2891 5388 mensa
2922 5335 3096 5386 inesse
3145 5330 3345 5403 optavi,
3380 5333 3463 5394 ut,
3491 5331 3593 5403 qui

1949 5398 2184 5458 delicias
2213 5407 2392 5459 sancti
2425 5404 2776 5469 imperatoris
2809 5409 2986 5457 tantas
3016 5403 3111 5473 [ita
3155 5398 3282 5470 lego
3321 5417 3438 5473 pro
3469 5398 3596 5472 fau-

1946 5476 2075 5544 stas]
2107 5491 2219 5528 esse
2248 5491 2357 5529 nan
2396 5478 2646 5538 creditis,
2695 5477 2887 5528 saltem
2938 5471 3031 5528 his
3063 5471 3357 5542 perspectis
3407 5473 3596 5544 crede-

1949 5542 2102 5600 retis.
2138 5549 2447 5600 Transactis
2477 5563 2607 5614 ergo
2637 5549 2750 5601 octo
2775 5545 2990 5605 diebus,
3022 5560 3144 5597 cum
3195 5544 3431 5612 Bulgari
3470 5542 3594 5611 jam

1949 5618 2212 5684 abessent,
2271 5623 2476 5686 putans
2533 5634 2618 5671 me
2674 5633 2916 5670 mensam
2975 5615 3340 5684 magniﬁcare
3408 5629 3587 5680 suam,

1950 5690 2008 5743 in
2041 5688 2220 5744 eodem
2255 5690 2366 5746 loco
2399 5705 2482 5745 me
2504 5692 2634 5744 satis
2660 5691 2922 5757 wgrotum
2952 5689 3232 5743 cont'ivari
3257 5687 3449 5755 coegit.
