3972 6214
142 370 354 433 1369
1079 374 1180 433 DE
1222 372 1672 435 CERIMONHS
1717 371 1955 432 AULIE
1994 372 2474 433 BYZANTINIE
2518 373 2667 435 LIB.
2713 374 2795 435 II.
3449 367 3605 431 {3'70

144 504 477 581 τραπέζης
503 502 834 578 δαιτυμόνας
864 502 1092 580 ἐξάγειν,
1125 501 1387 575 δηλονότι
1427 505 1473 542 99
1502 523 1850 581 προπορευο-

1978 522 2065 564 aer
2094 505 2376 578 posticam
2407 506 2752 579 positionem
2775 507 2862 564 vel
2885 510 3109 581 partem
3132 507 3524 576 accubituum,
3548 508 3606 563 et

160 588 371 666 μένου
408 593 591 655 αὐτοῖς
620 598 717 649 τοῦ
766 591 985 649 κλεινοῦ
1031 595 1364 669 καστρησίου
1410 601 1511 663 τῆς
1567 590 1857 669 βασιλικῆς

1978 598 2241 652 reducere
2271 611 2370 653 eos
2399 611 2468 652 ex
2515 595 2892 654 inferioribus
2936 598 3007 652 ad
3064 595 3424 668 superiorem
3466 611 3605 650 con-

160 684 395 757 τιμίας
429 683 720 760 τραπέζης.
770 686 893 742 Ἐπὶ
952 684 1009 740 δὲ
1052 692 1154 755 τῆς
1202 682 1451 760 δευτέρας
1498 682 1710 758 ἡμέρας
1754 691 1855 753 τῆς

1978 687 2236 758 spicuum
2267 702 2371 742 seu
2421 685 2578 758 regio
2627 685 2963 759 conspectui
3012 685 3337 756 expositum
3387 684 3605 739 exitum

159 771 590 849 πολυσχεδοῦς
615 773 817 846 ταύτης
845 777 934 829 καὶ
968 772 1223 849 λαμπρᾶς
1253 771 1542 836 πανδεσίας
1583 772 1664 829 δεῖ
1712 776 1861 847 ἡμᾶς

1978 775 2233 846 ejusdem
2266 775 2486 847 periodi
2515 775 2601 831 vel
2633 777 2810 846 partis
2840 775 3100 841 triclinii,
3141 772 3478 842 caeterisque
3508 771 3606 825 di-

166 861 541 934 εὐτρεπίζειν
594 863 671 927 εἰς
717 863 1055 940 πρόσκλησιν
1099 871 1200 933 τῆς
1255 862 1545 937 βασιλικῆς
1600 857 1862 937 περιϐλέ-

170 972 345 1007 πτου
378 951 657 1026 τραπέζης
700 951 909 1025 ὁμοίως
966 950 1322 1028 μαγίστρους,
1368 951 1707 1013 ἀνθυπάτους
1754 971 1862 1007 πα-

167 1038 455 1115 τρικίους
507 1039 915 1118 ὀφφικιαλίους,
968 1040 1059 1096 καὶ
1108 1039 1413 1103 οἷκειακοὺς
1461 1050 1861 1114 πρωτοσπαθα·

179 1129 386 1205 ρίους,
419 1130 512 1186 τὸν
573 1132 803 1206 ἀριθμὸν
853 1132 944 1206 ιβ’,
996 1127 1497 1205 συναριθμουμένου
1546 1129 1731 1192 αὐτοῖς
1778 1127 1859 1198 ἐξ·

175 1219 444 1295 αιρέτως
500 1224 599 1276 τοῦ
657 1216 982 1294 δομεστίκου
1037 1225 1147 1275 τῶν
1203 1217 1425 1295 σχολῶν
1474 1218 1612 1277 κατά
1664 1217 1856 1274 τύπον·

183 1306 449 1384 εἰσάγειν
480 1305 538 1364 δὲ
594 1308 789 1371 αὐτοὺς
834 1309 1039 1371 πάντας
1095 1307 1147 1364 ἓν
1328 1306 1504 1364 αὐτῶν
1562 1306 1859 1379 ἀνακλήσει

181 1394 653 1476 χλανιδοφόρους
692 1396 1115 1472 ἐστολισμένους
1162 1397 1298 1453 κατά
1346 1397 1409 1452 τὸ
1458 1395 1598 1452 ἴδιον
1639 1403 1857 1471 σχῆμα·

179 1483 331 1546 τοὺς
399 1483 456 1540 δὲ
514 1485 821 1549 οἷκειακοὺς
868 1485 1390 1561 πρωτοσπαθαρίους
1450 1486 1583 1558 μετά
1638 1488 1747 1540 τῶν
1779 1485 1862 1539 cl.-

185 1573 376 1628 κείων
439 1574 671 1629 σπεκίων
739 1575 831 1630 καὶ
889 1570 1074 1649 ῥωέων
1134 1574 1360 1649 σαγίων,
1419 1572 1738 1649 έμπροσθίῳ
1782 1580 1862 1649 τῶ

190 1665 491 1736 σχήματι,
521 1665 699 1725 καθὼς
730 1663 986 1739 ἀνωτέρω
1010 1660 1341 1734 δεδήλωται.
1373 1664 1463 1720 Ἐν
1497 1660 1555 1718 δὲ
1572 1669 1689 1726 τοῖς
1710 1666 1860 1739 πέριξ

1978 1665 2214 1732 tharios,
2248 1683 2487 1724 numero
2520 1668 2578 1723 in
2620 1667 2954 1724 universum
2983 1666 3329 1732 duodecim;
3358 1676 3614 1735 quorum

190 1747 532 1816 ἀκουϐίτοις
565 1750 648 1808 δεῖ
675 1752 861 1809 καλεῖν
891 1753 972 1831 ἐφ’
1002 1751 1229 1827 ἑκάτερα
1252 1754 1393 1829 μέρη
1427 1752 1516 1809 ἐπὶ
1538 1752 1558 1789 ί
1581 1750 1677 1809 δύο
1699 1754 1862 1810 ἀκου-

1979 1771 2135 1811 unus
2164 1770 2231 1811 eo
2262 1756 2357 1811 die
2384 1771 2455 1812 ex
2484 1755 2737 1812 formula
2766 1760 2825 1812 et
2854 1753 3189 1827 praescripto
3220 1748 3616 1809 cerimonialis

190 1835 380 1897 ὅίτων
429 1841 747 1916 βασιλικοὺς
787 1841 1104 1917 ἀνθρώπους
1151 1842 1256 1897 ἀπὸ
1296 1850 1396 1913 τῆς
1439 1847 1547 1899 τῶν
1595 1845 1864 1920 σπαθαρο-

316 1928 343 1944 ι.
382 1927 437 1944 ι..
600 1932 673 1944 η.
863 1931 875 1944 .
1111 1928 1133 1944 η
1288 1932 1303 1944 .
1393 1929 1433 1944 κ.
1557 1938 1580 1944 μ
1648 1933 1667 1944 .
1817 1939 1842 1944 μ

1978 1860 2104 1900 esse
2124 1843 2295 1901 debet
2317 1845 2678 1902 domesticus
2701 1844 3057 1911 scholarum.
3074 1843 3209 1900 Illos
3229 1856 3430 1899 omnes
3453 1855 3618 1911 opor-

1970 863 2185 936 gressis
2214 863 2300 920 sic
2330 864 2566 921 tandem
2598 871 2657 921 et
2685 881 2862 922 sacrm
2895 881 3107 921 mensae
3137 862 3410 919 convivas
3439 859 3606 914 emit-

1969 956 2110 1017 tere,
2144 953 2506 1022 prmcedente
2535 951 2866 1009 clarissimo
2913 956 3212 1008 castrense
3257 945 3609 1007 venerabilis

1971 1056 2184 1097 mensae
2213 1039 2555 1112 imperialis.
2592 1040 2787 1098 Altero
2825 1050 3021 1098 autem
3072 1041 3165 1096 die
3196 1036 3518 1106 multifidas,
3552 1034 3609 1090 id

1969 1133 2060 1186 est
2086 1132 2173 1185 tot
2200 1146 2303 1203 per
2324 1130 2450 1188 dies
2476 1132 2690 1189 iterata
2711 1135 2769 1189 et
2789 1131 2957 1203 quasi
2992 1130 3329 1200 dispertita,
3352 1124 3611 1199 splendi-

1971 1221 2176 1292 daeque
2206 1220 2554 1279 universalis
2592 1220 3008 1279 convivationis
3054 1223 3300 1293 oportet,
3351 1223 3418 1273 ut
3465 1215 3613 1271 invi-

1973 1312 2124 1366 tatos
2172 1313 2230 1366 et
2280 1314 2513 1381 paratos
2568 1312 2639 1368 ad
2687 1310 3163 1368 communionem
3218 1307 3615 1379 undequaque

1973 1398 2308 1470 spectabilis
2339 1416 2517 1457 sacras
2557 1415 2771 1457 mensa
2821 1400 3145 1456 habeamus
3195 1413 3303 1454 suo
3352 1399 3615 1467 tempore

1972 1486 2339 1545 advocandos
2354 1490 2659 1560 magistros
2673 1488 2910 1558 iterum,
2934 1492 3000 1545 ut
3018 1488 3316 1560 superiore
3337 1484 3454 1555 die,
3478 1497 3614 1555 pro-

1972 1575 2247 1633 consules
2278 1577 2550 1649 patricios
2590 1577 2892 1644 officiales,
2943 1576 3264 1632 familiares
3312 1579 3617 1647 protospa-

194 1927 553 1986 κανδιδάτων
589 1932 743 2003 ἀξίας
789 1931 879 1987 καὶ
926 1928 1237 2008 κατωτέρω·
1284 1932 1340 1987 έν
1389 1929 1447 1987 δὲ
1490 1938 1608 1996 τοῖς
1648 1933 1870 1997 λοιποῖς

211 2013 551 2083 ἂκουϐίτοις
583 2019 821 2083 ἅπαντας
851 2021 978 2083 τοὺς
1008 2017 1277 2098 ἂρχοντας
1307 2020 1404 2077 τοῦ
1434 2022 1714 2098 τάγματος
1758 2027 1865 2079 τῶν

212 2105 477 2182 σχολῶν,
509 2110 625 2164 οἷον
658 2110 1071 2185 τοποτηρητήν,
1105 2109 1152 2165 εἰ
1179 2110 1345 2189 τύχοι
1377 2110 1538 2167 αὐτὸν
1570 2114 1709 2167 εἶναι
1730 2133 1869 2167 σπα-

213 2194 708 2272 θαροκανδιδάτον,
737 2200 865 2261 τοὺς
895 2199 1144 2272 κόμητας
1174 2204 1282 2255 τῶν
1325 2198 1570 2275 σχολῶν,
1617 2198 1869 2275 δομεστί-

210 2305 351 2348 κους
374 2290 483 2342 τῶν
513 2284 756 2362 σχολῶν,
786 2287 877 2342 τὸν
908 2288 1244 2362 προέξημον,
1276 2290 1678 2364 προτήκτορας,
1712 2290 1870 2345 εὐτυ-

213 2375 524 2454 χοφόρους,
586 2376 1060 2451 σκηπτροφόρνυς,
1127 2376 1547 2450 ἀξιωματικοὺς,
1602 2376 1871 2452 μανδάτὸ-

213 2483 336 2538 ρας,
370 2465 463 2537 τὸν
496 2464 724 2539 ἀριθμὸν
753 2466 863 2538 σμ“,
893 2466 983 2521 καὶ
1004 2465 1238 2536 πένητας
1260 2468 1352 2521 τὸν
1373 2468 1401 2521 ὁ
1424 2467 1619 2542 ριθμὸν
1646 2468 1734 2543 ιβ“’
1770 2468 1872 2523 εἶσ-

214 2552 371 2626 άγειν
408 2550 466 2608 δὲ
495 2553 691 2616 αὐτοὺς
726 2553 781 2608 έν
827 2556 897 2626 τῇ
943 2554 1241 2627 ἀνακλήσει
1292 2558 1431 2629 μετά
1483 2560 1592 2611 τῶν
1651 2557 1868 2612 οἰκείων

219 2644 670 2719 σκαραμαγγίων,
699 2646 793 2700 τὸν
822 2642 879 2700 δὲ
908 2647 1298 2721 τοποτηρητήν
1340 2648 1430 2701 καὶ
1466 2646 1871 2723 χαρτουλάριον

214 2736 319 2787 τοῦ
350 2732 517 2788 αὐτοῦ
544 2734 819 2810 τάγματος
852 2736 986 2808 μετὰ
1032 2735 1124 2791 καὶ
1157 2737 1359 2811 σαγίων
1406 2737 1614 2810 ῥωέων,
1662 2734 1873 2807 δηλον-

219 2818 304 2876 8τι
334 2822 815 2897 προπορενομένου
865 2820 1051 2886 αὺτοῖς
1092 2829 1190 2879 τοῦ
1238 2824 1554 2899 ἀρτῐκλίνου
1601 2827 1739 2882 κατά
1781 2826 1873 2882 τὸν

218 2911 604 2988 προγραφέντα
670 2912 860 2969 τύπον.
928 2912 1053 2969 Ἐπὶ
1134 2910 1193 2968 δὲ
1256 2920 1358 2983 τῆς
1413 2913 1601 2988 τρίτης
1658 2916 1871 2990 ἡμέρας

220 3002 333 3055 τῶν
395 2999 570 3054 αὐτῶν
634 2995 937 3056 ἀκουϐίτων
1002 2998 1087 3057 δεῖ
1149 3002 1295 3075 ἡμᾶς
1397 3002 1728 3076 εὐτρεπίζειν
1796 3004 1873 3067 εἷς

220 3087 588 3164 πρόσκλησιν,
632 3088 685 3143 ἐν
742 3090 837 3163 μὲν
880 3092 951 3164 τῇ
1004 3089 1265 3166 βασιλικῇ
1311 3091 1550 3166 τραπέζῃ
1603 3092 1871 3167 ἄρχοντας

1977 1937 2060 1990 tet
2089 1933 2304 1990 viritim
2338 1938 2607 1991 evocatos
2637 1935 2695 1990 in
2725 1933 2941 1991 tunicis
2970 1932 3249 2005 peculiari
3280 1931 3454 1987 modo
3478 1944 3617 1986 con-

1978 2022 2243 2079 formatis
2271 2022 2656 2081 introducere.
2688 2022 3047 2081 Domesticos
3074 2024 3269 2079 autem
3316 2023 3621 2093 protospa—

1976 2111 2195 2169 tharios
2226 2128 2358 2168 cum
2390 2112 2786 2184 peculiaribus
2818 2112 2929 2169 sibi
2962 2112 3089 2168 suis
3119 2109 3335 2183 speciis
3364 2112 3422 2165 et
3462 2107 3620 2178 sagis

1979 2200 2168 2257 russis
2197 2205 2333 2257 ante
2363 2217 2624 2258 mensam
2657 2217 2881 2258 sacram
2912 2204 3190 2269 statuere,
3220 2202 3286 2254 ut
3313 2213 3487 2268 supra
3526 2194 3621 2251 de-

1980 2288 2269 2347 claratum
2321 2294 2431 2347 est.
2490 2291 2576 2346 Ad
2627 2289 2921 2347 accubitos
2978 2293 3197 2356 autem,
3228 2286 3330 2359 qui
3389 2299 3619 2342 sacram

1979 2393 2248 2436 mensam
2305 2395 2375 2436 ex
2431 2388 2674 2450 utraque
2732 2383 2893 2452 parte
2940 2379 3343 2443 circumstant,
3394 2375 3623 2445 oportet

1980 2486 2241 2539 evocare,
2272 2478 2328 2528 et
2358 2472 2427 2528 ad
2463 2471 2763 2544 proximas
2786 2469 3025 2541 quidem
3047 2469 3197 2524 duas
3217 2464 3488 2521 homines
3517 2463 3622 2518 im-

1982 2561 2252 2636 periales,
2283 2578 2317 2617 a
2346 2560 3062 2631 spatharocandidatorum
3097 2555 3232 2613 inde
3262 2553 3546 2624 dignitate
3565 2555 3625 2608 et

1983 2653 2067 2709 sic
2096 2667 2266 2723 porro
2296 2650 2635 2718 inferiores;
2666 2650 2738 2705 ad
2771 2648 3027 2721 reliquas
3053 2644 3307 2703 sedecim
3338 2658 3472 2699 vero
3503 2656 3622 2697 ma-

1981 2741 2267 2813 gistratus
2296 2740 2572 2813 tagmatis
2603 2738 2966 2804 scholarum,
3018 2739 3084 2793 ut
3127 2738 3538 2807 tapoteretam,
3571 2728 3623 2786 si

1982 2829 2159 2886 simul
2189 2829 2265 2885 sit
2289 2828 2939 2899 spatharocandidatus,
2967 2824 3210 2883 comites
3260 2820 3621 2889 scholarum,

1982 2919 2336 2990 proximum,
2380 2921 2754 2989 protectores,
2805 2913 3317 2986 eutychiophoros,
3361 2916 3622 2981 sceptro-

1980 3006 2219 3078 phoros,
2271 3007 2669 3075 axiomaticos,
2720 3006 3115 3069 mandatores,
3164 3002 3224 3057 in
3284 2998 3623 3056 universum

1980 3096 2107 3165 240,
2140 3099 2197 3152 et
2225 3112 2511 3167 pauperes
2540 3094 2866 3152 duodecim.
2918 3095 3157 3166 Oportet
3203 3094 3398 3151 autem
3444 3102 3627 3158 supra

229 3176 543 3252 μεγιστάνας
605 3175 734 3238 τοὺς
784 3178 1037 3252 ἀνωτέρω
1090 3176 1178 3234 ἐπὶ
1223 3180 1322 3251 τῆς
1366 3176 1613 3256 δευτέρας
1663 3181 1872 3257 ἡμέρας

1984 3184 2233 3258 scriptos
2263 3189 2531 3242 evocatos
2571 3184 2943 3241 introducere
2997 3182 3057 3238 in
3104 3180 3228 3237 suis
3284 3178 3392 3235 sibi
3438 3192 3627 3233 scara-

229 3247 695 3341 μνημονευοέντας
738 3270 832 3325 τὸν
881 3247 1114 3344 ἀριθμὸν
1177 3247 1291 3347 ιβ’,ν
1322 3247 1724 3350 ἀφαιρουμένου
1775 3247 1869 3344 μὲν

1985 3247 2256 3349 mangiis.
2286 3274 2631 3347 Topotereta
2658 3289 2794 3329 vero
2826 3276 2883 3329 et
2920 3269 3312 3328 cbartularius
3362 3267 3624 3339 ejusdem

225 3360 322 3412 τοῦ
362 3360 470 3412 τῶν
525 3358 752 3433 σχολῶν
810 3356 1160 3433 δομεστίκου,
1220 3359 1579 3423 ἀνυεισιόντος
1630 3357 1688 3416 δὲ
1733 3362 1873 3417 κατά

224 3449 392 3507 τύπον
448 3455 547 3507 τοῦ
589 3450 916 3527 δομεστίκου
971 3458 1081 3509 τῶν
1131 3449 1482 3527 ἐξκουϐίτων,
1532 3455 1765 3530 εἰσάγειν
1817 3452 1875 3510 δὲ

226 3539 415 3602 αὐτοὺς
446 3540 498 3596 ἐν
538 3545 608 3616 τῇ
660 3541 955 3615 ἀνακλήσει
1012 3544 1149 3599 κατά
1197 3544 1289 3599 τὸν
1338 3540 1736 3623 προδειχθέντα
1775 3544 1872 3600 τύ-

227 3646 345 3681 πον.
396 3628 489 3683 Ἒν
536 3625 593 3682 δὲ
645 3635 763 3692 τοῖς
826 3628 1101 3703 ἑκατέροις
1157 3634 1263 3684 τῶν
1323 3634 1501 3705 μερῶν
1562 3625 1874 3693 ἀκουϐίτοις

231 3708 309 3767 δεῖ
335 3712 519 3768 καλεῖν
552 3714 763 3788 ὁμοίως
792 3715 880 3771 ἐπὶ
909 3722 1028 3779 τοῖς
1088 3714 1239 3771 δυσὶν
1287 3714 1598 3780 ἀκουϐίτοις
1653 3717 1874 3793 βασιλι-

230 3802 353 3865 κοὺς
407 3801 724 3879 ἀνθρώπους
779 3803 829 3859 ἐν
882 3805 1201 3878 ἀξιώμασιν’
1261 3803 1314 3859 ἐν
1371 3803 1427 3860 δὲ
1482 3812 1599 3869 τοῖς
1656 3806 1878 3870 λοιποῖς

233 3886 537 3953 ἀκουϐίτοις
575 3892 811 3954 ἅπαντας
838 3891 965 3955 τοὺς
996 3892 1265 3969 ἄρχοντας
1294 3898 1391 3949 τοῦ
1435 3894 1717 3971 τάγματος
1766 3899 1872 3951 τῶν

233 3974 570 4053 ἐξκουϐίτων,
603 3982 714 4037 οἷον
745 3983 1151 4058 τοποτηρητάς,
1213 3980 1543 4061 σκρίϐωνας,
1586 3986 1677 4042 τὸν
1730 4006 1874 4063 χαρ-

234 4068 535 4144 τουλάριον,
594 4068 1009 4147 δρακοναρίους,
1060 4075 1449 4151 σκευοφόρους,
1494 4075 1872 4155 σιγνοφόρους,

238 4159 532 4234 σενάτορας,
591 4158 1140 4237 πρωτεμανδατορας,
1229 4164 1320 4219 καὶ
1392 4162 1733 4240 μανδάτορας
1777 4167 1875 4219 τοῦ

236 4246 460 4322 ἀριθμοῦ
517 4245 614 4322 σδ“,
672 4250 761 4305 καὶ
821 4247 1058 4323 πένητας
1118 4252 1209 4327 ιβ’,
1269 4251 1504 4328 εἰσάγειν
1561 4251 1618 4309 δὶ
1674 4254 1874 4315 αὐτοὺς

237 4338 359 4393 κατά
399 4339 495 4395 τὸν
554 4339 931 4417 προρρηθέντα
969 4344 1138 4398 τύπον
1197 4342 1334 4398 κατά
1397 4344 1461 4400 τὸ
1526 4347 1723 4420 σχῆμα
1774 4351 1874 4415 τῆς

242 4422 474 4503 δευτέρας
504 4430 737 4505 ¹ἡμέρας.
767 4432 895 4487 Ἐπὶ
936 4429 995 4486 δὲ
1048 4435 1149 4498 τῆς
1197 4431 1460 4509 τετάρτης
1515 4432 1726 4510 ἡμέρας
1770 4439 1876 4504 τῆς

241 4521 549 4593 περιφανοῦς
593 4518 820 4590 ταύτης,
865 4519 941 4582 ὡς
1002 4519 1194 4589 εἶπεῖν,
1247 4518 1547 4593 δεξιώσεως
1593 4519 1676 4578 δεῖ
1723 4525 1871 4593 ἡμᾶς

1980 3366 2261 3437 tagmatis
2290 3363 2468 3421 etiam
2498 3361 2561 3418 in
2612 3364 2771 3436 sagis
2823 3361 3009 3418 russis
3047 3361 3370 3428 introeunt,
3410 3370 3626 3430 praece-

1980 3455 2153 3511 dente
2182 3453 2343 3527 ipsos
2395 3451 2665 3509 articlino
2704 3451 3035 3508 secundum
3082 3445 3393 3505 formulam
3448 3460 3626 3517 supra

1981 3545 2279 3617 scriptam.
2310 3543 2505 3601 Tertio
2546 3543 2639 3599 die
2696 3540 3102 3599 celebrationis
3142 3538 3482 3597 eorumdem
3529 3552 3628 3591 xix

1981 3635 2358 3692 accubituum
2385 3636 2613 3707 oportet
2638 3631 3030 3689 nosinvitatos
3051 3625 3627 3702 paratosquehabere

1982 3725 2054 3779 ad
2087 3741 2307 3781 sacram
2336 3725 2572 3795 quidem
2605 3739 2871 3779 mensam
2920 3723 3240 3792 magnetes,
3272 3717 3426 3773 432
3484 3730 3626 3787 qua-

1980 3810 2065 3867 les
2098 3812 2269 3867 modo
2301 3811 2558 3867 secundo
2583 3811 2676 3865 die
2699 3811 3037 3866 dicebamus
3068 3805 3337 3863 advocari
3363 3821 3377 3873 ;
3412 3803 3628 3876 pariter

1983 3915 2229 3955 numero
2260 3899 2593 3965 duodecim,
2627 3899 2846 3953 omisso
2877 3913 2943 3952 ea
2970 3895 3091 3951 vice
3113 3893 3431 3950 domestico
3454 3890 3626 3947 scho-

1982 3987 2174 4044 larum
2189 3994 2241 4043 et
2257 3986 2633 4058 assumptoin
2660 3986 2789 4056 ejus
2819 3985 3008 4040 locum
3042 3980 3360 4039 domestico
3390 3979 3627 4035 excubi-

1984 4084 2198 4147 torum,
2231 4079 2290 4133 et
2314 4075 2375 4131 hi
2397 4075 2718 4132 secundum
2742 4073 3139 4147 prmscriptam
3156 4068 3468 4128 formulam
3493 4082 3625 4123 evo-

1981 4169 2095 4226 cati
2125 4166 2603 4223 introducantur.
2638 4164 2917 4237 Reliquos
2955 4170 3149 4219 autem
3200 4164 3262 4216 in
3312 4163 3627 4230 utramque

1982 4260 2217 4329 partem
2248 4255 2551 4312 accubitos
2580 4254 2734 4326 quod
2758 4253 2986 4325 attinet,
3018 4253 3394 4325 apponuntur
3423 4260 3625 4304 eorum

1983 4345 2218 4403 duobus
2246 4363 2279 4401 a
2309 4345 2471 4417 regia
2492 4344 2771 4415 proximis
2791 4338 3406 4414 hominesimperiales
3433 4334 3625 4408 digni-

1982 4436 2201 4492 tatibus
2233 4432 2625 4508 spectabiles;
2659 4432 2881 4491 caateris
2929 4432 3305 4503 magistratus
3349 4424 3627 4499 tagmatis

1980 4525 2385 4583 excubitorum
2398 4568 2413 4593 ,
2425 4527 2490 4579 ut
2505 4526 2857 4595 topoterette,
2871 4520 3193 4589 scribones,
3212 4515 3626 4581 cbartularius,

243 4602 551 4680 εὐτρεπίζειν
602 4606 678 4669 εἷς
716 4605 915 4677 κλῆσιν
958 4615 1057 4678 τῆς
1104 4608 1396 4685 βασιλικῆς
1442 4611 1630 4686 τιμίας
1674 4612 1872 4689 τραπέ-

1984 4613 2334 4685 draconarii,
2366 4612 2735 4685 scenophori,
2768 4610 3056 4685 signiferi,
3088 4612 3403 4674 senatores,
3436 4608 3629 4677 proto-

245 4697 331 4763 ζης
362 4692 420 4748 ἐκ
463 4698 572 4749 τῶν
618 4695 870 4773 ἀνωτέρω
929 4700 1048 4764 καθ’
1098 4699 1325 4772 ὲκάστην
1385 4699 1594 4778 ἡμέραν
1652 4723 1868 4776 μνημο-

1982 4705 2354 4762 mandatores
2383 4707 2441 4759 et
2482 4702 2878 4771 mandatores,
2919 4700 2992 4756 ad
3040 4714 3355 4756 numerum
3400 4695 3528 4761 204,
3561 4696 3619 4750 et

243 4780 512 4838 νευθέντων
544 4784 831 4864 ἀρχόντων
861 4786 952 4843 σὺν
1000 4792 1081 4861 τῷ
1126 4786 1469 4865 δρουγγαρίῳ
1518 4796 1617 4859 τῆς
1666 4790 1870 4867 βίγλης

1979 4809 2267 4868 pauperes
2298 4791 2630 4849 duodecim.
2663 4790 3120 4847 Introducuntur
3161 4792 3357 4845 autem
3406 4799 3620 4841 secun-

244 4870 361 4925 κατὰ
388 4870 555 4927 τύπον
601 4874 692 4928 τὸν
738 4876 967 4950 ἀριθμόν
1019 4878 1109 4950 ιβ“,
1160 4875 1391 4952 εἰσάγειν
1444 4877 1501 4932 δὲ
1530 4877 1767 4939 ἄπάντας
1815 4878 1867 4934 ἐν

244 4962 303 5031 τῇ
330 4959 613 5032 ἀνακλήσει
649 4963 784 5036 μετά
810 4969 917 5020 τῶν
962 4964 1178 5021 οἴκείων
1236 4964 1649 5040 ἀλλαξιμάτωι,
1690 4969 1870 5033 καθὼς

248 5046 459 5122 εἷ’ρηται·
505 5052 597 5106 τὸν
646 5050 703 5107 δὲ
757 5051 1119 5131 δρουγγάριον
1174 5062 1274 5126 τῆς
1330 5054 1529 5132 βίγλης
1584 5057 1719 5131 μετά
1772 5062 1871 5114 τοῦ

248 5138 422 5194 οἱκείον
473 5144 884 5220 σκαραμαγγίου
927 5145 1017 5200 καὶ
1065 5145 1256 5220 σαγίου
1306 5143 1459 5221 ῥοῆς.
1508 5148 1600 5204 Ἐν
1648 5145 1708 5203 δὲ
1751 5153 1873 5211 τοῖς

1982 4882 2121 4937 dum
2147 4878 2456 4937 formulam
2476 4876 2721 4935 secundi
2743 4876 2858 4933 diei
2877 4876 2999 4948 jam
3026 4876 3374 4948 expositam.
3407 4872 3619 4938 Quarto

1981 4969 2074 5025 die
2104 4966 2425 5039 splendidas
2455 4965 2654 5037 hujus,
2688 4965 2847 5022 utita
2872 4965 3087 5034 dicam,
3121 4959 3619 5022 beneventationis

1981 5064 2038 5117 et
2065 5057 2421 5130 exceptionis
2451 5060 2677 5129 oportet
2694 5072 2797 5113 vos
2825 5054 3071 5112 invitare
3100 5059 3159 5112 et
3180 5065 3516 5125 comparare
3546 5048 3620 5103 ad

1982 5147 2456 5206 communionem
2493 5144 2840 5205 venerabilis
2871 5145 3041 5219 regite
3075 5157 3285 5201 mensa
3316 5141 3388 5196 de
3415 5151 3620 5210 proce-

1571 5281 1821 5341 VARUE
1860 5281 2268 5340 LECTIONES.

307 5398 584 5478 θθᾶξάγειν,
616 5398 876 5473 δηλονότι
906 5406 995 5475 8.,
1025 5403 1232 5482 ἐξάγειν
1265 5403 1323 5461 δὲ
1353 5404 1614 5478 δηλονότι
1644 5410 1772 5469 cod.
1805 5414 1864 5467 et
1891 5409 1981 5467 ed.
2060 5411 2076 5445 ¹
2109 5407 2195 5463 ἐπὶ
2226 5424 2335 5466 em.
2372 5408 2462 5479 R.,
2496 5403 2601 5463 ἀπὸ
2631 5409 2757 5466 cod.
2790 5414 2844 5464 et
2871 5406 2965 5463 ed-

1288 5534 1489 5592 JOAN.
1528 5536 1675 5594 JAC.
1699 5537 1962 5595 REISKII
1992 5534 2579 5594 COMMENTARIUS.

256 5668 369 5728 voce
395 5647 583 5728 ἄρυτα,
617 5667 743 5728 quae
775 5651 925 5728 idem
967 5655 1138 5728 atque
1165 5646 1342 5728 ῥὶϐατα
1392 5655 1703 5728 significat,
1734 5657 1875 5713 item

259 5741 314 5781 ex
338 5719 593 5778 διαδύνειν
626 5719 685 5780 in
702 5723 825 5783 loco
839 5719 1181 5782 Nicomachi
1204 5719 1537 5800 Geraseu'is,
1559 5719 1733 5801 quem
1747 5729 1876 5786 Sal-

1988 5656 2216 5714 masius
2245 5657 2318 5713 ad
2350 5657 2530 5712 Aram
2568 5651 2830 5710 Dcsiade
2861 5666 2919 5724 p.
2955 5650 3075 5707 t89.
3107 5651 3197 5707 ed.
3247 5654 3413 5707 Cren.
3462 5647 3624 5718 citat,

1988 5729 2090 5785 ubi
2118 5732 2285 5789 notat
2313 5728 2627 5798 divergere,
2654 5724 2714 5781 in
2745 5723 2977 5783 divorsa
3006 5724 3257 5781 tendere.
