3972 6214
328 370 475 429 1371

1408 368 1932 433 CONSTANTINI
1978 371 2669 437 PORPHYROGENITI

3647 357 3769 422 1311

330 502 517 572 ribus,
549 500 752 573 quales
775 501 904 572 jam
937 502 1007 557 ad
1040 500 1308 574 singulos
1355 503 1805 573 pracedentium
1853 505 1979 561 die-

2122 511 2285 568 ›ιποῖς
2317 502 2631 568 ἀκουϐίτοις
2692 504 2774 560 δεῖ
2820 506 2968 577 ἡμᾶς
3014 502 3203 557 καλεῖν
3260 496 3667 574 βασιλικοὺς
3712 517 3772 545 τι·

325 608 457 648 rum
506 591 1112 662 commemoravimus,
1162 609 1403 649 numero
1449 594 1774 663 duodecim,
1806 611 1963 650 com-

326 682 614 753 prehenso
646 681 825 738 simul
856 683 1169 754 drungario
1199 683 1406 755 vigilite
1434 700 1683 755 :eosque
1709 684 1967 739 introdu-

320 787 447 826 cere
478 787 612 827 cum
644 772 767 827 suis
802 771 908 827 sibi
936 788 1228 843 quemque
1259 772 1612 840 mutatoriis,
1649 777 1712 827 ut
1741 773 1961 828 dictum

318 860 438 929 jam
471 864 594 929 est;
648 860 1031 933 drungarium
1077 861 1290 932 vigilias
1340 866 1535 916 autem
1586 878 1721 916 cum
1773 879 1965 917 scara-

326 950 558 1021 mangio
590 967 697 1006 suo
728 954 783 1005 et
814 966 954 1022 sago
986 966 1189 1017 russo;
1226 950 1297 1005 ad
1321 950 1579 1020 reliquos
1625 955 1821 1006 autem
1877 967 1969 1006 ac-

326 1037 561 1093 cubitus
612 1039 891 1094 advocare
941 1036 1210 1093 homines
1260 1036 1593 1107 imperiales
1644 1038 1965 1094 secundum

325 1125 635 1182 formulam
669 1127 1024 1199 praedictam,
1049 1134 1100 1181 et
1123 1142 1323 1183 omnes
1347 1127 1722 1197 magistratus
1744 1131 1967 1200 tagma-

324 1215 403 1271 tis
444 1216 701 1284 arithmi,
750 1219 1153 1287 topoteretam,
1214 1214 1658 1284 chartularium,
1723 1218 1967 1272 comites

324 1304 688 1372 centarchos,
718 1303 1149 1373 bandophoros,
1202 1302 1553 1373 labarenses,
1600 1304 1966 1373 vexilliferos,

326 1391 732 1460 ducenatores,
766 1394 1154 1462 mandatores,
1182 1392 1488 1463 janitores,
1538 1393 1968 1450 diatrechontes

320 1482 412 1537 vel
444 1483 806 1548 vernaculos,
840 1482 898 1537 in
933 1482 1267 1538 universum
1316 1484 1440 1540 204.
1479 1484 1694 1539 [lorum
1733 1484 1967 1555 quidem

318 1575 667 1643 topoteretes
699 1588 833 1627 cum
869 1588 1008 1643 sago
1041 1589 1234 1643 russo,
1258 1572 1445 1628 caeteri
1469 1576 1665 1629 autem
1693 1589 1825 1629 cum
1847 1573 1971 1630 suis

326 1662 581 1732 quisque
611 1661 1039 1732 scaramangiis
1090 1662 1560 1717 introducuntur.
1614 1661 1717 1718 Die
1765 1663 1970 1733 quinto

331 1756 559 1824 oportet
588 1770 689 1810 vos
720 1754 968 1809 invitare
1001 1760 1054 1810 et
1087 1770 1427 1826 comparare
1456 1755 1751 1810 vocandos
1783 1755 1855 1810 ad
1886 1772 1975 1811 sa-

328 1858 487 1899 cram
510 1846 566 1898 et
596 1858 725 1898 vere
758 1844 972 1914 regiam
1006 1858 1271 1899 mensam
1303 1843 1602 1899 duodecim
1653 1843 1872 1900 amicos
1902 1845 1973 1901 de
2003 1869 2049 1934 B

322 1931 653 1987 illustribus
700 1932 1038 2003 proceribus
1086 1948 1267 2003 supra
1324 1932 1685 2001 memoratis,
1718 1949 1969 2004 quorum

326 2038 481 2078 unus
508 2038 573 2078 eo
607 2022 700 2076 die
730 2022 841 2078 erit
880 2022 1237 2078 domesticus
1292 2021 1728 2079 hicanatorum.
1780 2024 1871 2089 Hi,
1906 2029 1973 2080 ut

321 2111 444 2180 jam
479 2112 853 2179 notatum,in
885 2112 1136 2184 propriis
1181 2112 1301 2168 suis
1342 2112 1670 2169 mutatoriis
1715 2113 1974 2170 introdu-

327 2204 561 2256 cuntur.
592 2202 679 2257 Ad
713 2201 964 2272 reliquos
996 2201 1169 2257 simul
1200 2218 1404 2258 omnes
1434 2203 1736 2259 accubitus
1767 2218 1974 2260 vocare

331 2294 584 2362 oportet,
616 2291 683 2345 ad
718 2290 933 2363 primos
948 2291 1182 2362 quidem
1216 2292 1753 2363 a-sacroproximos
1783 2292 1972 2348 homi-

329 2397 433 2437 nes
466 2382 824 2454 imperiales,
856 2389 915 2437 ut
941 2383 1066 2453 jam
1102 2381 1393 2451 diximus;
1428 2383 1498 2437 ad
1529 2383 1834 2438 inferiores
1867 2399 1971 2438 au-

328 2478 443 2525 tem
476 2471 812 2527 eorumdem
845 2471 1104 2543 ipsorum
1146 2472 1551 2527 hicanatorum
1602 2476 1879 2540 rectores,
1912 2474 1976 2526 ut

323 2565 727 2631 topoteretam,
764 2562 1033 2627 comites,
1093 2560 1540 2628 chartularium,
1604 2560 1970 2631 centarchos,

2077 598 2327 671 θρώπους
2386 598 2519 651 κατᾶ
2574 598 2667 652 τὸν
2723 593 2988 669 Λεχθέντα
3042 591 3238 661 τύπον,
3314 587 3445 645 καὶ
3552 584 3783 645 Ezram;

2072 688 2202 748 τοὺς
2232 689 2499 762 ἄρχοντας
2546 691 2643 741 τοῦ
2690 687 2966 762 τοὶγματοι⁹
3014 682 3110 738 τοῦ
3149 682 3452 755 ἀριθμοῦ,
3526 677 3665 731 οἷον
3712 697 3791 727 τε-

2074 779 2418 851 ποτηρητὴν,
2477 778 2567 833 τὸν
2618 775 3043 851 χαρτουλάριον,
3094 773 3226 832 τοὺς
3274 770 3624 844 κόμητας,
3685 770 3794 823 τοὺς

2074 865 2421 941 κεντάρχους,
2484 863 2882 943 βανδοφόρους,
2934 857 3373 935 λαῦουρησίους,
3458 857 3796 931 5173;220:195-

2078 975 2222 1028 ρους,
2256 952 2690 1029 δουκινιάτορας,
2754 952 3110 1028 μανδάτορας,
3160 947 3523 1024 θυρωροὺς,
3578 943 3797 1017 διπτξὲ-

2076 1063 2298 1119 χοντας,
2330 1044 2421 1099 τὸν
2453 1044 2682 1119 ἀριθμὸν
2724 1041 2821 1114 σδ“,
2850 1042 2940 1097 καὶ
2990 1039 3217 1115 εἰσάγειν
3274 1038 3531 1099 αὐτοὺς
3596 1038 3801 1095 οὕτως·

2075 1133 2167 1187 τὸν
2201 1134 2293 1206 μὲν
2351 1133 2743 1209 τοποτηρητὴν
2800 1133 2938 1205 μετᾶ
2991 1130 3164 1204 ῥωέου
3221 1130 3485 1203 tta-(too,
3550 1123 3704 1185 τοὺς
3752 1122 3801 1178 Ei

2077 1217 2320 1283 λοϐποὺς
2382 1223 2517 1297 μετᾶ
2569 1226 2677 1277 τῶν
2746 1218 2959 1276 οίκείων
3015 1217 3521 1293 σκαραμαγγίων,
3620 1214 3805 1272 καθὼς

2078 1310 2333 1385 ἀνωτέρω
2392 1308 2721 1381 δεδήλωται.
2780 1310 2906 1368 Ἐπὶ
2963 1306 3019 1363 δὲ
3081 1315 3182 1378 τῆς
3264 1307 3594 1380 πέμπτης
3668 1300 3805 1373 ἡμὲ-

2082 1421 2179 1477 ρας
2234 1397 2317 1454 δεῖ
2375 1402 2515 1473 ὑμᾶς
2571 1400 3011 1475 προευτρεπίζειν
3084 1398 3161 1459 εἷς
3230 1394 3465 1465 κλῆσιν
3545 1395 3669 1463 τῆς
3729 1414 3806 1447 τι-

2085 1496 2212 1563 μίας
2245 1485 2412 1553 ὅντως
2444 1488 2740 1565 βασιλικῆς
2767 1488 3039 1562 τραπέζης
3072 1488 3215 1560 ὁμοῦ
3246 1484 3305 1541 ἐκ
3334 1490 3481 1540 τῶν
3526 1484 3802 1554 ἀνωτέρω

2086 1580 2570 1653 μνημονευθέντων
2606 1576 2836 1652 ἐνδόξων
2881 1575 3216 1653 μεγιστάνων
3271 1575 3363 1629 σὺν
3432 1577 3570 1629 τοῦ
3633 1570 3803 1643 δομεο

2082 1667 2267 1722 στίκου
2315 1670 2421 1721 τῶν
2488 1665 2774 1735 ἱκανάτων,
2822 1663 3014 1742 φίλους
3054 1664 3145 1719 τὸν
3195 1661 3447 1736 ἀριθμὸν
3536 1661 3653 1736 ιβ,
3716 1659 3801 1713 καῖ

2084 1754 2309 1831 εῖσάγειν
2377 1754 2574 1818 αὐτοὺς
2645 1755 2779 1828 μετὰ
2841 1759 2948 1809 τῶν
3026 1751 3236 1808 οἰκείων
3316 1749 3796 1822 αλλαξιμάτευια.

2079 1843 2257 1904 καθὼς
2289 1844 2539 1917 ἀνωτέρω
2572 1840 2897 1913 δενήλωται.
2937 1844 3026 1899 Ἑν
3066 1838 3121 1896 δὶ
3152 1844 3269 1901 τοῖς
3304 1836 3585 1899 λοιποῖς
3630 1839 3794 1891 ἀκοα-

2081 1927 2254 1994 ϐίτοις
2297 1929 2380 1987 δεῖ
2433 1930 2619 1987 καλεῖν
2678 1933 2819 2005 ὁμοῦ
2885 1929 3201 2007 βασιλικοὺς
3256 1929 3664 2002 ἀνθρώπους,
3723 1927 3795 1985 ὡς

2082 2021 2336 2097 ἀνωτέρω
2369 2022 2687 2096 εἰρήκαμεν.
2720 2023 2807 2077 Ἐν
2846 2018 2903 2075 δὲ
2947 2025 3065 2081 τοῖς
3112 2019 3409 2083 κατωτέρω
3468 2016 3642 2079 τοὺς
3701 2014 3793 2089 ἰρ-

2079 2132 2277 2188 χοντας
2305 2117 2402 2167 τοῦ
2433 2113 2712 2188 τάγματος
2753 2117 2860 2167 τῶν
2907 2111 3083 2167 αὐτῶν
3130 2110 3431 2178 ίκανάτων,
3496 2111 3644 2164 οἷον
3700 2128 3791 2162 τοι

2080 2204 2404 2278 ποτηρητήν
2434 2207 2540 2257 τῶν
2570 2204 2854 2276 κομήτων,
2885 2203 2977 2257 τὸν
3010 2200 3423 2276 χαρτουλάριον
3458 2205 3597 2255 τῶν
3633 2218 3786 2253 κείατο

2081 2290 2293 2367 άρχων,
2365 2288 2737 2367 βανδοφόρων,
2816 2286 3225 2368 σημειοφὸρων,
3303 2288 3783 2362 δουκινιατὸρων

2081 2380 2174 2436 καὶ
2211 2378 2585 2454 μανδατόρων,
2622 2377 2699 2435 σδ¹
2747 2381 2839 2435 τὸν
2895 2380 3146 2455 ἀριθμὸν,
3204 2379 3295 2434 καὶ
3355 2379 3628 2448 πένητας
3690 2378 3781 2449 ιβ’,

2083 2469 2312 2543 εἰσάγειν
2347 2466 2403 2524 δὲ
2442 2469 2636 2531 αὐτοὺς
2668 2469 2720 2523 ἐν
2747 2472 2815 2543 τῇ
2846 2467 3163 2539 ἀνακλήσει,
3195 2467 3380 2529 καθὼς
3409 2468 3513 2521 καὶ
3548 2465 3615 2521 ἐν
3660 2470 3783 2524 toi;

2084 2556 2304 2620 λοιποῖς
2334 2558 2575 2635 τάγμασι
2605 2558 3048 2637 προεγράφαμεν.

319 2648 751 2718 bandophoros,
784 2648 1153 2715 vexilliferos,
1185 2650 1570 2705 ducenatores
1620 2654 1676 2704 et
1732 2650 2121 2719 mandatores,
2153 2650 2225 2705 ad
2283 2664 2594 2705 numerum
2642 2649 2768 2717 204,
2801 2654 2860 2704 et
2916 2652 3121 2720 praeter
3175 2664 3274 2703 eos
3329 2647 3541 2706 adhuc
3608 2648 3767 2703 dno-

322 2732 510 2787 decim
541 2750 845 2805 pauperes.
890 2735 1165 2792 Evocatos
1207 2735 1287 2791 ita
1324 2740 1550 2807 oportet
1578 2735 1969 2805 introducere,
2004 2741 2087 2806 ut,
2120 2753 2254 2794 cum
2285 2738 2354 2795 de
2410 2737 2629 2794 caeteris
2686 2737 2992 2794 ordinibus
3049 2737 3403 2808 diceremus,
3465 2736 3767 2809 praescri-

325 2821 572 2893 psimus.

403 2952 559 3007 433
590 2950 953 3023 Tenendum,
998 2950 1046 3008 si
1103 2950 1358 3023 primum
1417 2953 1477 3009 in
1536 2952 1693 3009 diem
1752 2953 1972 3013 hebdo-

331 3042 520 3098 madis
552 3040 771 3097 incidat
816 3042 1030 3098 festum
1073 3042 1332 3115 gloriosas
1374 3041 1694 3099 nativitatis
1738 3044 1973 3113 Christi,

326 3132 583 3203 indeque
612 3131 848 3188 initium
881 3137 1072 3189 sumat
1103 3133 1422 3189 convivatio
1454 3133 1513 3190 in
1536 3150 1634 3189 nx
1664 3135 1973 3207 accubitis,

325 3227 550 3294 oportet
584 3239 690 3279 nos
721 3226 879 3279 sexto
911 3223 1003 3279 die
1036 3222 1110 3294 [is
1139 3226 1229 3279 est
1260 3224 1512 3295 sabbati]
1546 3226 1617 3280 ad
1659 3226 1975 3282 convivan-

330 3312 473 3367 dum
531 3328 667 3367 cum
727 3312 963 3369 domino
1031 3312 1534 3385 venerabilemque
1607 3314 1964 3385 imperialem

334 3416 599 3457 mensam
624 3417 829 3457 vocare
858 3402 1361 3474 archiepiscopum
1386 3403 1982 3475 Constantinopolita—
2010 3389 2054 3454 C

332 3504 474 3544 num
508 3505 627 3543 una
679 3505 810 3544 cum
860 3490 1167 3545 duodecim
1218 3490 1339 3545 illis
1397 3491 1761 3560 hegumenis,
1796 3490 1895 3561 qui
1927 3491 1987 3545 in

340 3575 623 3631 codicillis
666 3576 849 3631 nostri
900 3593 1078 3646 penes
1118 3594 1223 3633 nos
1292 3576 1647 3633 haerentibus
1714 3577 1984 3650 descripti

351 3667 411 3719 et
441 3662 725 3734 designati
756 3668 911 3719 sunt.
944 3664 1218 3721 Evocatos
1264 3672 1455 3720 autem
1488 3682 1587 3722 eos
1634 3671 1858 3739 oportet
1906 3666 1989 3722 sic

350 3749 753 3807 introducere:
806 3751 1193 3822 patriarcham
1242 3751 1422 3809 simul
1469 3768 1601 3810 cum
1642 3754 1990 3825 imperatore

351 3840 616 3913 protinus
664 3841 817 3911 apud
866 3841 1264 3898 recitationem
1306 3842 1479 3898 stichi
1522 3844 1644 3915 [seu
1711 3843 1991 3899 orationis

351 3929 677 4002 mensalis],
711 3946 827 4001 quo
858 3930 910 3987 is
939 3947 1113 4004 super
1155 3931 1297 3987 sella
1334 3932 1580 3989 resideat
1629 3934 1839 4005 [neque
1894 3948 1989 3988 ac-

350 4019 651 4090 cumbat];
685 4025 920 4076 sanctos
952 4025 1143 4077 autem
1185 4020 1544 4092 hegumenos
1578 4023 1842 4078 seriatim
1892 4037 1987 4077 se-

351 4110 611 4165 cundum
643 4110 907 4181 ipsorum
926 4110 1189 4165 ordinem
1212 4115 1267 4166 et
1284 4111 1631 4183 dignitatem
1655 4116 1987 4183 competen-

347 4201 484 4255 tem.
520 4199 987 4261 lntroducuntur.
1008 4199 1497 4271 quemadmodum
1522 4200 1746 4273 patricii
1771 4200 1896 4257 suis
1927 4200 1987 4255 in

350 4288 681 4345 mutatoriis
708 4288 1183 4359 introducuntur,
1210 4289 1291 4344 sic
1312 4292 1367 4344 et
1391 4289 1447 4344 hi
1474 4289 1599 4345 suis
1622 4289 1678 4345 in
1702 4289 1990 4360 pheloniis

350 4374 480 4432 laxo
528 4377 731 4433 habitu
792 4378 1036 4450 [absque
1096 4377 1298 4449 zonis],
1358 4378 1648 4449 imperiali
1698 4383 1990 4435 castrense

347 4464 801 4534 praeambulante
849 4470 906 4522 et
950 4467 1169 4538 pariter
1216 4467 1275 4522 in
1325 4468 1525 4524 orbem
1575 4468 1727 4525 circa
1765 4485 1989 4525 sacram

350 4566 616 4607 mensam
648 4553 1003 4622 collocante;
1036 4572 1152 4627 quo
1195 4556 1464 4628 proprius
1510 4555 1823 4626 imperator
1868 4574 1990 4625 eos,

350 4654 497 4709 quos
525 4639 789 4709 voluerit,
821 4644 1098 4700 advocare
1141 4646 1344 4717 possit.
1396 4645 1480 4700 Ad
1521 4645 1769 4716 reliquos
1818 4664 1994 4702 accu-

2156 2955 2505 3028 Σημειωτέον
2540 2952 2596 3011 δὲ
2624 2959 2806 3012 τοῦτο·
2859 2955 2905 3012 εἰ
2955 2957 3058 3034 γὰρ
3104 2953 3161 3011 ἒν
3212 2962 3280 3031 τῇ
3313 2958 3515 3032 πρώτῃ
3568 2957 3751 3031 ἡμέρξ

2084 3050 2185 3114 τῆς
2220 3041 2524 3119 ἑϐδομάδος
2561 3049 2595 3116 ἡ
2628 3051 2735 3101 τῶν
2765 3044 2994 3117 ἐνδόξων
3020 3050 3117 3100 τοῦ
3149 3047 3379 3121 Χριστοῦ
3430 3046 3748 3121 γενεθλέων

2082 3134 2278 3206 ὶπέστη
2331 3135 2516 3209 ἑορτὴ,
2575 3136 2665 3190 καὶ
2711 3135 2817 3191 ἀπὸ
2864 3136 3065 3207 ταύτης
3094 3138 3261 3205 ἡτῶν
3310 3138 3373 3199 te‘
3423 3132 3749 3191 ἆκουϐίτων

2086 3220 2333 3293 δεξίωσις
2379 3226 2477 3293 τήν
2548 3224 2728 3300 ἀρχὴν
2793 3222 3147 3296 ἐπιδείξηται,
3207 3223 3289 3279 δεῖ
3343 3227 3497 3297 ἡμᾶς
3556 3226 3615 3280 έν
3690 3227 3756 3299 τῇ

2083 3311 2216 3387 ἕκτῃ
2246 3313 2427 3388 ἡμέρᾳ
2466 3313 2554 3368 έπὶ
2590 3314 2685 3386 μὲν
2730 3321 2831 3385 τῆς
2878 3316 3065 3389 τιμίας
3118 3312 3417 3390 βασιλικῆς
3465 3315 3755 3389 τραπέζης

2093 3400 2377 3475 συγκαλεῖν
2439 3402 2513 3463 είς
2548 3401 2782 3457 ἑστίασιν
2830 3404 2919 3458 τὸν
2975 3403 3400 3480 ἀρχιεπίσκοπον
3456 3410 3755 3459 Κωνσταν-

2094 3488 2463 3550 τινουπόλεως
2524 3492 2658 3562 μετὰ
2724 3493 2814 3547 καὶ
2883 3493 2953 3566 ιβ¹
3010 3493 3331 3567 ἡγουμένων
3395 3496 3506 3547 τῶν
3589 3494 3642 3548 ἐν

2092 3576 2217 3651 περὶ
2252 3579 2400 3650 ἡμᾶς
2446 3579 2561 3653 (Ξ5)
2610 3579 2769 3654 τόμῳ
2815 3580 3097 3655 κειμένων,
3153 3581 3385 3657 εἰσάγειν
3436 3578 3494 3635 δὲ
3546 3583 3750 3640 αὐτοὺς

2095 3665 2146 3721 έν
2175 3671 2245 3741 τῇ
2278 3666 2575 3738 ἀνακλήσει
2607 3668 2805 3733 οὕτως·
2837 3671 2928 3726 τὸν
2983 3671 3077 3744 μὲν
3126 3670 3475 3745 πατριάρχην
3529 3670 3635 3725 σὺν
3679 3673 3750 3739 τῷ

2099 3754 2314 3831 βασιλεῖ
2345 3756 2456 3829 ἅμα
2491 3761 2587 3812 τοῦ
2631 3759 2824 3832 στίχου
2870 3762 2981 3832 (56)
3016 3759 3094 3821 εἷς
3128 3760 3190 3813 τὸ
3232 3756 3319 3813 ἐπὶ
3370 3756 3576 3834 δίφρου
3629 3760 3754 3814 καθ·

2096 3847 2335 3911 εσθῆναι’
2386 3848 2511 3909 τοὺς
2562 3844 2617 3901 δὲ
2672 3848 2857 3911 ὁσίους
2906 3850 3243 3925 ἡγουμένους
3295 3847 3573 3928 στιχηδὸν
3626 3850 3754 3905 κατὲ

2094 3933 2192 4000 τήν
2258 3933 2457 3988 οἰκείαν
2518 3934 2661 4003 τάξιν
2718 3936 2809 3990 καὶ
2869 3934 3215 4009 ἁρμόζουσαν
3271 3933 3446 4008 δόξαν·
3513 3937 3745 4010 εἰσάγειν

2096 4018 2154 4075 δὲ
2211 4021 2426 4093 αὐτοὺς,
2484 4022 2665 4085 καθὼς
2720 4024 2811 4077 καὶ
2876 4023 3005 4087 τοὺς
3064 4024 3381 4099 πατρικίους
3440 4025 3581 4097 μετᾶ
3640 4029 3746 4081 τῶν

2097 4110 2309 4165 οἰκείων
2389 4110 2562 4166 αὐτῶν
2641 4109 2925 4191 φελωνίων
2999 4112 3393 4187 άπολελυμίνῳ
3466 4114 3546 4186 τῷ
3612 4118 3750 4189 σχή-

2100 4219 2225 4273 ματι
2258 4202 2390 4272 (57),
2425 4196 2685 4270 δηλονότι
2734 4202 3220 4276 προπορευομένου
3260 4202 3444 4263 αὐτοῖς
3495 4206 3598 4257 τοῦ
3651 4204 3753 4277 βα-

2096 4290 2313 4343 σιλικοῦ
2370 4287 2720 4363 καστρησίου,
2779 4292 2869 4345 καὶ
2929 4290 3137 4363 ὁμοίως
3210 4291 3467 4352 ἱστῶντος
3549 4290 3745 4362 κύκλῳ

2093 4380 2193 4443 τῆς
2265 4375 2555 4451 βασιλικῆς
2620 4377 2891 4453 τραπέζης
2959 4379 3033 4441 είς
3116 4380 3179 4435 τὸ
3270 4378 3743 4451 προσκαλέσασθαι

2096 4466 2487 4541 πλησιέστερον
2516 4466 2564 4540 ἐξ
2593 4467 2767 4523 αὐτῶν
2815 4469 2909 4531 οὓς
2959 4466 3017 4523 ἄν
3064 4466 3192 4544 δόξῃ
3243 4474 3324 4542 τῷ
3359 4468 3589 4545 βασιλεῖ.
3647 4469 3741 4524 Ἐν

2099 4553 2156 4610 δὲ
2182 4561 2299 4618 τοῖς
2330 4555 2548 4618 λοιποῖς
2592 4552 2903 4619 ἀκουϐίτοις
2954 4554 3035 4613 δεῖ
3083 4558 3223 4632 ὑμᾶς
3268 4556 3451 4613 καλεῖν
3504 4558 3634 4620 τοὺς
3690 4556 3749 4612 ὲκ

2100 4642 2375 4722 διαφόρων
2474 4646 2852 4721 μοναστηρίων
2944 4648 3419 4727 ἀναγραφομένους
3513 4641 3749 4719 rigidas,

347 4729 507 4786 bitus
539 4745 741 4787 vocare
772 4738 1000 4803 oportet
1030 4734 1269 4793 abbates
1296 4735 1376 4807 [id
1405 4739 1494 4792 est
1523 4736 1861 4808 monachos]
1890 4754 1979 4793 va-

2122 4730 2263 4808 ῖγουν
2296 4734 2422 4796 τοὺς
2452 4736 2519 4790 τὰ
2548 4733 2841 4813 σφραγίδια
2871 4738 2997 4811 παρ’
3049 4722 3211 4811 ἡμῶν
3264 4736 3564 4813 εἰληφότας
3606 4738 3751 4811 (58),

1376 4942 1577 5000 JOAN.
1620 4942 1766 5000 JAG.
1814 4942 2078 4999 REISKII
2118 4942 2711 5000 COMMENTARIUS.

434 5156 551 5226 (55)
576 5159 847 5224 Sensum,
881 5166 1056 5226 quem
1078 5154 1412 5223 exsculpere
1442 5155 1536 5211 his
1567 5173 1600 5212 a
1619 5157 1811 5213 verbis
1838 5155 2015 5224 valui,

357 5227 491 5281 dedi
519 5225 577 5282 in
611 5228 848 5283 Latinis.
883 5225 1095 5282 Dubito
1128 5229 1345 5293 tamen,
1377 5230 1608 5284 rectene
1647 5228 1859 5285 habeat
1903 5229 1998 5286 hic

355 5296 539 5362 locus,
572 5315 642 5352 an
674 5299 879 5354 vitium
911 5298 1121 5353 subsit.

431 5369 547 5437 (56)
578 5369 815 5426 Stichus
846 5374 933 5426 est
966 5368 1210 5425 formula
1254 5383 1490 5440 precum
1534 5367 1812 5440 solemnis
1865 5376 2001 5427 ante

355 5440 558 5508 epulas
589 5444 647 5495 et
693 5442 764 5497 iis
794 5442 973 5497 ﬁnitis
1004 5459 1037 5497 a
1067 5439 1464 5497 sacerdotibus
1496 5439 1717 5495 recitari
1753 5441 1943 5511 solita,
1969 5459 1998 5498 e

355 5511 532 5566 dictis
565 5513 863 5585 scripturae
896 5518 952 5585 et
981 5513 1112 5567 aliis
1152 5513 1267 5585 piis
1316 5511 1803 5585 meditationibus
1859 5531 1999 5571 con—

354 5586 527 5657 texta:
562 5584 798 5657 Proprie
830 5582 1019 5657 στίχος
1043 5582 1183 5641 solet
1209 5584 1484 5657 appellari
1513 5585 1763 5657 formula
1793 5601 1823 5640 e
1844 5587 2001 5655 psal-

350 5655 470 5729 mis
497 5654 1087 5729 Davidicisaut'aliis
1118 5654 1429 5729 Scriptura;
1463 5655 1605 5729 locis
1636 5654 1927 5729 excerpta.

437 5727 549 5797 (57)
580 5727 636 5781 Si
666 5729 737 5783 de
762 5725 903 5783 viris
936 5726 1172 5799 cingulo
1214 5725 1437 5785 militias
1484 5727 1780 5786 honoratis
1806 5725 2000 5786 sermo

2128 5159 2301 5233 esset,
2333 5155 2650 5233 acciperem
2683 5157 3182 5233 benedictionem
3226 5175 3328 5233 pro
3354 5157 3607 5233 ἁζώνοψ.
3640 5158 3755 5216 di:-

2107 5229 2322 5304 gjgzctis.
2356 5228 2467 5284 Sed
2490 5228 2551 5304 in_
2572 5230 2977 5304 sacerdotibus
2997 5233 3144 5290 nihil
3168 5228 3403 5304 cingulo
3425 5231 3754 5304 astrictum.

2109 5298 2255 5373 Hinc
2284 5304 2505 5373 putem,
2538 5299 2688 5373 hanc
2710 5302 3018 5373 dictionem
3055 5298 3481 5365 notareflibere
3512 5303 3754 5373 laxeque

2107 5371 2573 5445 dependentibus
2590 5372 2901 5445 pheloniis,
2916 5393 3029 5433 non
3054 5376 3205 5431 ultra
3225 5374 3489 5431 cubitum
3506 5371 3753 5445 regestis

2110 5442 2211 5567 febd
2243 5442 2531 5498 ambobus
2561 5444 2818 5501 brachiis
2849 5442 3003 5504 intra
3054 5464 3292 5504 saccum
3331 5445 3513 5501 veluti
3562 5442 3751 5501 laten-

2135 5530 2149 5567 1
2197 5529 2287 5567 us.

2106 5514 2287 5568 tibus.

2182 5585 2298 5656 (58)
2319 5585 2594 5642 Solebant
2642 5587 2809 5646 slatis
2856 5590 3063 5647 diebus
3110 5592 3177 5647 ad
3211 5603 3429 5646 sacram
3484 5603 3750 5644 mensam

2111 5657 2343 5732 invitari
2374 5656 2562 5715 clerus
2587 5660 2802 5732 omnis,
2828 5663 3125 5729 monachi,
3155 5668 3212 5718 et
3232 5661 3308 5732 iis
3325 5659 3547 5732 similes
3578 5678 3753 5732 repu-

2114 5729 2211 5785 tati
2242 5746 2551 5802 pauperes,
2584 5730 2774 5803 iisque
2791 5729 3333 5800 'tesseradislribui,
3358 5730 3574 5801 quibus
3596 5729 3752 5789 eihi-

3922 3468 3927 3503 ί

3926 3546 3929 3573 t

3926 3580 3931 3593 φ
