3972 6214
357 332 509 393 1375

352 478 476 535 qua:
507 460 566 516 in
602 460 884 516 ambitum
916 459 1177 529 ejusdem
1208 456 1460 529 septidni
1490 457 1983 529 cadit,antequam
2018 458 2071 525 Α

350 552 676 624 patriarcha
706 558 760 605 et
792 548 1063 605 monachi
1096 555 1397 617 vocentur,
1449 548 1534 603 sic
1566 548 1787 602 dictum
1837 546 2001 619 poly-

364 641 612 697 trichum
647 641 769 710 [seu
808 638 1234 704 multicrinum,
1266 638 1566 704 crinitum,
1611 636 2001 709 comatumve]

364 729 695 787 convivium
745 728 1057 795 celebrare,
1091 733 1149 783 et
1186 728 1407 783 amicos
1458 728 1527 782 ad
1580 728 2001 782 convivandum

365 826 593 891 paratos
624 818 860 886 habere,
892 819 960 873 ad
1009 833 1235 873 sacram
1270 818 1505 888 quidem
1540 833 1797 873 mensam
1847 817 2003 871 434

364 909 733 964 accubituros
781 908 1115 979 magistros,
1158 906 1537 978 proconsules
1582 906 1803 977 patrios
1852 909 2001 959 stra-

364 1003 526 1070 tegos
558 1005 705 1063 octo,
751 996 1026 1065 Bulgaros
1058 996 1279 1051 amicos
1326 996 1439 1050 duo
1470 999 1526 1051 et
1565 995 1737 1050 ambo
1768 995 2001 1050 demar-

363 1088 523 1154 chos,
556 1087 759 1142 Veneti
793 1102 996 1156 nempe
1026 1088 1084 1140 et
1121 1083 1384 1152 Prasini;
1419 1087 1476 1138 et
1507 1082 1612 1139 hos
1634 1084 2000 1139 introducere

364 1180 539 1247 atque
568 1177 810 1231 educere
840 1174 897 1229 in
920 1173 1223 1247 tunicis,ut
1251 1174 1310 1227 in
1341 1172 1741 1243 superioribus
1769 1170 2001 1244 exposi-

364 1270 489 1321 tum
524 1265 649 1320 fuit.
681 1263 767 1318 Ad
797 1262 1051 1333 reliquos
1082 1266 1275 1318 autem
1325 1262 1628 1317 accubitus
1677 1276 1913 1316 evocare
1945 1263 2001 1316 et

364 1358 620 1410 sternere
651 1356 871 1424 oportet
900 1352 1190 1422 homines,
1217 1350 1549 1423 imperiales
1583 1354 1809 1406 tantum
1842 1366 2001 1422 pere-

362 1444 559 1514 grinos
591 1444 667 1513 [et
695 1458 923 1498 comam
956 1442 1222 1512 alentes],
1254 1445 1319 1496 ut
1349 1441 1663 1511 Farganos,
1692 1440 1999 1508 Chazaros,

360 1534 675 1604 Agarenos,
709 1532 978 1599 Francos,
1032 1535 1317 1603 quotquot
1346 1546 1543 1586 eorum
1593 1530 1860 1585 eximiam
1912 1546 2005 1585 re-

362 1621 515 1692 giam
578 1620 997 1690 providentiam
1052 1624 1107 1674 et
1164 1620 1435 1689 pietatem
1484 1634 1755 1689 rogarum
1811 1634 2005 1688 perce-

360 1711 555 1780 ptione
587 1708 1211 1780 experiuntur.Horum
1236 1708 1498 1762 omnium
1532 1722 2001 1777 unamquamque

362 1804 591 1867 gentem
644 1799 1011 1853 introducere
1042 1800 1271 1867 oportet
1298 1800 1354 1850 et
1404 1812 1609 1850 rursus
1656 1796 1899 1851 educere
1938 1796 1996 1850 in
2028 1822 2075 1888 Β

362 1905 468 1943 suo
501 1902 791 1957 quamque
821 1886 1026 1957 gentili
1056 1885 1283 1952 habitu,
1341 1889 1402 1940 ut
1432 1901 1482 1939 e.
1532 1901 1584 1942 c.
1619 1885 1678 1940 in
1729 1884 1815 1942 sic
1843 1886 1997 1941 dicto

362 1976 603 2031 cabadio
660 1976 968 2046 [Farganos
1025 1982 1075 2030 el
1144 1974 1486 2045 Agarenos].
1547 1974 1812 2029 Proxima
1869 1964 2004 2045 post

360 2065 512 2121 hanc
534 2064 886 2121 dominicam
911 2068 1121 2135 quarta
1144 2064 1283 2120 feria
1304 2064 1549 2120 invitare
1570 2065 1805 2120 demum
1827 2080 2001 2136 opor-

358 2158 438 2210 tot
486 2153 878 2225 patriarcham
930 2169 1061 2210 cum
1093 2153 1275 2225 ipsius
1305 2152 1653 2225 hegumenis
1683 2158 1740 2209 et
1787 2169 1998 2209 mona-

360 2243 487 2300 chis
552 2261 640 2314 eo,
717 2260 888 2315 quem
967 2242 1367 2314 praediximus,
1439 2242 1661 2300 ordine.
1738 2242 1998 2313 Septimo

324 2366 325 2369 η
360 2335 697 2390 eorumdem
730 2334 1099 2391 accubituum
1130 2334 1221 2389 die
1259 2336 1485 2406 oportet
1510 2334 2001 2404 vos,amici,com-

361 2442 561 2498 parare
588 2427 657 2481 ad
686 2425 1131 2497 epulandum,in
1164 2440 1327 2481 sacra
1348 2424 1582 2496 quidem
1615 2440 1819 2480 mensa
1847 2424 2001 2480 duo-

362 2516 548 2570 decim
582 2514 801 2571 amicos
839 2516 909 2569 de
944 2529 1153 2585 genere
1184 2513 1591 2585 proconsulum
1626 2513 1996 2584 patriciorum

361 2608 750 2674 strategorum
777 2611 829 2659 et
850 2601 1647 2672 ofﬁcialium,comprebensis
1668 2618 1734 2657 eo
1756 2618 1999 2659 numero

361 2693 630 2763 praefecto
688 2691 857 2747 Urbis
910 2700 963 2747 et
1014 2690 1330 2762 drungario
1378 2690 1861 2759 classiariorum;
1895 2691 1997 2762 qui

360 2797 565 2838 omnes
597 2780 923 2848 duodecim,
958 2784 1024 2834 ut
1046 2780 1167 2849 jam
1199 2780 1267 2833 de
1316 2779 1611 2850 prioribus
1660 2779 1900 2848 dictum,
1934 2781 1995 2836 in

362 2871 484 2927 suis
517 2869 844 2926 mutatoriis
874 2876 931 2925 et
960 2869 1408 2925 introducuntur
1438 2872 1493 2924 et
1521 2870 1889 2931 educuntur;
1923 2870 1998 2926 ad

359 2962 630 3058 reliquos.
646 2963 852 3058 autem.
874 2958 1177 3058 accubitus
1200 2974 1398 3058 iocare
1418 2962 1647 3058 oportet
1670 2959 1995 3029 adjutorem
2028 2991 2071 3058 Ο

360 3049 633 3125 [praefecti
663 3048 853 3120 Urbis]
884 3053 939 3104 et
968 3047 1312 3105 rationalem
1344 3047 1595 3120 praetorii
1627 3051 1681 3105 et
1710 3051 1999 3119 topotere-

1419 326 1946 388 CONSTANTINI
1992 325 2687 389 PORPHYROGENITI

3685 324 3804 382 131'}

2104 456 2435 530 εὐτρεπίζειν
2488 456 2569 519 εἰς
2617 455 2949 511 συνεστίασιν
3000 456 3196 530 φίλους
3246 454 3338 510 ἒπῖ
3399 456 3513 528 μὲν
3582 460 3706 523 τῆς
3742 456 3815 509 Ξεο

2108 545 2327 615 σιλικῇς
2383 547 2654 620 τραπέζης
2734 546 3089 623 μαγίστρους,
3151 545 3524 605 ἀνθυπάτους
3626 564 3814 613 1:21;-

2107 636 2262 698 κίους
2312 636 2648 711 στρατηγοὺς
2701 636 2844 689 ὀκτὼ
2893 636 2981 690 καὶ
3035 634 3400 708 Βουλγάρους
3462 632 3717 710 φίλους
3754 632 3827 685 ἱε.

2107 726 2192 779 καὶ
2260 726 2385 786 τοὺς
2462 722 2555 779 δύο
2634 721 2959 800 δημάρχους
3034 724 3270 781 Βενὲτων
3349 746 3417 779 τε
3486 724 3603 778 καὶ
3684 728 3835 791 11;:-

2108 814 2288 869 σίνων·
2383 814 2610 887 εἰσάγειν
2693 812 2749 868 δὲ
2822 814 2913 869 καὶ
2996 813 3199 891 ἐξάγειν
3284 813 3505 875 αὐτοὺς
3624 810 3839 887 χλι-σεο

2107 900 2397 978 δοφόρους,
2456 904 2593 958 καθά
2664 903 2753 957 καὶ
2829 902 3080 975 ἀνωτέρω
3152 901 3513 974 δεδήλωται.
3611 903 3722 957 Ἐν
3784 902 3835 954 ξε

2104 996 2223 1053 τοῖς
2276 992 2541 1067 ἑκατέρων
2614 996 2793 1066 μερῶν
2870 988 3179 1054 ἀγουϐίτοις
3236 990 3325 1047 δεῖ
3380 994 3551 1065 ὑμᾶς
3634 990 3834 1045 καὶέν

2108 1079 2426 1154 βασιλικοὺς
2487 1082 2803 1155 ἀνθρώπους
2856 1080 3096 1146 ἐθνικοὺς
3161 1084 3273 1154 (63)
3348 1084 3623 1150 πάντκς,
3714 1083 3835 1133 οἴει

2106 1171 2442 1246 Φαργάνους,
2514 1171 2819 1246 Χαζάρους,
2886 1171 3251 1248 Ἀγαρηνοῦς,
3316 1173 3675 1247 Φράγγους
3754 1174 3837 1225 12':

2106 1260 2224 1315 ὅσοι
2266 1266 2367 1329 τῆς
2417 1260 2707 1334 βασιλικῆς
2753 1260 2805 1330 ἐξ
2854 1259 3029 1315 αὐτῶν
3076 1262 3099 1296 ε
3142 1260 3510 1316 ἀπολαύουσι
3554 1266 3704 1316 τῶν

2104 1354 2215 1425 γῶν
2247 1353 2607 1425 προμηθείας·
2654 1350 2885 1424 εἰσάγειν
2930 1350 2985 1405 δὲ
3037 1350 3232 1413 αὐτοὺς
3278 1353 3550 1413 ἅπαντας
3603 1353 3716 1405 πεπῖ
3760 1350 3832 1417 i5-

2107 1441 2248 1513 ἀγειν
2284 1439 2416 1511 μετὰ
2444 1440 2505 1494 τὸ
2535 1438 2742 1494 ἐθνικὸν
2777 1438 2915 1495 ἴδιον
2950 1447 3166 1518 σχῆμα,
3201 1441 3371 1495 οἱονεὶ
3416 1442 3493 1496 τὸ
3533 1441 3697 1513 παρ’
3738 1442 3827 1493 IL-

2106 1533 2213 1585 τῶν
2263 1528 2651 1601 ἐπιλεγόμενον
2695 1525 2956 1584 καϐάδιον
3006 1532 3139 1602 (64).
3192 1531 3300 1586 Καὶ
3354 1531 3464 1584 εἶθ’
3506 1530 3727 1589 οὕτως

2104 1616 2210 1671 ἀπὸ
2240 1618 2441 1687 ταύτης
2473 1617 2713 1692 εἰσιούσῃ
2764 1626 2865 1687 τῆς
2916 1613 3221 1691 ἑϐδομάδος
3250 1616 3506 1693 τετράδῃ
3548 1640 3827 1695 προω-

2107 1704 2315 1761 λεῖσθαι
2363 1707 2452 1761 τὸν
2504 1707 2851 1781 πατριάρχην
2907 1706 3041 1780 μετά
3086 1712 3193 1762 τῶν
3227 1708 3404 1763 αὐτοῦ
3450 1711 3822 1784 ἡγουμένω

2105 1796 2191 1849 καὶ
2238 1798 2521 1868 μοναχῶν,
2563 1796 2639 1857 ὡς
2680 1794 3061 1869 προλέλεκται.
3114 1795 3239 1851 Ἐπὶ
3280 1793 3341 1850 δὲ
3381 1804 3493 1865 τῆς
3540 1794 3819 1869 ἑϐδόμῃ

2105 1882 2315 1957 ἡμέρας
2373 1888 2481 1939 τῶν
2540 1883 2714 1939 αὐτῶν
2793 1880 3094 1939 ἀκουϐίτων
3171 1882 3257 1940 δεῖ
3314 1885 3468 1958 ὑμᾶς
3540 1886 3817 1960 8131;15:5-

2106 1978 2212 2042 ζειν
2247 1973 2321 2035 εἰς
2356 1974 2683 2029 συνεστίασιν
2716 1972 2804 2029 ἐπὶ
2845 1977 2941 2043 τῆς
2995 1972 3291 2049 βασιλικῆς
3336 1974 3644 2049 τραπέζης
3680 1976 3811 2038 ἆνε-

2105 2061 2340 2125 υπάτους
2400 2065 2721 2139 πατρικίους
2791 2064 3145 2139 στρατηγοὺς,
3212 2064 3638 2143 ὁφφικιαλίους
3717 2068 3811 2119 σιν

2102 2157 2183 2224 τῷ
2246 2151 2479 2227 ὑπάρχῳ
2537 2160 2639 2222 τῆς
2696 2152 2913 2216 πόλεως
2969 2155 3058 2208 καὶ
3115 2159 3195 2225 τῷ
3253 2152 3641 2231 δρουγγαρίῳ
3692 2160 3804 2210 τᾶν

2104 2240 2388 2315 πλοίμων,
2437 2241 2631 2319 φιλους
2687 2240 2782 2298 δύο
2839 2244 2931 2298 καὶ
2987 2240 3133 2299 δέκευ
3186 2242 3431 2320 εἰσάγειν
3481 2243 3544 2300 δὲ
3592 2246 3807 2307 αὖτοὸς

2102 2333 2193 2389 καὶ
2250 2331 2454 2407 ἐξάγειν
2518 2332 2653 2406 μετὰ
2704 2338 2812 2387 τῶν
2890 2333 3104 2388 οἰκείων
3159 2332 3593 2407 ἁλλαξιμάτων,
3658 2333 3795 2389 καθά

2101 2422 2192 2478 καὶ
2226 2420 2555 2492 δεδήλωται*
2589 2420 2640 2478 ἐν
2681 2419 2737 2477 δὲ
2779 2428 2897 2485 τοῖς
2951 2421 3173 2485 λοιποῖς
3227 2419 3559 2487 ἀκουϐίτοις
3594 2424 3793 2477 καλῶ

2103 2512 2178 2573 εἷς
2210 2512 2445 2566 ἑστίασιν
2474 2513 2565 2567 τὸν
2598 2512 2876 2585 σύμπονον
2908 2512 2997 2567 καὶ
3022 2512 3115 2567 τὸν
3150 2511 3463 2588 λογοθὲτην
3489 2520 3591 2569 τοῦ
3614 2535 3787 2587 πραε-

2102 2603 2327 2676 τώριου,
2359 2602 2449 2655 τὸν
2480 2603 2867 2677 τοποτηρητήν
2894 2606 3004 2657 τῶν
3036 2600 3314 2674 πλοΐμων,
3336 2603 3433 2657 τὸν
3456 2602 3785 2677 χαρτουλᾶο

2104 2710 2218 2764 ριον
2247 2695 2344 2744 τοῦ
2376 2688 2704 2764 πλοὶματος,
2750 2691 2841 2745 τὸν
2879 2692 3099 2764 κόμητα
3141 2695 3241 2745 τοῦ
3273 2690 3624 2764 πλοῖματος,
3658 2712 3785 2745 κεν-

2100 2780 2341 2857 τάρχους
2374 2780 2605 2851 ὁμοίως,
2655 2778 2841 2853 κριτάς
2895 2784 3000 2834 τῶν
3053 2778 3351 2855 ῥεγεώνων,
3396 2780 3648 2843 inor-ri;
3677 2788 3780 2848 τῆς

2099 2869 2337 2939 πόλεως,
2397 2872 2804 2948 γειτονιᾶρχας,
2852 2871 2944 2926 τὸν
3002 2871 3326 2946 λεγατάριον
3375 2877 3481 2926 τοῦ
3527 2893 3772 2946 πράττεσ-

2101 2959 2272 3031 σίτου,
2341 2961 2433 3015 τὸν
2497 2959 2846 3035 κεντυρίωνα,
2912 2961 3040 3022 τοὺς
3114 2960 3766 3036 πρωτοκαγκελλαρὶους,

2106 3048 2537 3126 καγκελλαρίους
2606 3050 2697 3105 καὶ
2776 3045 3117 3125 μανδάτορας
3187 3071 3285 3105 του
3338 3048 3625 3124 πλοῖμου,
3682 3049 3771 3103 τὸν

1730 3146 1963 3205 νΑΗΙᾸΞ
2003 3149 2419 3207 LECTIONES.

427 3250 450 3288 ε
470 3249 518 3323 ἐξ
551 3249 724 3306 αὐτῶν
757 3266 872 3308 θαι.
906 3250 998 3319 R.,
1031 3246 1254 3319 ἐξαυτῆς
1284 3247 1412 3305 cod.
1443 3250 1501 3304 et
1532 3248 1621 3303 ed.

1414 3345 1616 3401 JOAN.
1658 3345 1806 3401 JAC.
1850 3345 2114 3403 REISKII
2146 3347 2734 3406 COMMENTARIUS.

358 3479 484 3534 quae
516 3463 560 3515 si
595 3462 885 3534 explicare
904 3464 961 3534 et
990 3459 1449 3534 disputationem
1474 3460 1543 3513 de
1564 3475 1731 3513 coma
1752 3462 1807 3513 et
1827 3475 1996 3515 caesa.

356 3530 440 3586 {ie
470 3530 724 3586 veterum
756 3532 935 3585 ordiri
960 3530 1186 3596 vellem,
1211 3531 1270 3584 in
1300 3537 1527 3583 vastum
1560 3545 1832 3597 campum
1863 3546 1993 3585 eve-

356 3603 543 3656 herer.
577 3603 935 3671 Quapropter
967 3602 1149 3655 satius
1197 3604 1308 3667 est,
1341 3615 1464 3654 eam
1498 3600 1590 3653 hic
1642 3601 1901 3655 omittere
1940 3605 1997 3657 et

356 3673 451 3729 alii
486 3670 717 3727 meliori
744 3671 1053 3737 occasioni,
1088 3671 1135 3727 si
1188 3687 1299 3741 qua
1330 3686 1391 3725 se
1425 3670 1647 3737 oﬂ'erat,
1683 3686 1990 3729 reservare.

424 3744 541 3814 (63)
594 3744 830 3799 Barbari
874 3752 928 3799 et
967 3744 1218 3813 gentiles,
1276 3742 1535 3814 adeoque
1590 3743 1796 3797 ethnici
1836 3743 1993 3800 idem

352 3812 581 3871 valebat
610 3816 728 3871 illis
756 3812 1285 3885 temporibus.lnde
1316 3812 1508 3868 Schola
1533 3814 1823 3883 gentilium
1854 3815 1991 3887 (vid.

353 3888 546 3943 Vales.
582 3888 652 3943 ad
683 3889 874 3942 Amm.
910 3887 1213 3956 Marcell.),
1248 3902 1374 3955 qua:
1406 3893 1602 3956 postea
1632 3887 1869 3942 Hetaeria
1900 3888 1994 3941 di-

354 3965 444 4015 cta
460 3960 571 4014 fuit
592 3976 692 4015 seu
716 3958 923 4013 militia
944 3958 1204 4030 palatina
1220 3974 1286 4012 ex
1306 3957 1642 4030 peregrinis
1661 3959 1992 4030 nationibus

352 4032 620 4087 conﬂata.
656 4032 737 4086 Ita
767 4032 823 4085 in
854 4027 1083 4087 vetusto
1127 4028 1315 4099 lapide
1344 4027 1583 4098 Aquitani
1629 4027 1769 4099 legit
1798 4033 1990 4085 Serto-

351 4104 473 4158 rius
505 4103 748 4158 Ursatus
776 4102 834 4156 in
867 4101 1127 4156 Monum.
1162 4100 1823 4170 Patav.p.45,sepulturae
1852 4118 1989 4169 gen-

352 4176 536 4229 tilium
583 4182 982 4241 veteranorum,
1029 4172 1085 4225 id
1127 4176 1237 4238 est,
1289 4170 1666 4225 barbarorum
1700 4187 1713 4226 :
1748 4171 1861 4225 vid.
1899 4171 1986 4227 Sc.

352 4245 542 4301 Matfei
589 4251 856 4302 Museum
895 4244 1230 4299 Veronense
1278 4257 1335 4312 p.
1382 4242 1507 4309 323,
1559 4245 1616 4296 et
1664 4241 1748 4296 Du
1798 4242 1988 4313 Cange

350 4317 438 4371 Gl.
472 4318 537 4373 G.
570 4334 621 4371 ν.
657 4316 970 4385 Γεντήλιος.

420 4390 533 4458 (64)
565 4383 855 4453 Quantum
886 4404 954 4443 ex
1000 4383 1492 4458 descriptionibus
1540 4383 1986 4458 variiscolligo,

350 4454 460 4530 fuit
506 4454 795 4514 cabadium
843 4460 999 4513 idem
1046 4454 1218 4530 atque
1258 4454 1612 4530 ἐπιλωρίκιον
1660 4456 1747 4511 vel
1793 4454 1991 4530 Emwa

350 4527 557 4600 ράκιον,
590 4530 646 4583 id
676 4536 782 4598 est,
812 4531 1009 4596 vestis,
1066 4527 1181 4584 non
1215 4544 1338 4600 qua:
1372 4527 1561 4583 lorica;
1611 4533 1712 4582 aut
1761 4529 1988 4600 thoraci

350 4599 577 4671 proprie
608 4600 691 4655 sic
724 4603 902 4669 dicto,
934 4602 1031 4657 sed
1066 4599 1301 4672 pectori,
1335 4600 1389 4653 in
1427 4616 1542 4671 quo
1574 4606 1831 4672 gestetur
1860 4599 1993 4672 tho-

348 4688 471 4743 rax,
505 4678 562 4727 et
591 4672 743 4741 quod
776 4671 1080 4743 propterea
1110 4689 1262 4742 saepe
1292 4687 1525 4741 quoque
1557 4671 1758 4743 thorax
1792 4671 1990 4743 appel-

344 4742 522 4815 latur,
576 4741 1130 4815 superinduebatur.
1166 4741 1291 4815 Eini
1315 4743 1489 4797 Wams
1520 4741 1647 4815 oder
1691 4742 1992 4815 Brustlatz,

348 4814 469 4871 sive
498 4812 696 4886 potius
746 4816 873 4886 eich
904 4815 1073 4886 Weste
1122 4814 1225 4869 mit
1274 4813 1513 4886 kurtzeni
1551 4812 1847 4886 Schaessen,
1881 4814 1993 4868 und

345 4888 449 4956 au/
474 4884 573 4942 der
602 4888 767 4942 Brust
795 4885 899 4940 mit
930 4885 1224 4954 doppcllcn
1268 4884 1719 4956 Ueberschtaegen.
1751 4884 1995 4941 Vertunt

346 4960 648 5028 tibcnnam,
682 4974 897 5027 sagum,
938 4972 1264 5027 suppurunt,
1296 4962 1514 5024 togam;
1558 4957 1675 5014 vid.
1708 4960 1877 5028 Goar.
1921 4956 1991 5011 ad

349 5030 555 5087 Codin.
590 5026 647 5103 p.
681 5026 772 5099 149,
825 5047 882 5086 n.
916 5028 1024 5103 30;
1065 5029 1217 5103 et_ad
1252 5028 1493 5103 Cedren.
1525 5026 1991 5103 p.r_lit7,ubi_ex-

345 5105 511 5173 ponit
539 5099 729 5159 tu'nica
757 5102 1005 5158 exterior
1032 5099 1226 5154 stricte
1254 5102 1486 5173 corpori
1518 5099 1837 5168 adhaerens,
1870 5099 1994 5173 bre-

342 5170 487 5242 uior,
520 5176 754 5243 glebulis
784 5178 913 5229 ante
933 5179 1118 5243 pectus
1140 5170 1491 5243 munitaﬁed
1522 5173 1807 5241 praecipue
1836 5170 1987 5243 conf.

343 5244 429 5299 Du
466 5241 657 5318 Gange
687 5245 892 5318 Gloss._
920 5241 1095 5299 Grazc.
1148 5250 1201 5296 et
1247 5241 1497 5318 Salinas.
1548 5243 1619 5297 ad
1667 5247 1789 5318 Scr.
1844 5242 1988 5318 Iiist.

340 5318 488 5386 Aug.
523 5321 567 5370 t.
590 5312 673 5382 il,
710 5336 766 5388 p.
798 5316 924 5383 543,
958 5331 1092 5372 cum
1124 5329 1235 5388 quo
1267 5312 1431 5388 idem,
1462 5328 1575 5388 non
1609 5314 1832 5388 sentio._
1854 5312 1989 5388 Per-

342 5382 492 5458 smpe
550 5382 799 5443 occurrit
852 5382 972 5443 haec
1025 5382 1151 5441 vox’
1194 5385 1253 5439 in
1306 5384 1644 5458 auctoribus
1702 5382 1986 5458 Arabicis,

342 5456 527 5530 necne
559 5463 752 5515 tamen
802 5459 1051 5515 Arabica
1093 5460 1202 5523 est,
1230 5471 1442 5530 _neque
1492 5456 1830 5511 distinctam
1867 5456 1990 5524 ejus

340 5527 527 5588 ideam
579 5530 663 5586 illi
710 5530 977 5586 homines
1025 5532 1181 5585 dant.
1228 5527 1518 5583 Persicam
1567 5532 1787 5583 vestem
1838 5542 1985 5594 esse,

337 5610 500 5675 patet
529 5620 597 5660 ex
624 5602 762 5658 illis.
795 5602 1123 5675 Ascribam,
1156 5600 1293 5675 quia
1320 5616 1519 5675 pauca
1562 5603 1727 5675 sunt,
1761 5615 1886 5670 qua:
1914 5602 1985 5653 ad

337 5617 500 5675 patet
529 5620 597 5660 ex
624 5617 762 5658 11118.
795 5617 1123 5669 ascribam,
1156 5617 1293 5727 (iiuna
1332 5617 1519 5670 pauca
1567 5617 1727 5665 sunt,
1761 5617 1886 5670 qua:
1914 5617 1985 5653 ao

336 5674 634 5732 Abulfedaz
667 5691 804 5731 ann.
856 5672 960 5728 594
992 5689 1093 5728 seu
1127 5676 1165 5726 C
1212 5688 1254 5726 r.
1309 5671 1446 5726 1198
1476 5672 1667 5727 notavi
1700 5688 1714 5728 :
1749 5691 1777 5721 «
1810 5686 1987 5741 appa-

340 5752 429 5802 ret
458 5764 525 5804 ex
554 5747 665 5803 hoc
694 5746 819 5803 loco
852 5745 934 5801 sic
964 5743 1045 5799 ibi
1068 5742 1278 5814 scripsi
1308 5743 1502 5814 (Qaba,
1534 5743 1687 5799 unde
1718 5746 1984 5814 nostrum

342 5816 529 5887 Coppa
581 5816 860 5887 manavit,
909 5812 1207 5887 gestamen
1257 5812 1564 5872 Persarum
1617 5818 1675 5871 et
1722 5812 1983 5883 gentium

2107 3446 2176 3502 ad
2234 3444 2375 3500 illud
2427 3461 2639 3517 nomen
2694 3445 3113 3517 pertinentium
3181 3446 3380 3515 fuisse,
3440 3462 3564 3502 non
3625 3448 3761 3504 item

2106 3519 2446 3584 Turcarum,
2508 3516 2711 3572 Golius
2762 3517 2819 3572 in
2873 3518 3075 3574 Lexico
3132 3518 3281 3585 Qaba
3336 3521 3419 3573 ait
3474 3533 3611 3574 esse
3674 3536 3758 3574 ce-

2103 3598 2238 3645 stem
2311 3588 2547 3660 virilemi
2610 3589 2975 3658 peculiariter
3043 3591 3358 3655 Persicam,
3432 3606 3567 3660 qua
3651 3590 3755 3645 sub

2105 3659 2292 3718 axillis
2326 3676 2427 3730 per
2457 3658 2759 3731 obliquum
2789 3660 3138 3731 duplicatur.
3172 3660 3431 3715 Olearius
3452 3658 3544 3715 'in
3581 3662 3755 3717 Itine-

2104 3734 2255 3788 rario
2289 3747 2343 3802 p.
2396 3731 2499 3785 419
2528 3733 2617 3800 ed,
2664 3731 2898 3787 Slesvic.
2934 3733 3074 3787 Keba
3119 3747 3244 3787 esse
3293 3732 3373 3786 ait
3399 3732 3555 3787 clare
3602 3736 3753 3801 [eine

2104 3806 2290 3860 Filtze.
2323 3803 2624 3858 Materiam
2659 3803 2858 3872 panni,
2892 3820 3005 3859 non
3048 3806 3290 3859 formam
3340 3805 3618 3873 exprimit
3652 3810 3756 3859 aut

2104 3893 2302 3932 usum.
2341 3874 2557 3930 Laudat
2604 3873 2735 3929 illos
2781 3890 3012 3945 quoque
3058 3876 3236 3944 filtros
3279 3875 3496 3929 Paulus
3546 3875 3752 3930 Jovius

2101 3946 2299 4003 libello
2330 3946 2400 4001 de
2444 3945 2728 4015 legatione
2762 3945 3210 4001 Moscovitarum
3264 3948 3338 4015 (p.
3375 3946 3495 3999 488.
3549 3946 3747 4002 Colle-

2101 4018 2310 4075 ctionis
2343 4016 2692 4088 Itinerarior.
2724 4017 3097 4088 Sim.Grynaai
3132 4017 3304 4072 Basil.
3340 4018 3476 4071 1555
3506 4024 3746 4087 curatae)

2100 4090 2194 4145 bis
2225 4089 2416 4144 verbis
2451 4105 2469 4160 :7
2499 4087 2884 4143 Mediterranei
2915 4087 3130 4143 Tartari
3161 4089 3305 4143 nihil
3333 4098 3545 4160 praeter
3570 4106 3746 4160 equo-

2099 4179 2228 4217 rum
2252 4159 2567 4231 pernicium
2594 4175 2777 4230 greges
2807 4163 2855 4215 et
2885 4160 3094 4215 nobiles
3121 4161 3279 4215 nulla
3308 4159 3529 4227 ﬁlorum
3558 4159 3745 4215 textu-

2099 4251 2185 4302 ra,
2216 4233 2317 4287 sed
2344 4234 2545 4286 coactis
2576 4247 2645 4286 ex
2693 4231 2839 4285 lanis
2868 4232 3125 4287 candidos
3168 4234 3419 4286 centones
3465 4233 3747 4298 prebeat.

2099 4321 2127 4361 e
2157 4304 2353 4376 quibus
2379 4302 2581 4373 [εἰει-ἑκ
2631 4310 2794 4376 uestes
2823 4302 3054 4376 paenulas
3092 4302 3160 4357 ad
3205 4304 3585 4373 per/erendam
3614 4318 3738 4357 om-

2098 4373 2227 4431 nem
2280 4377 2541 4429 imbrium
2572 4374 2839 4444 injuriam
2886 4373 3311 4445 idonewﬁatque
3354 4376 3738 4445 pulcherrim

2098 4448 2480 4517 conﬁciuntur.
2515 4445 2597 4517 Cl.
2631 4444 2961 4500 Schultens.
2995 4446 3052 4500 in
3084 4444 3216 4499 Vita
3247 4444 3503 4501 Saladini
3533 4444 3740 4516 p.212.

2018 4511 2066 4576 D
2099 4511 2224 4590 cap.
2261 4518 2362 4590 130
2409 4516 2580 4572 vertit
2610 4519 2787 4590 Asinus
2820 4518 3009 4590 vestis,
3051 4517 3120 4572 ad
3174 4532 3410 4590 sensum
3462 4511 3553 4572 sic'
3597 4518 3743 4590 satis

2100 4588 2266 4645 bene.
2331 4589 2484 4643 Infra
2535 4588 2644 4644 sub
2690 4604 2843 4643 anno
2898 4588 3003 4641 684
3051 4589 3300 4643 occurrit
3356 4589 3532 4644 dictio
3592 4589 3744 4656 Qaba

2101 4661 2348 4743 tachtdni
2378 4676 2476 4714 seu
2512 4660 2907 4743 inferior,un
2938 4660 3049 4743 sub
3081 4659 3211 4743 aliis
3237 4661 3498 4743 vestibus
3526 4661 3739 4743 gestari

2102 4732 2244 4789 solet
2292 4740 2344 4786 et
2374 4731 2706 4802 opponitur,
2756 4731 2965 4786 athlaso
3011 4732 3247 4802 [auqdni
3293 4747 3395 4785 seu
3438 4733 3738 4802 superiori,

2100 4821 2201 4860 seu
2233 4804 2519 4869 exteriori,
2569 4803 2723 4857 unde
2752 4808 2978 4858 constat
3012 4802 3162 4869 Quba
3194 4803 3473 4858 rationem
3527 4802 3740 4859 habere

2103 4886 2262 4933 vestae
2292 4890 2392 4930 seu
2423 4873 2633 4929 tunica:
2664 4877 2895 4930 nostras.
2928 4895 2956 4923 »
2990 4873 3124 4929 Haec
3157 4874 3256 4928 ibi.
3289 4874 3476 4930 Locus
3507 4874 3739 4930 Abulfe-

2102 4948 2209 5014 dm,
2242 4947 2312 5003 ad
2362 4961 2531 5016 quem
2579 4947 2689 5000 ista
2719 4945 2950 5016 scripsi,
2999 4944 3094 5001 hic
3124 4950 3211 5001 est
3243 4962 3256 4998 :
3291 4967 3321 4995 «
3372 4946 3737 5001 Chowarerim

2099 5019 2283 5075 Schah
2320 5018 2565 5073 Tacasch
2595 5016 2883 5072 incedebat
2912 5017 3235 5083 Bocharam,
3271 5025 3403 5072 tunc
3433 5017 3729 5073 Chatthaeis

2094 5094 2401 5163 parentem,
2432 5097 2482 5143 et
2512 5088 2792 5163 subigebat
2837 5089 3105 5163 eamdem,
3138 5088 3439 5163 humanum
3472 5098 3651 5144 tamen
3680 5104 3735 5163 se

2098 5160 2353 5217 pictorem
2386 5160 2879 5231 gerebat,quamvis
2907 5160 3176 5230 injuriam
3199 5160 3310 5214 sibi
3328 5165 3532 5231 [actam
3551 5162 3729 5230 graci-

2102 5234 2195 5288 bus
2225 5231 2399 5301 pxnis
2442 5230 2640 5286 ulcisci
2682 5233 2960 5302 potuisset.
3013 5232 3279 5287 Chatthwi
3325 5230 3472 5287 enim
3521 5236 3728 5287 tenente

2099 5304 2379 5359 obsidione
2422 5320 2631 5372 canem,
2673 5319 2782 5358 uno
2829 5319 3040 5357 cassum
3093 5304 3263 5371 oculo,
3297 5306 3429 5358 cuba
3480 5303 3725 5358 indutum

2100 5377 2217 5447 [seu
2268 5374 2468 5429 tunica
2514 5374 2763 5446 Persica]
2812 5390 2841 5429 e
2868 5375 3153 5447 catapulta
3200 5391 3386 5447 versus
3428 5376 3723 5431 obsidentes

2097 5445 2439 5512 exploseranl
2468 5461 2593 5501 cum
2620 5445 3011 5503 contumelioso
3043 5445 3291 5515 dicteria,
3316 5446 3461 5501 hunc
3489 5449 3725 5517 ipsorum

2098 5519 2431 5574 Sollhanum
2464 5534 2595 5575 esse.
2645 5519 2902 5575 Tocascho
2936 5533 3133 5588 nempe
3164 5522 3461 5589 jacturam
3506 5521 3724 5573 alterius

2096 5590 2242 5646 oculi
2274 5589 2706 5658 exprobrabant.
2755 5591 2820 5644 At
2854 5590 2952 5645 ille
2982 5599 3161 5645 tamen
3212 5595 3424 5644 tantum
3470 5590 3656 5644 aberat
3699 5606 3728 5644 α

2096 5662 2394 5733 repetenda
2448 5664 2694 5733 procacis
2756 5660 2977 5733 linguae
3022 5668 3072 5733 et
3113 5661 3435 5733 petulantis
3465 5661 3724 5731 facinoris

2092 5732 2274 5806 plena,
2307 5741 2367 5806 ut
2411 5732 2592 5802 potius
2645 5732 2923 5806 beneﬁciis
2970 5732 3080 5788 sibi
3114 5732 3623 5805 largitionibusquc
3646 5748 3727 5805 pe-

2092 5804 2364 5862 cuniariis
2390 5820 2553 5861 novos
2580 5806 2719 5861 cives
2746 5804 3031 5875 obligaret.

3918 3416 3927 3431 1

3918 3440 3929 3449 ,ι

3910 3446 3927 3691 l

3914 3734 3927 3877 ἰ
