3972 6214
214 352 422 414 1377

1113 353 1216 415 DE
1258 352 1705 417 CERIMONIIS
1747 354 1990 419 AULIE
2031 355 2511 418 BYZANTINJE
2552 358 2697 418 LIB.
2743 359 2823 422 II.

3488 367 3672 432 1378

204 489 490 566 ἀριθμὸν
540 486 638 546 σδ¹’
697 489 929 568 είσαγειν
985 486 1044 545 δὲ
1098 489 1189 545 καὶ
1246 487 1454 567 ἰξάγειν
1512 490 1711 553 αὐτοὺς
1772 492 1905 565 μετὰ

2027 500 2148 549 tam
2179 492 2641 563 classiariorum,
2672 494 3121 568 chartularium,
3154 501 3425 559 comitem
3455 507 3513 561 et
3542 521 3675 563 cen-

217 585 365 637 τῶν
400 577 624 636 οἰκείων
658 578 1115 656 σκαραμαγγίων,
1169 576 1320 647 πλὴν
1362 583 1471 635 τῶν
1522 584 1906 657 τοποτηρητῶε

2029 581 2288 649 tarchos,
2320 598 2524 639 omnes
2552 582 2635 640 rei
2667 583 2889 640 navalis
2912 604 2927 653 ;
2953 585 3181 657 judices
3209 590 3513 662 regionum
3545 594 3673 667 [Ur-

221 669 403 742 μετδ,
434 667 526 724 καὶ
557 670 763 744 σαγίων
813 665 1023 745 ῥωέων,
1066 669 1247 731 καθὼς
1292 666 1548 742 ἀνωτέρω
1586 667 1921 741 δεδήλωται.

214 757 379 816 Ἐπὶ
422 755 485 814 δὲ
540 766 642 829 τῆς
697 756 901 833 ὀγδόης
958 759 1171 833 ἡμέρας
1225 762 1334 814 τῶν
1390 757 1567 814 αὐτῶν
1616 754 1920 816 ἀκουϐίτων

221 845 564 904 ἕκτελεῖται
619 847 681 904 τὸ
761 848 939 923 βωτόν
1012 845 1429 923 παιζοδρόμιον,
1486 847 1578 903 καὶ
1638 845 1722 903 δεῖ
1780 850 1920 921 ὑμᾶς

229 936 598 1009 εὐτρεπίζειν
667 938 745 999 εἰς
837 936 1169 993 συνεστίασιν
1256 941 1366 993 τῶν
1462 936 1731 1013 βασιλέων
1795 938 1922 1000 τοὺς

222 1024 609 1103 προῦχοντας
654 1033 755 1097 τῆς
802 1027 1005 1098 τάξεως
1042 1030 1140 1082 τοῦ
1184 1030 1447 1100 μυστικοῦ
1501 1022 1917 1098 κουϐουκλείου,

227 1119 370 1173 οἷον
469 1117 886 1193 πραιποσίτους,
975 1119 1500 1195 πρωτοσπαθαρίους
1598 1116 1918 1195 εὐνούχους,

226 1207 675 1283 πριμικηρίους,
727 1205 1056 1282 όστιαρίους,
1104 1207 1197 1261 τὸν
1248 1206 1477 1282 ἀριθμὸν
1525 1207 1597 1278 η’,
1644 1207 1738 1261 τὸν
1779 1225 1919 1283 χαρ-

228 1296 557 1372 τουλάριον
611 1304 711 1369 τῆς
774 1295 1068 1373 βασιλικῆς
1137 1294 1436 1368 σακὲλλης,
1509 1297 1609 1366 τήν
1676 1294 1765 1351 ἐπὶ
1821 1300 1919 1352 τοῦ

234 1383 471 1442 εἰδικοῦ
502 1386 690 1463 λόγου,
738 1388 830 1442 τὸν
878 1387 1197 1461 ἀκτουέἱριον
1241 1387 1333 1440 καὶ
1379 1385 1471 1441 τὸν
1520 1391 1622 1454 τῆς
1650 1386 1920 1441 καταστάκ

237 1494 421 1535 σεως·
459 1474 689 1548 εἰσαγειν
741 1471 801 1530 ὂὶ
848 1473 1044 1536 αὐτοὺς
1097 1474 1231 1548 μετᾶ
1273 1478 1384 1531 τῶν
1429 1473 1645 1529 οἷ’κείων
1686 1472 1918 1546 ἂλλαξι-

240 1563 474 1637 μάτων,
546 1564 609 1619 οὐ
667 1565 845 1625 καθὼς
912 1565 1043 1626 τοὺς
1111 1562 1341 1626 λοιποὺς
1401 1564 1633 1626 ἅπαντας
1690 1561 1742 1619 ἐν
1800 1568 1918 1627 ταῖς

234 1654 684 1731 προλεχθείσαις
728 1655 962 1732 ἡμέραις
1020 1654 1080 1711 ἐκ
1135 1660 1243 1711 τῶν
1290 1656 1441 1711 κάτω
1485 1657 1623 1731 πρὸς
1675 1657 1745 1711 τὰ
1801 1657 1915 1712 ἄνω

235 1743 344 1800 σὺν
376 1749 460 1817 τῷ
489 1746 805 1818 καστρησίῳ
847 1746 949 1813 τήν
996 1745 1221 1821 πορείαν
1271 1745 1616 1820 ποιούμενοι,
1663 1743 1788 1801 ἀλλ’
1818 1743 1915 1801 αὗ-

238 1844 337 1898 θις
404 1833 500 1889 σὺν
550 1833 620 1909 τῇ
670 1831 839 1907 ἐξόδῳ
887 1836 987 1903 τῆς
1048 1833 1340 1910 βασιλικῆς
1398 1832 1752 1906 ἀνακλήσεως

238 1926 528 2001 στιχιζειν
577 1922 775 1986 αὐτοὺς
827 1923 964 1978 κατὰ
1018 1924 1081 1978 τὸ
1129 1920 1269 1979 ἴδιον
1322 1924 1536 1998 ἀξίωμα
1581 1921 1770 1997 κύκλῳ
1814 1931 1917 1995 τῆς

237 2013 446 2084 τιμίας
492 2012 784 2086 βασιλικῆς
838 2013 1135 2087 τραπέζης,
1193 2012 1283 2068 καὶ
1342 2013 1456 2087 ἅμα
1509 2019 1610 2082 τῆς
1666 2011 1917 2090 ἐκφωνή-

243 2120 394 2162 σεως
440 2104 548 2155 τῶν
593 2101 956 2175 παρεστώτων
1008 2099 1318 2176 βουκαλίων
1367 2098 1677 2158 ἀνακλίνειν
1717 2101 1915 2164 αὐτοὺς

242 2186 301 2244 ἂν
362 2193 435 2264 τῇ
486 2187 846 2264 λαμπροτάτῃ
892 2188 1156 2265 τραπέζῃ,
1207 2188 1408 2263 ἐξάγειν
1460 2187 1519 2245 δὲ
1566 2188 1760 2251 αὐτοὺς
1809 2189 1914 2244 πά-

247 2274 344 2333 λιν
400 2282 470 2353 τῇ
528 2277 665 2353 αὐτῇ
724 2276 1045 2351 ἀκολουθίᾳ,
1104 2280 1181 2343 ὡς
1239 2277 1471 2356 εἴρηται.
1524 2280 1645 2335 Ἐπὶ
1702 2276 1761 2334 δὲ
1799 2284 1917 2344 τοῖς

248 2366 481 2430 λοιποῖς
537 2363 844 2432 ἀκουῦίτοις
901 2369 1008 2445 πρὸ
1062 2372 1163 2441 τὴς
1225 2368 1515 2446 βασιλικῆς
1561 2369 1915 2441 ἀνακλήσεως

250 2457 746 2533 προανακλίνονται
786 2460 1012 2530 πένητες
1057 2461 1109 2515 οἱ
1153 2460 1222 2515 τὰ
1273 2456 1571 2538 σφραγίδια
1599 2457 1912 2538 εἰληφότες,

247 2550 346 2604 καὶ
414 2543 495 2604 ἔτι
557 2548 737 2605 αὐτῶν
776 2548 1141 2623 ἀνακειμένων
1205 2552 1296 2605 καὶ
1346 2549 1652 2620 ἐσθιόντων,
1719 2550 1771 2604 ἐν
1832 2554 1915 2622 τῷ

250 2642 433 2711 καιρῷ
460 2642 557 2693 τοῦ
599 2637 794 2712 μίνσου
836 2642 944 2693 τῶν
991 2636 1288 2707 δουλκίων,
1337 2633 1814 2712 ἂναλαμϐἀνονται
1847 2638 1915 2694 τὰ

252 2723 482 2790 δοθέντα
527 2724 823 2801 σᾳραγίδια
871 2727 975 2783 ὑπὸ
1021 2727 1359 2801 ἀρτικλίνου,
1399 2728 1490 2783 καὶ
1539 2725 1749 2784 δίδοται
1776 2727 1915 2785 κατᾶ

250 2815 423 2870 τύπον
482 2816 629 2890 παρά
681 2819 778 2871 τοῦ
835 2813 1044 2872 εῗδικοῦ
1100 2816 1270 2893 λόγου
1326 2819 1534 2891 δγάστῳ
1589 2819 1779 2889 πένητι
1834 2817 1911 2880 είς

257 2900 552 2979 βασιλικὴν
617 2903 871 2979 εὐλογίαν
937 2900 1280 2979 ἀποκὸμϐιον
1348 2900 1478 2980 ἕχον
1546 2900 1757 2961 ἔνδοθεν
1822 2906 1913 2961 νό-

258 3012 437 3067 μισμα
478 2989 555 3049 ἓν.
591 2994 713 3049 Ἐπὶ
771 2991 828 3049 δὲ
881 2998 982 3060 τῆς
1041 2992 1260 3065 ἑννάτης
1314 2993 1527 3068 ἡμέρας
1574 2998 1684 3050 τῶν
1730 2996 1911 3050 αὐτῶν

256 3078 563 3137 ἀκουϐίτων
615 3082 856 3138 τελεῖται
902 3084 1215 3160 κλητώριον
1267 3081 1486 3140 δείπνου
1541 3087 1679 3157 (66),
1738 3086 1768 3139 ὅ
1821 3086 1911 3140 καὶ

255 3174 583 3249 τρυγητικὸν
640 3172 913 3244 καλεῖται,
967 3175 1057 3229 καὶ
1134 3172 1216 3230 δεῖ
1276 3175 1414 3248 ὑμὰς
1472 3174 1908 3251 προευτρεπίζειν

2027 669 2120 727 bis
2150 670 2404 743 nempe],
2436 672 2796 743 inspectores
2818 672 3010 743 Urbis,
3038 674 3299 733 vicorum
3332 682 3665 755 magistros,

2027 757 2376 832 legatarium
2408 762 2720 833 praepositi,
2763 764 3189 832 centurionem,
3212 771 3670 838 protocancella-

2027 850 2168 916 rios,
2200 849 2582 907 cancellarios
2613 854 2670 907 et
2703 854 3071 909 mandatores
3099 854 3184 911 rei
3205 856 3515 927 navalis,in
3536 862 3671 916 uni—

2024 952 2256 994 versum
2281 940 2352 994 ad
2386 955 2697 996 numerum
2725 941 2854 997 204.
2888 941 2957 997 Hi
2996 959 3129 999 cum
3176 946 3299 1002 suis
3342 963 3673 1006 scaraman-

2024 1026 2138 1099 giis
2169 1032 2226 1082 et
2254 1028 2715 1084 introducantur
2744 1033 2801 1084 et
2840 1031 3174 1088 educuntur
3203 1038 3414 1106 praeter
3441 1040 3670 1111 topote-

2023 1120 2200 1175 retas.
2231 1116 2300 1172 Hi
2350 1117 2507 1173 enim
2554 1117 2614 1173 in
2656 1118 2841 1176 russis
2889 1121 3045 1188 sagis
3082 1120 3554 1197 introducuntur,
3604 1132 3671 1185 ut

2023 1221 2203 1276 supra
2222 1205 2351 1276 jam
2395 1205 2466 1261 de
2503 1206 2800 1264 similibus
2844 1210 3132 1266 monitum
3165 1211 3295 1270 fuit.
3328 1212 3541 1273 Octavo
3571 1233 3668 1275 eo-

2024 1311 2091 1351 ru
2102 1296 2293 1350 mdem
2316 1295 2695 1353 accubituum
2717 1297 2809 1353 die
2831 1297 3158 1355 celebratur
3175 1306 3378 1358 votum
3402 1307 3674 1375 pezodro-

2024 1387 2207 1443 mium
2228 1403 2332 1443 seu
2376 1387 2667 1445 ludicrum
2719 1390 2972 1462 pedestri
3018 1408 3192 1449 cursu
3239 1402 3552 1465 certamen,
3610 1404 3671 1458 et

2022 1479 2248 1548 oportet
2276 1493 2378 1533 vos
2407 1477 2680 1534 invitatos
2726 1484 3080 1553 paratosque
3108 1481 3322 1541 habere
3352 1486 3423 1541 ad
3456 1503 3671 1560 coepu-

2020 1564 2264 1622 laudum
2291 1581 2424 1622 cum
2473 1566 2730 1623 dominis
2779 1584 3047 1640 proceres
3094 1570 3166 1627 de
3213 1573 3414 1630 ordine
3445 1576 3662 1647 jsecreti

2022 1653 2301 1721 cubiculi,
2334 1657 2398 1710 ut
2426 1655 2782 1727 praepositos,
2812 1658 3311 1729 protospatharios
3344 1665 3665 1733 eunuchos,

2022 1742 2409 1815 primicerios,
2441 1743 2808 1811 ostiarios,ad
2832 1762 3146 1804 numerum
3168 1753 3331 1819 octo;
3361 1760 3415 1808 et
3436 1753 3570 1809 dein
3592 1756 3665 1811 ad

2022 1832 2449 1890 conficiendum
2500 1848 2813 1890 numerum
2870 1836 3315 1909 duodenarium,
3357 1839 3465 1898 hos
3521 1858 3667 1914 qua-

2023 1925 2204 1979 tuor:
2238 1922 2652 1980 chartularium
2701 1925 2851 1981 sacri
2900 1925 3123 1996 sacelli,
3158 1929 3440 1986 comitum
3488 1932 3668 1988 ratio.

2023 2027 2166 2067 num
2198 2013 2577 2084 privatarum,
2609 2015 2937 2071 actuarium
2979 2019 3037 2072 et
3066 2016 3559 2075 cerimoniarium.
3593 2019 3664 2077 Hi

2022 2117 2158 2157 cum
2189 2100 2313 2158 suis
2344 2102 2678 2159 mutatoriis
2701 2103 3172 2167 introducuntcr.
3207 2123 3324 2164 non
3348 2092 3421 2165 eo
3468 2111 3663 2179 modo,

2022 2206 2139 2261 quo
2171 2190 2268 2245 alii
2300 2194 2606 2263 magnetes
2634 2190 2696 2247 in
2729 2191 2937 2250 diebus
2971 2193 3281 2266 praedictis,
3315 2197 3371 2251 id
3402 2203 3514 2265 est,
3547 2215 3662 2254 non

2021 2280 2094 2335 ab
2124 2278 2261 2334 imis
2291 2279 2365 2334 ad
2410 2295 2660 2347 summa,
2707 2281 3165 2351 praeambulante
3195 2288 3528 2356 castrense;
3558 2286 3663 2343 sed

2019 2368 2290 2441 protinus
2348 2372 2524 2442 atque
2582 2369 2804 2425 domini
2860 2372 3279 2441 accubuerunt,
3336 2380 3559 2446 oportet
3584 2376 3664 2450 {ut

2018 2456 2172 2526 illos,
2205 2459 2525 2515 secundum
2574 2474 2743 2516 suam
2791 2475 3083 2533 quemque
3113 2461 3477 2533 dignitatem,
3509 2465 3665 2522 circa

2019 2546 2407 2604 venerabilem
2428 2549 2649 2621 regiam
2672 2564 2926 2606 mensam
2951 2550 3374 2621 ordinemus,et
3394 2552 3572 2610 simul
3595 2570 3661 2611 ac

2017 2640 2277 2694 astantes
2324 2636 2548 2694 vocales
2617 2637 2908 2708 intonant,
2966 2641 3038 2695 ad
3116 2640 3658 2712 splendidissimum

2017 2741 2283 2782 mensam
2339 2726 2493 2783 485
2553 2730 2939 2785 asternamus.
2971 2733 3088 2785 Hos
3136 2730 3337 2787 eadem
3384 2731 3658 2801 formula,

2019 2830 2137 2885 qua
2164 2814 2443 2883 diximus,
2472 2814 2686 2871 iterum
2716 2817 2960 2874 educere
2989 2822 3238 2890 oportet.
3273 2817 3530 2892 Reliquis
3560 2837 3661 2876 ac-

2018 2903 2235 2960 cubitis
2263 2903 2652 2972 acclinantur,
2698 2903 2787 2960 vel
2814 2909 3127 2977 antequam
3158 2905 3273 2978 ipsi
3303 2907 3523 2963 domini
3554 2925 3661 2966 ac-

2019 2992 2347 3053 cubuerint.
2402 3009 2708 3065 pauperes,
2751 2994 2967 3065 quibus
3016 2999 3187 3052 antea
3233 2996 3377 3052 datae
3428 3006 3657 3054 tesseras

2017 3081 2474 3138 fuerunt.Abhis
2491 3083 2681 3139 adhuc
2710 3084 3187 3141 accumbentibus
3209 3090 3265 3141 et
3281 3086 3657 3158 epulantibus

2017 3187 2085 3228 eo
2123 3175 2407 3243 tempore,
2457 3187 2571 3243 quo
2620 3172 2835 3228 missus
2882 3173 3063 3229 dulcii
3120 3190 3223 3230 seu
3271 3180 3659 3248 tragematum

258 3261 336 3326 είς
377 3264 711 3318 συνεστίασιν
754 3267 851 3319 τοῦ
902 3261 1121 3319 δείπνου
1167 3268 1246 3336 τῷ
1299 3262 1518 3340 βασιλεῖ
1562 3263 1761 3338 φίλους
1811 3265 1903 3341 ιβ’,

2021 3264 2077 3316 et
2107 3260 2507 3333 placentarum
2534 3260 2889 3317 mellitarum
2912 3262 3109 3331 intrat,
3131 3263 3338 3335 repetit
3357 3265 3662 3323 articlinus

255 3353 370 3407 οἷον
437 3351 789 3427 μαγίστρους,
874 3351 1209 3416 ἀνθυπάτους
1274 3352 1595 3429 πατρικίους
1670 3374 1906 3430 στρατη-

257 3439 389 3515 γοὺς
420 3441 587 3510 ὀκτὼ,
639 3439 837 3521 φίλους
884 3440 1213 3517 Βουλγᾶρων
1263 3438 1381 3514 δύο,
1425 3442 1516 3498 καὶ
1562 3445 1689 3505 τοὺς
1722 3441 1905 3498 ἕκατὲ-

260 3547 364 3601 ρων
411 3526 507 3584 δύο
548 3527 889 3605 δῃμάρχους.
951 3529 1387 3604 Προσκυλοῦνται
1450 3528 1509 3587 δὲ
1557 3531 1705 3587 οὗτοι
1757 3532 1904 3605 παρὰ

258 3621 356 3671 τοῦ
389 3616 656 3692 βασιλέως
689 3616 779 3672 διὰ
824 3621 922 3674 τοῦ
969 3617 1286 3692 ἀρτικλίνου
1315 3618 1547 3695 πρωίας,
1579 3621 1670 3675 καὶ
1706 3620 1905 3693 μίνσων

258 3701 575 3776 διδομένων,
632 3708 1074 3781 συνεισέρχονται
1126 3706 1319 3770 πάντες
1367 3708 1420 3763 οἱ
1463 3707 1800 3782 κεκλημένοι
1830 3711 1905 3772 εἰς

260 3792 582 3849 συνεστίασιν
638 3798 716 3865 τῷ
765 3794 983 3869 βασιλεῖ
1028 3797 1166 3871 πρὸς
1213 3794 1463 3870 ἑσπέρας,
1521 3798 1610 3850 καὶ
1660 3797 1907 3873 εἰσάγον-

252 3903 335 3940 ται
374 3882 463 3938 καὶ
512 3881 794 3959 ἐξάγονται
842 3884 1037 3946 πάντες
1090 3884 1225 3957 μετᾶ
1270 3889 1378 3940 τῶν
1425 3884 1639 3940 οἰκείων
1677 3884 1908 3955 ἀλλαξι-

261 3974 440 4047 μάτων
498 3972 589 4028 καὶ
647 3972 975 4051 καμπαγίων
1025 3975 1159 4029 κατὰ
1215 3974 1548 4031 ἀκολουθίαν
1596 3973 1687 4030 καὶ
1734 3975 1902 4031 τόπον

256 4064 354 4119 τῶν
392 4061 810 4143 προγραφέντων
861 4061 914 4117 ἐν
964 4068 1081 4126 τοῖς
1131 4061 1264 4120 ἄνω.
1310 4067 1398 4119 Ἐν
1446 4061 1504 4118 δὲ
1554 4068 1674 4126 τοῖς
1720 4061 1899 4119 ἐκατέ-

261 4174 358 4228 ρων
385 4156 491 4207 τῶν
526 4156 708 4229 μερῶν
739 4147 1053 4215 ἀκουϐίτοις
1104 4150 1187 4208 δεῖ
1230 4154 1371 4227 ὕμᾶς
1424 4151 1611 4209 καλεῖν
1645 4152 1781 4208 κατά
1809 4154 1903 4208 τὸν

261 4242 376 4319 ὅρον
422 4249 524 4313 τῆς
569 4244 796 4313 πρώτης
824 4241 1035 4317 ἡμέρας
1081 4243 1212 4305 τοὺς
1265 4244 1368 4298 ὑπὸ
1406 4244 1722 4318 καμπάγιον
1773 4264 1905 4319 συγ-

264 4329 548 4401 κλητικοὺς
605 4332 864 4400 ἅπαντας,
923 4334 1038 4387 οἷον
1098 4332 1444 4404 ἀσηκηήτας,
1503 4330 1608 4388 ἀπὸ
1662 4339 1765 4402 τῆς
1793 4336 1901 4389 τῶν

270 4417 834 4493 σπαθαροκανδιδάτων
891 4420 1038 4493 ἀξίας
1111 4420 1203 4475 καὶ
1282 4419 1593 4496 κατωτέρω,
1664 4439 1907 4496 χαρτου-

280 4506 453 4584 λάριον
517 4513 615 4564 τοῦ
679 4514 892 4583 γενικοῦ
953 4509 1276 4586 λογοθέτου,
1343 4509 1754 4586 χαρτουλάριον
1810 4514 1907 4565 τοῦ

2016 3356 2286 3420 tesseras,
2319 3351 2651 3425 danturque
2697 3367 2767 3408 ex
2794 3355 3024 3425 recepto
3070 3353 3185 3410 ritu
3218 3355 3455 3412 nomine
3487 3357 3660 3429 regias

2015 3440 2438 3498 benedictionis
2459 3439 2705 3513 singulis
2725 3442 3081 3514 pauperibus
3099 3458 3168 3499 ex
3197 3443 3415 3514 privato
3437 3444 3661 3516 peculio

2013 3528 2248 3602 singula
2277 3530 2620 3602 apocomhia
2641 3529 2732 3586 vel
2762 3531 3113 3587 munuscula
3140 3532 3391 3589 missilia
3412 3534 3662 3591 sacculis

2012 3619 2212 3675 insutu
2233 3619 2397 3675 intus
2419 3618 2695 3676 habentia
2724 3619 2990 3691 singulos
3012 3619 3232 3678 solidos
3261 3621 3661 3681 aureos.Nono

2013 3708 2107 3763 die
2122 3707 2463 3764 eorumdem
2489 3707 2864 3764 accubituum
2884 3707 3209 3766 celebratur
3226 3710 3555 3768 convivium
3575 3727 3666 3769 ve-

2015 3796 2370 3867 spertinum,
2431 3797 2586 3867 quod
2648 3797 2828 3852 etiam
2884 3798 3237 3854 vindemiale
3295 3800 3661 3871 appellatur;

2013 3886 2355 3954 oportetque
2375 3898 2478 3938 vos
2501 3884 2663 3954 prius
2692 3883 2966 3939 invitatos
2985 3889 3042 3939 et
3060 3892 3428 3955 comparatos
3450 3887 3663 3947 habere

2015 3969 2322 4027 duodecim
2353 3970 2596 4041 amicos,
2616 3971 2686 4026 de
2706 3971 2918 4027 ordine
2951 3973 3391 4044 magistrorum,
3424 3992 3667 4047 procon-

2014 4060 2212 4117 sulum
2273 4059 2650 4131 patriciorum
2713 4063 3106 4133 strategorum
3168 4067 3323 4132 octo,
3382 4062 3665 4137 Bulgaros

2016 4147 2235 4205 amicos
2265 4148 2401 4220 duo,
2434 4152 2492 4204 et
2523 4148 2830 4204 ambarum
2864 4149 3181 4206 factionum
3215 4151 3551 4224 magistros.
3574 4154 3664 4209 In-

2014 4237 2274 4294 vitantur
2328 4240 2522 4293 autem
2571 4236 2633 4292 hi
2674 4238 2747 4294 ab
2798 4237 3150 4310 imperatore
3194 4255 3300 4312 per
3326 4241 3661 4299 articlinum

2016 4343 2209 4396 mane,
2241 4327 3077 4402 indictisque[pomeridianis]
3098 4330 3502 4397 missis,simul
3524 4348 3659 4389 cum

2014 4417 2367 4490 imperatore
2390 4417 2615 4473 intrant
2644 4418 2871 4475 invitati
2894 4435 3100 4476 omnes
3121 4429 3253 4477 ante
3273 4424 3663 4493 vesperam,et

2018 4506 2324 4564 introducu
2336 4510 2472 4563 ntur
2484 4523 2687 4563 omnes
2704 4508 2763 4563 in
2788 4507 2912 4564 suis
2927 4510 3259 4566 mutatoriis
3272 4511 3664 4583 etcampagiis

279 4596 654 4672 στρατιωτικοῦ
706 4598 1025 4674 λογοθέτου,
1077 4598 1423 4676 ἀντιγραφεῖς
1471 4603 1568 4655 τοῦ
1598 4600 1906 4673 κυὲστορος,

2021 4598 2335 4654 secundum
2382 4598 2692 4654 decursum
2724 4601 2782 4655 et
2813 4598 3128 4655 formulam
3178 4617 3356 4673 supra
3405 4602 3663 4671 praescri-

278 4686 359 4741 τὸν
387 4686 680 4760 σύμπονον,
737 4687 829 4741 τὸν
891 4686 1186 4761 λογοθέτην
1243 4688 1333 4743 καὶ
1382 4689 1509 4750 τοὺς
1558 4690 1771 4762 κριτὰς,
1817 4708 1907 4743 νο-

276 4775 478 4851 ταρίους
506 4781 602 4831 τοῦ
633 4774 951 4850 σακελλίου,
998 4776 1282 4853 νοταρίους
1327 4781 1426 4834 τοῦ
1458 4778 1790 4854 βεστιαρίου,
1819 4799 1910 4834 νο-

278 4863 477 4939 ταρίους
524 4870 623 4922 τοῦ
654 4863 881 4940 εἲδικοῦ,
933 4866 1192 4937 ὕπάτους,
1239 4866 1659 4942 σιλεντιαρίους,
1712 4868 1909 4942 βεστή-

2020 4691 2204 4759 ptam.
2227 4687 2310 4742 Ad
2333 4686 2584 4758 reliquos
2603 4695 2795 4744 autem
2818 4687 3125 4745 ambarum
3158 4688 3464 4762 plagarum
3494 4707 3664 4747 accu-

2020 4775 2180 4832 bitus
2211 4776 2495 4833 advocare
2524 4792 2626 4833 vos
2665 4781 2891 4850 oportet
2919 4778 3089 4849 juxta
3128 4777 3308 4835 ritum
3340 4778 3514 4852 primi
3545 4779 3663 4835 diei

2021 4865 2345 4924 senatorios
2373 4883 2579 4924 omnes
2608 4868 2669 4925 in
2708 4869 3028 4942 campagiis
3073 4885 3409 4943 comparere
3440 4869 3662 4941 solitos,

1290 4975 1496 5033 JOAN.
1536 4977 1683 5034 JAC.
1727 4975 1989 5033 REISKII
2030 4973 2635 5032 COMMENTARIUS.

338 5083 442 5157 (65)
464 5084 651 5141 Verba
678 5086 1048 5157 perobscura.
1073 5084 1277 5141 Visum
1308 5084 1546 5157 quidem
1569 5084 1627 5140 id
1647 5084 1901 5157 maxime

283 5155 582 5229 congruum
638 5155 877 5213 sensum
907 5155 1464 5229 Δῐιιῐιιίιπε,,ιιιιόςὶβίο
1515 5156 1732 5229 Latinis
1774 5155 1907 5229 dedi

284 5225 405 5298 qua
447 5227 836 5292 subinnuunt,
870 5225 1028 5290 εὐθὺς
1087 5232 1144 5283 et
1199 5225 1536 5285 ἀνακλίσεως
1592 5227 1905 5298 legendum

284 5297 410 5367 esse.
442 5297 708 5367 Insolens
754 5304 953 5354 tamen
1003 5314 1235 5367 semper
1283 5304 1371 5355 est
1423 5300 1601 5356 dictio
1632 5297 1788 5361 εὐθύς
1816 5297 1909 5351 σὺν

282 5370 363 5444 τῇ-
393 5365 558 5441 ἐξόδῳ
613 5376 714 5439 τῆς
777 5366 1065 5444 βασιλικῆς
1122 5365 1482 5437 ἀνακλίσεως,
1534 5373 1729 5427 statim
1781 5386 1909 5427 cum

282 5440 420 5497 exitu
447 5440 628 5514 regis:
654 5440 1014 5499 accdbitionis
1050 5458 1152 5514 pro
1181 5446 1377 5500 statim
1417 5454 1582 5516 atque
1609 5459 1711 5501 rex
1740 5457 1908 5499 accu-

286 5516 461 5570 buerz’t.

344 5585 444 5657 (66)
473 5584 592 5642 Sub
622 5585 1199 5657 vesperamuscilioet
1227 5585 1338 5643 hoc
1376 5586 1708 5643 convivium
1757 5584 1911 5657 cele-

287 5653 510 5731 brabant
547 5678 563 5731 ς
605 5653 779 5731 Διιῑιιὶο
825 5655 1153 5731 colligitur,
1205 5658 1593 5731 pracedentia
1626 5655 1910 5731 convivia

292 5728 509 5787 meridie
539 5727 721 5788 fuisse
760 5727 1068 5788 celebrata.
1101 5727 1289 5796 Quare
1334 5737 1527 5789 autem
1578 5727 1912 5786 vindemiato

2010 5081 2337 5156 convivium
2401 5082 2511 5156 hoc
2576 5084 2751 5156 tuerit
2819 5083 3193 5156 appellatum,
3254 5100 3370 5139 non
3428 5089 3661 5155 exputo.

2020 5153 2252 5221 Ideone,
2289 5155 2442 5225 quod
2493 5155 2593 5226 qui
2643 5155 2736 5212 die
2778 5153 3038 5227 proxime
3095 5164 3431 5227 antegresso
3487 5153 3663 5211 cursu

2017 5224 2379 5281 certaverant
2408 5231 2465 5282 et
2494 5224 2919 5294 laboraverant,
2956 5230 3207 5284 fructum
3238 5224 3330 5280 sui
3362 5224 3574 5282 laboris
3605 5231 3663 5283 et

2017 5296 2245 5371 sudoris
2276 5312 2342 5354 eo
2373 5298 2465 5353 die
2524 5300 2877 5371 carperent?
2905 5300 3074 5371 Certe
3124 5313 3391 5371 cursores,
3424 5298 3525 5370 qui
3569 5299 3663 5356 die

2016 5368 2312 5442 superiore
2340 5377 2540 5442 octavo
2570 5368 2645 5427 de
2672 5372 2884 5442 pedum
2916 5368 3660 5442 pernicitatecertaverant,

2017 5438 2129 5496 hoc
2158 5456 2309 5496 nono
2338 5441 2431 5497 die
2467 5444 2537 5497 ad
2568 5438 2793 5498 sacram
2828 5438 3088 5496 mensam
3120 5440 3568 5505 adhibebantur,
3600 5438 3664 5497 ut

2018 5526 2050 5568 ο
2078 5511 2233 5567 linea
2262 5513 2584 5583 penultima
2613 5513 2790 5582 hujus
2821 5511 3058 5584 paginas;
3074 5516 3304 5584 constat
3331 5530 3345 5580 ;
3378 5519 3434 5568 et
3460 5515 3662 5584 τρυγᾷν

2061 5599 2121 5639 ro
2159 5582 2463 5655 perbipere,
2494 5586 2614 5655 frui
2661 5587 2926 5655 ponunt;
2961 5597 3010 5638 ν.
3042 5582 3273 5639 Nicetes
3304 5600 3359 5655 p.
3384 5582 3518 5655 A132.
3550 5582 3662 5641 Sed

2040 5652 2190 5728 onge
2217 5652 2331 5715 hoc
2358 5652 2607 5729 petitum
2638 5652 2727 5712 est
2755 5658 2813 5712 et
2840 5669 3047 5727 parum
3078 5671 3113 5713 a
3142 5652 3322 5729 nugis
3345 5652 3531 5712 abest.
