3972 6214
203 325 406 389 1381

1096 329 1196 388 DE
1237 322 1702 390 CERIMONIIS
1747 320 1981 384 AULE
2020 321 2500 387 BYZANTINE
2542 329 2688 391 LIB.
2735 331 2807 393 II.

3508 343 3660 410 1384

205 457 320 515 δεῖ
384 460 478 516 τὸν
529 458 828 514 καλέσαντα
883 455 1201 534 άρτικλίνην
1251 457 1668 546 ιτιτροτρὲιιιασθαι⁸
1698 452 1882 546 πάντα

2019 471 2183 512 num.
2215 457 2299 513 Ad
2343 457 2514 516 istius
2562 477 2738 518 (πωπω
2768 468 3228 530 communionem
3279 483 3504 546 oportet
3555 497 3662 538 nos

207 546 550 613 ἀποθέσθαι
606 548 672 603 τά
726 549 932 603 ἑαυτῶν
990 547 1311 623 ἀλλαξήμια
1367 548 1458 602 καί
1523 542 1904 601 ἐπενδύσασθαι

205 641 298 695 τὰ
339 638 523 694 οἰκεῖα
579 637 756 694 αὒτῶν
811 639 1195 715 σκαραμάγγια
1259 640 1335 702 εἰς
1389 639 1454 693 τὸ
1532 637 1648 710 μετ’
1724 635 1902 692 αὐτῶν

207 730 659 798 συνεστιαθῆναι
689 734 770 803 τῷ
803 727 1023 803 βασιλεῖ
1058 731 1196 784 κατά
1223 729 1414 787 τύπον.

2013 559 2220 600 vocare
2251 547 2582 618 magistros,
2615 553 2989 622 proconsules
3027 560 3320 631 patricios,
3353 566 3657 640 ofﬁciales,

2013 635 2370 705 prmpositos,
2402 639 2902 710 protospatharios
2929 646 3250 716 eunuchos,
3276 635 3660 730 primicerios,

2012 724 2673 799 ostiarios,maglabitas,
2697 732 2942 788 comites
2963 734 3200 792 arithmi
3222 724 3656 818 etcentarchos

204 821 281 878 in
324 823 673 878 universum
705 827 808 890 tot,
839 826 976 893 quot
1006 838 1207 878 mensa
1259 822 1432 894 capit.
1463 820 1878 888 Celebratoque
1934 829 2188 886 vesperae
2239 827 2438 875 sancto
2495 820 2710 889 ofﬁcio,
2769 823 2940 880 debet
2996 827 3308 886 articlinus
3368 836 3646 895 omnibus

210 912 557 983 imperare,
591 916 655 967 ut
686 911 1016 968 mutatoriis
1047 911 1330 983 depositis
1361 911 1609 966 induant
1639 924 1748 963 sua
1777 905 2200 975 scaramangia,
2235 922 2349 976 quo
2379 906 2440 963 in
2470 907 2588 964 illis
2627 926 2755 967 cum
2781 912 3121 986 imperatore
3151 919 3476 989 epulentur.

307 1000 382 1056 ἸΙ
419 996 478 1053 δὲ
508 999 636 1074 ἁγία
663 1002 772 1053 τῶν
818 999 1016 1076 φώτων
1076 998 1256 1072 ἡμέρα
1306 997 1458 1068 ξὲνην
1507 995 1629 1049 τινὰ
1677 993 1764 1048 καί
1810 1011 1906 1046 πε-

221 1083 552 1165 ρίϐλεπτον
611 1085 1034 1164 λαμπροφορίαν
1087 1085 1376 1161 εἰσάγουσα
1446 1084 1764 1158 Θαυμαστὴν
1814 1080 1904 1136 καὶ

222 1177 596 1252 πανάγαστον
664 1181 763 1246 την
834 1174 1078 1248 δεξίωσιν
1146 1175 1355 1232 ἐκτελεῖ
1417 1178 1516 1245 τῆς
1613 1171 1906 1249 βασιλικῆς

225 1266 565 1330 ἑστιάσεως.
599 1268 714 1336 Τὴν
764 1268 869 1342 γὰρ
916 1265 1108 1322 ἕνωσιν
1156 1271 1265 1321 τῶν
1325 1264 1594 1340 οὐρανίων
1639 1265 1726 1319 καὶ
1777 1261 1903 1318 ἔπι-

219 1357 415 1433 γείων
445 1358 738 1432 ταγμάτων
786 1352 875 1410 διὰ
929 1362 1029 1424 τῆς
1086 1352 1292 1430 δωρεᾶς
1348 1359 1445 1410 τοῦ
1503 1355 1655 1428 ἁγίου
1707 1349 1904 1428 βαπτί-

227 1466 458 1519 σματος
509 1449 788 1519 μυστικῶς
829 1445 1165 1514 εἰκονίζουσα
1198 1444 1326 1506 τοὺς
1366 1441 1418 1498 ἒν
1464 1444 1608 1514 τάξει
1654 1438 1899 1517 ἀγγέλων

219 1537 412 1612 ἱερεῖς
443 1542 543 1605 τῆς
603 1533 854 1610 μεγάλης
899 1538 997 1589 106
1040 1537 1174 1589 Θεοῦ
1222 1531 1524 1602 καθολικῆς
1567 1530 1902 1601 Ἐκκλησίας

225 1625 736 1700 λευχημονοῦντας
800 1623 877 1686 εἰς
951 1623 1301 1686 ῗσυνεστίασιν
1366 1626 1445 1694 τῷ
1513 1619 1730 1698 βασιλεῖ
1783 1639 1904 1673 συν-

222 1715 504 1788 ηγάγετο.
537 1714 640 1770 Καὶ
676 1711 758 1767 δεῖ
785 1713 913 1774 τοὺς
967 1711 1018 1766 ἐν
1065 1711 1237 1785 ταύτῃ
1281 1716 1350 1784 τῇ
1399 1710 1582 1784 ἡμέρᾳ
1629 1707 1897 1782 λαχόντας

224 1799 496 1874 διακονίᾳ
539 1797 779 1873 ἀκριϐῶς
829 1800 1144 1865 ἐπίστασθαι
1190 1802 1289 1870 τήν
1337 1800 1585 1876 εὐπρεπῆ
1631 1798 1899 1852 κατάστα-

228 1913 320 1946 σιν
355 1898 460 1960 τῆς
501 1894 833 1967 περιφανοῦς
880 1889 1057 1945 αὐτῶν
1099 1890 1188 1944 καί
1239 1891 1387 1964 ἱερᾶς
1437 1887 1754 1958 δεξιώσεως.
1809 1888 1895 1942 Ἐν

224 1982 342 2057 γὰρ
389 1981 471 2052 τῷ
519 1977 835 2053 τελόυμένῳ
898 1978 1139 2053 κράματι
1177 1987 1278 2049 τῆς
1327 1977 1574 2054 μεγάλης
1621 1981 1717 2032 τοῦ
1765 1976 1898 2031 Θεοῦ

237 2067 583 2139 Ἐκκλησίας
616 2066 697 2124 δεῖ
730 2069 869 2142 ὑμᾶς
900 2067 1090 2125 καλεῖν
1120 2067 1209 2124 ἐπὶ
1237 2070 1338 2138 τῆς
1365 2067 1551 2142 τιμίας
1605 2063 1896 2140 βασιλικῆς

239 2158 549 2232 τραπέζης,
658 2157 1009 2234 μαγίστρους,
1113 2157 1452 2222 ἀνθυπάτους
1577 2151 1898 2228 πατρικίους

241 2246 621 2321 στρατηγοὺς,
697 2245 1103 2324 ὀφφικιαλίους,
1178 2246 1268 2301 τὸν
1342 2245 1572 2320 ἀριθμὸν
1632 2240 1714 2298 ιδ’·
1785 2241 1895 2296 εἰσ-

234 2336 399 2412 άγειν
469 2333 528 2390 δὲ
590 2334 787 2398 αὐτοὺς
850 2335 940 2390 καὶ
1007 2333 1206 2410 ἐξάγειν
1275 2337 1406 2408 μετά
1487 2337 1595 2390 τῶν
1678 2330 1894 2387 οἰκείων

231 2422 590 2498 ἀλλαξίμων,
624 2422 748 2480 ἄνευ
781 2424 964 2497 μέντοι
1013 2429 1122 2479 τῶν
1172 2425 1372 2479 ἑαυτῶν
1424 2419 1750 2500 χλαμύδων.
1801 2423 1892 2478 Ἐν

234 2511 297 2568 δὲ
327 2517 400 2588 τῇ
453 2513 716 2589 βασιλικῇ
755 2515 918 2586 τιμίᾳ
964 2515 1206 2588 τραπέζῃ
1254 2515 1361 2588 πρό
1409 2534 1474 2586 γε
1517 2512 1730 2568 πάντων
1779 2531 1896 2565 συν-

235 2608 481 2659 εστιᾶται
541 2604 570 2658 ὁ
627 2603 978 2678 πατριάρχης
1035 2607 1117 2675 τῷ
1178 2601 1419 2677 βασιλεῖ,
1459 2602 1548 2657 καί
1607 2599 1688 2657 δεῖ
1744 2603 1891 2673 ἡμᾶς

236 2693 432 2750 καλεῖν
463 2696 591 2757 τοὺς
623 2692 857 2770 Λογάδας
885 2701 985 2764 τῆς
1017 2693 1332 2768 ἐκκλησίας,
1373 2698 1488 2750 οἷον
1541 2691 1892 2769 μητροπολί-

239 2803 341 2846 τας
373 2782 465 2837 σὺν
497 2787 577 2854 τῷ
608 2779 895 2856 συγκέλλῳ
939 2782 1030 2836 τὸν
1077 2782 1311 2858 ἀριθμὸν
1362 2783 1453 2858 ιβ’,
1511 2781 1891 2857 προστιχίζειν

239 2868 299 2926 δὶ
353 2870 554 2934 αὐτοὺς
601 2871 654 2925 ἐν
711 2873 780 2944 τῇ
834 2870 1012 2925 αὐτῶν
1081 2870 1360 2946 εἰσαγωγῇ
1423 2868 1700 2946 ἁρμοδίως
1756 2868 1893 2924 κατά

235 2960 332 3014 τὸν
380 2958 605 3015 ἑκάστου
650 2959 865 3034 θρόνον,
926 2956 1182 3028 δηλονότι
1231 2958 1640 3039 ἠμφιεσμένους
1697 2958 1891 3020 αὐτοὺς

240 3049 415 3109 πάσας
468 3049 564 3110 τὰς
623 3047 1004 3125 λειτουργικάς
1063 3049 1238 3104 αὐτῶν
1303 3049 1500 3112 στολάς
1567 3047 1714 3118 πλὴν
1779 3054 1887 3104 τῶν

243 3137 580 3217 ὠμοφορίων
630 3139 720 3193 καὶ
781 3137 970 3210 μόνον⁶
1028 3137 1353 3212 συνεισάγειν
1423 3137 1479 3194 δὲ
1541 3137 1742 3200 αὐτοὺς
1798 3137 1888 3194 καί

2088 994 2338 1051 Sanctus
2369 1003 2562 1055 autem
2593 999 2882 1059 luminum
2914 1003 3039 1062 dies
3073 1008 3184 1077 (vel
3217 1009 3560 1082 Epiphania:
3591 1016 3668 1072 fe-

2015 1083 2197 1155 stum)
2216 1100 2410 1142 secum
2434 1088 2671 1146 trahens
2689 1090 2982 1149 insuetum
3009 1100 3066 1151 et
3089 1086 3345 1170 undique
3371 1100 3658 1161 illustrem

2014 1171 2303 1242 splendidi
2325 1177 2569 1234 vestitus
2591 1179 3104 1255 magniﬁcentiam,
3129 1186 3653 1249 eiﬁcitconvivium

2013 1276 2130 1331 quo
2177 1261 2494 1334 imperator
2542 1268 2761 1326 amicos
2809 1287 2948 1328 suos
3005 1274 3237 1347 excipit,
3289 1278 3652 1338 admirabile.

2013 1348 2155 1404 Cum
2205 1352 2364 1408 enim
2420 1355 2891 1425 conjunctionem
2973 1363 3248 1420 ordinum
3324 1369 3651 1427 caelestium

2011 1445 2180 1508 atque
2208 1443 2572 1500 terrestrium
2604 1447 2844 1518 mystice
2892 1450 3231 1524 adumbret,
3281 1473 3383 1528 per
3431 1459 3653 1516 donum

2011 1529 2196 1583 sancti
2228 1529 2598 1602 baptismatis
2631 1535 2863 1604 factam,
2887 1549 3206 1614 congregat
3228 1544 3286 1600 in
3312 1563 3494 1604 unum
3517 1565 3653 1608 cum

2012 1614 2258 1688 imperio
2287 1622 2674 1679 sacerdotium
2695 1625 2920 1698 Magna
2935 1631 3036 1685 Dei
3065 1632 3362 1691 catholicae
3386 1639 3651 1695 Ecclesiae

2010 1707 2359 1777 sacerdotes,
2395 1711 2491 1781 qui
2522 1713 2862 1785 angelorum
2893 1721 2950 1773 et
2980 1721 3319 1778 nuntiorum
3351 1724 3452 1781 Dei
3485 1728 3644 1784 vices

2009 1801 2239 1866 gerunt,
2267 1800 2532 1857 candidis
2566 1802 2626 1859 in
2661 1804 2934 1876 vestibus,
2967 1809 3041 1863 ad
3082 1811 3413 1870 convivium
3461 1816 3646 1887 impe-

2009 1883 2148 1977 riale
2177 1887 2492 1977 adducens.
2526 1891 2748 1957 Quibus
2774 1910 2842 1951 eo
2872 1897 2964 1952 die
2989 1899 3201 1956 servire
3232 1902 3484 1977 obtingit
3513 1883 3648 1961 atri-

2008 1973 2202 2042 clinis,
2233 1976 2380 2034 bene
2409 1986 2792 2056 accurateque
2838 2000 2937 2042 eos
2980 2002 3152 2045 nosse
3211 1973 3441 2062 oportet
3484 1994 3647 2053 deco-

2008 2079 2131 2119 ram
2165 2066 2638 2126 constitutionem
2669 2076 2728 2128 et
2749 2075 3124 2132 cerimoniale
3152 2079 3465 2148 splendidas
3502 2081 3646 2140 isto-

2007 2168 2137 2208 rum
2153 2156 2522 2213 sacerdotum
2545 2165 2874 2234 sanctaaque
2895 2166 2964 2220 ad
2989 2181 3253 2223 mensam
3277 2173 3646 2242 receptionis.

2004 2244 2146 2298 Post
2170 2244 2401 2300 ﬁnitum
2435 2245 2706 2317 mixtum,
2730 2250 2786 2306 in
2812 2251 3026 2324 Magna
3054 2255 3152 2310 Dei
3185 2256 3438 2314 Ecclesia
3481 2276 3652 2330 opor-

2005 2333 2092 2388 tet
2123 2348 2229 2389 nos
2259 2333 2334 2390 ad
2354 2351 2575 2392 sacram
2600 2353 2860 2395 mensam
2889 2342 3228 2414 magistros,
3252 2350 3644 2417 proconsules,

2004 2421 2300 2492 patricios,
2333 2427 2451 2480 tam
2475 2429 2763 2498 strategus
2785 2433 2842 2484 et
2864 2429 3332 2504 militaris,quam
3361 2436 3642 2496 ofﬁciales

2003 2511 2155 2566 437
2190 2516 2247 2567 et
2276 2513 2519 2585 palatini
2551 2517 2792 2584 ordinis,
2835 2518 2896 2576 in
2948 2520 3285 2580 universum
3335 2525 3642 2584 duodecim

2004 2599 2269 2669 invitare,
2301 2619 2516 2675 eosque
2548 2606 2605 2661 in
2637 2607 2765 2663 suis
2796 2611 3150 2681 mutatoriis,
3183 2613 3405 2685 absque
3444 2620 3640 2673 tamen

2002 2687 2434 2762 chlamydibus,
2467 2691 2834 2752 introducere
2855 2702 2911 2752 et
2940 2698 3204 2755 educere.
3230 2701 3296 2757 In
3319 2695 3521 2760 eadem
3553 2720 3643 2761 re-

2002 2776 2098 2850 gia
2127 2779 2454 2836 venerabile
2486 2797 2686 2839 mensa
2707 2785 2936 2856 primus
2953 2792 3084 2843 ante
3107 2787 3253 2846 alios
3275 2806 3482 2848 omnes
3503 2809 3643 2849 con-

2000 2867 2225 2924 vivatur
2280 2869 2615 2942 imperatori
2691 2875 3043 2946 patriarcha.
3120 2878 3344 2936 Pariter
3410 2898 3642 2954 quoque

2002 2962 2228 3030 oportet
2256 2975 2363 3014 nos
2390 2961 2460 3015 ad
2491 2976 2715 3018 sacram
2749 2980 3012 3021 mensam
3044 2967 3296 3024 ecclesia:
3347 2986 3636 3042 proceres,

2001 3047 2473 3120 utmetropolitas
2488 3051 2904 3123 etsyncellum,
2935 3053 2993 3110 in
3028 3057 3365 3114 universum
3399 3076 3638 3118 numero

2000 3136 2328 3206 duodecim,
2360 3137 2626 3206 invitare,
2659 3157 2876 3213 eosque
2907 3150 3038 3200 ante
3070 3144 3377 3202 introitum
3409 3149 3633 3218 decore,

243 3224 444 3301 ἐξάγειν
476 3224 566 3281 διὰ
593 3231 690 3281 τοῦ
725 3226 1012 3302 βασιλικοῦ
1050 3228 1405 3302 καστρησίου,
1453 3229 1633 3293 καθὼς
1663 3229 1691 3282 ὁ
1719 3229 1882 3291 τύπος

2002 3243 2480 3299 unumquemque
2501 3229 2830 3286 secundum
2879 3248 2994 3287 suis
3037 3234 3192 3290 sedis
3234 3235 3638 3309 eminentiam,

237 3321 337 3384 τῆς
368 3315 678 3392 εἰσαγωγῆς
707 3315 972 3391 περιέχει.
1025 3316 1145 3372 Ἐπὶ
1201 3314 1259 3372 δὲ
1299 3321 1409 3371 τῶν
1460 3316 1670 3373 λοιπῶν
1717 3317 1889 3373 ἀκου-

242 3399 408 3459 6ίτων
448 3401 532 3460 δεῖ
590 3405 728 3479 ὑμᾶς
786 3405 971 3460 καλεῖν
1028 3399 1427 3481 πρεσϐυτέρους
1478 3411 1576 3462 106
1636 3406 1885 3481 μεγάλου

239 3492 508 3549 παλατίου
543 3494 634 3570 ιβ’,
664 3501 765 3564 τῆς
799 3492 1058 3570 Μεγάλης
1089 3493 1420 3566 Ἐκκλησίας
1449 3492 1548 3563 κδ’,
1603 3493 1885 3558 διακόνους

242 3582 448 3654 ὁμοίως
482 3587 578 3638 τοῦ
609 3583 905 3652 παλατίου,
944 3591 1043 3652 τῆς
1093 3582 1352 3658 Μεγάλης
1401 3583 1752 3655 Ἐκκλησίας,
1783 3593 1883 3656 τῆς

236 3672 372 3738 νέας,
438 3669 544 3740 λς’,
607 3669 999 3733 ὑποδιακόνους
1067 3673 1276 3744 ὁμοίως
1347 3672 1452 3742 λς“,
1539 3675 1886 3748 ἀναγνώστας

244 3758 446 3830 ὁμοίως
480 3757 579 3827 κδ’,
613 3758 823 3831 ψάλτας
855 3759 1064 3831 ὁμοίως
1096 3757 1176 3814 κδ’
1206 3760 1295 3815 καὶ
1343 3759 1594 3823 παπάδας
1647 3767 1746 3818 106
1797 3784 1882 3818 σε·

240 3846 424 3922 κρέτου
480 3851 577 3902 τοῦ
626 3849 970 3923 πατριάρχου
1021 3846 1124 3911 λς“’
1178 3849 1319 3922 ὁμοῦ
1369 3851 1491 3913 σις”ο
1544 3849 1777 3927 εἰσάγειν
1824 3849 1882 3906 δὲ

243 3935 428 4000 αὐτοὺς
497 3935 587 3990 καὶ
649 3935 848 4011 ἐξάγειν
917 3937 1114 3998 οὕτως·
1183 3935 1310 3998 τοὺς
1373 3934 1466 4009 μὲν
1550 3939 1883 4012 ἰερωμὲνους

248 4025 472 4085 ἅπαντας
515 4027 652 4098 μετά
713 4029 820 4080 τῶν
871 4024 1084 4080 οἰκείων
1135 4025 1342 4081 λευκῶν
1391 4027 1697 4104 φελωνίων,
1750 4027 1878 4091 τοὺς

249 4111 302 4168 δὲ
329 4115 664 4188 σεκρετικοὺς
697 4117 831 4188 (72),
865 4114 1071 4188 ψάλτας
1128 4135 1186 4169 τε
1223 4116 1312 4169 καί
1360 4115 1699 4190 ἀναγνώστας
1748 4119 1882 4189 μετά

246 4203 408 4258 οἰκεῖα
447 4202 677 4278 καμίσια
719 4205 906 4277 μόνον,
964 4201 1225 4274 δηλονότι
1268 4207 1403 4260 κατά
1449 4206 1547 4273 τὴν
1597 4206 1743 4276 τάξιν
1788 4207 1878 4260 καὶ

244 4290 436 4348 ἔκθεσιν
463 4295 563 4362 τήν
615 4292 870 4367 ἀνωτέρω
924 4296 1409 4366 μνημονευθεῖσαν,
1461 4299 1554 4350 Δεῖ
1611 4293 1667 4350 δὲ
1715 4317 1879 4370 προσ-

243 4383 376 4457 ἑχειν
409 4382 460 4438 ἐν
511 4386 580 4456 τῇ
640 4383 776 4457 αὐτῇ
836 4381 1154 4452 ἀνακλήσει,
1223 4387 1310 4438 καί
1375 4385 1466 4439 τὸν
1535 4385 1722 4459 καιρὸν
1781 4389 1878 4440 106

250 4470 426 4542 μίνσου
463 4475 571 4525 τῶν
614 4469 920 4547 λεγομὲνων
974 4469 1246 4526 δουλκίων
1276 4475 1318 4530 ³.
1361 4473 1450 4527 καὶ
1500 4473 1592 4528 σὺν
1641 4479 1712 4548 τῇ
1755 4476 1879 4530 τού-

1995 3316 2255 3373 seriatim
2287 3317 2621 3388 disponere,
2652 3319 2890 3377 indutos
2932 3323 3113 3379 stolas
3142 3341 3301 3392 suas,
3335 3325 3392 3382 in
3425 3326 3638 3398 quibus

1994 3411 2260 3461 sanctum
2290 3405 2547 3462 ofﬁcium
2581 3423 2858 3480 peragere
2899 3409 3109 3478 solent,
3155 3429 3383 3483 omnes,
3433 3420 3640 3487 praeter

1993 3494 2118 3550 sola
2145 3494 2506 3566 omopboria,
2536 3511 2669 3567 quae
2692 3498 2994 3554 omittunt.
3019 3499 3346 3558 Castrensis
3366 3501 3636 3575 imperia-

1991 3581 2066 3638 lis
2096 3598 2194 3639 eos
2224 3582 2402 3638 simul
2453 3600 2658 3642 omnes
2715 3585 3055 3655 introducit,
3101 3595 3159 3645 et
3200 3590 3353 3646 idem
3401 3608 3633 3663 quoque

1992 3687 2198 3728 rursus
2222 3672 2439 3738 educit,
2464 3678 2636 3744 prout
2660 3673 2975 3733 iormulare
2997 3677 3448 3736 introductionis
3481 3682 3540 3737 in
3572 3697 3636 3738 se

1990 3760 2167 3816 habet
2196 3768 2370 3831 atque
2405 3760 2646 3833 ﬂagitat.
2679 3765 2764 3818 Ad
2797 3765 3051 3836 reliquos
3090 3776 3282 3824 autem
3329 3771 3629 3826 accubitus

1990 3852 2214 3920 oportet
2244 3865 2346 3903 nos
2376 3848 2622 3905 invitare
2644 3852 2837 3922 magni
2863 3855 3060 3923 palatii
3096 3856 3461 3928 presbyteros
3491 3858 3630 3914 duo-

1989 3937 2407 4007 decim,Magnaa
2423 3937 2692 3994 Ecclesiae
2727 3940 3096 4012 presbyteros
3127 3945 3328 4015 viginti
3358 3953 3627 4016 quatuor,

1989 4025 2265 4081 diaconos
2297 4024 2499 4096 palatii
2531 4033 2584 4081 et
2613 4029 2833 4098 Magnae
2864 4027 3129 4086 Ecclesiae
3161 4047 3259 4087 seu
3299 4033 3357 4088 S.
3407 4034 3631 4105 Sophia:

1987 4119 2045 4170 et
2075 4130 2230 4169 novae
2264 4115 2322 4169 in
2357 4113 2692 4170 universum
2720 4115 2811 4184 36,
2855 4119 3143 4190 cujusque
3195 4121 3298 4176 12:
3346 4120 3626 4192 hypodia-

1988 4220 2166 4260 conos
2195 4205 2532 4259 earumdem
2563 4203 2943 4260 ecclesiarum
2997 4206 3171 4264 etiam
3219 4210 3327 4278 36;
3380 4209 3627 4269 lectores

1987 4293 2323 4349 earumdem
2345 4292 2413 4347 24
2439 4309 2453 4360 ;
2476 4297 2744 4348 cantores
2767 4296 3100 4352 earumdem
3122 4297 3189 4351 24
3215 4317 3229 4365 ;
3256 4299 3510 4369 papades
3527 4316 3626 4356 seu

1988 4383 2224 4440 clericos
2253 4381 2460 4438 secreti
2491 4382 2835 4453 patriarchae
2867 4385 2974 4453 36;
3025 4386 3084 4440 in
3130 4387 3466 4444 universum
3499 4390 3624 4444 216.

1987 4473 2102 4529 Hos
2132 4471 2500 4528 introducere
2529 4475 2586 4526 et
2617 4472 2862 4528 educere
2891 4478 3117 4544 oportet
3147 4475 3230 4530 sic
3257 4492 3270 4531 :
3304 4477 3628 4534 sacerdotio

243 4581 340 4614 των
369 4557 564 4632 εἰσόδῳ
596 4561 922 4635 συνεισάγειν
945 4563 1070 4623 τοὺς
1104 4559 1198 4617 δύο
1229 4569 1327 4632 τῆς
1352 4562 1614 4638 Μεγάλης
1635 4563 1876 4636 Ἐκκλη-

2002 4568 2358 4619 :onsecratos
2389 4564 2446 4616 et
2476 4561 2787 4632 fungentes
2807 4577 3014 4619 omnes
3035 4563 3092 4619 in
3119 4564 3240 4620 suis
3262 4564 3410 4620 albis
3434 4566 3631 4638 phelo-

247 4648 348 4710 σίας
377 4647 667 4724 λαμπροὺς
716 4647 1072 4722 δομεστίκους
1120 4651 1214 4707 σὺν
1254 4655 1359 4707 τῶν
1407 4651 1630 4726 ψαλτῶν
1681 4673 1737 4708 τε
1782 4652 1870 4708 καὶ

243 4737 466 4814 ὀρφανῶν
499 4738 748 4795 ἁπάντων
780 4743 874 4795 106
913 4739 1213 4818 corppzytoo
1260 4744 1394 4816 (73),
1453 4741 1873 4817 λευχημονοῦν-

1984 4653 2123 4719 niis,
2155 4650 2463 4707 secreticos
2495 4655 2712 4717 autem,
2746 4659 3009 4708 cantores
3040 4657 3096 4708 et
3127 4652 3373 4710 lectores
3401 4656 3458 4710 in
3505 4655 3629 4710 suis

1982 4740 2241 4800 camisiis
2273 4743 2528 4808 tantum,
2562 4741 2886 4796 secundum
2911 4740 3176 4798 ordinem
3211 4745 3268 4799 in
3301 4745 3621 4816 superiori-

1576 4853 1815 4910 VARIzE
1857 4850 2270 4911 LECTIONES.

305 4957 323 4992 ³
349 4953 612 5012 δουλκίων
646 4974 759 5017 em.
796 4958 880 5029 R.,
911 4955 1176 5014 τουλδίων
1207 4960 1333 5017 cod.
1366 4965 1422 5016 et
1451 4960 1542 5016 ed.

1246 5067 1445 5123 JOAN.
1487 5067 1632 5125 JAC.
1685 5069 1948 5126 REISKII
1993 5063 2586 5125 COMMENTARIUS.

307 5175 407 5248 (72)
438 5176 638 5232 Clerici
673 5177 936 5233 secretici
966 5177 1239 5233 videntur
1269 5179 1422 5248 apud
1455 5177 1688 5234 Graecos
1723 5179 1863 5234 fuis-

249 5260 301 5301 se
327 5248 414 5317 qni
446 5249 712 5330 Ecclesia
747 5249 1138 5332 Latinaesunnt
1163 5249 1356 5330 clerici
1399 5250 1717 5332 auscultat-cs,
1751 5267 1864 5332 non

245 5319 532 5391 consecrati
561 5337 574 5388 ;
607 5337 660 5377 v.
697 5337 751 5391 p.
789 5321 914 5387 440,
944 5325 1000 5375 et
1029 5321 1286 5375 ofﬁcium
1331 5336 1532 5375 eorum
1566 5322 1769 5390 fuisse,
1804 5327 1868 5377 ut

247 5389 295 5444 in
338 5389 978 5476 secretiqpatriarchae.
1011 5391 1551 5476 scunt‘ribunalib-us
1599 5393 1867 5476 ejuehvel

249 5461 688 5530 expeditionibus
718 5464 988 5519 sederent
1018 5467 1075 5519 et
1119 5461 1274 5533 lites,
1327 5463 1574 5534 negotia,
1623 5465 1864 5535 reditus,

253 5546 509 5605 expensas
539 5535 668 5605 ejus
701 5539 996 5591 curarent.

309 5604 525 5679 (73)‘lta
555 5604 644 5662 est
688 5607 746 5679 in
799 5605 1177 5663 membranis.
1230 5606 1651 5679 Apographum‘
1694 5607 1870 5664 dabat

252 5675 506 5748 σφραγίου,
537 5678 885 5748 consilioue,
911 5693 984 5734 an
1011 5693 1144 5734 casu
1177 5682 1233 5736 et
1253 5675 1445 5736 errore
1464 5675 1868 5753 descriptoris,

1982 5194 2097 5235 non
2129 5173 2558 5252 dixerim._l‘ion
2591 5179 2813 5252 careret
2840 5177 3033 5252 specie
3075 5175 3365 5252 σφραγίου,
3400 5175 3448 5230 si
3499 5173 3627 5230 πάν-

1975 5270 2082 5303 των
2114 5250 2368 5304 abesset.
2402 5245 2546 5300 Nam
2578 5246 2744 5304 datas
2775 5245 2948 5304 fuisse
2999 5245 3351 5318 pauperibus
3401 5252 3456 5302 et
3499 5264 3624 5304 mo-

1977 5321 2183 5405 naﬁchis
2213 5319 2284 5374 ad
2317 5334 2512 5405 sacras
2543 5319 2744 5405 epulas
2769 5317 3144 5405 admittendis
3168 5325 3438 5405 tesseras,
3462 5339 3626 5396 σφρα-

1978 5389 2149 5469 γίδια,
2184 5407 2359 5473 supra
2405 5394 2669 5444 notatum
2703 5397 2808 5446 est.
2855 5391 2964 5445 Sed
3014 5389 3307 5464 σφραγῖδες
3344 5397 3401 5446 et
3460 5389 3620 5515 σῴῗα-

1978 5461 2122 5515 γίδια
2148 5462 2380 5515 dicitur.
2431 5477 2545 5515 non
2590 5460 2842 5515 σοοαγία.
2881 5465 2937 5515 et
2987 5469 3257 5515 nraaterea
3315 5482 3524 5515 συοεαγ
3558 5481 3620 5515 ου

1976 5460 2122 5540 γίδια
2148 5462 2380 5529 dicitur,
2416 5477 2545 5543 .non
2590 5460 2842 5536 σφραγία,
2881 5465 2937 5516 et
2987 5460 3268 5545 prélet'ea.
3315 5460 3621 5592 curpaﬂou

1977 5535 2300 5608 elegantius
2331 5534 2477 5608 quid
2507 5533 2914 5608 habet,_quam
2950 5537 3015 5608 ut
3040 5538 3296 5608 potuerit
3325 5553 3356 5589 a
3411 5538 3622 5608 tbrario

2019 5603 2239 5664 ro'voce
2270 5604 2482 5660 notiori
2536 5604 2924 5659 substitutum
2970 5603 3168 5661 fuisse.
3221 5605 3365 5660 Hinc
3414 5607 3623 5662 excudi

2019 5626 2081 5664 r0
2103 5625 2239 5663 νοοθ
2270 5625 2482 5660 ΠΟῐΙΟῙΊ
2536 5625 2924 5659 διιῡειιιυιυω
2970 5625 3168 5661 ιυιεεθ.
3221 5625 3365 5660 nmo
3414 5625 3623 5662 σχοῦσι

1977 5625 2147 5750 illud,
2180 5677 2337 5752 quod
2375 5674 2435 5733 in
2487 5674 2710 5734 Latinis
2765 5674 2920 5734 dedi.
2980 5679 3128 5734 Sane
3186 5676 3512 5753 σουφράγιον
3569 5681 3624 5735 et
