  <div class='ocr_page' id='page_1' title='image "/cluster/home/n/w/nwhite01/storage/ocr_20150623/112/hvd.32044073502304/700.png"; bbox 0 0 3972 6214; ppageno 0'>
   <div class='ocr_carea' id='block_1_1' title="bbox 193 378 374 438">
    <p class='ocr_par' dir='ltr' id='par_1_1' title="bbox 193 378 374 438">
     <span class='ocr_line' id='line_1_1' title="bbox 193 378 374 438; baseline -0.011 0"><span class='ocrx_word' id='word_1_1' title='bbox 193 378 374 438; x_wconf 86' lang='grc'>1389</span> 
     </span>
    </p>
   </div>
   <div class='ocr_carea' id='block_1_2' title="bbox 1092 377 2805 444">
    <p class='ocr_par' dir='ltr' id='par_1_2' title="bbox 1092 377 2805 444">
     <span class='ocr_line' id='line_1_2' title="bbox 1092 377 2805 444; baseline 0.003 -8"><span class='ocrx_word' id='word_1_2' title='bbox 1092 377 1192 437; x_wconf 87' lang='lat' dir='ltr'><strong>DE</strong></span> <span class='ocrx_word' id='word_1_3' title='bbox 1234 377 1690 439; x_wconf 83' lang='lat' dir='ltr'><strong>CERIMONIIS</strong></span> <span class='ocrx_word' id='word_1_4' title='bbox 1734 377 1970 438; x_wconf 69' lang='lat' dir='ltr'><strong>AULIE</strong></span> <span class='ocrx_word' id='word_1_5' title='bbox 2013 377 2488 441; x_wconf 77' lang='lat' dir='ltr'><strong>BYZANTIN/E</strong></span> <span class='ocrx_word' id='word_1_6' title='bbox 2533 383 2681 443; x_wconf 85' lang='lat' dir='ltr'><strong>LIB.</strong></span> <span class='ocrx_word' id='word_1_7' title='bbox 2730 384 2805 444; x_wconf 89' lang='lat' dir='ltr'><strong>Il.</strong></span> 
     </span>
    </p>
   </div>
   <div class='ocr_carea' id='block_1_3' title="bbox 3456 387 3612 450">
    <p class='ocr_par' dir='ltr' id='par_1_3' title="bbox 3456 387 3612 450">
     <span class='ocr_line' id='line_1_3' title="bbox 3456 387 3612 450; baseline 0 0"><span class='ocrx_word' id='word_1_8' title='bbox 3456 387 3612 450; x_wconf 88' lang='grc'><strong>1390</strong></span> 
     </span>
    </p>
   </div>
   <div class='ocr_carea' id='block_1_4' title="bbox 193 505 1887 590">
    <p class='ocr_par' dir='ltr' id='par_1_4' title="bbox 193 505 1887 583">
     <span class='ocr_line' id='line_1_4' title="bbox 193 505 1887 583; baseline -0.003 -18"><span class='ocrx_word' id='word_1_9' title='bbox 193 509 345 571; x_wconf 84' lang='grc' dir='ltr'>τοὺς</span> <span class='ocrx_word' id='word_1_10' title='bbox 403 508 596 562; x_wconf 72' lang='grc' dir='ltr'>ἑαυτοῦ</span> <span class='ocrx_word' id='word_1_11' title='bbox 655 506 892 568; x_wconf 76' lang='grc' dir='ltr'><strong>οἰκείους</strong></span> <span class='ocrx_word' id='word_1_12' title='bbox 956 505 1046 560; x_wconf 86' lang='grc' dir='ltr'><strong>καὶ</strong></span> <span class='ocrx_word' id='word_1_13' title='bbox 1101 511 1372 583; x_wconf 83' lang='grc' dir='ltr'><strong>συγγενεῖς</strong></span> <span class='ocrx_word' id='word_1_14' title='bbox 1436 507 1572 581; x_wconf 83' lang='grc' dir='ltr'>πρὸς</span> <span class='ocrx_word' id='word_1_15' title='bbox 1625 507 1887 574; x_wconf 14' lang='grc' dir='ltr'>ἑστίασιν,</span> 
     </span>
    </p>
   </div>
   <div class='ocr_carea' id='block_1_5' title="bbox 1995 505 3617 590">
    <p class='ocr_par' dir='ltr' id='par_1_5' title="bbox 1995 510 3617 590">
     <span class='ocr_line' id='line_1_5' title="bbox 1995 510 3617 590; baseline 0.009 -27"><span class='ocrx_word' id='word_1_16' title='bbox 1995 510 2157 583; x_wconf 74' lang='grc' dir='ltr'>ιρυιίς</span> <span class='ocrx_word' id='word_1_17' title='bbox 2189 519 2323 567; x_wconf 93' lang='lat' dir='ltr'><strong>tunc</strong></span> <span class='ocrx_word' id='word_1_18' title='bbox 2345 512 2600 569; x_wconf 84' lang='lat' dir='ltr'><strong>adhibet.</strong></span> <span class='ocrx_word' id='word_1_19' title='bbox 2623 513 2816 569; x_wconf 90' lang='lat' dir='ltr'><strong>Tertia</strong></span> <span class='ocrx_word' id='word_1_20' title='bbox 2844 515 3038 570; x_wconf 90' lang='lat' dir='ltr'><strong>autem</strong></span> <span class='ocrx_word' id='word_1_21' title='bbox 3059 517 3364 590; x_wconf 85' lang='lat' dir='ltr'><strong>tyrophagi</strong></span> <span class='ocrx_word' id='word_1_22' title='bbox 3387 535 3492 576; x_wconf 91' lang='lat' dir='ltr'><strong>seu</strong></span> <span class='ocrx_word' id='word_1_23' title='bbox 3515 537 3617 577; x_wconf 89' lang='lat' dir='ltr'><strong>ca-</strong></span> 
     </span>
    </p>
   </div>
   <div class='ocr_carea' id='block_1_6' title="bbox 202 593 1874 675">
    <p class='ocr_par' dir='ltr' id='par_1_6' title="bbox 202 593 1874 675">
     <span class='ocr_line' id='line_1_6' title="bbox 202 593 1874 675; baseline -0.002 -21"><span class='ocrx_word' id='word_1_24' title='bbox 202 597 599 675; x_wconf 82' lang='grc' dir='ltr'>συγκαλεῖται.</span> <span class='ocrx_word' id='word_1_25' title='bbox 668 595 748 671; x_wconf 71' lang='grc' dir='ltr'><strong>Τῇ</strong></span> <span class='ocrx_word' id='word_1_26' title='bbox 805 593 862 651; x_wconf 68' lang='grc' dir='ltr'>δὲ</span> <span class='ocrx_word' id='word_1_27' title='bbox 912 595 1066 671; x_wconf 89' lang='grc' dir='ltr'>τρίτῃ</span> <span class='ocrx_word' id='word_1_28' title='bbox 1105 598 1412 674; x_wconf 73' lang='grc' dir='ltr'>τυροφάγου</span> <span class='ocrx_word' id='word_1_29' title='bbox 1481 599 1594 671; x_wconf 77' lang='grc'>(84)</span> <span class='ocrx_word' id='word_1_30' title='bbox 1661 595 1874 670; x_wconf 70' lang='grc' dir='ltr'>ἡμέρας</span> 
     </span>
    </p>
   </div>
   <div class='ocr_carea' id='block_1_7' title="bbox 206 683 1873 763">
    <p class='ocr_par' dir='ltr' id='par_1_7' title="bbox 206 683 1873 763">
     <span class='ocr_line' id='line_1_7' title="bbox 206 683 1873 763; baseline -0.003 -19"><span class='ocrx_word' id='word_1_31' title='bbox 206 684 620 763; x_wconf 80' lang='grc' dir='ltr'>προσκαλεῖται</span> <span class='ocrx_word' id='word_1_32' title='bbox 670 685 761 740; x_wconf 86' lang='grc' dir='ltr'><strong>τὸν</strong></span> <span class='ocrx_word' id='word_1_33' title='bbox 822 683 1049 759; x_wconf 75' lang='grc' dir='ltr'><strong>βασιλέα</strong></span> <span class='ocrx_word' id='word_1_34' title='bbox 1103 685 1216 759; x_wconf 73' lang='grc' dir='ltr'><strong>ἅμα</strong></span> <span class='ocrx_word' id='word_1_35' title='bbox 1252 690 1322 760; x_wconf 84' lang='grc' dir='ltr'><strong>τῇ</strong></span> <span class='ocrx_word' id='word_1_36' title='bbox 1370 686 1495 760; x_wconf 83' lang='grc' dir='ltr'>περὶ</span> <span class='ocrx_word' id='word_1_37' title='bbox 1550 684 1710 741; x_wconf 72' lang='grc' dir='ltr'>αὐτὸν</span> <span class='ocrx_word' id='word_1_38' title='bbox 1745 706 1873 760; x_wconf 83' lang='grc' dir='ltr'>συγ-</span> 
     </span>
    </p>
   </div>
   <div class='ocr_carea' id='block_1_8' title="bbox 204 773 1875 851">
    <p class='ocr_par' dir='ltr' id='par_1_8' title="bbox 204 773 1875 851">
     <span class='ocr_line' id='line_1_8' title="bbox 204 773 1875 851; baseline -0.002 -17"><span class='ocrx_word' id='word_1_39' title='bbox 204 775 420 849; x_wconf 77' lang='grc' dir='ltr'>κλήτῳ</span> <span class='ocrx_word' id='word_1_40' title='bbox 461 776 489 830; x_wconf 85' lang='grc' dir='ltr'>ὁ</span> <span class='ocrx_word' id='word_1_41' title='bbox 529 773 963 851; x_wconf 81' lang='grc' dir='ltr'>ἀρχιεπίσκοπος</span> <span class='ocrx_word' id='word_1_42' title='bbox 1017 773 1647 837; x_wconf 81' lang='grc' dir='ltr'>Κωνσταντινουπόλεως</span> <span class='ocrx_word' id='word_1_43' title='bbox 1695 775 1746 830; x_wconf 78' lang='grc' dir='ltr'>ἐν</span> <span class='ocrx_word' id='word_1_44' title='bbox 1795 777 1875 847; x_wconf 81' lang='grc' dir='ltr'>τῷ</span> 
     </span>
    </p>
   </div>
   <div class='ocr_carea' id='block_1_9' title="bbox 209 863 1876 942">
    <p class='ocr_par' dir='ltr' id='par_1_9' title="bbox 209 863 1876 942">
     <span class='ocr_line' id='line_1_9' title="bbox 209 863 1876 942; baseline -0.002 -19"><span class='ocrx_word' id='word_1_45' title='bbox 209 866 408 942; x_wconf 79' lang='grc' dir='ltr'>εὖαγεῖ</span> <span class='ocrx_word' id='word_1_46' title='bbox 461 863 690 942; x_wconf 85' lang='grc' dir='ltr'>μεγάλῳ</span> <span class='ocrx_word' id='word_1_47' title='bbox 763 865 1137 940; x_wconf 84' lang='grc' dir='ltr'>πατριαρχίῳ,</span> <span class='ocrx_word' id='word_1_48' title='bbox 1216 866 1303 919; x_wconf 77' lang='grc' dir='ltr'><strong>καὶ</strong></span> <span class='ocrx_word' id='word_1_49' title='bbox 1372 863 1709 938; x_wconf 68' lang='grc' dir='ltr'><strong>τελουμένης</strong></span> <span class='ocrx_word' id='word_1_50' title='bbox 1775 871 1876 934; x_wconf 82' lang='grc' dir='ltr'><strong>τῆς</strong></span> 
     </span>
    </p>
   </div>
   <div class='ocr_carea' id='block_1_10' title="bbox 213 952 1876 1031">
    <p class='ocr_par' dir='ltr' id='par_1_10' title="bbox 213 952 1876 1031">
     <span class='ocr_line' id='line_1_10' title="bbox 213 952 1876 1031; baseline -0.002 -20"><span class='ocrx_word' id='word_1_51' title='bbox 213 959 380 1031; x_wconf 73' lang='grc' dir='ltr'>ἱερᾶς</span> <span class='ocrx_word' id='word_1_52' title='bbox 422 953 792 1028; x_wconf 74' lang='grc' dir='ltr'>Λειτουργίας,</span> <span class='ocrx_word' id='word_1_53' title='bbox 832 955 1150 1028; x_wconf 75' lang='grc' dir='ltr'><strong>προτίθεται</strong></span> <span class='ocrx_word' id='word_1_54' title='bbox 1191 952 1504 1028; x_wconf 81' lang='grc' dir='ltr'>κλητώριον</span> <span class='ocrx_word' id='word_1_55' title='bbox 1543 953 1596 1008; x_wconf 82' lang='grc' dir='ltr'>ἐν</span> <span class='ocrx_word' id='word_1_56' title='bbox 1651 958 1732 1025; x_wconf 79' lang='grc' dir='ltr'><strong>τῷ</strong></span> <span class='ocrx_word' id='word_1_57' title='bbox 1782 973 1876 1026; x_wconf 81' lang='grc' dir='ltr'>με·</span> 
     </span>
    </p>
   </div>
   <div class='ocr_carea' id='block_1_11' title="bbox 211 1040 1876 1122">
    <p class='ocr_par' dir='ltr' id='par_1_11' title="bbox 211 1040 1876 1122">
     <span class='ocr_line' id='line_1_11' title="bbox 211 1040 1876 1122; baseline -0.002 -22"><span class='ocrx_word' id='word_1_58' title='bbox 211 1043 388 1122; x_wconf 84' lang='grc' dir='ltr'>γάλῳ</span> <span class='ocrx_word' id='word_1_59' title='bbox 444 1043 677 1118; x_wconf 85' lang='grc' dir='ltr'>σεκρέτῳ</span> <span class='ocrx_word' id='word_1_60' title='bbox 731 1047 829 1099; x_wconf 75' lang='grc' dir='ltr'><strong>τοῦ</strong></span> <span class='ocrx_word' id='word_1_61' title='bbox 888 1044 1260 1119; x_wconf 82' lang='grc' dir='ltr'>πατριάρχου.</span> <span class='ocrx_word' id='word_1_62' title='bbox 1324 1043 1419 1097; x_wconf 81' lang='grc' dir='ltr'>Καὶ</span> <span class='ocrx_word' id='word_1_63' title='bbox 1475 1040 1557 1098; x_wconf 88' lang='grc' dir='ltr'><strong>δεῖ</strong></span> <span class='ocrx_word' id='word_1_64' title='bbox 1597 1045 1744 1115; x_wconf 78' lang='grc' dir='ltr'>ἡμᾶς</span> <span class='ocrx_word' id='word_1_65' title='bbox 1785 1041 1876 1097; x_wconf 81' lang='grc' dir='ltr'><strong>εὐ-</strong></span> 
     </span>
    </p>
   </div>
   <div class='ocr_carea' id='block_1_12' title="bbox 219 1131 1876 1210">
    <p class='ocr_par' dir='ltr' id='par_1_12' title="bbox 219 1131 1876 1210">
     <span class='ocr_line' id='line_1_12' title="bbox 219 1131 1876 1210; baseline -0.002 -21"><span class='ocrx_word' id='word_1_66' title='bbox 219 1134 502 1210; x_wconf 83' lang='grc' dir='ltr'>τρεπίζειν</span> <span class='ocrx_word' id='word_1_67' title='bbox 551 1133 686 1208; x_wconf 85' lang='grc' dir='ltr'>πρὸς</span> <span class='ocrx_word' id='word_1_68' title='bbox 734 1133 930 1200; x_wconf 71' lang='grc' dir='ltr'>κλῆσιν</span> <span class='ocrx_word' id='word_1_69' title='bbox 981 1139 1082 1202; x_wconf 80' lang='grc' dir='ltr'><strong>τῆς</strong></span> <span class='ocrx_word' id='word_1_70' title='bbox 1124 1131 1385 1202; x_wconf 79' lang='grc' dir='ltr'><strong>τοιαύτης</strong></span> <span class='ocrx_word' id='word_1_71' title='bbox 1434 1134 1726 1207; x_wconf 71' lang='grc' dir='ltr'>τραπέζης,</span> <span class='ocrx_word' id='word_1_72' title='bbox 1763 1151 1876 1204; x_wconf 87' lang='grc' dir='ltr'>μα-</span> 
     </span>
    </p>
   </div>
   <div class='ocr_carea' id='block_1_13' title="bbox 213 1219 1875 1296">
    <p class='ocr_par' dir='ltr' id='par_1_13' title="bbox 213 1219 1875 1296">
     <span class='ocr_line' id='line_1_13' title="bbox 213 1219 1875 1296; baseline -0.002 -20"><span class='ocrx_word' id='word_1_73' title='bbox 213 1222 504 1295; x_wconf 79' lang='grc' dir='ltr'>γίστρους,</span> <span class='ocrx_word' id='word_1_74' title='bbox 591 1219 1004 1296; x_wconf 86' lang='grc' dir='ltr'>πραιποσίτους,</span> <span class='ocrx_word' id='word_1_75' title='bbox 1109 1219 1442 1284; x_wconf 80' lang='grc' dir='ltr'>ἆνΘυπάτους</span> <span class='ocrx_word' id='word_1_76' title='bbox 1533 1220 1875 1293; x_wconf 76' lang='grc' dir='ltr'><strong>πατρικίους,</strong></span> 
     </span>
    </p>
   </div>
   <div class='ocr_carea' id='block_1_14' title="bbox 219 1306 1878 1391">
    <p class='ocr_par' dir='ltr' id='par_1_14' title="bbox 219 1306 1878 1391">
     <span class='ocr_line' id='line_1_14' title="bbox 219 1306 1878 1391; baseline -0.001 -26"><span class='ocrx_word' id='word_1_77' title='bbox 219 1308 640 1391; x_wconf 75' lang='grc' dir='ltr'>ὀφφικιαλίους,</span> <span class='ocrx_word' id='word_1_78' title='bbox 735 1309 1279 1385; x_wconf 82' lang='grc' dir='ltr'>πρωτοσπαθαρίους,</span> <span class='ocrx_word' id='word_1_79' title='bbox 1367 1306 1878 1384; x_wconf 82' lang='grc' dir='ltr'>σπαθαροκανδιδά-</span> 
     </span>
    </p>
   </div>
   <div class='ocr_carea' id='block_1_15' title="bbox 218 1393 1878 1474">
    <p class='ocr_par' dir='ltr' id='par_1_15' title="bbox 218 1393 1878 1474">
     <span class='ocr_line' id='line_1_15' title="bbox 218 1393 1878 1474; baseline -0.002 -19"><span class='ocrx_word' id='word_1_80' title='bbox 218 1419 382 1470; x_wconf 88' lang='grc' dir='ltr'>τους,</span> <span class='ocrx_word' id='word_1_81' title='bbox 433 1398 776 1474; x_wconf 80' lang='grc' dir='ltr'>σπαθαρίους,</span> <span class='ocrx_word' id='word_1_82' title='bbox 830 1400 1148 1473; x_wconf 88' lang='grc' dir='ltr'>στράτορας,</span> <span class='ocrx_word' id='word_1_83' title='bbox 1201 1394 1560 1461; x_wconf 77' lang='grc' dir='ltr'>κανδιδάτους</span> <span class='ocrx_word' id='word_1_84' title='bbox 1626 1399 1716 1452; x_wconf 84' lang='grc' dir='ltr'><strong>καὶ</strong></span> <span class='ocrx_word' id='word_1_85' title='bbox 1784 1393 1878 1474; x_wconf 80' lang='grc' dir='ltr'>άρ-</span> 
     </span>
    </p>
   </div>
   <div class='ocr_carea' id='block_1_16' title="bbox 219 1485 1876 1562">
    <p class='ocr_par' dir='ltr' id='par_1_16' title="bbox 219 1485 1876 1562">
     <span class='ocr_line' id='line_1_16' title="bbox 219 1485 1876 1562; baseline 0.002 -20"><span class='ocrx_word' id='word_1_86' title='bbox 219 1507 434 1562; x_wconf 86' lang='grc' dir='ltr'>χοντας</span> <span class='ocrx_word' id='word_1_87' title='bbox 463 1492 567 1542; x_wconf 80' lang='grc' dir='ltr'><strong>τῶν</strong></span> <span class='ocrx_word' id='word_1_88' title='bbox 600 1486 893 1562; x_wconf 86' lang='grc' dir='ltr'>ταγμάτων</span> <span class='ocrx_word' id='word_1_89' title='bbox 944 1487 1080 1542; x_wconf 74' lang='grc' dir='ltr'>κατὰ</span> <span class='ocrx_word' id='word_1_90' title='bbox 1124 1487 1189 1541; x_wconf 87' lang='grc' dir='ltr'>τὸ</span> <span class='ocrx_word' id='word_1_91' title='bbox 1233 1488 1400 1542; x_wconf 86' lang='grc' dir='ltr'>ποσὸν</span> <span class='ocrx_word' id='word_1_92' title='bbox 1452 1494 1553 1555; x_wconf 77' lang='grc' dir='ltr'><strong>τῆς</strong></span> <span class='ocrx_word' id='word_1_93' title='bbox 1582 1485 1876 1562; x_wconf 67' lang='grc' dir='ltr'>τραπέζης·</span> 
     </span>
    </p>
   </div>
   <div class='ocr_carea' id='block_1_17' title="bbox 221 1573 1880 1654">
    <p class='ocr_par' dir='ltr' id='par_1_17' title="bbox 221 1573 1880 1654">
     <span class='ocr_line' id='line_1_17' title="bbox 221 1573 1880 1654; baseline -0.002 -22"><span class='ocrx_word' id='word_1_94' title='bbox 221 1577 466 1654; x_wconf 83' lang='grc' dir='ltr'>είσάγει’ν</span> <span class='ocrx_word' id='word_1_95' title='bbox 517 1574 574 1631; x_wconf 70' lang='grc' dir='ltr'>δὲ</span> <span class='ocrx_word' id='word_1_96' title='bbox 621 1575 816 1637; x_wconf 74' lang='grc' dir='ltr'>αὐτοὺς</span> <span class='ocrx_word' id='word_1_97' title='bbox 879 1578 967 1632; x_wconf 87' lang='grc' dir='ltr'><strong>κάὶ</strong></span> <span class='ocrx_word' id='word_1_98' title='bbox 1042 1576 1250 1652; x_wconf 70' lang='grc' dir='ltr'>ἒξάγειν</span> <span class='ocrx_word' id='word_1_99' title='bbox 1319 1577 1452 1650; x_wconf 89' lang='grc' dir='ltr'>μετά</span> <span class='ocrx_word' id='word_1_100' title='bbox 1498 1580 1606 1631; x_wconf 80' lang='grc' dir='ltr'><strong>τῶν</strong></span> <span class='ocrx_word' id='word_1_101' title='bbox 1665 1573 1880 1630; x_wconf 58' lang='grc' dir='ltr'>οῒκείων</span> 
     </span>
    </p>
   </div>
   <div class='ocr_carea' id='block_1_18' title="bbox 225 1663 1879 1744">
    <p class='ocr_par' dir='ltr' id='par_1_18' title="bbox 225 1663 1879 1744">
     <span class='ocr_line' id='line_1_18' title="bbox 225 1663 1879 1744; baseline -0.001 -24"><span class='ocrx_word' id='word_1_102' title='bbox 225 1665 661 1742; x_wconf 68' lang='grc' dir='ltr'>σκαραμαγγίων</span> <span class='ocrx_word' id='word_1_103' title='bbox 693 1666 784 1721; x_wconf 88' lang='grc' dir='ltr'><strong>καὶ</strong></span> <span class='ocrx_word' id='word_1_104' title='bbox 823 1665 1013 1739; x_wconf 80' lang='grc' dir='ltr'>μόνον,</span> <span class='ocrx_word' id='word_1_105' title='bbox 1060 1666 1198 1722; x_wconf 84' lang='grc' dir='ltr'><strong>Ἀπὸ</strong></span> <span class='ocrx_word' id='word_1_106' title='bbox 1256 1663 1312 1720; x_wconf 76' lang='grc' dir='ltr'>δὲ</span> <span class='ocrx_word' id='word_1_107' title='bbox 1359 1671 1456 1721; x_wconf 76' lang='grc' dir='ltr'><strong>τοῦ</strong></span> <span class='ocrx_word' id='word_1_108' title='bbox 1507 1665 1879 1744; x_wconf 74' lang='grc' dir='ltr'>κουφίσματος</span> 
     </span>
    </p>
   </div>
   <div class='ocr_carea' id='block_1_19' title="bbox 218 1752 1882 1831">
    <p class='ocr_par' dir='ltr' id='par_1_19' title="bbox 218 1752 1882 1831">
     <span class='ocr_line' id='line_1_19' title="bbox 218 1752 1882 1831; baseline -0.001 -21"><span class='ocrx_word' id='word_1_109' title='bbox 218 1759 326 1810; x_wconf 80' lang='grc' dir='ltr'><strong>τοῦ</strong></span> <span class='ocrx_word' id='word_1_110' title='bbox 376 1756 596 1829; x_wconf 77' lang='grc' dir='ltr'>πρώτου</span> <span class='ocrx_word' id='word_1_111' title='bbox 651 1756 846 1828; x_wconf 82' lang='grc' dir='ltr'>μίνσου</span> <span class='ocrx_word' id='word_1_112' title='bbox 899 1752 981 1810; x_wconf 89' lang='grc' dir='ltr'><strong>δεῖ</strong></span> <span class='ocrx_word' id='word_1_113' title='bbox 1029 1757 1178 1828; x_wconf 77' lang='grc' dir='ltr'>ἡμᾶς</span> <span class='ocrx_word' id='word_1_114' title='bbox 1239 1754 1467 1831; x_wconf 79' lang='grc' dir='ltr'><strong>εἰσάγειν</strong></span> <span class='ocrx_word' id='word_1_115' title='bbox 1523 1755 1614 1810; x_wconf 89' lang='grc' dir='ltr'>τὸν</span> <span class='ocrx_word' id='word_1_116' title='bbox 1665 1775 1882 1829; x_wconf 82' lang='grc' dir='ltr'>πρωτο-</span> 
     </span>
    </p>
   </div>
   <div class='ocr_carea' id='block_1_20' title="bbox 1982 601 3615 679">
    <p class='ocr_par' dir='ltr' id='par_1_20' title="bbox 1982 601 3615 679">
     <span class='ocr_line' id='line_1_20' title="bbox 1982 601 3615 679; baseline 0.006 -21"><span class='ocrx_word' id='word_1_117' title='bbox 1982 601 2208 658; x_wconf 87' lang='lat' dir='ltr'><strong>seivorii</strong></span> <span class='ocrx_word' id='word_1_118' title='bbox 2265 601 2628 674; x_wconf 88' lang='lat' dir='ltr'><strong>[septimanae</strong></span> <span class='ocrx_word' id='word_1_119' title='bbox 2685 619 2716 657; x_wconf 93' lang='lat' dir='ltr'><strong>a</strong></span> <span class='ocrx_word' id='word_1_120' title='bbox 2765 603 3110 675; x_wconf 89' lang='lat' dir='ltr'><strong>carniprivio</strong></span> <span class='ocrx_word' id='word_1_121' title='bbox 3167 606 3464 679; x_wconf 68' lang='lat' dir='ltr'><strong>proximae]</strong></span> <span class='ocrx_word' id='word_1_122' title='bbox 3523 610 3615 667; x_wconf 92' lang='lat' dir='ltr'><strong>die</strong></span> 
     </span>
    </p>
   </div>
   <div class='ocr_carea' id='block_1_21' title="bbox 1979 691 3618 770">
    <p class='ocr_par' dir='ltr' id='par_1_21' title="bbox 1979 691 3618 770">
     <span class='ocr_line' id='line_1_21' title="bbox 1979 691 3618 770; baseline 0.007 -26"><span class='ocrx_word' id='word_1_123' title='bbox 1979 691 2182 746; x_wconf 86' lang='lat' dir='ltr'><strong>invitat</strong></span> <span class='ocrx_word' id='word_1_124' title='bbox 2234 691 2560 763; x_wconf 85' lang='lat' dir='ltr'><strong>excipitque</strong></span> <span class='ocrx_word' id='word_1_125' title='bbox 2604 692 2868 748; x_wconf 91' lang='lat' dir='ltr'><strong>convivio</strong></span> <span class='ocrx_word' id='word_1_126' title='bbox 2916 693 3331 764; x_wconf 82' lang='lat' dir='ltr'><strong>imperatorem</strong></span> <span class='ocrx_word' id='word_1_127' title='bbox 3371 700 3618 770; x_wconf 80' lang='lat' dir='ltr'><strong>ejusque</strong></span> 
     </span>
    </p>
   </div>
   <div class='ocr_carea' id='block_1_22' title="bbox 1980 780 3621 852">
    <p class='ocr_par' dir='ltr' id='par_1_22' title="bbox 1980 780 3621 852">
     <span class='ocr_line' id='line_1_22' title="bbox 1980 780 3621 852; baseline 0.004 -17"><span class='ocrx_word' id='word_1_128' title='bbox 1980 787 2247 837; x_wconf 88' lang='lat' dir='ltr'><strong>senatum</strong></span> <span class='ocrx_word' id='word_1_129' title='bbox 2279 780 2749 852; x_wconf 82' lang='lat' dir='ltr'><strong>archiepiscopus</strong></span> <span class='ocrx_word' id='word_1_130' title='bbox 2777 781 3044 838; x_wconf 77' lang='lat' dir='ltr'><strong>CPtanus</strong></span> <span class='ocrx_word' id='word_1_131' title='bbox 3068 782 3127 838; x_wconf 92' lang='lat' dir='ltr'><strong>in</strong></span> <span class='ocrx_word' id='word_1_132' title='bbox 3150 785 3467 839; x_wconf 81' lang='lat' dir='ltr'><strong>venerabili</strong></span> <span class='ocrx_word' id='word_1_133' title='bbox 3495 802 3621 842; x_wconf 81' lang='lat' dir='ltr'><strong>ma-</strong></span> 
     </span>
    </p>
   </div>
   <div class='ocr_carea' id='block_1_23' title="bbox 1981 869 3623 944">
    <p class='ocr_par' dir='ltr' id='par_1_23' title="bbox 1981 869 3623 944">
     <span class='ocr_line' id='line_1_23' title="bbox 1981 869 3623 944; baseline 0.004 -20"><span class='ocrx_word' id='word_1_134' title='bbox 1981 885 2096 940; x_wconf 91' lang='lat' dir='ltr'><strong>gno</strong></span> <span class='ocrx_word' id='word_1_135' title='bbox 2127 869 2489 942; x_wconf 87' lang='lat' dir='ltr'><strong>patriarcbeo</strong></span> <span class='ocrx_word' id='word_1_136' title='bbox 2531 871 2617 926; x_wconf 90' lang='lat' dir='ltr'><strong>vel</strong></span> <span class='ocrx_word' id='word_1_137' title='bbox 2667 871 2887 927; x_wconf 69' lang='lat' dir='ltr'><strong>aedibus</strong></span> <span class='ocrx_word' id='word_1_138' title='bbox 2937 873 3447 944; x_wconf 84' lang='lat' dir='ltr'><strong>patriarchalibus,</strong></span> <span class='ocrx_word' id='word_1_139' title='bbox 3497 875 3623 932; x_wconf 82' lang='lat' dir='ltr'><strong>fini-</strong></span> 
     </span>
    </p>
   </div>
   <div class='ocr_carea' id='block_1_24' title="bbox 1982 957 3622 1034">
    <p class='ocr_par' dir='ltr' id='par_1_24' title="bbox 1982 957 3622 1034">
     <span class='ocr_line' id='line_1_24' title="bbox 1982 957 3622 1034; baseline 0.005 -24"><span class='ocrx_word' id='word_1_140' title='bbox 1982 963 2154 1026; x_wconf 90' lang='lat' dir='ltr'><strong>toque</strong></span> <span class='ocrx_word' id='word_1_141' title='bbox 2176 961 2377 1012; x_wconf 84' lang='lat' dir='ltr'><strong>sancto</strong></span> <span class='ocrx_word' id='word_1_142' title='bbox 2400 957 2588 1012; x_wconf 77' lang='lat' dir='ltr'><strong>ofﬁcio</strong></span> <span class='ocrx_word' id='word_1_143' title='bbox 2620 957 2946 1014; x_wconf 82' lang='lat' dir='ltr'><strong>celebratur</strong></span> <span class='ocrx_word' id='word_1_144' title='bbox 2966 959 3294 1016; x_wconf 86' lang='lat' dir='ltr'><strong>convivium</strong></span> <span class='ocrx_word' id='word_1_145' title='bbox 3318 962 3378 1018; x_wconf 91' lang='lat' dir='ltr'><strong>in</strong></span> <span class='ocrx_word' id='word_1_146' title='bbox 3412 977 3622 1034; x_wconf 89' lang='lat' dir='ltr'><strong>magno</strong></span> 
     </span>
    </p>
   </div>
   <div class='ocr_carea' id='block_1_25' title="bbox 1982 1046 3624 1120">
    <p class='ocr_par' dir='ltr' id='par_1_25' title="bbox 1982 1046 3624 1120">
     <span class='ocr_line' id='line_1_25' title="bbox 1982 1046 3624 1120; baseline 0.004 -19"><span class='ocrx_word' id='word_1_147' title='bbox 1982 1055 2202 1102; x_wconf 90' lang='lat' dir='ltr'><strong>secreto</strong></span> <span class='ocrx_word' id='word_1_148' title='bbox 2234 1046 2603 1118; x_wconf 87' lang='lat' dir='ltr'><strong>patriarchei.</strong></span> <span class='ocrx_word' id='word_1_149' title='bbox 2635 1048 2717 1104; x_wconf 88' lang='lat' dir='ltr'><strong>Ad</strong></span> <span class='ocrx_word' id='word_1_150' title='bbox 2763 1050 2916 1120; x_wconf 89' lang='lat' dir='ltr'><strong>quod</strong></span> <span class='ocrx_word' id='word_1_151' title='bbox 2951 1050 3120 1106; x_wconf 84' lang='lat' dir='ltr'><strong>nobis</strong></span> <span class='ocrx_word' id='word_1_152' title='bbox 3149 1050 3433 1107; x_wconf 79' lang='lat' dir='ltr'><strong>invitandi</strong></span> <span class='ocrx_word' id='word_1_153' title='bbox 3484 1057 3624 1107; x_wconf 90' lang='lat' dir='ltr'><strong>sunt</strong></span> 
     </span>
    </p>
   </div>
   <div class='ocr_carea' id='block_1_26' title="bbox 1983 1134 3622 1213">
    <p class='ocr_par' dir='ltr' id='par_1_26' title="bbox 1983 1134 3622 1213">
     <span class='ocr_line' id='line_1_26' title="bbox 1983 1134 3622 1213; baseline 0.004 -23"><span class='ocrx_word' id='word_1_154' title='bbox 1983 1134 2273 1206; x_wconf 81' lang='lat' dir='ltr'><strong>magistri,</strong></span> <span class='ocrx_word' id='word_1_155' title='bbox 2323 1137 2630 1208; x_wconf 72' lang='lat' dir='ltr'><strong>praepositi,</strong></span> <span class='ocrx_word' id='word_1_156' title='bbox 2690 1138 3086 1208; x_wconf 80' lang='lat' dir='ltr'><strong>proconsules,</strong></span> <span class='ocrx_word' id='word_1_157' title='bbox 3146 1139 3622 1213; x_wconf 85' lang='lat' dir='ltr'><strong>protospatharii,</strong></span> 
     </span>
    </p>
   </div>
   <div class='ocr_carea' id='block_1_27' title="bbox 1983 1227 3624 1302">
    <p class='ocr_par' dir='ltr' id='par_1_27' title="bbox 1983 1227 3624 1302">
     <span class='ocr_line' id='line_1_27' title="bbox 1983 1227 3624 1302; baseline 0.002 -21"><span class='ocrx_word' id='word_1_158' title='bbox 1983 1227 2572 1297; x_wconf 87' lang='lat' dir='ltr'><strong>spatbarocandidati,</strong></span> <span class='ocrx_word' id='word_1_159' title='bbox 2623 1230 2777 1285; x_wconf 76' lang='lat'><strong>440</strong></span> <span class='ocrx_word' id='word_1_160' title='bbox 2815 1229 3120 1302; x_wconf 85' lang='lat' dir='ltr'><strong>spatharii,</strong></span> <span class='ocrx_word' id='word_1_161' title='bbox 3154 1235 3451 1299; x_wconf 89' lang='lat' dir='ltr'><strong>stratores,</strong></span> <span class='ocrx_word' id='word_1_162' title='bbox 3485 1246 3624 1286; x_wconf 85' lang='lat' dir='ltr'><strong>can-</strong></span> 
     </span>
    </p>
   </div>
   <div class='ocr_carea' id='block_1_28' title="bbox 1983 1315 3628 1390">
    <p class='ocr_par' dir='ltr' id='par_1_28' title="bbox 1983 1315 3628 1390">
     <span class='ocr_line' id='line_1_28' title="bbox 1983 1315 3628 1390; baseline 0.004 -21"><span class='ocrx_word' id='word_1_163' title='bbox 1983 1315 2164 1370; x_wconf 87' lang='lat' dir='ltr'><strong>didati</strong></span> <span class='ocrx_word' id='word_1_164' title='bbox 2197 1325 2250 1372; x_wconf 90' lang='lat' dir='ltr'><strong>et</strong></span> <span class='ocrx_word' id='word_1_165' title='bbox 2281 1317 2531 1388; x_wconf 64' lang='lat' dir='ltr'><strong>praefecti</strong></span> <span class='ocrx_word' id='word_1_166' title='bbox 2563 1324 2910 1390; x_wconf 86' lang='lat' dir='ltr'><strong>lagmatum,</strong></span> <span class='ocrx_word' id='word_1_167' title='bbox 2943 1323 3085 1390; x_wconf 88' lang='lat' dir='ltr'><strong>quot</strong></span> <span class='ocrx_word' id='word_1_168' title='bbox 3115 1335 3314 1376; x_wconf 89' lang='lat' dir='ltr'><strong>mensa</strong></span> <span class='ocrx_word' id='word_1_169' title='bbox 3343 1320 3515 1390; x_wconf 89' lang='lat' dir='ltr'><strong>capit.</strong></span> <span class='ocrx_word' id='word_1_170' title='bbox 3541 1318 3628 1375; x_wconf 89' lang='lat' dir='ltr'><strong>In-</strong></span> 
     </span>
    </p>
   </div>
   <div class='ocr_carea' id='block_1_29' title="bbox 1985 1406 3628 1482">
    <p class='ocr_par' dir='ltr' id='par_1_29' title="bbox 1985 1406 3628 1482">
     <span class='ocr_line' id='line_1_29' title="bbox 1985 1406 3628 1482; baseline 0.002 -22"><span class='ocrx_word' id='word_1_171' title='bbox 1985 1406 2376 1461; x_wconf 90' lang='lat' dir='ltr'><strong>troducuntur</strong></span> <span class='ocrx_word' id='word_1_172' title='bbox 2414 1415 2467 1462; x_wconf 90' lang='lat' dir='ltr'><strong>et</strong></span> <span class='ocrx_word' id='word_1_173' title='bbox 2497 1407 2829 1462; x_wconf 90' lang='lat' dir='ltr'><strong>educuntur</strong></span> <span class='ocrx_word' id='word_1_174' title='bbox 2862 1424 2996 1463; x_wconf 89' lang='lat' dir='ltr'><strong>cum</strong></span> <span class='ocrx_word' id='word_1_175' title='bbox 3033 1409 3157 1464; x_wconf 90' lang='lat' dir='ltr'><strong>suis</strong></span> <span class='ocrx_word' id='word_1_176' title='bbox 3208 1409 3628 1482; x_wconf 85' lang='lat' dir='ltr'><strong>scaramangiis</strong></span> 
     </span>
    </p>
   </div>
   <div class='ocr_carea' id='block_1_30' title="bbox 1984 1496 3628 1568">
    <p class='ocr_par' dir='ltr' id='par_1_30' title="bbox 1984 1496 3628 1568">
     <span class='ocr_line' id='line_1_30' title="bbox 1984 1496 3628 1568; baseline 0.004 -19"><span class='ocrx_word' id='word_1_177' title='bbox 1984 1498 2234 1549; x_wconf 88' lang='lat' dir='ltr'><strong>tantum.</strong></span> <span class='ocrx_word' id='word_1_178' title='bbox 2255 1499 2390 1550; x_wconf 89' lang='lat' dir='ltr'><strong>Post</strong></span> <span class='ocrx_word' id='word_1_179' title='bbox 2420 1496 2679 1551; x_wconf 90' lang='lat' dir='ltr'><strong>ablatum</strong></span> <span class='ocrx_word' id='word_1_180' title='bbox 2712 1496 2968 1568; x_wconf 91' lang='lat' dir='ltr'><strong>primum</strong></span> <span class='ocrx_word' id='word_1_181' title='bbox 3003 1497 3628 1555; x_wconf 80' lang='lat' dir='ltr'><strong>lerculumintroduci-</strong></span> 
     </span>
    </p>
   </div>
   <div class='ocr_carea' id='block_1_31' title="bbox 1986 1583 3630 1656">
    <p class='ocr_par' dir='ltr' id='par_1_31' title="bbox 1986 1583 3630 1656">
     <span class='ocr_line' id='line_1_31' title="bbox 1986 1583 3630 1656; baseline 0.004 -18"><span class='ocrx_word' id='word_1_182' title='bbox 1986 1589 2082 1638; x_wconf 87' lang='lat' dir='ltr'><strong>tur</strong></span> <span class='ocrx_word' id='word_1_183' title='bbox 2114 1583 2544 1654; x_wconf 89' lang='lat' dir='ltr'><strong>protonotarius</strong></span> <span class='ocrx_word' id='word_1_184' title='bbox 2564 1583 2902 1656; x_wconf 68' lang='lat' dir='ltr'><strong>patriarchas</strong></span> <span class='ocrx_word' id='word_1_185' title='bbox 2935 1602 3068 1641; x_wconf 92' lang='lat' dir='ltr'><strong>cum</strong></span> <span class='ocrx_word' id='word_1_186' title='bbox 3102 1603 3208 1642; x_wconf 89' lang='lat' dir='ltr'><strong>suo</strong></span> <span class='ocrx_word' id='word_1_187' title='bbox 3239 1587 3503 1654; x_wconf 74' lang='lat' dir='ltr'><strong>analogio</strong></span> <span class='ocrx_word' id='word_1_188' title='bbox 3525 1603 3630 1644; x_wconf 88' lang='lat' dir='ltr'><strong>seu</strong></span> 
     </span>
    </p>
   </div>
   <div class='ocr_carea' id='block_1_32' title="bbox 1986 1672 3627 1747">
    <p class='ocr_par' dir='ltr' id='par_1_32' title="bbox 1986 1672 3627 1747">
     <span class='ocr_line' id='line_1_32' title="bbox 1986 1672 3627 1747; baseline 0.002 -19"><span class='ocrx_word' id='word_1_189' title='bbox 1986 1672 2233 1745; x_wconf 89' lang='lat' dir='ltr'><strong>pulpito,</strong></span> <span class='ocrx_word' id='word_1_190' title='bbox 2265 1689 2332 1728; x_wconf 84' lang='lat' dir='ltr'><strong>ex</strong></span> <span class='ocrx_word' id='word_1_191' title='bbox 2359 1690 2474 1745; x_wconf 91' lang='lat' dir='ltr'><strong>quo</strong></span> <span class='ocrx_word' id='word_1_192' title='bbox 2505 1673 2722 1744; x_wconf 91' lang='lat' dir='ltr'><strong>aliquid</strong></span> <span class='ocrx_word' id='word_1_193' title='bbox 2759 1673 2955 1747; x_wconf 89' lang='lat' dir='ltr'><strong>legens</strong></span> <span class='ocrx_word' id='word_1_194' title='bbox 2981 1676 3180 1731; x_wconf 86' lang='lat' dir='ltr'><strong>recitat</strong></span> <span class='ocrx_word' id='word_1_195' title='bbox 3203 1683 3255 1732; x_wconf 90' lang='lat' dir='ltr'><strong>et</strong></span> <span class='ocrx_word' id='word_1_196' title='bbox 3295 1693 3428 1732; x_wconf 89' lang='lat' dir='ltr'><strong>cum</strong></span> <span class='ocrx_word' id='word_1_197' title='bbox 3459 1676 3627 1746; x_wconf 90' lang='lat' dir='ltr'><strong>libro,</strong></span> 
     </span>
    </p>
   </div>
   <div class='ocr_carea' id='block_1_33' title="bbox 1988 1760 3628 1836">
    <p class='ocr_par' dir='ltr' id='par_1_33' title="bbox 1988 1760 3628 1836">
     <span class='ocr_line' id='line_1_33' title="bbox 1988 1760 3628 1836; baseline 0.004 -22"><span class='ocrx_word' id='word_1_198' title='bbox 1988 1775 2160 1832; x_wconf 84' lang='lat' dir='ltr'><strong>quem</strong></span> <span class='ocrx_word' id='word_1_199' title='bbox 2202 1766 2395 1828; x_wconf 85' lang='lat' dir='ltr'><strong>tenet;</strong></span> <span class='ocrx_word' id='word_1_200' title='bbox 2446 1760 2878 1833; x_wconf 89' lang='lat' dir='ltr'><strong>collocaturque</strong></span> <span class='ocrx_word' id='word_1_201' title='bbox 2925 1763 2995 1818; x_wconf 91' lang='lat' dir='ltr'><strong>ad</strong></span> <span class='ocrx_word' id='word_1_202' title='bbox 3043 1762 3343 1820; x_wconf 88' lang='lat' dir='ltr'><strong>sinistram</strong></span> <span class='ocrx_word' id='word_1_203' title='bbox 3404 1769 3628 1836; x_wconf 88' lang='lat' dir='ltr'><strong>partem</strong></span> 
     </span>
    </p>
   </div>
   <div class='ocr_carea' id='block_1_34' title="bbox 222 1844 1887 1945">
    <p class='ocr_par' dir='ltr' id='par_1_34' title="bbox 222 1844 1878 1945">
     <span class='ocr_line' id='line_1_34' title="bbox 222 1844 1878 1920; baseline -0.001 -20"><span class='ocrx_word' id='word_1_204' title='bbox 222 1845 483 1918; x_wconf 86' lang='grc' dir='ltr'>νοτάριον</span> <span class='ocrx_word' id='word_1_205' title='bbox 539 1848 638 1900; x_wconf 73' lang='grc' dir='ltr'><strong>τοῦ</strong></span> <span class='ocrx_word' id='word_1_206' title='bbox 696 1845 1040 1920; x_wconf 72' lang='grc' dir='ltr'>πατριάρχου</span> <span class='ocrx_word' id='word_1_207' title='bbox 1096 1848 1230 1918; x_wconf 89' lang='grc' dir='ltr'>μετὰ</span> <span class='ocrx_word' id='word_1_208' title='bbox 1296 1849 1393 1901; x_wconf 78' lang='grc' dir='ltr'><strong>τοῦ</strong></span> <span class='ocrx_word' id='word_1_209' title='bbox 1453 1844 1654 1902; x_wconf 77' lang='grc' dir='ltr'>οἰκείου</span> <span class='ocrx_word' id='word_1_210' title='bbox 1714 1845 1878 1900; x_wconf 76' lang='grc' dir='ltr'>αὐτοῦ</span> 
     </span>
     <span class='ocr_line' id='line_1_35' title="bbox 234 1926 1873 1945; baseline 0 0"><span class='ocrx_word' id='word_1_211' title='bbox 234 1934 249 1945; x_wconf 60' lang='grc' dir='ltr'>ς</span> <span class='ocrx_word' id='word_1_212' title='bbox 335 1933 352 1945; x_wconf 60' lang='grc' dir='ltr'><strong>ι</strong></span> <span class='ocrx_word' id='word_1_213' title='bbox 451 1932 462 1945; x_wconf 75' lang='grc' dir='ltr'><strong>ο</strong></span> <span class='ocrx_word' id='word_1_214' title='bbox 583 1935 683 1945; x_wconf 73' lang='grc' dir='ltr'><strong>ιΑ-νι</strong></span> <span class='ocrx_word' id='word_1_215' title='bbox 913 1933 924 1945; x_wconf 73' lang='grc' dir='ltr'><strong>ι</strong></span> <span class='ocrx_word' id='word_1_216' title='bbox 977 1933 1004 1945; x_wconf 73' lang='grc' dir='ltr'><strong>Λ</strong></span> <span class='ocrx_word' id='word_1_217' title='bbox 1039 1926 1092 1945; x_wconf 59' lang='grc' dir='ltr'><strong>Ως</strong></span> <span class='ocrx_word' id='word_1_218' title='bbox 1119 1931 1130 1945; x_wconf 71' lang='grc' dir='ltr'><strong>ο</strong></span> <span class='ocrx_word' id='word_1_219' title='bbox 1316 1933 1330 1945; x_wconf 64' lang='grc' dir='ltr'><strong>ι</strong></span> <span class='ocrx_word' id='word_1_220' title='bbox 1378 1933 1390 1945; x_wconf 75' lang='grc' dir='ltr'><strong>ο</strong></span> <span class='ocrx_word' id='word_1_221' title='bbox 1471 1939 1497 1945; x_wconf 79' lang='grc'><strong>..</strong></span> <span class='ocrx_word' id='word_1_222' title='bbox 1623 1933 1636 1945; x_wconf 70' lang='lat'><strong>4|</strong></span> <span class='ocrx_word' id='word_1_223' title='bbox 1687 1934 1699 1945; x_wconf 69' lang='grc' dir='ltr'>ι</span> <span class='ocrx_word' id='word_1_224' title='bbox 1791 1932 1805 1945; x_wconf 66' lang='grc' dir='ltr'><strong>α</strong></span> <span class='ocrx_word' id='word_1_225' title='bbox 1861 1933 1873 1945; x_wconf 69' lang='grc' dir='ltr'>ι</span> 
     </span>
    </p>
   </div>
   <div class='ocr_carea' id='block_1_35' title="bbox 1995 1844 3629 1945">
    <p class='ocr_par' dir='ltr' id='par_1_35' title="bbox 1995 1849 3629 1923">
     <span class='ocr_line' id='line_1_36' title="bbox 1995 1849 3629 1923; baseline 0.002 -19"><span class='ocrx_word' id='word_1_226' title='bbox 1995 1865 2226 1918; x_wconf 76' lang='lat' dir='ltr'><strong>mensae,</strong></span> <span class='ocrx_word' id='word_1_227' title='bbox 2259 1849 2351 1904; x_wconf 92' lang='lat' dir='ltr'><strong>cui</strong></span> <span class='ocrx_word' id='word_1_228' title='bbox 2385 1849 2694 1921; x_wconf 76' lang='lat' dir='ltr'><strong>imperator</strong></span> <span class='ocrx_word' id='word_1_229' title='bbox 2724 1851 2965 1908; x_wconf 79' lang='lat' dir='ltr'><strong>assidet.</strong></span> <span class='ocrx_word' id='word_1_230' title='bbox 2999 1852 3138 1923; x_wconf 85' lang='lat' dir='ltr'><strong>Ejus</strong></span> <span class='ocrx_word' id='word_1_231' title='bbox 3179 1858 3270 1908; x_wconf 90' lang='lat' dir='ltr'><strong>est</strong></span> <span class='ocrx_word' id='word_1_232' title='bbox 3299 1869 3629 1911; x_wconf 80' lang='lat' dir='ltr'><strong>sermonem</strong></span> 
     </span>
    </p>
   </div>
   <div class='ocr_carea' id='block_1_36' title="bbox 223 1926 1876 2010">
    <p class='ocr_par' dir='ltr' id='par_1_36' title="bbox 223 1926 1876 2010">
     <span class='ocr_line' id='line_1_37' title="bbox 223 1926 1876 2010; baseline -0.001 -22"><span class='ocrx_word' id='word_1_233' title='bbox 223 1932 528 2010; x_wconf 83' lang='grc' dir='ltr'>ἀναλογίου</span> <span class='ocrx_word' id='word_1_234' title='bbox 577 1935 689 2006; x_wconf 84' lang='grc'>(85)</span> <span class='ocrx_word' id='word_1_235' title='bbox 736 1953 795 1987; x_wconf 89' lang='grc' dir='ltr'><strong>τε</strong></span> <span class='ocrx_word' id='word_1_236' title='bbox 838 1933 927 1986; x_wconf 76' lang='grc' dir='ltr'><strong>καὶ</strong></span> <span class='ocrx_word' id='word_1_237' title='bbox 976 1926 1195 2007; x_wconf 76' lang='grc' dir='ltr'>βιϐλίου</span> <span class='ocrx_word' id='word_1_238' title='bbox 1243 1933 1332 1988; x_wconf 81' lang='grc' dir='ltr'><strong>καὶ</strong></span> <span class='ocrx_word' id='word_1_239' title='bbox 1378 1933 1527 2005; x_wconf 73' lang='grc' dir='ltr'>ἱστᾷν</span> <span class='ocrx_word' id='word_1_240' title='bbox 1579 1933 1738 1989; x_wconf 74' lang='grc' dir='ltr'>αὐτὸν</span> <span class='ocrx_word' id='word_1_241' title='bbox 1789 1932 1876 1988; x_wconf 82' lang='grc' dir='ltr'><strong>ἐπὶ</strong></span> 
     </span>
    </p>
   </div>
   <div class='ocr_carea' id='block_1_37' title="bbox 224 2020 1876 2098">
    <p class='ocr_par' dir='ltr' id='par_1_37' title="bbox 224 2020 1876 2098">
     <span class='ocr_line' id='line_1_38' title="bbox 224 2020 1876 2098; baseline 0.001 -22"><span class='ocrx_word' id='word_1_242' title='bbox 224 2027 330 2090; x_wconf 77' lang='grc' dir='ltr'>τῆς</span> <span class='ocrx_word' id='word_1_243' title='bbox 376 2020 659 2093; x_wconf 75' lang='grc' dir='ltr'>εὐωνύμου</span> <span class='ocrx_word' id='word_1_244' title='bbox 705 2021 900 2085; x_wconf 78' lang='grc' dir='ltr'>θὲσεως</span> <span class='ocrx_word' id='word_1_245' title='bbox 945 2027 1045 2090; x_wconf 80' lang='grc' dir='ltr'>τῆς</span> <span class='ocrx_word' id='word_1_246' title='bbox 1098 2020 1390 2097; x_wconf 74' lang='grc' dir='ltr'>βασιλικῆς</span> <span class='ocrx_word' id='word_1_247' title='bbox 1432 2023 1705 2097; x_wconf 69' lang='grc' dir='ltr'>τραπέζης</span> <span class='ocrx_word' id='word_1_248' title='bbox 1741 2023 1876 2098; x_wconf 88' lang='grc' dir='ltr'>πρὸς</span> 
     </span>
    </p>
   </div>
   <div class='ocr_carea' id='block_1_38' title="bbox 226 2110 1875 2191">
    <p class='ocr_par' dir='ltr' id='par_1_38' title="bbox 226 2110 1875 2191">
     <span class='ocr_line' id='line_1_39' title="bbox 226 2110 1875 2191; baseline 0.004 -26"><span class='ocrx_word' id='word_1_249' title='bbox 226 2111 294 2166; x_wconf 84' lang='grc' dir='ltr'>τὸ</span> <span class='ocrx_word' id='word_1_250' title='bbox 340 2110 718 2188; x_wconf 82' lang='grc' dir='ltr'>ὑπαναγνῶναι</span> <span class='ocrx_word' id='word_1_251' title='bbox 747 2112 838 2167; x_wconf 85' lang='grc' dir='ltr'>τὸν</span> <span class='ocrx_word' id='word_1_252' title='bbox 876 2111 1000 2186; x_wconf 85' lang='grc' dir='ltr'>περὶ</span> <span class='ocrx_word' id='word_1_253' title='bbox 1049 2113 1295 2182; x_wconf 83' lang='grc' dir='ltr'>νηστείας</span> <span class='ocrx_word' id='word_1_254' title='bbox 1343 2113 1652 2189; x_wconf 81' lang='grc' dir='ltr'>ἁρμόζοντα</span> <span class='ocrx_word' id='word_1_255' title='bbox 1691 2111 1875 2191; x_wconf 84' lang='grc' dir='ltr'>λόγον.</span> 
     </span>
    </p>
   </div>
   <div class='ocr_carea' id='block_1_39' title="bbox 229 2197 1876 2280">
    <p class='ocr_par' dir='ltr' id='par_1_39' title="bbox 229 2197 1876 2280">
     <span class='ocr_line' id='line_1_40' title="bbox 229 2197 1876 2280; baseline 0.001 -22"><span class='ocrx_word' id='word_1_256' title='bbox 229 2201 388 2258; x_wconf 72' lang='grc' dir='ltr'>Μετὰ</span> <span class='ocrx_word' id='word_1_257' title='bbox 416 2197 473 2256; x_wconf 75' lang='grc' dir='ltr'>δὲ</span> <span class='ocrx_word' id='word_1_258' title='bbox 501 2202 598 2270; x_wconf 77' lang='grc' dir='ltr'>τήν</span> <span class='ocrx_word' id='word_1_259' title='bbox 635 2199 1034 2276; x_wconf 64' lang='grc' dir='ltr'>συμπλήρωσιν</span> <span class='ocrx_word' id='word_1_260' title='bbox 1081 2203 1280 2266; x_wconf 88' lang='grc' dir='ltr'>παντὸς</span> <span class='ocrx_word' id='word_1_261' title='bbox 1331 2208 1425 2258; x_wconf 76' lang='grc' dir='ltr'><strong>τοῦ</strong></span> <span class='ocrx_word' id='word_1_262' title='bbox 1458 2203 1624 2280; x_wconf 82' lang='grc' dir='ltr'>λόγου</span> <span class='ocrx_word' id='word_1_263' title='bbox 1655 2205 1744 2260; x_wconf 81' lang='grc' dir='ltr'><strong>καὶ</strong></span> <span class='ocrx_word' id='word_1_264' title='bbox 1777 2207 1876 2275; x_wconf 74' lang='grc' dir='ltr'>τὴν</span> 
     </span>
    </p>
   </div>
   <div class='ocr_carea' id='block_1_40' title="bbox 228 2288 1878 2370">
    <p class='ocr_par' dir='ltr' id='par_1_40' title="bbox 228 2288 1878 2370">
     <span class='ocr_line' id='line_1_41' title="bbox 228 2288 1878 2370; baseline 0.002 -24"><span class='ocrx_word' id='word_1_265' title='bbox 228 2288 444 2346; x_wconf 76' lang='grc' dir='ltr'>εἴσοδον</span> <span class='ocrx_word' id='word_1_266' title='bbox 476 2295 582 2346; x_wconf 82' lang='grc' dir='ltr'><strong>τῶν</strong></span> <span class='ocrx_word' id='word_1_267' title='bbox 622 2294 925 2364; x_wconf 74' lang='grc' dir='ltr'>τυρεψιτῶν</span> <span class='ocrx_word' id='word_1_268' title='bbox 974 2296 1172 2366; x_wconf 80' lang='grc' dir='ltr'>ζωμῶν</span> <span class='ocrx_word' id='word_1_269' title='bbox 1222 2291 1305 2348; x_wconf 89' lang='grc' dir='ltr'><strong>δεῖ</strong></span> <span class='ocrx_word' id='word_1_270' title='bbox 1351 2295 1717 2370; x_wconf 75' lang='grc' dir='ltr'>προσάγεσθαι</span> <span class='ocrx_word' id='word_1_271' title='bbox 1753 2294 1878 2357; x_wconf 75' lang='grc' dir='ltr'>τοὺς</span> 
     </span>
    </p>
   </div>
   <div class='ocr_carea' id='block_1_41' title="bbox 232 2379 1884 2462">
    <p class='ocr_par' dir='ltr' id='par_1_41' title="bbox 232 2379 1884 2462">
     <span class='ocr_line' id='line_1_42' title="bbox 232 2379 1884 2462; baseline 0.004 -27"><span class='ocrx_word' id='word_1_272' title='bbox 232 2379 447 2454; x_wconf 75' lang='grc' dir='ltr'>ψάλτας</span> <span class='ocrx_word' id='word_1_273' title='bbox 505 2379 670 2459; x_wconf 70' lang='grc' dir='ltr'>ἄμφω</span> <span class='ocrx_word' id='word_1_274' title='bbox 739 2383 829 2436; x_wconf 80' lang='grc' dir='ltr'>σὺν</span> <span class='ocrx_word' id='word_1_275' title='bbox 887 2387 967 2455; x_wconf 78' lang='grc' dir='ltr'>τῷ</span> <span class='ocrx_word' id='word_1_276' title='bbox 1023 2384 1202 2438; x_wconf 81' lang='grc' dir='ltr'>αὐτῶν</span> <span class='ocrx_word' id='word_1_277' title='bbox 1261 2381 1713 2458; x_wconf 77' lang='grc' dir='ltr'>δομεστίκῳ,τὸν</span> <span class='ocrx_word' id='word_1_278' title='bbox 1762 2388 1884 2462; x_wconf 78' lang='grc' dir='ltr'>ἆρι-</span> 
     </span>
    </p>
   </div>
   <div class='ocr_carea' id='block_1_42' title="bbox 236 2469 1880 2556">
    <p class='ocr_par' dir='ltr' id='par_1_42' title="bbox 236 2469 1880 2556">
     <span class='ocr_line' id='line_1_43' title="bbox 236 2469 1880 2556; baseline 0.004 -32"><span class='ocrx_word' id='word_1_279' title='bbox 236 2470 377 2543; x_wconf 87' lang='grc' dir='ltr'>θμὸν</span> <span class='ocrx_word' id='word_1_280' title='bbox 411 2471 478 2545; x_wconf 79' lang='grc' dir='ltr'>ιβ’</span> <span class='ocrx_word' id='word_1_281' title='bbox 512 2489 525 2503; x_wconf 73' lang='grc' dir='ltr'><strong><em>ο</em></strong></span> <span class='ocrx_word' id='word_1_282' title='bbox 552 2469 813 2534; x_wconf 69' lang='grc' dir='ltr'>ὡσαύτως</span> <span class='ocrx_word' id='word_1_283' title='bbox 866 2471 956 2525; x_wconf 81' lang='grc' dir='ltr'><strong>καὶ</strong></span> <span class='ocrx_word' id='word_1_284' title='bbox 1013 2471 1141 2533; x_wconf 82' lang='grc' dir='ltr'>τοὺς</span> <span class='ocrx_word' id='word_1_285' title='bbox 1199 2471 1540 2550; x_wconf 85' lang='grc' dir='ltr'>ἀναγνώστας</span> <span class='ocrx_word' id='word_1_286' title='bbox 1592 2474 1756 2556; x_wconf 72' lang='grc' dir='ltr'>ἄμφω</span> <span class='ocrx_word' id='word_1_287' title='bbox 1790 2476 1880 2531; x_wconf 75' lang='grc' dir='ltr'><strong>σὺν</strong></span> 
     </span>
    </p>
   </div>
   <div class='ocr_carea' id='block_1_43' title="bbox 233 2558 1881 2638">
    <p class='ocr_par' dir='ltr' id='par_1_43' title="bbox 233 2558 1881 2638">
     <span class='ocr_line' id='line_1_44' title="bbox 233 2558 1881 2638; baseline 0.002 -22"><span class='ocrx_word' id='word_1_288' title='bbox 233 2565 318 2632; x_wconf 78' lang='grc' dir='ltr'><strong>τῷ</strong></span> <span class='ocrx_word' id='word_1_289' title='bbox 348 2559 525 2617; x_wconf 79' lang='grc' dir='ltr'>αὐτῶν</span> <span class='ocrx_word' id='word_1_290' title='bbox 561 2558 888 2634; x_wconf 80' lang='grc' dir='ltr'>δομεστίκῳ,</span> <span class='ocrx_word' id='word_1_291' title='bbox 920 2561 1010 2616; x_wconf 85' lang='grc' dir='ltr'><strong>τὸν</strong></span> <span class='ocrx_word' id='word_1_292' title='bbox 1065 2563 1298 2638; x_wconf 80' lang='grc' dir='ltr'>ἀριθμὸν</span> <span class='ocrx_word' id='word_1_293' title='bbox 1341 2563 1572 2636; x_wconf 82' lang='grc' dir='ltr'>ὁμοίως,</span> <span class='ocrx_word' id='word_1_294' title='bbox 1613 2566 1700 2620; x_wconf 80' lang='grc' dir='ltr'><strong>καὶ</strong></span> <span class='ocrx_word' id='word_1_295' title='bbox 1733 2569 1881 2637; x_wconf 78' lang='grc' dir='ltr'>ἱστᾷν</span> 
     </span>
    </p>
   </div>
   <div class='ocr_carea' id='block_1_44' title="bbox 240 2648 1885 2731">
    <p class='ocr_par' dir='ltr' id='par_1_44' title="bbox 240 2648 1885 2731">
     <span class='ocr_line' id='line_1_45' title="bbox 240 2648 1885 2731; baseline 0.005 -28"><span class='ocrx_word' id='word_1_296' title='bbox 240 2648 439 2712; x_wconf 73' lang='grc' dir='ltr'>αὐτοὺς</span> <span class='ocrx_word' id='word_1_297' title='bbox 495 2648 577 2725; x_wconf 67' lang='grc' dir='ltr'><strong>ἐφ’</strong></span> <span class='ocrx_word' id='word_1_298' title='bbox 642 2649 869 2726; x_wconf 73' lang='grc' dir='ltr'>ἑκάτερα</span> <span class='ocrx_word' id='word_1_299' title='bbox 921 2651 1082 2725; x_wconf 80' lang='grc' dir='ltr'>μέρη,</span> <span class='ocrx_word' id='word_1_300' title='bbox 1145 2651 1220 2714; x_wconf 77' lang='grc' dir='ltr'><strong>εἷς</strong></span> <span class='ocrx_word' id='word_1_301' title='bbox 1273 2653 1336 2708; x_wconf 86' lang='grc' dir='ltr'>τὸ</span> <span class='ocrx_word' id='word_1_302' title='bbox 1393 2651 1680 2729; x_wconf 77' lang='grc' dir='ltr'>προσᾴδειν</span> <span class='ocrx_word' id='word_1_303' title='bbox 1737 2656 1885 2731; x_wconf 66' lang='grc' dir='ltr'>ἱερὸν</span> 
     </span>
    </p>
   </div>
   <div class='ocr_carea' id='block_1_45' title="bbox 236 2738 1890 2818">
    <p class='ocr_par' dir='ltr' id='par_1_45' title="bbox 236 2738 1890 2818">
     <span class='ocr_line' id='line_1_46' title="bbox 236 2738 1890 2818; baseline 0.004 -24"><span class='ocrx_word' id='word_1_304' title='bbox 236 2740 389 2795; x_wconf 76' lang='grc' dir='ltr'>αἶνον</span> <span class='ocrx_word' id='word_1_305' title='bbox 437 2741 577 2794; x_wconf 83' lang='grc' dir='ltr'>κατὰ</span> <span class='ocrx_word' id='word_1_306' title='bbox 623 2741 814 2798; x_wconf 72' lang='grc' dir='ltr'>τύπον,</span> <span class='ocrx_word' id='word_1_307' title='bbox 866 2743 1000 2804; x_wconf 86' lang='grc' dir='ltr'>Τοῖς</span> <span class='ocrx_word' id='word_1_308' title='bbox 1047 2738 1106 2796; x_wconf 78' lang='grc' dir='ltr'>δὲ</span> <span class='ocrx_word' id='word_1_309' title='bbox 1154 2740 1372 2805; x_wconf 86' lang='grc' dir='ltr'>λοιποῖς</span> <span class='ocrx_word' id='word_1_310' title='bbox 1404 2746 1518 2818; x_wconf 83' lang='grc'>(86)</span> <span class='ocrx_word' id='word_1_311' title='bbox 1565 2744 1761 2800; x_wconf 73' lang='grc' dir='ltr'>ἅπασιν</span> <span class='ocrx_word' id='word_1_312' title='bbox 1794 2747 1890 2801; x_wconf 75' lang='grc' dir='ltr'>ἀνά</span> 
     </span>
    </p>
   </div>
   <div class='ocr_carea' id='block_1_46' title="bbox 235 2825 1890 2907">
    <p class='ocr_par' dir='ltr' id='par_1_46' title="bbox 235 2825 1890 2907">
     <span class='ocr_line' id='line_1_47' title="bbox 235 2825 1890 2907; baseline 0.005 -25"><span class='ocrx_word' id='word_1_313' title='bbox 235 2828 359 2890; x_wconf 69' lang='grc' dir='ltr'>ἑνὸς</span> <span class='ocrx_word' id='word_1_314' title='bbox 390 2827 479 2882; x_wconf 83' lang='grc' dir='ltr'><strong>καὶ</strong></span> <span class='ocrx_word' id='word_1_315' title='bbox 514 2828 704 2901; x_wconf 89' lang='grc' dir='ltr'>μόνον,</span> <span class='ocrx_word' id='word_1_316' title='bbox 744 2830 828 2902; x_wconf 80' lang='grc' dir='ltr'><strong>Τῇ</strong></span> <span class='ocrx_word' id='word_1_317' title='bbox 879 2825 937 2883; x_wconf 75' lang='grc' dir='ltr'>δὲ</span> <span class='ocrx_word' id='word_1_318' title='bbox 978 2827 1199 2904; x_wconf 73' lang='grc' dir='ltr'>πέμπτῃ</span> <span class='ocrx_word' id='word_1_319' title='bbox 1245 2833 1342 2899; x_wconf 69' lang='grc' dir='ltr'>τῆς</span> <span class='ocrx_word' id='word_1_320' title='bbox 1384 2831 1550 2901; x_wconf 78' lang='grc' dir='ltr'>αὐτῆς</span> <span class='ocrx_word' id='word_1_321' title='bbox 1581 2828 1890 2907; x_wconf 74' lang='grc' dir='ltr'>ἑϐδομάδος</span> 
     </span>
    </p>
   </div>
   <div class='ocr_carea' id='block_1_47' title="bbox 239 2916 1890 2998">
    <p class='ocr_par' dir='ltr' id='par_1_47' title="bbox 239 2916 1890 2998">
     <span class='ocr_line' id='line_1_48' title="bbox 239 2916 1890 2998; baseline 0.005 -27"><span class='ocrx_word' id='word_1_322' title='bbox 239 2916 589 2992; x_wconf 86' lang='grc' dir='ltr'>συγκαλεῖται</span> <span class='ocrx_word' id='word_1_323' title='bbox 633 2917 710 2980; x_wconf 86' lang='grc' dir='ltr'><strong>είς</strong></span> <span class='ocrx_word' id='word_1_324' title='bbox 759 2917 992 2972; x_wconf 71' lang='grc' dir='ltr'>ἑστίασιν</span> <span class='ocrx_word' id='word_1_325' title='bbox 1055 2919 1158 2974; x_wconf 83' lang='grc' dir='ltr'>ὑπὸ</span> <span class='ocrx_word' id='word_1_326' title='bbox 1203 2925 1312 2974; x_wconf 81' lang='grc' dir='ltr'><strong>τῶν</strong></span> <span class='ocrx_word' id='word_1_327' title='bbox 1364 2927 1568 2977; x_wconf 82' lang='grc' dir='ltr'>πιστῶν</span> <span class='ocrx_word' id='word_1_328' title='bbox 1617 2921 1890 2998; x_wconf 70' lang='grc' dir='ltr'>βασιλέων</span> 
     </span>
    </p>
   </div>
   <div class='ocr_carea' id='block_1_48' title="bbox 239 3003 1891 3085">
    <p class='ocr_par' dir='ltr' id='par_1_48' title="bbox 239 3003 1891 3085">
     <span class='ocr_line' id='line_1_49' title="bbox 239 3003 1891 3085; baseline 0.005 -25"><span class='ocrx_word' id='word_1_329' title='bbox 239 3003 291 3060; x_wconf 83' lang='grc' dir='ltr'>ἐν</span> <span class='ocrx_word' id='word_1_330' title='bbox 331 3010 410 3078; x_wconf 81' lang='grc' dir='ltr'><strong>τῷ</strong></span> <span class='ocrx_word' id='word_1_331' title='bbox 451 3007 681 3082; x_wconf 87' lang='grc' dir='ltr'>μεγάλῳ</span> <span class='ocrx_word' id='word_1_332' title='bbox 713 3005 967 3080; x_wconf 87' lang='grc' dir='ltr'>παλατίῳ</span> <span class='ocrx_word' id='word_1_333' title='bbox 988 3008 1016 3063; x_wconf 85' lang='grc' dir='ltr'>ὁ</span> <span class='ocrx_word' id='word_1_334' title='bbox 1047 3008 1357 3083; x_wconf 81' lang='grc' dir='ltr'>ἁγιώτατος</span> <span class='ocrx_word' id='word_1_335' title='bbox 1388 3010 1479 3066; x_wconf 83' lang='grc' dir='ltr'><strong>καὶ</strong></span> <span class='ocrx_word' id='word_1_336' title='bbox 1510 3011 1891 3085; x_wconf 85' lang='grc' dir='ltr'>οἰκουμενικὸς</span> 
     </span>
    </p>
   </div>
   <div class='ocr_carea' id='block_1_49' title="bbox 240 3095 1894 3176">
    <p class='ocr_par' dir='ltr' id='par_1_49' title="bbox 240 3095 1894 3176">
     <span class='ocr_line' id='line_1_50' title="bbox 240 3095 1894 3176; baseline 0.004 -24"><span class='ocrx_word' id='word_1_337' title='bbox 240 3097 616 3172; x_wconf 78' lang='grc' dir='ltr'>πατριάρχης,</span> <span class='ocrx_word' id='word_1_338' title='bbox 648 3096 738 3152; x_wconf 76' lang='grc' dir='ltr'><strong>καὶ</strong></span> <span class='ocrx_word' id='word_1_339' title='bbox 785 3095 1222 3176; x_wconf 79' lang='grc' dir='ltr'>συνεισέρχονται</span> <span class='ocrx_word' id='word_1_340' title='bbox 1267 3098 1413 3171; x_wconf 82' lang='grc' dir='ltr'>αὐτῷ</span> <span class='ocrx_word' id='word_1_341' title='bbox 1466 3100 1894 3174; x_wconf 84' lang='grc' dir='ltr'>μητροπολῖται,</span> 
     </span>
    </p>
   </div>
   <div class='ocr_carea' id='block_1_50' title="bbox 248 3183 1888 3266">
    <p class='ocr_par' dir='ltr' id='par_1_50' title="bbox 248 3183 1888 3266">
     <span class='ocr_line' id='line_1_51' title="bbox 248 3183 1888 3266; baseline 0.004 -26"><span class='ocrx_word' id='word_1_342' title='bbox 248 3185 343 3246; x_wconf 75' lang='grc' dir='ltr'>οὓς</span> <span class='ocrx_word' id='word_1_343' title='bbox 402 3184 461 3240; x_wconf 78' lang='grc' dir='ltr'><strong>ἃν</strong></span> <span class='ocrx_word' id='word_1_344' title='bbox 505 3183 756 3261; x_wconf 81' lang='grc' dir='ltr'>βουληθῇ</span> <span class='ocrx_word' id='word_1_345' title='bbox 815 3186 843 3240; x_wconf 86' lang='grc' dir='ltr'>ὁ</span> <span class='ocrx_word' id='word_1_346' title='bbox 895 3185 1058 3248; x_wconf 80' lang='grc' dir='ltr'>αὐτὸς</span> <span class='ocrx_word' id='word_1_347' title='bbox 1100 3188 1472 3264; x_wconf 69' lang='grc' dir='ltr'>πατριάρχης,</span> <span class='ocrx_word' id='word_1_348' title='bbox 1511 3190 1600 3245; x_wconf 85' lang='grc' dir='ltr'><strong>καὶ</strong></span> <span class='ocrx_word' id='word_1_349' title='bbox 1631 3186 1713 3246; x_wconf 89' lang='grc' dir='ltr'><strong>δεῖ</strong></span> <span class='ocrx_word' id='word_1_350' title='bbox 1740 3193 1888 3266; x_wconf 77' lang='grc' dir='ltr'>ἡμᾶς</span> 
     </span>
    </p>
   </div>
   <div class='ocr_carea' id='block_1_51' title="bbox 236 3271 1885 3348">
    <p class='ocr_par' dir='ltr' id='par_1_51' title="bbox 236 3271 1885 3348">
     <span class='ocr_line' id='line_1_52' title="bbox 236 3271 1885 3348; baseline 0.005 -20"><span class='ocrx_word' id='word_1_351' title='bbox 236 3271 563 3348; x_wconf 79' lang='grc' dir='ltr'>εὐτρεπίζειν</span> <span class='ocrx_word' id='word_1_352' title='bbox 615 3273 694 3337; x_wconf 81' lang='grc' dir='ltr'>εἷς</span> <span class='ocrx_word' id='word_1_353' title='bbox 733 3275 931 3346; x_wconf 79' lang='grc' dir='ltr'>κλῆσιν</span> <span class='ocrx_word' id='word_1_354' title='bbox 975 3283 1080 3345; x_wconf 72' lang='grc' dir='ltr'>τῆς</span> <span class='ocrx_word' id='word_1_355' title='bbox 1128 3277 1314 3348; x_wconf 82' lang='grc' dir='ltr'>τιμίας</span> <span class='ocrx_word' id='word_1_356' title='bbox 1369 3276 1547 3334; x_wconf 82' lang='grc' dir='ltr'>αὐτῶν</span> <span class='ocrx_word' id='word_1_357' title='bbox 1605 3281 1885 3336; x_wconf 87' lang='grc' dir='ltr'>συνεστιά-</span> 
     </span>
    </p>
   </div>
   <div class='ocr_carea' id='block_1_52' title="bbox 237 3362 1883 3443">
    <p class='ocr_par' dir='ltr' id='par_1_52' title="bbox 237 3362 1883 3443">
     <span class='ocr_line' id='line_1_53' title="bbox 237 3362 1883 3443; baseline 0.004 -25"><span class='ocrx_word' id='word_1_358' title='bbox 237 3383 371 3426; x_wconf 85' lang='grc' dir='ltr'>σεως</span> <span class='ocrx_word' id='word_1_359' title='bbox 403 3362 453 3434; x_wconf 79' lang='grc' dir='ltr'><strong>ἐξ</strong></span> <span class='ocrx_word' id='word_1_360' title='bbox 486 3362 663 3419; x_wconf 74' lang='grc' dir='ltr'>αὐτων</span> <span class='ocrx_word' id='word_1_361' title='bbox 709 3367 817 3419; x_wconf 78' lang='grc' dir='ltr'><strong>τῶν</strong></span> <span class='ocrx_word' id='word_1_362' title='bbox 863 3363 1311 3440; x_wconf 82' lang='grc' dir='ltr'>μητροπολιτῶν,</span> <span class='ocrx_word' id='word_1_363' title='bbox 1363 3367 1460 3428; x_wconf 74' lang='grc' dir='ltr'>οὓς</span> <span class='ocrx_word' id='word_1_364' title='bbox 1502 3362 1561 3421; x_wconf 74' lang='grc' dir='ltr'><strong>ἄν</strong></span> <span class='ocrx_word' id='word_1_365' title='bbox 1594 3367 1764 3443; x_wconf 64' lang='grc' dir='ltr'>τύχῃ,</span> <span class='ocrx_word' id='word_1_366' title='bbox 1793 3369 1883 3424; x_wconf 83' lang='grc' dir='ltr'><strong>καὶ</strong></span> 
     </span>
    </p>
   </div>
   <div class='ocr_carea' id='block_1_53' title="bbox 234 3447 1885 3534">
    <p class='ocr_par' dir='ltr' id='par_1_53' title="bbox 234 3447 1885 3534">
     <span class='ocr_line' id='line_1_54' title="bbox 234 3447 1885 3534; baseline 0.004 -26"><span class='ocrx_word' id='word_1_367' title='bbox 234 3447 630 3527; x_wconf 66' lang='grc' dir='ltr'>πρεσϐυτέρους</span> <span class='ocrx_word' id='word_1_368' title='bbox 666 3457 764 3509; x_wconf 80' lang='grc' dir='ltr'><strong>τοῦ</strong></span> <span class='ocrx_word' id='word_1_369' title='bbox 808 3453 1052 3530; x_wconf 85' lang='grc' dir='ltr'>μεγάλου</span> <span class='ocrx_word' id='word_1_370' title='bbox 1093 3452 1364 3510; x_wconf 86' lang='grc' dir='ltr'>παλατίου</span> <span class='ocrx_word' id='word_1_371' title='bbox 1403 3450 1452 3526; x_wconf 77' lang='grc' dir='ltr'><strong>ἔξ</strong></span> <span class='ocrx_word' id='word_1_372' title='bbox 1497 3457 1590 3512; x_wconf 87' lang='grc' dir='ltr'><strong>καὶ</strong></span> <span class='ocrx_word' id='word_1_373' title='bbox 1638 3455 1885 3534; x_wconf 69' lang='grc' dir='ltr'>ἡγουμέ-</span> 
     </span>
    </p>
   </div>
   <div class='ocr_carea' id='block_1_54' title="bbox 237 3540 1882 3618">
    <p class='ocr_par' dir='ltr' id='par_1_54' title="bbox 237 3540 1882 3618">
     <span class='ocr_line' id='line_1_55' title="bbox 237 3540 1882 3618; baseline 0.005 -22"><span class='ocrx_word' id='word_1_374' title='bbox 237 3561 358 3605; x_wconf 85' lang='grc' dir='ltr'>νους</span> <span class='ocrx_word' id='word_1_375' title='bbox 394 3548 502 3599; x_wconf 80' lang='grc' dir='ltr'><strong>τῶν</strong></span> <span class='ocrx_word' id='word_1_376' title='bbox 538 3540 840 3618; x_wconf 79' lang='grc' dir='ltr'>βασιλικῶν</span> <span class='ocrx_word' id='word_1_377' title='bbox 878 3543 1137 3618; x_wconf 82' lang='grc' dir='ltr'>μεγάλων</span> <span class='ocrx_word' id='word_1_378' title='bbox 1183 3545 1588 3618; x_wconf 85' lang='grc' dir='ltr'>μοναστηρίων,</span> <span class='ocrx_word' id='word_1_379' title='bbox 1631 3545 1793 3613; x_wconf 79' lang='grc' dir='ltr'>ὅσους</span> <span class='ocrx_word' id='word_1_380' title='bbox 1823 3544 1882 3604; x_wconf 78' lang='grc' dir='ltr'><strong>ἅν</strong></span> 
     </span>
    </p>
   </div>
   <div class='ocr_carea' id='block_1_55' title="bbox 238 3630 1887 3714">
    <p class='ocr_par' dir='ltr' id='par_1_55' title="bbox 238 3630 1887 3714">
     <span class='ocr_line' id='line_1_56' title="bbox 238 3630 1887 3714; baseline 0.005 -29"><span class='ocrx_word' id='word_1_381' title='bbox 238 3630 366 3686; x_wconf 76' lang='grc' dir='ltr'>εἶναι</span> <span class='ocrx_word' id='word_1_382' title='bbox 408 3632 574 3706; x_wconf 65' lang='grc' dir='ltr'>τύχῃ,</span> <span class='ocrx_word' id='word_1_383' title='bbox 631 3633 721 3687; x_wconf 81' lang='grc' dir='ltr'><strong>καὶ</strong></span> <span class='ocrx_word' id='word_1_384' title='bbox 782 3634 1124 3708; x_wconf 79' lang='grc' dir='ltr'>σεκρετικοὺς</span> <span class='ocrx_word' id='word_1_385' title='bbox 1174 3631 1426 3698; x_wconf 85' lang='grc' dir='ltr'>παπάδας</span> <span class='ocrx_word' id='word_1_386' title='bbox 1474 3639 1571 3690; x_wconf 77' lang='grc' dir='ltr'><strong>τοῦ</strong></span> <span class='ocrx_word' id='word_1_387' title='bbox 1617 3639 1887 3714; x_wconf 71' lang='grc' dir='ltr'>πατριάρο</span> 
     </span>
    </p>
   </div>
   <div class='ocr_carea' id='block_1_56' title="bbox 1984 1939 3624 2014">
    <p class='ocr_par' dir='ltr' id='par_1_56' title="bbox 1984 1939 3624 2014">
     <span class='ocr_line' id='line_1_57' title="bbox 1984 1939 3624 2014; baseline 0.002 -21"><span class='ocrx_word' id='word_1_388' title='bbox 1984 1939 2231 2010; x_wconf 89' lang='lat' dir='ltr'><strong>tempori</strong></span> <span class='ocrx_word' id='word_1_389' title='bbox 2262 1955 2602 2010; x_wconf 77' lang='lat' dir='ltr'><strong>congruum,</strong></span> <span class='ocrx_word' id='word_1_390' title='bbox 2634 1939 2706 1995; x_wconf 92' lang='lat' dir='ltr'><strong>de</strong></span> <span class='ocrx_word' id='word_1_391' title='bbox 2745 1940 2974 2012; x_wconf 90' lang='lat' dir='ltr'><strong>jejunio</strong></span> <span class='ocrx_word' id='word_1_392' title='bbox 3009 1940 3252 2012; x_wconf 86' lang='lat' dir='ltr'><strong>scilicet,</strong></span> <span class='ocrx_word' id='word_1_393' title='bbox 3295 1942 3624 2014; x_wconf 85' lang='lat' dir='ltr'><strong>praelegere.</strong></span> 
     </span>
    </p>
   </div>
   <div class='ocr_carea' id='block_1_57' title="bbox 1984 2029 3628 2104">
    <p class='ocr_par' dir='ltr' id='par_1_57' title="bbox 1984 2029 3628 2104">
     <span class='ocr_line' id='line_1_58' title="bbox 1984 2029 3628 2104; baseline 0.002 -18"><span class='ocrx_word' id='word_1_394' title='bbox 1984 2029 2172 2086; x_wconf 87' lang='lat' dir='ltr'><strong>Finita</strong></span> <span class='ocrx_word' id='word_1_395' title='bbox 2203 2030 2540 2086; x_wconf 84' lang='lat' dir='ltr'><strong>recitatione</strong></span> <span class='ocrx_word' id='word_1_396' title='bbox 2569 2030 2749 2086; x_wconf 88' lang='lat' dir='ltr'><strong>totius</strong></span> <span class='ocrx_word' id='word_1_397' title='bbox 2772 2030 3060 2088; x_wconf 86' lang='lat' dir='ltr'><strong>sermonis</strong></span> <span class='ocrx_word' id='word_1_398' title='bbox 3078 2036 3136 2088; x_wconf 91' lang='lat' dir='ltr'><strong>et</strong></span> <span class='ocrx_word' id='word_1_399' title='bbox 3167 2036 3295 2104; x_wconf 90' lang='lat' dir='ltr'><strong>post</strong></span> <span class='ocrx_word' id='word_1_400' title='bbox 3324 2031 3628 2090; x_wconf 88' lang='lat' dir='ltr'><strong>introitum</strong></span> 
     </span>
    </p>
   </div>
   <div class='ocr_carea' id='block_1_58' title="bbox 1979 2118 3629 2190">
    <p class='ocr_par' dir='ltr' id='par_1_58' title="bbox 1979 2118 3629 2190">
     <span class='ocr_line' id='line_1_59' title="bbox 1979 2118 3629 2190; baseline 0.003 -17"><span class='ocrx_word' id='word_1_401' title='bbox 1979 2118 2348 2190; x_wconf 88' lang='lat' dir='ltr'><strong>jusculorum</strong></span> <span class='ocrx_word' id='word_1_402' title='bbox 2379 2135 2410 2175; x_wconf 91' lang='lat' dir='ltr'><strong>e</strong></span> <span class='ocrx_word' id='word_1_403' title='bbox 2441 2135 2608 2176; x_wconf 87' lang='lat' dir='ltr'><strong>caseo</strong></span> <span class='ocrx_word' id='word_1_404' title='bbox 2637 2129 2933 2177; x_wconf 90' lang='lat' dir='ltr'><strong>coctorum</strong></span> <span class='ocrx_word' id='word_1_405' title='bbox 2965 2120 3420 2178; x_wconf 87' lang='lat' dir='ltr'><strong>introducuntur</strong></span> <span class='ocrx_word' id='word_1_406' title='bbox 3455 2123 3629 2179; x_wconf 90' lang='lat' dir='ltr'><strong>ambo</strong></span> 
     </span>
    </p>
   </div>
   <div class='ocr_carea' id='block_1_59' title="bbox 1989 2207 3629 2283">
    <p class='ocr_par' dir='ltr' id='par_1_59' title="bbox 1989 2207 3629 2283">
     <span class='ocr_line' id='line_1_60' title="bbox 1989 2207 3629 2283; baseline 0.001 -19"><span class='ocrx_word' id='word_1_407' title='bbox 1989 2207 2184 2280; x_wconf 67' lang='lat' dir='ltr'><strong>psaltis</strong></span> <span class='ocrx_word' id='word_1_408' title='bbox 2215 2207 2298 2279; x_wconf 87' lang='lat' dir='ltr'><strong>[id</strong></span> <span class='ocrx_word' id='word_1_409' title='bbox 2326 2215 2415 2264; x_wconf 86' lang='lat' dir='ltr'><strong>est</strong></span> <span class='ocrx_word' id='word_1_410' title='bbox 2453 2213 2716 2265; x_wconf 88' lang='lat' dir='ltr'><strong>cantores</strong></span> <span class='ocrx_word' id='word_1_411' title='bbox 2764 2216 2880 2264; x_wconf 82' lang='lat' dir='ltr'><strong>tam</strong></span> <span class='ocrx_word' id='word_1_412' title='bbox 2931 2225 3000 2265; x_wconf 82' lang='lat' dir='ltr'><strong>ex</strong></span> <span class='ocrx_word' id='word_1_413' title='bbox 3037 2210 3257 2282; x_wconf 89' lang='lat' dir='ltr'><strong>templo</strong></span> <span class='ocrx_word' id='word_1_414' title='bbox 3287 2211 3342 2266; x_wconf 90' lang='lat' dir='ltr'><strong>S.</strong></span> <span class='ocrx_word' id='word_1_415' title='bbox 3379 2211 3629 2283; x_wconf 69' lang='lat' dir='ltr'><strong>Sophiaa,</strong></span> 
     </span>
    </p>
   </div>
   <div class='ocr_carea' id='block_1_60' title="bbox 1991 2297 3633 2371">
    <p class='ocr_par' dir='ltr' id='par_1_60' title="bbox 1991 2297 3633 2371">
     <span class='ocr_line' id='line_1_61' title="bbox 1991 2297 3633 2371; baseline 0.001 -18"><span class='ocrx_word' id='word_1_416' title='bbox 1991 2313 2164 2371; x_wconf 89' lang='lat' dir='ltr'><strong>quam</strong></span> <span class='ocrx_word' id='word_1_417' title='bbox 2197 2313 2263 2353; x_wconf 84' lang='lat' dir='ltr'><strong>ex</strong></span> <span class='ocrx_word' id='word_1_418' title='bbox 2298 2297 2512 2370; x_wconf 90' lang='lat' dir='ltr'><strong>templo</strong></span> <span class='ocrx_word' id='word_1_419' title='bbox 2538 2298 2638 2354; x_wconf 91' lang='lat' dir='ltr'><strong>SS.</strong></span> <span class='ocrx_word' id='word_1_420' title='bbox 2672 2297 3105 2370; x_wconf 86' lang='lat' dir='ltr'><strong>Apostolorum]</strong></span> <span class='ocrx_word' id='word_1_421' title='bbox 3137 2315 3260 2354; x_wconf 87' lang='lat' dir='ltr'><strong>cum</strong></span> <span class='ocrx_word' id='word_1_422' title='bbox 3291 2315 3398 2354; x_wconf 92' lang='lat' dir='ltr'><strong>suo</strong></span> <span class='ocrx_word' id='word_1_423' title='bbox 3429 2299 3633 2354; x_wconf 89' lang='lat' dir='ltr'><strong>dome-</strong></span> 
     </span>
    </p>
   </div>
   <div class='ocr_carea' id='block_1_61' title="bbox 1991 2386 3637 2454">
    <p class='ocr_par' dir='ltr' id='par_1_61' title="bbox 1991 2386 3637 2454">
     <span class='ocr_line' id='line_1_62' title="bbox 1991 2386 3637 2454; baseline 0 -11"><span class='ocrx_word' id='word_1_424' title='bbox 1991 2388 2158 2454; x_wconf 92' lang='lat' dir='ltr'><strong>stico,</strong></span> <span class='ocrx_word' id='word_1_425' title='bbox 2191 2387 2261 2442; x_wconf 91' lang='lat' dir='ltr'><strong>ad</strong></span> <span class='ocrx_word' id='word_1_426' title='bbox 2298 2402 2604 2442; x_wconf 89' lang='lat' dir='ltr'><strong>numerum</strong></span> <span class='ocrx_word' id='word_1_427' title='bbox 2630 2387 2957 2442; x_wconf 88' lang='lat' dir='ltr'><strong>duodecim.</strong></span> <span class='ocrx_word' id='word_1_428' title='bbox 2984 2386 3202 2442; x_wconf 89' lang='lat' dir='ltr'><strong>Pariter</strong></span> <span class='ocrx_word' id='word_1_429' title='bbox 3221 2386 3399 2443; x_wconf 91' lang='lat' dir='ltr'><strong>etiam</strong></span> <span class='ocrx_word' id='word_1_430' title='bbox 3425 2387 3637 2443; x_wconf 90' lang='lat' dir='ltr'><strong>utrius-</strong></span> 
     </span>
    </p>
   </div>
   <div class='ocr_carea' id='block_1_62' title="bbox 1994 2475 3634 2548">
    <p class='ocr_par' dir='ltr' id='par_1_62' title="bbox 1994 2475 3634 2548">
     <span class='ocr_line' id='line_1_63' title="bbox 1994 2475 3634 2548; baseline 0 -16"><span class='ocrx_word' id='word_1_431' title='bbox 1994 2493 2106 2548; x_wconf 87' lang='lat' dir='ltr'><strong>que</strong></span> <span class='ocrx_word' id='word_1_432' title='bbox 2133 2476 2338 2548; x_wconf 80' lang='lat' dir='ltr'><strong>templi</strong></span> <span class='ocrx_word' id='word_1_433' title='bbox 2373 2480 2707 2548; x_wconf 68' lang='lat' dir='ltr'><strong>anagnostaa</strong></span> <span class='ocrx_word' id='word_1_434' title='bbox 2737 2475 2826 2530; x_wconf 80' lang='lat' dir='ltr'><strong>vel</strong></span> <span class='ocrx_word' id='word_1_435' title='bbox 2858 2475 3101 2532; x_wconf 89' lang='lat' dir='ltr'><strong>lectores</strong></span> <span class='ocrx_word' id='word_1_436' title='bbox 3132 2492 3265 2532; x_wconf 92' lang='lat' dir='ltr'><strong>cum</strong></span> <span class='ocrx_word' id='word_1_437' title='bbox 3298 2492 3405 2532; x_wconf 92' lang='lat' dir='ltr'><strong>suo</strong></span> <span class='ocrx_word' id='word_1_438' title='bbox 3436 2476 3634 2532; x_wconf 88' lang='lat' dir='ltr'><strong>dome-</strong></span> 
     </span>
    </p>
   </div>
   <div class='ocr_carea' id='block_1_63' title="bbox 1994 2565 3637 2632">
    <p class='ocr_par' dir='ltr' id='par_1_63' title="bbox 1994 2565 3637 2632">
     <span class='ocr_line' id='line_1_64' title="bbox 1994 2565 3637 2632; baseline -0.001 -10"><span class='ocrx_word' id='word_1_439' title='bbox 1994 2565 2136 2622; x_wconf 91' lang='lat' dir='ltr'><strong>stico</strong></span> <span class='ocrx_word' id='word_1_440' title='bbox 2192 2566 2642 2620; x_wconf 88' lang='lat' dir='ltr'><strong>introducuntur</strong></span> <span class='ocrx_word' id='word_1_441' title='bbox 2708 2565 2984 2632; x_wconf 88' lang='lat' dir='ltr'><strong>totidem;</strong></span> <span class='ocrx_word' id='word_1_442' title='bbox 3035 2571 3092 2620; x_wconf 90' lang='lat' dir='ltr'><strong>et</strong></span> <span class='ocrx_word' id='word_1_443' title='bbox 3147 2565 3509 2622; x_wconf 87' lang='lat' dir='ltr'><strong>collocantur</strong></span> <span class='ocrx_word' id='word_1_444' title='bbox 3565 2565 3637 2621; x_wconf 89' lang='lat' dir='ltr'><strong>ad</strong></span> 
     </span>
    </p>
   </div>
   <div class='ocr_carea' id='block_1_64' title="bbox 1995 2653 3640 2726">
    <p class='ocr_par' dir='ltr' id='par_1_64' title="bbox 1995 2653 3640 2726">
     <span class='ocr_line' id='line_1_65' title="bbox 1995 2653 3640 2726; baseline -0.001 -16"><span class='ocrx_word' id='word_1_445' title='bbox 1995 2661 2306 2726; x_wconf 87' lang='lat' dir='ltr'><strong>utramque</strong></span> <span class='ocrx_word' id='word_1_446' title='bbox 2335 2671 2548 2710; x_wconf 74' lang='lat' dir='ltr'><strong>mensis</strong></span> <span class='ocrx_word' id='word_1_447' title='bbox 2577 2659 2821 2726; x_wconf 86' lang='lat' dir='ltr'><strong>partem.</strong></span> <span class='ocrx_word' id='word_1_448' title='bbox 2857 2653 3064 2710; x_wconf 88' lang='lat' dir='ltr'><strong>Eorum</strong></span> <span class='ocrx_word' id='word_1_449' title='bbox 3095 2658 3179 2710; x_wconf 85' lang='lat' dir='ltr'><strong>est</strong></span> <span class='ocrx_word' id='word_1_450' title='bbox 3210 2669 3438 2710; x_wconf 86' lang='lat' dir='ltr'><strong>sacrum</strong></span> <span class='ocrx_word' id='word_1_451' title='bbox 3470 2654 3640 2726; x_wconf 81' lang='lat' dir='ltr'><strong>bym-</strong></span> 
     </span>
    </p>
   </div>
   <div class='ocr_carea' id='block_1_65' title="bbox 1998 2741 3642 2814">
    <p class='ocr_par' dir='ltr' id='par_1_65' title="bbox 1998 2741 3642 2814">
     <span class='ocr_line' id='line_1_66' title="bbox 1998 2741 3642 2814; baseline -0.001 -14"><span class='ocrx_word' id='word_1_452' title='bbox 1998 2761 2137 2800; x_wconf 91' lang='lat' dir='ltr'><strong>num</strong></span> <span class='ocrx_word' id='word_1_453' title='bbox 2198 2761 2266 2799; x_wconf 82' lang='lat' dir='ltr'><strong>ex</strong></span> <span class='ocrx_word' id='word_1_454' title='bbox 2323 2744 2438 2799; x_wconf 90' lang='lat' dir='ltr'><strong>ritu</strong></span> <span class='ocrx_word' id='word_1_455' title='bbox 2499 2751 2774 2799; x_wconf 86' lang='lat' dir='ltr'><strong>consueto</strong></span> <span class='ocrx_word' id='word_1_456' title='bbox 2829 2744 3139 2799; x_wconf 88' lang='lat' dir='ltr'><strong>decantare</strong></span> <span class='ocrx_word' id='word_1_457' title='bbox 3168 2744 3189 2764; x_wconf 88' lang='grc'><strong><em>⁸</em></strong></span> <span class='ocrx_word' id='word_1_458' title='bbox 3216 2744 3234 2763; x_wconf 85' lang='grc'>⁸</span> <span class='ocrx_word' id='word_1_459' title='bbox 3261 2742 3281 2763; x_wconf 89' lang='grc'><strong><em>⁸</em></strong></span> <span class='ocrx_word' id='word_1_460' title='bbox 3307 2743 3347 2798; x_wconf 84' lang='grc'><strong>⁸.</strong></span> <span class='ocrx_word' id='word_1_461' title='bbox 3383 2741 3642 2814; x_wconf 83' lang='lat' dir='ltr'><strong>Reliquis</strong></span> 
     </span>
    </p>
   </div>
   <div class='ocr_carea' id='block_1_66' title="bbox 1999 2831 3644 2905">
    <p class='ocr_par' dir='ltr' id='par_1_66' title="bbox 1999 2831 3644 2905">
     <span class='ocr_line' id='line_1_67' title="bbox 1999 2831 3644 2905; baseline -0.001 -15"><span class='ocrx_word' id='word_1_462' title='bbox 1999 2843 2192 2890; x_wconf 87' lang='lat' dir='ltr'><strong>autem</strong></span> <span class='ocrx_word' id='word_1_463' title='bbox 2223 2833 2497 2890; x_wconf 90' lang='lat' dir='ltr'><strong>omnibus</strong></span> <span class='ocrx_word' id='word_1_464' title='bbox 2529 2837 2753 2888; x_wconf 82' lang='lat' dir='ltr'><strong>tantum</strong></span> <span class='ocrx_word' id='word_1_465' title='bbox 2781 2831 3020 2905; x_wconf 86' lang='lat' dir='ltr'><strong>singuli.</strong></span> <span class='ocrx_word' id='word_1_466' title='bbox 3055 2832 3265 2896; x_wconf 83' lang='lat' dir='ltr'><strong>Quinta</strong></span> <span class='ocrx_word' id='word_1_467' title='bbox 3314 2833 3457 2888; x_wconf 84' lang='lat' dir='ltr'><strong>feria</strong></span> <span class='ocrx_word' id='word_1_468' title='bbox 3483 2833 3644 2904; x_wconf 78' lang='lat' dir='ltr'><strong>ejus-</strong></span> 
     </span>
    </p>
   </div>
   <div class='ocr_carea' id='block_1_67' title="bbox 2002 2921 3643 2994">
    <p class='ocr_par' dir='ltr' id='par_1_67' title="bbox 2002 2921 3643 2994">
     <span class='ocr_line' id='line_1_68' title="bbox 2002 2921 3643 2994; baseline -0.002 -14"><span class='ocrx_word' id='word_1_469' title='bbox 2002 2925 2132 2980; x_wconf 90' lang='lat' dir='ltr'><strong>dem</strong></span> <span class='ocrx_word' id='word_1_470' title='bbox 2165 2923 2503 2994; x_wconf 64' lang='lat' dir='ltr'><strong>septimanm</strong></span> <span class='ocrx_word' id='word_1_471' title='bbox 2533 2922 2814 2978; x_wconf 87' lang='lat' dir='ltr'><strong>invitatur</strong></span> <span class='ocrx_word' id='word_1_472' title='bbox 2844 2923 2916 2977; x_wconf 89' lang='lat' dir='ltr'><strong>ad</strong></span> <span class='ocrx_word' id='word_1_473' title='bbox 2949 2921 3276 2978; x_wconf 89' lang='lat' dir='ltr'><strong>convivium</strong></span> <span class='ocrx_word' id='word_1_474' title='bbox 3308 2938 3342 2977; x_wconf 88' lang='lat' dir='ltr'><strong>a</strong></span> <span class='ocrx_word' id='word_1_475' title='bbox 3372 2922 3643 2977; x_wconf 82' lang='lat' dir='ltr'><strong>ﬁdelibus</strong></span> 
     </span>
    </p>
   </div>
   <div class='ocr_carea' id='block_1_68' title="bbox 2003 3009 3642 3085">
    <p class='ocr_par' dir='ltr' id='par_1_68' title="bbox 2003 3009 3642 3085">
     <span class='ocr_line' id='line_1_69' title="bbox 2003 3009 3642 3085; baseline -0.002 -16"><span class='ocrx_word' id='word_1_476' title='bbox 2003 3014 2451 3085; x_wconf 87' lang='lat' dir='ltr'><strong>imperatoribus</strong></span> <span class='ocrx_word' id='word_1_477' title='bbox 2483 3013 2541 3067; x_wconf 92' lang='lat' dir='ltr'><strong>in</strong></span> <span class='ocrx_word' id='word_1_478' title='bbox 2574 3027 2854 3084; x_wconf 87' lang='lat' dir='ltr'><strong>magnum</strong></span> <span class='ocrx_word' id='word_1_479' title='bbox 2905 3011 3182 3084; x_wconf 83' lang='lat' dir='ltr'><strong>palatium</strong></span> <span class='ocrx_word' id='word_1_480' title='bbox 3233 3009 3642 3067; x_wconf 86' lang='lat' dir='ltr'><strong>sanctissimus</strong></span> 
     </span>
    </p>
   </div>
   <div class='ocr_carea' id='block_1_69' title="bbox 2005 3098 3642 3173">
    <p class='ocr_par' dir='ltr' id='par_1_69' title="bbox 2005 3098 3642 3173">
     <span class='ocr_line' id='line_1_70' title="bbox 2005 3098 3642 3173; baseline -0.002 -15"><span class='ocrx_word' id='word_1_481' title='bbox 2005 3111 2056 3158; x_wconf 90' lang='lat' dir='ltr'><strong>et</strong></span> <span class='ocrx_word' id='word_1_482' title='bbox 2073 3103 2466 3159; x_wconf 76' lang='lat' dir='ltr'><strong>mcumenicus</strong></span> <span class='ocrx_word' id='word_1_483' title='bbox 2491 3101 2843 3173; x_wconf 86' lang='lat' dir='ltr'><strong>patriarcha,</strong></span> <span class='ocrx_word' id='word_1_484' title='bbox 2866 3100 2989 3171; x_wconf 89' lang='lat' dir='ltr'><strong>qui,</strong></span> <span class='ocrx_word' id='word_1_485' title='bbox 3011 3116 3156 3172; x_wconf 91' lang='lat' dir='ltr'><strong>quos</strong></span> <span class='ocrx_word' id='word_1_486' title='bbox 3172 3098 3642 3166; x_wconf 89' lang='lat' dir='ltr'><strong>voluerit,secum</strong></span> 
     </span>
    </p>
   </div>
   <div class='ocr_carea' id='block_1_70' title="bbox 2005 3186 3642 3260">
    <p class='ocr_par' dir='ltr' id='par_1_70' title="bbox 2005 3186 3642 3260">
     <span class='ocr_line' id='line_1_71' title="bbox 2005 3186 3642 3260; baseline -0.002 -14"><span class='ocrx_word' id='word_1_487' title='bbox 2005 3191 2188 3246; x_wconf 87' lang='lat' dir='ltr'><strong>sumit</strong></span> <span class='ocrx_word' id='word_1_488' title='bbox 2219 3188 2640 3260; x_wconf 87' lang='lat' dir='ltr'><strong>metropolitas.</strong></span> <span class='ocrx_word' id='word_1_489' title='bbox 2673 3189 2908 3260; x_wconf 87' lang='lat' dir='ltr'><strong>Oportet</strong></span> <span class='ocrx_word' id='word_1_490' title='bbox 2938 3205 3041 3245; x_wconf 90' lang='lat' dir='ltr'><strong>nos</strong></span> <span class='ocrx_word' id='word_1_491' title='bbox 3069 3190 3136 3243; x_wconf 85' lang='lat' dir='ltr'><strong>ad</strong></span> <span class='ocrx_word' id='word_1_492' title='bbox 3169 3186 3642 3244; x_wconf 89' lang='lat' dir='ltr'><strong>communionem</strong></span> 
     </span>
    </p>
   </div>
   <div class='ocr_carea' id='block_1_71' title="bbox 2004 3275 3642 3347">
    <p class='ocr_par' dir='ltr' id='par_1_71' title="bbox 2004 3275 3642 3347">
     <span class='ocr_line' id='line_1_72' title="bbox 2004 3275 3642 3347; baseline -0.005 -9"><span class='ocrx_word' id='word_1_493' title='bbox 2004 3280 2351 3338; x_wconf 82' lang='lat' dir='ltr'><strong>venerabilis</strong></span> <span class='ocrx_word' id='word_1_494' title='bbox 2399 3279 2563 3334; x_wconf 88' lang='lat' dir='ltr'><strong>illius</strong></span> <span class='ocrx_word' id='word_1_495' title='bbox 2622 3277 2864 3333; x_wconf 88' lang='lat' dir='ltr'><strong>convivii</strong></span> <span class='ocrx_word' id='word_1_496' title='bbox 2931 3277 3174 3333; x_wconf 86' lang='lat' dir='ltr'><strong>invitare</strong></span> <span class='ocrx_word' id='word_1_497' title='bbox 3242 3275 3642 3347; x_wconf 81' lang='lat' dir='ltr'><strong>metropolitus</strong></span> 
     </span>
    </p>
   </div>
   <div class='ocr_carea' id='block_1_72' title="bbox 1998 3364 3645 3443">
    <p class='ocr_par' dir='ltr' id='par_1_72' title="bbox 1998 3364 3645 3443">
     <span class='ocr_line' id='line_1_73' title="bbox 1998 3364 3645 3443; baseline -0.002 -18"><span class='ocrx_word' id='word_1_498' title='bbox 1998 3375 2370 3443; x_wconf 87' lang='lat' dir='ltr'><strong>quotcunque</strong></span> <span class='ocrx_word' id='word_1_499' title='bbox 2392 3369 2626 3423; x_wconf 87' lang='lat' dir='ltr'><strong>tandem</strong></span> <span class='ocrx_word' id='word_1_500' title='bbox 2653 3367 2712 3422; x_wconf 89' lang='lat' dir='ltr'><strong>in</strong></span> <span class='ocrx_word' id='word_1_501' title='bbox 2745 3365 2886 3423; x_wconf 86' lang='lat' dir='ltr'><strong>urbe</strong></span> <span class='ocrx_word' id='word_1_502' title='bbox 2918 3370 3256 3439; x_wconf 68' lang='lat' dir='ltr'><strong>praesentes,</strong></span> <span class='ocrx_word' id='word_1_503' title='bbox 3283 3364 3645 3438; x_wconf 83' lang='lat' dir='ltr'><strong>presbyteros</strong></span> 
     </span>
    </p>
   </div>
   <div class='ocr_carea' id='block_1_73' title="bbox 1997 3455 3646 3532">
    <p class='ocr_par' dir='ltr' id='par_1_73' title="bbox 1997 3455 3646 3532">
     <span class='ocr_line' id='line_1_74' title="bbox 1997 3455 3646 3532; baseline -0.003 -16"><span class='ocrx_word' id='word_1_504' title='bbox 1997 3461 2192 3532; x_wconf 82' lang='lat' dir='ltr'><strong>magni</strong></span> <span class='ocrx_word' id='word_1_505' title='bbox 2218 3457 2417 3530; x_wconf 89' lang='lat' dir='ltr'><strong>palatii</strong></span> <span class='ocrx_word' id='word_1_506' title='bbox 2449 3475 2576 3524; x_wconf 79' lang='lat' dir='ltr'><strong>sex;</strong></span> <span class='ocrx_word' id='word_1_507' title='bbox 2604 3458 2964 3529; x_wconf 88' lang='lat' dir='ltr'><strong>hegumenos</strong></span> <span class='ocrx_word' id='word_1_508' title='bbox 2984 3471 3333 3528; x_wconf 90' lang='lat' dir='ltr'><strong>magnorum</strong></span> <span class='ocrx_word' id='word_1_509' title='bbox 3366 3455 3646 3528; x_wconf 89' lang='lat' dir='ltr'><strong>imperia-</strong></span> 
     </span>
    </p>
   </div>
   <div class='ocr_carea' id='block_1_74' title="bbox 1995 3545 3648 3618">
    <p class='ocr_par' dir='ltr' id='par_1_74' title="bbox 1995 3545 3648 3618">
     <span class='ocr_line' id='line_1_75' title="bbox 1995 3545 3648 3618; baseline -0.002 -14"><span class='ocrx_word' id='word_1_510' title='bbox 1995 3549 2142 3606; x_wconf 90' lang='lat' dir='ltr'><strong>lium</strong></span> <span class='ocrx_word' id='word_1_511' title='bbox 2176 3546 2653 3604; x_wconf 87' lang='lat' dir='ltr'><strong>monasteriorum</strong></span> <span class='ocrx_word' id='word_1_512' title='bbox 2681 3551 3058 3618; x_wconf 90' lang='lat' dir='ltr'><strong>quotcunque</strong></span> <span class='ocrx_word' id='word_1_513' title='bbox 3082 3545 3348 3613; x_wconf 83' lang='lat' dir='ltr'><strong>tandem;</strong></span> <span class='ocrx_word' id='word_1_514' title='bbox 3373 3548 3430 3600; x_wconf 90' lang='lat' dir='ltr'><strong>et</strong></span> <span class='ocrx_word' id='word_1_515' title='bbox 3460 3560 3648 3601; x_wconf 83' lang='lat' dir='ltr'><strong>secre-</strong></span> 
     </span>
    </p>
   </div>
   <div class='ocr_carea' id='block_1_75' title="bbox 1999 3633 3650 3711">
    <p class='ocr_par' dir='ltr' id='par_1_75' title="bbox 1999 3633 3650 3711">
     <span class='ocr_line' id='line_1_76' title="bbox 1999 3633 3650 3711; baseline -0.004 -15"><span class='ocrx_word' id='word_1_516' title='bbox 1999 3639 2142 3696; x_wconf 90' lang='lat' dir='ltr'><strong>tales</strong></span> <span class='ocrx_word' id='word_1_517' title='bbox 2185 3637 2524 3711; x_wconf 59' lang='lat' dir='ltr'><strong>patriarcha</strong></span> <span class='ocrx_word' id='word_1_518' title='bbox 2575 3637 2853 3710; x_wconf 87' lang='lat' dir='ltr'><strong>papades,</strong></span> <span class='ocrx_word' id='word_1_519' title='bbox 2889 3639 3030 3708; x_wconf 90' lang='lat' dir='ltr'><strong>quot</strong></span> <span class='ocrx_word' id='word_1_520' title='bbox 3062 3651 3264 3692; x_wconf 90' lang='lat' dir='ltr'><strong>mensa</strong></span> <span class='ocrx_word' id='word_1_521' title='bbox 3312 3633 3524 3707; x_wconf 87' lang='lat' dir='ltr'><strong>capiat.</strong></span> <span class='ocrx_word' id='word_1_522' title='bbox 3560 3633 3650 3691; x_wconf 88' lang='lat' dir='ltr'><strong>In-</strong></span> 
     </span>
    </p>
   </div>
   <div class='ocr_carea' id='block_1_76' title="bbox 1292 3831 2604 3892">
    <p class='ocr_par' dir='ltr' id='par_1_76' title="bbox 1292 3831 2604 3892">
     <span class='ocr_line' id='line_1_77' title="bbox 1292 3831 2604 3892; baseline -0.001 -4"><span class='ocrx_word' id='word_1_523' title='bbox 1292 3831 1492 3889; x_wconf 84' lang='lat' dir='ltr'><strong>JOAN.</strong></span> <span class='ocrx_word' id='word_1_524' title='bbox 1532 3834 1676 3890; x_wconf 82' lang='lat' dir='ltr'><strong>JAC.</strong></span> <span class='ocrx_word' id='word_1_525' title='bbox 1717 3834 1978 3892; x_wconf 77' lang='lat' dir='ltr'><strong>REISKII</strong></span> <span class='ocrx_word' id='word_1_526' title='bbox 2015 3831 2604 3892; x_wconf 81' lang='lat' dir='ltr'><strong>COMMENTARIUS.</strong></span> 
     </span>
    </p>
   </div>
   <div class='ocr_carea' id='block_1_77' title="bbox 309 4006 1882 4080">
    <p class='ocr_par' dir='ltr' id='par_1_77' title="bbox 309 4006 1882 4080">
     <span class='ocr_line' id='line_1_78' title="bbox 309 4006 1882 4080; baseline 0.002 -18"><span class='ocrx_word' id='word_1_527' title='bbox 309 4009 421 4080; x_wconf 74' lang='grc'>(84)</span> <span class='ocrx_word' id='word_1_528' title='bbox 450 4007 546 4064; x_wconf 89' lang='lat' dir='ltr'><strong>Sic</strong></span> <span class='ocrx_word' id='word_1_529' title='bbox 595 4006 1076 4080; x_wconf 81' lang='lat' dir='ltr'><strong>appellaturilla</strong></span> <span class='ocrx_word' id='word_1_530' title='bbox 1119 4007 1475 4080; x_wconf 87' lang='lat' dir='ltr'><strong>septimana,</strong></span> <span class='ocrx_word' id='word_1_531' title='bbox 1507 4025 1632 4080; x_wconf 66' lang='lat' dir='ltr'><strong>qua</strong></span> <span class='ocrx_word' id='word_1_532' title='bbox 1685 4011 1882 4067; x_wconf 89' lang='lat' dir='ltr'><strong>Domi-</strong></span> 
     </span>
    </p>
   </div>
   <div class='ocr_carea' id='block_1_78' title="bbox 247 4078 1883 4154">
    <p class='ocr_par' dir='ltr' id='par_1_78' title="bbox 247 4078 1883 4154">
     <span class='ocr_line' id='line_1_79' title="bbox 247 4078 1883 4154; baseline 0.001 -18"><span class='ocrx_word' id='word_1_533' title='bbox 247 4078 431 4136; x_wconf 81' lang='lat' dir='ltr'><strong>nicam</strong></span> <span class='ocrx_word' id='word_1_534' title='bbox 461 4078 1032 4154; x_wconf 76' lang='lat' dir='ltr'><strong>Carnispriviinobis</strong></span> <span class='ocrx_word' id='word_1_535' title='bbox 1056 4078 1564 4154; x_wconf 72' lang='lat' dir='ltr'><strong>Quinquagesimie</strong></span> <span class='ocrx_word' id='word_1_536' title='bbox 1594 4086 1883 4154; x_wconf 87' lang='lat' dir='ltr'><strong>sequitur,</strong></span> 
     </span>
    </p>
   </div>
   <div class='ocr_carea' id='block_1_79' title="bbox 246 4151 1883 4222">
    <p class='ocr_par' dir='ltr' id='par_1_79' title="bbox 246 4151 1883 4222">
     <span class='ocr_line' id='line_1_80' title="bbox 246 4151 1883 4222; baseline 0.002 -16"><span class='ocrx_word' id='word_1_537' title='bbox 246 4169 355 4222; x_wconf 91' lang='lat' dir='ltr'><strong>qua</strong></span> <span class='ocrx_word' id='word_1_538' title='bbox 385 4158 527 4213; x_wconf 88' lang='lat' dir='ltr'><strong>tota.</strong></span> <span class='ocrx_word' id='word_1_539' title='bbox 577 4166 762 4220; x_wconf 82' lang='lat' dir='ltr'><strong>neque</strong></span> <span class='ocrx_word' id='word_1_540' title='bbox 802 4151 976 4222; x_wconf 86' lang='lat' dir='ltr'><strong>ultra,</strong></span> <span class='ocrx_word' id='word_1_541' title='bbox 1028 4167 1198 4208; x_wconf 89' lang='lat' dir='ltr'><strong>caseo</strong></span> <span class='ocrx_word' id='word_1_542' title='bbox 1244 4157 1302 4206; x_wconf 88' lang='lat' dir='ltr'><strong>et</strong></span> <span class='ocrx_word' id='word_1_543' title='bbox 1338 4151 1471 4209; x_wconf 21' lang='lat' dir='ltr'><strong>iovis</strong></span> <span class='ocrx_word' id='word_1_544' title='bbox 1520 4151 1883 4222; x_wconf 45' lang='lat' dir='ltr'><strong>vesci—licet;</strong></span> 
     </span>
    </p>
   </div>
   <div class='ocr_carea' id='block_1_80' title="bbox 250 4222 875 4294">
    <p class='ocr_par' dir='ltr' id='par_1_80' title="bbox 250 4222 875 4294">
     <span class='ocr_line' id='line_1_81' title="bbox 250 4222 875 4294; baseline 0 -16"><span class='ocrx_word' id='word_1_545' title='bbox 250 4225 359 4294; x_wconf 83' lang='lat' dir='ltr'><strong>vid.</strong></span> <span class='ocrx_word' id='word_1_546' title='bbox 394 4223 482 4279; x_wconf 93' lang='lat' dir='ltr'><strong>Du</strong></span> <span class='ocrx_word' id='word_1_547' title='bbox 513 4225 700 4294; x_wconf 78' lang='lat' dir='ltr'><strong>Gange</strong></span> <span class='ocrx_word' id='word_1_548' title='bbox 731 4222 789 4277; x_wconf 90' lang='lat' dir='ltr'><strong>h.</strong></span> <span class='ocrx_word' id='word_1_549' title='bbox 821 4238 875 4278; x_wconf 81' lang='grc' dir='ltr'>ν.</span> 
     </span>
    </p>
   </div>
   <div class='ocr_carea' id='block_1_81' title="bbox 318 4293 1885 4368">
    <p class='ocr_par' dir='ltr' id='par_1_81' title="bbox 318 4293 1885 4368">
     <span class='ocr_line' id='line_1_82' title="bbox 318 4293 1885 4368; baseline 0.001 -20"><span class='ocrx_word' id='word_1_550' title='bbox 318 4293 426 4368; x_wconf 91' lang='grc'>(85)</span> <span class='ocrx_word' id='word_1_551' title='bbox 493 4293 839 4368; x_wconf 81' lang='lat' dir='ltr'><strong>Analogium</strong></span> <span class='ocrx_word' id='word_1_552' title='bbox 911 4296 1000 4350; x_wconf 89' lang='lat' dir='ltr'><strong>est</strong></span> <span class='ocrx_word' id='word_1_553' title='bbox 1063 4293 1392 4368; x_wconf 9' lang='lat' dir='ltr'><strong>pulpitum,</strong></span> <span class='ocrx_word' id='word_1_554' title='bbox 1431 4294 1718 4366; x_wconf 87' lang='lat' dir='ltr'><strong>portatile,</strong></span> <span class='ocrx_word' id='word_1_555' title='bbox 1791 4294 1885 4368; x_wconf 76' lang='lat' dir='ltr'><strong>cui</strong></span> 
     </span>
    </p>
   </div>
   <div class='ocr_carea' id='block_1_82' title="bbox 251 4365 1881 4439">
    <p class='ocr_par' dir='ltr' id='par_1_82' title="bbox 251 4365 1881 4439">
     <span class='ocr_line' id='line_1_83' title="bbox 251 4365 1881 4439; baseline 0 -17"><span class='ocrx_word' id='word_1_556' title='bbox 251 4365 572 4439; x_wconf 84' lang='lat' dir='ltr'><strong>imponitur</strong></span> <span class='ocrx_word' id='word_1_557' title='bbox 601 4365 767 4435; x_wconf 87' lang='lat' dir='ltr'><strong>liber,</strong></span> <span class='ocrx_word' id='word_1_558' title='bbox 816 4381 848 4422; x_wconf 90' lang='lat' dir='ltr'><strong>e</strong></span> <span class='ocrx_word' id='word_1_559' title='bbox 885 4365 1249 4439; x_wconf 47' lang='lat' dir='ltr'><strong>quo_aliquill</strong></span> <span class='ocrx_word' id='word_1_560' title='bbox 1285 4365 1592 4434; x_wconf 82' lang='lat' dir='ltr'><strong>recitatur;</strong></span> <span class='ocrx_word' id='word_1_561' title='bbox 1631 4369 1746 4422; x_wconf 91' lang='lat' dir='ltr'><strong>vid.</strong></span> <span class='ocrx_word' id='word_1_562' title='bbox 1796 4367 1881 4422; x_wconf 92' lang='lat' dir='ltr'><strong>Du</strong></span> 
     </span>
    </p>
   </div>
   <div class='ocr_carea' id='block_1_83' title="bbox 249 4437 1886 4509">
    <p class='ocr_par' dir='ltr' id='par_1_83' title="bbox 249 4437 1886 4509">
     <span class='ocr_line' id='line_1_84' title="bbox 249 4437 1886 4509; baseline 0.001 -16"><span class='ocrx_word' id='word_1_563' title='bbox 249 4437 433 4509; x_wconf 84' lang='lat' dir='ltr'><strong>Gange</strong></span> <span class='ocrx_word' id='word_1_564' title='bbox 484 4437 672 4494; x_wconf 90' lang='lat' dir='ltr'><strong>Gloss.</strong></span> <span class='ocrx_word' id='word_1_565' title='bbox 709 4446 958 4509; x_wconf 90' lang='lat' dir='ltr'><strong>utroque</strong></span> <span class='ocrx_word' id='word_1_566' title='bbox 1004 4437 1061 4494; x_wconf 89' lang='lat' dir='ltr'><strong>b.</strong></span> <span class='ocrx_word' id='word_1_567' title='bbox 1095 4453 1149 4491; x_wconf 92' lang='lat' dir='ltr'><strong>v.</strong></span> <span class='ocrx_word' id='word_1_568' title='bbox 1199 4437 1480 4494; x_wconf 68' lang='lat' dir='ltr'><strong>Caeterum</strong></span> <span class='ocrx_word' id='word_1_569' title='bbox 1512 4440 1886 4495; x_wconf 89' lang='lat' dir='ltr'><strong>consuevisse</strong></span> 
     </span>
    </p>
   </div>
   <div class='ocr_carea' id='block_1_84' title="bbox 252 4509 1886 4582">
    <p class='ocr_par' dir='ltr' id='par_1_84' title="bbox 252 4509 1886 4582">
     <span class='ocr_line' id='line_1_85' title="bbox 252 4509 1886 4582; baseline 0.001 -18"><span class='ocrx_word' id='word_1_570' title='bbox 252 4509 306 4564; x_wconf 91' lang='lat' dir='ltr'><strong>in</strong></span> <span class='ocrx_word' id='word_1_571' title='bbox 337 4510 516 4582; x_wconf 78' lang='lat' dir='ltr'><strong>cmnis</strong></span> <span class='ocrx_word' id='word_1_572' title='bbox 547 4509 951 4582; x_wconf 88' lang='lat' dir='ltr'><strong>imperialibus</strong></span> <span class='ocrx_word' id='word_1_573' title='bbox 980 4524 1012 4564; x_wconf 91' lang='lat' dir='ltr'><strong>e</strong></span> <span class='ocrx_word' id='word_1_574' title='bbox 1059 4525 1223 4582; x_wconf 90' lang='lat' dir='ltr'><strong>sacro</strong></span> <span class='ocrx_word' id='word_1_575' title='bbox 1273 4511 1471 4566; x_wconf 91' lang='lat' dir='ltr'><strong>codice</strong></span> <span class='ocrx_word' id='word_1_576' title='bbox 1513 4518 1566 4565; x_wconf 89' lang='lat' dir='ltr'><strong>et</strong></span> <span class='ocrx_word' id='word_1_577' title='bbox 1605 4511 1738 4566; x_wconf 89' lang='lat' dir='ltr'><strong>aliis</strong></span> <span class='ocrx_word' id='word_1_578' title='bbox 1771 4510 1886 4582; x_wconf 85' lang='lat' dir='ltr'><strong>pie-</strong></span> 
     </span>
    </p>
   </div>
   <div class='ocr_carea' id='block_1_85' title="bbox 253 4581 1885 4652">
    <p class='ocr_par' dir='ltr' id='par_1_85' title="bbox 253 4581 1885 4652">
     <span class='ocr_line' id='line_1_86' title="bbox 253 4581 1885 4652; baseline 0.002 -17"><span class='ocrx_word' id='word_1_579' title='bbox 253 4585 376 4652; x_wconf 80' lang='lat' dir='ltr'><strong>tatis</strong></span> <span class='ocrx_word' id='word_1_580' title='bbox 434 4581 600 4636; x_wconf 91' lang='lat' dir='ltr'><strong>libris</strong></span> <span class='ocrx_word' id='word_1_581' title='bbox 658 4581 925 4652; x_wconf 70' lang='lat' dir='ltr'><strong>quiedam</strong></span> <span class='ocrx_word' id='word_1_582' title='bbox 983 4581 1239 4652; x_wconf 87' lang='lat' dir='ltr'><strong>recitari,</strong></span> <span class='ocrx_word' id='word_1_583' title='bbox 1307 4586 1549 4652; x_wconf 88' lang='lat' dir='ltr'><strong>apparet</strong></span> <span class='ocrx_word' id='word_1_584' title='bbox 1605 4598 1635 4637; x_wconf 93' lang='lat' dir='ltr'><strong>e</strong></span> <span class='ocrx_word' id='word_1_585' title='bbox 1694 4581 1885 4639; x_wconf 82' lang='lat' dir='ltr'><strong>LeOne</strong></span> 
     </span>
    </p>
   </div>
   <div class='ocr_carea' id='block_1_86' title="bbox 1995 4002 3643 4077">
    <p class='ocr_par' dir='ltr' id='par_1_86' title="bbox 1995 4002 3643 4077">
     <span class='ocr_line' id='line_1_87' title="bbox 1995 4002 3643 4077; baseline -0.004 -13"><span class='ocrx_word' id='word_1_586' title='bbox 1995 4007 2283 4077; x_wconf 87' lang='lat' dir='ltr'><strong>scribitur,</strong></span> <span class='ocrx_word' id='word_1_587' title='bbox 2314 4023 2427 4077; x_wconf 88' lang='lat' dir='ltr'><strong>quo</strong></span> <span class='ocrx_word' id='word_1_588' title='bbox 2475 4002 2992 4077; x_wconf 12' lang='lat' dir='ltr'><strong>papaicardinales</strong></span> <span class='ocrx_word' id='word_1_589' title='bbox 3025 4003 3118 4060; x_wconf 91' lang='lat' dir='ltr'><strong>die</strong></span> <span class='ocrx_word' id='word_1_590' title='bbox 3149 4003 3451 4077; x_wconf 84' lang='lat' dir='ltr'><strong>Paschatis</strong></span> <span class='ocrx_word' id='word_1_591' title='bbox 3481 4004 3643 4077; x_wconf 57' lang='lat' dir='ltr'><strong>esci-</strong></span> 
     </span>
    </p>
   </div>
   <div class='ocr_carea' id='block_1_87' title="bbox 1997 4075 3640 4153">
    <p class='ocr_par' dir='ltr' id='par_1_87' title="bbox 1997 4075 3640 4153">
     <span class='ocr_line' id='line_1_88' title="bbox 1997 4075 3640 4153; baseline -0.004 -17"><span class='ocrx_word' id='word_1_592' title='bbox 1997 4082 2213 4153; x_wconf 83' lang='lat' dir='ltr'><strong>piebat,</strong></span> <span class='ocrx_word' id='word_1_593' title='bbox 2270 4075 2422 4135; x_wconf 76' lang='lat' dir='ltr'><strong>inter</strong></span> <span class='ocrx_word' id='word_1_594' title='bbox 2471 4075 2584 4134; x_wconf 84' lang='lat' dir='ltr'><strong>alia</strong></span> <span class='ocrx_word' id='word_1_595' title='bbox 2634 4076 2756 4132; x_wconf 72' lang='lat' dir='ltr'><strong>haec</strong></span> <span class='ocrx_word' id='word_1_596' title='bbox 2816 4076 3091 4153; x_wconf 77' lang='lat' dir='ltr'><strong>leguntur</strong></span> <span class='ocrx_word' id='word_1_597' title='bbox 3137 4091 3154 4153; x_wconf 87' lang='lat'><strong>_:</strong></span> <span class='ocrx_word' id='word_1_598' title='bbox 3215 4075 3288 4131; x_wconf 85' lang='lat' dir='ltr'><strong>ad</strong></span> <span class='ocrx_word' id='word_1_599' title='bbox 3335 4075 3640 4153; x_wconf 58' lang='lat' dir='ltr'><strong>dimidium</strong></span> 
     </span>
    </p>
   </div>
   <div class='ocr_carea' id='block_1_88' title="bbox 1994 4147 3643 4221">
    <p class='ocr_par' dir='ltr' id='par_1_88' title="bbox 1994 4147 3643 4221">
     <span class='ocr_line' id='line_1_89' title="bbox 1994 4147 3643 4221; baseline -0.004 -14"><span class='ocrx_word' id='word_1_600' title='bbox 1994 4147 2310 4208; x_wconf 71' lang='lat' dir='ltr'><strong>convivium</strong></span> <span class='ocrx_word' id='word_1_601' title='bbox 2339 4167 2409 4206; x_wconf 77' lang='lat' dir='ltr'><strong>ex</strong></span> <span class='ocrx_word' id='word_1_602' title='bbox 2435 4154 2704 4221; x_wconf 76' lang='lat' dir='ltr'><strong>praecepto</strong></span> <span class='ocrx_word' id='word_1_603' title='bbox 2752 4147 3148 4221; x_wconf 64' lang='lat' dir='ltr'><strong>archidiaconi</strong></span> <span class='ocrx_word' id='word_1_604' title='bbox 3194 4149 3378 4218; x_wconf 80' lang='lat' dir='ltr'><strong>surgit</strong></span> <span class='ocrx_word' id='word_1_605' title='bbox 3418 4147 3643 4218; x_wconf 82' lang='lat' dir='ltr'><strong>quidam</strong></span> 
     </span>
    </p>
   </div>
   <div class='ocr_carea' id='block_1_89' title="bbox 1994 4219 3643 4290">
    <p class='ocr_par' dir='ltr' id='par_1_89' title="bbox 1994 4219 3643 4290">
     <span class='ocr_line' id='line_1_90' title="bbox 1994 4219 3643 4290; baseline -0.004 -12"><span class='ocrx_word' id='word_1_606' title='bbox 1994 4224 2263 4280; x_wconf 80' lang='lat' dir='ltr'><strong>diaconus</strong></span> <span class='ocrx_word' id='word_1_607' title='bbox 2291 4229 2342 4278; x_wconf 88' lang='lat' dir='ltr'><strong>et</strong></span> <span class='ocrx_word' id='word_1_608' title='bbox 2374 4219 2506 4290; x_wconf 65' lang='lat' dir='ltr'><strong>legit</strong></span> <span class='ocrx_word' id='word_1_609' title='bbox 2539 4221 2849 4275; x_wconf 77' lang='lat' dir='ltr'><strong>lectionem.</strong></span> <span class='ocrx_word' id='word_1_610' title='bbox 2894 4219 3153 4274; x_wconf 80' lang='lat' dir='ltr'><strong>Cantores</strong></span> <span class='ocrx_word' id='word_1_611' title='bbox 3183 4223 3371 4273; x_wconf 85' lang='lat' dir='ltr'><strong>autem</strong></span> <span class='ocrx_word' id='word_1_612' title='bbox 3401 4234 3470 4273; x_wconf 81' lang='lat' dir='ltr'><strong>ea:</strong></span> <span class='ocrx_word' id='word_1_613' title='bbox 3501 4233 3643 4288; x_wconf 69' lang='lat' dir='ltr'><strong>prae-</strong></span> 
     </span>
    </p>
   </div>
   <div class='ocr_carea' id='block_1_90' title="bbox 1996 4291 3645 4364">
    <p class='ocr_par' dir='ltr' id='par_1_90' title="bbox 1996 4291 3645 4364">
     <span class='ocr_line' id='line_1_91' title="bbox 1996 4291 3645 4364; baseline -0.004 -14"><span class='ocrx_word' id='word_1_614' title='bbox 1996 4304 2143 4363; x_wconf 85' lang='lat' dir='ltr'><strong>cepto</strong></span> <span class='ocrx_word' id='word_1_615' title='bbox 2173 4295 2384 4350; x_wconf 81' lang='lat' dir='ltr'><strong>domini</strong></span> <span class='ocrx_word' id='word_1_616' title='bbox 2418 4292 2694 4364; x_wconf 78' lang='lat' dir='ltr'><strong>ponti/iris</strong></span> <span class='ocrx_word' id='word_1_617' title='bbox 2735 4294 2968 4364; x_wconf 69' lang='lat' dir='ltr'><strong>cantant</strong></span> <span class='ocrx_word' id='word_1_618' title='bbox 3013 4291 3374 4364; x_wconf 78' lang='lat' dir='ltr'><strong>sequentium,</strong></span> <span class='ocrx_word' id='word_1_619' title='bbox 3423 4305 3546 4364; x_wconf 63' lang='lat' dir='ltr'><strong>qure</strong></span> <span class='ocrx_word' id='word_1_620' title='bbox 3572 4291 3645 4364; x_wconf 81' lang='lat' dir='ltr'><strong>sit</strong></span> 
     </span>
    </p>
   </div>
   <div class='ocr_carea' id='block_1_91' title="bbox 1993 4362 3644 4433">
    <p class='ocr_par' dir='ltr' id='par_1_91' title="bbox 1993 4362 3644 4433">
     <span class='ocr_line' id='line_1_92' title="bbox 1993 4362 3644 4433; baseline -0.005 -11"><span class='ocrx_word' id='word_1_621' title='bbox 1993 4362 2322 4422; x_wconf 81' lang='lat' dir='ltr'><strong>conveniens</strong></span> <span class='ocrx_word' id='word_1_622' title='bbox 2368 4362 2614 4433; x_wconf 76' lang='lat' dir='ltr'><strong>Paschae,</strong></span> <span class='ocrx_word' id='word_1_623' title='bbox 2655 4363 2962 4417; x_wconf 83' lang='lat' dir='ltr'><strong>modulatis</strong></span> <span class='ocrx_word' id='word_1_624' title='bbox 2991 4362 3238 4428; x_wconf 76' lang='lat' dir='ltr'><strong>organis,</strong></span> <span class='ocrx_word' id='word_1_625' title='bbox 3270 4376 3450 4433; x_wconf 82' lang='lat' dir='ltr'><strong>eaque</strong></span> <span class='ocrx_word' id='word_1_626' title='bbox 3484 4362 3644 4431; x_wconf 85' lang='lat' dir='ltr'><strong>ﬁnita</strong></span> 
     </span>
    </p>
   </div>
   <div class='ocr_carea' id='block_1_92' title="bbox 1995 4432 3646 4503">
    <p class='ocr_par' dir='ltr' id='par_1_92' title="bbox 1995 4432 3646 4503">
     <span class='ocr_line' id='line_1_93' title="bbox 1995 4432 3646 4503; baseline -0.006 -9"><span class='ocrx_word' id='word_1_627' title='bbox 1995 4445 2125 4494; x_wconf 87' lang='lat' dir='ltr'><strong>eunt</strong></span> <span class='ocrx_word' id='word_1_628' title='bbox 2182 4448 2235 4494; x_wconf 85' lang='lat' dir='ltr'><strong>et</strong></span> <span class='ocrx_word' id='word_1_629' title='bbox 2300 4432 2619 4493; x_wconf 83' lang='lat' dir='ltr'><strong>osculantur</strong></span> <span class='ocrx_word' id='word_1_630' title='bbox 2672 4433 2837 4503; x_wconf 80' lang='lat' dir='ltr'><strong>pedes</strong></span> <span class='ocrx_word' id='word_1_631' title='bbox 2889 4433 3185 4503; x_wconf 75' lang='lat' dir='ltr'><strong>pontiﬁcis,</strong></span> <span class='ocrx_word' id='word_1_632' title='bbox 3254 4436 3358 4502; x_wconf 86' lang='lat' dir='ltr'><strong>qui</strong></span> <span class='ocrx_word' id='word_1_633' title='bbox 3419 4432 3515 4503; x_wconf 78' lang='lat' dir='ltr'><strong>dat</strong></span> <span class='ocrx_word' id='word_1_634' title='bbox 3567 4433 3646 4487; x_wconf 84' lang='lat' dir='ltr'><strong>eis</strong></span> 
     </span>
    </p>
   </div>
   <div class='ocr_carea' id='block_1_93' title="bbox 1996 4501 3644 4580">
    <p class='ocr_par' dir='ltr' id='par_1_93' title="bbox 1996 4501 3644 4580">
     <span class='ocr_line' id='line_1_94' title="bbox 1996 4501 3644 4580; baseline -0.006 -15"><span class='ocrx_word' id='word_1_635' title='bbox 1996 4526 2232 4580; x_wconf 84' lang='lat' dir='ltr'><strong>coppam</strong></span> <span class='ocrx_word' id='word_1_636' title='bbox 2288 4510 2508 4580; x_wconf 80' lang='lat' dir='ltr'><strong>plenam</strong></span> <span class='ocrx_word' id='word_1_637' title='bbox 2561 4501 2800 4580; x_wconf 62' lang='lat' dir='ltr'><strong>potione,</strong></span> <span class='ocrx_word' id='word_1_638' title='bbox 2849 4501 3225 4580; x_wconf 75' lang='lat' dir='ltr'><strong>et_accipiunt</strong></span> <span class='ocrx_word' id='word_1_639' title='bbox 3262 4501 3307 4580; x_wconf 55' lang='grc' dir='ltr'><strong>τι</strong></span> <span class='ocrx_word' id='word_1_640' title='bbox 3345 4501 3644 4580; x_wconf 60' lang='lat' dir='ltr'><strong>suscitat-io</strong></span> 
     </span>
    </p>
   </div>
   <div class='ocr_carea' id='block_1_94' title="bbox 1993 4573 3644 4651">
    <p class='ocr_par' dir='ltr' id='par_1_94' title="bbox 1993 4573 3644 4651">
     <span class='ocr_line' id='line_1_95' title="bbox 1993 4573 3644 4651; baseline -0.004 -16"><span class='ocrx_word' id='word_1_641' title='bbox 1993 4573 2170 4636; x_wconf 72' lang='lat' dir='ltr'><strong>unum</strong></span> <span class='ocrx_word' id='word_1_642' title='bbox 2219 4573 2574 4651; x_wconf 56' lang='lat' dir='ltr'><strong>Byzantium:</strong></span> <span class='ocrx_word' id='word_1_643' title='bbox 2634 4575 3034 4651; x_wconf 7' lang='lat' dir='ltr'><strong>Cercgmoniale</strong></span> <span class='ocrx_word' id='word_1_644' title='bbox 3067 4574 3374 4640; x_wconf 73' lang='lat' dir='ltr'><strong>Augustini</strong></span> <span class='ocrx_word' id='word_1_645' title='bbox 3407 4573 3644 4651; x_wconf 79' lang='lat' dir='ltr'><strong>Patricii</strong></span> 
     </span>
    </p>
   </div>
   <div class='ocr_carea' id='block_1_95' title="bbox 252 4645 3643 4724">
    <p class='ocr_par' dir='ltr' id='par_1_95' title="bbox 252 4645 3643 4724">
     <span class='ocr_line' id='line_1_96' title="bbox 252 4645 3643 4724; baseline -0.002 -19"><span class='ocrx_word' id='word_1_646' title='bbox 252 4651 634 4724; x_wconf 83' lang='lat' dir='ltr'><strong>Grammatico</strong></span> <span class='ocrx_word' id='word_1_647' title='bbox 793 4653 921 4718; x_wconf 88' lang='grc'>505,</span> <span class='ocrx_word' id='word_1_648' title='bbox 975 4651 1186 4723; x_wconf 91' lang='lat' dir='ltr'><strong>Script.</strong></span> <span class='ocrx_word' id='word_1_649' title='bbox 1227 4645 1401 4723; x_wconf 42' lang='lat' dir='ltr'><strong>&#39;pos&#39;t&#39;</strong></span> <span class='ocrx_word' id='word_1_650' title='bbox 1429 4652 1766 4724; x_wconf 83' lang='lat' dir='ltr'><strong>Theophan.</strong></span> <span class='ocrx_word' id='word_1_651' title='bbox 1830 4671 1881 4723; x_wconf 91' lang='lat' dir='ltr'><strong>p.</strong></span> <span class='ocrx_word' id='word_1_652' title='bbox 1920 4647 1964 4712; x_wconf 73' lang='grc' dir='ltr'><strong><em>Β</em></strong></span> <span class='ocrx_word' id='word_1_653' title='bbox 1997 4654 2093 4720; x_wconf 85' lang='grc' dir='ltr'><strong>ΙΙΙ,</strong></span> <span class='ocrx_word' id='word_1_654' title='bbox 2128 4653 2155 4719; x_wconf 87' lang='lat'>§</span> <span class='ocrx_word' id='word_1_655' title='bbox 2189 4645 2348 4724; x_wconf 57' lang='lat' dir='ltr'><strong>it&#39;de</strong></span> <span class='ocrx_word' id='word_1_656' title='bbox 2381 4652 2629 4724; x_wconf 76' lang='lat' dir='ltr'><strong>lectione</strong></span> <span class='ocrx_word' id='word_1_657' title='bbox 2656 4649 2971 4724; x_wconf 70' lang='lat' dir='ltr'><strong>scripturae</strong></span> <span class='ocrx_word' id='word_1_658' title='bbox 3010 4646 3071 4700; x_wconf 86' lang='lat' dir='ltr'><strong>in</strong></span> <span class='ocrx_word' id='word_1_659' title='bbox 3100 4662 3290 4701; x_wconf 88' lang='lat' dir='ltr'><strong>mensa</strong></span> <span class='ocrx_word' id='word_1_660' title='bbox 3316 4663 3340 4724; x_wconf 86' lang='lat'><strong><em>_:</em></strong></span> <span class='ocrx_word' id='word_1_661' title='bbox 3367 4662 3492 4724; x_wconf 78' lang='lat' dir='ltr'><strong>cum</strong></span> <span class='ocrx_word' id='word_1_662' title='bbox 3520 4645 3643 4716; x_wconf 84' lang='lat' dir='ltr'><strong>pri-</strong></span> 
     </span>
    </p>
   </div>
   <div class='ocr_carea' id='block_1_96' title="bbox 252 4723 1885 4795">
    <p class='ocr_par' dir='ltr' id='par_1_96' title="bbox 252 4723 1885 4795">
     <span class='ocr_line' id='line_1_97' title="bbox 252 4723 1885 4795; baseline 0.001 -17"><span class='ocrx_word' id='word_1_663' title='bbox 252 4723 371 4787; x_wconf 82' lang='lat'><strong>259,</strong></span> <span class='ocrx_word' id='word_1_664' title='bbox 407 4724 504 4779; x_wconf 94' lang='lat' dir='ltr'><strong>ubi</strong></span> <span class='ocrx_word' id='word_1_665' title='bbox 539 4723 698 4795; x_wconf 71' lang='lat' dir='ltr'><strong>piens</strong></span> <span class='ocrx_word' id='word_1_666' title='bbox 745 4723 948 4795; x_wconf 74' lang='lat' dir='ltr'><strong>eadem</strong></span> <span class='ocrx_word' id='word_1_667' title='bbox 987 4726 1182 4795; x_wconf 79' lang='lat' dir='ltr'><strong>verba,</strong></span> <span class='ocrx_word' id='word_1_668' title='bbox 1214 4729 1271 4777; x_wconf 90' lang='lat' dir='ltr'><strong>et</strong></span> <span class='ocrx_word' id='word_1_669' title='bbox 1315 4723 1603 4795; x_wconf 75' lang='lat' dir='ltr'><strong>Symeone</strong></span> <span class='ocrx_word' id='word_1_670' title='bbox 1631 4724 1885 4795; x_wconf 69' lang='lat' dir='ltr'><strong>Magislr.</strong></span> 
     </span>
    </p>
   </div>
   <div class='ocr_carea' id='block_1_97' title="bbox 253 4791 1890 4870">
    <p class='ocr_par' dir='ltr' id='par_1_97' title="bbox 253 4791 1890 4870">
     <span class='ocr_line' id='line_1_98' title="bbox 253 4791 1890 4870; baseline 0 -22"><span class='ocrx_word' id='word_1_671' title='bbox 253 4795 458 4870; x_wconf 73' lang='lat' dir='ltr'><strong>Annal.</strong></span> <span class='ocrx_word' id='word_1_672' title='bbox 492 4791 693 4870; x_wconf 38' lang='grc' dir='ltr'>ρξμ488</span> <span class='ocrx_word' id='word_1_673' title='bbox 728 4811 740 4848; x_wconf 92' lang='lat'>:</span> <span class='ocrx_word' id='word_1_674' title='bbox 769 4793 836 4870; x_wconf 74' lang='grc' dir='ltr'>ᾖν</span> <span class='ocrx_word' id='word_1_675' title='bbox 879 4791 1170 4870; x_wconf 15' lang='grc' dir='ltr'>δὲῇκαίγτις</span> <span class='ocrx_word' id='word_1_676' title='bbox 1212 4796 1319 4870; x_wconf 79' lang='grc' dir='ltr'><strong>τῶν</strong></span> <span class='ocrx_word' id='word_1_677' title='bbox 1357 4791 1890 4870; x_wconf 27' lang='grc' dir='ltr'>’παίδωνΑᾶναγινώο</span> 
     </span>
    </p>
   </div>
   <div class='ocr_carea' id='block_1_98' title="bbox 256 4863 1888 4941">
    <p class='ocr_par' dir='ltr' id='par_1_98' title="bbox 256 4863 1888 4941">
     <span class='ocr_line' id='line_1_99' title="bbox 256 4863 1888 4941; baseline 0.002 -22"><span class='ocrx_word' id='word_1_678' title='bbox 256 4885 390 4941; x_wconf 79' lang='grc' dir='ltr'>σκων</span> <span class='ocrx_word' id='word_1_679' title='bbox 430 4863 598 4941; x_wconf 41' lang='lat' dir='ltr'><strong>{rei</strong></span> <span class='ocrx_word' id='word_1_680' title='bbox 615 4865 862 4941; x_wconf 66' lang='grc' dir='ltr'>τραπέζῃ</span> <span class='ocrx_word' id='word_1_681' title='bbox 907 4863 1091 4921; x_wconf 80' lang='grc' dir='ltr'>αὐτοῦ.</span> <span class='ocrx_word' id='word_1_682' title='bbox 1121 4866 1552 4941; x_wconf 42' lang='grc' dir='ltr'><strong>⁸ξειιίιριδιωάυέ</strong></span> <span class='ocrx_word' id='word_1_683' title='bbox 1599 4866 1659 4922; x_wconf 86' lang='lat' dir='ltr'><strong>in</strong></span> <span class='ocrx_word' id='word_1_684' title='bbox 1709 4863 1888 4936; x_wconf 70' lang='lat' dir='ltr'><strong>Lega-</strong></span> 
     </span>
    </p>
   </div>
   <div class='ocr_carea' id='block_1_99' title="bbox 261 4937 1893 5010">
    <p class='ocr_par' dir='ltr' id='par_1_99' title="bbox 261 4937 1893 5010">
     <span class='ocr_line' id='line_1_100' title="bbox 261 4937 1893 5010; baseline 0.001 -17"><span class='ocrx_word' id='word_1_685' title='bbox 261 4939 403 4994; x_wconf 87' lang='lat' dir='ltr'><strong>tione</strong></span> <span class='ocrx_word' id='word_1_686' title='bbox 434 4955 489 5010; x_wconf 92' lang='lat' dir='ltr'><strong>p.</strong></span> <span class='ocrx_word' id='word_1_687' title='bbox 539 4937 908 5005; x_wconf 64' lang='lat' dir='ltr'><strong>483&#39;narrat,</strong></span> <span class='ocrx_word' id='word_1_688' title='bbox 943 4953 1001 4993; x_wconf 88' lang='lat' dir='ltr'><strong>se</strong></span> <span class='ocrx_word' id='word_1_689' title='bbox 1034 4955 1079 5010; x_wconf 89' lang='lat' dir='ltr'><strong>_a</strong></span> <span class='ocrx_word' id='word_1_690' title='bbox 1121 4937 1446 5008; x_wconf 90' lang='lat' dir='ltr'><strong>Nicephoro</strong></span> <span class='ocrx_word' id='word_1_691' title='bbox 1498 4937 1686 4993; x_wconf 89' lang='lat' dir='ltr'><strong>Phoca</strong></span> <span class='ocrx_word' id='word_1_692' title='bbox 1727 4955 1893 4994; x_wconf 74' lang='lat' dir='ltr'><strong>coena</strong></span> 
     </span>
    </p>
   </div>
   <div class='ocr_carea' id='block_1_100' title="bbox 255 5008 1894 5082">
    <p class='ocr_par' dir='ltr' id='par_1_100' title="bbox 255 5008 1894 5082">
     <span class='ocr_line' id='line_1_101' title="bbox 255 5008 1894 5082; baseline 0.001 -18"><span class='ocrx_word' id='word_1_693' title='bbox 255 5008 575 5082; x_wconf 82' lang='lat' dir='ltr'><strong>exceptum,</strong></span> <span class='ocrx_word' id='word_1_694' title='bbox 610 5012 669 5065; x_wconf 77' lang='lat' dir='ltr'><strong>in</strong></span> <span class='ocrx_word' id='word_1_695' title='bbox 728 5008 1046 5082; x_wconf 46' lang='lat' dir='ltr'><strong>quaquod</strong></span> <span class='ocrx_word' id='word_1_696' title='bbox 1096 5011 1253 5080; x_wconf 85' lang='lat' dir='ltr'><strong>prius</strong></span> <span class='ocrx_word' id='word_1_697' title='bbox 1308 5025 1417 5082; x_wconf 78' lang='lat' dir='ltr'><strong>non</strong></span> <span class='ocrx_word' id='word_1_698' title='bbox 1473 5011 1699 5078; x_wconf 85' lang='lat' dir='ltr'><strong>fecerat,</strong></span> <span class='ocrx_word' id='word_1_699' title='bbox 1771 5025 1894 5066; x_wconf 82' lang='lat' dir='ltr'><strong>voce</strong></span> 
     </span>
    </p>
   </div>
   <div class='ocr_carea' id='block_1_101' title="bbox 257 5080 1892 5151">
    <p class='ocr_par' dir='ltr' id='par_1_101' title="bbox 257 5080 1892 5151">
     <span class='ocr_line' id='line_1_102' title="bbox 257 5080 1892 5151; baseline 0.002 -16"><span class='ocrx_word' id='word_1_700' title='bbox 257 5080 445 5135; x_wconf 82' lang='lat' dir='ltr'><strong>Latina</strong></span> <span class='ocrx_word' id='word_1_701' title='bbox 494 5081 637 5136; x_wconf 84' lang='lat' dir='ltr'><strong>beati</strong></span> <span class='ocrx_word' id='word_1_702' title='bbox 672 5080 907 5137; x_wconf 75' lang='lat' dir='ltr'><strong>Joannis</strong></span> <span class='ocrx_word' id='word_1_703' title='bbox 951 5080 1320 5150; x_wconf 78' lang='lat' dir='ltr'><strong>Chrysoslomi</strong></span> <span class='ocrx_word' id='word_1_704' title='bbox 1357 5082 1646 5135; x_wconf 82' lang='lat' dir='ltr'><strong>homilinm</strong></span> <span class='ocrx_word' id='word_1_705' title='bbox 1676 5084 1736 5134; x_wconf 89' lang='lat' dir='ltr'><strong>in</strong></span> <span class='ocrx_word' id='word_1_706' title='bbox 1764 5097 1892 5151; x_wconf 49' lang='lat' dir='ltr'><strong>apo.</strong></span> 
     </span>
    </p>
   </div>
   <div class='ocr_carea' id='block_1_102' title="bbox 257 5151 1889 5222">
    <p class='ocr_par' dir='ltr' id='par_1_102' title="bbox 257 5151 1889 5222">
     <span class='ocr_line' id='line_1_103' title="bbox 257 5151 1889 5222; baseline 0.001 -15"><span class='ocrx_word' id='word_1_707' title='bbox 257 5153 512 5208; x_wconf 81' lang='lat' dir='ltr'><strong>stolarum</strong></span> <span class='ocrx_word' id='word_1_708' title='bbox 541 5152 763 5208; x_wconf 80' lang='lat' dir='ltr'><strong>Actibus</strong></span> <span class='ocrx_word' id='word_1_709' title='bbox 793 5153 972 5221; x_wconf 82' lang='lat' dir='ltr'><strong>legere</strong></span> <span class='ocrx_word' id='word_1_710' title='bbox 999 5151 1178 5220; x_wconf 78' lang='lat' dir='ltr'><strong>iussit.</strong></span> <span class='ocrx_word' id='word_1_711' title='bbox 1212 5151 1493 5207; x_wconf 88' lang='lat' dir='ltr'><strong>Observat</strong></span> <span class='ocrx_word' id='word_1_712' title='bbox 1520 5153 1889 5222; x_wconf 83' lang='lat' dir='ltr'><strong>Muratorius,</strong></span> 
     </span>
    </p>
   </div>
   <div class='ocr_carea' id='block_1_103' title="bbox 261 5222 1890 5294">
    <p class='ocr_par' dir='ltr' id='par_1_103' title="bbox 261 5222 1890 5294">
     <span class='ocr_line' id='line_1_104' title="bbox 261 5222 1890 5294; baseline 0 -14"><span class='ocrx_word' id='word_1_713' title='bbox 261 5225 396 5280; x_wconf 88' lang='lat' dir='ltr'><strong>alios</strong></span> <span class='ocrx_word' id='word_1_714' title='bbox 449 5225 674 5280; x_wconf 82' lang='lat' dir='ltr'><strong>codices</strong></span> <span class='ocrx_word' id='word_1_715' title='bbox 722 5225 936 5278; x_wconf 87' lang='lat' dir='ltr'><strong>habere</strong></span> <span class='ocrx_word' id='word_1_716' title='bbox 994 5240 1094 5294; x_wconf 89' lang='lat' dir='ltr'><strong>pro</strong></span> <span class='ocrx_word' id='word_1_717' title='bbox 1147 5223 1337 5278; x_wconf 88' lang='lat' dir='ltr'><strong>verbis</strong></span> <span class='ocrx_word' id='word_1_718' title='bbox 1377 5238 1498 5294; x_wconf 83' lang='lat' dir='ltr'><strong>voce</strong></span> <span class='ocrx_word' id='word_1_719' title='bbox 1548 5222 1766 5288; x_wconf 82' lang='lat' dir='ltr'><strong>Latina,</strong></span> <span class='ocrx_word' id='word_1_720' title='bbox 1798 5240 1890 5280; x_wconf 80' lang='lat' dir='ltr'><strong>vos</strong></span> 
     </span>
    </p>
   </div>
   <div class='ocr_carea' id='block_1_104' title="bbox 256 5293 1890 5366">
    <p class='ocr_par' dir='ltr' id='par_1_104' title="bbox 256 5293 1890 5366">
     <span class='ocr_line' id='line_1_105' title="bbox 256 5293 1890 5366; baseline 0 -16"><span class='ocrx_word' id='word_1_721' title='bbox 256 5295 470 5366; x_wconf 80' lang='lat' dir='ltr'><strong>celatus,</strong></span> <span class='ocrx_word' id='word_1_722' title='bbox 500 5312 530 5351; x_wconf 91' lang='lat' dir='ltr'><strong>e</strong></span> <span class='ocrx_word' id='word_1_723' title='bbox 560 5311 677 5366; x_wconf 93' lang='lat' dir='ltr'><strong>quo</strong></span> <span class='ocrx_word' id='word_1_724' title='bbox 711 5296 832 5364; x_wconf 89' lang='lat' dir='ltr'><strong>ipse</strong></span> <span class='ocrx_word' id='word_1_725' title='bbox 865 5293 1039 5350; x_wconf 82' lang='lat' dir='ltr'><strong>faciat</strong></span> <span class='ocrx_word' id='word_1_726' title='bbox 1068 5309 1194 5349; x_wconf 84' lang='lat' dir='ltr'><strong>voce</strong></span> <span class='ocrx_word' id='word_1_727' title='bbox 1222 5294 1404 5350; x_wconf 78' lang='lat' dir='ltr'><strong>eluta.</strong></span> <span class='ocrx_word' id='word_1_728' title='bbox 1439 5293 1563 5349; x_wconf 88' lang='lat' dir='ltr'><strong>Non</strong></span> <span class='ocrx_word' id='word_1_729' title='bbox 1597 5295 1890 5363; x_wconf 88' lang='lat' dir='ltr'><strong>improba-</strong></span> 
     </span>
    </p>
   </div>
   <div class='ocr_carea' id='block_1_105' title="bbox 259 5365 1893 5434">
    <p class='ocr_par' dir='ltr' id='par_1_105' title="bbox 259 5365 1893 5434">
     <span class='ocr_line' id='line_1_106' title="bbox 259 5365 1893 5434; baseline 0 -12"><span class='ocrx_word' id='word_1_730' title='bbox 259 5365 383 5422; x_wconf 87' lang='lat' dir='ltr'><strong>bilis</strong></span> <span class='ocrx_word' id='word_1_731' title='bbox 428 5385 494 5423; x_wconf 87' lang='lat' dir='ltr'><strong>ea</strong></span> <span class='ocrx_word' id='word_1_732' title='bbox 543 5365 923 5434; x_wconf 81' lang='lat' dir='ltr'><strong>conjectura;</strong></span> <span class='ocrx_word' id='word_1_733' title='bbox 981 5373 1135 5421; x_wconf 90' lang='lat' dir='ltr'><strong>certe</strong></span> <span class='ocrx_word' id='word_1_734' title='bbox 1179 5365 1384 5420; x_wconf 86' lang='lat' dir='ltr'><strong>melius</strong></span> <span class='ocrx_word' id='word_1_735' title='bbox 1435 5382 1548 5420; x_wconf 90' lang='lat' dir='ltr'><strong>non</strong></span> <span class='ocrx_word' id='word_1_736' title='bbox 1601 5368 1893 5422; x_wconf 87' lang='lat' dir='ltr'><strong>succurrit</strong></span> 
     </span>
    </p>
   </div>
   <div class='ocr_carea' id='block_1_106' title="bbox 263 5437 1891 5507">
    <p class='ocr_par' dir='ltr' id='par_1_106' title="bbox 263 5437 1891 5507">
     <span class='ocr_line' id='line_1_107' title="bbox 263 5437 1891 5507; baseline -0.001 -13"><span class='ocrx_word' id='word_1_737' title='bbox 263 5454 430 5506; x_wconf 89' lang='lat' dir='ltr'><strong>nunc,</strong></span> <span class='ocrx_word' id='word_1_738' title='bbox 464 5439 730 5507; x_wconf 86' lang='lat' dir='ltr'><strong>quamvis</strong></span> <span class='ocrx_word' id='word_1_739' title='bbox 763 5437 954 5492; x_wconf 89' lang='lat' dir='ltr'><strong>visum</strong></span> <span class='ocrx_word' id='word_1_740' title='bbox 994 5437 1310 5506; x_wconf 82' lang='lat' dir='ltr'><strong>aliquando</strong></span> <span class='ocrx_word' id='word_1_741' title='bbox 1342 5437 1537 5504; x_wconf 82' lang='lat' dir='ltr'><strong>fuerit,</strong></span> <span class='ocrx_word' id='word_1_742' title='bbox 1565 5437 1622 5491; x_wconf 91' lang='lat' dir='ltr'><strong>in</strong></span> <span class='ocrx_word' id='word_1_743' title='bbox 1656 5454 1783 5494; x_wconf 85' lang='lat' dir='ltr'><strong>voce</strong></span> <span class='ocrx_word' id='word_1_744' title='bbox 1812 5454 1891 5493; x_wconf 87' lang='lat' dir='ltr'><strong>ce-</strong></span> 
     </span>
    </p>
   </div>
   <div class='ocr_carea' id='block_1_107' title="bbox 263 5507 1890 5580">
    <p class='ocr_par' dir='ltr' id='par_1_107' title="bbox 263 5507 1890 5580">
     <span class='ocr_line' id='line_1_108' title="bbox 263 5507 1890 5580; baseline -0.002 -16"><span class='ocrx_word' id='word_1_745' title='bbox 263 5509 398 5567; x_wconf 84' lang='lat' dir='ltr'><strong>latus</strong></span> <span class='ocrx_word' id='word_1_746' title='bbox 456 5510 634 5580; x_wconf 74' lang='lat' dir='ltr'><strong>latere</strong></span> <span class='ocrx_word' id='word_1_747' title='bbox 690 5510 952 5564; x_wconf 73' lang='lat' dir='ltr'><strong>Graecum</strong></span> <span class='ocrx_word' id='word_1_748' title='bbox 1011 5507 1265 5580; x_wconf 83' lang='lat' dir='ltr'><strong>aliquem</strong></span> <span class='ocrx_word' id='word_1_749' title='bbox 1309 5513 1705 5580; x_wconf 87' lang='lat' dir='ltr'><strong>accusativum</strong></span> <span class='ocrx_word' id='word_1_750' title='bbox 1764 5507 1890 5570; x_wconf 71' lang='grc' dir='ltr'>τοὺς</span> 
     </span>
    </p>
   </div>
   <div class='ocr_carea' id='block_1_108' title="bbox 259 5579 1894 5652">
    <p class='ocr_par' dir='ltr' id='par_1_108' title="bbox 259 5579 1894 5652">
     <span class='ocr_line' id='line_1_109' title="bbox 259 5579 1894 5652; baseline -0.003 -13"><span class='ocrx_word' id='word_1_751' title='bbox 259 5621 315 5652; x_wconf 50' lang='grc' dir='ltr'>ε.</span> <span class='ocrx_word' id='word_1_752' title='bbox 345 5624 360 5639; x_wconf 93' lang='grc'><strong>.</strong></span> <span class='ocrx_word' id='word_1_753' title='bbox 397 5623 412 5638; x_wconf 95' lang='grc'><strong>.</strong></span> <span class='ocrx_word' id='word_1_754' title='bbox 447 5623 461 5637; x_wconf 92' lang='grc'><strong>.</strong></span> <span class='ocrx_word' id='word_1_755' title='bbox 495 5579 735 5650; x_wconf 81' lang='grc' dir='ltr'>λάτουςς</span> <span class='ocrx_word' id='word_1_756' title='bbox 771 5583 868 5636; x_wconf 90' lang='lat' dir='ltr'><strong>sed</strong></span> <span class='ocrx_word' id='word_1_757' title='bbox 921 5579 1360 5650; x_wconf 32' lang='lat' dir='ltr'><strong>quem’frustra</strong></span> <span class='ocrx_word' id='word_1_758' title='bbox 1408 5596 1622 5652; x_wconf 66' lang='lat' dir='ltr'><strong>quero.</strong></span> <span class='ocrx_word' id='word_1_759' title='bbox 1656 5579 1717 5635; x_wconf 90' lang='lat' dir='ltr'><strong>ln</strong></span> <span class='ocrx_word' id='word_1_760' title='bbox 1758 5580 1894 5652; x_wconf 89' lang='lat' dir='ltr'><strong>aula</strong></span> 
     </span>
    </p>
   </div>
   <div class='ocr_carea' id='block_1_109' title="bbox 260 5651 1894 5724">
    <p class='ocr_par' dir='ltr' id='par_1_109' title="bbox 260 5651 1894 5724">
     <span class='ocr_line' id='line_1_110' title="bbox 260 5651 1894 5724; baseline 0.001 -18"><span class='ocrx_word' id='word_1_761' title='bbox 260 5651 504 5709; x_wconf 85' lang='lat' dir='ltr'><strong>Romana</strong></span> <span class='ocrx_word' id='word_1_762' title='bbox 541 5653 692 5709; x_wconf 88' lang='lat' dir='ltr'><strong>idem</strong></span> <span class='ocrx_word' id='word_1_763' title='bbox 745 5667 870 5708; x_wconf 89' lang='lat' dir='ltr'><strong>mos</strong></span> <span class='ocrx_word' id='word_1_764' title='bbox 918 5652 1068 5724; x_wconf 74' lang='lat' dir='ltr'><strong>inter</strong></span> <span class='ocrx_word' id='word_1_765' title='bbox 1111 5651 1512 5724; x_wconf 88' lang='lat' dir='ltr'><strong>prandendum</strong></span> <span class='ocrx_word' id='word_1_766' title='bbox 1545 5651 1894 5724; x_wconf 68' lang='lat' dir='ltr'><strong>prelegendi</strong></span> 
     </span>
    </p>
   </div>
   <div class='ocr_carea' id='block_1_110' title="bbox 260 5722 1898 5796">
    <p class='ocr_par' dir='ltr' id='par_1_110' title="bbox 260 5722 1898 5796">
     <span class='ocr_line' id='line_1_111' title="bbox 260 5722 1898 5796; baseline -0.001 -15"><span class='ocrx_word' id='word_1_767' title='bbox 260 5723 575 5782; x_wconf 88' lang='lat' dir='ltr'><strong>obtinebat.</strong></span> <span class='ocrx_word' id='word_1_768' title='bbox 605 5724 670 5784; x_wconf 81' lang='lat' dir='ltr'><strong>In</strong></span> <span class='ocrx_word' id='word_1_769' title='bbox 720 5725 922 5781; x_wconf 90' lang='lat' dir='ltr'><strong>ordine</strong></span> <span class='ocrx_word' id='word_1_770' title='bbox 955 5722 1242 5796; x_wconf 85' lang='lat' dir='ltr'><strong>Romano,</strong></span> <span class='ocrx_word' id='word_1_771' title='bbox 1279 5723 1379 5780; x_wconf 89' lang='lat' dir='ltr'><strong>ubi</strong></span> <span class='ocrx_word' id='word_1_772' title='bbox 1425 5722 1760 5782; x_wconf 81' lang='lat' dir='ltr'><strong>convivium</strong></span> <span class='ocrx_word' id='word_1_773' title='bbox 1802 5725 1898 5780; x_wconf 91' lang='lat' dir='ltr'><strong>de-</strong></span> 
     </span>
    </p>
   </div>
   <div class='ocr_carea' id='block_1_111' title="bbox 1998 4718 3644 4789">
    <p class='ocr_par' dir='ltr' id='par_1_111' title="bbox 1998 4718 3644 4789">
     <span class='ocr_line' id='line_1_112' title="bbox 1998 4718 3644 4789; baseline -0.004 -11"><span class='ocrx_word' id='word_1_774' title='bbox 1998 4718 2148 4778; x_wconf 85' lang='lat' dir='ltr'><strong>mum</strong></span> <span class='ocrx_word' id='word_1_775' title='bbox 2175 4721 2481 4779; x_wconf 82' lang='lat' dir='ltr'><strong>convivium</strong></span> <span class='ocrx_word' id='word_1_776' title='bbox 2515 4719 2838 4789; x_wconf 82' lang='lat' dir='ltr'><strong>incipietur,</strong></span> <span class='ocrx_word' id='word_1_777' title='bbox 2861 4720 2918 4772; x_wconf 86' lang='lat' dir='ltr'><strong>in</strong></span> <span class='ocrx_word' id='word_1_778' title='bbox 2952 4718 3064 4773; x_wconf 83' lang='lat' dir='ltr'><strong>loco</strong></span> <span class='ocrx_word' id='word_1_779' title='bbox 3099 4718 3445 4778; x_wconf 84' lang='lat' dir='ltr'><strong>convenienti</strong></span> <span class='ocrx_word' id='word_1_780' title='bbox 3471 4733 3644 4788; x_wconf 89' lang='lat' dir='ltr'><strong>pona-</strong></span> 
     </span>
    </p>
   </div>
   <div class='ocr_carea' id='block_1_112' title="bbox 2002 4788 3644 4866">
    <p class='ocr_par' dir='ltr' id='par_1_112' title="bbox 2002 4788 3644 4866">
     <span class='ocr_line' id='line_1_113' title="bbox 2002 4788 3644 4866; baseline -0.004 -17"><span class='ocrx_word' id='word_1_781' title='bbox 2002 4800 2094 4850; x_wconf 85' lang='lat' dir='ltr'><strong>tur</strong></span> <span class='ocrx_word' id='word_1_782' title='bbox 2117 4795 2416 4866; x_wconf 84' lang='lat' dir='ltr'><strong>pulpitum,</strong></span> <span class='ocrx_word' id='word_1_783' title='bbox 2448 4801 2500 4848; x_wconf 87' lang='lat' dir='ltr'><strong>et</strong></span> <span class='ocrx_word' id='word_1_784' title='bbox 2546 4788 2938 4866; x_wconf 54' lang='lat' dir='ltr'><strong>subdiaconus</strong></span> <span class='ocrx_word' id='word_1_785' title='bbox 2961 4788 3078 4866; x_wconf 77' lang='lat' dir='ltr'><strong>sive</strong></span> <span class='ocrx_word' id='word_1_786' title='bbox 3130 4790 3454 4866; x_wconf 78' lang='lat' dir='ltr'><strong>capellanus</strong></span> <span class='ocrx_word' id='word_1_787' title='bbox 3493 4803 3644 4866; x_wconf 69' lang='lat' dir='ltr'><strong>papa:</strong></span> 
     </span>
    </p>
   </div>
   <div class='ocr_carea' id='block_1_113' title="bbox 1999 4859 3645 4936">
    <p class='ocr_par' dir='ltr' id='par_1_113' title="bbox 1999 4859 3645 4936">
     <span class='ocr_line' id='line_1_114' title="bbox 1999 4859 3645 4936; baseline -0.005 -15"><span class='ocrx_word' id='word_1_788' title='bbox 1999 4859 2325 4936; x_wconf 10' lang='lat' dir='ltr'><strong>aliquidr&#39;rde</strong></span> <span class='ocrx_word' id='word_1_789' title='bbox 2379 4859 2538 4920; x_wconf 76' lang='lat' dir='ltr'><strong>sacra</strong></span> <span class='ocrx_word' id='word_1_790' title='bbox 2589 4862 2870 4936; x_wconf 76' lang='lat' dir='ltr'><strong>Scriptura</strong></span> <span class='ocrx_word' id='word_1_791' title='bbox 2921 4861 3067 4936; x_wconf 79' lang='lat' dir='ltr'><strong>legat</strong></span> <span class='ocrx_word' id='word_1_792' title='bbox 3132 4859 3300 4932; x_wconf 83' lang='lat' dir='ltr'><strong>usque</strong></span> <span class='ocrx_word' id='word_1_793' title='bbox 3346 4862 3406 4915; x_wconf 85' lang='lat' dir='ltr'><strong>in</strong></span> <span class='ocrx_word' id='word_1_794' title='bbox 3453 4859 3645 4936; x_wconf 74' lang='lat' dir='ltr'><strong>ﬁnem</strong></span> 
     </span>
    </p>
   </div>
   <div class='ocr_carea' id='block_1_114' title="bbox 2001 4932 3645 5002">
    <p class='ocr_par' dir='ltr' id='par_1_114' title="bbox 2001 4932 3645 5002">
     <span class='ocr_line' id='line_1_115' title="bbox 2001 4932 3645 5002; baseline -0.007 -9"><span class='ocrx_word' id='word_1_795' title='bbox 2001 4932 2257 4993; x_wconf 79' lang='lat' dir='ltr'><strong>convivii.</strong></span> <span class='ocrx_word' id='word_1_796' title='bbox 2310 4937 2536 4991; x_wconf 85' lang='lat' dir='ltr'><strong>Interim</strong></span> <span class='ocrx_word' id='word_1_797' title='bbox 2591 4932 2719 4988; x_wconf 82' lang='lat' dir='ltr'><strong>cum</strong></span> <span class='ocrx_word' id='word_1_798' title='bbox 2767 4933 2990 4988; x_wconf 86' lang='lat' dir='ltr'><strong>silentio</strong></span> <span class='ocrx_word' id='word_1_799' title='bbox 3056 4937 3108 4988; x_wconf 85' lang='lat' dir='ltr'><strong>et</strong></span> <span class='ocrx_word' id='word_1_800' title='bbox 3157 4939 3358 5002; x_wconf 81' lang='lat' dir='ltr'><strong>absque</strong></span> <span class='ocrx_word' id='word_1_801' title='bbox 3412 4932 3645 5002; x_wconf 66' lang='lat' dir='ltr'><strong>strepitu</strong></span> 
     </span>
    </p>
   </div>
   <div class='ocr_carea' id='block_1_115' title="bbox 2003 4999 3640 5082">
    <p class='ocr_par' dir='ltr' id='par_1_115' title="bbox 2003 4999 3640 5082">
     <span class='ocr_line' id='line_1_116' title="bbox 2003 4999 3640 5082; baseline -0.005 -18"><span class='ocrx_word' id='word_1_802' title='bbox 2003 5009 2193 5082; x_wconf 75' lang='lat' dir='ltr'><strong>omnia</strong></span> <span class='ocrx_word' id='word_1_803' title='bbox 2223 5008 2680 5082; x_wconf 65' lang='lat' dir='ltr'><strong>administrentur</strong></span> <span class='ocrx_word' id='word_1_804' title='bbox 2707 4999 3326 5082; x_wconf 51' lang='lat' dir='ltr'><strong>quamailjgentissim&#39;e</strong></span> <span class='ocrx_word' id='word_1_805' title='bbox 3343 5019 3364 5064; x_wconf 86' lang='lat'><strong><em>;</em></strong></span> <span class='ocrx_word' id='word_1_806' title='bbox 3395 5001 3497 5082; x_wconf 76' lang='lat' dir='ltr'><strong>ubi</strong></span> <span class='ocrx_word' id='word_1_807' title='bbox 3523 4999 3640 5082; x_wconf 81' lang='lat' dir='ltr'><strong>_vid.</strong></span> 
     </span>
    </p>
   </div>
   <div class='ocr_carea' id='block_1_116' title="bbox 2005 5069 3645 5154">
    <p class='ocr_par' dir='ltr' id='par_1_116' title="bbox 2005 5069 3645 5154">
     <span class='ocr_line' id='line_1_117' title="bbox 2005 5069 3645 5154; baseline -0.008 -18"><span class='ocrx_word' id='word_1_808' title='bbox 2005 5089 2121 5136; x_wconf 90' lang='lat' dir='ltr'><strong>nol.</strong></span> <span class='ocrx_word' id='word_1_809' title='bbox 2153 5078 2390 5154; x_wconf 79' lang='lat' dir='ltr'><strong>Josephi</strong></span> <span class='ocrx_word' id='word_1_810' title='bbox 2421 5076 2679 5154; x_wconf 78' lang='lat' dir='ltr'><strong>Catalani</strong></span> <span class='ocrx_word' id='word_1_811' title='bbox 2807 5075 2929 5154; x_wconf 62' lang='lat'><strong>158.</strong></span> <span class='ocrx_word' id='word_1_812' title='bbox 2965 5069 3216 5154; x_wconf 31' lang='lat' dir='ltr'><strong>EtiamAa</strong></span> <span class='ocrx_word' id='word_1_813' title='bbox 3243 5072 3453 5154; x_wconf 66' lang='lat' dir='ltr'><strong>Turcis</strong></span> <span class='ocrx_word' id='word_1_814' title='bbox 3472 5069 3645 5154; x_wconf 51' lang='lat' dir='ltr'><strong>Alco:</strong></span> 
     </span>
    </p>
   </div>
   <div class='ocr_carea' id='block_1_117' title="bbox 2004 5142 3642 5220">
    <p class='ocr_par' dir='ltr' id='par_1_117' title="bbox 2004 5142 3642 5220">
     <span class='ocr_line' id='line_1_118' title="bbox 2004 5142 3642 5220; baseline -0.007 -13"><span class='ocrx_word' id='word_1_815' title='bbox 2004 5167 2204 5207; x_wconf 88' lang='lat' dir='ltr'><strong>ranum</strong></span> <span class='ocrx_word' id='word_1_816' title='bbox 2239 5142 2388 5204; x_wconf 71' lang='lat' dir='ltr'><strong>inter</strong></span> <span class='ocrx_word' id='word_1_817' title='bbox 2419 5149 2624 5220; x_wconf 89' lang='lat' dir='ltr'><strong>epulas</strong></span> <span class='ocrx_word' id='word_1_818' title='bbox 2651 5142 2788 5220; x_wconf 70' lang='lat' dir='ltr'><strong>legi,</strong></span> <span class='ocrx_word' id='word_1_819' title='bbox 2810 5151 3108 5220; x_wconf 77' lang='lat' dir='ltr'><strong>testantur</strong></span> <span class='ocrx_word' id='word_1_820' title='bbox 3136 5143 3388 5200; x_wconf 82' lang='lat' dir='ltr'><strong>Annales</strong></span> <span class='ocrx_word' id='word_1_821' title='bbox 3408 5142 3642 5197; x_wconf 87' lang='lat' dir='ltr'><strong>Turcici</strong></span> 
     </span>
    </p>
   </div>
   <div class='ocr_carea' id='block_1_118' title="bbox 2007 5218 3646 5284">
    <p class='ocr_par' dir='ltr' id='par_1_118' title="bbox 2007 5218 3646 5284">
     <span class='ocr_line' id='line_1_119' title="bbox 2007 5218 3646 5284; baseline -0.007 -6"><span class='ocrx_word' id='word_1_822' title='bbox 2007 5221 2412 5278; x_wconf 81' lang='lat' dir='ltr'><strong>Leunclaviani</strong></span> <span class='ocrx_word' id='word_1_823' title='bbox 2444 5218 2514 5276; x_wconf 87' lang='lat' dir='ltr'><strong>ad</strong></span> <span class='ocrx_word' id='word_1_824' title='bbox 2569 5223 2632 5275; x_wconf 89' lang='lat' dir='ltr'><strong>A.</strong></span> <span class='ocrx_word' id='word_1_825' title='bbox 2677 5218 2738 5275; x_wconf 83' lang='lat' dir='ltr'><strong>C.</strong></span> <span class='ocrx_word' id='word_1_826' title='bbox 2796 5218 2951 5272; x_wconf 69' lang='grc'><strong>1394.</strong></span> <span class='ocrx_word' id='word_1_827' title='bbox 3007 5219 3064 5271; x_wconf 85' lang='lat' dir='ltr'><strong>In</strong></span> <span class='ocrx_word' id='word_1_828' title='bbox 3115 5223 3369 5270; x_wconf 88' lang='lat' dir='ltr'><strong>veterum</strong></span> <span class='ocrx_word' id='word_1_829' title='bbox 3413 5227 3646 5284; x_wconf 84' lang='lat' dir='ltr'><strong>quoque</strong></span> 
     </span>
    </p>
   </div>
   <div class='ocr_carea' id='block_1_119' title="bbox 2005 5284 3648 5367">
    <p class='ocr_par' dir='ltr' id='par_1_119' title="bbox 2005 5284 3648 5367">
     <span class='ocr_line' id='line_1_120' title="bbox 2005 5284 3648 5367; baseline -0.005 -19"><span class='ocrx_word' id='word_1_830' title='bbox 2005 5295 2081 5367; x_wconf 83' lang='lat' dir='ltr'><strong>im</strong></span> <span class='ocrx_word' id='word_1_831' title='bbox 2095 5299 2422 5367; x_wconf 62' lang='lat' dir='ltr'><strong>paratarum</strong></span> <span class='ocrx_word' id='word_1_832' title='bbox 2443 5364 2452 5367; x_wconf 86' lang='lat'><em>_</em></span> <span class='ocrx_word' id='word_1_833' title='bbox 2477 5292 2892 5367; x_wconf 36' lang='lat' dir='ltr'><strong>Romanorum.</strong></span> <span class='ocrx_word' id='word_1_834' title='bbox 2910 5287 3100 5367; x_wconf 79' lang='lat' dir='ltr'><strong>epulis</strong></span> <span class='ocrx_word' id='word_1_835' title='bbox 3129 5286 3372 5367; x_wconf 80' lang='lat' dir='ltr'><strong>lectores</strong></span> <span class='ocrx_word' id='word_1_836' title='bbox 3386 5284 3648 5367; x_wconf 70' lang='lat' dir='ltr'><strong>adhibe-</strong></span> 
     </span>
    </p>
   </div>
   <div class='ocr_carea' id='block_1_120' title="bbox 2004 5357 3640 5434">
    <p class='ocr_par' dir='ltr' id='par_1_120' title="bbox 2004 5357 3640 5434">
     <span class='ocr_line' id='line_1_121' title="bbox 2004 5357 3640 5434; baseline -0.007 -14"><span class='ocrx_word' id='word_1_837' title='bbox 2004 5357 2229 5420; x_wconf 77' lang='lat' dir='ltr'><strong>bantur.</strong></span> <span class='ocrx_word' id='word_1_838' title='bbox 2264 5364 2610 5434; x_wconf 89' lang='lat' dir='ltr'><strong>Spartianus</strong></span> <span class='ocrx_word' id='word_1_839' title='bbox 2641 5364 2712 5418; x_wconf 90' lang='lat' dir='ltr'><strong>de</strong></span> <span class='ocrx_word' id='word_1_840' title='bbox 2762 5357 3032 5434; x_wconf 56' lang='lat' dir='ltr'><strong>Adriano,</strong></span> <span class='ocrx_word' id='word_1_841' title='bbox 3181 5357 3424 5411; x_wconf 75' lang='lat' dir='ltr'><strong>convivio</strong></span> <span class='ocrx_word' id='word_1_842' title='bbox 3466 5357 3555 5434; x_wconf 80' lang='lat' dir='ltr'><strong>ait</strong></span> <span class='ocrx_word' id='word_1_843' title='bbox 3587 5372 3640 5426; x_wconf 89' lang='lat' dir='ltr'><strong>p.</strong></span> 
     </span>
    </p>
   </div>
   <div class='ocr_carea' id='block_1_121' title="bbox 2000 5428 3643 5506">
    <p class='ocr_par' dir='ltr' id='par_1_121' title="bbox 2000 5428 3643 5506">
     <span class='ocr_line' id='line_1_122' title="bbox 2000 5428 3643 5506; baseline -0.005 -15"><span class='ocrx_word' id='word_1_844' title='bbox 2000 5437 2127 5501; x_wconf 83' lang='grc'>215,</span> <span class='ocrx_word' id='word_1_845' title='bbox 2186 5428 2496 5506; x_wconf 65' lang='grc' dir='ltr'>ινηρξῑάίαε,</span> <span class='ocrx_word' id='word_1_846' title='bbox 2570 5431 2883 5494; x_wconf 71' lang='lat' dir='ltr'><strong>comoedias,</strong></span> <span class='ocrx_word' id='word_1_847' title='bbox 2961 5428 3263 5506; x_wconf 72' lang='lat' dir='ltr'><strong>Atellanus,</strong></span> <span class='ocrx_word' id='word_1_848' title='bbox 3337 5429 3643 5496; x_wconf 83' lang='lat' dir='ltr'><strong>sambucas,</strong></span> 
     </span>
    </p>
   </div>
   <div class='ocr_carea' id='block_1_122' title="bbox 2004 5499 3206 5576">
    <p class='ocr_par' dir='ltr' id='par_1_122' title="bbox 2004 5499 3206 5576">
     <span class='ocr_line' id='line_1_123' title="bbox 2004 5499 3206 5576; baseline -0.007 -12"><span class='ocrx_word' id='word_1_849' title='bbox 2004 5499 2246 5566; x_wconf 82' lang='lat' dir='ltr'><strong>lectores.</strong></span> <span class='ocrx_word' id='word_1_850' title='bbox 2267 5499 2454 5576; x_wconf 61' lang='lat' dir='ltr'><strong>poetas</strong></span> <span class='ocrx_word' id='word_1_851' title='bbox 2484 5522 2586 5575; x_wconf 87' lang='lat' dir='ltr'><strong>pro</strong></span> <span class='ocrx_word' id='word_1_852' title='bbox 2615 5522 2674 5560; x_wconf 88' lang='lat' dir='ltr'><strong>re</strong></span> <span class='ocrx_word' id='word_1_853' title='bbox 2700 5516 2904 5576; x_wconf 75' lang='lat' dir='ltr'><strong>semper</strong></span> <span class='ocrx_word' id='word_1_854' title='bbox 2936 5499 3206 5557; x_wconf 72' lang='lat' dir='ltr'><strong>exhibuit.</strong></span> 
     </span>
    </p>
   </div>
   <div class='ocr_carea' id='block_1_123' title="bbox 2074 5571 3644 5650">
    <p class='ocr_par' dir='ltr' id='par_1_123' title="bbox 2074 5571 3644 5650">
     <span class='ocr_line' id='line_1_124' title="bbox 2074 5571 3644 5650; baseline -0.006 -17"><span class='ocrx_word' id='word_1_855' title='bbox 2074 5578 2189 5650; x_wconf 86' lang='lat'><strong>(86)</strong></span> <span class='ocrx_word' id='word_1_856' title='bbox 2219 5571 2362 5633; x_wconf 87' lang='lat' dir='ltr'><strong>Ante</strong></span> <span class='ocrx_word' id='word_1_857' title='bbox 2411 5571 2533 5634; x_wconf 48' lang='lat' dir='ltr'><strong>hac</strong></span> <span class='ocrx_word' id='word_1_858' title='bbox 2590 5579 2762 5650; x_wconf 79' lang='lat' dir='ltr'><strong>verba</strong></span> <span class='ocrx_word' id='word_1_859' title='bbox 2809 5573 3020 5650; x_wconf 80' lang='lat' dir='ltr'><strong>desunt</strong></span> <span class='ocrx_word' id='word_1_860' title='bbox 3068 5571 3355 5650; x_wconf 70' lang='lat' dir='ltr'><strong>quaedam,</strong></span> <span class='ocrx_word' id='word_1_861' title='bbox 3395 5583 3644 5650; x_wconf 77' lang='lat' dir='ltr'><strong>quorum</strong></span> 
     </span>
    </p>
   </div>
   <div class='ocr_carea' id='block_1_124' title="bbox 2003 5641 3646 5716">
    <p class='ocr_par' dir='ltr' id='par_1_124' title="bbox 2003 5641 3646 5716">
     <span class='ocr_line' id='line_1_125' title="bbox 2003 5641 3646 5716; baseline -0.007 -9"><span class='ocrx_word' id='word_1_862' title='bbox 2003 5641 2213 5708; x_wconf 75' lang='lat' dir='ltr'><strong>sensus</strong></span> <span class='ocrx_word' id='word_1_863' title='bbox 2245 5651 2420 5705; x_wconf 83' lang='lat' dir='ltr'><strong>fuerit</strong></span> <span class='ocrx_word' id='word_1_864' title='bbox 2446 5667 2460 5706; x_wconf 91' lang='lat'><strong>:</strong></span> <span class='ocrx_word' id='word_1_865' title='bbox 2492 5654 2548 5704; x_wconf 84' lang='lat' dir='ltr'><strong>et</strong></span> <span class='ocrx_word' id='word_1_866' title='bbox 2577 5646 2700 5701; x_wconf 83' lang='lat' dir='ltr'><strong>illis</strong></span> <span class='ocrx_word' id='word_1_867' title='bbox 2736 5643 2974 5716; x_wconf 80' lang='lat' dir='ltr'><strong>quidem,</strong></span> <span class='ocrx_word' id='word_1_868' title='bbox 3006 5641 3440 5716; x_wconf 71' lang='lat' dir='ltr'><strong>cantoribuset</strong></span> <span class='ocrx_word' id='word_1_869' title='bbox 3470 5641 3646 5716; x_wconf 80' lang='lat' dir='ltr'><strong>lecto-</strong></span> 
     </span>
    </p>
   </div>
   <div class='ocr_carea' id='block_1_125' title="bbox 2002 5711 3642 5794">
    <p class='ocr_par' dir='ltr' id='par_1_125' title="bbox 2002 5711 3642 5794">
     <span class='ocr_line' id='line_1_126' title="bbox 2002 5711 3642 5794; baseline -0.007 -14"><span class='ocrx_word' id='word_1_870' title='bbox 2002 5722 2186 5794; x_wconf 88' lang='lat' dir='ltr'><strong>ribus,</strong></span> <span class='ocrx_word' id='word_1_871' title='bbox 2223 5721 2432 5778; x_wconf 86' lang='lat' dir='ltr'><strong>dantur</strong></span> <span class='ocrx_word' id='word_1_872' title='bbox 2461 5718 2685 5777; x_wconf 85' lang='lat' dir='ltr'><strong>nomine</strong></span> <span class='ocrx_word' id='word_1_873' title='bbox 2727 5711 3076 5789; x_wconf 69' lang='lat' dir='ltr'><strong>imperatoris</strong></span> <span class='ocrx_word' id='word_1_874' title='bbox 3117 5715 3236 5772; x_wconf 85' lang='lat' dir='ltr'><strong>bini</strong></span> <span class='ocrx_word' id='word_1_875' title='bbox 3264 5711 3430 5770; x_wconf 84' lang='lat' dir='ltr'><strong>solidi</strong></span> <span class='ocrx_word' id='word_1_876' title='bbox 3457 5712 3642 5769; x_wconf 84' lang='lat' dir='ltr'><strong>aurei.</strong></span> 
     </span>
    </p>
   </div>
  </div>
