3972 6214
411 385 561 447 1391
1483 369 2016 437 CONSTANTINI
2061 375 2065 433 ἶ

2203 368 2751 434 LPHYROGENITI
3711 374 3849 435 i392

404 516 794 572 troducuntur
823 515 879 567 et
909 510 1231 567 educuntur
1274 523 1411 564 cum
1442 507 1566 563 suis
1598 506 1768 563 stolis
1798 510 1857 559 et
1910 503 2051 575 phe-

2203 523 2273 576 ,ου
2311 503 2446 558 κατᾶ
2490 503 2554 558 τὸ
2604 500 2965 573 ὑποκείμενον
3017 500 3185 556 ποσὸν
3245 506 3357 570 τῆς
3407 502 3633 573 τιμίας
3677 508 3848 577 τρι-ξε-

407 604 581 661 Ioniis
611 618 677 658 eo
708 601 904 668 modo,
938 617 1053 672 quo
1100 600 1230 655 illos
1278 596 1462 669 excipi
1513 598 1573 653 in
1626 611 1832 668 magno
1863 594 2052 650 Justi-

2203 610 2279 663 ης’
2323 592 2557 669 εἰσάγειν
2606 589 2665 647 δὲ
2714 592 2912 653 αὐτοῦς
2970 591 3064 646 καὶ
3122 590 3339 661 ἑξάγειν
3408 592 3573 666 μετᾶ
3626 598 3735 647 τῶν
3780 598 3843 646 εἷ-

406 692 565 750 niani
596 689 849 747 triclinio
880 690 1154 762 superius
1186 686 1551 743 dicebamus.

2203 680 2318 736 είων
2351 679 2564 736 στολῶν
2597 701 2655 735 τε
2685 680 2775 735 καὶ
2809 679 3095 755 φελωνίων
3138 682 3277 735 κατᾶ
3305 682 3415 735 τὸν
3458 681 3847 757 προλεχθέγτε

2160 769 2213 825 ἐν
2270 775 2349 843 τῷ
2411 770 2536 844 περὶ
2587 775 2686 825 τοῦ
2742 771 3128 827 Ἰουστινιανοῦ
3190 768 3435 846 μεγάλῳ
3478 770 3848 847 1:17,th-

2160 857 2282 932 σίῳ.

911 1015 994 1066 De
1020 1011 1158 1080 festo
1182 1004 1549 1061 Orthodoxiae.

478 1122 764 1192 Sequente
811 1117 1068 1189 proxime
1111 1115 1204 1169 die
1254 1111 1575 1176 Dominica,
1611 1124 1727 1179 qua
1772 1105 2053 1162 memoria

408 1212 645 1266 sancitze
694 1204 1044 1263 orthodoxize
1088 1218 1315 1271 eorum,
1372 1200 1468 1270 qui
1517 1214 1714 1253 sacras
1763 1195 2051 1264 imagines

404 1302 775 1363 venerantur,
811 1298 943 1365 post
975 1307 1272 1347 occursum
1302 1295 1359 1344 et
1406 1286 1800 1359 exceptionem
1845 1286 2052 1340 iactam

405 1387 718 1458 splendidae
751 1381 1142 1455 processionis
1187 1397 1217 1435 e
1262 1378 1594 1435 Blachernis
1639 1375 1699 1430 in
1735 1375 1932 1430 urbem
1967 1391 2053 1428 re-

406 1476 659 1543 deuntis,
694 1478 1075 1543 sanctumque
1128 1470 1481 1525 celebratum
1538 1466 1723 1521 Missae
1772 1463 2053 1530 officium,

403 1566 729 1621 instituitur
780 1562 1108 1619 convivium
1158 1560 1443 1629 impensis
1504 1555 1699 1627 magni
1747 1552 2054 1610 mconomii

409 1657 531 1727 [seu
568 1670 791 1726 magnae
834 1652 1329 1707 administratum:
1362 1646 1658 1701 redituum
1696 1641 2055 1714 patriarcha-

2733 1008 2852 1077 Τῆς
2880 1003 3250 1083 Ὁρθοδοείας.

2228 1116 2308 1186 Τῇ
2363 1110 2420 1167 δὲ
2476 1112 2705 1189 ἐπιούσῃ
2765 1119 3006 1191 Κυριακῇ
3078 1122 3181 1184 τῆς
3254 1120 3371 1170 τῶν
3450 1115 3651 1192 ἁγίων
3714 1119 3846 1172 εἱιέο

2158 1224 2261 1255 νων
2317 1204 2430 1275 (87)
2489 1201 2809 1278 ὀρθοδοξίας
2873 1205 3009 1277 μετὰ
3060 1206 3160 1273 τὴν
3243 1205 3578 1274 ὑπάντησιν
3638 1211 3743 1271 τῆς
3795 1206 3843 1260 ἐι

2163 1291 2493 1369 Βλαχερνῶν
2539 1292 2816 1364 εἰσιούσης
2846 1301 3069 1371 φαεινῆς
3119 1293 3403 1356 λιτανείας
3450 1297 3555 1350 καὶ
3614 1298 3723 1363 τήν
3780 1298 3843 1351 ἱε-

2163 1382 2410 1456 ρωτάτην
2447 1382 2834 1458 μυσταγωγίαν
2891 1382 3192 1439 ἔκτελεῖται
3245 1382 3602 1459 κλητώριον
3659 1385 3721 1441 ἐκ
3758 1389 3843 1451 τῆς

2165 1471 2461 1544 ὑπηρεσίας
2510 1476 2608 1527 τοῦ
2660 1472 2901 1546 μεγάλου
2960 1474 3283 1547 οἷκονομίου
3332 1474 3391 1530 ἓν
3444 1479 3538 1547 τῷ
3596 1474 3845 1547 1251:}:-

2159 1560 2305 1633 τάτῳ
2356 1561 2443 1615 καὶ
2508 1562 2731 1637 μεγάλῳ
2787 1568 3171 1639 πατριαρχικῷ
3244 1564 3523 1639 σεκρέτῳ,
3617 1566 3711 1619 καὶ
3774 1562 3842 1619 34:?

2161 1651 2309 1722 ἡμᾶς
2341 1650 2671 1726 εὐτρεπίζειν
2730 1652 2806 1715 εἷς
2867 1654 3201 1708 συνεστίασιν
3254 1652 3472 1731 φίλους
3504 1660 3600 1727 τῷ
3636 1655 3839 1729 ﬁsa-)3?

404 1745 597 1815 lium],
634 1747 692 1799 in
736 1739 1209 1811 splendidissimo
1262 1741 1318 1789 et
1349 1750 1560 1805 magno
1593 1730 1927 1801 patriarchae
1960 1745 2052 1785 se-

407 1842 580 1887 creto.
619 1833 692 1884 Eo
734 1830 975 1882 invitare
1024 1842 1129 1880 nos
1181 1828 1405 1894 oportet
1455 1820 1792 1892 imperatori
1842 1824 1901 1873 et
1949 1836 2053 1890 pa-

405 1918 672 1973 triarchae
722 1915 961 1983 amicos,
1015 1914 1343 1984 magistros,
1392 1912 1758 1982 praepositos,
1807 1925 2050 1979 procono

406 2008 588 2074 sules,
621 2005 918 2077 patricios,
962 2002 1389 2074 metropolitas,
1439 2000 1928 2071 archiepiscopos,
1973 1998 2053 2054 of-

407 2096 628 2152 ﬁciales
658 2099 714 2150 et
744 2093 1117 2165 magistratus
1156 2090 1301 2147 alios
1349 2091 1420 2145 de
1460 2088 1675 2146 illustri
1717 2091 1927 2144 senatu
1959 2102 2055 2142 se-

407 2186 663 2242 cundum
696 2182 1075 2254 capacitatem
1117 2196 1353 2236 mensae.
1385 2179 1849 2234 Introducuntur
1878 2191 2056 2232 sena-

406 2275 538 2331 torii
570 2273 807 2345 quidem
840 2270 1063 2327 ordinis
1102 2268 1347 2325 virisuis
1371 2269 1431 2323 in
1463 2265 1891 2338 scaramangiis
1922 2270 2051 2321 tan-

404 2369 555 2433 tum,
598 2361 925 2417 sacerdotes
975 2368 1165 2415 autem
1223 2357 1347 2412 suis
1378 2357 1434 2412 in
1488 2354 1886 2411 schematibus
1951 2367 2054 2408 seu

405 2453 666 2509 vestibus
698 2447 1163 2507 monachalibus.

906 2616 1056 2669 Ml
1111 2615 1300 2669 Mense
1340 2610 1553 2667 Martio.

478 2721 696 2777 Mensis
730 2721 905 2791 hujus
931 2721 1024 2776 die
1053 2718 1337 2790 vigesimo
1368 2717 1571 2788 quinto
1603 2714 1929 2771 celebratur
1953 2729 2056 2770 no-

410 2812 584 2867 tabile
614 2815 669 2867 et
692 2808 914 2864 illustre
931 2810 1146 2864 festum
1169 2804 1648 2862 Annuntiationis
1670 2803 2057 2861 sanctissima

411 2902 671 2958 Dominae
704 2906 912 2955 nostra;
931 2897 1190 2969 Deiparze
1221 2904 1275 2951 et
1307 2910 1537 2965 semper
1568 2893 1809 2966 virginis
1841 2893 2055 2962 Mariae,

410 2988 691 3058 finitaque
717 2992 996 3041 consueta
1024 2982 1272 3039 solemni
1296 2980 1668 3054 processione
1690 2980 1747 3035 in
1772 2978 2054 3051 templum

410 3075 945 3147 chalcOprateorum
980 3072 1276 3139 instituta,
1303 3072 1524 3126 intrant
1549 3068 1772 3125 domini
1804 3070 1861 3124 in
1895 3067 2055 3140 pala-

411 3168 553 3222 tium
577 3182 709 3221 cum
730 3168 848 3219 toto
872 3161 1083 3218 illustri
1105 3165 1308 3217 senatu
1342 3158 1661 3230 splendidis
1690 3158 1750 3213 in
1774 3158 2054 3225 vestibus,

2162 1740 2252 1794 καὶ
2300 1745 2378 1812 τῷ
2421 1743 2706 1818 ἁγιωτάτῳ
2752 1744 3096 1825 πατριάρχῃ,
3160 1743 3537 1819 μαγίστρους,
3600 1767 3837 1819 προεῖτο

2165 1831 2366 1901 σίτους,
2430 1831 2789 1903 ἀνθυπάτους,
2836 1833 3175 1909 πατρικίους,
3229 1833 3706 1909 μητροπολίτας,

2167 1922 2585 1995 χιεπισκὸπους,
2634 1920 3019 1997 ὀφφικιαλίους
3067 1923 3155 1977 καὶ
3208 1921 3501 2001 ἄρχοντας
3550 1932 3663 1995 τῆς
3691 1946 3836 2000 περε-

2163 2015 2357 2085 φανοῦς
2397 2009 2732 2086 συγκλήτου,
2781 2010 2919 2066 κατὰ
2961 2010 3053 2066 τὸν
3097 2010 3333 2085 ἀριθμὸν
3380 2018 3496 2068 τοῦ
3532 2019 3721 2069 ποσοῦ
3749 2022 3835 2083 τῆς

2162 2100 2451 2174 τραπέζης’
2508 2099 2737 2174 εῗσάγειν
2795 2098 2851 2155 δὲ
2918 2100 3119 2162 αὐτοὺς
3170 2101 3414 2162 ἅπαντας
3477 2105 3578 2157 καί
3646 2106 3833 2178 ἒξξγὶεν

2164 2188 2359 2252 οὓτως·
2390 2189 2518 2252 τοὺς
2554 2189 2648 2263 μὶν
2682 2188 3082 2265 συγκλητικοὺς
3134 2193 3270 2264 μετὰ
3311 2194 3429 2245 τῶν
3486 2191 3719 2247 οἶκείων
3754 2196 3835 2247 αὐ-

2161 2286 2269 2338 τῶν
2300 2283 2727 2359 σκαραμαγγίων
2785 2280 2875 2336 καὶ
2938 2282 3124 2355 μόνον,
3180 2280 3311 2345 τοὺς
3366 2280 3427 2337 δὲ
3481 2284 3667 2357 ἱερεῖς
3716 2286 3836 2358 peti

2163 2377 2274 2429 τῶν
2307 2372 2520 2428 οἰκείων
2556 2372 2885 2451 σχημάτων.

2772 2611 2893 2680 Μὴν
2934 2610 3198 2687 Μάρτιος.

2234 2699 2319 2775 Τῇ
2348 2698 2406 2756 δὶ
2444 2702 2517 2756 κε’
2559 2698 2657 2756 τοῦ
2708 2701 2960 2775 Μαρτίου
3012 2701 3187 2774 μηνὸς
3235 2700 3487 2757 τελεῖται
3521 2704 3558 2772 ἡ
3594 2700 3833 2777 εὔσημες

2163 2792 2251 2846 καὶ
2301 2791 2604 2869 περιφανὴς
2663 2790 2825 2865 ἑορτή
2881 2795 2980 2846 τοῦ
3021 2791 3443 2867 Εὐαγγελισμοῦ
3496 2800 3609 2863 τῆς
3674 2794 3830 2868 ὓπερ-

2166 2880 2324 2956 αγίας
2354 2880 2651 2949 Δεσποίνης
2696 2881 2730 2947 ἡ
2742 2883 2857 2951 μῶν
2889 2879 3156 2935 Θεοτὸκου
3189 2880 3277 2935 καὶ
3309 2882 3689 2957 ἆειπαρθὲνου
3715 2889 3832 2939 Πα-

2169 2969 2309 3047 ρίας,
2377 2968 2467 3025 καὶ
2515 2968 2855 3042 τελουμένης
2909 2976 3012 3040 τῆς
3066 2978 3300 3039 τυπικῆς
3350 2972 3749 3047 προελεύσεως
3780 2971 3827 3026 ἓν

2164 3063 2246 3131 τῷ
2271 3062 2385 3131 ναῶ
2436 3061 2546 3113 τῶν
2594 3055 3051 3135 χαλκοπρατείων
3107 3058 3445 3133 εἰσέρχονται
3484 3063 3543 3116 οἱ
3578 3061 3829 3138 βασιλεῖς

2168 3148 2219 3204 ἰν
2259 3152 2339 3220 τῷ
2388 3146 2640 3219 παλατίῳ
2690 3149 2825 3221 μετὰ
2871 3151 2969 3215 τῆς
3020 3147 3326 3225 παραδόξου
3361 3151 3548 3220 πάσης
3582 3151 3826 3227 συγιλῆο

409 3254 778 3326 ingressique
826 3253 1125 3323 deponunt
1155 3266 1356 3306 omnes
1405 3265 1540 3305 suas
1579 3247 1760 3303 stolas
1790 3263 1858 3303 ex
1900 3261 2056 3302 more

2203 3257 2260 3292 ου
2310 3234 2852 3315 λαμπροφοροῦντες,
2897 3238 2985 3293 καὶ
3040 3239 3174 3311 μετὰ
3218 3239 3318 3307 τήν
3368 3236 3595 3295 εἴσοδον
3629 3241 3823 3309 ταῦτςτ

414 3345 789 3414 praescripto:
825 3341 931 3411 piis
963 3346 1159 3396 autem
1193 3340 1409 3395 nostris
1460 3338 1714 3393 dominis
1747 3354 1923 3393 aurea
1955 3353 2061 3392 sua

413 3430 815 3500 scaramangia
867 3427 1271 3495 induentibus,
1330 3426 1588 3481 induunt
1635 3424 1810 3481 etiam
1870 3425 2062 3479 caeteri

414 3534 616 3574 omnes
646 3533 754 3571 sua
775 3515 1197 3585 scaramangia.
1224 3514 1363 3569 Dein
1406 3514 1733 3568 celebratur
1774 3512 1846 3568 ab
1884 3511 2064 3583 impe-

414 3613 601 3661 ratore
647 3605 706 3660 in
751 3602 1158 3659 illustrissimo
1200 3602 1520 3658 Justiniani
1579 3601 1832 3658 triclinio
1886 3617 2063 3674 super

415 3693 705 3768 peculiare
722 3709 920 3749 mensa
942 3692 1291 3762 convivium,
1309 3691 1383 3747 ad
1404 3692 1560 3763 quod
1584 3691 1869 3747 invitandi
1893 3690 2062 3747 nobis

416 3788 556 3841 sunt
585 3782 868 3855 magistri,
888 3781 1203 3854 praepositi,
1221 3780 1619 3853 proconsules,
1646 3780 2062 3853 patricii,stra-

418 3874 554 3946 tegi,
584 3872 885 3942 ofﬁciales,
910 3872 1055 3943 regii
1078 3870 1530 3943 protospatharii
1555 3873 1612 3926 et
1633 3870 1843 3942 reliqui
1890 3868 2070 3942 magi-

422 3969 634 4020 stratus
664 3964 937 4019 ordinum
969 3959 1434 4017 comitatensium
1460 3976 1562 4032 pro
1588 3960 1904 4031 capacitate
1918 3974 2075 4014 men-

432 4070 529 4111 sae.
561 4057 842 4109 Evocatus
870 4056 1065 4107 autem
1116 4049 1549 4104 introducimus
1580 4052 1637 4103 et
1678 4049 1981 4104 educimus
2013 4046 2072 4101 in

432 4144 559 4199 suis
588 4140 1011 4212 scaramaugiis
1041 4142 1291 4195 tantum.
1311 4137 1623 4209 Splendida
1654 4137 1748 4193 die
1779 4136 2075 4192 Dominica

436 4232 789 4303 palmarum,
812 4246 941 4301 quae
963 4227 1225 4300 proxime
1248 4226 1724 4283 resurrectionem
1748 4224 1960 4281 Christi
1981 4240 2078 4280 an-

433 4323 661 4390 tecedit,
696 4322 1022 4377 celebratur
1049 4318 1336 4389 processio
1368 4316 1426 4371 in
1478 4320 1699 4383 sancto,
1725 4316 1877 4387 quod
1921 4315 2076 4371 Deus

436 4409 997 4482 custodiat,palatio.
1019 4408 1133 4464 Piis
1156 4423 1362 4480 nempe
1380 4406 1601 4463 nostris
1622 4405 2076 4479 imperatoribus

434 4500 493 4554 in
527 4499 963 4571 chrysotriclino
1014 4496 1459 4570 praasidentibus
1494 4496 1554 4552 in
1595 4497 1719 4551 suis
1751 4493 2078 4551 mutatoriis

2166 3325 2506 3390 ἀποτίθενται
2537 3325 2729 3388 πάντες
2782 3326 2877 3390 τὰς
2932 3327 3135 3382 ἑαυτῶν
3186 3326 3386 3390 στολὰς
3431 3329 3580 3384 κατὰ
3635 3330 3819 3397 τύπον,

2165 3413 2255 3469 καὶ
2304 3414 2615 3492 φορούντων
2686 3420 2795 3470 τῶν
2869 3410 3104 3471 εὐσεϐῶν
3178 3418 3339 3489 ἡμῶν
3416 3417 3708 3493 βασιλέων
3763 3420 3820 3473 τὲ

2166 3503 2564 3577 κεχρυσωμένα
2640 3504 2815 3559 αὐτῶν
2889 3506 3292 3581 σκαραμάγγια,
3348 3513 3821 3587 συναμφιάζοντσι

2168 3593 2364 3655 πάντες
2409 3593 2618 3666 ὁμοίως
2674 3593 2741 3649 τὰ
2804 3593 2978 3649 οἰκεῖα
3026 3596 3207 3651 αὐτῶν
3268 3598 3684 3673 σκαραμάγγιά,
3743 3596 3825 3652 καὶ

2169 3678 2408 3737 τελεῖται
2440 3679 2755 3756 κλητώριον
2787 3686 2866 3755 τῷ
2907 3681 3130 3757 βασιλεῖ
3176 3682 3228 3739 ἐν
3271 3688 3352 3757 τῷ
3381 3686 3829 3763 περιφανεστάτφ

2171 3769 2439 3846 τρικλίνῳ
2478 3775 2575 3825 τοῦ
2638 3771 3020 3827 Ἰουστινιανοῦ
3077 3771 3165 3826 ἐπὶ
3206 3772 3537 3843 ἀποκοπτῆς
3568 3776 3830 3850 τραπέζῃ,

2174 3858 2266 3914 καὶ
2319 3857 2403 3914 δεῖ
2448 3861 2598 3933 ἡμᾶς
2645 3859 2972 3935 εὐτρεπίζειν
3022 3860 3099 3923 εἷς
3156 3863 3490 3917 συνεστίασιν
3520 3868 3634 3918 τῶν
3676 3865 3831 3940 βασι-

2178 3946 2318 4003 λέων
2370 3947 2423 4003 ἐν
2481 3951 2551 4021 τῇ
2591 3949 2816 4023 τοιαύτῃ
2880 3950 3060 4024 ἡμέρᾳ
3119 3950 3474 4026 μαγίστρους,
3536 3954 3832 4027 «parto-ﬁ-

2176 4059 2328 4108 τους,
2396 4036 2758 4107 ἂνθυπάτους,
2814 4040 3158 4115 πατρικίους,
3227 4040 3599 4118 στρατηγοὺς,
3671 4043 3833 4121 d9;-

2179 4126 2449 4196 κιαλίους,
2503 4126 2821 4203 βασιλικοὺς
2866 4130 3387 4205 πρωτοσπαθαρίους
3445 4132 3534 4185 καὶ
3600 4129 3834 4192 λοιποὺς

2183 4216 2451 4293 ἄρχοντας
2510 4215 2571 4271 ἐκ
2624 4221 2733 4273 τῶν
2782 4218 3086 4293 βασιλικῶν
3135 4222 3429 4297 ταγμάτων
3456 4222 3596 4275 κατᾶ
3640 4221 3711 4276 τό
3748 4242 3837 4277 πο-

2184 4307 2275 4361 σὸν
2338 4313 2437 4377 τῆς
2495 4305 2789 4382 τραπέζης·
2850 4308 3079 4385 εἷσάγειν
3140 4306 3198 4364 δὲ
3236 4310 3432 4372 αὐτοὺς
3470 4310 3558 4365 καί
3622 4309 3836 4386 ἐξάγειν

2183 4390 2235 4448 ἒν
2283 4392 2353 4467 τῇ
2411 4391 2602 4465 κλήσει
2657 4394 2791 4467 μετὰ
2846 4400 2952 4450 τῶν
3012 4396 3225 4453 οἰκείων
3283 4396 3703 4472 σκαραμαγγίων
3745 4399 3839 4453 καὶ

2188 4482 2373 4556 μόνον.
2406 4485 2490 4558 Τῇ
2536 4481 2592 4537 δὲ
2635 4484 2741 4560 πρὸ
2792 4491 2891 4554 τῆς
2944 4486 3180 4560 Χριστοῦ
3236 4486 3570 4550 ἀναστάσεως
3601 4485 3837 4563 λάμπρᾷ

437 4603 551 4645 tina
581 4604 715 4644 cum
751 4587 1107 4644 mcumenico
1139 4584 1497 4658 patriarcha,
1533 4586 1648 4639 loto
1678 4581 1945 4638 cubiculo
1978 4598 2065 4637 co-

2203 4576 2426 4647 (υριακῇ
2472 4576 2580 4627 τῶν
2630 4573 2799 4646 βαῒων
2837 4572 3072 4630 τελεῖται
3104 4576 3139 4645 ἡ
3173 4575 3492 4651 προέλευσις
3524 4575 3579 4630 ἐν
3606 4581 3692 4650 τῷ
3724 4582 3836 4633 θεο-

436 4694 556 4733 ram
592 4676 736 4749 ipsis
768 4677 827 4730 in
860 4676 1010 4731 serie
1050 4675 1371 4730 secundum
1413 4673 1702 4744 cujusque
1731 4670 2077 4743 dignitatem

434 4770 646 4832 stante,
687 4764 1137 4820 introducantur
1177 4767 1426 4834 quatuor
1458 4760 1758 4816 demestici
1790 4758 2076 4831 [totidem]

432 4860 757 4928 tagmatum
789 4869 922 4910 cum
945 4851 1195 4925 geminis
1221 4850 1575 4917 demarchis,
1598 4847 1951 4906 chartulario
1972 4846 2077 4903 im-

433 4945 667 5020 perialis
698 4942 942 5011 sacellii,
975 4940 1268 5012 simulque
1288 4956 1489 4997 omnes
1512 4938 1803 5013 gerocomi
1825 4942 1881 4993 et
1899 4952 2074 4993 xeno-

432 5037 601 5093 dochi
636 5032 1055 5092 venerabilium
1101 5031 1337 5089 mdium.
1390 5030 1499 5097 Qui
1539 5034 1847 5101 postquam
1881 5042 2073 5083 sacras

430 5146 651 5199 cruces,
686 5131 830 5201 quot
876 5141 1018 5198 opus
1059 5127 1167 5188 est,
1216 5123 1371 5179 intro
1420 5122 1765 5191 attulerunt,
1810 5119 2071 5176 introdu-

2188 4660 2448 4739 φυλάκτῳ
2510 4661 2641 4737 ἱερῴ
2699 4660 2971 4735 παλατίῳ.
3038 4663 3519 4738 Προγαθεσθὲντων
3592 4665 3700 4742 γὰρ
3756 4665 3834 4721 ἐπὶ

2186 4753 2284 4805 τοῦ
2338 4749 2801 4825 χρυσοτρικλίνου
2866 4756 2975 4807 τῶν
3044 4748 3284 4809 εὐσεϐῶν
3336 4755 3498 4827 ἡμῶν
3565 4753 3831 4828 βασιλέων

2187 4837 2606 4915 ἐξαλλαγμὲνων
2638 4842 2753 4914 (88)
2813 4841 2927 4915 ἅμα
2981 4846 3061 4915 τῷ
3119 4842 3487 4917 οἶκουμενικῶ
3516 4844 3833 4919 πατριάρχῃ

2184 4928 2275 4983 καὶ
2315 4932 2416 4985 τοῦ
2466 4923 2863 4985 κουϐουκλείου
2910 4932 3112 4993 παντὸς
3161 4931 3267 5008 πρὸ
3316 4932 3626 5007 προσώπου
3666 4932 3834 4987 αὐτῶν

2184 5021 2319 5075 κατά
2363 5018 2509 5092 τάξιν
2571 5018 2834 5095 στιχηδὸν
2899 5026 3267 5094 παρεστῶτος,
3326 5020 3641 5096 εἲσάγονται
3684 5024 3739 5077 οἱ
3793 5020 3829 5075 δ’

2186 5106 2499 5184 δομέστικοι
2538 5113 2648 5164 τῶν
2699 5110 2991 5185 ταγμάτων
3044 5110 3136 5165 σὺν
3185 5115 3305 5174 τοῖς
3349 5106 3470 5165 δυσί
3511 5108 3828 5187 δημάρχοις

1482 5246 1683 5302 JOAN.
1722 5246 1868 5301 JAC.
1914 5241 2177 5300 REISKII
2215 5236 2798 5294 COMMENTARIUS.

507 5350 619 5424 (87)
651 5352 894 5424 Videtur
925 5354 1053 5421 post
1084 5348 1329 5424 primam
1370 5342 1725 5424 vocem_1t_spi
1768 5341 2074 5424 excidisse.

437 5412 624 5495 vulgo
656 5423 864 5479 festum
919 5412 1295 5495 ὸνιιιιὶᾷοιιὶεθΔ
1330 5417 1484 5495 nude
1533 5412 1792 5495 dicitur,
1824 5417 1942 5495 vid.
1990 5412 2075 5468 Du

438 5486 631 5567 Gange
664 5494 719 5549 h.
749 5512 824 5560 v.,
856 5495 955 5567 qui
987 5494 1065 5548 ait
1087 5486 1793 5567 Ortitodoriamnppellari
1828 5487 2078 5567 primam

439 5559 1185 5641 Domvinicamjejuniorum
1217 5578 1329 5641 seu
1360 5559 1841 5641 quadragesimae,
1875 5559 1933 5612 in
1960 5572 2082 5641 qua

440 5639 767 5696 celebratur
796 5628 949 5709 apud
974 5636 1198 5692 Graecos
1230 5628 1855 5709 festujnrestitutiorijs
1885 5628 2078 5709 cultus

439 5725 733 5769 sacrarum
794 5700 1115 5783 imaginum
1175 5706 1287 5762 sub
1337 5700 1616 5761 Michaele
1672 5706 1729 5760 et
1772 5700 2075 5758 Theodore

2187 5338 2368 5407 impp.
2403 5335 2726 5406 legiturque
2774 5335 3122 5407 Synodicum
3156 5336 3216 5394 in
3249 5338 3398 5396 hanc
3428 5354 3551 5396 rem
3583 5339 3827 5397 editum.

2188 5409 2445 5481 Quaeres
2475 5412 2618 5481 nota
2637 5415 2732 5481 est
2750 5423 2828 5481 ex,
2845 5408 3089 5481 historia
3122 5409 3455 5481 Byzantina.

2262 5476 2546 5562 $88).D‘edi
2606 5479 2664 5562 in
2711 5478 3040 5562 Latinis'in
3082 5476 3441 5562 Ῑηιὶιρρρνῇίες
3485 5478 3831 5551 ἐξαλλάττειν

2189 5550 2357 5639 sas-1
2388 5550 2891 5639 ξιξεωηθψρτιυε
2920 5550 3169 5639 simplex
3198 5550 3833 5639 sensuram

2186 5626 2359 5677 veste:
2382 5628 2587 5677 veteres
2632 5622 2785 5677 novis
2830 5622 3150 5692 mutassent,
3195 5626 3348 5684 idem
3379 5630 3471 5683 est
3504 5622 3735 5685 dictum
3755 5635 3836 5686 at-

2187 5707 2301 5769 que
2322 5694 2381 5750 in
2410 5695 2743 5751 mutatoriis.
2775 5694 2936 5752 Conf.
2969 5710 3029 5773 p.
3059 5695 3183 5754 441.
