3972 6214
151 259 380 322 1397
1071 259 1172 320 DE
1218 257 1671 321 CEBIMONIIS
1715 255 1956 317 ΑΙ]ιῶ
1996 255 2490 319 ΒΥΖΑΝΤΙΝΑΕ
2531 259 2681 320 LIB.
2729 261 2804 321 Il.
3495 267 3646 328 1398

158 390 553 467 μυστηρίων
606 389 934 466 μετάληψιν,
957 410 1094 466 προς
1139 391 1330 464 σεμνὸν
1381 395 1565 466 κρᾶμα
1611 389 1739 450 τοὺς
1782 393 1849 457 τῆ

1999 389 2448 447 resurrectionis
2478 391 2831 464 symbolum]
2862 396 3062 450 tenent
3083 413 3096 462 ;
3118 395 3500 472 divinumque
3523 402 3646 456 ofﬁ-

155 479 543 558 συγκλῆτου
576 479 935 556 προκρίτους,
979 480 1056 542 ὡς
1120 479 1416 544 κοινωνοὺς
1472 487 1574 550 τῆς
1629 478 1849 554 χάριτος

1993 479 2150 535 cium
2170 481 2479 538 oﬂerentes
2501 481 2616 537 Deo
2643 486 2771 552 post
2787 485 3249 555 assumptionem
3266 505 3444 545 sacrm
3468 507 3644 547 ccenm

154 573 484 648 ἐμφανῶς
542 566 1084 646 προσλαμϐάνονται.
1140 571 1244 630 Καὶ
1285 568 1368 628 δεῖ
1422 575 1569 644 ἡμᾶς
1626 569 1846 645 εὐτρεπί

1992 568 2313 625 admittunt
2342 570 2533 641 palam
2585 570 2838 626 delectos
2885 571 2956 627 de
3006 581 3207 628 senatu
3260 593 3529 642 proceres
3569 582 3639 635 ad

163 668 313 733 ζειν
355 661 418 718 ἰν
449 665 519 736 τῇ
550 661 690 735 αὐτῇ
719 658 915 731 κλήσει
948 663 1046 716 τοῦ
1085 661 1365 736 κράματος
1401 664 1498 716 τοῦ
1543 657 1844 732 τελουμένο

1988 659 2316 715 venerabile
2347 675 2542 716 crama
2565 659 2688 732 [seu
2705 659 3116 732 jentaculum],
3145 666 3209 717 ut
3236 666 3430 732 gaudii
3464 671 3645 739 parti-

163 750 238 807 ὲν
275 754 364 825 τῇ
401 753 644 828 Χριστοῦ
673 747 944 824 καθολικῇ
985 747 1252 822 ἐκκλησίᾳ
1300 748 1375 812 εἰς
1429 747 1756 805 συνεστίασιν
1799 753 1849 802 τί

1990 747 2167 818 cipss.
2199 749 2263 803 In
2296 749 2399 805 illa
2445 749 2570 820 ipsa
2619 749 2689 804 ad
2726 765 2922 805 crama
2951 751 3287 807 evocatione
3325 754 3414 824 (fit
3445 763 3639 813 autem

167 837 448 915 βασιλεῖ
478 839 672 918 φίλους
703 839 810 894 ἀπὸ
838 846 939 910 τῆς
985 839 1185 910 τάξεως
1225 843 1332 895 τῶν
1391 837 1722 915 μαγίστρων,
1756 837 1846 891 ἀνο

1987 834 2047 892 in
2079 836 2366 893 catholica
2408 836 2620 894 Christi
2659 837 2922 910 ecclesia)
2968 843 3190 910 oportet
3237 857 3344 897 nos
3393 844 3464 898 ad
3507 860 3638 900 con-

165 930 468 996 υπάτων,
544 928 867 1004 πατρικίων,
947 932 1262 1004 στρατηγῶν
1338 948 1395 984 τε
1462 928 1553 983 καὶ
1623 927 1849 1006 ὐφφικια

1986 924 2302 982 vivaudum
2347 925 2685 998 imperatori
2737 927 2961 984 amicos
3012 927 3277 997 invitare,
3319 930 3389 986 de
3437 933 3638 988 ordine

168 1018 378 1089 λίων,
407 1020 502 1075 τὸν
557 1019 790 1093 ἀριθμὸν
823 1015 928 1073 ιδ’⁶
983 1017 1218 1093 εἰσάγειν
1274 1015 1331 1073 δὲ
1386 1015 1583 1078 αὐτοὺς
1633 1014 1718 1070 ἐπὶ
1775 1021 1844 1084 τῆ

1988 1013 2428 1085 magistrorum,
2460 1015 2876 1088 proconsulum
2911 1016 3308 1087 patriciorum,
3334 1023 3454 1076 tam
3486 1027 3638 1077 stra-

168 1109 387 1178 αὐτῆς
447 1107 720 1183 τραπέζης
775 1105 948 1169 οὕτως
980 1126 994 1139 ·
1043 1107 1171 1168 τοὺς
1228 1106 1323 1180 μὶν
1359 1107 1715 1181 μαγίστρους,
1747 1104 1843 1168 ἀνθ

1985 1107 2276 1178 tegorum,
2307 1121 2484 1177 quam
2520 1103 2893 1175 ofﬁcialium;
2929 1106 2988 1162 in
3021 1106 3360 1164 universum
3391 1126 3636 1167 numero

171 1197 460 1261 υπάτους
508 1195 599 1252 καὶ
637 1195 981 1272 πατρικίους,
1010 1196 1139 1257 τοὺς
1189 1192 1406 1268 λώρους
1463 1191 1841 1272 ἠμφιεσμένοι)

1983 1195 2456 1267 quatuordecim;
2490 1202 2544 1251 et
2575 1194 2682 1251 hos
2699 1195 2773 1250 ad
2792 1211 3059 1252 mensam
3082 1196 3161 1252 ibi
3187 1198 3433 1269 positam
3452 1199 3635 1256 intro-

180 1286 352 1361 μετᾶ
386 1289 500 1343 τῶν
532 1285 782 1362 χρυσέων
811 1283 988 1339 αὐτῶν
1040 1283 1322 1356 Θωρακίων
1372 1283 1462 1338 καὶ
1516 1283 1700 1356 μόνον,
1734 1301 1870 1356 προ·

175 1379 422 1451 κρίνειν
468 1372 526 1430 Si
574 1373 626 1430 ἐν
671 1378 741 1448 τῇ
790 1372 1017 1448 τοιαύτῃ
1047 1369 1283 1449 καθέδρᾳ
1335 1371 1464 1435 τοὺς
1513 1371 1581 1426 τὰ
1629 1370 1873 1445 θωράκια

177 1463 629 1542 ἠμφιεσμένους
661 1462 795 1537 ὑπὲρ
826 1461 954 1524 τοὺς
998 1459 1204 1524 ἄλλους
1264 1461 1584 1536 πατρικίους
1621 1460 1748 1521 τοὺς
1803 1459 1871 1514 τὰ

181 1553 397 1610 οἳκεῖα
443 1552 673 1625 καμίσια
719 1555 1036 1630 φοροῦντας,
1087 1548 1182 1606 κᾶν
1232 1550 1378 1625 τάχα
1421 1547 1641 1624 τύχοιεν
1704 1545 1868 1604 ἐλάτ-

178 1663 357 1706 τονες
410 1644 545 1700 εἶναι
598 1642 652 1700 ἐν
707 1646 778 1717 τῇ
829 1636 1172 1718 προϐλήσεισ
1231 1638 1359 1703 τοὺς
1418 1635 1476 1694 δὶ
1531 1635 1866 1714 στρατηγοὺς

1983 1284 2191 1340 ducere
2223 1285 2333 1341 hoc
2364 1285 2536 1341 modo
2561 1301 2572 1339 :
2601 1285 2880 1357 Magistri,
2906 1286 3287 1358 proconsules
3317 1295 3370 1344 et
3400 1289 3630 1361 patricii

1981 1372 2203 1428 intrant
2241 1372 2608 1429 solummodo
2656 1373 2794 1430 loris
2823 1383 2879 1430 et
2909 1373 3100 1431 aureis
3132 1376 3256 1432 suis
3288 1376 3627 1434 thoracibus

1980 1461 2192 1517 induti.
2226 1463 2622 1518 Praeferuntur
2643 1467 2836 1518 autem
2870 1465 3059 1536 quoad
3093 1465 3411 1522 sessionem
3446 1468 3624 1537 patri-

1978 1550 2052 1607 cii
2071 1551 2404 1608 tboracibus
2425 1552 2613 1607 induti
2637 1552 2767 1608 aliis
2791 1553 3074 1625 patriciis,
3091 1556 3189 1626 qui
3213 1563 3494 1611 consueta
3516 1573 3622 1612 sua

1977 1639 2218 1696 camisia
2253 1645 2484 1713 gerunt,
2517 1641 2750 1697 etiamsi
2784 1642 2928 1696 forte
2961 1641 3052 1697 bis
3085 1641 3367 1712 dignitate
3397 1649 3455 1699 et
3487 1661 3621 1716 pro-

184 1735 450 1796 ἅπαντας
484 1733 754 1808 μετὰτῶν
805 1730 1026 1788 οἰκείων
1075 1728 1252 1785 αὐτῶν
1301 1728 1723 1806 σκαραμαγγίων
1772 1748 1841 1782 κα

1976 1730 2228 1786 motione
2271 1731 2574 1787 inferiores
2607 1731 2747 1788 sint.
2781 1731 3032 1804 Strategi
3081 1733 3300 1789 intrant
3332 1749 3461 1788 cum
3496 1733 3621 1790 suis

188 1825 376 1898 μόνον
405 1845 417 1858 ·
450 1826 578 1886 τοὺς
624 1821 684 1880 δὶ
740 1819 1131 1897 ὀμφικιαλίους
1181 1821 1270 1876 καὶ
1327 1820 1522 1883 αὐτοὺς
1573 1822 1706 1895 μετὰ
1753 1825 1849 1876 τῶι

1967 1820 2386 1894 searamangiis
2417 1826 2666 1893 tantum,
2700 1821 2978 1878 ofﬁciales
3010 1838 3144 1877 cum
3178 1823 3303 1878 suis
3335 1824 3616 1890 camisiis,

184 1913 428 1972 οἰκείων
482 1914 779 1987 καμισίων,
812 1911 935 1969 ἄνευ
983 1911 1167 1986 μέντοι
1222 1917 1330 1968 τῶν
1381 1913 1581 1968 ὶαυτων
1640 1909 1861 1987 χλαμύ-

186 1999 336 2061 δων.
397 2004 518 2062 Ἐπὶ
570 1999 629 2058 δὲ
693 2005 793 2072 τῆς
840 2001 1208 2077 προκειμένης
1258 1999 1310 2056 ἐν
1372 2006 1452 2074 τῷ
1509 1998 1860 2077 περιϐλέπτῳ

188 2095 431 2169 χρυσέῳ
457 2090 719 2168 τρικλίνῳ
748 2099 964 2168 χρυσῆς
1002 2090 1298 2167 τραπέζης,
1329 2089 1381 2146 ἐν
1428 2091 1474 2164 ᾧ
1521 2091 1611 2145 καὶ
1659 2090 1722 2146 τὸ
1761 2110 1857 2146 πε-

188 2200 428 2259 ριφανες
458 2187 643 2255 κτῆμα
664 2182 757 2223 θο¹⁰
784 2184 880 2236 τοῦ
911 2185 1122 2255 χρυσοῦ
1161 2180 1564 2256 πενταπυργίοο
1596 2178 1650 2242 ἐς
1685 2179 1856 2251 τιμῆν

186 2270 500 2346 προετέθη,
551 2267 634 2325 δεῖ
689 2271 838 2343 ἡμᾶς
885 2269 1215 2344 εὐτρεπίζειν
1275 2269 1354 2331 εἰς
1401 2266 1732 2322 συνεστίασιν
1778 2271 1858 2340 τῷ

193 2358 427 2435 βασιλεῖ
486 2358 682 2438 φίλους
739 2358 800 2415 ἐκ
856 2363 966 2414 τῶν
1033 2357 1456 2434 προλεχθὲντων
1520 2357 1854 2432 μαγίστρων,

186 2448 559 2520 ἀνθυπάτων,
644 2447 976 2521 πατρικίων,
1063 2453 1384 2525 στρατηγῶν
1467 2445 1852 2525 ὀφφικιαλίων,

190 2543 549 2614 σεκρετικῶν,
612 2537 718 2594 ἀπὸ
775 2545 874 2608 τῆς
925 2538 1124 2608 τάξεως
1171 2542 1269 2594 τοῦ
1327 2541 1720 2613 στρατιωτικοῦ
1765 2539 1855 2592 καὶ

191 2625 520 2702 ητωτᾶρω,
576 2626 903 2699 ἆσηκρητῶν
963 2648 1022 2683 τε
1079 2629 1227 2700 ὁμοῦ
1283 2626 1373 2683 καὶ
1431 2628 1690 2698 κομήτων
1745 2630 1853 2680 τῶν

197 2715 431 2792 σχολῶν
459 2717 552 2772 καὶ
591 2713 930 2792 σκριϐώνων,
955 2717 1048 2772 σὺν
1090 2721 1200 2772 τῶν
1258 2713 1353 2772 δύο
1410 2714 1471 2772 ἐκ
1521 2714 1852 2792 Βουλγάρων

198 2805 406 2882 φίλων,
436 2807 528 2861 τὸν
562 2805 792 2880 ἀριθμὸν
824 2806 906 2862 λ’·
937 2808 993 2861 ἓν
1024 2803 1082 2862 δὲ
1111 2811 1228 2868 ταῖς
1277 2806 1528 2882 περιεξῆς
1579 2808 1692 2878 (95)
1734 2805 1854 2860 τὲσ-

200 2913 362 2970 σαρσι
393 2901 502 2951 τῶν
533 2901 795 2970 καμαρῶν
851 2895 1143 2970 τραπέζαις
1198 2896 1304 2952 ἀπὸ
1356 2902 1458 2965 τῆς
1502 2895 1703 2964 τάξεως
1745 2900 1854 2950 τῶν

208 2983 510 3060 βασιλικῶν
559 2981 914 3054 κανδιδάτων,
947 2986 1296 3060 βεστητόρων
1344 3005 1398 3040 τε
1445 2985 1534 3039 καὶ
1586 2984 1855 3040 σιλεντια-

1964 1911 2186 1984 absque
2216 1911 2646 1985 chlamydibus.
2689 1913 2775 1968 Ad
2825 1927 3059 1968 auream
3091 1928 3222 1969 vero
3254 1929 3517 1968 mensam
3554 1913 3612 1968 in

1965 1999 2272 2074 splendido
2319 2000 2789 2074 ebrysotriclinio
2834 2001 3102 2073 positam,
3161 2001 3220 2056 in
3279 2019 3395 2074 quo
3435 2001 3610 2058 etiam

1961 2090 2192 2148 illustre
2223 2091 2512 2165 peculium
2546 2091 2707 2148 aurei
2759 2092 3121 2164 pentapyrgii
3169 2091 3408 2148 honoris
3439 2107 3610 2148 causa

1963 2181 2325 2254 prOpositum
2356 2185 2463 2250 est,
2492 2181 2782 2237 invitandi
2814 2199 2847 2236 a
2889 2181 3058 2237 nobis
3105 2185 3247 2236 sunt
3281 2181 3462 2236 futuri
3503 2181 3614 2236 do—

1963 2270 2124 2327 mino
2152 2270 2406 2327 conviva
2437 2270 2609 2325 amici
2640 2285 2707 2325 ex
2739 2269 2968 2336 iisdem,
2993 2285 3135 2339 quos
3159 2271 3329 2325 modo
3357 2269 3612 2324 diximus

1964 2359 2278 2430 magistris,
2328 2359 2795 2430 proconsulibus,
2839 2357 3118 2430 patriciis,
3155 2358 3448 2428 strategis,
3478 2359 3611 2412 olli-

1961 2448 2227 2516 cialibus,
2245 2448 2544 2504 secreticis
2565 2447 2788 2503 ordinis
2806 2446 3067 2503 militaris
3088 2453 3145 2502 et
3167 2446 3361 2502 adhuc
3382 2447 3611 2501 inferio-

1961 2537 2148 2606 ribus,
2173 2538 2311 2594 item
2345 2536 2619 2593 asecretis
2650 2541 2804 2593 444
2827 2543 2884 2592 et
2912 2537 3228 2594 comitibus
3251 2537 3606 2603 scholarum,

1960 2627 2346 2696 scribonibus,
2379 2627 2611 2698 duoque
2657 2627 2896 2696 insuper
2937 2643 2968 2682 e
3009 2625 3271 2684 Balearis
3303 2627 3510 2694 amici;
3543 2625 3603 2680 in

1962 2717 2298 2773 universum
2331 2718 2573 2789 triginta
2605 2733 2870 2772 numero.
2918 2717 3002 2772 Ad
3037 2717 3480 2772 circumstantes
3513 2733 3610 2770 or-

1961 2806 2096 2864 dine
2117 2808 2394 2864 continuo
2420 2817 2671 2878 quatuor
2701 2823 2932 2862 mensas
2953 2823 3052 2878 per
3082 2807 3321 2862 totidem
3357 2806 3608 2862 fornices

1961 2897 2276 2969 dispositas
2293 2897 2831 2952 invitanturdelecti
2853 2897 3091 2967 quidam
3115 2897 3184 2951 de
3205 2895 3408 2951 ordine
3433 2897 3614 2967 regio-

1962 3002 2092 3041 rum
2107 2987 2572 3054 candidatorum,
2595 2985 2956 3052 vestitorum,
2977 2984 3460 3050 silentiariorum,
3483 2986 3614 3038 dra-

208 3073 362 3148 ρίων,
441 3071 839 3150 δρακοναρίων,
927 3073 1388 3152 σκηπνροφόρων,
1468 3073 1849 3169 σημειοφόρων

1967 3075 2361 3143 conariorum,
2413 3076 2988 3146 sceptrophororum,
3047 3073 3502 3128 vexilliferorum
3557 3078 3614 3129 et

205 3163 296 3217 καὶ
354 3163 655 3238 σενατὸρων
719 3163 812 3218 τὸν
879 3162 1110 3238 ἀριθμὸν
1185 3162 1304 3228 λς”
1353 3163 1693 3238 Ἀγαρηνοὺς
1767 3159 1851 3217 δε.

209 3252 405 3326 σμίους
453 3251 514 3308 ἐκ
558 3256 656 3307 τοῦ
707 3250 950 3328 μεγάλου
999 3255 1110 3326 (96)
1136 3253 1473 3329 πραιτωρίου
1502 3254 1591 3308 τὸν
1627 3253 1854 3328 ἀριθμὸν

216 3343 306 3413 ιη’,
352 3343 443 3398 καὶ
481 3340 542 3398 ἐκ
588 3345 694 3398 τῶν
743 3341 1072 3416 Βουλγάρων
1133 3342 1310 3418 φίλων
1371 3344 1688 3408 ἀνθρώπους
1743 3343 1851 3412 ιη’·

213 3430 440 3509 εἰσάγειν
471 3429 528 3489 δὲ
558 3432 757 3494 αὐτοὺς
788 3431 878 3487 καὶ
922 3433 1294 3508 προστιχίζειν
1339 3433 1447 3505 πρὸ
1493 3439 1592 3502 τῆς
1643 3429 1854 3488 εἰσόδου

211 3520 406 3594 αὐτῶν,
426 3521 552 3584 τοὺς
589 3522 684 3594 μὶν
713 3520 799 3577 ἐπὶ
831 3527 930 3591 τῆς
975 3529 1188 3597 χρυσῆς
1239 3521 1531 3596 βασιλικῆς
1577 3523 1854 3591 τραπέζης

214 3615 517 3686 περιφανεῖς
571 3607 901 3684 δαιτυμόνας
964 3612 1099 3682 μετᾶ
1146 3615 1252 3666 τῶν
1304 3611 1516 3666 οίκείων
1555 3609 1855 3683 ἀλλαξιμά-

213 3717 315 3752 των
345 3699 432 3752 καὶ
465 3695 800 3776 χλανιδίων,
832 3697 1258 3772 προσκαλεῖσθαι
1317 3696 1374 3752 δὶ
1399 3697 1548 3772 Ιτοὺς
1597 3698 1702 3752 ἀπὸ
1743 3703 1851 3754 τῶν

216 3784 529 3861 Βουλγάρων
585 3785 782 3863 φίλους
843 3785 949 3840 ἀπὸ
996 3793 1096 3855 τῆς
1144 3786 1342 3858 τάξεως
1386 3789 1491 3840 τῶν
1538 3789 1856 3861 στρατηγῶν

214 3872 266 3930 ἕν
306 3879 380 3948 τῷ
429 3871 667 3948 δευτὲρῳ
718 3874 892 3948 μίνσῳ
939 3873 1026 3928 ἰπὶ
1077 3880 1176 3944 τῆς
1209 3873 1489 3946 εὐωνύμου
1522 3871 1720 3938 θέσεως
1753 3879 1852 3942 τῆς

214 3961 473 4034 τραπέζης
532 3961 670 4038 πρὸς
729 3962 792 4018 τὸ
850 3961 1198 4037 ἀριθμεῖσθαι
1277 3959 1474 4023 αὐτοὺς
1549 3961 1850 4034 πέμπτους,

215 4049 249 4122 ἢ
275 4052 357 4107 καὶ
409 4047 602 4113 ἵκτους
651 4048 874 4126 ῳίλους,
905 4049 1171 4126 στιχίζειν
1222 4047 1280 4106 δὲ
1311 4051 1548 4115 ἅπαντας
1578 4049 1722 4114 ἔνθεν
1756 4050 1852 4104 κά-

217 4144 374 4197 κεῖθεν
444 4141 579 4197 κατὰ
653 4141 752 4209 τήν
835 4139 1180 4214 ἁρμόζουσαν
1236 4146 1334 4209 τῆς
1387 4140 1589 4210 τάξεως
1648 4140 1855 4212 ἑκάστῳ

218 4227 378 4302 δόξαν.
411 4229 547 4288 Ἀπὸ
595 4226 655 4285 δὶ
697 4231 798 4298 τῆς
846 4229 1086 4292 στάσεως
1138 4233 1246 4285 τῶν
1291 4228 1596 4306 λεχθέντων
1643 4227 1850 4284 τούτων

217 4318 462 4397 στιχίζειν
509 4316 668 4385 αὖθις
715 4317 859 4384 ἔνθεν
911 4318 1156 4384 κάκεῖθεν
1203 4319 1328 4381 τοὺς
1377 4318 1483 4374 ἀπὸ
1519 4325 1620 4388 τῆς
1652 4318 1856 4390 τάξεως

217 4413 313 4466 τῶν
367 4406 700 4466 κανδιδάτων
753 4409 844 4465 καὶ
873 4408 1170 4485 κατωτέρω
1225 4409 1364 4484 πρὸς
1408 4408 1472 4464 τὸ
1519 4410 1842 4478 καθεσθῆναι

221 4497 298 4554 ἐπὶ
332 4502 431 4554 τῶν
479 4499 750 4574 ἑκατέρων
783 4494 879 4554 δύο
920 4497 1233 4574 προκρίτων
1280 4501 1582 4574 τραπεζῶν.
1615 4497 1736 4553 Ἐπὶ
1787 4494 1846 4553 δὲ

223 4591 325 4648 ταῖς
354 4588 683 4662 κατωτίραις
711 4585 1001 4663 τραπέζαις
1046 4585 1130 4643 δεῖ
1176 4590 1575 4663 προστιχίζειν,
1607 4586 1695 4643 ἐπὶ
1748 4587 1843 4660 μὶν

220 4682 308 4746 τῆς
346 4674 394 4748 ἕξ
441 4675 722 4749 εὐωνύμου
780 4676 977 4738 θέσεως
1020 4675 1148 4739 τοὺς
1199 4675 1251 4748 ἕξ
1285 4679 1528 4753 ’Λγάρων
1560 4675 1839 4750 δεσμίους,

223 4763 299 4821 ἰπὶ
327 4761 376 4822 δὲ
401 4771 500 4835 τῆς
541 4765 724 4840 ἑτέρας
752 4763 1025 4840 τραπέζης
1055 4764 1183 4829 τούς
1212 4770 1321 4821 τῶν
1373 4765 1548 4845 φίλων
1598 4767 1842 4842 Βουλγά-

227 4874 318 4930 ρων
357 4855 675 4931 ἀνθρώπους
721 4855 922 4918 πάντας
955 4873 970 4888 ⁶
1013 4854 1246 4932 εἰσάγειν
1315 4853 1373 4912 δὲ
1433 4857 1632 4922 αὐτοὺς
1678 4858 1842 4913 ἅπαν-

224 4964 306 5007 τας
345 4947 424 5001 καὶ
467 4943 674 5024 ἰξάγειν
721 4945 927 5010 οὕτως’
968 4943 1097 5009 τοὺς
1149 4945 1247 5019 μὶν
1297 4945 1404 5003 ἀπὸ
1451 4954 1552 5018 τῆς
1596 4945 1842 5024 συγκλή-

1965 3172 2322 3233 senatorum,
2353 3163 2425 3219 ad
2459 3164 2696 3233 triginta
2726 3179 2860 3229 sex;
2907 3165 3202 3234 Agarenos
3232 3161 3382 3218 bello
3410 3168 3611 3232 captos

1963 3268 1995 3310 θ
2026 3269 2234 3324 magno
2275 3252 2543 3324 praetorio
2582 3251 2900 3308 octodecim
2929 3261 2983 3306 et
3022 3250 3261 3306 totidem
3292 3254 3609 3306 amicorum

1962 3357 1994 3398 e
2017 3341 2288 3413 Bulgaria
2309 3340 2590 3396 homines.
2613 3341 2728 3396 Hos
2752 3341 3139 3405 introducere,
3160 3346 3236 3406 et,
3265 3340 3609 3411 priusquam

1961 3431 2274 3498 introeant,
2308 3431 2566 3487 seriatim
2611 3431 2918 3499 disponere
2973 3436 3216 3501 Oportet.
3270 3429 3377 3493 Qui
3424 3446 3612 3484 aurea)

1960 3537 2138 3577 sacras
2173 3537 2386 3577 mensae
2415 3519 2707 3592 splendidi
2759 3524 2900 3575 sunt
2939 3520 3210 3586 convivae,
3261 3519 3345 3573 illi
3394 3519 3518 3574 suis
3550 3518 3612 3573 in

1961 3610 2293 3666 mutatoriis
2323 3615 2381 3667 et
2412 3610 2627 3666 tunicis
2656 3611 2896 3665 intrant.
2922 3614 2997 3663 At
3024 3609 3252 3679 Bulgari
3287 3609 3456 3664 amici
3484 3613 3610 3678 post

1960 3698 2202 3756 classem
2235 3704 2624 3770 strategorum
2656 3699 2766 3755 sub
2816 3699 3075 3756 secundo
3128 3698 3313 3754 missu
3357 3697 3612 3754 introvo-

1959 3799 2166 3846 cantur
2195 3792 2267 3847 ad
2317 3791 2620 3846 sinistram
2662 3807 2839 3846 sacrae
2899 3807 3114 3846 mensae
3175 3791 3448 3862 plagam;
3496 3807 3611 3860 quo

1960 3879 2149 3950 quinti
2192 3882 2289 3934 aut
2328 3880 2471 3934 sexti
2512 3879 2665 3934 inter
2705 3879 2926 3934 amicos
2967 3880 3086 3934 sint
3117 3879 3473 3950 [lerculaque
3503 3894 3610 3934 sua

1959 3967 2166 4040 quinto
2189 3972 2291 4023 aut
2310 3973 2469 4022 sexto
2492 3969 2618 4022 loco
2639 3967 2968 4038 accipiant].
2994 3970 3209 4023 Omnes
3231 3973 3424 4021 autem
3447 3969 3608 4038 prius

1958 4057 2017 4112 in
2049 4055 2313 4112 ordinem
2344 4055 2691 4126 disponendi
2721 4055 2788 4109 ad
2814 4055 3074 4110 dextram
3102 4059 3159 4109 et
3181 4053 3482 4110 sinistram
3515 4070 3605 4109 se-

1957 4146 2216 4204 cundum
2253 4161 2573 4216 congruum
2605 4145 2820 4216 cuique
2850 4159 3020 4199 suum
3053 4143 3317 4209 gradum.
3360 4144 3440 4198 Ab
3472 4143 3608 4198 isto-

1957 4253 2088 4292 rum
2120 4236 2372 4292 statioue
2404 4236 2538 4290 inde
2563 4251 2729 4306 porro
2745 4249 2952 4290 rursus
2973 4233 3280 4290 ordinandi
3314 4239 3606 4288 suntcap-

1957 4327 2276 4382 didatorum
2295 4323 2522 4380 ordinis
2535 4331 2592 4379 et
2609 4323 2950 4379 inferiorum
2978 4322 3266 4386 homines,
3288 4317 3606 4375 collocandi

1957 4431 2166 4486 nempe
2189 4414 2261 4469 ad
2285 4413 2435 4468 duas
2457 4430 2525 4468 ex
2559 4417 2799 4482 utraque
2820 4416 2979 4483 parte
3009 4409 3295 4482 imperiali
3323 4410 3608 4479 proximas

1956 4505 2273 4564 nobiliores
2297 4520 2550 4561 mensas.
2578 4505 2662 4561 Ad
2689 4503 2943 4575 reliquas
2965 4503 3114 4558 duas
3133 4501 3361 4557 inﬁmas
3376 4515 3608 4556 mensas

1950 4595 2402 4652 introducantur
2431 4594 2693 4649 seriatim
2723 4591 3013 4664 dispositi,
3047 4609 3082 4648 a
3109 4591 3350 4647 sinistra
3371 4590 3608 4663 quidem

1951 4688 2110 4756 parte
2139 4684 2353 4754 captivi
2380 4683 2660 4753 Agareui;
2687 4699 2719 4736 ε
2742 4681 2942 4737 dextra
2973 4696 3104 4736 vero
3122 4679 3354 4751 Bulgari
3375 4695 3602 4734 omnes.

1952 4773 2412 4829 Introducuntur
2442 4777 2638 4828 autem
2686 4775 2743 4826 et
2794 4770 3124 4826 educuntur
3168 4769 3252 4824 sic
3285 4786 3299 4825 :
3331 4766 3602 4823 senatorii

1950 4879 2152 4919 omnes
2183 4869 2236 4918 et
2267 4861 2565 4934 tagmatici
2596 4875 2694 4915 seu
2731 4858 2953 4915 militiae
2982 4857 3380 4914 comitatensis
3413 4857 3595 4924 magi-

1950 4955 2172 5008 stratus
2201 4950 2260 5006 iu
2292 4948 2422 5007 suis
2454 4947 2784 5006 mutatoriis
2812 4966 2825 5017 ;
2877 4948 3116 5020 Agareui
3156 4947 3216 5003 in
3246 4945 3511 5003 candidis
3544 4946 3600 4999 et

1559 5076 1801 5133 VARIE
1839 5075 2244 5135 LECTIONES.

286 5182 368 5227 9J0
392 5188 575 5258 κτῆμα
604 5187 696 5253 Β.,
726 5181 920 5259 κλῆμα
950 5185 1076 5244 cod.
1107 5189 1168 5244 et
1195 5187 1288 5245 ed.

1233 5313 1430 5373 JOAN.
1469 5314 1619 5372 JAC.
1663 5314 1927 5372 REISKII
1965 5313 2550 5372 COMMENTARIUS.

288 5427 386 5501 (95)
414 5425 576 5484 Idem
607 5442 735 5484 esse
765 5431 1114 5503 puto_atque
1141 5428 1297 5503 πέριξ
1328 5428 1652 5503 ιξῆςμίυεε
1679 5445 1848 5503 voces

231 5500 284 5572 in
306 5513 464 5572 unam
493 5500 850 5568 contractas,
881 5500 1160 5559 sibil'ante
1184 5500 1350 5571 elisa,
1382 5518 1455 5561 ne
1481 5502 1505 5572 ξ
1539 5509 1653 5561 tam
1683 5501 1846 5560 brevi

223 5569 500 5628 intervallo
531 5577 857 5631 recurreret
885 5581 941 5631 et
970 5587 1141 5630 aures
1167 5569 1421 5650 lederet.

2026 5429 2141 5501 (96)
2166 5430 2411 5486 Videtur
2437 5429 2560 5486 hac
2599 5447 2706 5486 vox
2751 5426 3415 5501 suspicionemmovere
3448 5439 3522 5501 _ac
3555 5422 3600 5477 si

1955 5495 2501 5631 pluradzrectoriain
2533 5503 2675 5560 urbe
2699 5495 2963 5556 fuissent.
2987 5500 3112 5566 Qua
3131 5499 3203 5556 de
3232 5513 3292 5556 re
3316 5495 3463 5554 mihi
3485 5511 3596 5551 non

1954 5589 2098 5631 cons
2194 5614 2208 5630 .
