3972 6214
365 306 522 368 1399
1416 299 1966 363 CONSTANTINI
2012 302 2483 365 PORPHYROG
2496 304 2701 366 ENITI
3678 309 3823 371 μξῖρ

371 440 595 511 absque
623 436 785 493 zonis
817 434 1215 508 calcoatique;
1251 433 1480 507 Bulgari
1532 434 1735 506 poprio
1766 433 1877 489 sibi
1904 450 2011 491 suo
2042 496 2048 506 ι

2164 454 2221 489 ου
2280 433 2483 498 πάντας
2538 437 2627 492 καὶ
2687 440 2797 493 τῶν
2853 439 3150 514 ταγμάτων
3213 441 3356 513 μετᾶ
3415 446 3548 497 τῶν
3628 444 3813 501 cium

375 530 435 585 in
466 528 694 584 habitu.
716 527 959 599 Oportet
988 541 1158 598 porro
1181 527 1252 581 ad
1286 526 1645 581 musicorum
1666 539 2017 595 organorum

2164 523 2626 597 λλαξίμων,τοί›ς
2685 524 2742 582 δὲ
2802 529 3145 603 ’Δγαρηνοὺς
3193 530 3640 609 λευκοςξσόρους,
3697 535 3823 603 ἐζευ-

367 615 792 673 intonationem
813 615 1132 680 attendere,
1148 620 1201 669 et
1222 616 1453 684 quando
1475 628 1711 668 carmen
1742 617 1868 667 tum
1887 613 2019 669 cani

2164 633 2250 676 ους
2298 616 2387 669 καὶ
2440 612 2890 688 ὑποδεδεμένους,
2920 617 3053 681 τοὺς
3098 617 3156 675 δὲ
3203 620 3585 696 Βουλγᾶρων
3622 624 3826 695 ἀνθρά-

369 708 607 764 solitum
642 706 828 763 exorsi
868 705 1109 773 fuerint,
1142 720 1452 777 exsurgere
1475 705 1683 773 jubere
1714 720 1917 759 omnes
1947 705 2019 759 ad

2164 724 2263 767 ou;
2324 706 2459 778 μετὰ
2513 710 2623 760 τῶν
2686 706 2903 762 οἰκείων
2958 708 3136 764 αὐτῶν
3200 712 3567 785 σχημάτων,
3642 719 3741 767 Δεῖ
3786 714 3829 767 Si:

373 799 518 855 bene
578 796 834 853 dominis
874 793 1251 868 precandum,
1310 792 1760 865 chlamydesque
1791 809 2019 862 exuere,

2164 796 2414 870 ’ροσέχειν
2445 796 2545 865 τὴν
2580 794 2884 873 ἐκφώνησιν
2937 799 3026 852 καὶ
3080 800 3376 878 ἀπήχησιν
3433 806 3567 855 τῶν
3636 824 3832 873 μοσσ-

372 903 505 959 quaa
536 902 738 942 rursus
768 884 879 941 sub
926 885 1253 953 ingressum
1299 881 1515 937 missus
1564 882 1893 937 dulciorum
1928 883 2021 936 in-

2164 888 2235 937 ῶν
2270 884 2533 959 ὀργάνων,
2564 886 2656 939 καὶ
2708 886 2870 955 ἡνίκα
2900 888 2963 942 τὸ
3018 885 3283 962 ᾀδόμενον
3483 890 3714 963 μὲλος,
3748 896 3832 945 ἐκ..

370 977 641 1043 άυειιᾶει,
675 990 789 1045 quo
839 973 897 1028 in
932 973 1028 1042 iis,
1062 971 1296 1043 quando
1330 978 1554 1040 tempus
1584 970 1897 1026 excedendi
1931 986 2023 1026 ve-

2164 977 2277 1042 ττᾷν
2321 975 2559 1037 ἅπαντας
2604 974 2681 1037 είς
2729 975 2986 1049 εὐθυμίαν
3021 982 3129 1032 τῶν
3179 976 3479 1033 δεσποτῶν
3508 982 3625 1034 καί
3686 980 3831 1044 :55:

372 1068 547 1134 nerit,
582 1066 811 1121 abeant.
846 1064 924 1119 Eo
956 1070 1239 1133 tempore,
1273 1077 1389 1133 quo
1419 1062 1890 1133 consurgendum
1909 1066 2023 1129 est,

2164 1062 2221 1122 ὰς
2273 1062 2477 1117 ἑαυτῶν
2537 1061 2945 1131 ἐκδιδῦσκεσθαι
2999 1064 3315 1142 χλαμύδας,
3363 1070 3469 1123 καὶ
3528 1072 3695 1142 μετὰ
3742 1080 3832 1139 τῆς

375 1161 602 1229 Oportet
626 1157 862 1227 signum
884 1151 1297 1223 consurgendi,
1323 1151 1476 1222 quod
1508 1152 1823 1223 imperator
1846 1168 2023 1207 manu

2166 1152 2362 1226 φίξεως
2426 1157 2525 1207 τοῦ
2612 1152 2808 1226 μίνσου
2876 1159 2985 1210 τῶν
3042 1154 3314 1211 δουλκίων
3386 1157 3579 1212 πάλιν
3638 1159 3829 1217 trita;

376 1265 487 1303 sua
516 1248 636 1315 dat,
661 1246 986 1309 observare,
1020 1241 1315 1313 simulque
1345 1248 1655 1297 clamorem
1688 1241 1767 1297 ibi
1788 1242 2026 1298 adstan-

2165 1235 2527 1313 ναλαμϐάνειν
2583 1243 2721 1317 πρὸς
2776 1245 2839 1299 τὸ
2894 1247 3006 1318 μετ’
3066 1244 3237 1301 αὐτῶν
3298 1246 3737 1321 ἐκπορεῦεσθαι
3792 1250 3832 1302 ἐ)

377 1336 453 1391 tis
484 1332 851 1400 cubicularii,
896 1336 954 1387 et
1003 1330 1268 1404 protinus
1309 1346 1547 1402 surgere
1582 1330 1809 1402 jubere,
1852 1336 2029 1402 atque

2166 1333 2201 1403 ᾖ
2235 1328 2409 1385 αὐτῶν
2440 1329 2628 1404 ἐξόδῳ.
2664 1333 2749 1388 Ἐν
2780 1330 2838 1388 δὲ
2867 1333 2935 1408 τῇ
2978 1334 3116 1408 αὐτῇ
3163 1335 3467 1391 ἀναστάσει
3525 1334 3628 1392 δεῖ
3682 1360 3833 1411 τρες.

376 1425 620 1480 educere
651 1421 921 1477 convivas
968 1422 1224 1493 primum
1274 1424 1529 1492 quatuor
1584 1436 1940 1489 mensarum,
1974 1425 2031 1477 et

2164 1438 2279 1493 χει]
2312 1420 2375 1474 τὸ
2407 1418 2467 1475 ἐκ
2500 1420 2797 1495 βασιλικῆς
2826 1424 3013 1498 χειρὸς
3041 1420 3329 1496 διδόμενον
3380 1431 3502 1495 τῆς
3560 1424 3827 1501 ἓγὲρπτλε

378 1519 505 1583 post
533 1512 806 1583 exiguam
840 1511 1241 1583 interpositam
1276 1526 1497 1566 moram
1532 1509 1783 1580 reliquos
1827 1510 2029 1581 prima:

2164 1516 2357 1587 ’χῆμα,
2404 1510 2497 1564 σὺν
2544 1511 2695 1583 αὖτῷ
2734 1508 2791 1566 δὲ
2840 1513 2931 1566 καὶ
2986 1514 3085 1581 τήν
3136 1513 3460 1592 ἐκφωνησιν
3520 1514 3640 1570 τοῧ

377 1605 434 1657 et
466 1616 711 1656 summae
739 1616 957 1655 mensa:
979 1600 1348 1666 accubantes,
1381 1603 1442 1654 ut
1472 1599 1556 1654 sic
1580 1604 1863 1670 quotquot
1892 1616 2027 1655 con-

2165 1604 2370 1661 στῶτος
2432 1598 2541 1655 ἐκεῖ
2600 1596 3083 1676 κουϐικουλαρίου,
3135 1604 3225 1658 καὶ
3281 1603 3454 1667 αὖθις
3544 1604 3821 1679 egervnt}.

379 1691 665 1758 venerint,
719 1706 920 1744 omnes
959 1693 1183 1745 exeant.
1244 1689 1511 1743 Secundo
1561 1688 1654 1742 die
1702 1688 2031 1743 celebratur

2164 1689 2227 1742 al
2259 1691 2602 1763 προπέμπειν
2651 1688 2778 1754 τοὺς
2820 1696 2929 1746 τῶν
2961 1689 3005 1746 δ’
3054 1697 3335 1767 τραπεζῶν
3393 1696 3824 1766 zeugma;

381 1781 659 1850 postfesta
699 1794 802 1833 seu
838 1792 1112 1845 magnum
1146 1780 1201 1829 et
1233 1775 1570 1845 primarium
1604 1775 1818 1829 festum
1869 1775 2022 1829 diem

2164 1777 2340 1852 ιικρὸν
2382 1778 2658 1855 εἴργοντας
2715 1780 2845 1842 τοὺς
2904 1780 3011 1836 ἄνω
3071 1780 3289 1857 φίλους,
3322 1784 3420 1838 καὶ
3492 1785 3607 1839 εἶθ’
3669 1785 3828 1847 οὕτως

381 1882 747 1935 consequens
778 1863 1071 1936 processio
1104 1863 1161 1917 in
1194 1864 1375 1917 adem
1408 1863 1741 1935 principum
1774 1868 1831 1919 et
1851 1863 2029 1919 Sanc-

2164 1869 2634 1943 τυνεξερχομὲνους
2708 1870 2964 1933 ἅπαντας.
3024 1870 3150 1927 Ἐπὶ
3225 1870 3282 1927 δὲ
3356 1880 3474 1941 τῆς
3578 1871 3826 1944 δευτέρας

382 1962 569 2009 torum
591 1951 1028 2024 Apostolorum;
1062 1966 1346 2022 sacroque
1377 1951 1569 2008 ofﬁcio
1598 1951 1909 2025 completo,
1944 1953 2027 2009 in-

2164 1956 2353 2031 ῇμέρας
2434 1956 2671 2013 τελεῖται
2774 1960 3066 2035 μεθέορτος
3164 1962 3511 2035 προέλευσις
3614 1961 3677 2017 ἓν
3764 1969 3827 2032 τᾷ

380 2041 644 2098 stituitur
673 2041 998 2096 convivium
1022 2056 1199 2110 super
1230 2039 1520 2112 peculiare
1551 2045 1607 2096 et
1640 2042 1801 2113 priva
1832 2058 2036 2098 mensa

2164 2052 2273 2119 1qu
2306 2050 2419 2121 (97)
2468 2052 2574 2102 τῶν
2636 2049 2947 2126 κορυφαίων
3003 2051 3093 2105 καὶ
3152 2052 3358 2127 Ἀγίων
3419 2053 3825 2110 Ἀποστόλρςτρ.

381 2133 443 2189 in
489 2147 697 2202 magno
732 2128 984 2187 triclinio
1034 2130 1382 2201 palatiorum
1411 2147 1425 2199 ;
1459 2130 1529 2185 ad
1563 2131 1718 2202 quod
1751 2131 2034 2188 invitandi

2164 2140 2239 2195 {ai
2282 2139 2682 2215 πληρουμένης
2730 2149 2833 2211 τῆς
2876 2143 3023 2218 ἱερᾶς
3071 2143 3450 2219 λειτουργίας,
3490 2146 3824 2221 προτίθεται

383 2220 546 2277 vobis
594 2224 734 2277 sunt
765 2220 1055 2291 magistri,
1090 2218 1404 2292 prapositi,
1440 2220 1591 2275 445
1634 2220 2030 2292 proconsules,

2164 2228 2447 2305 ιλητώριον
2508 2231 2597 2286 ἐπὶ
2646 2231 2967 2303 ἀποκοπτῆς
3005 2234 3279 2308 τραπέζης
3318 2234 3373 2289 ἐν
3428 2240 3523 2306 τῷ
3592 2237 3824 2309 μεγαλῳ

384 2310 633 2382 patricii,
666 2308 933 2380 strategi,
967 2308 1367 2380 metropolitaa,
1399 2308 1696 2377 ofﬁciales,
1732 2314 2032 2381 protospa-

2170 2319 2396 2395 ρικλίνῳ
2440 2326 2547 2377 τῶν
2612 2321 2915 2391 παλατίων,
2957 2323 3045 2378 καὶ
3107 2321 3190 2379 δεῖ
3238 2326 3389 2397 ἡμᾶς
3462 2325 3821 2401 εὐτρεπίζει

390 2400 591 2468 tharii,
623 2404 913 2465 asecretsa,
972 2397 1337 2466 cbartularii,
1385 2398 1676 2465 consules,
1708 2399 2030 2469 vestitores,

2166 2408 2213 2471 ἷς
2274 2411 2601 2466 συνεστίασιν
2656 2416 2736 2482 τῷ
2797 2410 3016 2487 βασιλεῖ
3089 2414 3449 2489 μαγίστρους,
3508 2416 3825 2489 7:912:07?-

384 2488 693 2545 silentiarii
724 2495 777 2543 et
830 2488 1205 2560 magistratus
1265 2488 1563 2558 tagmatici
1608 2504 1711 2544 seu
1752 2488 2035 2544 militares

2170 2520 2281 2569 ους,
2344 2502 2699 2571 ἆνθυπάτους,
2758 2502 3097 2577 πατρικίους.
3158 2504 3541 2581 στρατηγοὺς,
3604 2528 3819 2580 μητροσ

388 2577 821 2645 comitatenses,
854 2575 1171 2632 mutatoria
1201 2580 1519 2647 gestantes,
1564 2594 1667 2649 pro
1714 2581 2034 2648 capacitate

2164 2587 2389 2658 πολίτας,
2451 2575 2876 2669 ὀφφικιαλίουςί
2934 2575 3485 2666 πρωτοσπαθαρίδυς,
3560 2575 3816 2669 ἀξηὲ-κέῖῆ·

388 2681 621 2720 mensa.
658 2662 1122 2720 Introducuntur
1150 2668 1209 2718 et
1238 2664 1572 2719 educuntur
1602 2665 1657 2719 in
1688 2664 1810 2721 suis
1840 2673 2031 2720 muta-

2164 2696 2251 2745 ηας,
2283 2662 2743 2752 χαρτουλαρίους,
2786 2662 3048 2750 ὒπάτους,
3099 2662 3478 2754 βεσττςτοραςί
3522 2662 3819 2738 σιλεντία-

384 2752 552 2810 toriis
609 2757 667 2808 et
710 2752 994 2820 camisiis,
1062 2754 1284 2825 absque
1343 2753 1747 2825 chlamydibus
1811 2759 2029 2810 tamen.

2164 2764 2285 2825 ιίους
2355 2765 2444 2821 καὶ
2520 2766 2842 2840 ἀλλαξίμων
2908 2773 3016 2823 τῶν
3084 2752 3437 2845 ταγματικῶν
3514 2771 3815 2847 ἀρχόντων

385 2844 644 2914 Tempus
669 2842 1097 2897 observandum
1136 2850 1242 2910 est,
1294 2858 1410 2914 quo
1465 2842 1742 2899 factiones
1772 2847 1897 2899 acta
1928 2860 2031 2900 seu

2164 2857 2272 2910 ιατᾶ
2330 2857 2391 2911 τὸ
2449 2858 2618 2911 ποσὸν
2678 2859 2775 2926 τῆς
2825 2853 3095 2932 τραπέζης
3129 2880 3141 2892 ·
3193 2858 3433 2935 εἰσάγει)
3502 2858 3577 2917 δὲ
3623 2864 3819 2922 αὐτοὺς

386 2933 611 2990 faustas
644 2930 1092 2989 acclamationes
1115 2947 1387 3004 peragere
1415 2935 1472 2987 et
1500 2932 1770 2989 dominos
1794 2932 2035 2991 laudare

2164 2943 2225 2998 ιαί
2284 2944 2491 3021 ἐξάγειν
2557 2946 2691 3018 μετὰ
2739 2950 2848 3001 τῶν
2905 2947 3118 3002 οἰκείων
3177 2947 3507 3021 ἆλλαξίμων
3566 2952 3666 3005 καὶ
3720 2974 3816 3006 κα·

386 3021 779 3093 incipiunI.Eo
804 3024 1061 3092 tempore
1082 3021 1364 3076 debemus
1385 3020 1644 3078 convivis
1666 3023 2035 3093 omnibus,ut

2164 3032 2357 3104 ιισίων,
2392 3033 2513 3089 ἄνευ
2559 3036 2750 3108 μέντοι
2808 3040 2916 3090 τῶν
2971 3038 3170 3091 ἑαυτῶν
3227 3036 3547 3112 χλαμύδων
3584 3062 3600 3071 ·
3647 3061 3814 3111 προσ-

389 3116 631 3185 surgant
661 3116 719 3167 et
748 3111 860 3183 ipsi
896 3126 1127 3183 quoque
1158 3109 1274 3166 leni
1302 3126 1438 3167 voce
1468 3110 1645 3167 simul
1676 3127 1808 3169 cum
1832 3112 2034 3169 factio-

2164 3141 2294 3197 ιχειν
2324 3119 2380 3177 δὲ
2410 3128 2528 3185 τοῖς
2568 3122 2877 3201 εὐφημοῦσι
2929 3122 3150 3197 δήμοις,
3184 3109 3274 3180 καί
3330 3109 3495 3195 ἦνίκα
3557 3109 3812 3203 ἄρξονται

388 3201 565 3258 nibus
596 3199 847 3258 dominis
879 3198 1241 3269 benedicant,
1275 3202 1577 3274 imperare.

2164 3172 2285 3197 ἰς-ν’
2331 3172 2378 3177 τ’
2422 3172 2525 3185 *τ’*
2570 3172 2877 3201 "Turn"
2934 3172 3150 3197 ’τη-*ἠ
3185 3172 3273 3180 ""‘
3337 3172 3495 3195 'I"""
3557 3172 3811 3203 “Ἶ”¹ο·’*’“·

2164 3209 2465 3287 ἱκτολογεῖν
2515 3212 2641 3275 τοὺς
2700 3210 2987 3281 δεσπότας,
3021 3211 3103 3269 δεῖ
3129 3214 3395 3285 ἐξανιστᾷν
3440 3218 3664 3280 πάντας
3695 3220 3811 3279 τώς

2144 3299 2516 3373 κεκλημένους
2571 3302 2709 3376 πρὸς
2767 3304 2829 3358 τὸ
2877 3302 2966 3357 καὶ
3016 3302 3210 3364 αὐτοὺς
3257 3305 3480 3379 πραὲως
3527 3327 3809 3387 eussner.-

2149 3394 2266 3462 μεῖν
2296 3388 2424 3451 τοὺς
2457 3387 2740 3454 δεσπότας.

2216 3480 2297 3551 Τῇ
2350 3474 2406 3532 δὲ
2451 3479 2609 3553 τρίτῃ
2662 3484 2842 3558 ἡμέρᾳ
2886 3489 2987 3552 τῆς
3020 3482 3185 3551 αὐτῆς
3221 3477 3532 3557 ἑϐδομάδος
3564 3487 3809 3543 τελεῖται

2146 3568 2361 3642 παγανὴ
2395 3565 2718 3641 προέλευσις
2765 3573 2900 3644 μετὰ
2946 3569 3334 3644 ἀλλαξιμάτων
3369 3568 3525 3629 ἔνδον
3576 3582 3683 3631 τοῦ
3714 3599 3809 3631 πα-

3706 1538 3802 1551 ἠε

3713 1551 3830 1571 μέθ’

463 3489 655 3545 Tertio
686 3496 812 3558 post
848 3488 1065 3543 Pascha
1092 3488 1186 3543 die
1225 3486 1517 3558 peragitur
1556 3501 1782 3558 pagana
1812 3500 2037 3555 proces-

394 3580 481 3635 sio
510 3577 571 3631 in
605 3576 932 3630 mutatoriis
980 3575 1137 3630 intra
1183 3574 1463 3645 palatium
1521 3583 1575 3630 et
1615 3573 1946 3629 convivium
1976 3572 2036 3628 in

396 3662 857 3737 ohrysotriclinio
876 3665 944 3719 ad
970 3664 1207 3719 modum
1231 3664 1405 3735 primi
1426 3663 1559 3720 diei.
1585 3665 1945 3735 Quapropter
1967 3662 2038 3717 ad

397 3770 630 3813 auream
663 3754 899 3825 quidem
934 3770 1194 3810 mensam
1239 3754 1523 3810 invitandi
1555 3753 1720 3809 nobis
1750 3757 1891 3808 sunt
1936 3751 2038 3808 ho-

402 3846 594 3903 mines
626 3843 847 3901 ordinis
874 3845 1307 3915 magistrorum,
1341 3844 1880 3916 patriciorum,etc.,
1905 3858 2038 3898 cum

408 3934 728 3992 domestico
776 3933 1110 3990 scholarum
1154 3938 1211 3988 et
1246 3932 1586 3989 hominibus
1617 3932 2040 4005 imperialibus,

399 4026 469 4082 ab
502 4024 703 4081 ordine
733 4023 869 4079 inde
900 4022 1617 4095 spatharocandidatorum
1644 4038 1831 4093 usque
1854 4022 1924 4077 ad
1956 4037 2044 4077 or-

401 4115 596 4171 dinem
629 4119 966 4182 stratorum,
1011 4131 1114 4187 pro
1153 4114 1467 4185 capacitate
1517 4129 1749 4182 mensae,
1782 4112 1951 4169 amici
1982 4111 2042 4167 in

402 4204 740 4260 universum
759 4202 1619 4276 triginta.Quosintroducimus
1639 4207 1697 4257 et
1718 4202 2040 4273 educimus,

403 4296 721 4352 senatorios
750 4295 989 4366 quidem
1009 4292 1164 4349 viros
1196 4293 1497 4365 campagia
1518 4296 1812 4365 gestantes
1844 4308 2047 4349 omnes

404 4385 463 4438 in
495 4386 615 4440 suis
634 4384 986 4451 mutatoriis,
1009 4383 1234 4455 absque
1264 4382 1517 4450 tunicis;
1551 4382 2047 4454 protospatharios

406 4481 597 4527 autem
628 4488 761 4528 cum
796 4473 1007 4545 speciis
1038 4477 1096 4528 et
1143 4471 1328 4528 russis
1359 4473 1549 4543 sagis;
1578 4470 1911 4543 imperiales
1942 4471 2049 4528 ho-

2148 3656 2362 3727 λατίου,
2390 3656 2479 3712 καὶ
2511 3656 2746 3714 τελεῖται
2777 3660 3090 3736 κλητώριον
3132 3660 3219 3716 ἐπὶ
3262 3662 3359 3717 τοῦ
3406 3667 3809 3739 χρυσοτεικλὶ-

2149 3767 2243 3801 νου
2282 3748 2419 3801 κατὰ
2464 3748 2526 3803 τὸ
2590 3756 2785 3824 σχῆμα
2841 3758 2941 3820 τῆς
3000 3752 3226 3826 πρώτης
3285 3750 3524 3827 ἡμέρας.
3560 3757 3671 3811 Καὶ
3733 3755 3809 3811 δεῖ

2150 3840 2297 3910 ἡμᾶς
2340 3836 2672 3913 εὐτρεπίζειν
2705 3838 2781 3899 εἷς
2816 3838 3014 3905 κλῆσιν
3064 3839 3148 3896 ἐπὶ
3198 3842 3297 3909 τῆς
3347 3845 3564 3917 χρυσῆς
3604 3847 3804 3920 τραπέ-

2155 3932 2250 3997 ζης
2288 3926 2394 3981 ἀπὸ
2441 3929 2539 3995 τῆς
2593 3925 2795 3997 τάξεως
2833 3934 2941 3984 τῶν
2991 3930 3321 4004 μαγίστρων,
3364 3932 3676 4006 πατρικίων
3719 3936 3805 3989 καὶ

2156 4016 2364 4071 λοιπῶν
2398 4016 2488 4070 σὺν
2539 4020 2618 4088 τῷ
2665 4014 2971 4090 δομεστίκῳ
3010 4024 3117 4073 τῶν
3168 4017 3390 4094 σχολῶν
3442 4022 3534 4074 καὶ
3580 4024 3800 4096 βασιλι-

2153 4125 2262 4159 κων
2320 4105 2614 4180 ἀνθρώπων
2656 4105 2761 4161 ἀπὸ
2804 4114 2903 4177 τῆς
2947 4108 3148 4180 τάξεως
3206 4111 3313 4163 τῶν
3363 4110 3802 4183 σπαθαροκανδιο

2156 4191 2329 4248 δάτων
2390 4192 2557 4273 μέχρι
2613 4202 2714 4265 τῆς
2760 4196 2961 4266 τάξεως
3016 4200 3125 4251 τῶν
3178 4197 3506 4273 στρατόρων,
3553 4202 3694 4255 κατᾶ
3740 4204 3803 4257 τὸ

2154 4283 2323 4338 ποσὸν
2371 4286 2471 4349 τῆς
2510 4285 2787 4359 τραπέζης
2835 4284 3029 4362 φίλους
3078 4283 3164 4340 λ’·
3215 4286 3450 4364 εἰσάγειν
3494 4284 3550 4341 δὲ
3596 4288 3802 4352 αὐτοὺς

2157 4371 2245 4426 καὶ
2302 4372 2521 4447 ἐξάγειν,
2571 4375 2699 4435 τοὺς
2760 4375 2855 4447 μὲν
2906 4374 3008 4430 ὑπὸ
3059 4375 3371 4452 καμπάγιον
3419 4376 3607 4437 πάντας
3660 4383 3806 4451 μετὰ

2156 4466 2264 4518 τῶν
2298 4462 2519 4518 οἰκείων
2551 4461 3128 4537 ἀλλαξιμάτων,πλὴν
3173 4465 3261 4519 καὶ
3322 4463 3617 4544 χλανίδος·
3676 4471 3805 4535 τοὺς

407 4558 594 4615 mines
644 4574 776 4615 cum
836 4560 1255 4632 scaramangiis
1316 4564 1558 4616 tantum.
1618 4561 1705 4615 Ad
1756 4559 2048 4616 inferiores

2166 4550 2223 4608 δὲ
2268 4554 2792 4631 πρωτοσπαθαρίους
2845 4557 2979 4628 μετὰ
3035 4554 3267 4609 σπεκίων
3324 4556 3412 4610 καὶ
3471 4558 3648 4630 ῥωὲων
3712 4584 3801 4616 σα.

408 4652 603 4704 autem
661 4655 912 4720 quatuor
959 4651 1245 4706 fornicum
1297 4665 1531 4706 mensas
1578 4648 1863 4705 invitandi
1912 4654 2052 4706 sunt

409 4735 745 4807 imperiales
775 4737 1093 4806 candidati,
1118 4738 1491 4795 mandatores
1510 4741 1567 4794 et
1589 4736 1843 4794 minores
1874 4737 2052 4810 magi-

410 4830 628 4883 stratus
642 4824 862 4882 ordinis
882 4825 1305 4893 scholarum,in
1322 4828 1656 4883 universum
1682 4827 2054 4898 septuaginta

410 4918 546 4973 duo.
581 4915 1045 4971 Introducuntur
1067 4920 1125 4970 et
1156 4915 1215 4970 hi
1237 4932 1371 4972 cum
1403 4917 1528 4974 suis
1557 4916 1974 4989 scaramangiis
1997 4920 2054 4971 et

414 5005 759 5063 mutatoriis.
788 5006 1002 5072 Quarto
1063 5003 1156 5059 die
1207 5004 1469 5075 ejusdem
1520 5005 1866 5063 universalis
1909 5004 2053 5077 regii

411 5098 657 5157 convivii
687 5096 985 5171 peragitur
1010 5097 1298 5169 processio
1329 5114 1537 5153 rursus
1569 5113 1797 5170 pagana
1826 5096 1884 5151 in
1919 5111 2053 5150 mu-

2155 4642 2325 4720 γίωνο
2372 4643 2500 4705 τοὺς
2541 4641 2599 4698 δὲ
2650 4642 2969 4719 βασιλικοὺς
3030 4643 3163 4716 μετὰ
3208 4648 3318 4700 τῶν
3373 4651 3796 4723 σκαραμαγγίων

2154 4731 2243 4786 καὶ
2278 4732 2462 4803 μόνον.
2501 4732 2623 4789 Ἐπὶ
2655 4731 2713 4787 δὲ
2740 4737 2859 4795 ταῖς
2895 4734 3047 4787 κάτω
3093 4731 3344 4809 τέσσαρσι
3390 4738 3497 4789 τῶν
3538 4745 3792 4811 καμαρῶν

2155 4823 2443 4897 τραπέζαις
2494 4819 2579 4877 δεῖ
2635 4825 2783 4897 ἡμᾶς
2840 4823 3124 4897 συγκαλεῖν
3182 4822 3500 4899 βασιλικοὺς
3545 4824 3793 4885 κανδιδα-

2156 4934 2282 4975 τους
2313 4916 2401 4969 καὶ
2445 4912 2783 4990 μανδάτορας
2825 4914 2915 4969 καὶ
2964 4914 3193 4990 μικροὺς
3242 4913 3509 4995 ἄρχοντας
3542 4924 3634 4973 τοῦ
3660 4924 3791 4999 τάγ-

2162 5024 2327 5075 ματος
2358 5008 2466 5059 τῶν
2498 5003 2746 5079 σχολῶν,
2770 5004 2862 5059 τὸν
2888 5004 3121 5079 ἀριθμὸν
3166 5005 3288 5081 οβ’·
3339 5005 3566 5084 εἰσάγειν
3609 5005 3661 5064 δὲ
3697 5013 3788 5066 αὖ.

2156 5091 2282 5155 τοὺς
2319 5094 2452 5157 μετὰ
2480 5097 2586 5148 τῶν
2622 5094 2834 5149 οἰκείων
2884 5095 3306 5171 σκαραμαγγίων
3353 5096 3441 5150 καὶ
3493 5095 3787 5174 ἀλλαξιμα.

1457 5194 1650 5251 JOAN.
1691 5194 1836 5251 JAC.
1882 5191 2144 5250 REISKII
2182 5192 2763 5251 COMMENTARIUS.

482 5296 598 5367 (97)
626 5295 749 5352 Vox
780 5296 900 5352 haec
929 5292 1177 5367 vetustis
1208 5292 1423 5367 Graecis
1452 5293 1569 5367 fere
1592 5296 1820 5347 tantum
1864 5293 1936 5367 de
1964 5308 2059 5348 sa-

413 5368 547 5423 cello
580 5364 927 5435 'dicebatur,
974 5365 1137 5422 novis
1185 5364 1359 5420 etiam
1409 5364 1727 5419 maximum
1786 5365 2059 5435 quodque

414 5438 695 5511 templum
730 5444 838 5494 est.
872 5440 989 5511 Ita,
1014 5443 1077 5494 ut
1118 5437 1189 5493 de
1234 5436 1431 5511 multis
1464 5436 1668 5511 saltem
1693 5434 1888 5511 unum
1919 5434 2059 5511 alte:

414 5504 571 5584 geni,
632 5511 787 5582 apud
845 5504 1071 5583 Scylitz.
1134 5527 1194 5584 p.
1269 5508 1368 5584 821
1433 5524 1446 5562 :
1505 5506 1565 5584 ’φ
1623 5504 1900 5584 ,μέγιστος
1966 5504 2056 5560 καὶ

414 5575 742 5662 περίπυσέος
774 5585 871 5648 τῆς
900 5575 1160 5662 {ou-6:053
1186 5578 1383 5662 Σοφίας
1418 5575 1603 5662 σηκός.
1623 5575 1767 5662 Tam
1795 5580 2057 5662 lreqﬂuen-

414 5651 496 5711 tis
524 5658 675 5711 certe
725 5660 847 5710 tum
899 5657 1022 5709 erat
1073 5668 1237 5721 usus,
1275 5651 1353 5709 'ut
1399 5651 1573 5709 etiam
1625 5651 1807 5707 Latini
1842 5668 1871 5705 a
1902 5651 2052 5706 Grae-

2170 5291 2254 5369 _cis
2282 5292 2788 5369 assumerent;_Du
2833 5290 3026 5369 pange
3073 5308 3123 5369 ν.
3148 5293 3380 5369 _Siccu:,
3408 5295 3579 5369 idest
3607 5299 3786 5369 σηκός,

2168 5362 2326 5418 hunc
2358 5364 2550 5419 locum
2583 5379 2614 5418 e
2635 5362 2919 5437 Chronico
2942 5363 3423 5437 Magdeburgensi
3443 5368 3575 5423 citat
3599 5386 3612 5424 :
3632 5362 3784 5430 duces

2167 5450 2231 5489 ac
2256 5439 2642 5509 praefectorum
2668 5434 2945 5509 principes
2974 5451 3099 5509 cum
3128 5434 3299 5509 manu
3323 5438 3629 5509 principum
3653 5458 3781 5499 σοπ-

2163 5506 2389 5590 gregati
2416 5507 2945 5590 ia-siccolhoc'est.
2982 5506 3041 5561 in
3100 5506 3343 5590 aedicula
3398 5508 3487 5567 vel
3507 5506 3777 5590 oratorio]

2168 5576 2413 5635 basilica?
2442 5578 2622 5649 Magni
2653 5578 2835 5634 Caroli
2863 5576 3180 5636 cohwrcnti.
