3972 6214
183 363 385 426 1401

1080 361 1180 424 DE
1224 361 1677 424 CERIMUNIIS
1721 359 1958 424 AULE
1998 361 2470 423 BYZANTlN/E
2516 362 2661 423 LIB.
2707 364 2796 425 Il.

3484 368 3640 428 1402

190 515 364 553 των.
423 496 506 568 Τῇ
565 491 623 550 δὲ
678 495 910 570 τετάρτῃ
951 497 1132 571 ἡμέρᾳ
1169 504 1270 567 τῆς
1327 496 1496 565 αὐτῆς
1531 494 1772 573 εὐωχίας
1798 513 1868 548 τε·

1998 496 2226 554 tatoriis
2256 497 2410 553 intra
2438 496 2799 570 palatium,et
2819 497 3270 553 introducuntur
3289 474 3661 571 photismata.

195 581 414 638 λεῖται
456 581 664 656 ὁμοίως
693 581 1022 657 ’προελευσις
1060 586 1271 660 παγανὴ
1318 584 1453 658 μετὰ
1496 582 1884 655 ἆλλαξιμάτων

203 668 400 727 ἔνδον
433 675 530 728 τοῦ
553 669 849 740 παλατίου,
880 672 970 727 καὶ
994 672 1293 748 εἰσάγονται
1324 674 1390 728 τὰ
1421 671 1746 746 φωτίσματα
1775 672 1884 744 (98)

200 761 333 817 ὑπὸ
369 765 467 816 τοῦ
490 761 902 839 ὀρφανοτρόφου
934 765 1067 835 (99),
1090 763 1180 818 καὶ
1217 764 1304 818 καὶ
1328 761 1565 818 τελεῖται
1587 762 1648 818 τὸ
1669 759 1888 832 κλητώ-

202 871 349 926 ριον
387 850 533 923 ἐντῷ
556 851 707 923 αὐτῷ
737 850 1182 927 χρυσοτρικλίνῳ
1212 851 1302 908 ἐπὶ
1340 860 1440 922 τῆς
1490 858 1700 927 χρυσῆς
1749 870 1887 924 τρα-

198 941 404 1011 πέζης
437 943 536 1014 (1).
583 940 689 997 Καὶ
749 939 832 996 δεῖ
877 944 1026 1015 ἡμᾶς
1070 942 1401 1017 εὐτρεπίζειν
1437 943 1510 1004 εἷς
1555 941 1884 996 συνεστίασιν

195 1033 329 1084 τῶν
402 1027 673 1104 βασιλέων
734 1029 950 1107 φίλους,
990 1032 1095 1086 ἀπὸ
1149 1039 1249 1101 τῆς
1308 1033 1510 1102 τάξεως
1569 1034 1676 1084 τῶν
1715 1027 1883 1103 μαγί-

204 1141 437 1194 στρων,
497 1120 799 1195 πατρικίων
859 1119 951 1176 σὺν
1002 1126 1098 1176 τοῦ
1157 1119 1482 1195 δομεστίκου
1540 1123 1646 1175 τῶν
1704 1119 1884 1190 έξκου-

201 1206 398 1267 6ἱτων
439 1211 529 1267 καὶ
561 1216 671 1267 τῶν
729 1211 893 1266 αὐτοῦ
945 1207 1249 1287 σκριϐόνων
1318 1210 1456 1266 κατᾶ
1527 1216 1618 1266 τὸν
1674 1208 1882 1286 προλε-

203 1303 434 1379 χθέντα
489 1301 690 1370 τύπον,
752 1301 840 1356 καὶ
923 1301 1151 1377 εἰσάγειν
1220 1301 1419 1363 αὐτοὺς
1488 1303 1578 1357 καί
1648 1299 1875 1377 ἐξάγειν,

206 1392 374 1446 καθᾶ
430 1389 666 1466 εἴρηται.
717 1391 841 1448 Ἑπί
902 1387 959 1446 δὲ
987 1396 1104 1453 ταῖς
1136 1392 1272 1447 κατὰ
1311 1395 1418 1447 τῶν
1451 1394 1711 1465 καμαρῶν
1742 1409 1877 1464 τρα-

202 1481 418 1550 πέζαις
452 1476 534 1534 δεῖ
562 1479 708 1552 ἡμὰς
763 1479 1048 1556 συγκαλεῖν
1097 1479 1158 1536 έκ
1197 1486 1305 1536 τῶν
1351 1480 1658 1556 λεχθέντων
1722 1479 1874 1554 βασι-

203 1566 401 1624 λικῶν
453 1568 756 1642 ἀνθρώπων
815 1571 1040 1624 καὶτῶν
1074 1575 1282 1644 μικρῶν
1315 1569 1598 1644 ἀρχόντων
1656 1572 1750 1624 τοῦ
1791 1565 1874 1637 ἐξ·

201 1653 490 1714 κουϐίτου
545 1658 639 1713 τὸν
707 1657 937 1733 ἀριθμὸν
971 1659 1074 1733 οβ’,
1120 1659 1209 1713 καὶ
1237 1657 1470 1734 εἰσάγειν
1502 1657 1698 1719 αὐτοὺς
1737 1657 1872 1712 κατὰ

203 1747 313 1802 τὸν
378 1746 763 1822 προλεχθέντα
790 1748 980 1804 τύπον.
1030 1751 1110 1822 Τῇ
1143 1744 1200 1803 δὲ
1255 1749 1478 1823 πέμπτῃ
1540 1747 1722 1824 ἡμέρᾳ
1771 1754 1870 1817 τῆς

2000 591 2122 654 [seu
2155 588 2318 660 pueri
2351 586 2597 658 orphani
2626 587 2684 643 in
2710 586 2862 642 albis
2886 586 3335 656 baptismalibus
3365 589 3638 660 indusiis,

1996 692 2188 734 cereos
2219 677 2502 748 tenentes]
2545 676 2616 732 ab
2666 676 3160 746 orphanotropbo,
3219 679 3276 730 et
3315 675 3642 735 instituitur

1994 767 2321 823 convivium
2353 767 2413 823 in
2443 766 2567 838 ipso
2600 762 3036 837 chrysotriclino
3059 779 3237 834 super
3266 779 3438 819 aurea
3469 768 3640 824 tabu-

1994 855 2088 926 la;
2121 857 2190 912 ad
2226 857 2379 927 quod
2412 855 2692 910 invitandi
2717 853 2886 910 nobis
2903 857 3039 909 sunt
3069 851 3240 907 amici
3275 851 3640 922 imperatoris

1992 947 2064 1002 ab
2100 945 2303 1001 ordine
2343 945 2478 1000 inde
2510 943 2926 1016 magistrorum
2970 949 3023 997 et
3067 941 3151 997 sic
3183 957 3354 1012 porro
3385 943 3638 1014 patricii,

1989 1035 2346 1092 domesticus
2376 1033 2778 1089 excubitorum
2819 1033 3064 1102 ejusque
3095 1032 3393 1086 scribones
3426 1048 3638 1089 secun-

1989 1126 2123 1181 dum
2152 1124 2464 1181 formulam
2497 1123 2918 1196 praescriptam,
2949 1137 3166 1193 eosque
3195 1126 3418 1193 oportet
3463 1123 3635 1179 modo

1979 1212 2102 1284 jam
2133 1213 2285 1269 dicto
2317 1211 2684 1268 introducere
2722 1215 2780 1267 et
2812 1210 3073 1266 educere.
3107 1211 3194 1265 Ad
3239 1225 3472 1266 mensas
3505 1227 3635 1268 vero

1985 1300 2288 1357 inferiores
2332 1301 2442 1357 sub
2490 1299 2811 1355 fornicibus
2863 1298 3173 1354 collocatas
3217 1315 3496 1355 vocamus
3526 1299 3640 1355 ho-

1989 1391 2177 1447 mines
2207 1390 2581 1462 septuaginta
2610 1390 2724 1445 duo
2757 1389 2826 1445 de
2868 1388 3070 1444 ordine
3100 1389 3415 1445 eorundem
3448 1389 3640 1460 impe-

1985 1479 2219 1536 rialium
2253 1479 2556 1536 hominum
2584 1483 2641 1535 et
2670 1477 2964 1534 minorum
2998 1479 3447 1550 magistratuum
3471 1495 3638 1534 excu-

1984 1569 2258 1626 bitorum.
2293 1570 2479 1626 Etiam
2527 1568 2588 1624 hi
2636 1568 2792 1624 dicto
2846 1566 3017 1623 modo
3076 1567 3529 1623 introducuntur
3579 1569 3639 1623 et

1981 1660 2332 1717 educuntur.
2393 1659 2606 1724 Quinto
2655 1657 2748 1713 die
2793 1657 3058 1728 ejusdem
3110 1655 3460 1712 universalis
3491 1656 3636 1728 regii

1981 1748 2227 1806 convivii
2256 1749 2492 1804 advenit
2535 1745 2862 1820 patriarcha
2911 1761 3045 1802 cum
3077 1745 3203 1801 suis
3247 1744 3635 1817 metropolitis

205 1833 395 1904 αὐτῆς
444 1832 732 1896 πανδεσίας
783 1833 1085 1910 εἰσέρχεται
1130 1836 1159 1890 ὁ
1207 1836 1554 1912 πατριάρχης
1601 1836 1736 1910 μετὰ
1765 1840 1868 1892 τῶν

1992 1840 2061 1896 ad
2095 1839 2356 1895 dandum
2388 1835 2726 1910 imperatori
2755 1851 2973 1908 agapen
3006 1850 3110 1890 seu
3141 1833 3405 1890 osculum
3447 1833 3637 1905 pacis,

204 1924 391 1980 αὐτοῦ
453 1923 878 1999 μητροπολιτῶν
944 1921 1127 1980 δοῦναι
1212 1925 1428 2002 ἀγάπην
1499 1930 1579 1998 τῷ
1636 1925 1868 2002 βασιλεῖ,

206 2013 310 2068 καὶ
353 2012 591 2068 τελεῖται
649 2012 968 2088 προέλευσις
1009 2015 1224 2091 παγανὴ
1259 2011 1330 2069 δι’
1358 2013 1679 2088 ἀλλαξίμων
1719 2012 1869 2070 ἔνδον

207 2105 316 2156 τοῦ
350 2099 644 2174 παλατίου,
675 2104 766 2158 καὶ
826 2103 1203 2178 συγκαθέζεται
1262 2109 1340 2176 τῷ
1375 2104 1594 2178 βασιλεῖ
1619 2104 1695 2167 είς
1754 2126 1873 2160 συν·

213 2189 460 2246 εστίασιν
509 2191 538 2246 ὁ
595 2192 945 2271 πατριάρχης
998 2189 1085 2247 ἒπὶ
1142 2199 1244 2262 τῆς
1298 2192 1616 2262 ἀποκοπτῆς
1660 2201 1870 2269 χρυσῆς

208 2279 496 2354 τραπέζης
545 2282 604 2335 ἓν
655 2286 734 2336 τῶ
767 2281 986 2355 χρυσέῳ
1035 2280 1324 2355 τρικλίνῳ,
1354 2281 1443 2337 καὶ
1489 2279 1572 2338 δεῖ
1603 2285 1748 2355 ἡμᾶς
1779 2283 1874 2338 εὐ-

212 2369 492 2444 τρεπίζειν
533 2369 622 2426 έπῖ
657 2373 751 2444 μὲν
799 2378 897 2441 τῆς
947 2379 1159 2448 χρυσῆς
1206 2374 1481 2449 τραπέζης
1536 2372 1733 2451 φίλους
1766 2375 1872 2430 ἀπὸ

217 2459 320 2531 μὶν
362 2463 472 2515 τῶν
519 2459 946 2536 μητροπολιτῶν
1003 2463 1056 2532 ι’,
1108 2463 1198 2516 καὶ
1244 2462 1352 2518 ἀπὸ
1407 2466 1516 2517 τῶν
1571 2461 1871 2538 βασιλικῶν

212 2544 604 2624 πρεσϐυτέρῶν
658 2554 756 2605 τοῦ
815 2550 1082 2607 παλατίου
1144 2548 1220 2622 ἓξ,
1270 2553 1360 2607 καὶ
1393 2552 1737 2627 ἡγουμένους
1767 2556 1873 2608 τῶν

226 2636 532 2711 βασιλικῶν
589 2640 971 2714 μοναστηρίων
1037 2642 1126 2716 ιβ’.
1181 2639 1412 2716 εἴσάγειν
1457 2639 1514 2697 δὲ
1553 2641 1754 2705 αὐτοὺς
1783 2643 1873 2696 καὶ

222 2723 430 2800 ἰξάγειν
474 2725 668 2789 οὕτως·
709 2728 835 2788 τοὺς
923 2728 1018 2801 μὲν
1096 2727 1510 2804 μητροπολίτας
1565 2731 1700 2804 μετὰ
1764 2736 1870 2787 τῶν

231 2813 452 2869 οἰκείων
489 2813 901 2889 ἀλλαξιμάτων,
934 2817 1079 2886 πλὴν
1120 2822 1227 2872 τῶν
1278 2818 1635 2894 ὠμοφορίων,
1660 2818 1789 2884 τοὺς
1819 2817 1877 2876 δὲ

228 2899 630 2980 πρεσϐυτέρους
676 2906 812 2980 μετὰ
867 2910 973 2962 τῶν
1031 2906 1238 2963 λευκῶν
1300 2895 1610 2987 φελυνίων,
1640 2909 1768 2973 τοὺς
1818 2908 1876 2966 δὲ

228 2994 566 3068 ἡγουμένους
596 2993 684 3050 καί
707 2995 911 3059 αὐτοὺς
953 2997 1088 3069 μετὰ
1129 3002 1238 3053 τῶν
1287 2997 1500 3054 οἰκείων
1559 2999 1735 3055 αὐτῶν
1782 3021 1877 3074 φε-

228 3080 464 3140 λωνίων.
494 3085 621 3141 Ἐπὶ
665 3082 724 3140 δὲ
752 3089 860 3140 τῶν
889 3085 1038 3141 κάτω
1081 3092 1362 3161 τραπεζῶν
1415 3085 1498 3144 δεῖ
1553 3090 1700 3162 ἡμᾶς
1746 3110 1879 3166 συγ-

228 3170 418 3227 καλεῖν
452 3174 560 3229 ἀπὸ
584 3178 692 3229 τῶν
729 3174 1029 3249 βασιλικῶν
1062 3173 1348 3249 κληρικῶν
1381 3177 1487 3233 ἀπὸ
1525 3185 1626 3248 τῆς
1670 3179 1869 3253 τάξεως

729 3232 740 3249 ι
1160 3232 1188 3249 ιι
1391 3232 1394 3233 ⁷
1469 3232 1476 3233 ί
1580 3232 1624 3248 ο*
1684 3232 1867 3253 ’“Ἰν””ν

226 3265 334 3316 τῶν
367 3257 631 3318 διακόνων
683 3264 771 3317 καὶ
815 3265 1108 3340 κατωτέρω
1150 3266 1240 3320 καὶ
1291 3265 1400 3322 ἀπὸ
1438 3271 1536 3322 τοῦ
1584 3268 1867 3344 σεκραίτου
1900 3232 1943 3300 C

229 3353 325 3405 τοῦ
370 3352 720 3426 πατριάρχου
773 3349 1046 3416 παπάδας.
1103 3354 1197 3409 τὸν
1245 3354 1476 3430 ἀριθμὸν
1526 3361 1695 3429 (2)....
1757 3358 1866 3413 sla.

228 3440 374 3517 ἁγειν
407 3437 464 3496 δὲ
494 3442 582 3497 καὶ
612 3441 818 3516 ἐξάγειν
847 3440 1046 3508 αὐτοὺς
1085 3445 1223 3518 μετᾶ
1267 3450 1374 3500 τῶν
1426 3444 1642 3502 οἰκείων
1692 3449 1872 3505 αὐτῶν

227 3529 492 3602 καμισίων
533 3530 623 3586 καὶ
669 3531 848 3604 μόνον.
897 3536 978 3607 Τῇ
1024 3529 1082 3588 δὶ
1143 3532 1275 3609 ’ἐκτῇ
1331 3535 1513 3610 ἡμέρᾳ
1559 3543 1658 3606 τῆς
1705 3537 1875 3609 αὒτῆς

229 3616 483 3692 περιόδου
519 3619 757 3676 τελεῖται
809 3621 1130 3695 προέλευσις
1180 3627 1396 3699 παγανὴ
1451 3627 1585 3698 μετὰ
1643 3626 1872 3700 ἁλλκξι-

235 3706 413 3778 μάτων
471 3701 618 3762 ἔνδον
656 3713 755 3763 τοῦ
817 3708 1109 3779 παλατίου,
1158 3712 1248 3766 καὶ
1308 3713 1609 3788 εἰσάγονται
1688 3719 1740 3772 οἱ
1814 3719 1873 3774 ἐκ

235 3792 560 3870 Βουλγάρων
591 3796 746 3876 φίλοι
770 3799 908 3870 μεκὰ
933 3803 1040 3853 τῶν
1066 3800 1126 3855 έκ
1173 3799 1518 3878 Βουλγαρίας
1548 3801 1738 3876 δώρων
1774 3810 1869 3880 (3).

233 3881 325 3937 Καὶ
379 3880 617 3939 τελεῖται
685 3884 1002 3960 κλητώριον
1067 3886 1117 3942 ἐν
1163 3893 1243 3962 τῷ
1299 3889 1448 3962 αὐτῷ
1518 3887 1872 3968 περιϐλέπτῳ

232 3969 486 4044 τρικλίνῳ
546 3971 635 4028 ἐπὶ
678 3980 778 4044 τῆς
817 3975 991 4044 αὐτῆς
1043 3984 1253 4052 χρυσῆς
1301 3981 1596 4053 τραπέζης,
1645 3982 1735 4037 καὶ
1793 3981 1874 4040 δεῖ

233 4065 372 4154 ἡμᾶς
427 4066 756 4141 εὐτρεπίζειν
793 4068 869 4130 εἰς
928 4069 1258 4126 συνεστίασιν
1311 4077 1410 4128 τοῦ
1457 4073 1726 4148 βασιλέως
1782 4077 1870 4154 φί-

236 4153 360 4218 λους
414 4155 522 4213 ἀπὸ
561 4164 662 4226 τῆς
717 4158 920 4230 τάξεως
984 4165 1094 4215 τῶν
1159 4161 1497 4238 μαγίστρων,
1555 4153 1867 4224 ἀνθυπάτων

1986 1928 2401 2001 peragiturque
2462 1942 2694 1999 pagana
2761 1922 3054 1996 processio
3113 1923 3269 1978 406
3323 1921 3382 1977 in
3439 1927 3636 1977 muta-

1979 2019 2146 2076 toriis
2184 2020 2337 2075 intra
2392 2017 2674 2090 palatium
2715 2031 2730 2071 :
2765 2015 3100 2086 assidetque
3153 2011 3488 2084 patriarcha
3523 2011 3634 2067 im-

1981 2108 2232 2182 peratori
2282 2106 2519 2163 conviva
2576 2106 2648 2161 ad
2691 2103 3047 2176 peculiarem
3091 2117 3327 2158 auream
3363 2116 3630 2156 mensam

1981 2199 2040 2254 in
2075 2195 2521 2266 chrysotriclino
2557 2209 2570 2249 :
2603 2197 2662 2248 et
2710 2191 2996 2248 invitandi
3044 2189 3211 2246 nobis
3259 2194 3398 2244 sunt
3427 2190 3500 2244 ad
3533 2205 3631 2243 au-

1981 2303 2136 2344 ream
2170 2285 2408 2358 quidem
2442 2299 2706 2339 mensam
2746 2280 2940 2348 amici,
2991 2278 3376 2351 metropolitae
3405 2279 3628 2346 decem,

1981 2375 2300 2451 presbyteri
2333 2373 2572 2446 palatini
2593 2388 2694 2428 sex
2725 2377 2782 2428 et
2814 2369 3118 2426 duodecim
3152 2367 3469 2440 hegumeni
3502 2383 3632 2422 mo-

1982 2464 2368 2523 nasteriorum
2417 2461 2836 2535 imperialium,
2867 2461 2969 2532 qui
3007 2457 3092 2515 sic
3131 2457 3583 2513 introducantur
3618 2473 3632 2512 :

1983 2553 2365 2627 metropolitaa
2396 2553 2456 2609 in
2487 2552 2614 2608 suis
2638 2549 2991 2618 mutatoriis,
3018 2551 3220 2621 praeter
3249 2544 3594 2618 omophoria
3620 2563 3634 2614 ;

1983 2645 2303 2718 presbyteri
2335 2659 2468 2700 cum
2491 2641 2643 2698 albis
2668 2639 2986 2713 pheloniis;
3012 2636 3324 2710 hegumeni
3346 2651 3481 2693 cum
3505 2635 3632 2692 suis

1985 2735 2098 2791 sibi
2129 2732 2380 2806 propriis
2405 2729 2714 2803 pbeloniis.
2741 2730 2821 2785 Ad
2842 2727 3146 2784 inferiores
3177 2730 3373 2782 autem
3401 2740 3638 2781 mensas

1985 2822 2304 2880 invitamus
2334 2819 2587 2878 delectos
2614 2818 2854 2875 clericos
2885 2816 3176 2888 palatinos
3195 2815 3267 2870 ab
3289 2814 3490 2870 ordine
3514 2813 3636 2870 dia-

1985 2928 2264 2970 conorum
2296 2912 2430 2967 inde
2457 2915 2515 2966 et
2535 2909 2618 2965 sic
2649 2923 2822 2981 porro
2853 2905 3155 2962 inferiores
3186 2904 3420 2960 ordines
3448 2907 3506 2958 et
3536 2918 3630 2958 se-

1985 3001 2128 3058 creti
2159 2999 2500 3074 patriarcha
2524 2998 2780 3072 papades
2810 3011 2912 3052 seu
2947 2993 3280 3062 monachos,
3313 2992 3375 3048 in
3409 2991 3634 3047 univer-

1987 3090 2286 3147 sum...Hi
2330 3089 2470 3145 solis
2517 3088 2577 3143 in
2627 3087 2750 3143 suis
2794 3084 3054 3142 camisiis
3102 3081 3553 3138 introducuntur
3581 3087 3635 3136 et

1989 3181 2338 3238 educuntur.
2363 3181 2532 3234 Sexto
2563 3177 2656 3233 die
2687 3175 2947 3247 ejusdem
2977 3172 3134 3230 orbis
3157 3171 3408 3243 [dierum
3428 3183 3641 3241 nempe

1982 3287 2085 3328 seu
2109 3267 2473 3343 septimana]
2505 3267 2804 3339 peragitur
2824 3262 3115 3336 processio
3138 3275 3367 3333 pagana
3388 3259 3442 3314 in
3462 3263 3639 3314 muta-

1984 3362 2152 3419 toriis
2182 3361 2336 3416 intra
2367 3357 2671 3430 palatium,
2710 3360 2767 3411 et
2811 3352 3267 3408 introducuntur
3295 3349 3470 3405 amici
3508 3349 3640 3405 Bul'

1982 3451 2108 3524 gari
2149 3467 2282 3506 cum
2341 3449 2514 3506 donis
2541 3465 2572 3505 e
2603 3443 2876 3518 Bulgaria
2927 3439 3154 3507 allatis;
3205 3442 3263 3494 et
3307 3438 3636 3494 celebratur

1983 3540 2316 3598 convivium
2346 3539 2407 3595 in
2438 3538 2639 3594 eodem
2672 3532 2886 3590 illustri
2933 3527 3190 3585 triclinio
3228 3541 3404 3598 super
3431 3528 3632 3582 eadem

1980 3647 2158 3688 aurea
2187 3645 2421 3698 mensa;
2447 3623 2849 3696 invitandique
2869 3623 3007 3676 sunt
3037 3616 3202 3673 nobis
3229 3615 3298 3671 ad
3329 3615 3634 3672 convivan-

1981 3723 2123 3779 dum
2156 3719 2491 3791 imperatori
2521 3716 2697 3774 amici
2717 3715 2788 3770 de
2817 3710 3021 3770 ordine
3045 3707 3478 3780 magistrorum,
3504 3723 3635 3777 pro-

1980 3812 2290 3870 consulum
2318 3816 2377 3868 et
2406 3815 2747 3866 caterorum
2781 3819 2904 3860 una
2953 3817 3088 3857 cum
3121 3797 3330 3854 amicis
3360 3796 3627 3868 Bulgaris

1982 3908 2039 3959 et
2065 3899 2376 3970 drungario
2398 3897 2603 3968 vigilite
2636 3899 2693 3952 et
2723 3889 3046 3948 domestico
3077 3887 3506 3955 hicanatorum,
3556 3888 3628 3942 ad

1983 4005 2289 4049 numerum
2332 3986 2606 4060 triginta;
2648 3979 3074 4049 ordinandique
3121 3982 3177 4030 et
3220 3973 3632 4030 introducendi

1981 4082 2185 4140 eodem
2218 4078 2411 4143 modo,
2444 4091 2616 4148 quem
2648 4073 2720 4129 ad
2754 4069 3007 4144 primum
3038 4065 3194 4120 diem
3226 4062 3627 4135 exposuimus.

1979 4173 2064 4230 Ad
2096 4169 2403 4227 inferiores
2422 4170 2615 4222 autem
2641 4175 2876 4220 mensas
2907 4156 3229 4214 invitantur
3249 4153 3629 4225 magistratus

1266 4273 1468 4331 JOAN.
1508 4276 1657 4333 JAC.
1702 4278 1963 4338 REISKII
1999 4275 2584 4340 COMMENTARIUS.

317 4369 406 4449 98)
435 4369 612 4449 ςινωοί
659 4369 982 4449 nepphytps
1025 4387 1127 4428 seu
1170 4389 1373 4449 recens
1421 4375 1745 4444 baptizatos
1773 4387 1874 4435 aut
1902 4385 1949 4449 Ι)

241 4441 414 4520 adhuc
445 4441 820 4527 baptizandus
851 4441 1004 4527 φῶτα
1023 4449 1080 4499 et
1110 4443 1434 4527 φωτίσματα
1466 4441 1866 4527 appellabant;

239 4513 350 4566 sive
377 4514 528 4584 quod
561 4514 738 4568 veluti
769 4513 992 4599 lumina
1022 4513 1210 4583 erant,
1234 4513 1485 4600 quorum
1505 4513 1663 4575 bona
1692 4513 1870 4594 Opera

236 4580 717 4676 lecebap‘t‘coram
748 4585 1081 4676 gentilibus
1098 4588 1870 4676 etphristianisambosque

236 4653 298 4709 ad
328 4653 712 4730 imitationem
751 4653 1034 4729 poterant
1061 4664 1117 4716 et
1138 4661 1436 4730 debebant
1463 4660 1714 4730 allicere,
1749 4653 1869 4722 sive

235 4725 371 4852 guod
405 4741 603 4783 cereos
627 4725 900 4814 gererent
930 4731 992 4788 in
1031 4729 1292 4815 ecclesiis
1339 4748 1438 4815 per
1475 4725 1867 4820 septimanam

273 4796 577 4852 ascbalem.
594 4800 992 4852 sivedeniaua.
1019 4803 1171 4852 auod
1194 4802 1507 4852 illuminali
1529 4805 1864 4852 mtillnmn-

273 4796 577 4879 ascbalem,
594 4796 712 4879 sive
722 4800 992 4879 denique,
1019 4803 1172 4879 quod
1193 4796 1509 4879 illumin‘ati
1529 4796 1864 4879 autillumi-

234 4868 420 4945 nandi,
442 4868 552 4926 hoc
580 4875 668 4927 est
690 4868 978 4945 ‘baptiz—ati
999 4868 1100 4929 aut
1130 4873 1463 4945 baptizandi
1486 4878 1864 4936 essent.Nam

233 4938 506 5022 baptizare
539 4938 837 5022 appellant
867 4945 1046 5022 Graeci
1070 4938 1345 5022 φωτίζειν,
1368 4952 1436 5022 Διιι
1465 4947 1680 5004 festum
1726 4952 1864 5022 Epi-

237 5009 462 5086 phanius
491 5009 596 5086 seti
617 5009 918 5086 'baptismi
948 5009 1163 5073 Christi
1210 5009 1278 5072 τά
1307 5009 1494 5086 diam,
1543 5025 1600 5075 et
1642 5009 1861 5077 erat.in

235 5082 474 5164 Ecclesia
499 5082 926 5164 aliquis'aipxwv
951 5092 1066 5164 τῶν
1093 5109 1311 5164 «pm-rm,
1338 5082 1635 5164 inspector
1664 5108 1862 5164 recens

234 5153 662 5240 baptizawrum,
698 5157 727 5213 ὁ
765 5153 1115 5240 tiam-55;;
1146 5153 1573 5240 χεοιρῷτίστώνς
1620 5163 1737 5240 vi_d.
1775 5169 1858 5220 Du

241 5225 414 5312 pange
442 5242 496 5312 vI.
530 5225 696 5312 (ξῶτα
724 5237 782 5289 et
804 5225 1109 5312 'dimtzuv.
1138 5225 1732 5312 goléb'ant_autem‘in
1765 5252 1859 5312 ve-

235 5300 336 5354 tere
359 5297 616 5376 Ecclesia
644 5318 855 5373 pueros
884 5297 1019 5376 non—7
1040 5305 1294 5376 statima
1333 5305 1634 5362 nativitate
1663 5306 1860 5376 bapti-

235 5384 365 5451 zare,
397 5370 510 5451 sed.
527 5370 962 5444 exspectabant,
995 5375 1179 5451 donec
1208 5375 1634 5451 aliquantulum
1660 5370 1856 5434 adole-

237 5445 432 5496 vissent
462 5445 877 5519 et_numerum
919 5448 1237 5519 aequalium
1284 5445 1486 5517 simul,
1537 5451 1854 5519 praesertim

241 5512 732 5596 magponsabbato,
776 5512 1168 5596 baptizabant,
1218 5519 1316 5590 qui
1360 5512 1483 5596 tota:
1527 5512 1858 5596 septimana

241 5583 472 5666 pas_c_hali_
497 5585 556 5666 in
579 5583 729 5666 albis
746 5595 814 5666 _ct
844 5583 981 5666 cum
1012 5583 1194 5666 cereis
1220 5583 1611 5664 procedebant
1638 5591 1754 5649 vid.
1781 5595 1853 5650 ad

242 5669 288 5725 p.
312 5655 390 5724 54,
418 5655 514 5711 ubi
549 5658 718 5729 plura
746 5659 856 5718 hac
887 5661 958 5718 de
987 5675 1048 5716 re
1080 5661 1217 5718 dixi.

2054 4381 2166 4454 (99)
2196 4374 2984 4454 Ergoneorphanotrophus
3032 4370 3184 4427 idem
3231 4368 3342 4424 fuit
3385 4383 3521 4426 cum
3551 4370 3632 4438 τῷ

1978 4449 2214 4528 ἄρχοντι
2234 4455 2342 4505 τῶν
2375 4449 2618 4528 φῴτωνῗ
2692 4519 2706 4528 ⁸
2777 4519 2791 4528 _
2888 4517 2900 4528 .
3200 4510 3213 4524 ο

2051 4515 2130 4596 (ἶ)
2162 4523 2362 4596 Mensa
2387 4515 2585 4595 lignea
2609 4519 2709 4596 vel
2742 4517 2989 4596 alterius
3015 4515 3249 4596 generis
3277 4515 3426 4596 erat,
3457 4525 3633 4596 aurea

1980 4581 2200 4653 lamina
2229 4581 2572 4652 incrustata.
2609 4593 2766 4648 Idem
2791 4591 2859 4646 de
2891 4581 3116 4645 ciste'ris
3148 4599 3382 4656 quoque
3412 4581 3630 4638 talibus

1979 4669 2316 4726 tenendum.
2357 4667 2572 4739 Ecquis
2619 4663 2774 4720 enim
2823 4667 3003 4739 totam
3063 4670 3296 4739 auream
3346 4669 3626 4739 mensam,

1977 4745 2164 4865 ltotum
2215 4725 2475 4865 augum‘
2507 4751 2792 4810 organum
2839 4731 3120 4790 soliumve
3152 4732 3423 4794 tractare,
3456 4725 3627 4797 baju-

1999 4829 2097 4865 81⁵8
2126 4826 2282 4865 00881

1976 4812 2097 4868 lare
2126 4812 2311 4868 possit

2044 4829 2460 4953 Egpggsstuhanc
2507 4895 2703 4936 vocem
2739 4883 2865 4935 erat
2911 4875 3223 4950 spatiolum
3266 4883 3519 4930 vacuum
3565 4867 3623 4922 in

1975 4953 2359 5010 membranis.

2044 5026 2122 5096 (3)
2157 5025 2434 5081 Videntur
2489 5021 2633 5077 mihi
2694 5020 2985 5096 (etenim‘
3023 5016 3454 5096 moria_t'allit,
3505 5015 3620 5087 legi

1975 5088 2213 5170 alicubi)
2243 5088 2801 5170 quotannismutari
2833 5091 2990 5170 soliti
3021 5091 3200 5170 fuisse
3231 5088 3619 5170 Bulgarprum

1969 5166 2029 5223 in
2064 5159 2207 5224 urbe
2256 5159 2417 5238 regia
2475 5165 2795 5222 residentes
2838 5163 2992 5222 circa
3023 5167 3261 5238 tempus
3290 5159 3615 5238 Pasc'h‘atis.

1970 5239 2272 5296 Habebunt
2306 5230 2474 5310 Enim
2506 5237 2762 5310 Bulgari
2790 5239 3067 5310 perpetuo
3117 5232 3338 5310 legatos
3376 5230 3536 5310 QPli,
3562 5240 3617 5288 et

1969 5311 2225 5367 vicissim
2256 5309 2468 5367 CPtani
2519 5303 2706 5381 impp.
2750 5303 3043 5381 habebant
3081 5307 3359 5381 perpetuo
3390 5303 3612 5374 legatos

1968 5383 2121 5454 apud
2157 5381 2458 5454 Bulgaros,
2500 5371 2665 5454 quos.
2697 5378 2866 5454 etiam
2909 5371 3240 5454 quotannis
3267 5375 3335 5428 ad
3385 5371 3607 5454 cuinam

1967 5443 2432 5511 vocabantJ‘lovi
2447 5443 2589 5516 ergo
2611 5451 2761 5506 circa
2780 5443 3339 5516 Paschaiidentidem
3370 5445 3610 5501 venien-

1965 5529 2053 5582 tes
2103 5541 2348 5581 munera
2401 5515 2637 5580 nomine
2702 5518 2855 5590 regis
2920 5515 3610 5590 Bulgariuapportabant,

2008 5614 2091 5652 uie
2120 5597 2215 5653 hic
2243 5597 2525 5652 dicuntur
2564 5593 2704 5649 feria
2735 5587 2900 5645 sexta
2939 5587 3604 5644 Paschalis’hedmoma-

2008 5615 2091 5652 uas
2120 5615 2215 5653 ωο
2243 5615 2525 5652 dicuntur
2564 5615 2704 5649 torta
2735 5615 2900 5645 suun
2941 5615 3233 5644 ruauuaus
3260 5615 3530 5643 uuutuuui

1963 5615 2076 5739 gis,
2108 5669 2364 5741 primum
2394 5666 2467 5723 ad
2497 5665 2906 5737 imperatorem
2937 5658 3205 5731 admissi,
3225 5657 3530 5717 obtulisse.
