3972 6214
330 281 490 342 1403

331 513 696 570 canatorum,
732 504 1047 559 admodum
1097 502 1528 574 quinquaginta
1570 505 1840 571 quatuor,
1873 499 1930 551 et
1957 510 1987 549 e

331 594 609 666 Bulgaria
640 594 963 650 amicorum
1017 592 1281 649 homines
1312 590 1633 648 octodecim
1663 605 1678 655 ;
1711 586 1985 643 ordinare

332 689 525 742 autem
567 685 674 741 hos
706 684 987 756 Bulgaros
1020 687 1250 755 Oportet
1296 683 1364 736 ad
1419 681 1688 736 ultimam
1724 691 1987 733 mensam

336 774 605 831 seorsim.
634 775 1082 830 introducuntur
1101 776 1158 828 et
1186 771 1514 828 educuntur
1543 767 1602 823 in
1636 767 1761 823 suis
1791 781 1988 821 scara-

339 863 612 935 mangiis.
647 864 906 934 Septimo
938 862 1027 918 die
1066 861 1326 932 ejusdem
1374 857 1792 914 convivationis
1825 870 1988 924 pera-

337 956 493 1029 gitur
523 954 796 1009 similiter
844 968 1070 1024 pagana
1102 948 1390 1022 processio
1421 947 1574 1002 intra
1604 944 1909 1016 palatium,
1934 948 1990 998 et

339 1043 674 1100 convivium
707 1042 764 1096 in
794 1041 993 1097 eodem
1029 1038 1281 1094 triclinio
1327 1051 1501 1108 super
1529 1034 1732 1090 eadem
1766 1031 1986 1096 tabula,

339 1131 694 1206 pariterque,
720 1138 780 1185 ut
811 1133 962 1195 ante,
987 1127 1305 1183 invitantur
1320 1125 1389 1179 ad
1423 1122 1848 1180 convivandum
1883 1120 1986 1174 im:

341 1220 591 1296 peratori
629 1218 913 1288 magistri,
950 1215 1202 1288 patricii,
1253 1215 1561 1287 praefectus
1601 1210 1781 1279 urbis,
1815 1210 1990 1265 ambo

341 1310 670 1376 domestici,
715 1323 1089 1363 numerorum
1145 1303 1367 1361 scilicet
1410 1307 1583 1374 atque
1641 1303 1986 1365 castrorum,

344 1400 661 1457 eorundem
729 1397 898 1453 ambo
965 1400 1319 1466 tepoteretaa,
1379 1391 1683 1450 rationalis
1741 1389 1992 1462 praetorii

342 1488 575 1558 adjutor
599 1486 882 1559 [prafecti
908 1485 1116 1556 urbis],
1149 1483 1209 1538 in
1230 1483 1567 1539 universum
1599 1479 1840 1552 triginta
1860 1478 1989 1534 viri.

343 1575 799 1632 Introducuntur
829 1583 880 1629 el
931 1575 1261 1629 educuntur
1307 1571 1365 1626 in
1407 1571 1533 1626 suis
1583 1567 1913 1625 mutatoriis
1939 1571 1994 1622 et

344 1663 581 1720 tunicis.
608 1665 691 1720 Ad
727 1664 1023 1719 inferiores
1055 1670 1249 1718 autem
1282 1677 1518 1716 mensas
1549 1659 1870 1713 invitantur
1891 1656 1990 1711 tri-

345 1754 489 1810 buni
520 1753 744 1819 vicarii,
765 1752 1010 1819 gentiles
1033 1768 1134 1806 seu
1168 1750 1503 1822 alienigena
1534 1764 1601 1803 ex
1633 1745 1904 1812 hetaeria;

2254 1749 2458 1818 τάξεως
2515 1752 2623 1803 τῶν
2691 1745 3006 1822 μαγίστρων
3064 1746 3156 1801 καὶ
3205 1747 3534 1822 πατρικίων
3584 1748 3682 1801 σὺν
3737 1748 3812 1814 τᾷ·

348 1843 543 1907 Turci,
569 1845 718 1898 447
745 1843 1050 1903 Chazares,
1086 1840 1204 1906 alii,
1230 1839 1542 1893 admodum
1566 1836 1995 1908 quinquaginta

349 1936 615 2004 quatuor.
648 1932 728 1986 Ad
763 1929 1146 1985 venerabilem
1180 1944 1313 1983 vero
1361 1943 1624 1982 mensam
1672 1925 1996 1980 invitantur

348 2019 653 2077 duodecim
677 2017 1051 2091 gitoniarchas
1066 2016 1150 2072 vel
1172 2016 1845 2089 vicomagistri,quatuor
1864 2030 1994 2086 epo-

349 2114 457 2183 ptaa
489 2108 577 2165 vel
600 2110 816 2178 aediles,
852 2109 965 2164 duo
999 2107 1496 2181 protocancellarii
1530 2105 1778 2177 praefecti
1811 2104 1990 2160 urbis.

350 2195 891 2252 lntroducunturhi
923 2194 1044 2250 suis
1075 2194 1133 2250 in
1157 2194 1417 2250 camisiis
1450 2197 1714 2259 tantum;
1747 2190 1994 2264 gentiles

347 2303 483 2343 vero
507 2285 566 2341 in
599 2285 724 2342 suis
756 2285 1040 2342 cabadiis.
1065 2283 1458 2341 Gitoniarchis
1490 2287 1545 2338 et
1576 2281 1818 2354 reliquis
1849 2281 1993 2335 dan-

350 2384 439 2431 tur
471 2374 716 2443 singulis
747 2373 968 2446 singuli
1009 2374 1233 2429 nummi
1266 2373 1450 2429 aurei.
1477 2370 1859 2442 Temporibus
1887 2385 1993 2424 au-

350 2474 460 2523 tem
491 2465 915 2537 antiquioribus
953 2465 1344 2520 imitabantur
1376 2463 1499 2519 loco
1539 2461 1784 2517 istorum
1824 2459 1994 2514 char-

351 2556 548 2612 tularii
608 2554 1040 2628 sceuophylacii
1100 2558 1156 2608 S.
1217 2554 1468 2625 Sophim,
1517 2552 1995 2623 accipiebantque

352 2646 595 2702 eandem
620 2645 1082 2701 benedictionem
1099 2659 1200 2698 seu
1226 2642 1707 2698 munificentiam.
1729 2641 1886 2696 Nova
1902 2639 1996 2694 die

352 2733 652 2789 Dominica
683 2733 763 2787 sic
794 2733 969 2797 dicta,
1005 2749 1072 2788 ea
1095 2747 1325 2800 nempe.
1347 2749 1473 2803 quas
1503 2729 1754 2799 proxime
1782 2729 1993 2784 festum

355 2821 658 2878 Paschatis
689 2821 978 2892 sequitur,
1013 2820 1317 2892 splendida
1363 2819 1656 2890 peragitur
1705 2817 1995 2889 processio

356 2911 661 2984 splendido
682 2910 739 2965 in
765 2911 975 2965 vestitu
1002 2911 1058 2965 in
1083 2909 1407 2965 venerabile
1430 2907 1710 2981 templum
1737 2908 1833 2963 SS.
1857 2908 2001 2976 Apo-

355 3002 677 3067 stolorum;
735 3000 1013 3071 finitoque
1066 3015 1229 3055 sacro
1283 2999 1493 3066 ofﬁcio,
1555 2997 1890 3069 proponitur
1945 2999 2001 3050 et

357 3091 536 3147 initur
586 3089 912 3146 convivium
973 3089 1031 3144 in
1083 3088 1358 3155 triclinio,
1417 3088 1569 3160 quod
1622 3086 1886 3156 superius
1925 3085 1995 3140 ad

1420 269 1970 335 CONSTANTINI
2015 271 2718 336 PORPHYROGENITI

330 419 406 474 de
436 414 638 472 ordine
667 415 946 472 comitum
979 417 1036 470 et
1066 411 1509 470 centarchorum
1541 406 1780 465 arithmi
1810 404 1898 463 etl

2241 406 2466 471 λοιποὺς
2527 409 2619 463 σὺν
2681 413 2788 464 τῶν
2839 407 2899 464 ἐκ
2948 407 3292 483 Βουλγάρων
3341 405 3542 483 φίλων
3585 406 3695 458 καὶ
3749 409 3809 470 τὲ

3671 271 3814 330 μω

2094 493 2451 574 δρουγγαρίῳ
2509 505 2612 567 τῆς
2675 495 2882 574 βίγλης
2932 497 3132 569 καὶτῷ
3163 495 3511 570 δομεστίκφ
3547 499 3676 550 τῶν
3705 499 3808 547 ἰε-

2093 585 2294 657 νάτων,
2325 589 2415 642 τόν
2442 585 2676 663 ἀριθμὸν
2706 586 2775 643 λ’·
2804 587 3075 662 στιχίζειν
3135 584 3192 642 δὲ
3266 585 3498 648 αὐτοὺς
3556 587 3660 641 καὶ
3723 585 3817 638 εἷε-

2096 675 2245 751 άγειν
2273 677 2411 732 κατᾶ
2438 678 2532 732 τὸν
2574 674 2845 756 λεχθέντα
2873 677 3046 731 τύπον
3096 683 3198 745 τῆς
3236 677 3493 750 πρώτης
3571 677 3820 749 ἡμέρας.

2097 763 2224 822 Ἐπὶ
2265 762 2323 820 δὲ
2380 769 2487 820 τῶν
2538 764 2687 820 κάτω
2747 768 3032 840 τραπεζῶν
3085 762 3168 819 δεῖ
3228 763 3558 838 συγκαλεῖν
3595 765 3720 817 εὶπὸ
3771 784 3821 816 τε

2094 857 2362 927 κομήτων
2391 855 2484 910 καὶ
2540 855 2859 930 κεντάρχων
2917 859 3017 910 τοῦ
3058 854 3307 926 ἀριθμοῦ
3340 854 3444 909 καὶ
3511 859 3640 909 τῶν
3699 855 3822 908 ἱκα-

2095 946 2267 999 νάτων
2305 943 2503 1022 ἄνδρας
2557 943 2655 1012 νδ’,
2688 945 2778 1000 καὶ
2812 945 2873 1000 ἐκ
2927 949 3035 999 τῶν
3096 944 3453 1020 Βουλγάρων
3487 944 3698 1021 φίλων
3733 946 3822 998 2":-

2099 1034 2367 1111 φρώπους
2398 1042 2493 1105 ιη”
2553 1035 2817 1110 στιχίζειν
2870 1031 2927 1089 δὶ
2980 1031 3063 1089 δεῖ
3118 1033 3250 1096 τοὺς
3304 1035 3692 1110 Βουλγεὶρωεσ
3731 1034 3824 1088 ἆν-
3917 1031 3920 1086 ῗ

2095 1123 2352 1194 Θρώπους
2411 1121 2501 1178 ἐπὶ
2545 1129 2646 1192 τῆς
2705 1123 2854 1178 κάτω
2910 1121 3231 1185 τελευταίας
3296 1129 3440 1194 μιᾶς
3511 1125 3821 1198 τραπέζης

2099 1211 2319 1285 μόνουςο
2373 1212 2613 1290 εἰσάγειν
2673 1210 2729 1268 δὲ
2787 1213 2989 1274 αὐτοὺς
3046 1212 3137 1267 καὶ
3207 1210 3431 1288 ἐξάγειν
3494 1213 3652 1286 μετὰ
3712 1217 3822 1267 τῶν

2098 1300 2316 1357 οῗκείων
2376 1303 2559 1358 αὐτῶν
2622 1300 3073 1377 σκαραμαγγίων.
3115 1306 3198 1375 Τῇ
3254 1298 3314 1356 δὲ
3341 1297 3585 1375 ἑϐδόμῃ
3625 1301 3823 1373 ἡμέρᾳ

2097 1397 2196 1460 τῆς
2271 1390 2438 1461 αὐτῆς
2512 1390 2813 1462 δεξιώσεως
2882 1389 3128 1446 τελεῖται
3211 1391 3496 1452 ὡσαύτως
3588 1395 3820 1463 πατανῄ

2097 1476 2422 1554 προὲλευσις
2474 1475 2628 1534 ἔνδον
2683 1483 2780 1535 τοῦ
2838 1479 3136 1550 παλατίου,
3167 1480 3260 1533 καὶ
3299 1479 3533 1552 γίνεται
3580 1478 3817 1548 adn-.5}-

2101 1589 2215 1642 ριον
2269 1567 2322 1624 ἔν
2373 1573 2453 1641 τῷ
2506 1568 2656 1641 αὐτῷ
2703 1568 2970 1642 τρικλίνῳ
3000 1565 3089 1622 ἐπὶ
3119 1574 3222 1636 τῆς
3273 1569 3464 1633 αὐτῆς
3491 1568 3817 1642 τραπέζης.

2100 1664 2180 1712 κα’
2229 1657 2624 1733 συγκαλοῦνται
2659 1656 2737 1720 εἷς
2777 1656 3011 1712 ἑστίασιν
3043 1661 3125 1729 τῷ
3159 1655 3391 1732 βασιλεῖ
3427 1658 3672 1728 ὁμοίως
3709 1658 3812 1711 εἱπὲ

2107 1838 2344 1912 ὑπάρχῳ
2398 1844 2498 1908 τῆς
2547 1834 2766 1899 πόλεως
2813 1835 2904 1891 καὶ
2928 1841 3047 1898 τοῖς
3081 1834 3203 1891 δυσὶ
3230 1833 3641 1910 δομεστίκοις,
3673 1856 3808 1890 νου-

2104 1926 2287 2002 μέρων
2331 1947 2390 1982 τε
2438 1927 2528 1981 καὶ
2567 1927 2825 2001 τειχέων,
2857 1925 2947 1981 καί
2993 1931 3104 1981 τῶν
3133 1926 3316 1981 αὐτῶν
3366 1930 3800 2001 τοποτηρητὲεν

2105 2015 2198 2070 σὺν
2255 2020 2336 2087 τῷ
2391 2014 2662 2092 λογοθὲτῃ
2720 2019 2818 2070 τοῦ
2870 2016 3212 2092 πραιτωρίου
3256 2016 3351 2070 καὶ
3382 2020 3475 2088 τῷ
3522 2015 3798 2088 πμπὸδδτᾳ

2102 2105 2194 2159 τὸν
2248 2103 2480 2179 ἀριθμὸν
2549 2103 2618 2162 λ’.
2668 2103 2995 2178 Εἷσάγονται
3047 2102 3104 2160 δὲ
3161 2105 3255 2160 καὶ
3304 2105 3613 2179 ἐξάγονται
3661 2105 3800 2177 μετὰ

2101 2197 2208 2248 τῶν
2239 2192 2457 2248 οἳκείων
2506 2191 2686 2249 αὐτῶν
2727 2191 3118 2267 ἀλλαξιμάτων
3170 2194 3263 2250 καὶ
3310 2192 3670 2274 χλανιδίων.
3704 2195 3798 2251 Ἐν

2105 2280 2162 2338 δὲ
2190 2287 2309 2344 ταῖς
2354 2285 2503 2339 κάτω
2541 2283 2834 2356 τραπέζαις
2891 2281 3294 2359 ωγκαλοῦνται
3345 2280 3649 2358 τριϐοὖνοι
3704 2285 3794 2358 βι-

2104 2371 2310 2447 κάριοι,
2345 2371 2396 2426 οί
2442 2371 2646 2428 ἐθνικοὶ
2703 2375 2803 2442 τῆς
2861 2372 3148 2447 ἑταιρείας,
3181 2375 3304 2427 οἷον
3365 2378 3648 2448 Τοῦρκοι,
3679 2375 3790 2432 Χα-

2106 2462 2282 2535 ζάρεις
2334 2460 2426 2516 καὶ
2488 2461 2702 2530 λοιποὶ,
2738 2463 2830 2517 τὸν
2892 2463 3125 2537 ἀριθμὸν
3155 2460 3253 2519 νδ⁹.
3287 2463 3417 2521 Ἐπὶ
3457 2461 3520 2519 δὲ
3568 2471 3676 2532 τῆς
3711 2484 3794 2518 τι·

2111 2551 2234 2625 μίας
2263 2549 2537 2625 τραπέζης
2571 2550 2980 2628 συγκαλοῦνται
3009 2553 3065 2606 οἱ
3098 2549 3315 2607 δώδεκα
3363 2555 3788 2631 γειτονιὲρχαι,

2109 2642 2161 2697 οἱ
2219 2638 2259 2696 δ’
2327 2641 2556 2696 ἐπόπται
2605 2641 2696 2696 καὶ
2755 2642 2809 2697 οἱ
2869 2638 2965 2697 δύο
3033 2643 3649 2720 πρωτοκαγκελλςὶριοι
3691 2647 3791 2698 τοῦ
3969 2654 3972 2731 Ι

2106 2731 2374 2807 ἐπάρχου.
2438 2731 2764 2806 Εἷσάγονται
2822 2730 2881 2787 δὲ
2937 2735 3074 2804 μετὰ
3102 2737 3211 2788 τῶν
3242 2733 3472 2789 οἰκείων
3509 2734 3788 2807 καμισίων

2105 2822 2193 2876 καὶ
2233 2822 2415 2893 μόνον,
2440 2821 2492 2876 οἱ
2524 2818 2580 2876 δὲ
2609 2819 2813 2884 ἐθνικοὶ
2854 2822 2988 2895 μετὰ
3035 2827 3146 2877 τῶν
3207 2823 3394 2878 αὐτῶν
3467 2819 3784 2880 καϐαόἰων.
3969 2844 3972 2923 Ι

2109 2907 2327 2967 Δίδοται
2361 2908 2418 2966 δὲ
2446 2915 2562 2973 τοῖς
2619 2913 3030 2986 γειτονιάρχαις
3078 2912 3169 2967 καὶ
3211 2917 3437 2973 Αοιποῖς
3493 2913 3593 2967 ἀνὰ
3620 2914 3782 2983 νομί-

2111 3020 2315 3101 σματσς
2375 3000 2513 3101 ἑνός.
2546 3000 2670 3101 "Est?
2709 2997 2771 3101 βξ
2808 3005 2916 3054 τῶν
2949 2997 3344 3076 προλαϐόντων
3385 3004 3618 3077 χρόνων
3664 3023 3780 3055 συν-
3967 3029 3972 3101 1

2110 3087 2403 3144 εκαλοῦντο
2464 3089 2580 3145 ἀντὶ
2629 3089 2839 3144 τούτων
2897 3090 2950 3144 οἱ
3004 3095 3105 3146 τοῦ
3173 3090 3622 3169 σκευοφυλακίου
3685 3099 3781 3157 τῆς

357 3182 680 3238 secundum
702 3180 856 3235 diem
883 3178 1326 3235 nominavimus.
1352 3178 1700 3234 Convivatur
1721 3182 1844 3231 tum
1871 3192 1925 3230 sa

2215 3177 2292 3239 ίας
2343 3179 2553 3251 Σοφίας
2601 3178 3025 3258 χαρτουλάριοι,
3088 3168 3466 3252 λαμϐάνοντες
3529 3183 3636 3250 τὴν
3690 3182 3780 3236 αὖ·

356 3272 655 3328 ctissimus
686 3270 1012 3342 patriarcha
1043 3276 1238 3326 noster
1269 3269 1600 3340 imperatori
1634 3268 1703 3322 ad
1740 3267 1997 3337 peculia-

357 3377 475 3416 rem
511 3363 868 3427 mensam,et
887 3360 1208 3414 invitantur
1231 3361 1296 3412 ad
1318 3357 1738 3412 convivandum
1761 3354 1998 3410 domino

359 3449 531 3505 amici
562 3448 824 3516 ejusdem
875 3451 1126 3517 generis,
1159 3451 1334 3517 atque
1377 3448 1442 3498 ad
1478 3445 1800 3499 secundum
1832 3444 2000 3511 hujus

359 3534 773 3591 convivationis
793 3534 946 3586 diem
979 3551 1012 3586 a
1036 3535 1175 3588 festo
1196 3532 1495 3586 Pascbatis
1517 3532 1850 3584 immediate
1875 3546 2001 3600 pro-

359 3623 578 3680 ximum
614 3621 888 3674 diximus.
912 3621 1103 3675 Altero
1135 3627 1268 3691 post
1297 3637 1502 3674 novam
1527 3619 1884 3674 Dominicam
1908 3618 2000 3673 die

361 3711 651 3784 excipitur
679 3715 733 3766 et
763 3710 1178 3765 beneventatur
1217 3709 1288 3765 ab
1330 3708 1671 3782 imperatore
1701 3709 1999 3766 deximum

361 3817 459 3859 seu
493 3816 708 3872 corpus
740 3803 1073 3855 senatorum
1099 3799 1400 3855 dominum
1432 3798 1745 3854 salutatum
1776 3798 2003 3854 venien-

359 3892 531 3958 tium,
561 3891 780 3963 absque
811 3889 1033 3944 saximo
1058 3893 1248 3945 tamen
1282 3905 1377 3944 seu
1410 3889 1649 3956 chorea;
1675 3889 2003 3960 residetque

359 3981 678 4053 imperator
708 3979 766 4034 in
797 3979 1115 4036 Justiniani
1147 3978 1400 4035 triclinio
1422 3980 1488 4034 ad
1516 3978 1865 4050 peculiarem
1889 3977 2003 4033 sibi

363 4086 626 4129 mensam
650 4071 706 4124 in
731 4087 834 4125 suo
857 4069 1164 4125 dibetesio.
1199 4068 1484 4125 Invitandi
1517 4078 1637 4123 tum
1671 4074 1810 4124 sunt
1840 4067 2006 4124 nobis

363 4161 741 4232 magistratus
774 4158 981 4214 horum
1017 4159 1311 4225 ordinum,
1361 4157 1642 4229 magistri,
1692 4157 2004 4228 praepositi,

363 4249 763 4322 proconsules,
813 4246 1062 4319 patricii,
1118 4245 1398 4303 ofﬁciales
1428 4252 1486 4301 et
1529 4245 1734 4318 reliqui
1777 4263 2006 4318 campa-

363 4337 672 4409 giorgeruli
695 4352 898 4392 omnes
921 4353 1025 4408 pro
1038 4334 1358 4408 capacitate
1380 4337 1814 4392 menstntrod
1826 4351 2005 4391 ucun-

363 4430 463 4482 tur
483 4430 539 4482 et
559 4427 882 4482 educuntur
905 4441 1105 4482 omnes
1126 4425 1183 4481 in
1209 4425 1333 4481 suis
1355 4425 1682 4481 mutatoriis
1703 4425 2005 4482 ettunicis.

2105 3268 2203 3335 τὴν
2251 3266 2530 3342 εὐλογίαν.
2565 3271 2650 3342 Τῇ
2702 3265 2760 3323 δὲ
2803 3268 2896 3338 vi;
2947 3267 3210 3343 κυριακῇ,
3257 3273 3324 3342 τῇ
3362 3270 3658 3345 μεθεόρτῳ
3692 3275 3783 3325 rei

2109 3356 2325 3434 Πάσχα,
2387 3356 2688 3412 ἰκτελεῖται
2747 3356 3073 3433 προέλευσις
3133 3357 3546 3437 λαμπροφὸρος
3597 3359 3648 3413 ἐν
3706 3363 3782 3429 τῷ

2109 3439 2389 3516 σεϐασμίῳ
2436 3450 2550 3517 ναῷ
2603 3450 2712 3501 τῶν
2761 3446 2962 3520 ⁴Λγίων
3009 3446 3391 3503 Ἀποστόλων·
3428 3449 3524 3501 καὶ
3573 3448 3780 3503 τελου-

2113 3531 2276 3605 μένης
2299 3535 2399 3596 τῆς
2439 3534 2587 3607 ἱερᾶς
2648 3534 3022 3614 λειτουργίας,
3081 3535 3401 3612 προτίθεται
3452 3537 3776 3607 κλητώριοει

2109 3619 2161 3676 ἐν
2208 3625 2288 3693 τῶ
2321 3619 2579 3698 λεχθέντι
2616 3625 2880 3702 τρικλίνῳ
2925 3625 3014 3682 ἐπὶ
3062 3633 3162 3696 τῆς
3219 3624 3476 3699 δευτέρας
3539 3629 3781 3700 ἡμέρας,

2108 3710 2199 3764 καὶ
2260 3718 2592 3770 συνεστιᾶται
2645 3719 2727 3788 τῷ
2789 3715 3007 3792 βασιλεῖ
3044 3715 3073 3771 ὁ
3123 3716 3433 3790 ἁγιώτατος
3470 3717 3645 3786 ἡμῶν
3679 3737 3783 3770 πα-

2108 3802 2384 3878 τριάρχης
2441 3802 2529 3858 ἐπὶ
2589 3805 2908 3870 ἀποκοπτῆς
2957 3805 3252 3878 τραπέζης,
3280 3805 3374 3860 καὶ
3426 3805 3779 3879 συγκαλοῦν-

2109 3911 2200 3946 ται
2234 3891 2311 3955 εἷς
2375 3891 2609 3948 ἑστίασιν
2669 3893 2761 3949 σὺν
2815 3899 2897 3967 τῷ
2957 3895 3175 3970 βασιλεῖ
3231 3893 3386 3969 φίλοι
3425 3894 3570 3950 κατᾶ
3608 3896 3781 3949 τύπον

2112 3987 2210 4049 τῆς
2261 3977 2509 4056 δευτέρας
2567 3985 2778 4057 ἡμέρας
2823 3988 2894 4058 τῇ
2953 3982 3209 4059 ἐπαύριον
3250 3988 3348 4040 τοῦ
3388 3985 3544 4057 ἱεροῦ
3580 3986 3780 4058 Πάσχα

2121 4073 2200 4143 Τῇ
2234 4067 2290 4125 δὲ
2321 4069 2574 4145 ἐπαύριον
2616 4075 2716 4141 τῆς
2767 4072 2887 4135 νέας
2918 4077 3197 4148 Κυριακῆς
3247 4071 3429 4148 ἡμέρα
3469 4071 3780 4129 ἐκτελεῖται

2117 4156 2358 4228 δεξίωσις
2415 4156 2632 4233 δεξίμου
2686 4161 2811 4218 ἄνευ
2842 4163 3094 4237 σαξίμου,
3152 4163 3241 4218 καὶ
3271 4164 3556 4232 καθέζεται
3598 4165 3629 4218 ὁ
3675 4165 3780 4237 βα-

2118 4245 2302 4292 σιλςίιρ
2511 4250 2832 4292 ἆιπηνηπφῧξρ
2877 4253 3153 4292 φῆηφᾶννιρ
3209 4251 3342 4292 ηε·νᾶ
3397 4255 3497 4292 ιρηῧ
3562 4253 3781 4292 ηενρῖηνι
3970 4185 3972 4292 ί

2118 4245 2302 4312 σιλεὺς
2351 4245 2441 4304 ἐπὶ
2511 4250 2832 4320 ἀποκοπτῆς
2877 4253 3153 4324 τραπέζης
3207 4251 3345 4325 μετᾶ
3397 4255 3497 4306 τοῦ
3562 4253 3781 4307 οἱκιέου

2118 4331 2427 4407 διϐητισίου
2487 4336 2575 4393 ἐπὶ
2631 4343 2729 4394 τοῦ
2789 4341 3169 4398 Ἰουστινιανοῦ
3205 4339 3508 4418 τρικλίνου.
3544 4340 3643 4393 Esi
3684 4339 3786 4394 δεῖ

2118 4428 2267 4500 ἡμᾶς
2327 4425 2611 4501 συγκαλεῖν
2667 4429 2742 4491 εἰς
2805 4430 3038 4486 ἑστίασιν
3094 4430 3200 4487 ἀπὸ
3255 4437 3357 4499 τῆς
3405 4431 3599 4499 τάξεως
3655 4433 3781 4484 τῶν

363 4514 800 4571 Observandum
834 4514 1041 4572 deinde
1063 4513 1232 4571 nobis
1250 4521 1338 4571 est
1362 4520 1613 4587 tempus,
1634 4531 1750 4587 quo
1771 4531 1929 4571 carm

2210 4516 2471 4592 γίστρων,
2535 4517 2945 4593 πραιποσίτων,
3017 4519 3366 4586 ἀνθυπάτων,
3441 4519 3778 4593 πατρικίων,

364 4601 588 4660 musice
621 4603 919 4673 recitatur,
952 4610 1010 4660 et
1041 4604 1444 4676 tuncjubendi
1475 4603 1726 4660 conviva
1765 4620 2006 4677 surgere

364 4693 434 4749 ad
478 4692 681 4748 laudes
713 4697 770 4748 et
800 4694 895 4765 pia
927 4695 1101 4750 verba
1148 4693 1385 4750 domino
1435 4693 1704 4750 dicenda.
1749 4694 1847 4750 Die
1880 4699 2009 4765 post

365 4782 505 4839 illud
537 4783 834 4839 deximum
881 4787 1143 4855 proximo
1194 4784 1490 4855 peragitur
1538 4782 1589 4840 ei
1623 4782 1927 4840 adhaerens
1952 4788 2008 4838 et

365 4888 733 4946 consequens
779 4871 955 4928 ludus
1002 4873 1290 4944 equestris
1344 4871 1708 4930 abolutivus
1756 4888 1861 4930 seu
1907 4873 2008 4944 qui

369 4964 546 5021 ﬁnem
579 4962 808 5020 solenni
838 4961 976 5018 huic
998 4961 1384 5018 convivationi
1414 4962 1569 5019 facit.
1614 4963 2008 5020 Remittuntur

365 5062 504 5112 tunc
534 5055 729 5121 amici,
777 5053 879 5128 qui
913 5070 944 5112 e
998 5053 1270 5126 Bulgaria
1324 5057 1624 5126 venerant,
1680 5055 1750 5111 ad
1794 5070 1920 5122 sua,
1957 5061 2011 5110 et

365 5145 712 5216 proponitur
753 5143 1080 5202 convivium
1146 5144 1206 5198 in
1254 5143 1562 5214 splendido
1611 5143 1861 5201 triclinio
1907 5161 2003 5200 ca-

367 5232 747 5303 thismatum;
779 5242 833 5292 et
877 5235 1258 5292 convivantur
1302 5231 1636 5304 imperatori
1691 5233 2007 5307 praepositi,

365 5322 614 5395 patricii,
646 5324 948 5391 ofﬁciales,
981 5321 1843 5396 protospatharii,chartularii,
1877 5341 2008 5380 con-

365 5411 548 5482 sules,
575 5414 901 5482 vestitores,
937 5410 1268 5473 silentiarii.
1308 5409 1603 5468 actuarius
1633 5416 1690 5468 et
1719 5413 1787 5468 ad
1821 5411 2009 5471 helia-

363 5509 497 5562 ctim
522 5503 878 5578 pertinentes
905 5509 962 5562 et
1000 5501 1469 5576 deeseographus
1493 5517 1592 5559 seu
1625 5503 1821 5561 scriba
1852 5503 2010 5564 libel-

365 5595 553 5652 lorum
595 5593 927 5670 supplicum
969 5612 1071 5668 pro
1113 5595 1431 5668 capacitate
1471 5608 1707 5651 mensae.
1741 5595 2005 5652 Introdu-

2117 4605 2514 4685 ὀφφικιακλίων
2542 4605 2629 4660 καὶ
2660 4605 2870 4664 λοιπῶν
2893 4613 3000 4664 τῶν
3029 4609 3134 4664 ὑπὸ
3184 4609 3498 4684 καμπάγιον
3553 4609 3778 4664 πάντων

2113 4694 2249 4750 κατὰ
2294 4695 2358 4750 τὸ
2405 4696 2572 4752 ποσὸν
2608 4700 2710 4763 τῆς
2761 4699 3057 4773 τραπέζης·
3110 4697 3344 4773 εἶσάγειν
3402 4694 3458 4752 δὲ
3523 4697 3620 4752 καὶ
3692 4696 3782 4770 ἐξ-

2117 4786 2261 4861 ἀγειν
2313 4785 2520 4848 πάντας
2557 4787 2692 4858 μετᾶ
2737 4791 2846 4842 τῶν
2891 4787 3106 4843 οἰκείων
3157 4787 3332 4843 αὐτῶν
3379 4784 3779 4858 ἀλλαξιμάτων

2114 4895 2172 4929 τε
2202 4875 2293 4929 καὶ
2337 4872 2661 4950 χλανιδίων·
2697 4876 2990 4954 προσέχειν
3040 4874 3096 4933 δὲ
3135 4877 3311 4932 καὶτὸ
3353 4877 3624 4950 μουσικὸν
3686 4875 3781 4951 pti-

2116 4962 2216 5028 λος
2269 4964 2360 5020 καὶ
2423 4964 2701 5037 ὲξανιστᾷν
2748 4965 2878 5029 τοὺς
2918 4965 3290 5042 κεκλημένους
3338 4964 3391 5022 ἒν
3439 4969 3521 5036 τῷ
3559 4964 3778 5039 προδηο

2120 5053 2346 5110 λωθέντι
2399 5055 2588 5134 χρόνῳ
2642 5055 2717 5119 είς
2774 5056 3046 5130 εὐφημίαν
3104 5061 3214 5114 τῶν
3252 5052 3551 5112 δεσποτῶν.
3591 5062 3683 5132 Τῇ
3721 5054 3779 5112 δί

2115 5140 2372 5215 ἐπαύριον
2420 5147 2520 5200 τοῦ
2553 5145 2719 5200 αὐτοῦ
2769 5143 2987 5220 δεξίμου
3033 5145 3273 5203 τελεῖται
3315 5143 3585 5218 ὶπόμινον
3618 5145 3780 5201 imu-

2114 5232 2210 5286 κὸν
2256 5231 2626 5306 ἀπολύσιμον,
2660 5235 2751 5290 καὶ
2806 5232 3302 5304 ἐξαποστέλλονται
3331 5235 3471 5310 πρὸς
3498 5233 3571 5288 τὰ
3599 5234 3780 5291 οἰκεῖα

2117 5321 2168 5376 οἱ
2200 5320 2305 5377 ἀπὸ
2350 5321 2686 5398 Βουλγιὶρων
2738 5322 2917 5402 φίλοι,
2941 5323 3029 5380 καί
3087 5324 3402 5400 προτίθεται
3457 5322 3775 5398 κλητώριον

2114 5408 2168 5466 ἐν
2220 5414 2300 5483 τῷ
2348 5407 2705 5486 περιϐλὲπτῳ
2751 5412 3026 5490 τρικλίνῳ
3075 5420 3185 5471 τῶν
3243 5414 3622 5487 καθισμάτων,
3681 5415 3768 5469 καί

2117 5501 2452 5566 συνεσθίουσι
2504 5507 2584 5576 τῷ
2637 5499 2856 5581 βασιλεῖ
2906 5504 2959 5560 οἱ
3023 5503 3400 5580 πραιπόσιτοι,
3459 5502 3766 5580 πατρίκιοι,

2117 5588 2481 5670 ὀφφικιάλιοι,
2518 5591 2997 5668 πρωτοσπαθάριοι
3039 5593 3128 5649 καὶ
3169 5590 3598 5669 χαρτουλάριοι,
3630 5591 3766 5648 ὕπα-
