3972 6214
119 355 156 413 1
170 353 332 415 405

118 511 271 560 τοι,

123 586 259 636 τοῦ
304 578 564 649 ἡλιακοῦ
613 576 704 631 σὺν
736 580 814 648 τῶ
863 572 1240 654 δεησογράφῳ,
1297 577 1390 631 τόν
1444 575 1678 651 ἀριθμὸν
1707 572 1843 629 κατὰ

124 670 212 726 τὸ
288 669 480 724 ποσὸν
514 669 615 730 τῆς
672 663 966 741 τραπέζης.
1029 665 1344 740 Εἰσάγονται
1377 662 1433 720 δὲ
1495 665 1588 720 καὶ
1626 663 1844 739 ἐξάγον-

135 781 257 818 ται
297 757 457 813 κατὰ
486 757 574 811 τὸν
610 754 864 829 ἀνωτέρω
898 753 1163 830 λεχθέντα
1189 756 1418 830 τρόπον.
1464 754 1754 823 Μεσούσης
1785 749 1844 808 δέ

132 856 269 919 τῆς
343 848 550 921 ἑορτῆς
583 849 661 920 (4)
691 849 788 901 τοῦ
829 845 1020 920 Πάσχα
1047 844 1288 900 τελεῖται
1319 842 1639 921 προέλευσις
1672 841 1845 918 δημο-

140 937 287 1007 σία,
361 937 460 993 καὶ
517 936 886 1012 προέρχονται
955 936 1006 989 οἱ
1069 933 1312 1010 βασιλεῖς
1377 934 1698 1009 ἐμπράττως
1769 932 1843 994 εἰς

140 1031 258 1086 τὸν
335 1028 472 1082 ναὸν
537 1029 632 1080 τοῦ
691 1023 878 1099 Ἀγίου
926 1024 1180 1095 Μωκίου,
1241 1026 1328 1080 καὶ
1361 1022 1698 1097 τελουμένης
1739 1030 1840 1091 τῆς

144 1119 334 1190 ἱερᾶς
391 1113 740 1190 λειτουργίας
790 1111 1102 1186 προτίθεται
1150 1111 1460 1188 κλητώριον
1498 1117 1578 1185 τῷ
1630 1109 1848 1187 βασιλεῖ

149 1205 259 1261 ἐπὶ
322 1205 662 1273 ἀποκοπτῆς
715 1203 986 1276 τραπέζης
1038 1200 1090 1256 ἐν
1148 1207 1264 1264 τοῖς
1313 1201 1486 1258 ἐκεῖσε
1538 1199 1844 1276 τρικλίνοις

149 1295 263 1351 καὶ
339 1297 691 1350 συνεστιᾶται
746 1292 774 1346 ὁ
832 1291 1179 1367 πατριάρχης
1232 1295 1313 1363 τῷ
1347 1289 1584 1365 βασιλεῖ,
1613 1289 1704 1344 καὶ
1761 1287 1846 1344 δεῖ

151 1386 340 1458 ἡμᾶς
380 1383 716 1459 εὐτρεπίζειν
766 1380 843 1443 εἷς
894 1379 1220 1435 συνεστίασιν
1272 1378 1446 1434 αὐτῶν
1498 1379 1691 1458 φίλους
1741 1375 1846 1431 ὰπὸ

156 1480 282 1543 τῆς
318 1472 533 1542 τάξεως
580 1474 688 1525 τῶν
739 1469 1077 1546 μαγίστρων,
1127 1469 1470 1535 ἀνθυπάτων,
1520 1467 1846 1542 πατρικίων,

170 1558 647 1637 μητροπολίτας,
707 1556 1092 1637 ὀφιρικιαλίους
1146 1557 1236 1611 καὶ
1317 1558 1710 1631 ταγματικοὺς,
1756 1555 1848 1611 καὶ

167 1655 296 1707 τῶν
331 1649 401 1706 ἐκ
442 1656 542 1718 τῆς
596 1646 904 1724 συγκλήτου
939 1645 1263 1721 καμπαγίων
1318 1645 1454 1700 κατὰ
1501 1647 1544 1684 ¹¹
1590 1646 1653 1700 τὸ
1684 1647 1850 1701 ποσὸν

167 1746 287 1810 τῆς
345 1737 648 1811 τραπέζης·
697 1738 930 1812 εἰσάγειν
988 1733 1046 1791 δὲ
1084 1733 1277 1799 αὐτοὺς
1325 1734 1415 1790 καὶ
1464 1734 1665 1810 ἐξάγειν
1717 1737 1851 1807 μετά

1057 350 1157 411 DE
1202 349 1650 413 CERIMONIIS
1694 346 1928 411 AULJE
1969 345 2450 407 ΒΥΖΑΝΤΙΝᾹΞ
2491 347 2640 407 LIB.
2685 348 2764 408 ll.

362 489 716 564 βεστήτορες,
775 483 1157 556 σιλεντιὰριοι,
1208 486 1236 541 ὁ
1286 486 1607 562 ἆκτουάριος
1657 485 1748 540 καὶ
1793 484 1844 538 οἱ

1963 491 2166 540 cuntur
2190 486 2247 539 et
2275 483 2605 540 educuntur
2622 484 2795 541 modo
2827 502 3006 558 supra
3034 489 3270 562 scripto.
3295 491 3446 550 Dum
3465 509 3600 552 vero

3451 352 3603 416 1406

1960 574 2214 630 medium
2247 578 2333 630 est
2364 575 2573 631 festum
2626 574 2918 646 pascbatis
2951 577 3030 650 [id
3075 586 3163 634 est
3199 581 3290 636 die
3334 583 3484 640 inter
3511 585 3598 642 fe-

1956 667 2110 720 stum
2142 663 2436 736 paschatis
2466 669 2524 720 et
2553 663 2764 720 festum
2793 673 3155 737 pentecostes
3176 669 3409 745 medio],
3436 689 3597 744 pera-

1956 753 2111 823 gitur
2143 753 2440 823 processio
2479 753 2732 824 publica,
2781 761 2838 811 et
2886 757 3173 829 prodeunt
3221 759 3597 831 imperatores

1963 841 2021 896 in
2049 841 2308 898 solemne
2340 859 2554 915 pompa
2587 844 2655 898 ad
2687 843 2971 916 templum
3002 846 3061 903 S.
3095 846 3604 921 Mocii,eanctoque

1957 931 2150 988 officio
2172 930 2254 987 ibi
2280 937 2533 1003 peracto,
2552 933 2707 990 448
2730 939 3045 1006 apparatur
3065 941 3122 993 et
3143 937 3608 1009 preponiturim-

1957 1020 2207 1092 peratori
2220 1021 2542 1077 convivium
2555 1038 2728 1092 super
2742 1023 3030 1095 peculiare
3045 1041 3244 1082 mensa
3257 1026 3313 1082 in
3331 1027 3604 1086 tricliniis

1958 1125 2059 1166 seu
2095 1107 2331 1182 palatio,
2357 1111 2512 1182 quod
2537 1127 2714 1182 penes
2746 1111 2890 1168 illud
2921 1113 3206 1188 templum
3227 1120 3332 1172 est.
3357 1115 3605 1174 Patriar-

1957 1198 2069 1256 cba
2113 1197 2196 1255 ibi
2225 1200 2560 1256 convivalur
2601 1201 2932 1273 imperatori
2959 1219 2975 1270 ;
3002 1202 3402 1278 invitandique
3432 1205 3604 1262 nobis

1959 1292 2095 1344 sunt
2123 1289 2196 1344 ad
2241 1288 2666 1346 convivandum
2718 1290 2887 1348 amici
2937 1292 3006 1348 de
3037 1293 3242 1350 ordine
3291 1293 3602 1368 magistro-

1960 1393 2114 1442 rum,
2160 1377 2598 1450 proconsulum,
2639 1379 3042 1452 patriciorum,
3074 1383 3602 1457 metropolitarum,

1959 1465 2298 1522 ot‘ﬂcialium
2344 1472 2401 1524 et
2449 1469 2892 1540 tagmaticorum
2945 1471 3416 1543 magistratuum,
3460 1473 3599 1531 item

1958 1561 2293 1612 senatorum
2323 1556 2629 1630 campagia
2679 1557 3013 1628 ferentium,
3046 1564 3150 1631 tot,
3201 1567 3344 1632 quot
3399 1579 3604 1622 mensa

1959 1645 2134 1717 capit.
2168 1645 2630 1703 Introducuntur
2658 1650 2715 1703 et
2741 1647 3074 1705 educuntur
3101 1648 3160 1706 in
3193 1650 3313 1707 suis
3355 1657 3603 1709 mutato-

1962 1736 2086 1801 riis,
2119 1734 2342 1807 absque
2369 1735 2607 1793 tunicis.
2637 1736 2876 1802 Quando
2907 1738 3189 1796 factiones
3220 1743 3348 1797 acta
3373 1757 3479 1797 sua
3498 1757 3600 1799 seu

175 1833 302 1884 τῶν
338 1828 562 1883 οἰκείων
604 1824 921 1898 ἁλλαξίμων
969 1823 1146 1902 χωρὶς
1194 1829 1302 1879 τῶν
1353 1821 1671 1898 χλανιδίων·
1706 1821 1760 1878 ἐν
1793 1821 1851 1879 δὲ

1963 1824 2164 1882 laudes
2187 1824 2559 1883 dominorum
2589 1833 2642 1881 et
2672 1827 2768 1898 pia
2797 1831 2928 1883 vota
2955 1828 3601 1901 exclamant,jubemus

178 1919 270 1986 τῷ
324 1913 694 1990 προλεχθέντι
736 1920 835 1982 τῆς
887 1911 1214 1985 ἀκτολογίας
1260 1907 1369 1967 τῶν
1417 1909 1608 1985 δήμων
1665 1906 1852 1987 χρόνῳ

1963 1915 2232 1972 convivas
2269 1930 2473 1972 omnes
2517 1931 2780 1989 surgere,
2814 1921 2878 1972 ut
2905 1921 2964 1973 et
3013 1917 3123 1989 ipsi
3154 1917 3411 1976 dominis
3455 1920 3604 1978 bene

182 2004 481 2074 ἱξανιστᾷν
538 2000 770 2062 ἅπαντας
824 2000 950 2062 τοὺς
1000 1999 1374 2073 κεκλημένους
1430 2000 1507 2064 εἷς
1575 2000 1852 2080 εὐφημίαν

180 2097 304 2150 τῶν
381 2090 682 2149 δεσποτῶν.
739 2091 857 2147 Ἐπὶ
907 2088 963 2146 δέ
1012 2097 1114 2160 τῆς
1161 2091 1308 2154 Θείας
1375 2094 1466 2145 καί
1522 2091 1668 2165 ἱερᾶς
1721 2089 1856 2163 μετά

189 2181 406 2258 σαρκὸς
446 2180 525 2243 εἷς
575 2178 838 2255 οὐρανοὺς
890 2177 1218 2252 ἀναλήψεως
1273 2183 1372 2234 τοῦ
1431 2178 1634 2253 Κυρίου
1691 2182 1851 2252 ἡμῶν

193 2273 392 2343 Ἰησοῦ
440 2272 674 2346 Χριστοῦ
709 2272 1021 2342 Θαυμαστῆς
1078 2269 1288 2343 ἡμέρας
1337 2266 1574 2324 τελεῖται
1615 2266 1857 2342 δημοσία

198 2358 536 2435 προέλευσις
567 2359 712 2435 παρὰ
752 2363 858 2414 τῶν
916 2357 1183 2433 βασιλέων
1226 2359 1391 2432 ἡμῶν
1445 2363 1554 2413 τῶν
1604 2358 1768 2434 ἁγίων
1803 2356 1854 2412 ἐν

200 2455 286 2524 τῷ
319 2448 614 2520 πανσέπτῳ
642 2450 731 2502 καὶ
787 2442 1065 2520 σεϐασμίῳ
1113 2451 1226 2520 ναῷ
1252 2453 1354 2517 τῆς
1423 2446 1713 2522 ὑπεραγῖσς
1772 2443 1858 2501 δε-

202 2539 442 2609 σποίνης
473 2540 635 2610 ἡμῶν
676 2535 941 2593 Θεοτόκου
973 2539 1070 2606 τῆς
1128 2542 1347 2611 Πηγῆς,
1385 2535 1474 2590 καὶ
1520 2533 1859 2610 τελουμένης

199 2635 308 2699 τῆς
345 2630 493 2702 ἱερᾶς
543 2626 905 2702 λειτουργία;,
935 2625 1250 2702 προτίθεται
1281 2624 1594 2699 κλητώριον
1646 2629 1726 2697 τῷ
1760 2625 1861 2701 βα-

208 2716 360 2772 σιλεῖ
413 2714 502 2771 ἐπί
554 2714 876 2779 ἀποκοπτῆς
925 2715 1224 2788 τραπέζης,
1276 2713 1366 2768 καὶ
1425 2711 1767 2768 συνεστιὰται
1835 2713 1863 2768 ὁ

209 2803 566 2880 πατριάρχης
609 2807 688 2875 τῷ
745 2800 984 2878 βασιλεῖ,
1035 2803 1124 2857 καὶ
1183 2799 1584 2877 συγκαλοῦνται
1618 2801 1695 2866 εἷς
1741 2822 1863 2857 συν-

213 2893 451 2950 εστίασιν
497 2892 644 2964 αὐτῷ
689 2891 840 2968 φίλοι
897 2891 1005 2946 ἀπό
1051 2898 1151 2961 τῆς
1182 2891 1383 2962 τάξεως
1410 2896 1518 2946 τῶν
1556 2890 1866 2967 μαγίστρων

222 2982 314 3038 καὶ
363 2980 652 3055 κατωτέρω
711 2980 847 3035 κατὰ
899 2981 1000 3049 τήν
1042 2977 1248 3036 ἔκθεσιν
1303 2980 1393 3035 καὶ
1441 2981 1504 3036 τὸ
1536 2988 1731 3056 σχῆμα
1759 2985 1867 3036 τῶν

222 3071 634 3146 προλεχθεισῶν
668 3073 978 3144 περιφανῶν
1009 3067 1404 3145 προελεύσεων.

806 3158 869 3216 Ἦ
905 3159 1247 3229 Πεντηκοστή
1260 3199 1272 3212 .

1959 2008 2290 2076 precentur.
2325 2003 2528 2060 Divino
2560 2011 2754 2062 autem
2788 2004 2888 2062 illo
2918 2011 3237 2079 sanctoque
3265 2011 3322 2064 et
3351 2007 3605 2066 admira-

1961 2092 2061 2148 bili
2084 2091 2178 2148 die
2207 2093 2374 2158 festo,
2394 2109 2509 2166 quo
2537 2093 2754 2150 Christi
2774 2093 2835 2150 in
2857 2109 3032 2153 carne
3053 2097 3380 2168 assumptio
3410 2097 3468 2153 in
3492 2115 3606 2156 cm-

1961 2179 2083 2236 lum
2113 2179 2465 2247 celebratur,
2498 2181 2792 2253 peragitur
2817 2182 3045 2251 publica
3079 2183 3368 2254 processio
3391 2201 3424 2240 a
3442 2200 3609 2242 vene-

1962 2267 2244 2325 rabilibus
2275 2269 2491 2325 nostris
2517 2270 2965 2341 imperatoribus
3004 2271 3064 2328 in
3093 2272 3411 2328 admodum
3433 2288 3606 2329 vene-

1962 2357 2146 2414 rabile
2176 2357 2672 2430 reverendumque
2700 2358 2986 2430 templum
3018 2360 3395 2417 sanctissima
3417 2361 3610 2417 Domi-

1963 2463 2051 2506 na
2083 2452 2290 2503 nostrae
2324 2447 2578 2520 Deiparas
2611 2447 2768 2520 Pigis
2816 2464 2916 2504 seu
2947 2449 3021 2504 ad
3053 2449 3267 2507 fontem
3295 2469 3311 2519 ;
3346 2466 3611 2522 peracto-

1964 2552 2080 2609 que
2100 2553 2265 2593 sacro
2295 2537 2508 2606 ofﬁcio,
2539 2536 2882 2609 proponitur
2911 2536 3247 2610 imperatori
3281 2539 3610 2596 convivium

1967 2643 2146 2700 super
2202 2625 2493 2698 peculiare
2539 2627 2763 2697 tabula,
2795 2633 2848 2682 et
2897 2627 3234 2684 convivatur
3278 2627 3612 2701 patriarcha

1969 2716 2226 2784 domino,
2289 2716 2731 2787 invitanturque
2789 2717 2861 2772 ad
2919 2717 3138 2788 pariter
3183 2717 3612 2774 convivandum

1969 2805 2146 2864 amici
2176 2806 2251 2862 ab
2308 2805 2508 2862 ordine
2566 2807 2977 2878 magistrorum
3011 2807 3146 2864 inde
3201 2811 3259 2863 et
3308 2806 3392 2863 sic
3441 2823 3612 2880 porro

1971 2895 2226 2952 minores
2255 2893 2632 2966 magistratus
2655 2895 2975 2951 secundum
3003 2895 3274 2968 superius
3295 2895 3614 2967 expositam

1973 2984 2286 3041 formulam
2336 2983 2744 3055 praedictarum
2793 2981 3238 3056 splendidarum
3287 2983 3615 3056 processio-

1972 3088 2138 3130 num.

2311 3163 2387 3218 De
2415 3159 2736 3218 cerimoniis
2764 3161 2894 3230 festi
2920 3161 3276 3217 Pentecoxm.

289 3253 367 3324 Τῇ
400 3246 457 3304 δέ
485 3247 608 3325 ἁγίᾳ
633 3254 734 3318 τῆς
779 3217 1156 3317 Πεντηκοστῆς
1197 3217 1380 3322 ἠυμέρᾳ
1426 3247 1665 3304 τελεῖται
1723 3269 1862 3324 προ.

2048 3252 2256 3308 Sancto
2305 3217 2808 3307 diel’entecostes
2861 3249 3162 3323 peragitur
3209 3249 3498 3321 processio
3529 3266 3619 3308 se-

222 3339 432 3404 ἒλευσις
487 3338 624 3394 κατά
677 3338 770 3393 τὸν
831 3336 1002 3392 τύπον
1059 3343 1159 3407 τῆς
1187 3341 1286 3392 τοῦ
1336 3333 1637 3412 σεϐασμίου
1667 3337 1866 3419 Ηασχα

225 3429 276 3485 ἐν
307 3433 372 3504 τῇ
403 3428 529 3504 ἁγίᾳ
577 3432 674 3483 τοῦ
707 3431 840 3484 Θεοῦ
895 3425 1164 3500 καθολικῇ
1221 3426 1309 3480 καὶ
1359 3426 1700 3502 ἁποστυλικῇ
1745 3429 1866 3485 Ἐκ-

227 3517 446 3591 κλησίᾳ,
477 3518 567 3574 καὶ
597 3517 906 3592 προτίθεται
937 3522 1121 3590 κρᾶμα
1165 3514 1336 3572 ἐκεῖσε
1381 3522 1499 3578 τοῖς
1559 3517 1863 3591 βασιλεῦσι,

227 3609 314 3661 καὶ
352 3611 793 3682 προσκαλοῦνται
825 3606 876 3660 οἱ
907 3605 1162 3679 ἀνωτέρω
1211 3603 1496 3680 λεχθέντες
1553 3605 1728 3684 φίλοι.
1762 3607 1864 3665 Καὶ

235 3696 574 3770 ὑποστροφῆς
624 3699 732 3749 τῶν
784 3692 1051 3769 βασιλέων
1113 3693 1165 3747 ἐν
1221 3698 1300 3765 τῷ
1354 3693 1583 3771 μεγάλῳ
1614 3696 1867 3770 παλατίῳ

238 3785 367 3858 μετᾶ
392 3783 766 3859 προελεύσεως
796 3784 1118 3856 γενομένης,
1175 3782 1487 3855 προτίθετιοι
1534 3785 1597 3840 τὸ
1659 3785 1870 3860 βασιλι-

234 3874 324 3929 κὸν
370 3870 678 3946 κλητώριον
727 3869 815 3926 ἐπὶ
873 3869 1194 3940 ἀποκοπτῆς
1239 3871 1514 3944 τραπέζης
1555 3870 1609 3926 ἐν
1653 3878 1734 3946 τῷ
1773 3894 1870 3928 πε-

235 3957 498 4036 ριϐλέπτῳ
564 3961 942 4018 Ἰουστινιανοῦ
995 3957 1283 4034 τρικλίνῳ,
1341 3959 1430 4014 καὶ
1491 3967 1868 4019 συνεστιῶνται

231 4059 306 4126 τῷ
336 4051 548 4128 βασιλεῖ
577 4051 628 4106 οἱ
657 4051 794 4106 κατὰ
819 4049 988 4104 τύπον
1035 4051 1288 4126 ἀνωτέρω
1349 4051 1640 4127 λεχθέντες
1691 4053 1869 4132 φίλοι,

236 4143 563 4217 εἷσαγόμενοι
594 4141 680 4195 καὶ
716 4139 1033 4216 ἐξαγόμενοι
1064 4140 1198 4214 μετὰ
1225 4145 1334 4196 τῶν
1366 4140 1584 4197 οἰκείων
1641 4143 1872 4215 ἁλλαξι-

239 4233 405 4306 μάτων
462 4230 637 4306 χωρὶς
704 4227 1025 4308 χλανιδίων.
1089 4230 1236 4285 Μετὰ
1293 4227 1350 4284 δὲ
1413 4232 1513 4301 τήν
1570 4232 1722 4308 ἁγίαν
1768 4241 1868 4304 τῆς

237 4326 598 4391 Πεντηκοστῆς
656 4319 866 4394 ἡμέραν
921 4317 1219 4374 ἐκτεΛεῖται
1292 4320 1354 4374 τὸ
1434 4320 1696 4395 στέψιμον
1765 4327 1862 4380 τοῦ

1967 3342 2232 3398 cundum
2265 3339 2601 3406 formulam,
2640 3355 2766 3411 quae
2797 3338 2892 3396 die
2921 3339 3270 3396 venerabilis
3317 3339 3621 3397 Pascbatis

1969 3431 2116 3488 festo
2148 3431 2507 3494 obesi-ratur,
2543 3429 2602 3484 in
2634 3434 2891 3485 sanctam
2925 3427 3270 3485 catholicam
3303 3433 3361 3485 et
3389 3436 3622 3500 aposto-

1969 3519 2144 3576 licam
2177 3520 2278 3576 Dei
2313 3519 2630 3592 [magnam]
2662 3518 3008 3587 Ecclesiam;
3044 3519 3390 3591 proponitur
3411 3517 3489 3573 ibi
3513 3519 3622 3574 im'

1970 3613 2338 3686 peratoribus
2369 3611 2617 3667 mixtum
2643 3628 2659 3679 ;
2690 3615 2748 3667 et
2775 3610 2948 3666 amici
2973 3608 3146 3682 paulo
3184 3614 3318 3666 ante
3346 3609 3487 3666 dicti
3519 3609 3619 3666 in-

1974 3705 2232 3759 vitantur
2263 3702 2334 3757 ad
2393 3701 2746 3757 convivium.
2798 3699 3019 3756 Interea
3071 3701 3314 3756 redeunt
3370 3699 3624 3771 impera-

1975 3801 2130 3848 tores
2155 3793 2214 3846 in
2245 3806 2527 3861 magnum
2562 3790 2842 3860 palatium
2876 3789 2934 3844 in
2977 3789 3370 3860 processione,
3414 3803 3626 3859 propo-

1979 3880 2254 3951 niturque
2276 3894 2507 3934 sacrum
2540 3877 2876 3933 convivium
2910 3893 3083 3946 super
3115 3875 3404 3948 peculiare.
3426 3891 3630 3930 mensa

1975 3969 2036 4025 in
2085 3968 2387 4041 splendido
2437 3965 2694 4022 triclinio
2738 3965 3083 4034 Justiniani,
3139 3971 3197 4020 et
3245 3965 3627 4020 convivantur

1976 4057 2331 4131 imperatori,
2368 4072 2516 4128 quos
2567 4071 2671 4126 par
2712 4062 2796 4110 est
2841 4069 2911 4109 ex
2961 4053 3183 4120 rituali,
3223 4052 3394 4108 amici
3448 4069 3626 4125 supra

1975 4148 2284 4216 nominati,
2308 4143 2702 4202 introductiet
2729 4144 2922 4200 educti
2947 4159 3080 4200 cum
3114 4143 3240 4199 suis
3272 4143 3620 4209 mutatoriis,

1974 4242 2196 4311 absque
2226 4237 2462 4293 tunicis.
2498 4237 2634 4292 Poet
2679 4239 2950 4290 sanctum
3002 4233 3365 4289 Pentecostes
3407 4233 3620 4289 festum

1976 4330 2302 4386 celebratur
2359 4325 2575 4382 natalis
2635 4321 3026 4381 coronationis
3093 4323 3367 4394 despotic.
3428 4321 3622 4378 Primo

231 4408 476 4469 δεσπότου
507 4413 608 4483 (5).
636 4411 722 4483 Τῇ
751 4406 807 4464 δέ
837 4409 1030 4484 πρώτῃ
1073 4409 1171 4464 τοῦ
1230 4407 1409 4466 Μαΐου
1473 4413 1644 4484 μηνὸς
1709 4411 1859 4470 ἐκτε-

1970 4421 2105 4478 Maii
2136 4417 2504 4475 celebrantur
2549 4414 2809 4472 encmnia
2843 4411 2940 4484 vel
2989 4411 3278 4470 dedicatio
3327 4410 3497 4468 Novae
3527 4425 3623 4468 ec-

1568 4514 1812 4573 VARle
1860 4516 2272 4578 LECTIONES.

305 4604 340 4638 “
374 4601 456 4659 Ita
479 4616 590 4658 em.
623 4599 715 4668 8.,
746 4596 1074 4675 καμπαγίων
1104 4601 1213 4653 τῶν
1246 4599 1378 4653 κατὰ
1409 4600 1538 4658 cod.
1571 4608 1630 4659 et
1658 4605 1751 4664 ed.

1262 4698 1462 4756 JOAN.
1501 4701 1644 4759 JAC.
1686 4703 1944 4765 REISKII
1983 4703 2574 4766 COMMENTARIUS.

300 4801 368 4871 (4)
380 4800 601 4870 Ergone
615 4796 835 4853 Pascha
846 4799 904 4850 et
917 4795 1064 4871 fastu
1075 4812 1130 4850 m
1145 4796 1446 4852 Paschalis
1458 4798 1862 4871 appellabatur

244 4868 406 4929 totum
434 4868 663 4940 témpus
681 4868 1472 4940 quinquagintadierum,qui
1494 4869 1857 4930 Dominicam

245 4941 520 5000 Pascbatis
547 4938 604 4996 et
631 4938 996 4996 Pe‘ntecostes
1014 4938 1490 4996 intercedebant?
1523 4941 1857 5001 Dixerintne

246 5015 400 5074 Graeci
441 5016 573 5069 novi
607 5015 787 5084 μεσεῖν
821 5027 923 5081 pro
957 5008 1230 5084 μεσὶζειν,
1265 5028 1378 5067 non
1412 5012 1559 5068 bene
1591 5014 1853 5072 memini.

247 5091 402 5167 Erunt
431 5089 586 5167 certe
611 5082 1117 5167 ⁷ςυί.μεσαζούσης
1173 5083 1269 5138 hic
1307 5099 1596 5167 reponere
1636 5085 1864 5167 malint.

247 5157 456 5215 Nullum
507 5152 689 5212 alium
736 5152 914 5226 diem,
964 5171 1142 5226 quam
1193 5152 1450 5210 medium
1495 5155 1646 5212 inter
1693 5159 1866 5215 ambo

251 5231 374 5287 festa
418 5243 524 5284 seu
571 5225 918 5298 vigesimum
969 5225 1240 5298 quintum
1289 5241 1324 5281 a
1372 5228 1518 5298 festo
1563 5227 1865 5285 Pascbatis

251 5301 364 5358 inde
388 5297 692 5371 designari
713 5297 900 5371 liquet
927 5297 1116 5371 exeo,
1154 5298 1305 5366 quod
1350 5297 1531 5353 medio
1559 5301 1694 5368 festo
1726 5307 1864 5357 Pas-

251 5373 396 5430 chalis
443 5368 543 5427 hi6
587 5369 697 5425 loci
745 5368 962 5423 dicitur
1008 5369 1324 5436 imperator
1365 5372 1657 5438 procedere
1700 5371 1772 5426 ad
1807 5373 1862 5428 S.

251 5446 466 5502 Hocium.
501 5441 670 5512 Atqui
705 5457 762 5513 p.
783 5439 874 5513 539,
899 5454 1000 5495 seu
1033 5439 1142 5513 1.1,
1175 5455 1304 5513 cap.
1338 5441 1426 5505 17.
1453 5441 1518 5513 in
1549 5443 1676 5512 ipso
1695 5442 1866 5500 titulo

251 5517 432 5573 dicitur
461 5506 770 5581 imperator
799 5509 955 5584 ill_uc_
969 5506 1180 5567 vadere
1206 5506 1276 5584 τῇ
1302 5506 1520 5583 τετράδι
1548 5506 1650 5580 ei;
1681 5513 1865 5570 Μεσο-

256 5589 619 5712 πενῖηὶκοσὶῆς,
680 5597 784 5640 seu
840 5581 990 5654 feria
1042 5581 1259 5654 quarta'
1295 5581 1610 5655 septimanae
1656 5589 1867 5657 quarta

260 5674 332 5712 vos
416 5673 504 5712 asc
545 5673 597 5711 a.

289 5667 352 5714 οη
375 5667 574 5712 Pascha
585 5699 597 5711 .

257 5675 352 5730 pou
375 5675 597 5712 rascna.

313 5731 374 5799 (ὅ)
420 5729 487 5784 Αι
550 5726 762 5797 cujus?
820 5725 1026 5784 Leonis
1083 5727 1337 5798 profecto
1387 5727 1696 5799 Sapientis,
1757 5727 1866 5786 sub

1972 4821 2088 4878 quo
2119 4802 2564 4878 Cletorologium
2595 4800 2708 4878 hoc
2751 4799 3054 4878 conditum
3095 4799 3296 4878 fuisse,
3329 4798 3535 4855 multis
3564 4800 3621 4853 et

1971 4871 2318 4932 ihdubitatis
2373 4871 2741 4944 argumentis
2776 4877 3026 4944 constet.
3081 4871 3260 4944 Atqui
3307 4878 3618 4944 coronatus

1971 4948 2073 5003 ille
2103 4965 2138 5004 a
2194 4947 2361 5002 Patre
2409 4941 2620 5001 Basilio
2667 4943 2772 4999 fuit
2822 4942 3112 5015 die‘festo
3167 4941 3616 5015 Epiphaniasft:

2008 5020 2101 5075 70.
2149 5019 2304 5090 (Vid.
2341 5017 2443 5090 ,Du
2503 5012 2966 5090 Gange__Fami_l.
3041 5009 3290 5090 Byzantf
3336 5029 3392 5084 p.
3434 5009 3620 5090 ibi.)

1975 5083 2214 5146 Etiamsi
2245 5087 2384 5146 velis
2409 5089 2554 5162 forte
2583 5083 2888 5162 conjicere,
2914 5083 3165 5162 Leonem
3197 5084 3290 5140 die
3321 5083 3453 5162 post
3472 5083 3618 5162 Pen.

1974 5166 2235 5218 tecosten
2295 5160 2561 5232 proximo
2618 5159 2925 5232 imperium
2961 5159 3216 5232 adiisse,
3251 5160 3452 5232 _patre_
3475 5159 3619 5232 vivis

1974 5223 2620 5308 exempto,‘peque_hoc
2651 5223 2927 5308 prgcedit.
2961 5229 3108 5285 Nam
3139 5223 3386 5308 Basilius
3417 5223 3618 5308 Calen;

1974 5305 2065 5360 dis
2121 5295 2346 5360 Martiis
2393 5295 2556 5370 obiit,
2608 5295 2668 5357 υἱ
2714 5301 2802 5358 Du
2842 5305 3038 5370 Cange
3077 5295 3358 5370 perhibet,
3409 5301 3510 5352 aut
3547 5295 3618 5349 29

1974 5378 2145 5457 Aug.,_
2198 5379 2263 5431 ut
2304 5366 2550 5457 poster.
2593 5374 2759 5457 Ergo
2799 5377 2901 5457 aut
2957 5366 3094 5457 sub
3120 5367 3236 5457 alio
3257 5366 3618 5457 impera-tore

1974 5437 2408 5519 scriptumhfuit
2471 5445 2582 5501 hoc
2646 5437 3115 5519 C'letorologith,
3173 5444 3279 5497 aut
3329 5437 3617 5519 particula

1974 5512 2200 5575 bec'ab
2223 5517 2414 5574 aliena
2444 5533 2622 5573 manu
2648 5520 2738 5572 est
2766 5514 2984 5571 addita.
3010 5512 3152 5582 Ergo
3183 5527 3284 5582 per
3313 5512 3616 5582 despiciam

1972 5587 2324 5668 intelligitur
2351 5589 2774 5668 Constantinus
2794 5580 3137 5668 "Porphyr'q
3171 5580 3379 5641 Leonis
3425 5580 3614 5668 illius.

1973 5655 2278 5737 Despofas,
2309 5659 2592 5737 appellari
2616 5658 2743 5730 jam
2794 5655 3047 5737 Heraclii
3076 5659 3616 5737 tempore‘co'geue:

1972 5721 2124 5790 visse
2157 5721 2310 5790 alios
2335 5721 2773 5804 imperatorum,
2814 5730 3056 5800 apparet
3079 5742 3148 5784 ex
3167 5721 3225 5800 p'.
3258 5725 3383 5783 363.
3422 5721 3611 5782 Simul
