3972 6214
434 293 584 356 1407

1500 281 2018 345 CONSTANTINI
2060 284 2760 350 PORPHYROGENITI

3734 285 3862 345 μω

429 424 656 489 οιθείιες
691 423 959 494 factaque
1005 419 1257 476 solemne
1299 434 1434 475 cum
1466 416 1647 473 cereis
1679 420 1736 472 et
1779 416 2057 489 supplica-

2185 415 2415 474 λοῦνταὲ
2459 420 2526 475 τὰ
2586 418 2835 497 ἐγκαίνια
2865 426 2967 489 τῆς
3025 421 3168 481 Νέας
3205 415 3551 488 ἐκκλησίας,
3585 416 3693 470 καῖ
3738 414 3860 469 12-:-

428 516 688 573 tionibus
721 511 1088 584 processione
1117 526 1148 565 e
1177 509 1394 581 templo
1416 508 1474 565 S.
1511 507 1757 577 Deiparaa
1790 506 1985 574 Phari,
2010 510 2067 563 et

428 612 551 663 tum
599 609 831 678 peracto
885 620 1048 659 sacro
1096 601 1309 669 ofﬁcio,
1361 603 1764 674 proponuntur
1810 598 2064 655 dominis

428 700 605 769 dapes
637 698 695 753 in
718 696 981 768 jucundo
1012 692 1474 766 chrysotriclino,
1506 692 1848 748 convivante
1880 690 2063 762 impe-

426 787 599 845 ratori
633 785 1001 858 patriarcha;
1034 783 1467 853 invitanturque
1497 781 1570 836 ad
1594 780 1866 836 eumdem
1890 780 2066 837 finem

426 874 716 945 magistri,
741 871 1059 946 praepositi,
1090 870 1340 943 patricii,
1365 869 1555 925 caeteri
1586 868 1855 923 homines
1887 868 2066 940 impe-

424 964 599 1021 riales
627 972 681 1021 et
706 962 1087 1033 metropolitas
1120 976 1223 1032 pro
1256 959 1477 1014 ratione
1514 956 1743 1013 tabulae.
1777 957 1930 1013 440
1964 956 2067 1012 Die

426 1054 733 1111 undecimo
765 1051 892 1106 Maii
930 1050 1225 1121 peragitur
1252 1046 1461 1103 natalis
1490 1046 1665 1117 hujus
1697 1046 1859 1102 urbis
1889 1055 1944 1102 et
1972 1046 2069 1101 ad-

424 1145 679 1201 mittitur
700 1142 999 1197 dcximum
1031 1155 1133 1194 seu
1176 1137 1347 1193 turba
1377 1137 1761 1194 salutantium
1794 1143 1848 1192 et
1869 1141 2067 1208 gratu-

423 1233 672 1290 lantium
718 1233 941 1301 absque
989 1227 1211 1283 saximo
1254 1231 1491 1295 tamen;
1526 1224 1855 1282 celebratur
1892 1226 2063 1282 etiam

423 1326 692 1392 equestre
739 1322 1032 1375 certamen
1084 1316 1431 1384 cursoriam,
1463 1315 1752 1387 modoque
1792 1314 2065 1388 praedicto

418 1406 1084 1465 convivium.Dieoclavo
1100 1404 1236 1460 Maii
1251 1404 1547 1475 peragitur
1560 1403 1854 1475 processio
1866 1420 2068 1461 memo-

421 1498 516 1555 riae
548 1496 742 1552 Sancti
771 1495 1022 1551 Joannis
1048 1493 1326 1565 Theologi
1359 1493 1417 1548 in
1449 1492 1764 1561 hebdomo,
1785 1493 2069 1566 ﬁnitoque

420 1603 585 1644 sacro
630 1587 846 1652 ofﬁcio,
893 1592 1308 1657 proponuntur
1337 1582 1539 1653 dapes,
1570 1587 1628 1638 et
1667 1590 2068 1640 convocantur

421 1680 740 1733 secundum
757 1678 931 1731 ritum
948 1674 1225 1731 senatorii
1250 1690 1452 1729 omnes
1468 1689 1570 1742 pro
1593 1673 1816 1729 ratione
1830 1689 2062 1730 mensae.

419 1767 522 1822 Die
561 1766 839 1836 vigesimo
863 1764 1001 1819 Julii
1042 1762 1338 1834 peragitur
1381 1778 1513 1816 cum
1543 1760 1802 1817 solemne
1831 1762 2063 1835 suppli-

419 1852 681 1906 cabunda
710 1850 1082 1921 processione
1112 1850 1267 1903 intra
1298 1846 1576 1916 palatium
1611 1848 1899 1904 memorias
1919 1848 2058 1904 Elia!

418 1938 733 2009 prophetas,
765 1946 815 1992 et
851 1953 952 2008 per
991 1952 1118 1991 eam
1168 1936 1498 1991 celebratur
1536 1937 1821 1993 memoria
1850 1936 2060 1993 dimis-

417 2026 601 2084 sionis
634 2026 713 2099 pii
740 2026 961 2083 domini
994 2025 1176 2081 nostri
1204 2025 1440 2096 (Leonis
1467 2026 1785 2097 Sapientis)
1812 2043 1843 2083 e
1873 2031 2061 2084 custo-

417 2118 529 2175 dia.
566 2116 753 2173 Pridie
774 2116 932 2174 illius
963 2116 1076 2173 diei
1105 2120 1299 2171 autem
1322 2132 1425 2172 seu
1444 2116 1503 2171 in
1528 2115 1744 2190 vigiliis
1767 2120 2062 2191 peragitur

415 2208 476 2264 in
511 2212 873 2264 antecessum
917 2207 976 2262 S.
1020 2205 1276 2262 ofﬁcium
1324 2206 1719 2278 vespertinum
1751 2208 1811 2264 in
1850 2209 2058 2276 Pharo,

415 2302 473 2354 et
503 2297 729 2353 canitur
759 2295 829 2352 ab
859 2297 1132 2352 omnibus
1170 2300 1379 2352 cantus
1409 2295 1769 2352 ahsolutivus
1796 2299 2058 2369 ejusdem

416 2386 681 2443 melodis;
711 2390 882 2457 atque
911 2388 1189 2458 hymnus,
1223 2385 1323 2457 qui
1354 2386 1561 2458 incipit
1590 2403 1623 2442 a
1651 2402 1786 2443 voce
1818 2404 1833 2442 :
1866 2393 2060 2443 Συντα-

416 2473 620 2552 φέντες,
668 2476 998 2546 danturque
1046 2474 1118 2530 ab
1163 2473 1512 2546 imperatore
1557 2491 1627 2530 ex
1674 2484 1900 2547 recepto
1942 2478 2058 2533 ritu

414 2564 733 2631 magistris,
786 2563 1135 2635 prmpositis,
1187 2563 1653 2634 proconsulibus,
1703 2566 1963 2637 patriciis
2002 2571 2060 2624 et

415 2651 767 2707 officialibus
800 2651 1110 2707 cruciculan
1156 2658 1463 2722 argenteae.
1516 2652 1709 2709 Altero
1746 2658 1937 2710 autem
1965 2656 2059 2713 die

414 2742 569 2811 post,
597 2738 696 2794 illo
729 2755 957 2811 nempe,
991 2757 1107 2811 quo
1154 2739 1345 2810 ipsum
1384 2740 1518 2796 Elia
1549 2742 1764 2798 festum
1794 2743 2055 2801 celebra-

416 2843 570 2898 mus,
606 2828 876 2898 praesidet
923 2827 1242 2899 imperator
1279 2828 1339 2883 in
1371 2831 1696 2886 mutatoriis
1725 2848 1904 2903 super
1931 2834 2054 2905 glo-

416 2916 571 2973 rioso
603 2916 1072 2989 chrysotriclino,
1096 2917 1367 2973 adstante
1397 2924 1617 2976 secreto
1648 2921 1936 2989 cubiculo,
1969 2922 2056 2980 in-

415 3007 926 3079 troducunturque
969 3007 1275 3079 praefectus
1324 3006 1519 3063 sacelli
1565 3013 1621 3064 et
1649 3010 1970 3067 xenodochi
1998 3017 2056 3069 et

417 3099 733 3172 gerocomi,
768 3103 1144 3170 apportantes
1187 3114 1389 3154 cruces
1433 3116 1575 3156 auro
1605 3100 1951 3158 incrustatas
1980 3103 2051 3158 ad

2173 509 2289 563 νίου
2318 509 2695 584 προελεύσεως
2726 507 3025 587 γινομένης
3058 509 3165 564 ἀπὸ
3185 508 3285 564 τοῦ
3315 511 3465 562 ναοῦ
3518 513 3637 575 τῆς
3696 509 3859 577 ’Λιτάς

2176 599 2442 653 Θεοτόκου
2500 603 2596 654 τοῦ
2642 598 2851 674 Φάρου,
2906 599 3149 654 τελεῖται
3202 601 3237 669 ἡ
3294 597 3421 652 θεία
3519 594 3857 669 lat-caua:

2175 689 2266 741 καὶ
2325 688 2635 763 προτίθεται
2706 687 3022 764 κλητώριον
3076 694 3194 744 toi:
3266 686 3616 763 βασιλεῦσιν
3698 684 3753 739 ἐν
3810 691 3863 751 τί

2173 784 2390 854 τερπνῷ
2421 779 2886 859 χρυσοτρικλίνῳ,
2920 781 3011 835 καὶ
3071 784 3424 835 συνεστιᾶται
3482 782 3579 850 τῷ
3660 776 3867 852 βαςιὶέ

2178 870 2206 925 ὁ
2238 872 2611 946 πατριάρχης,
2658 871 2749 926 καὶ
2800 875 3193 947 συγκαλοῦνται
3237 871 3316 934 εἰς
3376 870 3761 925 συνεστίαο-ιν
3796 870 3867 921 zi-

2173 962 2270 1014 τοῦ
2295 959 2402 1014 άπὸ
2439 967 2541 1029 τῆς
2590 961 2789 1030 τάξεως
2858 965 2964 1015 τῶν
3027 960 3372 1038 μαγίστρων,
3440 959 3863 1034 πραιποσέτωίρ,

2173 1049 2472 1123 πατρικίων
2505 1049 2596 1104 καὶ
2631 1048 2841 1105 λοιπῶν
2894 1046 3195 1124 βασιλικῶν
3252 1049 3583 1124 ἀνθρώπων
3637 1049 3743 1103 σξη
3780 1054 3867 1102 τῷι

2178 1134 2609 1211 μητροπολιτῶν
2658 1138 2793 1191 κατὰ
2847 1136 2911 1191 τὸ
2969 1137 3139 1191 ποσὸν
3188 1143 3291 1206 τῆς
3338 1137 3677 1212 τραπέζης.
3717 1138 3803 1205 Τῇ

2178 1227 2359 1280 ια’τοῦ
2407 1225 2574 1281 αὐτοῦ
2618 1226 2795 1282 Μαΐου
2854 1224 3071 1282 τελεῖτα
3124 1227 3188 1281 τὸ
3248 1224 3557 1301 γενέθλιον
3628 1232 3747 1293 τῆς
3789 1228 3867 1278 gi:

2175 1312 2315 1377 λεως
2361 1313 2587 1386 ταύτης,
2637 1317 2728 1369 καὶ
2768 1313 3060 1370 ἐκτελεῖται
3106 1311 3355 1384 aegram;
3406 1312 3666 1387 δεξίμου
3706 1315 3867 1389 χωξξ

2176 1404 2403 1478 σαξίμου
2433 1404 2522 1460 καὶ
2565 1405 2790 1461 ἱππικὸν
2838 1403 3238 1480 ἱπποδρόμιον,
3270 1404 3362 1459 καὶ
3424 1403 3706 1460 τελεῖται
3746 1426 3863 1471 κλι-

2173 1496 2370 1571 τώριον
2412 1494 2549 1550 κατὰ
2578 1496 2669 1551 τὸν
2723 1494 2986 1570 λεχθέντα
3033 1493 3225 1549 τύπον.
3275 1497 3355 1568 Τῇ
3419 1490 3484 1548 δὲ
3540 1490 3738 1565 ὀγδόῃ
3800 1502 3847 1561 {'6

2173 1588 2271 1639 τοῦ
2326 1584 2492 1640 αὐτοῦ
2548 1585 2728 1641 Μαΐου
2793 1584 2967 1658 μηνὸς
3016 1581 3257 1639 τελεῖται
3317 1581 3698 1657 προέλευσις
3778 1589 3859 1649 τῖς

2179 1676 2402 1748 μνήμης
2431 1678 2529 1730 τοῦ
2558 1672 2832 1749 Θεολόγου
2866 1671 2916 1728 ἐν
2943 1678 3024 1745 τῷ
3058 1667 3308 1746 ἑϐδόμῳ,
3356 1673 3460 1727 καὶ
3502 1671 3857 1745 τελουμὲκζξ

2172 1770 2274 1833 τῆς
2306 1760 2680 1839 λειτουργίας,
2712 1762 3024 1837 προτίθεται
3084 1762 3431 1837 κλητώριον,
3495 1762 3607 1816 καὶ
3670 1784 3859 1835 συγκεε

2173 1851 2393 1909 λοῦνται
2450 1853 2587 1907 κατὰ
2642 1852 2809 1909 τύπον
2861 1853 2913 1907 οἱ
2942 1855 3044 1917 τῆς
3101 1850 3420 1926 συγκλήτου
3476 1852 3707 1913 πάντες
3740 1872 3855 1905 κατ’.

2172 1945 2234 1999 τὸ
2257 1943 2427 1998 ποσὸν
2461 1945 2559 2011 τῆς
2585 1940 2879 2016 τραπέζης.
2912 1944 2993 2015 Τῇ
3017 1938 3073 1997 δὲ
3125 1942 3172 1995 κ’
3216 1944 3315 1996 τοῦ
3356 1940 3625 1998 Ἰουλίου
3695 1944 3849 2015 gms;

2170 2031 2468 2087 ἑκτελεῖται
2501 2029 2593 2087 διὰ
2617 2030 2865 2087 λιτανίου
2896 2027 3274 2106 προελεύσεως
3307 2026 3468 2084 ἔνδον
3526 2034 3645 2085 τοῦ
3688 2030 3847 2085 παλα-

2167 2121 2292 2175 τίου
2323 2122 2359 2189 ἡ
2396 2120 2590 2193 μνήμη
2624 2118 2819 2177 Ἥλιοῦ
2850 2122 2946 2174 τοῦ
2985 2119 3295 2197 προφήτου,
3330 2117 3424 2173 καί
3476 2114 3555 2172 δι’
3614 2119 3844 2186 az’mjzﬁ

2169 2207 2470 2279 ἂνάκλησις
2507 2211 2586 2281 (7)
2643 2210 2745 2277 τῆς
2796 2208 3173 2282 περιορήσεως
3216 2210 3315 2261 τοῦ
3360 2202 3642 2269 εὐσεϐοῦς
3698 2211 3845 2279 ign}:

2174 2298 2463 2373 βασιλέως.
2500 2296 2922 2374 Προεκτελεῖται
2974 2293 3032 2352 δὲ
3080 2296 3187 2370 πρὸ
3244 2294 3418 2365 αὐτῆς
3479 2303 3596 2365 τῆς
3646 2294 3847 2369 ﬁnitae;

2168 2388 2219 2442 ἐν
2264 2391 2333 2462 τῇ
2365 2390 2661 2462 παραμονῇ
2692 2386 2968 2461 ὲσπερινὸν
2992 2384 3045 2442 ἐν
3097 2390 3179 2456 τῷ
3240 2385 3439 2461 Φάρῳ,
3506 2385 3605 2440 καὶ
3666 2384 3838 2456 ᾅδεται

2167 2477 2310 2552 παρᾶ
2368 2478 2581 2532 πάντῶν
2619 2464 2968 2549 άπολύσιμον
3019 2476 3097 2549 (8)
3152 2474 3302 2547 ᾆσμα
3379 2473 3671 2548 ίσὸμελον
3728 2479 3836 2533 τοῦ,

2174 2590 2194 2616 ι
2230 2562 2613 2642 Συνταφέντες,
2637 2588 2660 2617 ν
2694 2566 2785 2619 καὶ
2817 2561 3027 2620 δίδοται
3072 2569 3190 2627 τοῖς
3254 2565 3629 2639 μαγίστροις,
3689 2585 3836 2638 πραιη

2166 2654 2441 2726 ποσίτοις,
2520 2655 2867 2723 ἀνθυπάτοις,
2926 2654 3233 2729 πατρικίοις
3300 2652 3396 2709 καὶ
3452 2653 3838 2731 denticulis“

2171 2744 2238 2806 ιῖς
2290 2742 2458 2799 τύπον
2515 2745 2661 2820 παρὰ
2715 2748 2813 2799 τοῦ
2875 2741 3146 2819 βασιλέως
3204 2743 3536 2817 σταυρίτζια
3606 2744 3831 2820 άρτδρί.

2163 2838 2245 2907 Τῇ
2278 2831 2335 2889 δὲ
2365 2832 2621 2908 ἐπαύριον
2655 2832 2859 2910 ἡμέρᾳ,
2884 2832 2937 2888 ἐν
3047 2834 3145 2902 τήν
3206 2833 3404 2907 ὲορτήν
3467 2831 3828 2905 hrcle-393v,

2163 2926 2556 2999 προκαθέζεται
2616 2925 2644 2979 ὁ
2687 2922 2947 2999 βασιλεὺς
2978 2923 3112 2997 μετὰ
3163 2921 3577 2995 άλλαξιμάτων
3624 2924 3709 2979 ἐπὶ
3736 2926 3829 2976 τοῦ

2164 3011 2382 3085 ἐνδόξου
2412 3012 2898 3089 χρυσοτρικλίνου,
2930 3014 3022 3068 καὶ
3076 3017 3428 3087 παρεστῶτος
3481 3017 3587 3067 τοῦ
3642 3033 3826 3087 μοστιο

2165 3108 2265 3159 κοῦ
2295 3099 2714 3172 κουϐουκλείου,
2748 3102 3053 3179 εἰσάγονται
3081 3098 3111 3158 ὅ
3138 3123 3197 3157 τε
3236 3107 3339 3156 τοῦ
3402 3101 3718 3159 σακελλέου
3744 3102 3823 3156 ιιαέ
3932 3110 3933 3179 γ

414 3163 1061 3241 imitationem-rituum
1093 3186 1218 3243 festi
1266 3186 1615 3258 palmarum,
1665 3190 2057 3261 omnibusque

2183 3190 2656 3273 ›ἱξενοδὸχοικαὶ
2714 3195 3052 3269 γηροκόμοι,
3110 3192 3487 3268 προσάγοντες
3565 3194 3822 3268 σταυροῦς

412 3274 716 3345 splendide
748 3275 986 3343 indulis,
1020 3276 1413 3332 introducitur
1443 3278 1583 3333 ordo
1616 3280 2053 3352 magistrorum,

410 3363 845 3433 proconsulum,
878 3365 1253 3434 patriciorum
1286 3370 1342 3421 et
1372 3366 1707 3423 officialium
1738 3369 1797 3424 in
1825 3386 2057 3441 conspe-

411 3455 569 3505 ctum
630 3451 874 3518 domini,
926 3452 1024 3522 qui
1085 3457 1392 3523 postquam
1453 3454 1639 3510 dictas
1697 3472 1896 3513 cruces
1950 3476 2055 3515 sua

413 3552 591 3591 manu
644 3538 961 3607 distribuit,
998 3539 1343 3605 instituitur,
1400 3548 1462 3595 ut
1504 3542 1781 3613 diximus,
1820 3546 2057 3615 publica

411 3624 691 3681 solemnis
722 3625 1190 3697 supplicabunda
1220 3629 1564 3698 processioa
1593 3632 1811 3703 templo
1834 3634 1891 3690 S.
1925 3634 2053 3692 Dei-

411 3729 564 3785 paras
595 3714 764 3771 Phari
795 3716 867 3771 ad
919 3715 1147 3772 illustre
1178 3717 1464 3789 templum
1498 3736 1724 3793 magna:
1752 3721 1920 3780 Nova:
1948 3742 2053 3781 ec-

411 3802 631 3872 clesiaa;
656 3813 1002 3877 peracloque
1031 3821 1199 3862 sacro
1214 3804 1426 3875 ofﬁcio,
1442 3815 1847 3881 proponuntur
1867 3815 2055 3887 epulas

410 3892 667 3950 dominis
696 3895 753 3950 in
786 3894 1250 3965 chrysotriclino,
1284 3896 1732 3958 convivantibus
1753 3917 1883 3959 cum
1908 3905 2054 3977 ipsis

408 3983 743 4055 patriarcha
795 3988 854 4041 et
896 3984 1304 4056 metropolitis,
1346 3987 1667 4058 magistris,
1702 3995 2051 4066 praepositis,

408 4072 879 4145 proconsulibus,
913 4073 1569 4145 patriciis,'ofﬁcialihus
1601 4083 1657 4133 et
1687 4078 1927 4152 reliquis
1948 4084 2055 4140 im-

408 4164 727 4235 perialibus
742 4163 1081 4219 hominibus
1093 4165 1414 4221 secundum
1431 4168 1807 4237 capacitatem
1821 4188 2048 4231 mensas.

404 4253 680 4310 Praesidet
726 4252 1046 4324 imperator
1085 4253 1146 4309 in
1177 4269 1281 4310 suo
1313 4254 1612 4324 dihetesio,
1650 4262 1708 4315 et
1737 4263 1987 4318 conviva:
2019 4282 2053 4320 a

405 4342 573 4397 nobis
604 4342 1060 4398 introducuntur
1080 4343 1137 4397 in
1158 4342 1283 4399 suis
1305 4344 1555 4416 quisque
1578 4350 1900 4407 mutatoriis
1923 4353 2051 4408 abs-

404 4446 517 4501 que
547 4431 779 4487 tunicis.
806 4436 1047 4489 Postero
1075 4432 1168 4488 die
1190 4433 1529 4489 instituitur
1556 4439 1817 4509 exceptio
1835 4441 2048 4501 deximi

2168 3279 2700 3361 χρυσοστοιϐάστους
2766 3285 2904 3341 κατᾶ
2964 3282 3197 3356 μίμησιν
3250 3288 3349 3351 τῆς
3431 3283 3646 3356 ἑορτῆς
3730 3288 3820 3337 tt}.

2166 3373 2368 3446 Βαίων,
2427 3374 2517 3429 καὶ
2576 3373 3120 3451 λαμπροφορούντων
3162 3372 3404 3441 πάντων,
3472 3371 3819 3448 είσάγεταιή

2163 3463 2312 3534 τάξις
2370 3467 2479 3518 τῶν
2571 3463 2909 3539 μάγίστρων,
2962 3461 3300 3533 ἀνθυπάτων,
3361 3462 3687 3535 πατρικίων
3745 3461 3823 3516 καὶ

2166 3550 2532 3630 ὀφφικιαλίων
2592 3550 2896 3629 ἔμπροσθεν
2936 3555 3035 3607 τοῦ
3078 3548 3362 3619 δεσπότου,
3396 3550 3489 3605 καὶ
3556 3548 3820 3624 διανομῆς

2163 3648 2272 3699 τῶν
2305 3642 2613 3723 λεχθὲντῶν
2655 3644 2926 3718 σταυρίων
2957 3643 3063 3697 ὕπὸ
3110 3645 3208 3698 τοῦ
3250 3638 3530 3716 βασιλέως
3591 3643 3819 3716 γενομὲ-

2162 3753 2283 3803 νης,
2339 3731 2602 3801 τελεῖται,
2662 3731 2737 3794 ὡς
2802 3727 3025 3810 ἔφαμεν,
3071 3727 3313 3804 δημοσία
3368 3727 3622 3792 λιτάνιος
3686 3753 3818 3806 προ-

2164 3820 2373 3884 ἐλευσις
2404 3823 2508 3877 άπὸ
2537 3825 2634 3877 τοῦ
2664 3825 2795 3876 ναοῦ
2838 3824 2939 3887 τῆς
2999 3820 3189 3897 Ἀγίας
3229 3819 3497 3875 Θεοτὸκου
3562 3826 3666 3877 τοῦ
3712 3824 3819 3876 Φά-

2165 3933 2261 3987 ρου
2318 3911 2408 3967 ἐπὶ
2458 3913 2550 3966 τὸν
2603 3905 2968 3985 περίϐλεπτον
3025 3909 3150 3965 ναὸν
3200 3911 3301 3974 τῆς
3348 3910 3620 3983 Μεγάκης
3680 3913 3817 3970 Νέας

2164 4000 2479 4072 ἐκκλησίας,
2527 3999 2619 4055 καὶ
2685 3998 3026 4073 τελουμένης
3079 4005 3181 4068 τῆς
3239 3997 3385 4071 ἱερὰς
3437 3997 3820 4075 λειτουργίας,

2163 4090 2477 4159 προτίθεται
2507 4089 2827 4163 κλητώριον
2859 4093 2938 4161 τῷ
2983 4087 3200 4164 βασιλεῖ
3238 4086 3325 4142 ἐπὶ
3364 4092 3464 4143 τοῦ
3515 4107 3821 4164 χρυσοτριο

2161 4177 2378 4250 κλίνου,
2408 4178 2498 4233 καὶ
2530 4182 2864 4233 συνεστιᾶται
2893 4183 3011 4239 τοῖς
3047 4176 3359 4253 βασιλεῦσιν
3401 4177 3433 4233 ὅ
3460 4198 3519 4232 τε
3547 4180 3821 4253 πατριάρ-

2164 4287 2271 4343 χης
2323 4268 2413 4322 καὶ
2471 4268 2523 4322 c't
2580 4265 3010 4341 μητροπολῖται,
3057 4266 3373 4344 μάγιστροι,
3432 4264 3821 4340 πραιπὸσιτοι.

2161 4356 2477 4426 ἀνθύπατοι,
2523 4356 2828 4430 πατρίκιοι,
2882 4353 3227 4434 ὀφφικιάλιοι
3274 4356 3365 4410 καὶ
3416 4354 3599 4411 λοιποὶ
3654 4356 3826 4429 βασι-

2161 4448 2309 4505 λικοὶ
2340 4447 2479 4503 κατὰ
2505 4448 2567 4502 τὸ
2608 4448 2777 4502 ποσὸν
2824 4453 2925 4517 τῆς
2953 4446 3241 4522 τραπέζης.
3301 4446 3695 4522 Προκαθέζεται
3762 4445 3822 4503 δὲ

402 4517 526 4589 [seu
560 4518 942 4579 salutantium
966 4537 1268 4593 procerum
1292 4522 1499 4596 turbae]
1521 4528 1578 4580 et
1599 4528 1792 4599 magni
1814 4531 2044 4601 saximi,

2243 4532 2499 4611 βασιλεὺς
2561 4534 2696 4608 μετᾶ
2749 4538 2847 4591 τοῦ
2897 4533 3099 4589 οἰκείου
3158 4529 3509 4606 διόητησίου,
3567 4534 3661 4590 καὶ
3736 4533 3821 4591 δεῖ

400 4610 830 4701 propositisque
842 4612 1027 4683 epulis
1041 4612 1444 4701 imperialibus
1464 4631 1639 4687 super
1651 4634 1859 4691 magna
1879 4638 2046 4680 men-

2183 4610 2302 4697 ιμᾶς
2332 4624 2564 4701 εἰσάγειν
2596 4626 2688 4679 καὶ
2733 4623 2938 4698 ἐξάγειν
2988 4625 3193 4686 πάντας
3246 4624 3375 4686 τοὺς
3429 4621 3816 4697 κεκλημένους

401 4714 467 4754 sa
502 4698 559 4753 in
583 4698 905 4756 Justiniani
928 4700 1183 4758 triclinio
1215 4703 1483 4775 praesidet
1506 4704 1823 4779 imperator
1853 4712 1912 4768 in
1938 4730 2045 4771 suo

2158 4715 2291 4788 μετὰ
2362 4718 2472 4769 τῶν
2523 4714 2738 4769 οἰκείων
2789 4712 2965 4769 αὐτῶν
3022 4712 3413 4785 άλλαξιμάτων
3477 4716 3658 4789 χωρὶς
3709 4720 3817 4771 τῶν

400 4786 712 4857 dibetesio;
737 4793 1125 4862 nostrumque
1150 4796 1241 4848 est
1261 4792 1507 4850 invitare
1528 4796 1600 4851 ad
1621 4799 1946 4857 convivium
1972 4804 2044 4859 ab

2183 4801 2483 4880 ιλανιδίων.
2536 4804 2618 4879 Γῇ
2660 4801 2717 4860 δὲ
2764 4802 3018 4877 ἐπαύριον
3072 4800 3317 4859 τελεῖται
3384 4786 3633 4873 δεείιυσις
3684 4802 3817 4876 διες.

399 4878 602 4937 ordine
619 4878 756 4935 inde
773 4878 1247 4952 prmpositorum,
1262 4883 1665 4954 patriciorum,
1681 4888 2041 4964 ofﬁcialium,

2159 4915 2263 4969 μου
2292 4893 2383 4949 καὶ
2429 4893 2675 4970 μεγάλου
2735 4893 2986 4967 σαξίμου,
3045 4893 3132 4948 καὶ
3188 4891 3541 4968 προτεθέντος
3593 4893 3816 4968 βασιλι-

1437 4999 1641 5058 JOAN.
1682 5002 1825 5061 JAC.
1867 5007 2127 5067 REISKII
2164 5009 2760 5070 COMMENTARIUS.

398 5100 640 5172 apparet
670 5109 737 5151 ex
770 5091 879 5172 hoc
926 5092 1073 5159 loco,
1106 5094 1549 5172 Constantinum
1591 5114 1626 5154 a
1668 5106 1832 5172 patre
1862 5103 2052 5163 Leone

395 5166 525 5221 vivo
558 5170 925 5231 coronatum,
961 5181 1079 5221 non
1119 5169 1249 5231 post
1298 5166 1423 5236 ejus
1473 5166 1772 5229 excessum
1811 5175 2048 5235 demum

397 5237 603 5309 fuisse.
637 5244 702 5293 ut
725 5236 910 5309 aliqui
941 5236 1255 5309 tradidere.

469 5308 547 5379 (6)
575 5308 699 5393 Non
732 5306 889 5365 inest
915 5308 1126 5393 vitium
1149 5306 1284 5393 huic
1307 5325 1576 5393 numero,
1597 5316 1749 5384 quod
1780 5317 2047 5393 aliqum-

396 5378 484 5436 do
512 5379 812 5449 putabam,
845 5380 1116 5452 quamvis
1146 5386 1344 5436 auctor
1375 5378 1638 5440 ordinem
1672 5403 1851 5446 suum
1878 5378 2051 5449 dese-

394 5454 486 5507 rat
517 5454 576 5506 et
605 5455 871 5523 octavum
902 5453 1037 5509 Maii
1062 5457 1191 5523 post
1220 5453 1599 5510 undecimum
1630 5458 1892 5519 collocet.
1914 5464 2048 5521 Maii

395 5522 636 5610 enim__8
666 5521 1075 5610 celebrabatur
1124 5525 1409 5582 memoria
1454 5525 1697 5587 Joannis
1746 5533 2046 5610 Theologi,

396 5600 461 5652 ut
490 5612 521 5653 e
553 5595 790 5655 Meneis
824 5600 1072 5653 constat.

2230 5108 2458 5187 (Z)__Vid.
2494 5106 3048 5187 Cedre_n,p_ag.§96.
3068 5108 3127 5162 et
3146 5103 3363 5187 S'cript.
3382 5111 3529 5187 post
3544 5107 3808 5187 Theoph:

2162 5174 2359 5250 p.215
2406 5196 2457 5250 ογ.
2496 5181 2618 5235 100.
2670 5174 3023 5250 Ιηῐόιιῖεἰῐυι·
3054 5174 3296 5250 e_x__hoc_
3320 5174 3470 5250 loco.
3503 5174 3731 5235 factum‘
3754 5181 3807 5235 id

2164 5245 2295 5331 esse
2324 5251 2396 5331 29
2422 5249 2585 5331 Julii,
2617 5266 2729 5331 q_uo
2760 5245 3209 5331 memoriajllim
3238 5248 3533 5331 prophetist
3560 5251 3803 5331 celebra:

2158 5325 2322 5393 tura
2350 5321 2589 5381 Graecis.
2637 5319 2898 5393 Tempus
2946 5319 3082 5377 facti
3128 5319 3539 5391 praeterierunt
3586 5321 3801 5379 laudati

2157 5392 2492 5449 scriptores.

2228 5410 2664 5535 ἷθῗῐὲδῇῖουω,
2695 5464 2853 5536 quod
2883 5462 2943 5518 in
2964 5460 3306 5536 ﬁne_of_t_icii,
3339 5459 3421 5536 ὲν-
3434 5467 3503 5530 τῆ
3539 5462 3801 5536 inuolues.

2157 5529 2418 5608 canitur;
2449 5536 2565 5608 vid.
2599 5529 2686 5592 Du
2712 5529 2907 5605 Cange
2954 5550 3006 5591 ν.
3039 5529 3359 5608 ᾼ⁹πὸλυσις.
3390 5533 3496 5590 Pro
3539 5532 3805 5608 ζσόμυλον

2160 5611 2222 5663 ut
2249 5607 2307 5664 in
2336 5607 2692 5666 membranis
2724 5604 3022 5680 est,’patet
3050 5605 3359 5679 legendum
3387 5619 3515 5663 esse
3538 5604 3800 5681 ίσόμελον
