3972 6214
167 295 399 358 1409

1123 299 1226 359 DE
1268 293 1716 361 CERIMONIIS
1761 288 1993 353 AULIE
2034 288 2505 351 BYZAN'l‘INrE
2544 291 2699 351 LIB.
2746 290 2822 351 ΙΙ.

3508 297 3666 359 1410

163 432 310 484 κοῦ
373 427 717 504 γλητωρίου
766 425 855 484 ἐπὶ
895 427 1212 498 ἀποκοπτῆς
1258 428 1534 504 τραπὲζης
1573 426 1624 481 ἐν
1673 427 1753 495 τῷ
1781 423 1886 477 Ἴου

2024 427 2082 478 et
2109 421 2196 478 sic
2226 438 2418 494 porro,
2463 423 2788 489 secretioos,
2819 423 2976 480 450
3025 429 3314 498 quotquot
3362 432 3667 504 campagia

168 520 532 572 στινιανοῦ
588 515 882 591 τρικλίνῳ,
923 516 1314 590 προκαθέζεται
1365 518 1394 573 ὁ
1457 512 1712 592 βασιλεὺς
1780 530 1889 584 μετι

2023 516 2252 582 gerunt,
2285 528 2389 584 pro
2437 511 2662 568 ratione
2687 527 2931 581 mensae;
2963 527 3180 584 eosque
3209 515 3579 578 introducere
3607 525 3665 577 et

169 610 307 660 τοῦ
389 603 615 660 οἰκείου
673 600 1026 677 διϐητησίου,
1082 606 1173 660 καὶ
1241 603 1324 661 δεῖ
1368 607 1518 678 ἡμᾶς
1579 601 1912 676 εὐτρεπίζειν

174 693 282 757 εἷς
327 693 696 751 συνεστίασιν
755 693 921 750 αὐτοῦ
976 695 1080 750 ἀπὸ
1114 701 1215 765 τῆς
1261 695 1464 766 τάξεως
1509 690 1910 768 πραιποσίτων,

173 784 576 861 πατρικίων,
636 782 1003 863 όφφικιαλίων
1078 784 1168 840 καὶ
1250 783 1358 840 aut
1416 788 1525 840 τῶν
1585 782 1907 856 σεκρετικῶν

174 877 322 929 τῶν
365 875 492 930 ὑπὸ
529 875 846 952 καμπάγιον
886 873 1103 930 πάντων
1155 875 1292 931 κατά
1337 875 1402 931 τὸ
1451 875 1618 929 ποσὸν
1645 878 1747 942 τῆς
1783 888 1911 944 τρα-

180 962 449 1035 πέζης’
513 963 747 1040 εἰσάγειν
813 960 871 1018 δὲ
927 963 1124 1026 αὐτοὺς
1191 964 1281 1019 καὶ
1339 962 1547 1038 ἒξάγειν
1606 961 1743 1034 μετά
1797 962 1904 1012 τῶν

187 1053 461 1109 οἰκείων
495 1053 891 1127 ἀλλαξιμάτων
920 1074 978 1109 τε
1011 1054 1102 1108 καὶ
1143 1051 1468 1133 χλανιδίων.
1501 1051 1638 1113 Τοὺς
1669 1047 1727 1104 δὲ
1776 1047 1906 1104 λοι-

186 1142 365 1204 ποὺς
442 1141 809 1219 μαγίστρους,
842 1142 1180 1204 ἀνθυπάτους
1228 1142 1550 1214 πατρικίους
1599 1140 1689 1193 καὶ
1734 1138 1904 1192 ἅπαν-

189 1253 308 1294 τας
381 1232 527 1295 τοὺς
604 1230 929 1306 βασιλικοὺς
1004 1231 1318 1307 ἀνθρώπους
1373 1230 1649 1305 ταμιεύειν
1712 1225 1906 1288 αὐτοὺς

199 1322 368 1394 μετά
405 1321 703 1396 θωρακίων
737 1318 829 1375 καὶ
859 1316 1272 1393 κονδομανίκων
1302 1319 1378 1381 είς
1407 1320 1470 1374 τὸ
1519 1319 1742 1390 σάξιμον
1802 1321 1903 1384 τῆς

195 1409 543 1484 τραπέζης,
593 1409 947 1486 χορευόντων
1003 1407 1059 1464 δὲ
1097 1410 1312 1465 πάντων
1357 1408 1510 1482 πέριξ
1549 1410 1649 1472 τῆς
1683 1403 1904 1480 βασιλι-

197 1505 324 1567 κῆς
369 1498 660 1572 τραπέζης
715 1498 806 1554 καί
865 1499 963 1567 τήν
1029 1496 1315 1574 ἀνάρρυσιν
1357 1496 1749 1570 εὐφημούντων
1805 1497 1902 1549 τοῦ

203 1589 566 1666 σοφωτάτου
600 1587 886 1662 δεσπότου,
919 1586 1129 1644 δίδοται
1160 1590 1288 1664 παρ’
1319 1587 1484 1644 αὐτοῦ
1549 1588 1768 1648 τούτοις
1820 1584 1899 1647 εἷς

205 1677 570 1760 φιλοτιμίας
604 1677 844 1734 ἐπίδοσιν
876 1674 1220 1752 ἀποκόμϐιον
1278 1673 1409 1753 ἔχον
1446 1681 1659 1753 χρυσοῦ
1708 1677 1898 1750 λίτρας

205 1769 259 1842 γ’
289 1787 304 1800 ο
354 1767 663 1846 προσέχειν
699 1766 756 1822 δὲ
798 1769 881 1822 δεῖ
907 1768 1008 1836 τήν
1047 1766 1372 1843 ἀκτολογίαν
1413 1771 1511 1822 τοῦ
1563 1763 1767 1839 δήμου,
1808 1763 1897 1818 καὶ
1930 1804 1973 1869 Β

213 1855 266 1869 ,.
459 1859 488 1869 -
572 1858 596 1869 ..
913 1855 925 1869 .
1118 1854 1136 1869 η
1250 1855 1260 1869 .
1334 1860 1353 1869 .ν
1528 1859 1537 1869 .
1665 1853 1677 1869 .
1821 1851 1834 1869 .

211 1855 520 1926 ἐξανιστᾷν
563 1858 796 1919 ἅπαντας
845 1855 972 1919 τοὺς
1019 1854 1396 1929 κεκλημένοῦς
1441 1859 1576 1931 πρὸς
1629 1851 1898 1932 εὐφημίαν

212 1948 324 2000 τοῦ
372 1942 652 2000 δεσπότου
698 1946 836 2002 κατά
875 1947 966 2002 τὸν
1012 1947 1392 2023 προγραφέντα
1444 1945 1636 2000 τύπον.
1677 1943 1898 2022 Ἐφεξῆς

217 2029 283 2087 δὲ
335 2032 558 2104 ταύτης
608 2036 711 2100 τῆς
759 2033 970 2110 ἡμέρας
1017 2034 1255 2090 τελεῖται
1300 2031 1667 2107 πεζοδρόμιον
1722 2031 1897 2107 βωτὸν

217 2125 339 2176 τῶν
367 2119 622 2178 πολιτῶν
677 2124 924 2179 τυπωθὲν
983 2123 1071 2178 ἐπὶ
1116 2124 1348 2186 Λὲοντος
1379 2126 1477 2178 τοῦ
1526 2120 1899 2196 φιλοχρίστου

220 2207 531 2285 δεσπότου,
563 2213 654 2268 καὶ
710 2211 952 2268 δίδονται
1011 2209 1301 2291 σφραγίδια
1322 2215 1399 2286 (9)
1431 2212 1505 2272 ὡς
1555 2210 1692 2266 κατὰ
1728 2209 1897 2266 τύπον

218 2305 325 2356 τοῦ
391 2302 582 2376 βωτοῦ
638 2299 1034 2378 πεζοδρομίου,
1069 2305 1160 2358 καὶ
1217 2300 1532 2377 προτίθεται
1589 2300 1904 2375 κλητώριον

220 2396 307 2464 τῷ
345 2392 570 2466 βασιλεῖ
609 2391 699 2448 ἐπὶ
757 2392 1082 2464 ἀποκοπτῆς
1134 2393 1408 2467 τραπέζης
1467 2391 1603 2447 κατά
1638 2392 1740 2461 τήν
1803 2387 1903 2464 μέ-

228 2502 333 2553 σην
399 2481 545 2538 θέσιν
602 2486 701 2539 τοῦ
759 2487 1090 2559 περιφανοῦς
1143 2481 1426 2558 τρικλίνου
1487 2485 1596 2537 τῶν
1671 2481 1732 2534 ιθ’
1777 2499 1902 2556 τερ-

228 2575 383 2627 πνῶν
441 2565 769 2640 ἀκουϐίτων,
826 2573 917 2627 καὶ
979 2577 1361 2628 συνεστιῶνται
1424 2575 1504 2644 τῷ
1574 2566 1794 2646 βασιλεῖ
1850 2570 1901 2624 οῖ

230 2658 598 2734 πραιπόσιτοι
656 2662 747 2715 σὺν
807 2666 923 2723 τοῖς
1013 2660 1304 2737 εὐνούχοις
1388 2658 1903 2735 πρωτοςπαθαρίοις

233 2749 327 2803 καὶ
366 2749 796 2824 πριμικηρίοις,
863 2752 956 2805 τὸν
1023 2751 1253 2826 ἀριθμὸν
1334 2750 1410 2821 ἓξ,
1471 2750 1730 2813 ὡσαύτως
1810 2749 1900 2804 καὶ

235 2838 432 2902 πάντες
463 2841 516 2894 οἱ
547 2841 778 2912 πένητες
811 2841 864 2895 οἱ
905 2842 975 2896 τὰ
1012 2838 1307 2919 σφραγίδια
1335 2845 1433 2896 τοῦ
1504 2839 1774 2916 βασιλέως
1815 2837 1905 2894 διά

241 2929 433 3004 χειρὸς
480 2934 587 2985 τῶν
654 2929 989 3006 μεγιστάνων
1037 2925 1315 2999 λαϐόντες,
1375 2930 1466 2984 καὶ
1540 2926 1750 2985 δίδοται
1807 2929 1906 2984 αὐ-

239 3025 358 3082 τοῖς
413 3015 762 3092 ἀποκόμϐιον
840 3020 941 3075 ἀνὰ
1008 3018 1354 3093 νομίσματος
1414 3040 1447 3074 α
1500 3019 1548 3095 γ’
1604 3021 1741 3094 (10).
1802 3018 1905 3075 Καὶ

249 3108 362 3180 μεθ’
416 3109 627 3183 ἡμέρας
676 3105 772 3163 δύο
851 3108 1091 3164 τελεῖται
1186 3109 1413 3164 ἱππικὸν
1496 3104 1890 3184 ἱπποδρόμιον,

244 3194 335 3250 καὶ
391 3195 702 3270 προτίθεται
781 3194 1094 3272 κλητώριον
1163 3195 1251 3250 ἐπὶ
1305 3199 1402 3251 τοῦ
1460 3194 1742 3271 τρικλίνου
1797 3198 1894 3250 τοῦ

247 3285 597 3360 καθίσματος,
657 3285 749 3340 καὶ
834 3287 917 3341 δεῖ
992 3287 1141 3358 ἡμᾶς
1212 3286 1544 3360 εὐτρεπίζειν
1613 3285 1691 3346 εἷς
1771 3306 1893 3340 συν-

249 3375 473 3429 εστίασιν
554 3374 634 3446 τῷ
723 3371 940 3449 βασιλεῖ
1022 3372 1215 3450 φίλους
1296 3373 1432 3427 κατά
1506 3371 1600 3427 τὸν
1663 3369 1716 3426 ἒν
1775 3376 1894 3434 τοῖς

249 3460 675 3538 ἱπποδρομικοῖς
749 3461 1089 3536 κλητωρίοις
1165 3459 1434 3536 λεχθέντα
1519 3461 1706 3517 τύπον.
1768 3462 1893 3518 Ἐπὶ

255 3547 310 3605 δὲ
336 3558 428 3621 τῆς
457 3558 500 3615 ς’
521 3557 620 3606 τοῦ
650 3550 963 3625 Αὐγούστου
1023 3551 1196 3624 μηνὸς
1227 3553 1338 3624 (11)
1369 3552 1581 3625 ἡμέρας
1647 3549 1896 3606 ἐκτελεῖ-

254 3641 394 3708 ταιὴ
431 3636 753 3712 προέλευσις
816 3638 952 3711 μετά
1008 3637 1382 3710 ἀλλαξίματος
1431 3638 1491 3692 ἐν
1542 3638 1611 3712 τῇ
1668 3638 1891 3715 Μεγάλῃ

256 3731 347 3784 τοῦ
395 3732 524 3784 Θεοῦ
588 3727 860 3801 καθολικῇ
921 3725 1208 3797 ἐκγλησίᾳ,
1249 3727 1338 3781 καὶ
1402 3724 1744 3800 τελουμένης
1793 3735 1894 3797 τῆς

259 3818 396 3892 ἱερᾶς
447 3815 818 3893 λειτουργίας,
850 3819 1226 3871 συνεστιῶνται
1267 3819 1346 3887 τῷ
1387 3815 1608 3890 βασιλεῖ
1653 3816 1704 3870 οἱ
1752 3817 1894 3871 πολ-

261 3904 406 3968 λάκις
451 3905 536 3962 ἐπὶ
595 3910 694 3960 τοῦ
743 3905 1020 3981 κράματος
1075 3903 1539 3978 μνημονευθὲντες
1596 3902 1771 3982 φίλοι,
1803 3905 1893 3959 καὶ

266 3996 620 4072 ὑποστρέφειὸ
655 3995 908 4072 βασιλεὺς
956 3995 1044 4050 ἐπὶ
1100 3997 1164 4051 τὸ
1211 3993 1478 4051 παλάτιον
1544 3993 1893 4070 ἒμπράττως,

264 4086 345 4141 καὶ
371 4085 671 4162 προτίθεται
702 4083 1016 4161 κλητώριον
1047 4090 1127 4158 τῷ
1180 4085 1397 4160 βασιλεῖ
1436 4085 1524 4141 ἐπὶ
1574 4083 1893 4156 ἀποκοπτῆς

264 4171 513 4252 τραπέζης
589 4175 640 4232 ἂν
727 4180 806 4248 τῷ
865 4176 1246 4231 Ἰουστινιανοῦ
1315 4173 1604 4250 τρικλίνῳ,
1661 4176 1751 4231 καὶ
1812 4173 1894 4231 δεῖ

267 4268 398 4340 ἡμᾶς
426 4265 748 4341 εὐτρεπίζειν
799 4265 875 4328 είς
933 4264 1264 4321 συνεστίασιν
1321 4269 1402 4338 τῷ
1454 4263 1671 4340 βασιλεῖ
1700 4265 1896 4343 φίλους

270 4355 361 4410 ἀπὸ
410 4361 505 4425 τῆς
551 4355 753 4428 τάξεως
798 4357 907 4410 τῶν
957 4353 1285 4428 μαγίστρων,
1322 4354 1659 4425 ἀνθυπάτων,
1700 4374 1892 4429 πατρι-

270 4443 402 4512 κίων,
453 4440 844 4522 όφφικιαλίων,
928 4442 1425 4520 πρωτοσπαθαρίων
1510 4443 1602 4499 καὶ
1673 4444 1886 4500 λοιπῶν

2020 600 2268 657 educere
2295 602 2354 657 in
2385 601 2510 658 suis
2534 602 2860 658 mutatoriis
2881 606 2936 657 et
2957 601 3192 660 tunicis.
3217 604 3444 677 Reliqui
3466 614 3659 667 autem

2021 693 2343 761 magnetes,
2404 693 2470 745 ut
2527 690 2818 762 magistri,
2872 692 3273 762 proconsules,
3331 696 3560 764 patricii
3606 703 3662 753 et

2020 794 2222 835 omnes
2236 779 2504 835 homines
2535 778 2866 850 imperiales
2889 787 3254 836 reservantur
3283 783 3356 838 ad
3388 799 3663 855 peragen-

2019 869 2158 923 dum
2189 868 2248 923 in
2280 869 2619 926 thoracibus
2666 874 2723 926 et
2751 869 3211 927 condomaniciis
3239 872 3529 928 saximum
3562 880 3662 930 aut

2018 957 2290 1014 choream
2323 974 2560 1015 mensae.
2586 957 2950 1014 Saltantibus
2981 963 3178 1015 autem
3212 961 3488 1017 omnibus
3509 961 3660 1017 circa

2015 1063 2241 1103 sacram
2276 1063 2542 1104 mensam
2572 1052 2629 1103 et
2657 1047 3064 1104 liberationem
3097 1050 3520 1121 sapientissimi
3553 1050 3656 1107 do-

2017 1137 2160 1192 mini
2174 1137 2603 1193 celebrantibus
2619 1137 2789 1193 datur
2809 1139 2882 1193 ab
2904 1139 3030 1210 ipso
3045 1143 3274 1195 nomine
3287 1140 3424 1196 doni
3446 1142 3661 1211 gratui-

2013 1228 2056 1284 ti
2082 1229 2487 1300 apocombium
2507 1229 2814 1284 continens
2831 1228 2995 1285 litras
3018 1231 3477 1287 tres.Attendere
3499 1233 3659 1287 dein-

2013 1333 2149 1388 ceps
2179 1322 2423 1388 oportet,
2445 1317 2676 1388 quando
2701 1319 2976 1374 factiones
2994 1325 3123 1374 acte
3143 1319 3654 1393 dicereincipiant,

2012 1410 2201 1461 ettum
2225 1405 2474 1462 excitare
2496 1407 2764 1462 convivas
2793 1408 2865 1463 ad
2890 1408 3093 1464 laudes
3113 1409 3654 1480 dominidicendas,

2013 1501 2186 1568 prout
2207 1514 2382 1569 supra
2413 1497 2810 1570 praescriptum
2834 1501 3303 1557 est.Immediate
3337 1506 3468 1574 post
3487 1501 3653 1558 illum

2012 1585 2166 1642 diem
2198 1585 2494 1658 peragitur
2513 1591 2710 1642 votum
2735 1588 3171 1658 pezodromium
3203 1605 3301 1645 seu
3337 1606 3452 1659 quo
3485 1592 3654 1662 pede-

2011 1677 2157 1730 stres
2188 1675 2396 1730 urbani
2447 1691 2718 1732 cursores
2764 1682 3011 1745 certant,
3043 1695 3075 1732 a
3108 1677 3316 1746 Leone,
3356 1678 3652 1734 Christum

2011 1768 2244 1820 amante
2256 1763 2850 1833 domino,instilutum
2867 1771 2924 1821 et
2937 1766 3271 1823 ordinatum
3288 1783 3302 1834 ;
3321 1769 3653 1838 daoturque

2006 1852 2403 1925 [pauperibus]
2437 1862 2686 1922 tesseris,
2721 1861 2786 1908 ut
2813 1853 2874 1908 in
2904 1853 3006 1910 tali
3037 1861 3170 1911 voto
3191 1859 3447 1912 cursorio
3474 1857 3653 1913 moris

2005 1947 2109 1998 est.
2133 1942 2278 1999 Dein
2310 1949 2720 2014 proponuntur
2740 1959 2914 1999 sacrae
2947 1945 3124 2017 dapes
3154 1961 3334 2017 super
3363 1945 3654 2016 peculiare

2006 2047 2208 2088 mensa
2238 2034 2297 2087 in
2323 2033 2513 2088 media
2543 2037 2706 2104 parte
2727 2032 2970 2088 illustris
2997 2034 3652 2105 tricliniijucundorum

2007 2123 2389 2178 novendecim
2421 2123 2798 2178 accubituum
2826 2124 3071 2178 seorsim
3105 2123 3316 2194 posita.
3339 2125 3656 2180 Convivan-

2005 2215 2101 2268 tur
2121 2211 2463 2284 imperatori
2492 2211 2814 2284 praepositi,
2835 2213 3091 2269 eunuchi
3123 2215 3573 2286 protospatharii
3597 2219 3655 2269 et

2007 2303 2395 2374 primicerius,
2428 2302 2490 2359 in
2537 2303 2874 2360 universum
2917 2303 2976 2359 hi
3007 2321 3144 2372 sex;
3177 2304 3388 2360 deinde
3419 2320 3652 2376 quoque

2007 2408 2293 2465 pauperes
2317 2408 2544 2460 omnes,
2575 2392 2670 2463 qui
2701 2397 2950 2449 tesseras
2977 2392 3306 2464 imperiales
3328 2409 3425 2464 per
3445 2409 3653 2449 manus

2009 2488 2351 2555 magnatum
2373 2485 2749 2554 acceperunt;
2775 2481 2835 2536 hi
2858 2482 3154 2538 donantur
3174 2482 3392 2540 viritim
3408 2482 3656 2553 singulis

2010 2571 2275 2627 nummis
2303 2575 2360 2627 et
2380 2569 2682 2642 quaternis
2702 2569 3162 2627 miliarensibus.
3185 2570 3377 2628 Tertio
3408 2570 3503 2628 die
3524 2576 3656 2643 post

2010 2660 2309 2734 peragitur
2356 2664 2651 2716 certamen
2710 2668 2976 2731 equestre
3023 2661 3377 2729 cursorium,
3427 2665 3484 2716 et
3513 2659 3657 2716 cele-

2010 2751 2211 2807 bratur
2240 2750 2566 2806 convivium
2600 2749 2660 2805 in
2692 2751 2946 2807 triclinio
2976 2750 3363 2821 cathismatis,
3391 2751 3464 2807 ad
3496 2751 3653 2823 quod

2009 2839 2328 2896 invitamus
2358 2840 2594 2910 amicos,
2627 2857 2776 2911 quos
2808 2840 2985 2896 moris
3025 2855 3154 2896 esse
3197 2841 3258 2896 in
3291 2840 3446 2896 ludis
3477 2856 3654 2912 eque-

2010 2930 2230 2986 stribus
2260 2929 2494 2985 invitari
2539 2946 2720 3001 supra
2757 2928 3036 2986 diximus.
3071 2929 3172 2985 Die
3218 2930 3459 3001 Augusti
3491 2934 3652 2987 sexto

2010 3018 2338 3076 celebratur
2364 3018 2660 3091 processio
2695 3019 2751 3074 in
2787 3017 3118 3074 mutatoriis
3147 3020 3205 3074 in
3240 3034 3515 3089 magnam
3547 3019 3649 3075 Dei

2009 3109 2358 3166 catholicam
2389 3107 2723 3178 ecclesiam,
2765 3123 3046 3179 sacroque
3075 3108 3266 3164 officio
3298 3108 3484 3173 ﬁnito,
3516 3124 3652 3165 con-

2008 3199 2271 3254 vivantur
2317 3198 2533 3254 ibidem
2563 3196 2903 3269 imperatori
2937 3197 3132 3262 amici,
3177 3213 3324 3268 quos
3354 3213 3507 3269 saepe
3531 3198 3650 3266 jam

2000 3287 2456 3358 nominavimus,
2508 3287 2578 3343 de
2621 3287 2798 3344 mixto
2837 3303 2971 3343 cum
3031 3303 3507 3343 memoraremus.
3541 3286 3653 3342 Re-

1999 3377 2248 3435 vertitur
2272 3377 2549 3448 deinceps
2587 3376 2904 3448 imperator
2933 3377 2990 3432 in
3030 3375 3308 3448 palatium
3339 3375 3652 3448 splendida

1999 3483 2132 3523 cum
2153 3483 2390 3540 pompa,
2409 3465 2640 3537 ipsique
2661 3466 3258 3537 proponunturdapes
3278 3464 3336 3520 in
3362 3465 3650 3536 peculiare

1999 3572 2205 3612 mensa
2236 3554 2478 3611 triclinii
2505 3554 2960 3626 Justiniani,quo
2979 3555 3294 3610 invitamus
3313 3555 3646 3626 magistros,

2003 3643 2402 3716 proconsules,
2427 3642 2722 3714 patricios,
2739 3642 3040 3714 officiales,
3075 3643 3574 3716 protospatharios
3595 3649 3652 3700 et

2003 3732 2260 3802 reliquos
2289 3735 2586 3787 senatores
2615 3733 2925 3802 campagia
2945 3737 3209 3800 gerentes
3238 3749 3343 3803 pro
3369 3733 3652 3803 capacita-

2001 3823 2060 3874 te
2093 3834 2330 3873 mensae.
2358 3818 2818 3873 Introducuntur
2836 3823 2894 3873 et
2915 3819 3251 3874 educuntur
3279 3820 3338 3872 in
3371 3821 3494 3876 suis
3525 3837 3650 3878 mu-

2000 3907 2229 3964 tatoriis
2247 3907 2467 3978 absque
2487 3907 2727 3975 tunicis,
2750 3907 2887 3977 quia
2907 3908 3082 3964 etiam
3106 3908 3233 3980 ipse
3252 3909 3570 3981 imperator
3589 3912 3649 3966 in

2003 4014 2111 4054 suo
2128 3997 2410 4053 dibetesio
2441 3995 2730 4068 praesidet.
2751 3996 3025 4067 Ejusdem
3059 3998 3280 4054 mensis
3309 3999 3399 4054 die
3421 3999 3647 4056 decimo

2001 4089 2204 4162 quinto
2234 4089 2383 4146 461
2423 4086 2716 4160 peragitur
2741 4087 2974 4160 publica
3005 4089 3301 4162 processio
3339 4089 3646 4146 dormitio-

2001 4180 2092 4235 nis
2114 4177 2496 4234 sanctissimae
2518 4177 2774 4232 Dominae
2800 4177 2892 4232 Dei
2902 4193 3048 4248 para;
3067 4178 3126 4234 in
3147 4180 3477 4235 venerabile
3498 4183 3648 4236 tem-

2001 4268 2163 4343 plum
2187 4268 2335 4339 ejus,
2357 4269 2504 4338 quod
2525 4272 2614 4323 est
2645 4266 2703 4322 in
2728 4266 3085 4334 blachernis,
3111 4285 3394 4340 sacroque
3416 4275 3647 4341 peracto

2001 4357 2214 4425 ofﬁcio,
2241 4355 2590 4429 preponitur
2613 4356 2924 4428 prandium
2946 4372 3118 4428 super
3140 4373 3337 4415 mensa
3360 4357 3648 4430 peculiare

2000 4448 2060 4503 in
2091 4445 2367 4502 inferiore
2397 4444 2672 4514 triclinio,
2695 4446 2847 4517 quod
2884 4461 3086 4502 versus
3123 4446 3336 4519 palatia
3356 4447 3647 4504 maritima

274 4532 623 4608 συγκλητικῶν
676 4535 784 4587 τῶν
846 4531 950 4587 ὑπὸ
1014 4533 1325 4608 καμπάγιον
1393 4529 1564 4589 ὄντων
1628 4535 1766 4589 κατά
1818 4535 1880 4590 τὸ

2008 4540 2242 4609 spectat,
2276 4509 2667 4606 prasidetque
2691 4509 3009 4606 imperator
3037 4509 3173 4592 cum
3225 4537 3555 4607 patriarcha
3586 4538 3644 4594 in

274 4621 417 4677 ποσὸν
451 4627 548 4691 τῆς
600 4619 872 4695 τραπέζης
903 4639 917 4654 ο
977 4621 1208 4699 εἰσάγειν
1277 4619 1334 4678 δὲ
1403 4622 1601 4686 αὐτοὺς
1651 4626 1744 4680 καὶ
1802 4623 1881 4696 ἐξ·

1993 4645 2100 4684 suo
2132 4625 2435 4682 dibetesio.
2461 4625 2709 4680 Imitare
2728 4626 2801 4680 ad
2825 4625 2986 4681 illius
3010 4626 3258 4684 convivii
3288 4627 3648 4685 communio-

1284 4739 1487 4797 JOAN.
1527 4741 1678 4798 JAC.
1719 4745 1980 4802 BEISKII
2019 4739 2602 4801 COMMENTARIUS.

340 4835 400 4913 l9]
428 4833 1078 4913 Interpretatur__lpcum
1101 4835 1316 4913 _hu_nc_
1335 4838 1478 4895 alter
1526 4838 1718 4896 Nostri
1742 4857 1882 4913 pag.

279 4901 400 4980 21οί
422 4907 514 4980 ubi
545 4901 758 4964 dicitur
789 4925 804 4964 :
837 4901 1059 4980 δίδωσιν
1094 4908 1244 4980 (scil.
1297 4909 1636 4980 Imperator)
1691 4901 1883 4975 αὐτοῖς

283 4974 604 5075 g'pmcegibus
647 4980 792 5075 anuis)
823 4974 1121 5075 σφραγῖδας
1139 4974 1427 5075 ,διανεῖμαι
1458 4985 1575 5075 τοῖς
1607 4974 1882 5075 τπωχοῖς,

281 5049 404 5125 ζὸπως
450 5047 793 5125 ἀνακληθῶσι
849 5047 1080 5125 (id-agt
1135 5047 1486 5125 ἀνακλιθῶσι)
1545 5055 1657 5125 μετ’
1715 5047 1885 5111 αὐτοῦ

284 5120 369 5206 (ita
391 5127 466 5206 est
491 5122 549 5177 in
582 5119 965 5206 meAmbrauipi)
989 5119 1083 5206 eis
1111 5123 1182 5206 τα
1214 5123 1275 5206 ιθ’
1315 5119 1578 5206 ἀκούϐιτα
1617 5128 1754 5181 κατά
1784 5127 1884 5196 τήν

283 5189 474 5270 ἀρχαίαν
527 5193 833 5270 συνῃθειαν,
892 5189 1183 5250 distribuit
1235 5197 1372 5266 ipsis
1437 5202 1690 5266 tesseras,
1751 5189 1886 5270 quas

285 5266 572 5338 distribuant
613 5265 762 5322 inter
798 5279 1081 5336 pauperes,
1138 5265 1269 5338 quoi
1297 5269 1622 5324 recumbant
1678 5265 1774 5338 [ἰδ’
1801 5275 1888 5328 est

286 5334 576 5409 epulantur]
603 5334 1086 5412 cum_imperatore
1112 5334 1172 5392 iii
1208 5337 1272 5391 19
1302 5342 1574 5398 accubitis
1589 5334 1766 5412 juita
1796 5359 1888 5399 ve-

288 5412 420 5464 terem
444 5408 913 5464 consuetudinem.

343 5480 433 5556 (10)
460 5480 703 5556 Reddidi
732 5479 974 5535 nummis
1009 5479 1254 5556 singulis
1304 5489 1356 5538 et
1384 5483 1887 5556 quaternis_miiia-

291 5552 509 5628 sensibus.
537 5552 682 5628 Puto
712 5566 945 5628 nempe,
968 5569 1000 5603 α
1023 5553 1259 5628 quidem
1291 5552 1597 5628 numerum
1629 5553 1890 5628 singula-

292 5625 642 5702 temmautem
665 5625 896 5681 tertiam
910 5624 1139 5680 nummi
1161 5628 1402 5699 partem,
1423 5627 1528 5684 hoc
1539 5624 1893 5700 estquituor

1995 4836 2312 4914 miliaresia
2363 4837 2711 4914 signiﬁcare.
2771 4842 2920 4896 Sane
2960 4860 2995 4914 γ
3043 4857 3174 4898 cum
3225 4842 3419 4914 aliquo
3461 4842 3640 4914 ductu

1995 4910 2205 4969 calami
2251 4909 2441 4965 exstat
2496 4909 2645 4983 inter
2675 4909 3039 4983 compendia
3100 4909 3423 4970 numeratis
3481 4913 3638 4983 apud

1997 4983 2390 5056 Montfaucon.
2426 4998 2483 5056 p.
2531 4981 2633 5056 361
2671 4981 2940 5056 Palaogr.
2971 4987 3198 5056 Graecae,
3248 4992 3304 5039 et
3325 4981 3549 5056 dicitur
3573 4982 3636 5056 τὸ

1995 5051 2356 5130 τριτημόριον
2384 5049 2568 5130 veli?)
2596 5049 2777 5130 τρίτον
2811 5049 2976 5126 μῖρὸς
3008 5049 3288 5130 indicare.
3322 5054 3531 5108 Eadem
3565 5055 3639 5110 de

1996 5120 2176 5184 causa
2210 5120 2289 5198 βδ⁹
2323 5141 2376 5195 p.
2430 5125 2535 5198 454
2593 5120 3011 5198 interpretatus
3056 5127 3131 5198 fui
3194 5127 3347 5181 binas
3385 5141 3638 5198 nummos

1996 5215 2118 5254 cum
2149 5194 2796 5252 ternis’miliarensibus.
2845 5197 3009 5265 Quod
3061 5197 3108 5250 si
3158 5201 3352 5251 autem
3402 5197 3495 5252 hic
3524 5197 3636 5254 loci

1997 5271 2076 5325 sit
2106 5267 2464 5324 reddendum
2515 5267 2668 5324 binos
2712 5285 2959 5324 nummos
3000 5283 3122 5321 cum
3175 5270 3459 5338 quaternis
3489 5268 3638 5335 mil.,

1998 5342 2104 5398 erit
2138 5342 2326 5412 priore
2373 5338 2498 5394 loco
2523 5340 2891 5412 reddendum
2937 5338 3179 5412 singulis
3224 5343 3470 5395 nummis
3512 5357 3640 5395 cum

1996 5409 2167 5468 ternis
2195 5409 2638 5466 mitiarensibus.
2681 5410 2882 5466 Utrum
2913 5410 2989 5465 sit
3033 5410 3264 5480 rectius,
3299 5411 3512 5467 eruditi
3535 5415 3638 5483 ju-

2002 5484 2216 5540 dicent.

2071 5552 2300 5627 (H)‘In
2357 5551 2802 5627 sextum_diem
2855 5553 3106 5627 Augusti
3163 5553 3371 5612 incidit
3421 5553 3637 5612 festum

2000 5622 2562 5698 Transfigurationis
2591 5622 2828 5682 Christi.
