3972 6214
348 348 497 407 1411
1456 333 1988 397 CONSTANTINI
2037 338 2725 405 PORPHYllOGENITl
3702 328 3827 383 ut!

344 493 478 534 nem
512 490 620 531 nos
648 475 875 545 oportet
921 469 1143 528 amicos
1184 470 1258 526 de
1295 466 1499 525 ordine
1547 466 1980 536 magistrorum,

2143 492 2245 547 γειν
2310 471 2444 545 μετὰ
2498 475 2608 526 τῶν
2668 467 2885 523 οῗκείων
2952 464 3363 538 ἀλλαξιμάτων
3442 455 3689 536 χωρὶς
3742 461 3827 507 tis

346 565 809 639 propositorum,
851 559 1295 634 proconsulum,
1345 557 1745 631 patriciorum,
1778 556 1992 613 ofﬁcia-

2143 558 2397 615 Λανιόίων
2429 558 2519 615 διὰ
2572 560 2635 614 τὸ
2691 556 2781 613 καὶ
2820 556 2913 611 τὸν
2966 552 3199 631 βατιλὲα
3244 550 3402 625 μετὰ
3451 551 3595 602 τοῦ
3639 547 3829 597 οἰκεῖ.

347 634 517 725 lium,
549 650 1047 723 metropolitarum
1066 654 1121 705 et
1141 648 1495 721 reliquorum
1520 648 1991 719 magistratuum,

2143 644 2423 720 ιϐητησίου
2489 648 2944 724 προκαθεσθῆναι.
3012 646 3100 716 Τῇ
3179 639 3238 696 δὲ
3329 647 3394 694 ιε’
3459 639 3602 693 «εῡῦ
3688 634 3833 687 :ict'.

348 749 470 800 tam
502 742 919 814 palatinorum,
972 754 1147 811 quam
1198 736 1561 803 militarium,
1622 752 1726 806 pro
1774 737 1995 793 ratione

2146 738 2274 808 ηνὲς
2305 737 2485 812 ἡμέρᾳ
2514 734 2753 793 τελεῖται
2794 732 3036 807 δημοσία
3083 729 3432 807 προελευσις

2104 830 2321 901 μήσεως
2349 834 2448 897 τῆς
2491 825 2779 900 ὑπεραγὶας
2831 822 3130 893 Δεσποίνης
3169 823 3343 894 ἡμῶν
3398 814 3751 873 Θεοτὸκονδ

2097 921 2177 988 τῷ
2217 913 2506 989 πανσέπτῳ
2554 920 2667 986 ναῷ
2732 912 2900 983 αὐτῆς
2954 916 3033 984 τῷ
3109 910 3160 965 ὲν
3234 907 3692 983 Βλαχέρναις,
3760 925 3825 954 υ

2098 1006 2439 1080 τελουμένης
2476 1014 2577 1076 τῆς
2632 1006 2780 1080 ἱερᾶς
2841 1000 3213 1076 λειτουργίας,
3252 1000 3645 1076 προτίθεται
3704 994 3845 1059 κλῇε

2099 1099 2299 1171 τώριον
2360 1096 2445 1152 ἐπὶ
2498 1096 2814 1163 ἀποκοπτῆς
2860 1092 3132 1166 τραπέζης
3200 1091 3253 1144 ἐν
3305 1094 3395 1161 τῷ
3452 1088 3665 1143 κάτω
3737 1105 3815 1157 τρ-

2100 1183 2272 1257 κλίνῳ
2318 1190 2398 1258 τῷ
2446 1182 2562 1239 ὄντι
2601 1184 2687 1239 ἐπὶ
2750 1182 2817 1238 τά
2863 1180 3107 1238 παλάτια
3161 1186 3261 1249 τῆς
3326 1177 3718 1243 Θαλάσσης,
3768 1178 3845 1227 ι.εέ

2103 1274 2490 1345 προκαθέζεται
2557 1275 2585 1329 ὁ
2647 1273 2902 1348 βασιλεὺς
2949 1269 3039 1325 σὺν
3098 1274 3177 1342 τῇ)
3235 1267 3633 1341 πατριάρχῃ
3710 1268 3845 1334 μετέ

2103 1368 2199 1418 τοῦ
2240 1363 2441 1419 οἰκείου
2501 1363 2668 1419 αὐτοῦ
2723 1357 3070 1433 διϐητησίου.
3104 1361 3203 1413 Καὶ
3266 1355 3361 1413 δεῖ
3409 1359 3608 1430 ἡμᾶς
3653 1354 3843 1427 εὔτρε-

2104 1454 2280 1522 πίζειν
2338 1452 2413 1515 εἷς
2445 1452 2771 1509 συνεστίασιν
2803 1451 2968 1506 αὑτοῦ
2999 1447 3196 1524 φίλους
3246 1448 3360 1502 ἀπὸ
3418 1451 3546 1512 τῆς
3618 1446 3843 1516 rigans

3620 1553 3839 1603 πατρι-

3524 732 3665 793 τῆς
3723 729 3837 776 Eo,-

351 833 784 904 capacitateque
814 844 1055 885 mensae.
1091 828 1554 884 lntroducuntur
1583 834 1638 881 et
1667 823 1997 881 educuntur

349 922 435 979 sic
467 936 483 977 :
515 918 804 991 magistri,
840 916 1152 991 prapositi,
1186 915 1434 986 patricii,
1486 914 1768 970 ofﬁciales
1808 922 1862 969 et
1893 912 1993 984 qui

350 1012 655 1083 campagia
686 1012 897 1079 gerunt
918 1020 1146 1070 omnes,
1167 1005 1224 1059 in
1246 1005 1367 1059 suis
1392 1002 1719 1058 mutatoriis
1742 1018 1756 1059 :
1782 1002 1994 1074 reliqui

352 1099 815 1157 basilicitantum
845 1096 901 1150 in
925 1094 1048 1150 suis
1069 1090 1787 1162 scaramangiis.Ejusdem
1807 1090 1996 1162 ipsius

353 1190 466 1246 diei
483 1204 725 1259 vespera
743 1187 867 1258 [seu
893 1183 1053 1239 horis
1077 1180 1517 1253 pomeridianis]
1542 1179 1663 1235 abit
1687 1180 1999 1252 imperator

355 1280 417 1335 in
448 1276 726 1349 templum
751 1275 809 1330 S.
838 1272 1160 1338 Diomedis;
1184 1277 1239 1325 et
1268 1271 1452 1325 altero
1476 1270 1569 1324 die
1592 1274 1741 1340 post,
1766 1274 1999 1341 peracto

354 1383 518 1423 sacro
547 1364 759 1431 ofﬁcio,
794 1365 1197 1432 proponuntur
1238 1359 1441 1431 dapes,
1494 1372 1653 1414 more
1695 1362 1996 1424 consueto,

353 1456 736 1513 convivantur
782 1451 1017 1507 domino
1082 1450 1259 1505 etiam
1315 1460 1451 1504 tunc
1502 1449 1574 1504 de
1615 1452 1734 1504 toto
1789 1451 1998 1503 senatu

353 1544 561 1599 delecti
592 1540 790 1597 amici.
824 1540 925 1595 Die
970 1539 1252 1611 vigesimo
1285 1554 1438 1593 nono
1469 1537 1733 1608 ejusdem
1776 1535 2000 1592 mensis

2143 1548 2211 1598 ὢν
2273 1543 2600 1619 μαγίστρων,
2664 1540 3061 1617 πραιποσίτων,
3130 1538 3491 1602 ἀνθυπάτων,

356 1632 682 1690 celebratur
714 1629 992 1688 memoria
1024 1628 1103 1700 [et
1150 1628 1274 1684 dies
1312 1626 1678 1697 emortualis]
1723 1624 1909 1681 sancti
1947 1631 2002 1680 et

358 1723 662 1781 orthodoxi
695 1719 887 1793 magni
927 1717 1111 1775 nostri
1158 1716 1532 1789 imperatoris
1558 1715 1757 1771 Basilii
1788 1712 1878 1787 [eo
1907 1713 2003 1769 die

361 1812 453 1885 pie
484 1808 789 1882 defuncti].
822 1807 1072 1863 Solenne
1103 1814 1239 1861 tunc
1265 1803 1687 1875 splendidaque
1708 1802 1765 1857 in
1788 1817 2001 1873 pompa

362 1901 685 1971 procedunt
730 1898 1113 1967 imperatores
1156 1895 1339 1948 nostri
1373 1893 1505 1963 [Leo
1554 1896 1610 1947 et
1656 1889 2001 1961 Alexander]

362 1988 548 2043 induti
580 1985 1001 2055 scaramangiis
1031 1984 1091 2038 in
1124 1981 1408 2053 templum
1431 1982 1531 2038 SS.
1554 1980 1999 2053 Apostolorum;

361 2080 682 2147 sanctoque
715 2074 904 2131 olﬁcio
936 2072 1120 2139 ﬁnito,
1160 2072 1403 2128 redeunt
1430 2073 1631 2127 eodem
1666 2071 1838 2126 modo
1871 2085 2001 2125 cum

362 2165 543 2238 gloria
572 2165 834 2232 domum,
866 2167 924 2219 et
974 2165 1350 2233 apponuntur
1379 2159 1563 2233 epulas
1599 2160 1659 2216 in
1683 2159 2003 2216 Justiniani

363 2254 638 2321 triclinio,
660 2256 729 2310 ad
762 2267 1005 2325 quarum
1026 2250 1501 2307 communionem
1531 2248 1817 2305 invitandi
1836 2248 2005 2305 nobis

365 2353 501 2402 sunt
520 2344 715 2410 amici,
741 2347 805 2398 ut
827 2341 1110 2414 magistri,
1130 2340 1396 2397 homines
1421 2337 2006 2403 senatorii,homines

361 2434 719 2507 imperiales,
752 2450 854 2505 pro
903 2432 1091 2503 spatio
1150 2446 1386 2486 mensas.
1450 2428 1908 2484 lntroducuntur
1950 2431 2008 2483 et

362 2526 688 2583 educuntur
715 2523 775 2578 in
808 2522 931 2577 suis
963 2526 1190 2578 tantum
1232 2518 1673 2591 scaramangiis,
1704 2522 2008 2589 propterea

365 2612 518 2686 quod
557 2621 611 2667 et
666 2612 779 2684 ipsi
838 2610 1060 2666 domini
1109 2609 1210 2665 tali
1264 2608 1325 2663 in
1380 2607 1582 2663 habitu
1633 2606 2004 2663 accumbunt.

365 2702 561 2758 Altero
590 2701 683 2756 die
714 2704 844 2771 post
873 2698 1198 2754 celebratur
1227 2713 1362 2752 cum
1404 2696 1635 2752 deximo
1667 2713 1769 2752 seu
1800 2695 2004 2752 solen-

370 2791 432 2846 ni
461 2788 837 2844 salutantium
884 2792 941 2841 et
987 2785 1405 2857 gratulantium
1450 2784 1785 2857 exceptione
1842 2790 2008 2840 auto-

371 2878 619 2936 cratoria
649 2894 752 2933 seu
805 2874 1019 2931 natalis
1060 2874 1141 2946 pii
1183 2874 1241 2930 in
1289 2874 1520 2929 Christo
1579 2874 1807 2945 imperii
1867 2874 2007 2931 ﬁde-

2034 1849 2078 1913 Β

364 2968 509 3026 lium
597 2970 1018 3039 imperatorum
1084 2965 1292 3021 Leonis
1361 2970 1419 3020 et
1488 2964 1834 3032 Alexandri;
1908 2965 2008 3020 ab-

363 3059 668 3130 solutoque
744 3072 879 3113 cum
938 3053 1303 3111 solemnibus
1360 3054 1698 3112 cerimoniis
1755 3054 2007 3123 deximo,

359 3165 569 3206 rursus
636 3146 949 3219 praesident
1008 3145 1087 3218 pii
1164 3143 1387 3200 domini
1450 3145 1510 3200 in
1578 3144 1789 3201 throno
1846 3144 2008 3199 auxi-

357 3238 504 3295 lium
567 3216 1309 3310 flﬁitantibusbblatum
1382 3240 1439 3291 et
1506 3235 1744 3306 praemia
1818 3216 2081 3289 hono-C

360 3343 567 3399 resque
598 3326 963 3382 merentibus
994 3323 1269 3381 collatum
1298 3340 1311 3389 ;
1359 3339 1470 3395 quo
1503 3326 1649 3379 facto
1679 3339 1884 3378 rursus
1917 3322 2007 3377 in-

359 3415 600 3472 struitur
646 3430 878 3470 sacrum
923 3412 1273 3477 convivium,
1299 3412 1371 3465 ad
1395 3412 1546 3482 quod
1580 3411 2006 3467 invitamusde-

359 3504 541 3560 lectos
572 3503 643 3557 de
665 3502 867 3556 ordine
896 3500 1332 3570 magistrorum,
1358 3499 1824 3570 praepositorum,
1870 3514 2005 3567 pro-

362 3586 1451 3659 consulum,patriciorum,ofﬁcialium
1476 3592 1681 3657 praeter
1701 3586 2005 3642 eunuchos

359 3678 649 3743 omnium,
679 3677 777 3732 sed
810 3675 1078 3730 ordinum
1111 3678 1343 3729 tantum
1396 3678 1615 3745 partem
1660 3673 2001 3745 dimidiam;

358 3767 431 3823 de
461 3769 664 3822 caetero
714 3762 1017 3835 campagia
1045 3767 1281 3834 gerente
1329 3766 1534 3819 senatu
1567 3771 1622 3819 et
1652 3762 2005 3820 militaribus

358 3855 596 3913 urbanis
610 3853 1042 3927 magistratibus
1061 3852 1359 3909 mutatoria
1368 3852 1711 3925 gerentibus
1725 3858 2007 3926 quotquot

362 3962 568 4004 mensa
597 3945 769 4016 capit.
803 3942 871 3998 Hi
904 3943 1026 3999 suis
1055 3942 1116 3998 in
1147 3942 1479 3999 mutatoriis
1500 3947 1557 3999 et
1588 3942 1806 4000 tunicis
1830 3943 2007 3999 intro-

360 4037 677 4092 ducuntur.
712 4032 986 4105 Reliquos
1035 4037 1232 4088 autem
1276 4048 1477 4089 omnes
1527 4047 1888 4088 reservamus
1931 4033 2005 4089 ad

359 4126 652 4193 choreum,
677 4140 805 4196 qua
836 4121 1199 4179 exhilarandi
1229 4122 1446 4177 domini
1480 4122 1666 4177 nostri
1699 4124 1882 4188 gratia
1911 4125 2004 4180 in-

360 4214 643 4272 stituitur.
674 4212 827 4271 452
857 4212 920 4268 ln
952 4212 1151 4269 orbem
1187 4211 1246 4266 hi
1279 4210 1546 4267 saltando
1576 4213 1768 4269 aureis
1796 4214 1853 4269 in
1882 4214 2007 4270 tho-

359 4305 594 4361 racibus
618 4303 853 4375 peplum
874 4300 1056 4357 veluti
1088 4300 1327 4356 laudum
1358 4300 1471 4373 piis
1502 4300 1720 4357 nostris
1752 4302 2005 4359 dominis

358 4398 447 4449 tot
465 4408 671 4450 vocum
704 4397 825 4448 tam
856 4389 1016 4447 vario
1045 4396 1099 4445 et
1129 4406 1243 4446 non
1268 4389 1573 4446 desinente
1593 4396 1881 4448 concentu
1917 4397 2005 4449 te-

361 4489 524 4537 xuot.
558 4481 668 4538 Pro
694 4498 809 4553 quo
842 4478 1033 4536 studio
1056 4479 1349 4549 accipiunt
1369 4478 1592 4535 donarii
1623 4480 1857 4538 nomine
1878 4482 2004 4538 auri

361 4569 529 4626 litras
560 4570 810 4625 sedecim
836 4589 850 4638 ;
884 4586 1014 4641 quae
1040 4567 1190 4624 inter
1218 4566 1377 4638 ipsos
1417 4585 1451 4623 a
1480 4571 1929 4641 protomagistro
1951 4575 2008 4628 et
2036 4587 2083 4652 Ι)

359 4658 519 4730 regio
537 4658 818 4715 artoclino
840 4658 1163 4715 secundum
1188 4656 1501 4714 formulam
1525 4662 1581 4714 et
1602 4661 2003 4733 praescriptum

359 4747 618 4806 codicem
646 4746 874 4818 collegii
904 4746 1086 4803 nostri
1117 4746 1577 4803 distribuuntur.
1603 4747 1893 4820 Sequente
1915 4751 2007 4809 die

360 4835 659 4913 perﬁcitur
686 4834 966 4906 consequi
988 4833 1296 4906 praedictas
1318 4833 1642 4890 hilaritates
1674 4834 1871 4892 solens
1890 4854 2010 4894 cer-

2105 1636 2259 1705 κίων,
2293 1632 2677 1714 ὀφςρικιαλίων,
2715 1629 3141 1707 μητροπολιτῶν
3179 1628 3271 1684 καὶ
3312 1627 3571 1683 λοιπῶν
3621 1626 3837 1699 ἀρχέτν

2107 1746 2214 1779 των
2278 1721 2577 1797 βασιλικῶν
2631 1742 2691 1777 τε
2745 1718 2833 1775 καί
2889 1721 3236 1794 ταγματικῶν
3295 1718 3444 1772 κατᾶ
3491 1717 3573 1770 τὸ
3650 1713 3797 1767 τεοσξ

2106 1818 2205 1881 τῆς
2236 1813 2529 1888 τραπέζης.
2565 1810 2885 1884 Εἷσάγονται
2944 1805 3000 1863 δὲ
3046 1808 3137 1863 καὶ
3196 1806 3496 1882 ἐξάγονται
3566 1804 3785 1863 οὕτως
3818 1822 3829 1832 ⁸

2115 1902 2165 1955 οἱ
2241 1902 2336 1974 μὶν
2415 1900 2725 1974 μάγιστροι,
2792 1897 3166 1973 πραιπόσιτοι,
3232 1896 3570 1970 πατρίκιοι,
3660 1895 3831 1968 '52??-

2113 1989 2321 2045 κιάλιοι
2370 1994 2456 2045 καὶ
2510 1989 2560 2043 o't
2603 1988 2707 2043 ὑπὸ
2756 1986 3065 2063 καμπάγιον
3107 1990 3303 2045 πάντες
3349 1984 3496 2057 μετὰ
3560 1988 3699 2038 τῶν
3748 1984 3825 2035 οἱ.

2114 2079 2273 2135 κείων
2327 2076 2755 2149 ἀλλαξιμάτωψ
2797 2076 2848 2131 οἱ
2910 2073 2965 2130 δὶ
3032 2074 3219 2130 λοιποὶ
3287 2071 3595 2147 βασιλικοῖ

2114 2174 2221 2225 τῶν
2287 2167 2501 2222 οἰκείων
2554 2164 2977 2242 σκαραμαγγίων
3052 2165 3140 2219 καὶ
3223 2164 3423 2236 μόνον.
3485 2164 3587 2218 Ἐν
3640 2158 3713 2214 δὲ
3758 2163 3823 2229 τῇ

2115 2258 2250 2331 αὐτῇ
2304 2257 2487 2331 ἡμέρᾳ
2544 2253 2735 2327 δείλης
2792 2253 3086 2328 ἀπερχεναι
3131 2253 3158 2307 ὑ
3222 2249 3495 2326 βασιλεὺς
3569 2249 3657 2311 εἲς
3720 2251 3817 2303 τὸν

3608 2288 3653 2311 ἐδ

3650 1733 3801 1766 ποστ

3660 1738 3829 1767 ππ»

3684 2072 3827 2141 μετά

2115 2346 2238 2402 ναὸν
2288 2350 2386 2401 τοῦ
2447 2345 2643 2422 ’Δγίου
2693 2342 3026 2417 Διομήδους,
3074 2342 3164 2397 καὶ
3222 2344 3292 2407 τῆ
3345 2340 3628 2413 ἐπαύριον
3689 2340 3813 2403 {1‘3}

2113 2434 2453 2508 τελουμένης
2498 2441 2599 2503 τῆς
2651 2431 3020 2509 λειτουργίας,
3068 2431 3380 2505 προτίθεται
3457 2428 3807 2499 κλτγτώριω

2113 2526 2249 2581 κατὰ
2302 2523 2493 2592 τύπον,
2525 2524 2615 2579 καὶ
2678 2523 3035 2588 συνεσθίουσι,
3065 2525 3144 2593 τῷ
3186 2519 3411 2595 βασιλεῖ
3457 2520 3691 2591 ὁμοίως
3724 2517 3800 2587 Ir}:

2116 2610 2176 2666 ἐκ
2211 2613 2312 2681 τῆς
2372 2609 2683 2686 συγκλήτου
2722 2608 2935 2670 πάντες.
2964 2610 3047 2681 Ἱῇ
3089 2604 3146 2661 δὲ
3186 2612 3263 2669 κδ’
3321 2606 3443 2677 (13)
3474 2609 3580 2659 τοῦ
3616 2604 3796 2657 αὖτοῦ

2121 2700 2294 2773 μηνὸς
2360 2699 2544 2773 ἡμέρᾳ
2595 2696 2893 2753 ἐκτελεῖται
2941 2698 2976 2765 ἡ
3040 2697 3232 2769 μνήμη
3298 2698 3397 2748 τοῦ
3464 2694 3633 2766 άγίου
3689 2692 3790 2746 καῖ

2119 2785 2411 2862 ὀρθοδόξου
2456 2785 2694 2861 μεγάλου
2756 2783 3027 2860 βασιλέως
3084 2786 3245 2855 ἡμῶν
3306 2780 3640 2849 Βασιλεία),
3696 2780 3793 2834 καὶ

2118 2877 2485 2953 προέρχονται
2556 2876 2689 2949 μετὰ
2756 2871 3177 2949 σκαραμαγγίων
3238 2869 3291 2925 ἐν
3349 2876 3433 2943 τῷ
3498 2876 3613 2941 ναῷ
3677 2874 3795 2923 τῶν

2118 2968 2318 3044 ’Λγίων
2384 2964 2731 3024 Ἀποστόλων
2819 2965 2870 3019 οἱ
2959 2961 3204 3038 βασιλεῖς
3278 2959 3642 3034 ὲμπράττως,
3687 2960 3790 3013 καὶ

2117 3054 2456 3129 τελουμένης
2529 3061 2629 3124 τῆς
2707 3055 2853 3127 ἱερᾶς
2922 3049 3289 3127 λειτουργίας,
3344 3050 3787 3127 ὑποπρέσουσιν

2121 3145 2329 3219 ὁμοίως
2369 3141 2553 3199 οἴκαδε
2600 3142 2735 3216 μετὰ
2782 3139 2965 3212 δόξης,
3022 3142 3113 3196 καὶ
3170 3140 3499 3215 προτίθεται
3562 3138 3789 3207 κλῃτώο

2122 3255 2235 3309 ριον
2294 3234 2354 3290 ἐκ
2412 3238 2491 3307 τῷ
2552 3235 2939 3289 ἰουστινιανοῦ
2990 3229 3277 3306 τρικλίνῳ,
3344 3228 3435 3283 καὶ
3492 3224 3582 3283 δεῖ
3644 3230 3787 3301 ﬁgi:

2120 3324 2447 3400 εὐτρεπίζειν
2518 3322 2595 3387 εἷς
2652 3323 2987 3377 συνεστίασιν
3051 3325 3166 3381 τοῖς
3229 3317 3522 3394 βασιλεῦσι
3590 3317 3786 3391 φίλους

2120 3412 2225 3468 ἀπὸ
2264 3419 2364 3481 τῆς
2428 3414 2625 3481 τάξεως
2679 3417 2786 3466 τῶν
2840 3409 3173 3484 μαγῖστρων,
3212 3413 3319 3463 τῶν
3388 3404 3781 3481 συγκλητικῶν

2123 3499 2420 3576 βασιλικῶν
2472 3500 2795 3576 ἀνθρώπων,
2827 3499 2963 3555 κατᾶ
3006 3499 3069 3554 τὸ
3120 3497 3285 3553 ποσὸν
3324 3502 3429 3566 τῆς
3455 3498 3781 3570 τραπέζης·

2119 3588 2348 3663 εἰσάγειν
2407 3586 2465 3644 δὲ
2524 3588 2719 3652 αὐτοὺς
2785 3587 2876 3643 καὶ
2942 3588 3147 3663 ἐξάγειν
3211 3585 3343 3659 μετᾶ
3401 3589 3516 3640 τῶν
3572 3586 3783 3639 οέκείων

2120 3678 2541 3753 σκαραμαγγίων
2584 3678 2673 3733 καὶ
2727 3677 2891 3751 μόνον
2953 3673 3041 3731 διὰ
3086 3676 3148 3730 τὸ
3203 3673 3295 3730 καὶ
3348 3671 3478 3734 τοὺς
3533 3671 3780 3747 βασιλεῖς

2116 3764 2167 3823 ἓν
2199 3773 2278 3841 τῷ
2330 3768 2565 3840 τοιούτῳ
2615 3770 2865 3843 σχήματι
2906 3760 3386 3839 ἆκουμϐίζειν.Τῇ
3418 3760 3475 3817 δὲ
3520 3762 3777 3835 ἐπαύριον

2118 3857 2413 3913 ἑκτελεῖται
2468 3853 2556 3911 διὰ
2618 3854 2839 3929 δεξίμου
2900 3857 2935 3925 ἡ
3003 3854 3056 3909 ἐν
3108 3855 3325 3929 Χριστῷ
3375 3851 3781 3926 αὐτοκρατορία

2117 3950 2230 4021 (14)
2250 3952 2359 4002 τῶν
2391 3950 2597 4002 πιστῶν
2643 3944 2933 4020 βασιλέων.
2977 3943 3206 4008 Λέοντος
3251 3943 3339 3998 καὶ
3390 3940 3780 4014 Ἀλεξάηιῂου,

2116 4038 2203 4093 καὶ
2261 4035 2593 4109 τελουμένου
2650 4034 2837 4098 αἰσίως
2904 4039 3000 4091 τοῦ
3050 4032 3297 4106 δεξίμου,
3346 4032 3781 4105 προκαθέζονται

2116 4125 2281 4182 πάλιν
2316 4128 2367 4182 οὶ
2399 4121 2636 4189 εὐσεϐεῖς
2685 4124 2939 4181 δεσπόται
2980 4124 3055 4188 εἰς
3085 4122 3315 4180 πολλῶν
3349 4121 3647 4195 ἂντίληψιν
3691 4120 3781 4174 ἐπὶ

2115 4220 2213 4271 τοῦ
2271 4215 2485 4291 Θρὸνου,
2517 4215 2607 4269 καὶ
2639 4214 2790 4276 αὖθις
2851 4219 3152 4289 ποιχεῖται
3192 4212 3255 4268 τὸ
3307 4210 3633 4280 κλητώριον
3686 4212 3784 4263 τοῦ

2119 4302 2379 4360 δεσπότου
2441 4306 2576 4377 (15),
2634 4303 2722 4358 καὶ
2784 4300 2867 4358 δεῖ
2912 4304 3061 4376 ἡμᾶς
3118 4300 3447 4376 εὐτρεπίζειν
3508 4298 3584 4357 εἷς
3644 4318 3781 4350 συν-

2118 4393 2350 4449 εστίασιν
2404 4398 2510 4448 τῶν
2570 4392 2842 4467 βασιλέων
2886 4391 2989 4447 ἀπὸ
3043 4398 3144 4460 τῆς
3195 4390 3395 4460 τάξεως
3447 4391 3548 4443 τῶν
3601 4384 3787 4458 μαγί-

2117 4504 2318 4559 στρων,
2385 4482 2785 4559 πραιποσίτων,
2866 4482 3207 4549 ἀνθυπάτων,
3278 4477 3603 4553 πατρικίων,
3667 4475 3781 4552 ὀφ-

2116 4571 2434 4647 φικιαλίων,
2468 4572 2613 4643 πλὴν
2645 4577 2755 4627 τῶν
2807 4571 3111 4647 εὐνούχων,
3151 4569 3277 4631 τοὺς
3326 4567 3563 4641 ἡμίσους
3604 4567 3776 4619 εἰπάν.

2115 4684 2247 4732 των,
2279 4664 2368 4717 καὶ
2427 4662 2532 4718 ἀπὸ
2584 4667 2683 4730 τῆς
2740 4664 2939 4734 τάξεως
2992 4664 3091 4731 τῆς
3145 4661 3245 4716 ὑπὸ
3293 4658 3610 4734 καμπάγιον
3648 4678 3778 4730 συγ-

2113 4750 2346 4823 κλήτου,
2414 4750 2505 4807 καὶ
2560 4757 2669 4807 τῶν
2740 4754 3093 4827 ταγματικῶν
3171 4747 3561 4820 ἆλλαξιμάτων
3638 4748 3773 4800 κατά

2115 4842 2178 4896 τὸ
2236 4841 2405 4896 ποσὸν
2458 4848 2559 4910 τῆς
2608 4841 2905 4915 τραπέζης,
2937 4838 3027 4895 καὶ
3074 4839 3303 4913 εἰσάγειν
3365 4836 3501 4910 μετά
3549 4839 3659 4890 τῶν
3690 4832 3769 4888 οῗ-

1408 4944 1607 5002 JOAN.
1646 4945 1790 5005 JAC.
1833 4948 2097 5009 REISKII
2131 4952 2727 5010 COMMENTARIUS.

434 5047 550 5118 (l2)
608 5043 825 5118 Incidit
890 5041 1047 5099 enim
1117 5040 1178 5098 in
1237 5040 1359 5099 XVI
1417 5046 1661 5113 Augusti
1722 5048 2007 5106 memoria

364 5123 422 5176 S.
442 5116 773 5173 Diomedis.

436 5189 546 5259 (13)
588 5193 713 5244 Non
764 5187 988 5259 video,_
1016 5184 1129 5259 qui
1172 5185 1456 5259 potuerit,
1485 5186 1580 5243 die
1636 5189 1708 5243 29
1764 5190 2012 5256 Augusti

366 5256 645 5316 memoria
674 5259 886 5331 Basilii
938 5257 1270 5331 Macedonis
1320 5256 1620 5331 celebrari,
1671 5261 1768 5331 qui
1816 5267 2010 5321 tamen

365 5331 633 5387 Calendis
666 5330 892 5387 Martiis
922 5331 987 5386 A.
1018 5329 1125 5383 886
1154 5329 1318 5385 obiit.
1341 5328 1566 5401 Ergone
1598 5328 1889 5389 memoriae
1913 5334 2014 5392 de-

366 5404 703 5458 functorum
738 5419 850 5459 non
886 5402 943 5456 in
996 5402 1200 5456 diebus
1228 5416 1427 5456 eorum
1462 5403 1888 5461 emortualibus
1921 5424 2011 5464 re-

368 5473 910 5549 novahant‘ur‘lAut
940 5472 1002 5549 in
1032 5472 1192 5549 aliud
1227 5478 1458 5549 tempus
1482 5472 1699 5549 dilatae,
1731 5484 2014 5549 occupato

367 5545 460 5603 die
476 5546 597 5615 jam
623 5545 862 5601 alterius
885 5544 1111 5613 antiqui
1136 5549 1195 5599 et
1216 5544 1455 5615 majoris
1474 5545 1668 5599 Sancti
1695 5544 2015 5607 memoria?

429 5618 551 5746 θυι)
586 5618 683 5673 Die
733 5632 942 5700 nempe
988 5616 1060 5669 30
1107 5617 1350 5688 Augusti
1383 5614 1616 5699 fuerunt
1645 5617 1734 5701 (ut
1762 5621 2014 5706 videtur)

474 5697 594 5746 atre
624 5687 837 5746 Basilio
881 5686 1210 5744 diademate
1258 5686 1475 5743 donati.
1508 5688 1620 5743 Aut
1666 5704 1717 5746 st
1764 5691 2014 5746 Basilius

367 5705 399 5749 α
429 5686 594 5746 Patre
624 5687 837 5746 Basilio
881 5686 1225 5744 diademate
1258 5686 1475 5743 donati.
1508 5688 1620 5743 Aut
1657 5686 1717 5747 si
1764 5686 2014 5752 Basilius

2117 5052 2349 5107 Macedo
2382 5067 2579 5107 revera
2616 5050 2709 5106 die
2766 5052 2916 5123 Aug.
2972 5048 3216 5123 29_vivis
3244 5043 3767 5123 excessit,_incepit

2125 5123 2307 5179 altero
2338 5124 2431 5179 die
2465 5128 2612 5194 post,
2646 5128 2710 5179 ut
2740 5140 2835 5193 par
2857 5116 3003 5190 Erat,
3038 5120 3294 5176 ﬁliorum
3328 5116 3638 5194 collegiale
3661 5117 3767 5170 im-

2164 5194 2372 5250 erium.
2405 5187 2724 5252 conﬁrmat
2741 5187 2863 5249 'boo
2894 5210 2960 5249 su
2971 5187 3506 5264 perioremnotam
3523 5187 3765 5264 chrono-

2147 5266 2395 5337 ogicam,
2429 5283 2462 5321 a
2494 5271 2679 5322 morte
2711 5264 2929 5333 Basilii,
2958 5259 3090 5337 qua:
3120 5265 3178 5319 d.
3218 5262 3289 5317 29
3322 5269 3472 5333 Aug.
3506 5259 3766 5337 contigcj

2122 5330 2216 5393 rit.
2242 5330 2392 5410 Quis
2412 5354 2549 5410 ergo
2575 5344 2797 5410 auctor,
2820 5342 2879 5393 et
2910 5330 3027 5409 quo
3059 5330 3444 5410 fundamento
3474 5330 3767 5410 perhibuit

2123 5425 2253 5465 eum
2282 5408 2404 5464 Kal.
2442 5402 2663 5466 Mvartiis
2690 5402 2945 5473 obiisse;
2975 5409 3128 5480 quod
3161 5408 3253 5480 du
3279 5402 3483 5480 Gange
3514 5402 3768 5459 afﬁrmat

2124 5486 2180 5536 et
2211 5480 2432 5535 Fabric.
2468 5486 2507 5535 t.
2542 5480 2642 5548 VI,
2670 5480 2818 5536 Bibl.
2852 5481 2946 5535 Gr.
3071 5479 3182 5550 710
3209 5474 3478 5550 repetiit?

2195 5551 2424 5625 (l5)lta
2453 5568 2591 5625 ergo
2621 5544 2839 5625 dictum
2864 5544 3483 5625 fuit‘convivium,quo
3509 5544 3766 5625 natalem

2127 5613 2358 5750 imperii
2416 5613 2748 5767 celgbrgbat
2802 5623 3140 5696 imperator.
3190 5613 3403 5695 Aptius
3449 5614 3670 5674 fuisset
3709 5613 3767 5670 τὸ

2202 5714 2439 5767 ητωριον
2470 5715 2502 5751 τ
2548 5715 2573 5759 ς
2636 5712 2934 5757 εσποτειας.

2128 5712 2234 5766 κΑη
2242 5714 2355 5771 τωρ
2365 5714 2439 5751 ιον
2470 5712 2573 5767 της
2603 5712 2934 5757 οεσποτειας.
