3972 6214
180 385 387 444 1413

1085 382 1185 440 DE
1227 378 1679 441 CERIMONIIS
1723 374 1956 440 ΑΠΙΑΕ
1998 375 2467 440 ΒῩΖΑΝΤῐΝιΕ
2510 381 2654 441 LIB.
2704 384 2787 442 II.

3488 392 3640 452 HM

181 522 391 578 κείων
430 519 815 595 ἀλλαξιματων
866 517 957 575 καὶ
1006 515 1332 594 χλανιδίων,
1362 517 1493 580 τοὺς
1548 514 1604 572 δε
1652 512 1883 577 λοιποὺς

2009 518 2192 572 tamen
2223 519 2509 590 equestris
2549 535 2779 587 cursus,
2823 523 2881 575 et
2910 522 3313 593 proponuntur
3359 528 3545 601 epulae
3577 529 3637 587 in

187 612 469 673 ἅπαντας
515 609 791 684 ταμιεύειν
842 608 918 672 είς
978 607 1231 684 χόρευσιν
1284 614 1384 677 τῆς
1431 610 1605 683 χαρᾶς
1648 609 1746 661 τοῦ
1797 601 1887 665 δε-

189 702 458 759 σπότου.
517 697 719 771 Κύκλῳ
766 699 867 774 γάρ
927 697 1247 773 χορεύοντες
1309 696 1442 770 μετὰ
1502 699 1722 771 χρυσῶν
1779 695 1889 748 θω-

194 789 439 866 ρακίων
484 787 613 849 τοὺς
662 787 913 849 ἐπαίνους
954 784 1222 842 πλέκουσι
1270 789 1380 840 τῶν
1426 780 1660 840 εὐσεϐῶν
1689 781 1889 839 δεσποο

191 880 361 949 τῶν,
416 878 507 933 καὶ
555 874 767 933 δίδοται
826 880 986 932 πᾶσιν
1039 874 1367 951 φιλοτιμίας
1426 871 1628 949 δῶρον,
1677 874 1888 950 γρυσοῦ

196 965 419 1044 λίτραι
454 973 539 1035 ις’,
569 964 657 1021 καὶ
709 962 1013 1038 διανέμεται
1073 968 1207 1020 πᾶσι
1247 964 1395 1038 παρὰ
1448 966 1546 1019 τοῦ
1584 981 1887 1037 πρωτομαο

198 1056 457 1133 γίστρου
503 1056 591 1110 καὶ
636 1058 734 1109 τοῦ
796 1050 1090 1128 βασιλικοῦ
1146 1049 1474 1125 ἆρτοκλίνου
1529 1051 1665 1105 κατὰ
1716 1047 1886 1103 τύπον

202 1150 339 1202 τῶν
400 1145 520 1199 καθ’
576 1145 725 1216 ἡμᾶς
800 1138 1127 1199 κονδακίων.
1175 1143 1259 1213 Τῇ
1315 1137 1371 1195 δὲ
1428 1138 1652 1213 ἐπιούσῃ
1705 1137 1888 1213 ἡμέρᾳ

207 1234 475 1292 τελεῖται
534 1232 817 1306 ἑπομένως
849 1230 1073 1285 ἱππικὸν
1122 1226 1516 1303 ἱπποδρόμιον,
1561 1225 1649 1283 καὶ
1701 1227 1889 1301 προτί-

210 1336 385 1389 θεται
439 1322 500 1378 τὸ
558 1320 871 1395 κλητώριον
937 1318 1025 1374 ἐπὶ
1075 1323 1176 1374 τοῦ
1242 1316 1527 1394 τρικλίνου
1584 1322 1690 1373 τῶν
1753 1318 1889 1372 καθ-

216 1414 507 1488 εσμάτων,
537 1412 627 1467 καὶ
660 1410 1052 1487 συγκαλοῦνται
1104 1408 1179 1471 εἷς
1229 1407 1561 1464 συνεστίασιν
1592 1410 1681 1481 ,τῷ
1731 1407 1889 1480 βασι-

214 1503 323 1560 λεῖ
363 1501 518 1581 φίλοι
550 1502 686 1557 κατὰ
713 1502 803 1555 τὸν
855 1498 907 1555 ἰν
942 1504 1058 1561 τοῖς
1090 1496 1521 1573 ἱπποδρομικοῖς
1548 1495 1888 1581 κλητωρίοις

215 1580 513 1671 γραρὲντα
587 1590 778 1650 τύπον.
854 1592 935 1663 Τῇ
1004 1585 1062 1642 δὶ
1114 1584 1285 1664 ὀγδόῃ
1352 1587 1448 1642 τοῦ
1510 1580 1889 1659 Σεπτεμϐρίου

220 1683 415 1756 μηνὸς
471 1679 653 1754 ἡμέρᾳ
707 1678 943 1734 τελεῖται
1026 1673 1347 1747 προίλευσις
1414 1680 1521 1731 τῶν
1600 1673 1891 1739 Γενεθλίων

219 1778 337 1842 τῆς
397 1770 689 1846 ὑπεραγίας
741 1766 1038 1837 Δεσποίνης
1092 1768 1253 1839 ἡμῶν
1302 1768 1568 1822 Θεοτόκου
1615 1765 1704 1820 καὶ
1748 1765 1891 1822 Ἀει.

1998 605 2250 664 triclinio
2267 609 2701 677 cathismatum,
2717 618 2771 665 et
2790 609 3113 668 invitantur
3127 614 3197 669 ad
3222 617 3537 675 convivand
3548 635 3641 677 um

1999 694 2232 752 domino
2264 696 2455 763 amici,
2489 714 2638 769 quos
2671 697 2879 755 rituale
2902 700 3155 769 postulat
3185 702 3257 757 ad
3296 706 3552 762 convivia
3581 708 3641 764 in

1997 784 2369 855 equestribus
2400 786 2616 843 talibus
2647 786 2941 844 exercitiis
2992 789 3357 847 instituenda
3386 794 3640 852 invitari.

1999 872 2212 931 Octavo
2244 876 2336 931 die
2357 876 2717 948 Septembris
2740 879 3039 951 peragitur
3061 880 3353 951 processio
3375 882 3447 938 ob
3482 889 3641 939 nata-

2000 961 2111 1019 lem
2133 965 2285 1020 diem
2304 966 2689 1023 sanctissimis
2713 968 2971 1023 Dominae
2997 974 3207 1026 nostra:
3229 971 3330 1027 Dei
3346 972 3643 1041 genitricis

1998 1055 2054 1107 et
2082 1068 2308 1124 semper
2332 1053 2573 1128 virginis
2604 1055 2798 1112 Maria:
2824 1074 2838 1124 ;
2870 1074 2983 1128 qua
3016 1058 3396 1131 imperatores
3422 1062 3482 1117 in
3516 1076 3646 1117 ma-

1998 1155 2113 1213 gna
2143 1158 2357 1215 pompa
2389 1160 2521 1199 cum
2546 1149 2664 1200 toto
2688 1150 2896 1201 senatu
2920 1147 2987 1202 ad
3011 1147 3293 1220 templum
3312 1153 3368 1204 Β.
3386 1149 3643 1220 Βοίρατω

1998 1229 2527 1303 cbalcopratiorum
2580 1235 2921 1306 procedunt.
2972 1234 3079 1291 Ubi
3136 1244 3447 1310 postquam
3494 1238 3647 1294 finiit

1998 1335 2230 1375 sacrum
2261 1319 2543 1392 ofﬁcium,
2576 1323 2725 1378 redit
2755 1325 3071 1396 imperator
3103 1327 3158 1381 in
3190 1342 3364 1399 equo,
3400 1327 3644 1384 indutus

1999 1424 2173 1463 aureo
2197 1411 2619 1483 scaramangio,
2647 1429 2859 1485 magna
2880 1431 3010 1469 cum
3044 1432 3284 1488 pompa;
3310 1433 3646 1489 pr0ponun-

2000 1500 2096 1552 tur
2115 1499 2298 1569 epulae
2320 1516 2499 1572 super
2514 1508 2781 1573 separata
2794 1506 3353 1561 meneaJustinianei
3377 1506 3645 1578 triclinii,

1999 1589 2341 1643 etsenatorii
2364 1604 2569 1645 omnes
2592 1592 2828 1647 domino
2852 1594 3645 1653 convivantur.InIroducun-

1999 1678 2097 1730 tur
2125 1682 2318 1733 autem
2351 1678 2410 1733 in
2454 1678 2577 1734 suis
2624 1680 3045 1753 scaramangiis
3084 1685 3510 1741 tantummodo.
3549 1684 3646 1742 Die

2002 1764 2228 1821 decimo
2242 1772 2448 1837 quarto
2471 1770 2734 1839 ejusdem
2752 1771 2969 1826 mensis
2994 1771 3573 1843 peragiturexnltatio
3590 1780 3648 1831 et

221 1860 508 1935 παρθένου
552 1858 786 1931 Μαρίας,
827 1857 916 1912 καὶ
973 1854 1335 1931 προέρχονται
1391 1856 1447 1911 o't
1499 1856 1743 1931 βασιλεῖς
1793 1852 1889 1928 ἐμ-

2009 1856 2344 1912 monstratio
2373 1856 2721 1913 venerabilis
2749 1865 2805 1914 et
2834 1858 3076 1916 viviticas
3096 1862 3303 1917 crucis.
3326 1862 3646 1935 Imperato-

224 1947 496 2023 πράττως
530 1945 666 2018 μετᾶ
694 1945 872 2013 πάσης
903 1950 1003 2015 τῆς
1036 1944 1348 2020 συγκλήτου
1396 1942 1448 1998 ἐν
1494 1947 1572 2015 τῷ
1621 1947 1733 2015 ναῷ
1786 1949 1887 2012 τῆς

230 2035 435 2114 ’Λγίας
466 2034 733 2091 Θεοτόκου
776 2039 886 2089 τῶν
932 2031 1382 2109 Χαλκοπρατίων,
1414 2033 1503 2087 καὶ
1551 2031 1888 2105 τελουμένης

234 2129 347 2192 τῆς
394 2125 545 2200 ἱερᾶς
585 2121 945 2197 λειτουργίας,
998 2123 1319 2201 ὑποστρέφει
1360 2124 1388 2177 ὁ
1446 2120 1700 2198 βασιλεὺς
1741 2118 1892 2197 ἔφιπο

234 2236 349 2278 οπος
425 2216 560 2289 μετὰ
637 2216 845 2289 χρυσοῦ
918 2211 1329 2288 σκαραμαγγίου
1398 2209 1745 2287 ἐμπράττως,
1800 2212 1888 2266 καὶ

234 2303 564 2373 ’προτίθεται
609 2301 920 2376 κλητώριον
996 2300 1082 2357 ἰπὶ
1144 2301 1460 2371 ἆποκοπτῆς
1517 2302 1790 2375 τραπέζης
1838 2298 1891 2356 ἰν

237 2398 325 2466 τῷ
386 2394 773 2451 ’1ουστινιανοῦ
847 2389 1132 2465 τρικλίνῳ,
1190 2390 1281 2446 καὶ
1364 2394 1740 2445 συνεστιῶνται
1816 2394 1895 2463 τῷ

244 2482 470 2561 βασιλεῖ
520 2483 571 2537 οἱ
636 2480 743 2537 ἀπὸ
799 2487 900 2551 τῆς
950 2482 1259 2556 συγκλήτου
1315 2480 1529 2543 πάντες.
1572 2480 1895 2556 Εἰσάγονται

245 2570 307 2628 δὶ
362 2573 499 2645 μετᾶ
547 2574 654 2627 τῶν
702 2570 919 2626 οίκείων
971 2569 1398 2646 σκαραμαγγίων
1449 2570 1539 2625 καὶ
1599 2570 1779 2644 μόνον.
1814 2572 1895 2645 Τῇ

248 2658 311 2717 δὶ
372 2657 921 2735 τεσσαρεσκαιδεκάτῃ
975 2663 1072 2715 τοῦ
1130 2660 1293 2716 αὐτοῦ
1353 2661 1524 2732 μηνὸς
1580 2657 1818 2716 τελεῖται
1860 2662 1895 2729 ἡ

249 2748 461 2824 ὕψωσις
506 2750 597 2804 καὶ
654 2748 920 2827 ἐμφάνεια
964 2753 1060 2804 τοῦ
1102 2748 1291 2823 τιμίου
1319 2749 1409 2804 καὶ
1444 2752 1716 2819 ζωοποιοῦ
1748 2769 1901 2804 σταυ-

250 2841 374 2913 ροῦ,
405 2838 497 2893 καὶ
545 2834 868 2917 ἆνέρχονται
909 2838 960 2893 οἱ
1020 2836 1268 2913 βασιλεῖς
1327 2834 1525 2913 ὄρθρου
1586 2838 1788 2913 βαθέος
1846 2838 1899 2895 ἐν

245 2930 329 2999 τῷ
353 2930 466 2999 ναῷ
506 2932 606 2995 τῆς
637 2925 820 3003 Ἀγίας
854 2924 1081 3004 Σοφίας,
1110 2926 1243 2981 ποτὶ
1291 2922 1347 2981 δὲ
1376 2926 1467 2981 καὶ
1499 2926 1603 2981 ἀπὸ
1634 2924 1860 3002 ἑσπέρας
1885 2946 1899 2962 ο

249 3014 343 3069 καὶ
389 3012 726 3089 τελουμένης
784 3021 883 3084 τῆς
937 3012 1129 3085 τρίτης
1181 3015 1445 3089 ὑψώσεως
1492 3019 1590 3071 τοῦ
1634 3017 1904 3093 παναγίου

252 3100 445 3173 ξύλου,
493 3103 851 3179 κατέρχονται
908 3101 1067 3159 αάλιν
1128 3101 1312 3159 οἴκαδε
1356 3102 1447 3159 διὰ
1490 3108 1599 3161 τῶν
1660 3102 1903 3161 διαϐατι-

250 3195 362 3246 κῶν
415 3190 469 3248 ἰν
507 3192 771 3268 πρώτοις,
801 3193 892 3248 καὶ
942 3192 1279 3267 τελουμένης
1332 3201 1583 3271 παγανῆς
1638 3193 1905 3270 προελεύσ-

2002 1960 2093 2000 res
2123 1948 2248 2001 tum
2281 1948 2607 2002 ascendunt
2644 1964 2877 2004 summo
2920 1965 3107 2019 mane,
3140 1950 3434 2007 interdum
3468 1951 3647 2009 etiam

2003 2039 2133 2104 post
2166 2050 2459 2105 vesperam
2494 2035 2850 2109 [vigiliarum
2885 2040 3382 2112 precedentlum],
3414 2041 3471 2096 in
3504 2045 3649 2097 tem-

2002 2120 2159 2193 plum
2180 2126 2236 2177 S.
2263 2123 2512 2195 SOpbiaa,
2534 2132 2882 2198 peractaque
2906 2134 3071 2183 terna
3088 2131 3281 2185 crucis
3301 2130 3649 2187 exaltatione

2004 2212 2221 2267 abeunt
2253 2228 2453 2269 rursus
2474 2216 2712 2271 domum
2742 2231 2844 2287 per
2874 2217 3134 2287 porticus
3163 2218 3427 2273 omnium
3449 2219 3645 2289 primi.

2007 2300 2377 2358 Processione
2389 2302 2660 2375 deinceps
2674 2320 2898 2377 pagana
2912 2305 3063 2361 intra
3075 2306 3353 2378 palatium
3368 2310 3646 2377 confecta,

2006 2391 2315 2463 exponitur
2333 2390 2659 2448 convivium
2686 2396 2741 2449 in
2766 2393 3083 2450 Justiniani
3107 2394 3473 2463 triclinio,ad
3496 2400 3647 2467 quod

2007 2479 2325 2536 invitamus
2345 2482 2564 2538 amicos
2586 2482 2829 2552 domini,
2854 2482 3057 2555 quales
3074 2485 3197 2555 jam
3222 2502 3377 2558 saepe
3396 2486 3650 2543 diximus

2008 2571 2076 2626 ad
2138 2570 2373 2642 publica
2414 2569 2552 2626 talia
2595 2571 2857 2628 convivia
2896 2572 3145 2628 invitari.
3196 2575 3653 2632 Introducuntur

2009 2674 2213 2715 omnes
2244 2660 2304 2715 in
2336 2660 2455 2716 suis
2496 2661 2921 2733 scaramangiis
2951 2666 3203 2719 tantum.
3238 2667 3435 2720 Mense
3456 2671 3649 2721 autem

2009 2746 2317 2803 Novembri
2350 2755 2708 2819 peraguntur
2739 2748 3028 2805 brumalia
3076 2752 3470 2820 dominorum,
3515 2753 3654 2809 fini-

2010 2840 2177 2907 taque
2204 2842 2338 2909 post
2366 2838 2831 2910 uniuscujusque
2862 2838 3091 2911 [Leonis
3124 2850 3283 2912 puta,
3323 2842 3653 2913 Alexandri,

2011 2925 2406 2994 Augustorum
2420 2934 2470 2980 et
2484 2924 2624 2981 Zoes
2639 2925 2935 2997 Auguste]
2958 2942 3182 2982 canam
3206 2930 3534 3000 vespertina
3546 2930 3657 2985 sub

2013 3010 2177 3068 taedis
2202 3013 2434 3080 chorea,
2468 3014 2681 3068 dantur
2708 3014 3055 3085 apooombia
3083 3014 3204 3070 haec
3228 3031 3241 3070 :
3271 3015 3331 3071 in
3367 3017 3660 3073 brumalio

2016 3103 2243 3170 Leonis,
2265 3101 2565 3157 Christum
2596 3103 2850 3158 amantis
2876 3102 3123 3171 domini,
3147 3103 3273 3159 auri
3303 3104 3447 3159 litras
3472 3106 3663 3176 vigin-

2016 3188 2096 3257 ti;
2134 3188 2458 3245 felicissimi
2490 3194 2687 3245 autem
2719 3188 3030 3245 Alexandri
3062 3191 3313 3263 Augusti
3348 3190 3497 3247 litrae
3532 3192 3660 3246 auri

254 3301 389 3346 σεως
417 3278 568 3337 ἔνδον
623 3282 724 3338 τοῦ
785 3282 1082 3353 παλατίου,
1130 3283 1444 3357 προτίθεται
1492 3282 1805 3360 κλητώριον
1848 3284 1901 3341 ἐν

2017 3278 2237 3345 decem,
2266 3279 2500 3333 tandem
2533 3278 2593 3333 in
2624 3277 2914 3334 brumalia
2949 3278 3128 3350 [quod
3160 3259 3361 3335 aditur
3400 3280 3657 3352 nomine]

253 3372 746 3444 τῷἸουστινιανοῦ
803 3371 1089 3447 τρικλίνῳ,
1148 3372 1239 3428 καὶ
1294 3370 1376 3428 δεῖ
1432 3376 1583 3448 ἡμᾶς
1638 3374 1907 3451 συγκαλι-

261 3463 447 3517 σασθαι
506 3460 581 3524 εἰς
640 3461 971 3518 συνεστίασιν
1028 3466 1136 3517 τῶν
1192 3460 1459 3537 βασιλέων
1538 3462 1731 3543 φίλους
1770 3464 1907 3520 κατὰ

261 3551 353 3605 τὸν
384 3548 491 3620 ἤδη
533 3555 641 3606 τῶν
695 3550 1027 3627 κλητωρίων
1087 3549 1356 3629 λεχθέντα
1402 3552 1571 3608 τύπον
1604 3570 1617 3584 ·
1671 3554 1903 3631 εἱσάγειν

263 3634 319 3692 δὶ
370 3638 572 3701 πάντας
642 3641 776 3711 μετὰ
849 3644 956 3695 τῶν
1037 3641 1256 3695 οἰκείων
1338 3644 1762 3719 σκαραμαγγίων
1813 3643 1905 3700 καὶ

266 3726 446 3798 μόνον.
483 3725 606 3783 Ἐπὶ
640 3722 695 3780 δὲ
749 3730 847 3781 τοῦ
908 3728 1080 3799 μηνὸς
1126 3722 1437 3803 Νοεμϐρίου
1494 3728 1776 3785 τελοῦνται
1839 3732 1907 3786 τὰ

269 3812 582 3889 βρουμάλια
628 3821 737 3872 τῶν
778 3812 1082 3887 δεσποτῶν,
1113 3816 1205 3869 καὶ
1255 3814 1592 3889 τελουμένου
1649 3817 1731 3894 ἐφ’
1782 3818 1908 3874 ὲκάο

262 3924 385 3960 στου
412 3901 610 3974 κλήσει
650 3906 747 3958 τοῦ
796 3902 1046 3977 ἒσπερίου
1106 3908 1461 3980 φωτοφανοῦς
1520 3906 1773 3979 σαξίμου,
1826 3903 1907 3961 δί-

262 3990 439 4050 δονται
496 3986 812 4066 ἆποκόμὸια
864 3988 1029 4047 τάδε·
1092 3990 1181 4047 ἐπί
1251 3994 1345 4066 μὲν
1406 3998 1502 4049 τοῦ
1563 3993 1907 4070 βρουμαλίου

270 4083 487 4145 Λίοντος
510 4085 607 4137 τοῦ
639 4078 1005 4158 φιλοχρίστου
1036 4079 1303 4137 δεσπότου
1361 4087 1570 4161 χρυσοῦ
1607 4081 1790 4158 λίτραι
1819 4086 1867 4139 κ’
1892 4106 1904 4119 ·

264 4170 344 4229 ἰπὶ
392 4169 449 4229 δὲ
494 4175 593 4229 τοῦ
649 4170 914 4247 εὐτυχοῦς
966 4167 1327 4242 Ἀλεξάνδαου
1389 4171 1703 4247 Αὐγούστου
1764 4193 1904 4250 χρυ-

262 4267 348 4317 σοῦ
377 4260 555 4337 λίτραι
588 4261 657 4315 ι’⁶
707 4258 795 4316 ἐπὶ
845 4258 902 4315 δὲ
947 4262 1046 4329 τῆς
1096 4254 1350 4323 εὐσεϐοῦς
1397 4261 1554 4333 Ζώης
1584 4263 1903 4340 Αὑγούστης

263 4354 457 4425 χρυσοῦ
500 4348 679 4424 λίτραι
722 4349 802 4419 η’⁶
842 4348 876 4403 ’ἁ
931 4348 1022 4404 κεί
1064 4344 1407 4422 διανὲμονται
1442 4348 1547 4405 ὑπὸ
1588 4355 1687 4406 τοῦ
1734 4352 1902 4429 μεγά-

2010 3366 2120 3439 pias
2148 3366 2287 3424 Zoes
2318 3370 2587 3438 Augusta
2622 3367 2748 3423 auri
2780 3366 2927 3423 litraa
2954 3374 3102 3436 octo,
3137 3384 3265 3439 quae
3295 3369 3663 3426 distribuun-

2011 3460 2109 3511 tur
2133 3473 2167 3511 a
2199 3472 2405 3527 magno
2430 3457 2881 3528 protomagistro
2903 3461 2961 3513 et
2988 3474 3020 3511 a
3041 3456 3369 3514 clarissimo
3393 3458 3663 3515 articlino

2012 3547 2339 3602 secundum
2354 3545 2665 3602 formulam
2679 3545 3080 3603 codicillorum
3104 3548 3289 3604 nostri
3307 3547 3661 3619 collegium

2012 3654 2148 3709 ergo
2173 3654 2377 3695 omnes
2396 3636 2635 3693 rituales
2654 3646 2706 3693 et
2724 3636 3016 3694 solemnes
3039 3638 3449 3695 anniversaria:
3470 3638 3665 3695 convi-

2013 3730 2268 3783 vationes
2297 3728 2611 3799 important
2641 3744 2843 3784 secum
2876 3728 3253 3801 peculiarem,
3297 3733 3360 3785 ut
3382 3729 3658 3796 diximus,

2014 3815 2280 3871 ordinem
2310 3816 2763 3871 cerimoniarum
2796 3817 3204 3871 convivalium.
3227 3817 3383 3874 458
3405 3820 3663 3890 Quapro-

2015 3906 2140 3973 pter
2168 3902 2343 3958 etiam
2376 3902 2481 3958 hos
2498 3918 2630 3959 cum
2662 3908 2933 3960 accurato
2964 3904 3384 3975 diligenterque
3406 3905 3477 3961 ab
3496 3922 3659 3961 erro-

2015 3992 2179 4049 ribus
2210 3996 2519 4063 repurgato
2550 4006 2820 4047 sermons
2846 3991 2903 4046 in
2942 3992 3258 4063 conspicuo
3290 3995 3664 4064 proposueri-

2015 4097 2149 4137 mus
2182 4083 2474 4137 memorie
2500 4079 2684 4153 gratia
2713 4096 3078 4152 eorum,quaa
3111 4098 3145 4137 a
3176 4082 3345 4138 nobis
3369 4099 3664 4155 peragun-

2012 4176 2109 4226 tur
2150 4170 2469 4244 peragique
2527 4174 2584 4226 et
2641 4168 2939 4226 observari
2997 4170 3231 4239 debent,
3282 4188 3559 4244 rogamus
3597 4172 3657 4229 in

2013 4261 2127 4317 fine
2157 4259 2352 4317 velitis
2394 4259 2568 4315 etiam
2627 4257 2721 4314 bis
2777 4257 3041 4315 animum
3095 4259 3412 4329 attendere,
3457 4276 3573 4332 quo
3606 4264 3663 4317 et

2011 4350 2353 4424 dignitatem
2413 4347 2638 4406 ordinis
2688 4347 2874 4405 nostri
2915 4348 3274 4405 conservatis
3322 4353 3381 4405 et
3409 4348 3657 4422 gloriam

262 4437 352 4494 λου
380 4440 871 4515 πρωτομαγίστρου
899 4438 989 4493 καὶ
1019 4442 1116 4493 τοῦ
1156 4435 1377 4494 κλεινοῦ
1427 4438 1745 4515 ἀρτικλίνου
1795 4450 1893 4500 τοῦ

2009 4447 2338 4513 famamque
2370 4438 2671 4495 auferetis.

266 4534 538 4611 βασιλικοῦ
594 4537 731 4592 κατὰ
792 4537 883 4592 τὸν
933 4536 1333 4613 περιεχόμενον
1388 4538 1556 4594 τύπον
1605 4545 1703 4595 τοῦ
1749 4546 1868 4599 καθ’
1915 4547 2063 4621 ἡμᾶς
2120 4535 2430 4597 κονδακίου.
2476 4535 2646 4593 Αὗται
2704 4532 2795 4588 οῦν
2848 4539 3015 4590 πᾶσαι
3074 4534 3129 4589 αἱ
3178 4534 3400 4591 τυπικαὶ
3468 4556 3659 4613 περιοσ-

263 4623 413 4689 δικῶς
464 4625 756 4702 ἰρχόμεναι
824 4630 904 4699 τῷ
961 4628 1149 4702 χρόνῳ
1220 4626 1447 4699 κλήσεις
1502 4627 1710 4703 εἶδικήν
1783 4656 1903 4692 τινα
1983 4634 2304 4708 εἰσάγουσιν,
2361 4628 2435 4691 ὡς
2492 4624 2712 4700 ἔφαμεν,
2768 4629 2875 4681 τῶν
2940 4624 3265 4701 κλητῶρίῳν
3342 4627 3510 4699 τάξιν.
3565 4629 3657 4697 Διὸ

263 4717 341 4772 καὶ
384 4716 581 4783 ταύτας
636 4718 713 4780 εἰς
782 4718 1089 4792 ὑπόμνησιν
1146 4723 1257 4775 τῶν
1318 4721 1433 4775 καθ’
1509 4723 1658 4796 ἡμᾶς
1727 4724 2071 4799 τελουμένων
2126 4722 2380 4800 ἐμφανῶς
2445 4719 2777 4795 προθέμενοι
2853 4718 3134 4791 ἀπταίστῳ
3196 4717 3347 4793 λόγῳ
3446 4716 3660 4791 α’ίτησιν

268 4808 596 4885 προσάγομεν
627 4808 917 4885 προσέχειν
943 4810 1167 4873 ταύταις
1198 4808 1277 4873 εἷς
1306 4812 1467 4885 ἡμῶν
1498 4816 1830 4889 συντήρησιν
1862 4816 1951 4872 καὶ
1982 4814 2177 4877 κλὲους
2210 4809 2365 4883 δόξαν
2402 4810 2449 4848 ¹²
2488 4812 2625 4885 (16).

846 4900 1107 4957 ΚΕΦΑΛ.
1149 4900 1272 4957 NI".

2652 4899 2809 4956 CAP.
2853 4898 2994 4956 LIII.

270 4982 700 5063 Περὶμδιανομῶν
740 4990 858 5063 Δ’τξιὶιν
909 4981 1167 5063 εύσεβιῶν
1233 4990 1339 5063 τοῦ
1402 4986 1687 5063 βασιλέως,
1730 4988 1783 5046 ἕν
1841 5013 1901 5048 τε

2010 5000 2090 5052 De
2144 4992 2536 5051 distributione
2586 4991 2812 5063 piarum
2870 4990 3237 5063 largitionum
3300 4988 3659 5063 imperatori:

328 5056 440 5181 τοῖς
512 5056 881 5130 βρουμαλίοις
954 5059 1046 5113 καὶ
1125 5056 1413 5133 στεψίμοις
1477 5062 1567 5115 καὶ
1632 5061 1898 5140 αὐτοκραο

328 5146 415 5181 τοο
443 5147 548 5181 αις.

328 5146 548 5202 τοριαις.

325 5212 537 5287 Ἐπειδή
589 5238 731 5280 τινες
816 5223 923 5275 τῶν
1000 5218 1054 5274 ἐν
1113 5218 1385 5293 ἀξιώμασι
1467 5218 1898 5297 διαπρεπόντων,

2080 5072 2198 5123 tam
2227 5065 2287 5121 in
2327 5057 2642 5131 brumaliis,
2672 5078 2837 5134 quam
2876 5064 2935 5117 in
2958 5057 3260 5117 'natalibu:
3287 5057 3659 5115 coronationi:

2079 5142 2129 5194 et
2160 5134 2405 5209 imperii.

2082 5227 2227 5294 Quia
2254 5241 2391 5282 vero
2422 5224 2665 5297 quidam
2698 5223 2757 5280 in
2789 5221 3176 5295 dignitatibus
3207 5217 3509 5276 constituti
3530 5219 3651 5277 avi-

1597 5339 1840 5398 VARIE
1882 5340 2291 5399 LECTIONES.

331 5431 369 5467 “
398 5433 728 5509 συντήρησιν
758 5430 955 5497 κλέους
986 5434 1075 5490 καὶ
1109 5432 1263 5508 δόξαν
1296 5438 1453 5510 conj.
1488 5438 1555 5496 Η.

1282 5536 1487 5595 JOAN.
1526 5540 1670 5597 JAC.
1712 5539 1975 5598 REISKII
2016 5537 2600 5597 COMMENTARIUS.

332 5630 432 5716 (16)
453 5635 624 5716 Forte
662 5635 1114 5716 transponenda
1146 5640 1289 5716 sunt
1332 5651 1505 5695 voces
1548 5636 1638 5716 καὶ
1673 5642 1731 5716 et
1758 5633 1892 5716 κλὲ-
1995 5642 2266 5716 nostram.
2313 5638 2440 5716 Aut.
2474 5635 2640 5716 deest
2690 5630 2917 5716 aliquid
2963 5634 3098 5716 ante
3126 5632 3287 5716 ῂμῶν
3317 5646 3370 5689 c.
3420 5647 3473 5689 c.
3523 5626 3653 5686 δουο

279 5717 371 5772 ους,
403 5704 459 5758 in
485 5711 688 5763 nostra:
733 5703 1201 5765 coniervationcm
1245 5709 1419 5778 fama
1464 5716 1518 5766 et
1562 5711 1621 5766 in
1653 5709 1888 5781 gloriam
1998 5705 2168 5781 λείος,
2204 5706 2533 5781 ὑπουργίας,
2555 5703 2643 5763 vel
2675 5703 2873 5763 simile
2901 5703 3275 5763 vocabulum.
