3972 6214
405 333 556 394 1415

400 459 667 518 diuscule
697 458 961 516 nummis
982 456 1280 513 inhiantes
1308 456 1463 513 rixas
1494 456 1649 512 circa
1680 451 2041 510 distributio—
2070 450 2121 518 Α

401 567 534 606 nem
560 551 831 607 datorum
854 562 1168 603 munerum
1204 546 1449 602 excitare
1475 544 1679 611 solent,
1706 548 1763 599 et
1793 556 2043 598 consue-

402 639 694 706 tudinem,
718 654 843 710 qum
878 637 949 692 ab
981 636 1242 709 antiquis
1272 634 1405 691 inde
1434 634 1791 707 temporibus
1822 632 1889 686 ad
1923 631 2042 686 hazc

403 737 604 784 nostra
628 726 928 799 pertinuit,
962 731 1210 782 evertere
1250 726 1510 790 student,
1550 724 1840 795 agendum
1867 719 2040 777 etiam

401 818 508 873 hac
540 818 610 874 de
649 832 707 873 re
740 832 910 889 quem
944 834 977 872 a
1021 814 1343 886 majoribus
1391 815 1669 870 traditum
1712 808 2044 882 accepimus

399 906 605 962 litteris
637 907 979 962 mandatum
1013 908 1217 977 typum
1249 908 1305 959 et
1332 902 1636 959 modulum
1668 899 2040 957 vobistrada-

402 996 748 1052 mus.0mue
768 994 917 1051 enim
936 994 1006 1049 ab
1021 994 1368 1064 antiquitate
1389 993 1651 1047 eminens
1666 988 2042 1045 reverentiam

399 1086 489 1143 sui
522 1085 749 1141 incutit.
768 1084 965 1155 Neque
982 1083 1249 1138 addendo
1262 1080 1505 1139 vetustis
1519 1078 1924 1150 largitionibus
1938 1092 2041 1131 no-

400 1192 533 1232 vare
548 1175 869 1246 quidquam
893 1171 1181 1241 volumus,
1198 1187 1384 1241 neque
1400 1170 1660 1225 minuere
1673 1172 1730 1223 et
1744 1168 2044 1223 decurtare

400 1266 539 1321 olim
585 1266 755 1319 facta.
807 1262 1050 1333 Oportet
1092 1261 1293 1331 itaque
1340 1256 1696 1325 articlinum,
1746 1257 1911 1326 cujus
1959 1258 2047 1309 est

397 1354 735 1427 largitiones
750 1352 1121 1419 distribuere,
1138 1356 1270 1406 ante
1292 1349 1491 1406 omnia
1505 1347 1883 1420 quantitatem
1909 1342 2045 1399 doni

399 1459 591 1510 nosse,
618 1442 752 1497 dein
784 1445 1052 1498 accurate
1082 1440 1441 1496 differentias
1474 1437 1823 1510 dignitatum
1846 1438 1902 1490 et
1923 1449 2048 1488 mu-

398 1548 604 1588 nerum
637 1531 846 1602 cuique
878 1530 1334 1601 competentium
1357 1526 1788 1601 proportionem
1820 1539 2047 1594 suppu-

400 1626 604 1687 tare,et
621 1623 851 1678 tandem
877 1625 1018 1692 quot
1041 1620 1112 1675 de
1135 1634 1488 1690 unoquoque
1517 1616 1866 1688 dignitatum
1890 1612 2043 1669 ordi-

401 1728 473 1768 ne
505 1711 767 1767 muneris
799 1711 1105 1781 participes
1140 1708 1320 1763 futuri
1353 1706 1468 1761 sint
1501 1723 1513 1760 :
1546 1702 1772 1760 etiamsi
1806 1701 2044 1774 quidam

400 1816 602 1857 eorum
634 1801 950 1871 dignitates
982 1798 1177 1853 nullas
1209 1800 1419 1868 gerunt
1450 1795 1528 1865 [et
1561 1789 1895 1883 axiomatici
1929 1805 2042 1883 non
2078 1819 2124 1883 Β

401 1894 560 1953 sunt,
586 1894 782 1943 tamen
802 1889 871 1942 ad
896 1884 1229 1941 axiomatici
1250 1884 1499 1953 alicujus
1517 1880 1864 1952 obsequium
1883 1878 2049 1949 perti-

402 1976 679 2045 ncnt].lta
691 1974 861 2029 classi
880 1973 1289 2043 magistrorum
1310 1986 1614 2027 accensere
1626 1974 2046 2041 Oportetrecto-

406 2080 525 2119 rem
558 2072 611 2120 et
640 2070 836 2120 zosten
871 2062 1198 2135 patriciam,
1247 2060 1591 2133 syncellum,
1638 2057 2045 2128 exmagistros,

401 2153 576 2210 vitam
611 2151 1013 2209 monachalem
1046 2152 1321 2222 deinceps
1353 2150 1650 2219 amplexos
1680 2152 1738 2202 et
1768 2144 2047 2219 praeposi—

403 2248 529 2299 tum
558 2261 573 2312 ;
606 2243 744 2299 item
778 2241 1071 2314 privatum
1104 2239 1302 2313 magni
1336 2239 1521 2295 nostri
1552 2237 1771 2293 domini
1802 2251 2050 2307 paracm-

407 2348 742 2389 momenum
792 2347 890 2387 seu
943 2329 1358 2387 accubitorem.
1393 2326 1579 2383 Classi
1631 2323 2045 2396 proconsulum

400 2422 701 2480 eunuchos
734 2420 1029 2492 patricios,
1062 2417 1233 2474 classi
1267 2417 1618 2491 reliquorum
1665 2414 2041 2489 patriciorum

399 2511 677 2569 ofﬁciales
699 2510 759 2566 in
782 2508 904 2567 velo
930 2508 1308 2581 patriciorum
1333 2508 1706 2573 constitutos,
1725 2506 1781 2560 id
1809 2508 1898 2560 est
1920 2520 2045 2576 pro-

399 2600 793 2672 tospatharios
845 2598 1209 2671 praepositos,
1253 2597 1636 2653 domesticum
1687 2594 2044 2659 scholarum,

401 2684 2046 2759 domesticum,excubitorum,praafectumUrbis,genicum

404 2793 504 2833 seu
566 2776 901 2848 praefectum
968 2775 1175 2839 aerarii,
1237 2774 1624 2839 sacellarium,
1685 2776 2045 2843 quaestorem,

405 2864 786 2937 drungarium
817 2864 1048 2936 vigiliae,
1082 2862 1589 2935 protovestiarium
1623 2860 1867 2931 domini,
1900 2876 2044 2931 prea-

401 2958 619 3013 fectum
652 2972 867 3012 mensa
899 2958 955 3010 et
985 2955 1215 3026 papiam
1248 2970 1527 3025 magnum
1559 2956 1734 3025 atque
1752 2951 2044 3008 heteriar-

400 3045 565 3102 cham
590 3042 1123 3117 protospatharium
1145 3044 1300 3100 454
1322 3040 1733 3111 eunuchum,si
1758 3049 1879 3096 tum
1906 3048 2045 3096 lem-

398 3134 553 3207 poris
583 3134 643 3189 hi
676 3134 787 3190 duo
837 3132 1115 3205 postremi
1145 3132 1204 3189 in
1237 3132 1514 3187 comitatu
1550 3131 1819 3187 existant.
1845 3128 2044 3184 Ordini

398 3222 765 3280 secretalium
810 3221 1149 3278 ofﬁcialium
1197 3220 1489 3276 accenseri
1532 3221 1745 3276 debent
1784 3216 2038 3274 eunuchi

398 3312 869 3384 protospatharii,
898 3312 1236 3384 primicerii,
1260 3310 1537 3368 ostiarius
1571 3320 1628 3366 et
1654 3309 1906 3381 judices,
1940 3307 2039 3363 sed

400 3402 457 3457 hi
489 3403 845 3457 functionem
877 3405 1209 3457 exercentes
1233 3403 1488 3456 tantum.
1512 3399 1596 3454 Ab
1628 3399 1831 3454 ordine
1853 3406 2041 3453 autem

398 3491 999 3562 protospathariorum
1033 3504 1332 3544 secernere
1381 3492 1606 3559 oportet
1648 3488 1950 3541 ministros
1987 3489 2044 3541 et

396 3577 695 3646 praefectos
727 3575 1158 3647 cbrysotriclini
1179 3580 1235 3630 et
1260 3575 1605 3645 maglabitas
1635 3582 1687 3630 et
1718 3574 2039 3631 articlinas.

395 3660 514 3716 Hos
544 3660 698 3715 enim
730 3661 891 3716 decet
922 3658 1055 3730 plus
1088 3659 1367 3729 accipere.
1402 3658 2041 3731 Spatharocubicularis

396 3764 772 3806 accensemus
793 3748 1434 3821 spatharocandidatos,
1456 3747 1813 3821 spatharios,
1838 3752 2044 3804 strato-

396 3856 507 3912 res,
545 3838 905 3909 candidatos,
940 3840 1343 3906 mandatores;
1377 3837 1642 3895 secretici
1657 3842 1848 3893 autem
1874 3844 2038 3895 nota-

395 3928 1008 3986 riieximunlursolide
1022 3927 1296 3984 omnibus
1319 3926 1559 3983 lausiaci
1580 3926 2041 3999 magistratibus.

397 4019 539 4075 Cum
570 4020 769 4090 itaque
793 4016 1109 4088 unicuique
1134 4016 1309 4073 classi
1332 4016 1741 4072 convenienter
1760 4020 2043 4088 supputa-

396 4108 539 4163 verit
569 4112 789 4179 partem
820 4122 994 4162 mune
1008 4106 1087 4161 ris
1121 4104 1364 4172 laturos,
1396 4110 1536 4160 tunc
1567 4104 1732 4159 debet
1763 4121 1833 4159 ex
1862 4121 2043 4176 quan-

396 4195 560 4251 titate
616 4196 752 4251 doni
810 4194 1102 4250 calculum
1155 4192 1419 4249 beneficii
1470 4191 1679 4262 cuique
1742 4190 2042 4248 individuo

397 4284 774 4357 competentis
795 4283 951 4339 hunc
976 4282 1034 4337 in
1056 4282 1292 4337 modum
1317 4279 1482 4336 inire.
1500 4278 1740 4346 Quando
1764 4281 2044 4350 magister

394 4374 720 4445 portionem
754 4372 1251 4444 integram,quam
1276 4386 1408 4425 cum
1446 4368 1556 4425 alio
1579 4367 1740 4424 nullo
1773 4370 2041 4441 partitur,

395 4462 774 4534 accipit,e.c.,
811 4462 1020 4534 viginti
1053 4476 1351 4529 nummos,
1383 4464 1522 4515 tunc
1554 4458 1765 4530 accipit
1794 4476 2040 4531 procon-

394 4550 487 4606 sul
518 4550 841 4619 dimidiam,
873 4552 930 4607 id
975 4556 1065 4607 est
1103 4551 1339 4616 decem;
1374 4556 1427 4603 et
1465 4547 1743 4620 patricius
1777 4548 1883 4605 hoc
1914 4549 2043 4621 ipso

396 4654 513 4695 uno
544 4655 786 4695 nummo
802 4640 1021 4711 minus,
1044 4640 1101 4696 id
1124 4644 1213 4698 est
1232 4654 1435 4694 novem
1462 4638 2042 4695 nummos.0fﬁcialis

394 4727 620 4785 bessem
654 4728 882 4799 accipit,
914 4729 970 4783 id
1003 4732 1088 4784 est
1120 4744 1389 4784 nummos
1425 4742 1545 4783 sex.
1581 4728 2041 4799 Protospatharii

393 4817 693 4891 simplices
723 4817 1021 4890 accipiunt
1047 4817 1361 4873 dimidium
1392 4816 1543 4888 ejus,
1566 4817 1718 4889 quod
1761 4817 2041 4887 patricius

391 4908 624 4981 accipit,
646 4906 706 4963 id
724 4915 812 4964 est
831 4922 1102 4963 nummos
1131 4911 1400 4978 quatuor.
1444 4905 1691 4961 Ministri
1728 4905 2041 4975 chrysotri-

389 4995 1012 5070 clini,protospatharii
1038 4996 1330 5068 maglabii,
1356 5000 1412 5053 et
1434 4994 1712 5052 articlinae
1745 4996 1863 5052 acci
1873 4997 2044 5068 piunt

389 5101 588 5148 ternos
602 5106 881 5148 nummos
896 5088 1235 5161 plus,quam
1259 5088 1552 5161 simplices
1570 5088 2036 5161 protospatharii.

394 5177 1027 5251 Spatharoeubicularii
1060 5186 1112 5233 et
1143 5176 1725 5248 spatharocandidati
1751 5179 2044 5252 accipiunt

392 5271 510 5324 tres
533 5274 771 5339 quartas
795 5274 986 5340 partes
1007 5267 1315 5339 ejus,quod
1341 5267 1815 5339 protospatharii;
1835 5284 2043 5342 nempe

2072 3175 2116 3243 C

2076 4526 2119 4590 D

1454 318 1984 385 CONSTANTINI
2030 316 2730 379 PORPHYROGENITI

3706 324 3850 383 14ίὸ

2156 445 2478 523 λιχνοτέραν
2508 450 2604 518 τὴν
2660 441 2839 525 ἔφεσιν
2897 451 3005 503 τῶν
3046 450 3361 524 χρημάτων
3438 447 3729 524 ἔχοντες,
3760 455 3849 523 ἐς.
3930 462 3931 525 i

2150 532 2510 615 φισόητήσεις
2548 537 2637 592 καὶ
2672 535 2876 612 λόγους
2915 536 3187 612 ἐγείρουσι
3221 538 3350 610 περὶ
3393 544 3515 606 τῆς
3574 536 3849 609 διανορε

2150 629 2260 680 τῶν
2317 623 2613 699 διδομένων
2656 626 2962 701 χρημάτων
3003 628 3093 681 καὶ
3143 627 3244 696 τήν
3296 626 3349 698 ἒξ
3399 628 3700 706 ἆρχαέων
3764 637 3831 683 τέ

2152 712 2368 791 χρόνων
2464 713 3021 790 παρακολουθήσασαν
3114 718 3409 787 συνήθειαν

2156 802 2557 875 σπουδάζουσι·
2621 806 2747 882 φέρε
2817 803 2883 873 δὴ
2942 806 3123 868 καθὼς
3189 804 3250 861 ἐκ
3306 812 3432 861 τῶν
3497 810 3624 881 πρό

2154 894 2438 974 ἐγγράφως
2485 889 2870 967 παρελάϐομεν
2916 895 3107 963 τύπον,
3145 898 3236 950 καὶ
3288 898 3434 968 ὑμῖν
3489 895 3856 969 stag-«131.43%:-

2157 1005 2275 1056 μεν.
2341 990 2447 1040 Ηᾶν
2504 984 2610 1059 γὰρ
2683 985 2746 1039 τὸ
2797 983 3130 1058 ἀρχαιότητι
3180 983 3461 1063 διαφέρον
3533 984 3850 1060 αἰδέσιμον,

2154 1070 2275 1127 οὔτε
2332 1075 2655 1147 προσθήκην
2721 1076 2829 1128 τῶν
2900 1072 3069 1128 πάλαι
3127 1072 3422 1148 διανομῶν
3496 1085 3851 1152 uanos:sz

2152 1159 2497 1230 σπεύδοντες,
2568 1160 2689 1217 οὔτε
2772 1161 3067 1218 ἐλάττωσιν
3144 1168 3251 1219 τῶν
3344 1169 3849 1240 προπραχϐἑντῃίν

2152 1253 2496 1325 ποιούμενοι.
2532 1258 2623 1307 Δεῖ
2649 1253 2753 1328 γὰρ
2803 1254 2895 1308 τὸν
2944 1250 3203 1327 διανομέα
3248 1260 3368 1310 τῶν
3402 1260 3722 1311 τοιούτων
3772 1259 3853 1313 5:.

2152 1338 2404 1411 τικλίνην
2490 1341 2597 1417 πρό
2671 1363 2732 1416 γε
2810 1342 3024 1397 πάντων
3074 1344 3137 1398 τὸ
3193 1346 3374 1400 ποσὸν
3454 1353 3578 1414 τῆς
3658 1344 3851 1421 δωρεές

2154 1430 2524 1504 ἐκμανθάνειν,
2573 1431 2663 1486 καὶ
2722 1432 2824 1486 εἴθ’
2878 1431 3050 1494 οὕτως
3108 1428 3531 1509 ἀκριϐολογεῖν
3596 1437 3707 1497 τὰς
3764 1443 3849 1491 te};

2154 1520 2478 1594 ἀξιωμάτων
2541 1518 2826 1600 διαφορὰς,
2881 1523 2967 1577 καὶ
3025 1522 3222 1597 ἑκάστῃ
3276 1524 3660 1597 ἀξιωμάτων
3728 1530 3847 1595 tif:

2156 1613 2610 1686 συγκαταριθμεῖν
2666 1612 2796 1674 τοὺς
2853 1611 3051 1680 αύτῆς⁵
3085 1613 3389 1688 μετόχους,
3445 1614 3568 1669 κᾶν
3632 1615 3847 1671 E12112-

2156 1720 2241 1763 νες
2262 1704 2368 1754 τῶν
2407 1700 2729 1774 ἀξιωμάτων
2770 1701 3139 1774 τυγχάνουσι”
3189 1703 3280 1756 καὶ
3342 1709 3481 1767 τοῖς
3536 1706 3651 1776 μὲν
3710 1710 3850 1778 μα·τί-

2155 1808 2337 1862 στροις
2397 1786 2819 1863 συγκαταλέγειν
2851 1786 2943 1843 τόν
2995 1810 3052 1845 τε
3111 1791 3380 1867 ῥαίκτορο.
3445 1794 3566 1847 καὶ
3616 1797 3727 1862 τήν
3760 1802 3850 1863 ζιεο

2154 1879 2283 1947 στῆν
2331 1879 2641 1952 πατρικίαν,
2697 1879 2791 1932 τὸν
2849 1877 3151 1953 σύγκελλον
3208 1880 3300 1934 καὶ
3359 1882 3515 1944 τοὺς
3588 1884 3708 1937 ἀπὸ
3764 1905 3847 1954 με·

2152 1967 2390 2042 γίστρων
2440 1964 2763 2039 μοναδικοὺς
2813 1970 2922 2041 (17)
2971 1967 3061 2022 καὶ
3120 1969 3212 2024 τὸν
3252 1971 3698 2043 πραιπόσιτον,
3754 1976 3843 2043 Ξιιι

2154 2053 2211 2110 δὲ
2266 2057 2355 2111 καὶ
2412 2061 2491 2128 τῷ
2544 2055 2800 2129 οἷ’κειακῷ
2854 2064 3347 2132 παρακοιμωμένῳ
3409 2067 3527 2115 τοῦ
3604 2062 3841 2138 μεγάλε.-

2159 2147 2311 2219 ἦμῶν
2370 2144 2681 2220 βασιλέως·
2719 2145 2793 2206 εἷς
2862 2144 2920 2200 δὲ
2971 2149 3071 2216 τήν
3121 2151 3229 2203 τῶν
3293 2148 3666 2213 ἀνθυπάτων
3716 2154 3839 2222 tia.)

2150 2238 2496 2310 συναριθμεῖν
2554 2234 2683 2297 τοὺς
2742 2235 3038 2311 εὐνούχους
3094 2238 3473 2312 πατρικίους.
3540 2240 3605 2295 ἐν
3675 2239 3739 2295 δὲ

2148 2324 2292 2396 τάξει
2330 2324 2437 2379 τῶν
2471 2322 2685 2379 λοιπῶν
2715 2326 3017 2400 πατρικίων
3070 2329 3550 2401 συγκατατάττειν
3606 2333 3746 2392 τοὺς
3798 2331 3842 2384 ἐν

2148 2419 2227 2486 τῷ
2262 2413 2422 2487 βήλῳ
2452 2418 2559 2467 τῶν
2612 2414 2910 2488 πατρικίων
2968 2417 3333 2491 τεταγμένους
3392 2419 3837 2497 sesumam,

2148 2503 2316 2581 ἤγουν
2358 2505 2484 2566 τοὺς
2543 2504 3061 2581 πρωτοσπαθαρίους
3124 2505 3214 2560 καὶ
3275 2510 3678 2583 στρατηγοὺς,
3716 2510 3839 2568 τοὺς

2149 2592 2676 2668 πρωτοσπαθαρίους
2720 2593 2808 2648 καὶ
2861 2596 3279 2667 πραιποσίτους,
3336 2598 3440 2652 τὸν
3490 2595 3833 2669 δομέστικον

2149 2686 2255 2736 τῶν
2339 2679 2586 2757 σχολῶν,
2652 2683 2745 2737 τὸν
2822 2678 3157 2753 ἐξκούϐιτον,
3201 2685 3294 2739 τὸν
3386 2686 3672 2759 ὕπαρχον,
3736 2688 3831 2741 τὸν

2150 2770 2493 2846 γενικὸν,τὸν
2547 2769 2928 2847 σακελλάριον,
2979 2773 3071 2829 τὸν
3115 2774 3413 2849 κυὲστορα,
3468 2776 3567 2829 τὸν
3636 2774 3831 2849 8909-;-

2149 2860 2333 2936 γάριον
2364 2866 2465 2929 τῆς
2506 2859 2731 2935 βίγλης,
2763 2862 2856 2915 τὸν
2904 2856 3407 2936 πρωτοῦεστιάριον
3462 2868 3573 2918 τοῦ
3631 2862 3820 2919 δεσπό-

2148 2970 2270 3019 του,
2328 2950 2421 3004 τὸν
2479 2956 2582 3019 τῆς
2665 2952 2961 3024 τραπέζης,
3014 2951 3126 3019 καὶ,
3186 2950 3236 3005 εἴ
3287 2952 3554 3030 τύχοιεν,
3626 2956 3823 3014 τυπείς

2153 3039 2319 3112 μέγας
2360 3038 2451 3093 καὶ
2509 3038 2894 3114 ἒταιρειάρχης
2945 3040 3445 3114 πρωτοσπαθάριος
3497 3043 3817 3122 εὐνοῦχος·

2156 3126 2209 3182 ἐν
2260 3124 2317 3181 δὲ
2370 3130 2439 3201 τῇ
2496 3126 2639 3197 τάξει
2715 3132 2823 3181 τῶν
2881 3132 3201 3202 σεκρετικῶν
3255 3128 3653 3205 ὀφφικιαλίων
3712 3154 3819 3207 τυγ-

2154 3220 2505 3293 καταριθμεῖν
2559 3217 2686 3277 τοὺς
2738 3216 3032 3291 εὐνούχους
3092 3220 3640 3293 πρωτοσπαθαρέους
3702 3242 3816 3294 rp:-

2158 3307 2452 3382 μικηρίους
2482 3306 2572 3360 καὶ
2605 3303 2912 3381 ὁστιαρίους
2942 3305 3033 3359 καὶ
3062 3306 3190 3367 τοὺς
3221 3304 3587 3381 ἐμπράττους
3640 3312 3817 3383 κριτὶς

2150 3397 2242 3452 καὶ
2278 3396 2461 3470 μόνον,
2504 3395 2601 3449 Ἐκ
2631 3390 2687 3449 δὲ
2727 3401 2827 3463 τῆς
2884 3394 3082 3463 τάξεως
3139 3399 3245 3449 τῶν
3294 3400 3811 3471 πρωτοπαθκξέεω

2153 3484 2235 3539 δεῖ
2256 3481 2593 3538 διαστέλλειν
2624 3482 2751 3545 τοὺς
2792 3488 2889 3538 τοῦ
2945 3483 3398 3559 χρυσοτρικλίνου
3458 3486 3559 3539 καὶ
3616 3488 3812 3561 μηλι-

2153 3568 2306 3635 6ίτας
2372 3573 2461 3627 καὶ
2520 3570 2834 3647 ἀρτικλίνας
2860 3615 2872 3627 .
2908 3616 2920 3629 .
2958 3613 2971 3628 .
3009 3616 3023 3631 .
3058 3574 3249 3648 μικρὸν
3308 3572 3486 3628 πλέον
3542 3582 3811 3650 προτιμᾶ-

2154 3665 2294 3720 σθαι.
2337 3660 2478 3721 Τοὺς
2540 3659 2596 3716 δὲ
2652 3659 3256 3737 σπαθαροκανδιδάτους
3282 3705 3294 3718 .
3331 3707 3343 3719 .
3381 3706 3394 3719 .
3455 3672 3807 3740 συναριθμξῆ

2150 3758 2268 3816 τοῖς
2326 3747 3048 3828 σπαθαροκουϐικουλαρίοις
3119 3754 3252 3825 μετὰ
3312 3758 3424 3808 τῶν
3488 3758 3806 3831 σπαθαρξων

2154 3844 2245 3898 καὶ
2278 3844 2586 3918 στρατόρων
2619 3842 2708 3897 καὶ
2753 3844 2845 3897 ἀπ’
2877 3842 3055 3897 αὐτῶν
3088 3842 3219 3905 τοὺς
3264 3840 3638 3909 κανδιδᾶτους
3688 3868 3811 3919 μαι-

2154 3930 2387 4007 δάτορας
2466 3930 2904 4008 συγκαταλέγειν,
2964 3929 3219 4003 δηλονότι
3292 3938 3402 3987 τῶν
3486 3940 3808 4011 σεκρετικιῖιν

2152 4019 2412 4095 νοταρίων
2470 4020 2934 4093 ὑπεξαιρουμὲνων
2990 4019 3049 4074 ἐκ
3094 4021 3309 4075 πάντων
3361 4025 3474 4075 τῶν
3534 4028 3639 4078 τοῦ
3687 4025 3810 4080 λινε

2154 4113 2343 4165 σιακοῦ
2408 4110 2710 4184 ἀρχόντων.
2755 4109 2858 4165 Καὶ
2932 4110 3096 4179 ἡνίκα
3179 4111 3373 4183 ἑκάστῃ
3445 4111 3809 4185 ἁρμοζόντως

2151 4199 2294 4269 τάξει
2333 4199 2458 4261 τοὺς
2509 4198 2891 4273 συμμετόχους
2944 4198 3301 4274 ἐξαριθμήσῃ,
3334 4200 3473 4254 κατᾶ
3535 4203 3601 4256 τὸ
3650 4204 3808 4258 ποσὸν

2152 4292 2248 4343 τοῦ
2288 4284 2467 4361 δώρου
2495 4293 2593 4356 τῆς
2634 4285 2942 4363 εὒεργεσίας
2969 4289 3240 4343 ποιεῖσθαι
3271 4288 3366 4343 τὸν
3394 4287 3810 4364 συλλογισμὸν,

2153 4376 2227 4438 ὡς
2271 4375 2620 4452 λεχθήσεται.
2654 4376 2841 4432 Ἦνίκα
2887 4376 2988 4452 γὰρ
3039 4377 3067 4431 ὁ
3112 4378 3407 4451 μάγιστρος
3445 4375 3651 4449 ἄτομον
3714 4400 3815 4434 τυ-

2152 4466 2253 4541 χὸν
2315 4461 2457 4539 λάϐῃ
2515 4470 2736 4540 μοῖραν,
2797 4464 2964 4521 οἷονεί
3022 4466 3086 4535 κ’,
3145 4464 3355 4541 ὀφείλει
3418 4460 3724 4539 λαμϐάνειν
3782 4471 3808 4524 ὁ

2152 4554 2450 4615 ἀνθύπατος
2506 4556 2569 4609 τὸ
2624 4554 2797 4627 ἥμισυ
2845 4555 3071 4626 τούτου,
3136 4556 3452 4629 νομίσματα
3518 4558 3573 4614 ι’.
3634 4558 3697 4611 '0
3756 4557 3810 4614 δὲ

2151 4645 2436 4719 πατρίκιος
2523 4642 2729 4722 ὀφείλει
2814 4643 3141 4699 ὑποπίπτειν
3218 4649 3298 4716 τῷ
3386 4645 3683 4719 ἀνθυπάτῳ
3742 4651 3801 4715 α’,

2146 4738 2232 4788 καὶ
2286 4726 2577 4805 λαμϐάνειν
2635 4731 2865 4805 νομίσμ.
2899 4733 3023 4801 θ’,ὁ
3084 4730 3142 4787 δὲ
3199 4731 3558 4812 ὀφφιγιάλιος
3605 4738 3675 4790 τὸ
3735 4735 3801 4791 δέ-

2152 4842 2343 4896 μοιρον
2407 4826 2505 4877 τοῦ
2557 4822 2845 4897 πατρικίου
2900 4821 3128 4895 νομίσμ.
3165 4824 3229 4892 ς’,
3260 4824 3310 4877 οὶ
3371 4820 3431 4877 δὲ
3470 4844 3804 4898 πρωτοπα-

2152 4916 2330 4986 θάριοι
2362 4909 2502 4966 λιτοὶ
2535 4912 2597 4966 τὸ
2628 4911 2802 4984 ἥμισυ
2832 4914 2928 4966 τοῦ
2959 4912 3251 4988 πατρικίου
3284 4912 3523 4985 νομίσμ.
3562 4910 3609 4968 δ’
3630 4935 3643 4946 ·
3680 4938 3804 4991 προ.

2148 5005 2416 5073 τιμῶνται
2467 4998 2523 5055 δὲ
2570 5002 2619 5055 οἱ
2668 5005 2765 5055 τοῦ
2813 5000 3280 5076 χρυσοτρικλίνου
3318 5002 3409 5055 καὶ
3440 5001 3497 5056 οἱ
3544 5008 3649 5058 τοῦ
3714 5027 3803 5079 μα-

2148 5084 2379 5167 γλαϐίου
2463 5090 2945 5167 πρωτοσπαθάριοι
3004 5091 3096 5146 καὶ
3168 5090 3219 5145 οἱ
3292 5089 3601 5165 ἀρτικλίνοι

2148 5180 2277 5242 τοὺς
2348 5177 2538 5238 λιτοὺς
2611 5180 3137 5255 πρωτοσπαθαρίους
3217 5179 3454 5253 νομίσμ.
3503 5181 3578 5254 γ’,
3652 5184 3705 5238 οἱ
3750 5182 3796 5238 δὲ

2153 5264 2853 5345 σπαθαροκουϐικουλάριυι
2938 5267 3028 5324 καὶ
3113 5266 3680 5344 σπαθαροκανδιδάτοι
3742 5275 3791 5327 τὸ

1442 5423 1649 5482 JOAN.
1691 5426 1834 5485 JAC.
1877 5430 2135 5489 REISKII
2174 5430 2751 5490 COMMENTARIUS.

463 5574 579 5648 (t7)
634 5572 912 5648 Solebant
979 5590 1190 5645 nempe
1262 5584 1531 5648 proceres
1589 5570 1886 5648 Byaantini
1945 5584 2047 5636 aut

391 5643 575 5710 amoti
597 5647 668 5703 ab
694 5643 1201 5704 administratione
1234 5643 1565 5719 reipublicae
1587 5643 1646 5701 et
1660 5645 2047 5721 dignitatibus

2157 5580 2307 5665 eauti
2357 5582 2458 5665 aut
2501 5582 2891 5665 accepta.per
2937 5580 3186 5665 atatem.
3220 5578 3465 5665 honesta
3501 5578 3794 5651 missione,

2156 5653 2287 5712 vita:
2319 5650 2574 5727 reliquos
2599 5650 2727 5710 dies
2752 5650 2812 5707 in
2845 5650 3222 5709 monasteriis
3250 5663 3621 5710 consumere.
