3972 6214
200 375 384 435 1417

1076 369 1176 428 DE
1218 366 1684 429 CERIMONIIS
1733 366 1966 427 AULIE
2009 367 2478 428 ΒΥΖΑΝΤΙΝιΕ
2524 370 2669 430 LlB.
2719 370 2797 431 II.

3471 368 3627 440 me

195 509 482 581 δίμοιρον
509 509 607 561 τοῦ
635 470 1128 578 πρωτοσπαθαρίου
1157 523 1206 558 ν.
1250 502 1319 577 γ’.
1372 502 1440 558 Οἱ
1480 498 1536 556 δὲ
1582 495 1858 554 κουϐικου·

1986 503 2181 556 ternos
2230 517 2521 558 nummos.
2567 501 2938 572 Cubicularii,
2985 507 3293 579 spatharii,
3346 515 3628 570 stratores

196 595 443 672 λάριοι,
495 595 585 650 καὶ
645 592 954 666 σπαθᾶριοι.
1026 592 1116 646 καὶ
1179 591 1468 664 στράτορες
1529 583 1870 661 λαμϐάνουσι

192 686 272 741 τὸ
309 683 494 756 ἥμισυ
515 687 612 739 τοῦ
634 681 1124 756 πρωτοσπαθαρίου
1145 701 1192 735 ν.
1229 680 1295 754 β“,
1312 677 1373 733 δ”
1407 679 1458 732 οἰ
1484 675 1540 732 δὲ
1561 674 1872 732 κανδιδὰτοι

202 769 569 848 μαγλάϐἴται
632 771 729 826 ἀνὰ
782 793 832 826 ν.
881 771 944 831 ς’.
996 770 1064 826 Οἱ
1105 765 1162 823 δὲ
1211 768 1508 842 σεκρετικοὶ
1559 764 1870 841 χαρτουλά-

200 884 333 936 ριοι
390 861 480 917 καὶ
528 860 772 935 νοτάριοι
823 857 1191 913 ὑποπίπτουσι
1245 862 1361 918 τοῖς
1415 859 1510 910 τοῦ
1577 853 1872 910 λαυσιακοῦ

200 951 517 1032 ἄρχουσιν,
546 951 771 1012 ’ἕκαστος
802 948 939 1004 κατὰ
975 949 1036 1003 τὸ
1076 946 1218 1002 ’ἰδιον
1266 946 1498 1020 ἀξίωμα,
1548 944 1748 1018 τρίτον.
1801 945 1868 1001 Οἱ

202 1044 272 1102 δὲ
319 1043 585 1125 ἄρχοντες
635 1049 733 1101 τοῦ
793 1043 1084 1118 βασιλικοῦ
1147 1041 1451 1116 βεστιαρίου
1504 1040 1868 1094 ὑποπίπτουσι

201 1135 310 1190 καὶ
365 1134 519 1189 αὑτοὶ
569 1134 703 1188 κατὰ
749 1134 843 1193 τὰς
887 1130 1090 1193 οἰκείας
1138 1129 1286 1199 ἀξίας
1338 1128 1442 1183 ἀπὸ
1489 1132 1598 1182 τῶν
1660 1125 1871 1202 βασιλι-

203 1227 334 1278 κῶν
373 1228 472 1278 τοῦ
501 1221 798 1277 λαυσιακοῦ
827 1220 962 1276 κατὰ
989 1221 1052 1275 τὸ
1084 1217 1332 1293 δίμοιρον
1370 1219 1532 1292 μέρος
1573 1222 1670 1272 τοῦ
1717 1237 1868 1291 πρωο

203 1312 489 1378 τοτῦπου,
523 1313 639 1365 οἷον
669 1311 720 1365 o't
750 1309 1228 1382 πρωτοσπαθάριοι
1271 1307 1376 1362 ἀπὸ
1427 1311 1535 1362 τῶν
1584 1306 1870 1360 οἷκειακῶν

207 1399 396 1455 λιτῶν
452 1396 974 1475 πρωτοσπαθαρίων,
1033 1398 1096 1452 τὸ
1151 1393 1402 1470 δίμοιρον
1456 1417 1504 1452 ν.
1563 1396 1633 1471 γ“,
1682 1396 1771 1449 καὶ
1817 1397 1868 1449 οἱ

209 1485 787 1562 σπαθαροκανδιδάτοι
819 1491 926 1542 τῶν
953 1490 1120 1559 τριῶν
1153 1486 1214 1540 τὸ
1265 1482 1514 1558 δίμοιρον
1564 1506 1609 1541 ν.
1663 1485 1731 1558 β’,
1781 1482 1872 1538 καὶ

208 1579 269 1633 οἱ
307 1579 600 1651 σπαθάριοι
633 1577 721 1630 καὶ
752 1573 1041 1650 στράτορες
1069 1580 1177 1630 τῶν
1214 1571 1308 1628 δύο
1329 1576 1392 1628 τὸ
1424 1570 1779 1647 δίμοιρον.α“,
1802 1574 1871 1646 γ’,

210 1667 269 1721 οἱ
307 1663 368 1722 δὲ
401 1663 713 1721 κανδιδᾶτοι
762 1665 854 1740 cf.
899 1662 1028 1741 φολ.
1071 1665 1136 1730 κ’,
1184 1663 1237 1717 οἱ
1278 1661 1335 1717 δὲ
1383 1660 1529 1718 λιτοὶ
1576 1663 1667 1716 καὶ
1715 1657 1872 1716 ἑϐδο-

212 1753 421 1830 μάριοι
465 1754 571 1810 ἀπὸ
626 1756 723 1824 ζς“,
769 1755 821 1808 οἱ
870 1751 927 1808 δὲ
985 1752 1250 1828 ὑπουργοὶ
1303 1759 1401 1820 τῆς
1448 1749 1719 1826 τραπέζης
1776 1749 1873 1806 τοῦ

213 1844 501 1920 βασιλέως
541 1842 631 1898 καὶ
678 1849 778 1910 τῆς
829 1841 1150 1916 Αὑγοῦστης
1199 1841 1303 1895 ἀπὸ
1447 1842 1660 1910 πάντες,
1711 1841 1763 1896 οἱ
1815 1837 1872 1895 δὲ

213 1929 313 1986 δια
372 1932 590 1992 πόλεως
626 1931 1126 2004 ¹πρωτοσπαθάριοι
1174 1929 1282 1984 ἀπὸ
1329 1930 1558 2002 νομίσμ.
1611 1932 1676 2000 α’,
1721 1930 1770 1984 o't
1823 1927 1880 1984 δὶ

215 2016 786 2095 σπαθαροκανδιδάτοι
835 2018 942 2072 ἀπὸ
993 2020 1089 2087 ζς“,
1141 2020 1191 2073 o't
1243 2015 1300 2074 δὲ
1350 2020 1643 2092 σπαθάριοι
1717 2019 1882 2092 στρά-

215 2129 382 2182 τορες
443 2103 787 2181 λαμϐάνουσι
848 2109 911 2162 τὸ
977 2108 1151 2180 ἥμισυ
1216 2111 1313 2161 τοῦ
1379 2109 1880 2182 πρωτοσπαθαρίου

214 2219 267 2254 ν.
307 2199 378 2272 β’,
414 2195 478 2263 8⁸,
523 2197 575 2252 οἱ
607 2194 664 2251 δὲ
693 2193 1004 2250 κανδιδάτοι
1040 2191 1369 2271 μαγλαϐίται
1401 2195 1500 2250 ἆνᾶ
1529 2218 1577 2252 ν.
1612 2197 1678 2264 ς’,
1721 2197 1771 2249 οἱ
1824 2193 1880 2252 δὶ

218 2285 528 2359 σεκρετικοῖ
602 2283 1003 2360 χαρτουλάριοι
1061 2285 1150 2338 καὶ
1208 2285 1454 2359 νοτάριοι
1509 2283 1878 2339 ὑποπίπτουσι

215 2379 338 2437 τοῖς
371 2380 470 2429 τοῦ
504 2373 798 2429 λαυσιακοῦ
829 2375 1118 2448 ἄοχουσιν,
1165 2373 1388 2435 ’ὲκαστος
1442 2373 1579 2428 κατὰ
1622 2373 1683 2428 τὸ
1732 2369 1875 2427 ἴδιον

219 2463 440 2538 ἀξίωμα
469 2486 519 2530 ν,
553 2465 622 2539 γ’,
654 2465 720 2522 Οἱ
753 2461 812 2519 δὲ
854 2468 1113 2538 ἄρχοντες
1168 2462 1264 2518 τοῖ’)
1317 2464 1608 2539 βασιλικοῦ
1662 2463 1876 2538 βεστια-

227 2553 349 2628 ρίου
383 2553 750 2607 ὑποπίπτουσι
800 2552 889 2607 καὶ
939 2552 1092 2606 αὐτοὶ
1144 2553 1280 2607 κατὰ
1326 2551 1421 2613 τὰς
1475 2551 1675 2615 οἰκείας
1731 2550 1879 2622 ἀξίας

221 2641 330 2696 ἀπὸ
362 2646 470 2696 τῶν
509 2640 812 2716 βασιλικῶν
842 2645 940 2696 τοῦ
975 2639 1272 2703 λαυοςιαχοῦ
1330 2641 1464 2695 κατὰ
1507 2640 1571 2695 τὸ
1629 2637 1878 2714 δίμοιρον

225 2728 391 2802 μέρος
423 2733 520 2783 τοῦ
551 2727 936 2803 πρωτοτὺπου,
998 2729 1049 2783 οἱ
1099 2725 1155 2783 δὲ
1205 2729 1517 2804 σπαθάριοι,
1569 2729 1875 2803 στράτορες,

222 2819 417 2873 ὑπατοι
449 2819 556 2873 ἀπὸ
590 2821 652 2888 ζ’,
701 2820 752 2873 οἳ
802 2817 861 2874 δὲ
908 2817 1216 2874 κανδιδάτοι
1282 2821 1602 2894 βεστήτορες
1646 2821 1752 2874 ἀπὸ
1799 2822 1873 2896 γ’.

222 2904 441 2962 Δίδοται
473 2905 530 2962 δὶ
568 2909 659 2962 καὶ
701 2904 803 2976 ἔξω
854 2908 1052 2962 τούτου
1093 2907 1153 2962 ἐκ
1203 2910 1302 2976 τῆς
1348 2909 1515 2977 αὐτῆς
1568 2908 1876 2978 ποσότητος

219 3001 300 3069 τῷ
372 2997 465 3068 μὶν
532 2989 1018 3070 πρωτοϐεστιαρίῳ
1066 3000 1177 3069 (18)
1229 3039 1242 3053 .
1306 3041 1317 3052 .

224 3084 427 3153 σότητα
455 3090 562 3140 τῶν
594 3084 796 3160 λιτρῶν
841 3087 909 3157 τῇ
967 3084 1128 3159 λίτρῃ
1185 3086 1254 3154 α’,
1305 3091 1384 3158 τῷ
1443 3083 1499 3140 δὲ
1554 3093 1654 3155 τῆς
1711 3106 1872 3141 καταο

224 3174 460 3235 στάσεως
491 3196 540 3230 ν.
572 3176 638 3241 κ’,
670 3174 759 3228 καὶ
789 3178 867 3246 τῷ
899 3173 1159 3247 ὀστιαρίῳ
1187 3195 1236 3230 ν.
1280 3176 1346 3244 κ’,
1395 3178 1476 3246 τῷ
1516 3173 1665 3248 μέρει
1719 3176 1867 3231 Βενέ-

223 3285 332 3318 των
363 3285 410 3319 ν.
445 3260 508 3333 δ’,
539 3267 618 3335 τῷ
651 3262 800 3336 μέρει
835 3260 1113 3329 Πρασίνων
1147 3285 1190 3317 ν.
1227 3259 1291 3329 δ’,
1323 3267 1402 3334 τῷ
1435 3264 1688 3338 ὀρχηστῇ
1734 3308 1748 3321 .

227 3348 575 3426 διατρέχουσι
607 3375 654 3408 ν.
687 3353 754 3426 γ’,
784 3357 902 3412 τοῖς
933 3347 1257 3425 μανδάτορσι
1290 3356 1386 3405 τοῦ
1417 3349 1712 3425 λογοθὲτου
1736 3394 1750 3409 .
1797 3395 1810 3406 .
1857 3395 1870 3410 .

224 3447 340 3504 τοῖς
395 3439 738 3518 νομοφύλαξι
797 3443 916 3512 (19)
961 3463 1007 3495 ν.
1070 3441 1140 3517 γ’,
1197 3442 1285 3494 καὶ
1332 3444 1412 3511 τῷ
1461 3439 1748 3515 ἀρτικλίνῃ
1793 3442 1872 3513 τῷ

230 3525 528 3601 διανέμοντι
578 3529 640 3584 τὸ
697 3524 1062 3602 ἀποκόμϐιον.
1117 3528 1212 3584 Καὶ
1257 3531 1424 3584 ταῦτα
1479 3527 1573 3601 μὶν
1621 3525 1707 3582 ἐπὶ
1768 3535 1872 3597 τῆς

229 3621 330 3670 τῶν
366 3617 723 3691 βρουμαλίων
755 3616 974 3691 δωρεῶν
1004 3615 1293 3689 διανομῆς’
1322 3617 1373 3671 ἐν
1427 3615 1484 3671 δὶ
1528 3623 1645 3678 τοῖς
1688 3617 1871 3691 στεψί-

235 3724 355 3776 μοις
383 3709 492 3758 τῶν
535 3705 802 3778 βασιλέων
852 3706 942 3759 καὶ
990 3711 1109 3768 ταῖς
1158 3705 1603 3780 αὑτοκρατορίαις
1655 3707 1872 3777 ὑπεξαι-

233 3796 446 3867 ροῦνται
480 3793 596 3850 ¹³.¹⁴
625 3794 815 3854 πάντες
847 3795 898 3847 οἱ
929 3797 1036 3849 τῶν
1067 3793 1327 3867 σεκρέτων
1352 3793 1748 3871 χαρτουλάριοι
1779 3795 1868 3849 καὶ

231 3879 469 3956 νοτάριοι
528 3881 617 3936 καὶ
672 3880 740 3936 τὰ
801 3881 983 3955 βεστία
1033 3882 1123 3935 καὶ
1185 3882 1476 3956 ὑπουργίαι
1533 3884 1620 3937 καὶ
1671 3883 1722 3936 οἱ
1782 3879 1871 3938 διὰ

220 3968 429 4034 πόλεως
480 3969 692 4034 πάντες.
743 3970 850 4026 Καὶ
899 3969 1102 4044 γίνεται
1163 3972 1198 4039 ἠ
1250 3967 1484 4043 διανομὴ
1538 3971 1613 4033 εἷς
1669 3972 1868 4043 μόνους

223 4060 343 4121 τοὺς
366 4063 637 4134 ἄρχοντας
678 4064 772 4114 τοῦ
831 4058 1156 4129 λαυσιακοῦ,
1225 4059 1337 4114 οἷον
1389 4059 1464 4121 εἷς
1521 4059 1868 4136 μαγίστρους,

223 4149 633 4222 πραιποσίτους,
691 4147 1055 4215 ἆνθυπὰτους,
1122 4149 1458 4223 πατρικίους,
1537 4169 1869 4224 πρωτοσπα-

226 4237 456 4310 θαρίονς,
507 4237 599 4292 σὺν
655 4243 773 4299 τοῖς
843 4236 1130 4313 εὐνούχοις
1189 4238 1739 4312 πρωτοσπαθαρίοιςι
1773 4239 1860 4293 καὶ

228 4326 402 4398 μόνον’
458 4322 1067 4402 σπαθαροκανδιδάτοις,
1126 4326 1467 4399 σπαθαρίοις,
1528 4328 1618 4381 καὶ
1701 4328 1862 4401 στρά-

228 4437 385 4490 τωρες
417 4419 506 4471 καὶ
536 4413 899 4485 κανδιδάτοις,
949 4417 1039 4471 καὶ
1091 4415 1166 4479 εἷς
1212 4415 1337 4478 τοὺς
1390 4415 1678 4492 λεχθέντας
1734 4414 1865 4489 ἔξω·

1386 3043 1398 3056 .
1440 2996 1576 3052 κατᾶ
1621 3000 1721 3066 τὴν
1772 3018 1874 3052 πο-

1984 588 2274 658 accipiunt
2304 590 2608 648 dimidiam
2640 594 2790 664 ejus,
2815 593 2967 665 quod
3001 595 3291 666 accipiunt
3323 606 3628 672 protospa-

1985 678 2184 746 tharii,
2217 696 2428 752 nempe
2462 682 2630 737 binos
2660 699 2790 739 cum
2817 683 3007 739 tribus
3039 686 3402 756 miliaresiis;
3435 691 3628 747 candi-

1986 768 2108 823 dati
2141 769 2440 840 maglabiaa
2472 771 2769 842 accipiunt
2790 773 3260 830 senos.Secretici
3293 777 3628 835 chartularii

1985 859 2043 911 et
2075 857 2282 912 notarii
2314 858 2507 915 ferunt
2529 876 2646 916 una
2677 861 2848 916 tertia
2874 866 3032 932 parte
3057 863 3453 935 minus,quam
3480 866 3629 936 ejus-

1982 945 2112 1000 dem
2145 963 2342 1002 secum
2375 949 2598 1004 ordinis
2630 966 2894 1020 proceres
2920 953 3117 1023 palatii
3140 953 3630 1011 lausiaci.Eadem

1982 1033 2130 1088 ratio
2179 1041 2517 1092 caeterorum
2568 1039 2824 1095 vestiarii
2877 1057 3181 1112 procerum
3243 1051 3504 1112 respectu
3558 1039 3633 1098 ad

1978 1124 2309 1181 vestiaritas
2341 1125 2602 1184 lausiaci.
2629 1129 2691 1183 E.
2725 1145 2776 1184 c.
2814 1128 3056 1186 lausiaci
3082 1132 3526 1204 protospatbarii
3552 1133 3635 1188 {e-

1979 1221 2116 1269 runt
2147 1222 2486 1286 quaternos.
2523 1219 2981 1291 Protospatharii
3007 1221 3309 1277 domestici
3339 1221 3635 1294 simplices

1974 1309 2176 1364 ferunt
2205 1308 2651 1363 ternos.IIorum
2684 1312 2980 1365 ternorum
3005 1326 3122 1366 una
3151 1312 3324 1367 tertia
3347 1315 3510 1382 parte
3533 1311 3637 1366 mi-

1982 1405 2092 1446 nus
2123 1392 2315 1448 ferunt
2347 1395 2938 1466 spatharocandidati,
2964 1415 3174 1471 nempe
3208 1399 3630 1457 binos.Horum

1979 1479 2248 1536 binorum
2281 1499 2398 1538 una
2426 1485 2662 1557 gemina
2695 1489 2854 1557 parte
2885 1486 3082 1543 minus
3115 1488 3310 1544 ferunt
3339 1487 3631 1560 spatharii

1981 1578 2032 1624 et
2064 1575 2366 1642 stratores,
2399 1572 2454 1628 id
2503 1579 2592 1630 est
2633 1575 2896 1645 singulos
2945 1593 3222 1632 nummos
3271 1593 3403 1632 cum
3445 1577 3632 1632 tribus

1979 1660 2338 1718 miliaresiis.
2371 1664 2674 1720 Candidati
2725 1665 2917 1721 ferunt
2947 1670 3114 1722 terna
3159 1666 3437 1732 miliaria,
3467 1665 3632 1722 folles

1979 1750 2238 1817 vicenos;
2258 1752 2558 1823 simplices
2580 1754 2871 1810 candidati
2895 1759 2950 1811 et
2972 1754 3333 1811 bebdomarii
3366 1752 3625 1809 miliare-

1984 1839 2068 1894 sia
2098 1840 2516 1896 sena.Ministri
2538 1857 2751 1897 mense
2769 1845 3010 1915 Augusti
3035 1847 3091 1899 et
3111 1845 3387 1914 Augustin
3425 1843 3637 1914 pariter

1992 1928 2219 1999 singula
2249 1929 2584 1986 miliaresia.
2617 1930 2832 1987 Urbani
2874 1931 3326 2004 protospatbarii
3359 1948 3636 1987 nummos

1991 2016 2290 2088 singulos;
2325 2020 2898 2086 spatharocandidati
2932 2020 3246 2078 miliaresia
3277 2038 3460 2090 sena;
3495 2037 3636 2092 spa-

1991 2106 2164 2160 tbarii
2213 2113 2486 2163 stratores
2534 2109 2839 2164 dimidium
2891 2111 3364 2180 protospatharii,
3428 2125 3637 2177 nempe

1991 2208 2267 2251 nummos
2284 2197 2791 2264 binos,mi|iaresia
2807 2199 3144 2254 terna.Cand
3159 2199 3295 2253 id-iti
3312 2197 3636 2266 maglabita

1995 2299 2265 2340 nummos
2322 2301 2512 2339 senos.
2559 2285 2881 2341 Secretales
2925 2285 3264 2341 chartularii
3315 2290 3370 2340 et
3403 2285 3636 2352 notarii,

1991 2372 2244 2442 quisque
2277 2390 2380 2444 pro
2404 2373 2621 2427 ratione
2651 2389 2774 2428 suae
2795 2373 3120 2444 dignitatis,
3144 2378 3340 2428 ternos
3360 2387 3638 2428 nummos

1991 2461 2188 2516 minus
2222 2462 2432 2530 ferunt,
2456 2478 2629 2533 quam
2662 2461 3000 2517 chartularii
3040 2465 3097 2517 et
3133 2461 3336 2516 notarii
3372 2461 3633 2520 lausiaci.

1988 2551 2207 2610 Pariter
2229 2551 2418 2606 ferunt
2433 2550 2682 2621 praefecti
2699 2551 2836 2621 regii
2856 2551 3138 2620 vestiarii,
3163 2551 3484 2607 secundum
3503 2566 3638 2606 suas

1987 2642 2228 2714 quisque
2257 2639 2907 2711 dignitates,dimoerum
2931 2640 3344 2712 suprascripta:
3376 2639 3634 2711 origina-

1985 2733 2058 2789 lis
2081 2733 2279 2788 formae
2304 2731 2707 2801 minus,quam
2730 2730 2904 2787 iidem
2932 2730 3182 2802 praefecti
3207 2730 3349 2803 regii
3373 2729 3632 2786 vestiarii

1986 2823 2058 2880 ad
2088 2821 2410 2877 lausiacum
2435 2820 2584 2877 455
2609 2818 2886 2890 palatium
2919 2820 3297 2892 pertinentes;
3323 2818 3630 2891 spatharii,

1985 2918 2272 2975 stratores,
2301 2908 2573 2965 consules
2606 2908 2819 2964 miliar.
2853 2908 3104 2980 singula,
3137 2908 3432 2964 candidati
3465 2907 3636 2964 vesti-

1983 3005 2133 3055 tores
2162 3002 2539 3053 terna.Datur
2566 3001 2759 3052 autem
2783 3006 2941 3052 extra
2962 2997 3070 3053 hoc
3094 3013 3322 3070 quoque
3343 3013 3412 3052 ex
3433 2997 3635 3052 eadem

1986 3088 2308 3161 quantitate
2331 3085 2764 3160 protovestiario
2787 3086 3423 3158 quidem...seeundum
3447 3103 3631 3157 quan-

1984 3179 2208 3232 titatem
2258 3175 2527 3231 litrarum
2580 3177 2646 3228 18
2694 3173 2827 3229 litra
2859 3177 2922 3241 1;
2959 3173 3360 3230 cerimoniario
3408 3173 3631 3230 nummi

1792 3305 1805 3318 .
1851 3305 1865 3320 .
1901 3237 1945 3305 α
1980 3266 2084 3334 20;
2117 3264 2354 3319 ostiario
2402 3263 2806 3330 tantumdem;
2843 3237 3080 3318 factioni
3131 3263 3351 3320 Veneta
3403 3262 3633 3317 nummi

1982 3355 2014 3408 4
2040 3373 2052 3421 ;
2081 3354 2327 3408 Prasinaa
2350 3352 2738 3407 tantumdem.
2763 3350 3444 3408 Saltatori...vernaculis
3471 3367 3636 3406 num.

1983 3444 2060 3498 mi
2118 3443 2186 3510 3;
2249 3441 2692 3497 mandataribus
2749 3440 3157 3510 lagotbetsa...
3220 3439 3630 3514 scenophylaci

1983 3529 2286 3597 nummi3;
2312 3529 2591 3585 articlinze
2615 3527 2984 3584 distribuenti
3008 3529 3439 3600 apocombium.
3466 3529 3630 3584 Obti-

1982 3624 2079 3676 net
2101 3619 2193 3674 hic
2219 3620 2421 3674 modus
2437 3617 2495 3673 in
2515 3617 2923 3673 distributione
2944 3617 3170 3674 donarii
3188 3617 3625 3673 brumaliorum.

1977 3711 2050 3763 At
2069 3708 2131 3762 in
2151 3705 2443 3762 natalibus
2466 3705 2861 3761 coronationis
2883 3711 2940 3761 et
2966 3705 3186 3777 imperii
3217 3706 3554 3761 eximuntur
3573 3713 3627 3761 et

1982 3803 2201 3868 partem
2239 3795 2460 3851 nullam
2488 3796 2678 3849 ferunt
2699 3803 3053 3850 sccretorum
3076 3794 3414 3850 chartularii
3445 3801 3502 3850 et
3524 3811 3619 3850 no-

1978 3885 2156 3953 tiarii,
2189 3889 2245 3938 et
2276 3886 2374 3956 qui
2405 3885 2474 3939 ad
2509 3883 2872 3945 vestiarium,
2908 3887 2964 3938 et
2994 3882 3096 3953 qui
3129 3883 3200 3938 ad
3235 3884 3626 3940 ministerium

1980 3973 2329 4028 culinarium
2364 3972 2673 4043 pertinent,
2727 3977 2784 4026 et
2836 3971 3040 4028 urbani
3090 3987 3335 4038 omnes;
3367 3972 3628 4044 adeoque

1981 4064 2332 4134 participant
2359 4065 2428 4118 de
2479 4060 2890 4116 distributione
2930 4062 3302 4116 donariorum
3336 4067 3475 4115 tunc
3504 4061 3628 4116 dari

1977 4150 2282 4207 solitorum
2335 4155 2558 4205 tantum
2613 4166 2872 4220 proceres
2924 4149 3201 4217 lausiaci;
3245 4155 3310 4204 ut
3341 4148 3626 4221 magistri,

1976 4240 2292 4313 praepositi,
2328 4239 2726 4312 proconsules,
2761 4240 3009 4312 patricii,
3033 4238 3632 4310 protospatbariibar-

1975 4329 2120 4396 bati,
2151 4329 2600 4400 protospatharii
2622 4329 2870 4385 eunuchi
2899 4347 2912 4398 ;
2937 4329 3040 4385 sed
3070 4329 3130 4385 hi
3161 4330 3268 4384 soli
3299 4333 3533 4385 tantum
3551 4329 3623 4385 de

1977 4434 2188 4489 genere
2217 4419 2617 4474 eunuchorum
2650 4437 2665 4486 ;
2698 4417 3296 4490 spatharocandidati,
3319 4417 3627 4490 spatbarii,

235 4498 508 4579 ϐρεματῶν
569 4509 684 4578 (20)
751 4499 1134 4579 ἆποκομϐίων.
1194 4507 1259 4563 Oi
1315 4505 1416 4581 γὰρ
1475 4509 1573 4561 τοὺ
1640 4500 1858 4560 κουϐου·

1986 4511 2265 4575 stratores,
2288 4507 2582 4564 candidati
2613 4514 2671 4564 et
2706 4507 2812 4577 illi,
2846 4508 2947 4579 qui
2977 4506 3367 4580 appellatione
3407 4500 3632 4581 ἀξώόρι-

1556 4686 1803 4747 νΑιιιίΕ
1842 4687 2142 4748 LECTION
2149 4689 2250 4746 ES.

302 4831 429 4874 ﬂ-“
460 4830 858 4909 ὑφεξαιροῦνται
891 4835 1020 4891 00d.
1050 4838 1110 4891 et
1136 4834 1223 4890 ed.

1278 4977 1482 5035 JOAN.
1523 4977 1650 5034 JAC
1687 4978 1942 5036 BEISKII
1981 4979 2565 5039 COMMENTARIUS.

304 5145 406 5219 (t8;
447 5144 548 5199 Hic
605 5148 660 5200 et
715 5143 988 5219 deinceps
1043 5147 1270 5219 aliquot
1297 5146 1564 5219 versibus
1614 5146 1868 5219 evanida

304 5167 426 5270 μρὶ
451 5167 548 5199 ιιιο
605 5167 660 5200 δι
715 5167 988 5216 αθιησθρῑ
1043 5167 1268 5219 ἃιιςυοι
1297 5167 1564 5204 νειοδιουε
1614 5167 1868 5203 ονιωιαω

247 5215 384 5340 ξὲἓῗι
435 5231 502 5271 us
533 5222 586 5271 et
616 5219 902 5272 vetustate
935 5217 1136 5274 litters:
1169 5218 1276 5290 legi
1310 5217 1471 5274 nullo
1503 5217 1676 5274 modo
1708 5222 1870 5289 pote-

247 5303 376 5344 ηηι.

307 5359 320 5430 (
361 5358 414 5430 9)
446 5359 703 5432 Fuerunt
743 5358 800 5415 in
838 5359 1118 5416 iacunoso
1149 5360 1258 5416 hoc
1290 5360 1438 5428 loco,
1472 5377 1600 5432 qua
1631 5359 1868 5432 ervesti-

246 5429 342 5556 piis
371 5429 670 5500 scripturae
702 5432 1069 5501 sordidisque
1100 5432 1193 5486 hic
1216 5432 1325 5488 loci
1353 5429 1712 5488 membranis
1736 5448 1873 5487 ocu-

269 5518 420 5556 orum
443 5507 498 5556 et
523 5501 734 5556 ingenii
761 5504 884 5556 acie
911 5503 1143 5556 assequi
1177 5509 1233 5556 et
1261 5510 1539 5556 exnutare
1563 5520 1676 5556 non
1697 5502 1873 5556 valui.

269 5518 420 5556 orum
443 5507 498 5556 et
523 5501 734 5572 ingenii
761 5504 884 5557 acie
911 5503 1143 5573 assequi
1177 5509 1233 5558 et
1261 5510 1539 5574 exputare
1563 5520 1676 5558 non
1697 5502 1874 5557 valui.

250 5573 589 5645 Sunttamen
625 5574 1172 5645 quaedamilacunas.
1213 5573 1358 5645 quas
1391 5575 1462 5630 ci.
1501 5575 1783 5645 Draudius
1817 5573 1875 5628 in

249 5644 574 5726 Apographo
607 5660 746 5726 vacu
757 5661 821 5726 as
837 5644 977 5726 reliq
987 5644 1246 5726 ueram:
1262 5647 1528 5726 obscuris
1549 5644 1812 5726 litteraru
1824 5660 1878 5700 ω

253 5715 493 5786 vestigiis
546 5715 822 5773 restituta
880 5723 932 5772 et
976 5716 1231 5786 expleta.
1285 5717 1347 5773 In
1399 5718 1614 5789 quibus
1661 5724 1715 5772 et
1759 5715 1879 5772 hac

513 5842 770 5901 pATROL.
819 5846 934 5902 GR.
983 5843 1164 5902 CXII.

1980 5155 2116 5230 sunt
2147 5152 2267 5230 τοῖς
2295 5145 2654 5230 νομοφύλαξι.
2689 5151 3000 5230 Postrema
3049 5157 3166 5230 tres
3205 5151 3444 5230 syllabas
3469 5152 3632 5230 clare

1982 5224 2372 5344 etperspicue
2403 5224 2779 5292 prostabant;
2816 5225 3007 5292 priora
3053 5228 3170 5285 τοῖς
3199 5243 3338 5294 νομο
3397 5224 3633 5281 videbar

1984 5306 2061 5344 ml
2113 5291 2128 5344 i
2178 5291 2342 5344 auasi
2395 5307 2492 5344 ner
2538 5294 2810 5344 nebulam
2863 5296 3074 5344 videre-
3122 5310 3304 5344 neque
3349 5300 3489 5344 nuto
3537 5313 3632 5344 mn

1984 5290 2128 5366 mihi
2178 5291 2342 5360 quasi
2372 5290 2492 5366 per
2538 5290 2829 5366 nebulam
2863 5296 3075 5360 videre,
3122 5290 3304 5364 neque
3349 5300 3489 5366 puto
3537 5313 3632 5354 me

1985 5361 2332 5437 conjecturae
2363 5363 2570 5437 falsum
2626 5364 2826 5427 fuisse.
2863 5366 3149 5436 quamvis,
3180 5361 3460 5437 quantum
3509 5385 3629 5424 me-

1986 5433 2154 5558 ;n'ini,
2188 5434 2348 5490 nulla
2378 5435 2436 5500 in
2467 5433 3113 5508 superioribus—mentio
3143 5433 3244 5494 ﬁat
3261 5441 3369 5492 τῶν
3393 5457 3632 5515 νομοφυ-

2028 5523 2193 5558 ακων.

2028 5523 2170 5557 ακων
2179 5548 2193 5562 ,

1988 5577 2172 5703 vo{30)
2206 5576 2326 5634 Non
2365 5595 2667 5650 assequar,
2713 5577 2854 5652 quid
2908 5576 3016 5634 hoc
3061 5581 3215 5637 vocis
3271 5580 3342 5636 sit
3387 5588 3441 5636 et
3491 5580 3630 5654 quid

3234 5854 3308 5910 45
