3972 6214
374 338 527 402 1419

1415 324 1937 389 CONSTANTINI
1987 322 2677 387 PORPHYROGENITI

3712 321 3849 379 14213

370 496 444 549 μα
458 472 931 548 apocombiorum
951 468 1546 541 comprehenduntur.
1570 464 1831 521 Cubiculi
1854 463 2001 519 enim

2121 458 2307 513 κλείου
2382 459 2573 519 πάντες
2652 456 2974 526 ἰδιαζόντως
3055 453 3125 510 τὶ
3194 449 3562 529 ἆποκόμϐια
3624 449 3845 525 λαμετ-

366 566 636 621 homines
684 578 889 619 omnes
930 559 1175 616 seorsim
1221 558 1517 629 accipiunt
1560 559 1697 611 tunc
1737 552 2017 625 temporis

372 653 716 728 apocombia
748 669 877 706 sua.

672 743 743 797 De
771 739 1159 797 consuetudine
1189 736 1467 791 articlinis
1495 735 1701 790 debita.

440 838 573 889 Post
602 832 898 902 expositas
923 830 1098 899 igitur
1128 829 1633 896 dignitatum,tam
1658 837 2013 891 earum,qua3

368 940 499 980 cum
534 921 1082 989 insignibus,quam
1116 933 1340 980 earum,
1375 931 1498 983 qua
1532 913 1689 967 nudo
1714 912 1881 964 verbo
1905 910 2006 962 tri-

366 1010 1016 1074 buuntur,dit‘ferentias
1030 1006 1282 1075 majores
1298 1001 2008 1071 minoresque,incremen-

362 1108 421 1156 ta
450 1101 918 1161 etdecrementa,
952 1093 1359 1150 introducendi
1393 1092 1463 1145 ad
1497 1104 1719 1144 sacram
1746 1102 2007 1142 mensam

363 1196 421 1245 et
451 1190 583 1244 inde
616 1202 817 1242 rursus
858 1183 1141 1241 educendi
1174 1182 1396 1247 modos,
1429 1179 1675 1251 agedum
1706 1177 2005 1231 tradamus

365 1294 522 1334 nunc
546 1292 779 1348 quoque
791 1274 1136 1343 compilatas
1156 1288 1220 1326 ex
1243 1271 1501 1340 antiquis
1523 1267 1684 1322 libris
1701 1271 2009 1321 consuetu-

368 1367 557 1432 dines,
593 1381 741 1436 quas
773 1365 1144 1433 imperatores
1166 1361 1285 1429 jam
1317 1376 1351 1414 a
1377 1359 1549 1427 longo
1574 1361 1833 1425 tempore
1862 1353 2009 1408 arti-

363 1456 535 1509 clinis
568 1455 1215 1525 assignarunt,quantas
1238 1458 1290 1505 et
1311 1466 1344 1502 a
1367 1448 1581 1519 quibus
1607 1448 1841 1501 dandas.
1868 1445 2005 1499 Pro-

364 1549 522 1599 mota
543 1543 741 1614 itaque
758 1547 918 1597 zosta
942 1550 1040 1596 aut
1066 1540 1365 1609 magistro,
1390 1537 1683 1607 accipiunt
1710 1536 1780 1590 ab
1804 1550 2005 1589 eorum

361 1650 714 1706 unoquoque
745 1634 802 1687 in
840 1633 1179 1687 universum
1207 1630 1334 1700 [pro
1366 1632 1485 1681 toto
1518 1643 1625 1680 suo
1656 1622 2007 1695 corpore]vi-

360 1724 508 1794 ginti
542 1730 789 1793 quatuor
822 1736 1098 1775 nummos
1118 1734 1359 1782 aureos;
1391 1712 1681 1785 syncellus
1707 1717 2005 1782 promotus

360 1814 455 1867 dat
490 1812 631 1879 ipsis
664 1813 721 1864 in
757 1811 1091 1864 universum
1123 1806 1429 1860 duodecim
1464 1818 1693 1857 aureos.
1722 1800 2002 1855 Eunucho

360 1901 669 1953 barbatove
694 1901 761 1950 ad
793 1898 1157 1965 patriciatum
1182 1896 1500 1957 evecto,aut
1523 1891 1850 1943 renuntiato
1873 1905 2010 1958 quo-

360 1987 493 2039 dam
517 1982 1069 2053 proconsule,accipi
1084 1986 1187 2034 unt
1209 1982 1279 2034 ab
1293 1996 1493 2033 eorum
1511 1978 2012 2048 unoquoqueduo-

361 2073 551 2129 decim
588 2087 883 2127 nummos.
936 2072 1157 2125 Pariter
1201 2086 1269 2123 ex
1316 2068 1599 2122 divisione
1658 2068 2008 2137 apocombii,

363 2166 523 2233 quod
551 2180 745 2219 recens
768 2162 1090 2216 honoratus
1108 2158 1386 2229 patricius
1401 2157 2011 2227 dat,accipiuntnum-

369 2268 497 2307 mos
528 2251 858 2306 duodecim.
911 2250 1087 2304 Electi
1138 2247 1396 2315 strategi,
1435 2251 1555 2300 tam
1607 2245 1665 2299 in
1715 2244 2009 2299 Orientem

368 2356 544 2409 quam
576 2341 632 2393 in
665 2339 1035 2394 Occidentem
1070 2334 1361 2399 mittendi,
1389 2334 1525 2388 dant
1558 2332 1703 2403 ipsis
1736 2348 2008 2386 nummos

367 2429 698 2484 duodecim.
742 2428 828 2495 Et,
878 2428 923 2481 si
956 2426 1133 2497 [ultra
1180 2440 1399 2478 annum
1444 2423 1503 2476 in
1551 2437 1655 2475 sua
1703 2420 2007 2491 dignitate]

365 2522 643 2573 maneant
675 2517 894 2587 absque
916 2529 1273 2576 successore.
1300 2514 1534 2583 quoties
1558 2526 1757 2581 rogam
1782 2525 1881 2563 seu
1906 2508 2007 2563 sti-

367 2606 641 2676 pendium
660 2605 909 2661 militare
935 2601 2007 2675 accipiuntOrientales,dantnummos

366 2695 850 2764 duodecim,quod
880 2696 1050 2748 etiam
1076 2691 1481 2757 faciunt,456
1506 2690 1734 2759 quoties
1768 2687 1911 2757 ipsis
1946 2688 2005 2741 in

359 2783 826 2855 provmciasjam
854 2782 1062 2836 delatis
1085 2790 1135 2834 et
1162 2781 1237 2833 ibi
1261 2779 1568 2845 agentibus
1587 2794 1732 2847 rogas
1757 2777 2003 2830 mittun-

356 2876 499 2926 tur:
534 2871 929 2927 Occidentales
980 2878 1172 2925 autem
1232 2870 1596 2924 tantumdem
1654 2867 1797 2935 ipsis
1838 2866 2001 2933 dant,

360 2962 592 3033 quoties
616 2962 671 3015 in
698 2962 897 3016 urbem
927 2963 1140 3032 regiam
1165 2958 1639 3024 intrant,etismsi
1664 2972 1861 3027 rogam
1890 2974 2001 3011 non

365 3052 713 3121 acceperint.
748 3052 984 3105 Creatus
1018 3067 1118 3122 pro
1148 3049 1271 3104 loco
1303 3054 1610 3118 strategus,
1637 3053 1736 3101 aut
1760 3047 2002 3102 cleisur-

362 3141 560 3209 archa,
578 3146 971 3210 autcatepano
996 3156 1097 3194 seu
1122 3136 1883 3209 capitaueusPaphlagonim
1906 3137 2003 3190 dat

2126 569 2330 606 νουσιν.

2446 730 2576 801 Περὶ
2609 726 2894 797 συνηθείας
2924 730 3035 781 τῶν
3068 727 3449 799 ἆρτικλινῶν.

2195 816 2348 873 Ἐπεὶ
2400 816 2455 871 δὲ
2484 817 2580 878 τὰς
2630 816 2719 870 διὰ
2781 822 2886 871 τῶν
2957 812 3230 890 βραδείων
3300 818 3407 871 καὶ
3473 814 3593 871 διὰ
3664 815 3851 889 λόγων

2123 910 2572 984 προσγινομένων
2632 909 2798 977 ἀξιῶν
2848 906 3139 982 διαιρέσεις
3200 911 3293 963 καὶ
3364 907 3850 983 ὑποδιαιρέσεες,

2123 996 2297 1070 αὔξεις
2325 1019 2383 1052 τε
2414 998 2503 1051 καὶ
2548 998 2821 1071 μειώσεις,
2862 996 3233 1071 προσκλήσεις
3280 1021 3339 1053 τε
3397 998 3503 1052 καὶ
3569 1000 3851 1067 ὑποκλῆ-

2121 1108 2250 1149 σεις,
2312 1086 2389 1147 εἰς
2439 1088 2748 1165 τούμφανὲς
2801 1085 3161 1158 ἐποιήσαμεν,
3226 1087 3361 1165 ςιέρε
3432 1086 3509 1157 δή
3576 1091 3687 1142 καὶ
3753 1095 3843 1149 τὰς

2118 1172 2350 1231 ἔκπαλαι
2399 1176 2529 1237 τοὺς
2576 1174 2895 1250 ἀρτικλίνας
2940 1177 3085 1249 παρὰ
3133 1181 3241 1231 τῶν
3302 1178 3623 1251 βασιλέων
3686 1180 3843 1233 ἐκτυ-

2117 1265 2386 1325 πωθείσας
2421 1264 2727 1333 συνηθείας,
2761 1263 2850 1318 καὶ
2896 1262 2956 1318 ἐκ
3008 1264 3167 1319 τίνων
3220 1266 3576 1340 προσώπων
3638 1271 3843 1326 ταύτας

2120 1351 2329 1408 διδόναι
2379 1355 2563 1413 αὐτοῖς
2622 1353 2924 1431 ἠφορίσθη,
2974 1353 3032 1408 ἐκ
3078 1358 3187 1408 τῶν
3233 1356 3669 1431 ἀρχαιοτέρων
3723 1356 3841 1429 ἐῖσαι

2116 1445 2392 1516 νισάμενοι
2450 1440 2583 1515 τῇδε
2623 1448 2692 1516 τῇ
2750 1446 2935 1519 γραιρῇ
2994 1441 3404 1518 παραδοίημεν,
3459 1441 3838 1519 Ηροῦαὶ.ρ.σο

2119 1535 2286 1604 μένης
2327 1535 2431 1607 γαρ
2487 1537 2699 1601 ζωστῆς
2749 1533 2783 1599 ἤ
2836 1534 3163 1607 μαγίστρου,
3215 1530 3439 1588 δίδοται
3506 1534 3731 1595 αὐτοὶ

2115 1623 2344 1677 ἑκάστου
2386 1622 2559 1675 αὐτῶν
2604 1622 2847 1691 καθαπαξ
2895 1643 2944 1676 ν.
2996 1620 3096 1676 κδ’.
3149 1623 3504 1695 Τιμωμὲνου
3573 1622 3643 1679 δὲ
3708 1647 3827 1698 στεγ-

2115 1710 2344 1779 κέλλου,
2398 1710 2608 1766 δίδοται
2671 1710 2860 1770 αὐτοῖς
2919 1713 3178 1780 συνήθεια
3236 1716 3373 1786 παρ’
3438 1713 3641 1768 αὐτοῦ
3696 1718 3823 1768 x16-

2122 1800 2257 1870 άπαξ
2287 1822 2336 1855 ν.
2382 1802 2475 1874 ιβ’,
2510 1800 2890 1873 Ἀναγομὲνου
2923 1797 2979 1854 δὲ
3006 1800 3271 1873 εὐνούχου
3303 1800 3339 1869 ἧ
3378 1798 3697 1876 βαρὸἀτου
3742 1803 3817 1863 εἰς

2122 1890 2543 1957 πατρικιότητα,
2576 1891 2611 1959 ἢ
2655 1887 2963 1944 ἀνθυπάτου
3000 1892 3297 1962 γενομένου
3344 1893 3534 1959 τινὸς,
3602 1890 3815 1945 δίδοται

2124 1979 2307 2040 αὐτοῖς
2339 1980 2390 2049 ἐξ
2422 1980 2648 2033 ἑκάστου
2698 1979 2873 2033 αὐτῶν
2921 2002 2967 2037 ν.
3026 1981 3117 2053 ιβ’,
3164 1980 3374 2051 ὁμοίως
3433 1981 3532 2035 καὶ
3608 1982 3678 2036 ἐκ
3722 1989 3819 2049 τῆς

2123 2065 2389 2140 διανομῆς
2420 2072 2515 2121 τοῦ
2545 2063 2785 2140 κομϐίου
2814 2072 2912 2121 τοῦ
2946 2065 3236 2139 διδομένου
3265 2070 3415 2141 παρᾶ
3447 2074 3559 2124 τοῦ
3616 2093 3809 2143 τιμω-

2124 2157 2283 2231 μένου
2315 2156 2605 2231 πατρικίου
2641 2151 3014 2230 λαμϐάνουσιν
3044 2159 3275 2229 νομίσμ.
3313 2160 3407 2232 ιβ’.
3445 2160 3519 2216 Οἱ
3569 2157 3633 2215 δὲ
3690 2181 3811 2234 χειο

2121 2247 2510 2320 ροτονοῦμενοι
2552 2246 2853 2322 στρατηγοὶ
2892 2244 2944 2300 ἔν
3000 2267 3057 2301 τε
3113 2251 3181 2319 τῇ
3239 2246 3525 2312 ’Δνατολῆ
3583 2252 3685 2303 καὶ
3740 2255 3803 2321 tr;

2120 2335 2274 2390 Δύσει
2315 2335 2649 2410 παρέχουσιν
2681 2336 2869 2396 αὐτοῖς
2901 2336 3001 2390 ἀνᾶ
3030 2357 3261 2409 νομισμ.
3318 2336 3407 2411 ιβ’.
3466 2338 3534 2393 ΕΞ
3594 2337 3659 2393 δὲ
3712 2342 3803 2391 καὶ

2119 2422 2415 2497 ἐπιμένωσι
2468 2426 2754 2499 στατηγοὶ,
2814 2425 3001 2488 ὁσάκις
3054 2423 3112 2479 ἄν
3163 2424 3529 2499 ῥογευθῶσιν,
3589 2430 3647 2481 οἱ

2116 2512 2431 2567 ἀνατολικοὶ
2459 2511 2557 2566 δινά
2586 2512 2812 2586 νομίσμ,
2860 2514 2953 2587 ιβ’,
2985 2514 3081 2567 κᾶν
3127 2516 3276 2588 τάχα
3326 2514 3557 2589 τύχοιεν
3604 2517 3685 2577 εἷς
3742 2516 3804 2569 τὸ

2118 2598 2257 2656 ἴδιον
2301 2602 2462 2673 θὲμα,
2494 2603 2592 2670 τὴν
2628 2602 2791 2676 ῥόγαν
2823 2599 3000 2656 αὒτῶν
3030 2602 3433 2667 ἀποσταλῆναι.
3476 2606 3538 2660 Οὶ
3570 2603 3629 2657 δὲ
3680 2607 3794 2670 τῆς

2117 2687 2319 2749 δύσεως
2349 2690 2439 2743 καὶ
2484 2691 2559 2762 μή
2614 2690 2994 2763 ῥογευόμενοι,
3050 2689 3238 2751 ὁσᾶιιις
3278 2691 3343 2746 ἄν
3395 2690 3445 2746 ἐν
3486 2698 3551 2763 τῇ
3606 2694 3782 2764 βασι-

2117 2778 2349 2850 λευούσῃ
2377 2784 2483 2831 τῶν
2528 2777 2745 2833 πόλεων
2796 2778 3159 2849 ἐπανέλθωσι,
3207 2780 3547 2859 παρέχουσιν
3589 2781 3787 2842 αὐτοῖς

2115 2868 2213 2922 ἀνᾶ
2267 2887 2498 2939 νομισμ.
2555 2868 2646 2940 ιβ’.
2710 2863 3191 2941 Προϐαλλομὲνομ
3238 2867 3295 2924 δὲ
3354 2870 3412 2924 ἐκ
3471 2873 3784 2944 προσώπου

2114 2956 2489 3033 στρατηγοῦἢ
2541 2954 2995 3032 πλεισουράρχου
3043 2960 3078 3027 ἢ
3127 2959 3415 3013 κατεπᾶνω
3464 2961 3779 3035 [Ias-£11m-

2113 3047 2250 3108 νίας,
2286 3041 2493 3098 δίδοται
2528 3044 2716 3103 αὐτοῖς
2749 3043 2800 3115 ἐξ
2828 3046 3055 3101 ἑκάστου
3086 3047 3265 3101 αὐτῶν
3298 3047 3399 3101 ἀνᾶ
3428 3048 3672 3122 νομέσμ.
3701 3050 3755 3117 τί

2112 3135 2205 3188 καὶ
2241 3134 2428 3196 ὁσάκις
2491 3132 2818 3195 εἷλσελθὸντες
2869 3135 3189 3211 ῥογευθῶσι,
3239 3136 3406 3190 πάλιν
3454 3140 3564 3205 τήν
3616 3139 3782 3205 αὐτήν

360 3244 635 3283 nummos
658 3227 993 3283 octo.lidem
1020 3227 1244 3297 quoties
1270 3226 1326 3280 in
1346 3226 1548 3279 urbem
1580 3225 1789 3279 reversi
1807 3240 2001 3295 rugam

2113 3224 2392 3292 ποσότητα
2424 3222 2757 3297 παρέχουσιν
2790 3223 2995 3284 αὐτοῖς.
3030 3226 3097 3281 Οἱ
3146 3221 3204 3278 δὲ
3255 3225 3640 3301 ὀφφικιάλιοι,
3682 3230 3776 3280 κᾶν

356 3318 705 3387 acceperint,
754 3318 1107 3373 tantumdem
1141 3331 1349 3370 rursus
1379 3316 1521 3368 dant
1551 3313 1849 3377 ofﬁciales,
1880 3312 1999 3369 sive

353 3416 557 3476 praeter
578 3424 751 3462 suum
767 3407 1022 3460 ofﬁcium
1046 3404 1495 3476 protospatharii
1515 3419 1747 3473 quoque
1763 3401 1994 3471 fuerint,

352 3495 473 3549 sive
509 3512 645 3561 non,
672 3512 705 3548 a
725 3496 1025 3561 praeposito
1048 3495 1180 3545 inde
1204 3491 1654 3559 scholarumque
1677 3491 1998 3546 domestico

349 3596 539 3649 usque
568 3580 642 3633 ad
676 3580 1208 3649 protospalharium
1245 3576 1635 3647 imperialium
1669 3577 1995 3640 hominum,

350 3669 494 3722 dant
526 3668 706 3722 semel
732 3668 980 3738 quisque
1006 3683 1103 3736 pro
1128 3682 1186 3720 se
1214 3664 1515 3719 duodecim
1542 3664 1998 3719 nummos.Reli-

350 3758 449 3829 qui
483 3755 764 3812 ofﬁciales
785 3772 986 3811 omnes
1008 3755 1283 3825 deinceps
1308 3769 1494 3823 usque
1514 3753 1583 3807 ad
1607 3753 1993 3808 domesticum

348 3844 748 3918 imperialium
772 3845 1338 3916 dant‘unusquisque
1356 3858 1456 3913 pro
1483 3858 1593 3897 sua
1606 3858 1852 3913 persona
1866 3850 1995 3899 octo

350 3935 1042 3992 nummos.Tantumdem
1067 3933 1166 3988 dat
1188 3930 1571 3999 eunuchus,si
1596 3932 1996 4002 protospatha-

348 4025 476 4081 rius
490 4025 565 4079 ﬁt.
578 4023 950 4079 Primicerius
966 4020 1449 4095 [candidatorum]
1465 4019 1844 4075 autostiarius
1857 4022 1997 4075 dant

349 4114 565 4185 pariter
596 4130 697 4168 sex
725 4127 1020 4167 nummos.
1044 4110 1424 4165 Tantumdem
1446 4110 1587 4163 dant
1616 4109 1883 4177 magister
1904 4126 1994 4163 ar-

350 4202 628 4258 mamenti
659 4218 760 4257 seu
812 4201 1101 4273 apothecas
1143 4214 1462 4261 armorum,
1496 4202 1862 4252 mensurator
1892 4215 1992 4253 seu

346 4296 612 4359 metator,
638 4294 871 4346 curator
890 4288 1179 4355 villarum,
1205 4285 1546 4341 cbartularii
1570 4287 1760 4340 dromi
1780 4303 1881 4341 seu
1896 4287 1993 4341 citi

342 4396 547 4436 cursus
574 4377 1587 4449 publici,actuarius,protonotarius
1610 4376 1995 4439 dromi,char-

339 4468 539 4522 tularii
563 4468 1031 4538 stabuli,epictes
1053 4482 1152 4521 seu
1179 4464 1446 4520 incitator
1461 4468 1990 4535 cperarum,dome-

2110 3332 2167 3366 τε
2198 3316 2267 3385 τῇ
2298 3316 2405 3365 τῶν
2456 3314 2963 3386 πρωτοσπαθαρῐων
3013 3312 3332 3386 τετίμηνται
3383 3314 3528 3386 ἀξίᾳ,
3575 3318 3678 3370 κᾶν
3724 3336 3783 3371 τε

2109 3404 2195 3454 καὶ
2234 3402 2334 3471 μὴ,
2366 3400 2471 3453 ἀπό
2502 3421 2561 3454 τε
2591 3405 2688 3455 τοῦ
2737 3403 3102 3476 πραιποσίτου
3152 3404 3241 3456 καὶ
3286 3407 3387 3457 τοῦ
3437 3401 3779 3477 δομεστίκοο

2106 3494 2214 3542 τῶν
2267 3489 2492 3565 σχολῶν
2558 3490 2723 3565 μέχρι
2786 3497 2887 3559 τῆς
2954 3496 3051 3545 τοῦ
3122 3496 3624 3567 πρωτοσπαθαρίου
3670 3501 3779 3548 τῶν

2112 3575 2434 3649 βασιλικῶν,
2470 3574 2681 3632 διδοῦσι
2713 3578 2802 3632 καὶ
2839 3579 2995 3633 αὐτοὶ
3037 3576 3172 3653 ἅπαξ
3214 3581 3314 3636 ἀνα
3360 3604 3413 3639 ν.
3457 3584 3555 3656 ιβ’.
3599 3584 3665 3640 Οἱ
3717 3582 3779 3638 δὲ

2108 3663 2301 3718 λοιποὶ
2333 3666 2529 3730 πάντες
2561 3665 2905 3744 ὀφφικιάλιοι
2956 3670 3122 3744 μέχρι
3153 3674 3250 3725 τοῦ
3284 3668 3621 3744 δομεστίκου
3672 3678 3778 3727 τῶν

2113 3753 2411 3827 βασιλικῶν
2436 3754 2543 3809 ἀνὰ
2574 3778 2619 3811 ν.
2654 3759 2723 3826 η’.
2760 3756 2823 3813 Εἴ
2854 3755 2911 3812 δὲ
2940 3778 3023 3819 τις
3054 3758 3314 3835 εὐνοῦχος
3362 3762 3771 3834 πρωτοσπαθά-

2111 3863 2225 3918 ριος
2286 3844 2528 3920 γένηται,
2577 3843 2798 3901 δίδωσιν
2846 3848 3034 3909 αὐτοῖς
3084 3849 3217 3919 ἅπαξ
3268 3851 3337 3919 η“’
3390 3854 3766 3925 πριμικτςριος

2107 3933 2141 4001 ἤ
2177 3934 2451 4008 ὀστιάριος
2506 3935 2604 3989 ἀνά
2654 3936 2717 3998 ς’·
2763 3936 3022 3999 ὡσαύτως
3083 3940 3112 3993 6
3178 3936 3363 4013 ἄρχων
3422 3943 3522 3994 τοῦ
3580 3940 3764 4014 ἅρμα-

2110 4022 2309 4094 μέντου
2358 4024 2492 4095 (21),
2543 4024 2570 4077 6
2629 4028 3027 4101 μινσουρᾶτωρ,
3076 4026 3103 4079 6
3152 4028 3435 4102 κουρὰτωρ
3480 4033 3581 4082 τοῦ
3625 4031 3764 4097 κτη-

2110 4131 2302 4182 ματος,
2339 4111 2389 4164 οἱ
2422 4110 2820 4188 χαρτουλάριοι
2864 4117 2961 4167 τοῦ
2993 4112 3142 4186 ὀξέου
3194 4111 3426 4188 δρόμου,
3467 4118 3495 4171 6
3528 4118 3762 4172 ἀκτουὰ-

2107 4218 2243 4273 ριος,
2283 4200 2311 4252 6
2355 4199 2794 4274 πρωτονοτάριός
2836 4206 2934 4257 τοῦ
2988 4200 3221 4277 δρόμου,
3278 4205 3307 4258 6
3354 4205 3768 4280 χαρτουλαριος

2102 4291 2200 4341 τοῦ
2232 4287 2489 4357 σταύλου,
2534 4289 2561 4342 6
2608 4287 2831 4361 ἐπίκτης
2879 4291 2969 4345 καὶ
3019 4292 3045 4345 6
3094 4298 3195 4361 τῆς
3249 4292 3544 4368 ὑπουργίας
3591 4292 3768 4366 δομέ-

2106 4397 2307 4445 στικος,
2341 4377 2368 4429 6
2402 4379 2757 4451 ζυγοστάτης,
2790 4379 2817 4432 ό
2851 4379 3151 4443 οἰκιστικὸς
3196 4382 3287 4435 καὶ
3320 4383 3349 4436 6
3381 4386 3757 4457 χρυσειιητῆς.

2106 4466 2227 4519 Ἐπὶ
2286 4460 2539 4539 προϐολῇ
2600 4464 2655 4521 δὲ
2706 4469 2903 4528 παντὸς
2974 4473 3467 4545 πρωτοσπαθαρίου
3524 4470 3626 4524 ἀπό
3688 4491 3759 4527 τι

339 4554 518 4609 sticus
550 4556 857 4611 ministerii
909 4556 1210 4621 culinaris,
1244 4553 1551 4623 libripens,
1583 4553 1873 4609 mcisticus
1907 4554 1989 4609 vel

2114 4550 2470 4628 μαγλαϐιτῶν
2508 4557 2597 4610 καὶ
2644 4561 2750 4611 τῶν
2811 4557 2860 4611 ἐν
2906 4562 2985 4628 τῷ
3034 4558 3292 4631 οἰκειακῴ
3346 4560 3614 4635 βασιλικῴ
3666 4563 3758 4635 βε-

340 4644 696 4700 architectus
731 4645 1044 4714 primarius
1075 4654 1128 4698 et
1162 4642 1491 4707 aurilaber;
1527 4643 1759 4711 quando
1785 4659 1991 4714 nempe

337 4734 460 4788 suis
474 4733 726 4802 quisque
743 4732 952 4785 ofﬁciis
971 4720 1791 4800 mactantur.Protospatbarii
1808 4740 1988 4787 autem

333 4836 539 4878 omnes
561 4820 631 4874 ab
656 4821 859 4874 ordine
880 4821 1330 4890 maglabitarum
1352 4820 1509 4888 inde,
1532 4825 1587 4873 et
1610 4821 1748 4891 quid
1782 4822 1849 4874 ad
1875 4822 1987 4892 pri-

330 4916 526 4967 vatum
577 4924 811 4965 sacrum
864 4910 1224 4978 vestiarium,
1262 4909 1405 4963 item
1458 4909 1558 4978 qui
1592 4910 1663 4963 ad
1716 4908 1982 4965 homines

335 4998 668 5073 imperiales
702 4998 1014 5071 pertinent,
1048 5004 1107 5051 ut
1136 5002 1193 5052 et
1223 4997 1321 5067 qui
1354 4998 1425 5053 ad
1460 5013 1690 5053 sacram
1714 5014 1979 5054 mensam

330 5088 685 5153 ministrant,
739 5086 955 5159 aliique
1006 5084 1387 5156 dignitatibus
1445 5089 1561 5140 tam
1614 5102 1713 5157 per
1747 5087 1977 5153 urbem,

328 5195 501 5250 quam
541 5183 700 5235 extra
721 5173 1047 5247 conspicui,
1063 5173 1461 5245 dant,quando
1484 5174 1551 5228 ad
1570 5191 1708 5230 suas
1728 5175 1980 5248 quisque

327 5266 645 5337 dignitates
675 5268 1109 5339 promoventur,
1143 5261 1362 5333 singuli
1395 5270 1632 5318 octonos
1667 5279 1975 5335 nummos;

2108 4644 2334 4717 στιαρίῳ
2365 4644 2845 4719 καταλεγομένων,
2876 4645 2965 4700 καὶ
2995 4652 3103 4701 τῶν
3137 4648 3212 4710 εἷς
3257 4649 3383 4710 τοὺς
3428 4650 3748 4725 βασιλικοὺς

2098 4733 2416 4807 ἀνθρώπους
2449 4735 2911 4808 συντεταγμένων,
2952 4734 3043 4790 καὶ
3097 4742 3202 4791 τῶν
3242 4736 3328 4792 ἐπὶ
3382 4745 3481 4807 τῆς
3532 4738 3753 4813 βασιλιο

2096 4829 2198 4891 κῆς
2227 4824 2502 4896 τραπέζης
2538 4823 2972 4898 παρισταμένων,
3001 4826 3092 4879 καὶ
3119 4830 3224 4881 τῶν
3258 4823 3348 4881 διὰ
3392 4826 3611 4889 πόλεως
3662 4828 3757 4882 συν

2093 4915 2203 4966 τῶν
2248 4910 2518 4984 ὶξωτικῶν
2570 4912 2924 4985 τιμωμένων,
2974 4911 3185 4971 δίδοται
3226 4914 3409 4977 αὐτοῖς
3466 4918 3601 4986 ἅπαξ
3650 4917 3755 4971 ἆνὰ

2093 5019 2324 5073 νομισμ.
2360 5000 2431 5070 η’,
2465 5000 2516 5052 οἱ
2549 4997 2605 5053 δὲ
2627 5004 2695 5074 τῇ
2722 5004 2830 5055 τῶν
2862 5000 3448 5078 σπαθαροκανδιδάτων
3480 5004 3753 5073 ἤσπαθα-

2093 5087 2223 5161 ρίων
2252 5088 2558 5160 τιμώμενοι
2590 5088 2734 5159 ἀξίᾳ,
2766 5088 2861 5144 ἀνὰ
2890 5111 2937 5145 ν.
2972 5091 3040 5162 ς’,
3072 5092 3123 5146 οἱ
3156 5089 3211 5147 δὶ
3240 5095 3309 5165 τῇ
3338 5096 3448 5148 τῶν
3500 5092 3743 5167 στρατό-

2093 5196 2201 5247 ρων
2235 5176 2270 5245 ἤ
2298 5175 2535 5247 ὑπάτων,
2559 5177 2593 5245 ἤ
2619 5174 2953 5233 κανδιδάτων
2974 5175 3010 5248 ἤ
3034 5177 3451 5256 μανδατόρων,ἤ
3480 5182 3745 5259 βεστητό-

2097 5283 2227 5339 ρων,
2258 5262 2293 5334 ἤ
2328 5264 2726 5340 σιΛεντιαρίων,
2760 5268 2794 5338 ἢ
2828 5268 2933 5322 ἀπὸ
2958 5265 3217 5346 ἇπάρχων
3245 5272 3558 5345 τιμώμενοι
3602 5272 3744 5343 ἀξίᾳ,

1399 5432 1601 5491 JOAN.
1641 5432 1766 5491 JAC
1805 5436 2055 5495 REISKII
2094 5436 2687 5495 COMMENTARIUS.

388 5614 500 5693 (ἓξ)
534 5616 634 5671 Est
687 5611 864 5681 idem,
916 5614 1016 5686 qui
1069 5613 1097 5667 6
1142 5612 1318 5668 ἆπάνω
1366 5614 1461 5668 τοῦ
1509 5608 1860 5688 ἂρμαμέντου
1929 5629 2001 5670 m1

2106 5616 2286 5673 iratus
2351 5611 2693 5685 Theophani
2760 5630 2817 5686 p,
2879 5592 3168 5682 249;.vid.
3216 5618 3295 5676 Du
3325 5618 3520 5693 Cango
3552 5618 3744 5678 Gloss.

323 5685 419 5742 Gr.
465 5685 522 5742 b.
564 5702 613 5740 ν.
