3972 6214
225 339 396 402 1421

1122 341 1224 402 DE
1265 342 1723 406 CERIMONIIS
1766 342 1998 405 AULIE
2040 343 2517 407 BYZANTINE
2561 349 2706 410 LIB.
2753 352 2828 413 ΙΙ.

3491 355 3646 419 1422

226 475 549 548 παρέχουσι
579 470 672 527 καὶ
701 468 854 526 αὑτοὶ
903 470 1181 545 νομίσμ...
1231 474 1488 536 ὡσαύτως
1532 475 1623 529 καὶ
1668 473 1753 529 ἐπὶ
1782 479 1890 528 τῶν

2018 477 2571 547 spatharocandidati
2603 486 2657 538 et
2708 484 2988 555 spatharii
3035 501 3230 544 recens
3262 487 3392 546 facti
3425 507 3594 548 senos
3628 510 3644 559 ;

230 569 569 640 σεκρετικῶν
627 561 797 640 ἤγουν
831 565 1204 639 συγκλητικοῦ
1260 569 1580 640 τιμωμένου
1637 567 1802 622 αὑτοῦ
1850 565 1901 621 έν

224 656 564 728 ἀξιώμασιν,
597 654 806 712 δίδοται
861 653 910 726 ἐξ
962 655 1188 712 ἑκάστου
1238 656 1413 712 αὐτῶν
1446 659 1580 712 κατά
1605 659 1666 712 τὸ
1699 658 1896 713 οἶκεῖον

230 745 486 818 ἀξίωμα,
519 747 570 801 o't
606 747 700 818 μὲν
733 751 802 820 τῇ
833 751 942 800 τῶν
975 747 1474 822 πρωτοσπαθαρίων
1503 748 1602 802 ἀνὰ
1659 770 1708 804 ν.
1744 749 1814 818 η’,
1849 749 1902 802 οἱ

229 833 297 890 δὲ
331 839 402 908 τῇ
431 840 539 890 τῶν
573 833 1154 910 σπαθαροκανδιδάτων
1201 837 1236 906 ἢ
1284 836 1596 910 σπαθαρίων
1629 837 1726 892 ἀνὰ
1757 860 1806 893 ν.
1835 839 1898 905 ς’,

335 922 378 942 vn
457 929 483 940 ιν
557 929 581 940 η-
1065 927 1078 949 \
1135 925 1148 945 ε
1220 926 1234 943 ι
1421 927 1434 948 \
1582 923 1604 942 δ
1639 923 1692 942 ’κν
1872 925 1897 950 γι

230 926 293 980 οἱ
331 939 389 979 οε
419 947 486 999 τῃ
516 946 626 979 των
660 926 997 998 στρατόρων,
1043 929 1077 995 ὴ
1130 946 1367 993 υπατων,
1400 931 1433 996 ὴ
1478 940 1830 994 κανοιοατων,
1864 948 1897 994 η

238 1012 630 1090 μανδατόρων,
663 1015 698 1084 ἢ
754 1015 1118 1089 βεστητόρων,
1167 1014 1202 1082 ἢ
1255 1015 1652 1090 σιλεντιαρίων,
1684 1015 1780 1069 ἀνὰ
1810 1037 1902 1070 νο-

239 1122 415 1173 μισμ.
449 1099 512 1168 δ’,
546 1101 799 1175 ἁπράτων
833 1100 890 1156 δὲ
940 1107 1260 1176 σεκρετικῶν
1288 1121 1615 1174 γενομενων,
1647 1102 1748 1157 ἀνὰ
1779 1103 1898 1178 ν,γ’,

235 1192 296 1246 οἱ
353 1188 409 1245 δὲ
450 1195 556 1244 τῶν
600 1190 894 1265 ταγμάτων
941 1191 1030 1244 καὶ
1078 1195 1182 1243 τῶν
1231 1189 1491 1264 πλοΐμων
1519 1191 1745 1246 καὶτῶν
1776 1214 1901 1247 νου-

237 1280 430 1354 μέρων
462 1278 551 1334 καί
579 1279 806 1353 τειχέων
837 1279 1214 1349 τοποτηρηταὶ
1266 1281 1379 1351 ἅμα
1427 1286 1543 1341 τοῖς
1585 1280 1901 1356 χαρτουλα-

233 1370 390 1442 ρίοις
408 1371 586 1425 αὐτῶν
611 1369 773 1426 ἀναν.
800 1372 863 1432 ς’.
888 1370 953 1426 Οἱ
978 1366 1035 1422 δὲ
1059 1367 1245 1424 λοιποὶ
1279 1371 1474 1431 πάντες
1503 1368 1765 1443 ἄρχοντες
1789 1372 1901 1443 ἅμα

232 1464 362 1520 τοῖς
404 1458 712 1532 τριοούνοις
765 1459 854 1512 καὶ
917 1456 1187 1532 βικαρίοις
1243 1457 1344 1512 ἀνὰ
1393 1459 1729 1531 νομίσματος
1763 1459 1898 1522 ἑνός.

234 1549 470 1605 Τούτων
528 1549 708 1604 τοίνυν
757 1546 1002 1604 ἀνέκαθεν
1071 1547 1478 1623 πλατικὼτερον
1536 1549 1903 1625 εἰσενηνεγμέ-

235 1658 378 1705 νων,
412 1638 528 1692 νυνὶ
561 1635 620 1692 δὲ
650 1639 724 1700 ὡς
757 1639 877 1692 οἶόν
920 1657 979 1692 τε
1031 1638 1096 1705 ἦν
1148 1642 1331 1714 σαφῶς
1363 1638 1451 1692 καὶ
1483 1637 1820 1701 εὖσυνόπτως
1851 1637 1903 1693 έν

234 1726 497 1799 έπιτόμῳ
556 1725 1004 1801 συνειλεγμένων,
1063 1727 1174 1800 χρὴ
1249 1731 1390 1795 τοῖς,
1450 1727 1568 1782 ὅσοι
1626 1730 1724 1797 τήν
1778 1728 1900 1802 περὶ

2002 570 2280 622 stratores
2320 569 2609 640 consules,
2659 573 2971 640 candidati,
3026 577 3421 648 mandatores,
3470 582 3647 637 vesti-

2001 658 2178 720 tores,
2211 657 2540 720 silentiarii.
2565 660 2916 732 exprmfecti,
2948 677 3150 719 recens
3185 666 3447 722 honorati
3474 686 3647 727 senos

2003 760 2237 816 quoque
2267 750 2844 822 praestantﬂuisquis
2868 752 3165 808 secretalis
3193 759 3290 809 aut
3319 763 3648 816 senatorius

2003 833 2287 903 dignitate
2329 839 2583 907 quadam
2633 841 2804 895 fuerit
2843 841 3108 908 affectus,
3143 844 3244 898 dat
3295 860 3396 914 pro
3429 848 3650 902 ratione

2003 939 2121 977 suae
2155 925 2478 995 dignitatis,
2506 933 2566 982 ut
2590 929 2722 984 facti
2749 931 3195 1001 protospatbarii
3227 938 3494 1002 octonos;
3520 935 3649 991 facti

2005 1014 2580 1084 spatbarocandidati
2629 1025 2686 1074 et
2730 1021 3012 1092 spatbarii
3062 1039 3270 1092 senos;
3322 1023 3454 1079 facti
3497 1030 3650 1080 stra-

2003 1108 2173 1168 tores,
2208 1105 2502 1174 consules,
2536 1109 2854 1176 candidati,
2896 1113 3291 1180 mandatores,
3322 1114 3651 1182 vestitores,

2002 1191 2796 1265 silentiarii,quaternos.Qui
2828 1198 3117 1255 honorarii
3147 1200 3297 1256 fiunt
3316 1202 3650 1270 secretales,

2004 1280 2144 1335 dant
2176 1289 2389 1338 ternos.
2424 1284 2773 1354 Tagmatum
2808 1303 2907 1342 seu
2942 1288 3433 1360 prtesidiariorum
3471 1291 3651 1346 urbe-

2006 1382 2237 1435 norum,
2270 1372 2326 1423 et
2357 1369 2558 1439 ploimi
2590 1388 2691 1427 seu
2727 1372 3161 1430 classiariorum
3196 1380 3252 1432 et
3274 1393 3649 1434 numerorum

2005 1465 2057 1511 et
2087 1465 2408 1513 castrorum
2447 1464 2782 1532 topoteretie
2813 1463 2898 1519 vel
2943 1464 3132 1522 locum
3180 1472 3438 1523 tenentes
3469 1472 3526 1523 et
3562 1485 3654 1523 eo-

2007 1546 2277 1601 rumdem
2326 1549 2588 1604 omnium
2626 1550 2964 1608 chartularii
2996 1555 3138 1611 dant
3185 1573 3382 1613 senos.
3422 1556 3654 1630 Reliqui

2007 1649 2207 1689 omnes
2240 1636 2718 1707 magistratus,ut
2738 1644 2794 1695 et
2815 1640 3033 1698 tribuni
3068 1647 3242 1715 atque
3273 1644 3494 1712 vicarii,
3516 1645 3655 1700 dant

2007 1722 2271 1792 singulos
2305 1740 2599 1781 nummos.
2613 1728 2766 1782 Hanc
2790 1729 2984 1800 itaque
3015 1735 3279 1788 veterum
3301 1732 3651 1803 farraginem

238 1815 458 1884 τούτων
536 1813 796 1893 φροντίδα
872 1815 960 1868 καὶ
1036 1814 1330 1888 ὑπηρεσίαν
1390 1816 1904 1887 πεποίηνταικατά

2018 1811 2332 1868 fusiuscule
2347 1815 2620 1870 traditam
2637 1833 2794 1872 nunc
2815 1824 3104 1889 quantum
3122 1822 3249 1892 ejus
3272 1822 3390 1877 ﬁeri
3409 1826 3653 1893 poterat,

231 1907 343 1973 τὴν
395 1903 760 1976 προκειμένην
813 1900 1195 1972 διδασκαλίαν,
1248 1906 1338 1960 καὶ
1394 1906 1517 1980 περὶ
1580 1912 1687 1961 τῶν
1736 1909 1904 1982 βασι-

240 1991 420 2047 λικῶν
457 1991 806 2067 κλητωρίων,
857 1994 948 2047 καὶ
996 1994 1119 2068 περὶ
1167 1999 1274 2048 τῶν
1327 1994 1626 2068 διανομῶν,
1659 1995 1718 2051 έκ
1748 1993 1907 2068 τοῦδε

239 2085 346 2137 τοῦ
405 2085 660 2136 τακτικοῦ
719 2081 1177 2158 παραγγέλματος
1238 2083 1313 2147 ὼς
1376 2085 1481 2138 ἀπὸ
1540 2086 1784 2152 κανόνος,
1845 2087 1904 2155 ἢ,

242 2169 310 2224 τό
362 2191 425 2247 γε
469 2169 853 2245 ἀληθέστερον,
905 2171 979 2234 ὡς
1032 2173 1090 2226 ἐκ
1136 2176 1233 2227 τοῦ
1286 2171 1574 2247 βασιλικοῦ
1607 2174 1907 2248 θεσπίσμα-

246 2280 366 2326 τος,
442 2253 865 2336 άναμφισὸήτως
930 2259 1188 2335 ἐνεργεῖν.
1251 2259 1398 2316 Ἔδει
1454 2263 1547 2333 μὲν
1598 2265 1745 2334 ἡμᾶς
1792 2269 1907 2324 τοῖς

247 2349 624 2421 συνταχθεῖσιν
679 2347 802 2422 περὶ
861 2347 1134 2424 καθεδρῶν
1193 2349 1385 2426 λόγοις
1441 2351 1529 2405 καθ
1594 2349 1759 2421 τήνδε
1805 2353 1904 2420 τὴν

242 2441 359 2491 τῶν
392 2438 677 2507 ἱερατικῶν
731 2437 1057 2512 ἐπισυνάψαι
1104 2440 1276 2510 τάξιν,
1327 2441 1401 2501 ὡς
1459 2439 1550 2494 am
1602 2438 1814 2514 μᾶλλον
1841 2443 1907 2496 τά

243 2521 509 2601 πρεσϐεῖα
556 2530 655 2592 τῆς
704 2527 1138 2599 πρωτοκλησίας
1188 2531 1451 2607 φέρουσαν
1502 2531 1565 2586 ¹⁵.
1618 2528 1773 2586 Ἀλλ’
1817 2531 1909 2585 ἳνα

253 2617 332 2689 μή
385 2636 470 2676 τις
515 2617 679 2691 κόρος
740 2615 911 2690 λόγου
971 2624 1088 2679 τοῖς
1147 2619 1604 2692 ἀναγινώσκουσιν
1655 2625 1906 2694 περιστῇ,

254 2706 345 2760 καὶ
377 2707 412 2773 ἡ
444 2704 782 2778 συγκλητικὴ
831 2707 980 2779 τάξις
1034 2709 1125 2761 σὺν
1173 2713 1243 2782 τῇ
1288 2709 1536 2782 ἱερατικῇ
1586 2711 1910 2787 συναφθεῖσα

259 2793 514 2871 ἀσάφειαν
545 2800 664 2855 τοῖς
715 2794 1084 2869 εἰσαγομένοις
1135 2794 1226 2851 διὰ
1271 2802 1374 2852 τῶν
1427 2797 1710 2869 ὀνομάτων
1741 2801 1910 2869 ποιή-

259 2903 350 2956 σῃ,
384 2883 583 2951 ταύτην
628 2889 870 2946 τυπικῶς
924 2887 1019 2956 μὲν
1069 2883 1178 2956 ἤδη
1229 2885 1317 2940 ἐπὶ
1363 2890 1462 2951 τῆς
1495 2888 1541 2922 ίδ
1567 2888 1767 2957 τάξεως
1795 2891 1909 2960 (22)

256 2976 367 3027 τῶν
424 2971 760 3047 μαγίστρων,
792 2974 1118 3049 πατρικίων,
1167 2977 1540 3049 πραιποσίτων
1583 2978 1672 3030 καὶ
1722 2997 1910 3050 στρατ-

258 3064 408 3136 ηγῶν
467 3063 944 3135 προεσημάναμεν.
1020 3063 1145 3117 Νυνί
1222 3061 1278 3118 δὲ
1350 3071 1450 3132 τῆς
1521 3065 1644 3140 περὶ
1699 3065 1906 3120 τούτων

257 3147 652 3222 κυριοκλησίας
707 3151 796 3205 καὶ
845 3148 1323 3225 πρωτοκαθεδρίας
1372 3156 1478 3207 τῶν
1523 3173 1582 3207 τε
1629 3152 1910 3229 ἐπαρχιῶν

258 3217 348 3291 xui
384 3217 836 3312 μητροπολιτῶν,
884 3217 1331 3313 άρχιεπισκόπων
1380 3217 1910 3319 αὑτοκεφάλωνιξ23)
1941 3217 1992 3282 C

252 3327 342 3380 καὶ
373 3325 683 3382 ἐπισκόπων
724 3328 1174 3403 ὑποτεταγμένων
1223 3331 1324 3398 τήν
1384 3330 1729 3405 ἁρμόζουσαν
1761 3333 1910 3403 τάξιν

255 3413 473 3478 εἰδικῶς
522 3414 809 3490 ἐμφανίσαι
863 3416 1219 3491 βουλόμενοι,
1274 3418 1481 3489 εἶδικήν
1530 3440 1647 3473 τινα
1691 3418 1780 3473 καὶ
1809 3421 1910 3487 τὴν

258 3505 636 3579 πραγματείαν
666 3505 976 3580 συγγράψαι
1010 3509 1495 3582 προεθυμήθημεν.
1529 3509 1608 3565 Τὰ
1639 3507 1744 3584 γὰρ
1775 3506 1912 3563 εἰδι-

261 3599 370 3654 κῶς
412 3593 582 3655 ὅντως
615 3594 883 3669 λεγόμενα
931 3603 1070 3674 σοιφῆ
1123 3597 1221 3664 τήν
1271 3594 1620 3652 διδασκαλίαν
1658 3597 1911 3672 παρέχευ

261 3679 328 3734 τὰ
359 3678 416 3735 δέ
445 3702 562 3744 πως
593 3683 648 3736 έν
680 3683 956 3757 συζυγίαις
1001 3683 1350 3759 πεπλεγμένα
1393 3685 1646 3764 ἀσάφειαν
1694 3685 1911 3741 πολλά-

263 3789 348 3831 κις
369 3773 482 3830 τοῖς
504 3767 892 3849 ἐντυγχάνουσι
917 3773 1181 3844 προξενεῖ.
1207 3773 1300 3826 Διὸ
1322 3774 1442 3826 καθ’
1464 3773 1544 3846 sip
1555 3775 1653 3845 μὸν
1686 3775 1915 3843 ἑκάστης

267 3857 531 3932 ἐπαρχίας
562 3859 658 3920 τὰς
693 3858 1065 3931 μητροπόλεις
1116 3859 1418 3933 ἐκθέμενοι,
1447 3866 1527 3934 τῷ
1565 3862 1770 3934 ἑκάστῳ
1805 3883 1914 3933 μη-

267 3945 564 4021 τροπολίτῃ
595 3947 894 4022 ἆρμόζοντι
943 3947 1096 4019 τόπῳ
1138 3955 1236 4017 τῆς
1264 3946 1528 4024 καθέδρας
1561 3947 1916 4025 διεστιχήσα-

272 4053 386 4106 μεν,
418 4033 507 4088 καὶ
540 4033 635 4096 εἶθ’
667 4034 838 4096 οὕτως
864 4036 958 4097 τὰς
987 4040 1094 4091 τῶν
1135 4036 1524 4111 αὐτοκεφάλων
1556 4036 1915 4112 ἀρχιεπισκό-

268 4144 380 4177 πων
413 4123 547 4176 γατὰ
577 4123 723 4195 τάξιν
758 4121 1006 4198 δευτέραν
1028 4125 1192 4180 οὖσαν
1215 4127 1320 4181 ἀπὸ
1342 4131 1451 4182 τῶν
1485 4127 1912 4201 μητροπολιτῶν

268 4211 562 4285 ἐξεθέμεϐα,
625 4213 758 4285 μετὰ
807 4209 864 4267 δὲ
911 4214 1125 4274 τούτοις
1175 4217 1242 4288 τῇ
1301 4215 1497 4289 ἑκάστῃ
1548 4214 1786 4290 ἐπαρχίᾳ
1823 4214 1914 4270 καὶ

270 4301 601 4376 μητροπόλει
672 4301 1105 4376 ὑποτεταγμένας
1184 4302 1375 4366 πόλεις
1448 4303 1538 4358 καὶ
1616 4303 1916 4367 ἐπισκοπάς

266 4387 642 4463 ἐδηλώσαμεν,
676 4390 774 4446 οὐκ
805 4390 864 4446 ἐκ
909 4395 1017 4446 τῶν
1075 4393 1192 4446 καθ’
1248 4394 1394 4465 ἡμᾶς
1443 4392 1912 4470 κλητωρολογίων

273 4480 430 4551 μόνον
457 4480 552 4542 τὰς
583 4480 833 4555 ἀφορμὰς
881 4475 1266 4553 ἐκλαϐόμενοι,
1298 4481 1443 4536 ἄλλά
1489 4502 1552 4556 γε
1596 4482 1685 4536 καὶ
1718 4481 1775 4537 ἐκ
1804 4487 1912 4537 τῶν

2013 1901 2261 1956 maxime
2279 1904 2584 1974 perspicue
2601 1909 2657 1960 et
2677 1906 2737 1962 in
2769 1924 2885 1962 uno
2910 1908 3065 1963 brevi
3099 1919 3410 1982 conspectu
3437 1927 3469 1965 a
3488 1912 3654 1967 nobis

2013 1991 2372 2061 propositam
2404 2000 2595 2048 tenere
2643 1999 2888 2066 oportet,
2931 1997 3086 2052 800
3125 2003 3411 2070 quotquot
3459 2014 3524 2054 ea
3555 2017 3656 2056 cu-

2014 2096 2140 2134 rare
2171 2087 2342 2150 atque
2373 2084 2621 2137 tractare
2653 2100 2888 2140 necesse
2909 2085 3146 2156 habent,
3183 2089 3656 2160 propositamque

2014 2168 2337 2224 doctrinam
2370 2175 2486 2225 tam
2519 2171 2590 2226 de
2615 2173 2795 2228 sacris
2845 2176 3143 2238 conviviis,
3173 2192 3350 2247 quam
3383 2178 3454 2233 de
3481 2177 3654 2250 largi-

2013 2260 2236 2314 tionum
2258 2260 2667 2316 distributione
2690 2265 3314 2335 reputare,secundum
3338 2282 3537 2337 quem,
3555 2271 3659 2322 aut

2015 2348 2232 2403 rectius
2263 2349 2477 2414 dicam,
2511 2352 2833 2406 secundum
2867 2352 3232 2424 imperatoris
3251 2354 3506 2410 edictum
3546 2354 3654 2426 (uti

2014 2452 2209 2492 revera
2239 2439 2349 2509 est)
2373 2439 2593 2510 absque
2620 2438 2736 2496 ulla
2766 2440 3128 2498 haesitatione
3161 2447 3263 2497 aut
3291 2443 3656 2514 oppositione

2015 2541 2184 2596 agere
2217 2543 2320 2596 par
2365 2532 2472 2584 est.
2514 2528 2645 2583 Jam
2692 2529 3083 2585 debueramus
3130 2529 3264 2585 huic
3315 2531 3385 2587 de
3423 2532 3658 2587 sedibus

2014 2615 2102 2669 vel
2137 2615 2538 2686 praecedentiis
2561 2617 2915 2687 dignitatum
2948 2619 3275 2674 tractationi
3299 2620 3472 2675 etiam
3496 2619 3658 2675 ordi-

2017 2719 2160 2758 num
2195 2704 2618 2773 pontificalium
2641 2705 3083 2776 dispositionem
3107 2707 3322 2779 ubique
3340 2708 3656 2774 addidisse,

2020 2798 2218 2864 utpote
2242 2809 2352 2862 prae
2381 2792 2513 2848 aliis
2546 2793 2821 2850 honorem
2854 2797 3197 2868 protoclisiaa
3219 2813 3322 2852 seu
3339 2799 3661 2869 prasessio—

2019 2881 2109 2936 nis
2139 2881 2464 2937 ferentium.
2518 2882 2734 2960 Verum
2775 2899 2848 2938 ne
2888 2885 3103 2941 obruto
3143 2902 3336 2941 rerum
3370 2885 3534 2957 copia
3565 2904 3659 2942 sa-

2020 2971 2189 3026 tietas
2219 2972 2519 3040 obreperet
2553 2971 2773 3038 lectori,
2794 2977 2850 3028 et
2871 2974 3152 3030 senatoris
3170 2975 3458 3030 ordinatio
3483 2981 3659 3048 atque

2019 3059 2324 3130 dispositio
2353 3075 2488 3115 cum
2511 3061 2856 3116 sacerdotali
2885 3063 3196 3118 commista
3217 3072 3428 3119 crearet
3455 3068 3664 3120 docen-

2019 3148 2109 3203 dis
2140 3148 2395 3219 aliquam
2430 3150 2845 3205 obscuritatem
2885 3153 2958 3205 ab
2991 3151 3293 3207 nominum
3326 3153 3657 3208 multitudi-

2022 3253 2152 3293 nem
2187 3255 2200 3292 :
2234 3237 2690 3307 significavimus
2713 3239 2943 3309 quidem
2967 3242 3088 3308 jam
3119 3241 3176 3294 in
3201 3242 3662 3311 praecedentibus

2021 3327 2231 3382 harum
2265 3343 2458 3382 rerum
2492 3327 2759 3399 quasdam
2791 3328 3158 3399 generaliter,
3191 3330 3548 3386 mentionem
3573 3347 3663 3386 or-

2022 3415 2176 3470 dinis
2219 3416 2657 3487 magistrorum,
2705 3418 3102 3488 patriciorum,
3136 3420 3571 3490 praepositorum
3605 3425 3665 3477 et

2022 3508 2406 3576 strategorum
2441 3505 2716 3560 facientes
2751 3523 2764 3560 :
2799 3521 2954 3562 nunc
2983 3512 3177 3563 autem
3207 3508 3444 3564 animus
3475 3515 3563 3565 est
3591 3510 3664 3564 de

2020 3593 2462 3648 sacerdotalium
2478 3594 2825 3663 dignitatum
2845 3596 3093 3666 propriis
3108 3598 3398 3669 cujusque
3411 3598 3665 3670 appelle-

2022 3683 2278 3738 tionibus
2309 3688 2366 3737 et
2399 3683 2876 3753 prmsessionibus
2928 3685 3411 3755 patriarcharum,
3446 3693 3666 3743 metro-

2023 3771 2363 3841 politarum,
2403 3773 2976 3842 archiepiscoporum
3028 3776 3542 3846 autocephalorum
3577 3777 3661 3833 vel

2022 3858 2535 3928 independentium
2579 3864 2635 3912 et
2683 3859 3056 3915 subditorum
3097 3862 3216 3916 illis
3255 3865 3663 3934 episcoporum

2023 3945 2334 4018 specialem
2378 3946 2689 4015 quamdam
2735 3947 2984 4016 opellam
3026 3951 3331 4004 conficere.
3380 3953 3671 4022 Speciales

2023 4036 2178 4090 enim
2196 4035 2339 4089 tales
2353 4042 2408 4090 et
2427 4034 2730 4089 abstracta:
2756 4037 3126 4092 tractationes
3154 4045 3432 4109 praestant
3455 4041 3672 4111 perspi-

2025 4140 2194 4179 cuam
2218 4122 2566 4177 doctrinam.
2586 4122 2950 4178 Simultanea
2975 4141 3106 4180 vero
3132 4126 3205 4180 de
3235 4126 3481 4183 diversis
3503 4145 3674 4201 argu-

2026 4211 2240 4269 mentis
2265 4215 2324 4266 et
2354 4211 2515 4283 quasi
2549 4212 2860 4284 conjugata
2893 4220 3065 4284 atque
3095 4220 3365 4271 contexta
3385 4217 3670 4288 expositio

2025 4302 2170 4359 solet
2220 4300 2535 4357 lectoribus
2584 4301 2990 4358 obscuritatem
3034 4303 3306 4374 objicere.
3360 4305 3671 4377 PrOpterea

2026 4391 2444 4455 recensuimus,
2484 4390 2668 4445 secuti
2700 4391 2910 4446 seriem
2943 4396 3001 4448 et
3030 4394 3510 4465 consequentiam
3543 4395 3669 4449 sin-

2024 4481 2291 4553 gularum
2343 4477 2746 4549 eparchiarum
2797 4495 2897 4534 seu
2948 4481 3420 4550 praefecturarum
3455 4489 3667 4540 metro-

266 4570 359 4620 τοῦ
417 4567 698 4622 Θεσπεσίου
759 4569 1084 4646 Ἐπιφανίου
1136 4573 1232 4624 τοῦ
1307 4567 1741 4646 ἂρχιεπισκόπου
1799 4572 1910 4628 Κύ-

2018 4570 2178 4643 poles
2234 4585 2332 4623 seu
2383 4566 2660 4638 capitales
2702 4569 2994 4640 cujusque
3054 4571 3412 4642 prafecturae
3468 4573 3666 4642 urbes,

265 4675 400 4730 πρου
451 4658 566 4730 (24)
626 4664 943 4737 συγγραφῆς
999 4659 1067 4714 τὰ
1125 4658 1356 4715 πλεῖστα
1402 4659 1787 4734 ἀναλεξάμενοι
1833 4659 1909 4715 ’ίν⁹

2018 4675 2195 4730 eaque
2283 4655 2507 4713 ratione
2598 4655 2908 4713 discretam
2992 4659 3206 4732 cuique
3288 4662 3664 4736 metropolitas

1610 4778 1850 4836 VARI/E
1882 4775 2250 4836 LETIONES.

341 4887 680 4971 ¹⁵“φέρουσαν
709 4909 823 4971 em.
856 4893 946 4962 R.,
967 4894 1250 4971 papauer}:
1279 4897 1404 4953 cod.
1437 4901 1495 4953 et
1539 4899 1631 4953 ed.
1710 4896 1756 4932 ¹⁶
1803 4898 1899 4954 Sic

2023 4938 2038 4965 ,
2087 4892 2328 4963 τοπηκὸς
2363 4891 2456 4963 μὲν
2504 4886 2623 4960 εἷ’δη
2656 4891 2760 4946 ὰπὸ
2789 4897 2888 4961 τῆς
2919 4895 3045 4951 cod.
3079 4902 3132 4952 et
3160 4897 3252 4953 ed.
3333 4899 3376 4935 ⁸⁷
3403 4893 3478 4950 ’ἶν’
3510 4895 3667 4967 ὑμεῖς

269 4961 352 5032 R.,
382 4958 449 5029 ἤν
483 4960 636 5034 ὑμεῖς
668 4967 795 5021 cod.
829 4970 886 5022 et
914 4958 1006 5024 ed:

1305 5084 1505 5144 JOAN.
1545 5086 1682 5142 JAC.
1733 5085 1996 5142 REISKII
2037 5079 2633 5143 COMMENTARIUS.

341 5185 616 5263 (22)_Hcc
652 5189 834 5263 verba
885 5191 1000 5263 sic,
1032 5191 1282 5262 legenda
1326 5208 1470 5258 esse,
1505 5208 1630 5263 quae
1679 5191 1738 5246 in
1798 5192 1928 5263 ipso

275 5258 553 5332 textuita
576 5259 839 5332 eahibui,
873 5267 937 5316 ut
989 5261 1046 5316 in
1081 5258 1438 5319 membranis
1472 5258 1689 5325 in'veni.
1721 5258 1926 5332 liquet.

275 5326 327 5382 Si
350 5327 496 5402 quis
529 5327 633 5402 ᾀπό
668 5326 916 5387 retinere
969 5335 1156 5402 malit,
1205 5349 1379 5389 sensu
1431 5339 1572 5401 post,
1604 5352 1719 5389 non
1751 5326 1926 5391 inter-

271 5398 854 5473 cedam._0pponitur
881 5398 1150 5465 τυπικῶς
1174 5398 1441 5473 sequenti
1472 5403 1708 5467 εἰδικῶς.

341 5469 454 5548 (23)
491 5469 1005 5548 Deautocephalis
1051 5492 1152 5548 seu
1207 5469 1490 5548 episcopis
1533 5495 1563 5531 a
1600 5476 1930 5548 patriarcha

278 5557 382 5596 non
413 5542 912 5620 dependentibus,
943 5547 1056 5602 vid.
1077 5547 1195 5620 _Du
1237 5542 1428 5620 εδοεὸ
1459 5549 1516 5604 in
1547 5542 1734 5606 Gioss.
1770 5555 1930 5604 utro-

279 5627 393 5691 que
413 5612 476 5691 ῃ.
497 5612 596 5691 '_v.,
628 5617 1018 5691 et‘Nicephor.
1065 5617 1302 5691 Gregor.

347 5683 458 5756 (2t)
496 5685 700 5744 Procul
753 5683 936 5745 dubio
985 5683 1265 5747 seniorem

1315 5621 1730 5764 Epiizhoanium,
1772 5693 1927 5747 Con-

2038 5190 2268 5247 stantia:
2297 5205 2396 5260 seu
2430 5186 2744 5260 Salaminis
2775 5187 2832 5244 in
2857 5189 3043 5260 Cypro
3065 5189 3530 5260 episcopum,qui
3554 5206 3676 5246 me-

2038 5264 2133 5316 dio
2159 5259 2372 5316 seculo
2404 5277 2457 5314 ιν
2482 5259 2699 5327 floruit,
2734 5259 3019 5330 designat,
3051 5259 3120 5314 de
3151 5259 3403 5330 quo’vr‘d.
3430 5261 3677 5318 Fabricii

2039 5333 2184 5389 Bibl.
2221 5333 2388 5404 Gr._t.
2425 5331 2539 5394 νυ,
2573 5347 2629 5401 p.
2685 5331 2808 5386 427.
2859 5332 2951 5386 Est
2987 5331 3142 5404 enim
3181 5331 3382 5404 junior
3423 5349 3674 5404 quoque.

2040 5405 2145 5461 Sed
2172 5405 2241 5456 de
2275 5402 2368 5475 hic
2399 5406 2720 5475 memorata
2741 5404 2868 5472 ejus
2891 5401 3098 5475 notitia
3127 5403 3354 5457 aedium
3379 5401 3678 5475 episcopa-

2038 5477 2182 5530 lium
2208 5473 2411 5528 nullibi
2448 5473 2763 5544 quidqmim
2796 5472 3035 5542 reperio,
3077 5475 3347 5543 quamvis
3377 5472 3673 5544 improba-

2040 5547 2153 5603 bile
2186 5562 2300 5600 non
2349 5545 2445 5611 sit,
2495 5545 2700 5598 seculo
2758 5559 2832 5608 iv,
2877 5546 2999 5613 jam
3029 5545 3567 5600 subordinationem
3618 5549 3674 5601 et

2042 5617 2304 5674 notitiam
2337 5615 2760 5688 episcoporum
2773 5629 2876 5688 per
2903 5619 3087 5672 totum
3113 5617 3308 5672 orbem
3341 5621 3669 5673 Romanum

2042 5683 2459 5745 institutam‘et
2487 5683 2696 5740 editam
2732 5683 2932 5740 fuisse.
