3972 6214
330 267 480 329 1435

952 394 1187 452 CAPUT
1226 395 1335 452 LV.

328 494 406 544 De
442 486 830 543 distributione
857 484 1241 557 sportularum
1265 486 1675 542 consuetudinis
1704 486 1973 559 praeposi-

1045 568 1247 613 torum.

398 646 674 703 Honorati
696 664 795 703 seu
812 646 1056 717 promoti
1080 647 1303 718 patricii
1327 648 1469 703 dant
1491 648 1969 704 consuetudinem

327 736 671 808 praepositis,
704 736 751 791 si
802 737 1037 808 quidem
1086 736 1308 791 fuerint
1340 738 1585 807 emprati
1632 754 1736 793 seu
1789 736 1971 792 reales

329 830 385 880 et
414 824 603 881 ofﬁcio
636 826 945 896 fungentes
975 826 1090 895 (ut,
1126 825 1173 879 si
1207 826 1342 897 quis
1382 826 1557 881 fuerit
1599 825 1775 881 simul
1818 832 1971 881 stra-

329 922 491 985 tegus
533 923 586 969 et
646 915 926 985 patricius
985 914 1262 986 creatus),
1321 920 1449 970 octo
1511 914 1674 970 litras
1714 915 1861 969 auri.
1909 915 1969 983 Si

332 1019 463 1058 vero
506 1004 719 1059 fuerint
768 1003 992 1074 patricii
1051 1002 1392 1074 mesOprati,
1426 1003 1484 1059 id
1532 1008 1641 1070 est,
1676 1011 1965 1070 vacantes,

330 1091 541 1157 allecti,
575 1092 750 1148 medii
794 1092 945 1147 inter
1002 1096 1336 1162 empractos
1393 1108 1493 1148 seu
1550 1092 1882 1161 fungentes,
1912 1098 1969 1146 et

333 1186 599 1252 apractos
630 1198 729 1237 seu
763 1181 1105 1237 honorarios
1134 1182 1225 1251 (ut
1254 1182 1303 1237 si
1336 1182 1469 1253 quis
1497 1181 1687 1238 officio
1717 1182 1965 1252 quodam

1393 260 1915 322 CONSTANTINI
1962 257 2655 321 PORPHYHOGENITI

2002 407 2060 470 A

3740 258 3871 315 1X32

2695 393 2963 449 ΚΕΦΔΛ.
3006 392 3132 447 ΝΕ.

2081 482 2209 556 Περὶ
2276 488 2376 551 τῆς
2437 478 2705 553 διανομῆς
2750 483 2858 533 τῶν
2919 473 3173 556 κομβίων
3266 484 3392 547 τῆς

2627 556 2736 606 τῶν
2777 550 3182 624 πραιποσίτων.

2153 641 2344 699 Ἰστέον
2380 638 2458 709 δὲ,
2491 641 2574 695 ὅτι
2608 641 2661 694 οἱ
2700 641 3004 713 τιμώμενοι
3054 640 3351 713 πατρίκιοι
3429 639 3558 693 ὅτε

2079 753 2193 800 τος,
2235 729 2360 800 ἤτοι
2406 732 2434 785 6
2484 731 2794 806 στρατηγὸς
2853 730 2942 783 διχί
2991 729 3310 802 πατρίκιος,

2081 824 2265 891 ἤθειαν
2294 825 2408 881 τοῖς
2439 818 2820 895 πραιποσίτοις
2868 824 3077 893 χρυσοῦ
3123 816 3322 885 λίτρας
3378 820 3488 886 η”

2079 912 2351 985 σόπρατος
2390 907 2699 984 πατρίκιος,
2731 909 2856 978 ἢτοι
2888 909 2915 962 6
2946 906 3309 980 ἐμπολιτικὸς
3369 905 3859 983 6;:szzilzr2;

2080 997 2274 1055 δίδωσι
2317 1002 2526 1073 χρυσοῦ
2561 997 2749 1072 λίτρας
2792 999 2852 1067 ζ’·
2891 999 2918 1052 6
2950 993 3005 1051 δὲ
3058 1018 3119 1072 γε
3160 996 3440 1071 ἅπρατος
3508 996 3863 1068 ππρῖχςκ

2078 1090 2246 1165 ἤγουν
2282 1089 2310 1143 6
2351 1087 2761 1161 ἀποσπαθάριος
2816 1085 2981 1159 μόνου
3028 1088 3311 1159 τιμηθείς,
3368 1082 3645 1140 δίδωσι
3714 1106 3855 1159 L2.-

2086 1181 2182 1233 σοῦ
2214 1177 2399 1253 λίτρας
2428 1179 2494 1247 ς’,
2528 1175 2685 1232 ἅτινα
2715 1172 3061 1250 διανέμονται
3093 1176 3291 1241 οὕτως.

3518 481 3883 548 39753:;

3636 635 3891 709 5.112;:-

3406 725 3519 742 καλ

3400 746 3679 781 οιοωσε
3766 749 3881 781 τῖκ

3536 817 3575 870 ὁ
3630 814 3711 870 δὲ
3774 838 3871 887 ζιε-

331 1269 481 1324 civili
513 1273 795 1341 ornetur),
820 1271 961 1326 dant
992 1271 1312 1342 praepositis
1344 1271 1510 1328 litras
1540 1272 1666 1327 auri
1706 1275 1950 1344 septem.
1984 1271 2270 1327 Patricius
2316 1273 2559 1341 apratus
2615 1269 2867 1340 denique
2926 1285 3025 1324 seu
3083 1269 3493 1324 iunctionem
3573 1267 3837 1322 nulla:

332 1374 606 1415 exercens
636 1359 724 1415 vel
750 1358 1001 1416 titularis
1032 1361 1121 1433 (ut
1149 1362 1250 1432 qui
1281 1366 1510 1417 tantum
1542 1362 1613 1418 ad
1646 1360 2071 1433 spathariatum
2121 1364 2421 1432 promotus
2486 1359 2618 1429 est),
2677 1360 2776 1414 dat
2838 1358 3001 1414 litras
3048 1360 3175 1415 auri
3232 1374 3365 1415 sex.

332 1448 466 1503 tutae
497 1450 582 1505 sic
604 1449 965 1520 dividuntur,
990 1455 1048 1507 et
1078 1452 1335 1523 primum
1367 1452 1598 1523 quidem
1630 1453 1702 1509 de

715 1544 852 1599 Octo
882 1543 1035 1598 titris
1061 1544 1292 1615 patricii
1326 1546 1585 1615 emprati.

404 1630 757 1687 Cubicularii
787 1631 1234 1704 accipiunt'auri
1280 1631 1446 1687 litras
1504 1637 1638 1699 tres,
1674 1647 1837 1687 num.
1862 1632 1970 1699 24;

334 1719 643 1789 praefectus
674 1721 919 1776 caniclei
967 1736 1131 1775 num.
1159 1720 1272 1787 36;
1327 1720 1677 1776 demarchus
1724 1720 1972 1775 Veneto-

336 1822 465 1861 rum
512 1808 618 1874 36;
670 1808 1019 1863 demarchus
1070 1808 1564 1874 Prasinorum36;
1626 1807 1973 1864 cerimonia-

336 1897 458 1950 rius
478 1899 580 1966 36;
628 1898 930 1953 silentiarii
972 1901 1077 1969 36;
1109 1900 1351 1956 comites
1383 1899 1712 1956 scholarum
1741 1901 1809 1955 24
1836 1918 1849 1968 ;
1874 1918 1969 1956 ar-

322 1984 508 2040 ticlini
527 1985 896 2058 imperatoris
915 1989 979 2043 12
996 2006 1010 2056 ;
1028 1993 1359 2060 tepoteretaa
1374 1995 1499 2061 [seu
1516 1989 1968 2060 lociservatores]

323 2073 654 2131 scholarum
711 2076 791 2144 3;
854 2081 1210 2150 praeparator
1264 2078 1495 2134 caniclii
1555 2080 1640 2146 4;
1714 2080 1970 2134 axioma-

320 2163 423 2219 tici
449 2166 523 2233 2;
558 2165 925 2236 primicerius
955 2168 1211 2224 cubiculi
1246 2169 1331 2225 12.
1367 2167 1519 2225 Facit
1550 2168 1678 2225 auri
1716 2168 1881 2225 litras
1910 2169 1964 2239 6,

327 2272 492 2313 num.
516 2257 604 2312 45.

763 2349 1109 2404 Frictionibus
1140 2349 1252 2404 hazc
1280 2350 1499 2405 cedunt.

392 2434 621 2506 Accipit
652 2436 1011 2492 deutereuon
1044 2453 1145 2493 seu
1179 2438 1564 2494 secundarius
1614 2438 1964 2494 Venetorum

323 2524 616 2580 numisma
638 2542 822 2581 unum
849 2528 1247 2590 :tantumdem
1264 2528 1434 2595 9162
1460 2528 1813 2585 deuterenon
1836 2529 1968 2584 Pra-

324 2612 611 2668 sinorum.
674 2614 1081 2672 Geitoniarcha
1136 2616 1485 2672 Venetorum
1550 2618 1864 2673 miliaresia
1908 2617 1965 2686 8,

322 2704 381 2755 et
411 2704 771 2758 tantumdem
787 2704 1186 2774 geitoniarcha
1214 2705 1585 2761 Prasinorum
1611 2725 1625 2773 ;
1650 2706 1785 2761 item
1803 2705 1968 2761 char-

319 2788 516 2845 tularii
537 2788 886 2846 Venetorum
906 2797 964 2846 et
982 2792 1356 2849 Prasinorum
1378 2793 1591 2865 singuli
1613 2798 1816 2850 octaua
1839 2795 1967 2850 mil-

316 2876 587 2947 liaresia;
622 2879 989 2935 tantumdem
1020 2896 1247 2952 quoque
1278 2881 1601 2938 factionarii
1633 2882 1805 2939 ambo
1839 2888 1958 2939 tam

322 2965 676 3023 Venetorum
698 2984 872 3041 quam
895 2970 1299 3037 Prasinorum,
1330 2970 1553 3028 scilicet
1572 2975 1779 3028 octona
1800 2971 1960 3043 quis-

322 3071 457 3128 que,
491 3057 903 3129 mierOpanites
923 3058 1065 3115 albae
1091 3058 1360 3115 factionis
1412 3060 1725 3117 miliaresia
1753 3062 1808 3129 5,
1844 3061 1961 3117 mi-

322 3146 644 3217 cropanites
675 3164 853 3203 rassae
888 3149 1157 3206 factionis
1179 3150 1301 3205 mil.
1325 3151 1384 3219 5,
1415 3156 1583 3222 poeta
1613 3150 1961 3207 Venetorum

323 3235 449 3290 mil.
479 3237 533 3292 6.
567 3242 739 3308 poeta
768 3238 1142 3295 Prasinorum
1178 3239 1301 3295 mil.
1323 3241 1380 3307 6,
1415 3239 1643 3296 melista
1670 3240 1758 3297 vel
1785 3240 1964 3296 musi-

319 3340 424 3380 cus
454 3324 806 3382 Venetorum
841 3326 962 3383 mil.
994 3330 1049 3396 6,
1085 3328 1316 3385 melista
1346 3329 1724 3385 Prasinorum
1754 3329 1876 3384 mil.
1908 3331 1963 3395 6,

317 3416 569 3486 epistataa
600 3417 687 3471 vel
728 3416 992 3486 magistri
1034 3417 1387 3473 Venetorum
1441 3417 1564 3472 mil.
1618 3418 1672 3487 4,
1704 3418 1963 3486 epistata:

317 3500 697 3556 Prasinorum
729 3504 780 3570 4,
813 3510 1014 3557 cracta
1047 3504 1133 3558 vel
1165 3505 1512 3559 clamatores
1542 3508 1642 3558 aut
1672 3520 1968 3573 praecones

315 3587 672 3644 Venetorum
706 3588 1024 3645 miliaresia
1051 3592 1104 3657 4,
1140 3595 1345 3647 erectas
1368 3591 1740 3647 Prasinorum
1766 3593 1890 3648 mil.
1913 3594 1965 3663 4,

320 3674 614 3733 semeiotaa
645 3677 771 3749 [seu
794 3676 1219 3750 obsignatores,
1245 3695 1529 3735 urnarum
1552 3679 1778 3737 scilicet
1799 3684 1970 3737 sorti-

319 3764 623 3838 toriarum]
656 3766 927 3823 factionis
958 3767 1185 3824 Venetae
1218 3768 1342 3824 mil.
1376 3767 1430 3823 4.
1465 3771 1752 3826 semeiotze
1774 3771 1971 3827 Prasi-

327 3872 536 3912 norum
568 3857 1027 3924 4.,mandatores
1058 3857 1409 3914 Venetorum
1435 3859 1487 3925 4,
1513 3859 1884 3915 Prasinorum
1912 3861 1966 3927 4,

322 3945 536 4017 Bigarii
560 3945 905 4003 Venetorum
928 3947 984 4012 5,
1009 3947 1378 4003 Prasinorum
1401 3949 1455 4015 5,
1487 3949 1968 4020 contemplatores

319 4037 778 4110 [signaculorum
810 4040 987 4111 urnae]
1016 4039 1373 4095 Venetorum
1404 4042 1457 4107 4,
1493 4041 1875 4097 Prasinorum
1910 4043 1961 4110 4,

3452 1358 3617 1413 Ille
3675 1374 3841 1427 sper-

2202 1538 2340 1593 Ἀπὸ
2370 1543 2478 1593 τῶν
2512 1539 2565 1608 η’
2597 1538 2798 1612 λιτρῶν
2832 1542 2929 1593 τοῦ
2968 1536 3248 1611 ἐμπράτου
3278 1534 3687 1611 πατρικίου.

2159 1631 2265 1684 Τοῦ
2291 1623 2688 1682 κουϐουκλείου
2714 1631 2924 1701 χρυσοῦ
2957 1626 3138 1700 λίτραι
3189 1628 3261 1698 γ’,
3310 1648 3361 1684 ν.
3418 1622 3567 1679 κδ²ο
3644 1626 3678 1677 ὁ
3734 1628 3821 1677 rei

2087 1715 2399 1772 Αανικλείου
2433 1716 2535 1780 λς’⁶
2569 1718 2597 1770 ὁ
2643 1713 2941 1791 δήμαρχος
2997 1716 3228 1772 Βενέτων
3282 1714 3394 1777 λς”
3468 1716 3509 1768 ὁ
3578 1712 3822 1784 ait“?

2084 1823 2186 1879 χος
2220 1804 2496 1878 Βρασίνων
2533 1803 2633 1868 λς’·
2670 1806 2698 1859 6
2746 1812 2845 1874 τῆς
2886 1804 3261 1863 καταστάσεως
3310 1801 3427 1867 λςῖό
3490 1802 3561 1857 οἱ
3630 1801 3819 1855 mla-

2082 1895 2284 1969 τιάριοι
2318 1893 2418 1959 λς’.
2453 1898 2507 1949 οἱ
2540 1896 2777 1968 κόμητες
2807 1900 2914 1950 τῶν
2966 1892 3185 1970 σχολῶν
3230 1891 3337 1949 κδ”
3395 1895 3461 1947 οἱ
3531 1894 3813 1967 tigridi-

2081 2004 2164 2038 νοι
2192 1988 2288 2039 τοῦ
2321 1983 2592 2059 βασιλέως
2629 1986 2719 2059 ιβ’·
2745 1985 2796 2040 οἱ
2830 1982 3202 2059 τοποτηρηταὶ
3229 1988 3341 2037 τῶν
3405 1982 3691 2057 σχολῶν
3747 2003 3809 2055 γ’

2083 2074 2111 2127 6
2144 2075 2412 2143 σκευάζων
2462 2076 2524 2129 τὸ
2579 2074 2887 2129 κανίκλειον
2944 2071 3006 2128 δ”
3068 2074 3119 2128 οἱ
3169 2073 3583 2145 ἁξιωματικοὶ
3781 2072 3807 2123 6

2080 2166 2447 2238 πριμικήριος
2478 2167 2574 2219 τοῦ
2603 2160 2998 2219 κουϐουκλείου
3055 2163 3142 2237 ιβ’.
3190 2162 3293 2221 Καὶ
3337 2162 3408 2215 τὸ
3461 2166 3596 2214 πᾶν
3649 2181 3799 2235 χρο-

2079 2252 2174 2306 σοῦ
2209 2252 2391 2326 λίτραι
2422 2254 2487 2322 ς’,
2517 2276 2563 2310 ν.
2600 2255 2700 2326 με’.

2538 2342 2636 2396 Διὰ
2660 2348 2757 2397 τοῦ
2793 2343 2991 2416 μέρους
3020 2342 3279 2398 Βενέτων.

2148 2433 2209 2489 Ὀ
2260 2429 2586 2505 δευτερεύων
2640 2433 2877 2488 Βενέτων
2928 2433 2995 2501 α’,
3048 2433 3075 2487 6
3134 2429 3477 2504 δευτερεύων
3550 2430 3785 2501 ﬁgeref-

2073 2541 2179 2574 νων
2212 2522 2277 2587 α’,
2314 2521 2340 2573 6
2370 2521 2756 2598 γειτονιάρχης
2789 2520 2916 2594 μιλ.
2966 2522 3036 2592 η’,
3070 2522 3097 2574 6
3142 2519 3545 2593 γειτονιᾶρχτξς
3600 2524 3769 2589 Πρα-

2076 2610 2239 2663 σίνων
2275 2607 2398 2681 μιλ.
2442 2610 2517 2676 η’,
2568 2611 2594 2664 6
2652 2608 3059 2688 χαρτουλάριος
3111 2608 3354 2666 Βενὲτων
3414 2609 3539 2680 μιλ.
3585 2611 3673 2676 η’,
3726 2608 3760 2659 6

2082 2700 2483 2773 χαρτου).άριος
2550 2699 2830 2774 Πρασίνων
2889 2699 3011 2773 μιλ.
3078 2708 3151 2771 η“,
3228 2700 3257 2754 6
3344 2699 3759 2775 φακτιονὶριος

2081 2788 2313 2846 Βενὲτων
2350 2787 2472 2860 μιλ.
2516 2790 2588 2859 η’,
2649 2791 2676 2843 6
2719 2789 3108 2866 φακτιονάριος
3170 2788 3453 2862 ΙῙρασίνων
3505 2786 3647 2859 μιλ,
3682 2790 3755 2855 η’.

2074 2878 2102 2932 6
2183 2877 2587 2950 μεκροπανίτης
2665 2876 2859 2942 λευκὸς
2927 2879 3048 2952 μιλ.
3106 2880 3161 2931 ε’·
3240 2878 3269 2931 6
3329 2878 3753 2949 pzxpozsni’dzz

2076 2965 2291 3043 ῥούσιος
2325 2966 2446 3039 μιλ.
2504 2968 2562 3035 ε“,
2596 2968 2623 3021 6
2652 2970 2891 3038 ποιητὴς
2940 2968 3171 3024 Βενὲτων
3228 2967 3346 3040 μιλ.
3382 2968 3455 3029 ς’.
3498 2968 3530 3021 6
3567 2987 3752 3035 ποιη-

2070 3058 2172 3127 τὴς
2206 3056 2483 3131 Πρασίνων
2519 3058 2641 3129 μιλ.
2694 3059 2757 3127 ς’,
2809 3060 2837 3113 ὁ
2887 3057 3149 3131 μελιστής
3201 3059 3441 3114 Βενὲτων
3494 3056 3633 3128 μιλ·
3684 3064 3746 3125 ς’,

2073 3146 2100 3200 6
2137 3145 2403 3219 μελιστὴς
2463 3146 2740 3220 Πρασίνων
2802 3147 2922 3221 μιλ.
2994 3149 3061 3217 ς’,
3120 3148 3172 3202 οἱ
3232 3145 3517 3200 ἐπιστάται
3589 3148 3751 3201 Βενέο

2072 3256 2181 3289 των
2220 3233 2339 3309 μιλ.
2376 3232 2441 3304 δ’,
2474 3237 2525 3290 οἱ
2558 3235 2839 3292 ἐπιστάται
2872 3237 3153 3310 Πρασίνων
3206 3235 3324 3308 μιλ.
3371 3231 3443 3308 δά
3491 3236 3546 3289 οἱ
3604 3236 3741 3308 διρᾶ-

2074 3348 2196 3381 κται
2238 3326 2471 3384 Βενέτων
2509 3326 2631 3401 μιλ.
2668 3325 2733 3397 δ’,
2766 3329 2818 3383 οἱ
2861 3329 3090 3402 κρᾶκται
3140 3328 3422 3401 Πρασίνων
3482 3325 3613 3399 μιλ.
3670 3323 3735 3394 δ’,

2076 3420 2128 3472 o't
2170 3418 2474 3490 σημειωταὶ
2507 3420 2746 3475 Βενέτων
2783 3430 2908 3493 μιΛ.
2938 3418 3001 3490 δ’,
3062 3421 3113 3475 οἱ
3152 3418 3459 3491 σημειωταὶ
3512 3417 3729 3489 Πρασί-

2078 3527 2184 3561 νων
2219 3505 2341 3579 μιλ.
2376 3504 2438 3565 δ’.
2474 3508 2527 3561 οἱ
2556 3505 2889 3583 μανδάτορες
2922 3510 3158 3565 Βινέτων
3191 3509 3237 3547 ¹⁸
3269 3505 3390 3580 μιλ.
3424 3503 3492 3577 δ’,
3522 3508 3575 3560 οἱ
3604 3529 3734 3577 μαν-

2080 3591 2304 3671 δάτορες
2385 3595 2665 3667 Ιῐρασίνων
2744 3601 2862 3672 μιλ.
2943 3595 3009 3670 δ’,
3086 3599 3135 3652 οἱ
3192 3596 3725 3673 βηγάριοιΒενέτων

2082 3682 2203 3756 μιλ.
2238 3686 2297 3753 ε’,
2332 3686 2384 3739 οἱ
2416 3685 2669 3759 βηγάριοι
2720 3688 3001 3761 Πρασίνων
3057 3684 3178 3759 μιλ.
3232 3687 3291 3755 ε’,
3341 3686 3394 3739 οἱ
3451 3686 3723 3757 (lamenta?

2078 3773 2316 3830 Βενέτων
2349 3771 2473 3845 μιλ.
2519 3771 2582 3845 δ’,
2620 3776 2669 3828 οἱ
2721 3776 2992 3851 θεωρηταὶ
3041 3775 3319 3851 Πρασίνων
3374 3772 3495 3846 μιλ.
3546 3771 3613 3842 δ’,
3675 3775 3722 3827 οἱ

2078 3858 2479 3933 διασημειωταὶ
2519 3866 2694 3937 (3-25)
2728 3864 2962 3921 Βενὲτων
2999 3863 3119 3938 μιλ.
3156 3866 3222 3939 β’,
3244 3864 3294 3918 οἱ
3326 3860 3715 3934 διασημειωτειὲ

2077 3952 2360 4025 Ιιρασίνων
2394 3950 2516 4024 μιλ.
2562 3954 2629 4028 β“,
2687 3955 2749 4009 τὸ
2800 3950 3024 4029 ὄρηανον
3075 3956 3313 4011 Βενέτων
3367 3952 3485 4026 μιλ.
3544 3960 3604 4019 ς’,
3657 3952 3716 4006 τὸ

2075 4038 2301 4115 ὄργανον
2342 4041 2621 4114 Πρασίνων
2657 4040 2778 4114 μιλ.
2814 4045 2879 4106 ς’.
2910 4044 3081 4116 Ὁμοῦ
3113 4040 3199 4097 διὰ
3228 4039 3455 4120 χρυσίου
3512 4037 3570 4111 δ’,
3623 4041 3712 4095 καὶ

320 4125 704 4197 resignatores
731 4127 1167 4198 signaculorum
1193 4126 1460 4182 factionis
1490 4126 1719 4183 Veneta:
1741 4130 1798 4194 2,
1830 4128 1965 4185 Pra-

2096 4131 2163 4183 ἰιὰ
2198 4129 2319 4203 μιλ.
2357 4131 2407 4201 ι’,
2436 4132 2525 4185 καὶ
2559 4132 2699 4205 ὁμοῦ
2728 4134 2791 4188 τὸ
2824 4138 2925 4188 πᾶν
2961 4131 3044 4205 ιδ’,
3081 4139 3202 4208 μιλ.
3239 4131 3303 4190 δ’.

321 4216 465 4272 sine:
494 4217 568 4284 2;
601 4233 887 4290 organum
918 4216 1268 4273 Venetorum
1299 4218 1356 4285 6,
1403 4217 1782 4273 Prasinorum
1813 4220 1868 4289 6,
1901 4220 2055 4276 Facit
2098 4221 2206 4277 hoc
2238 4238 2547 4280 aureorum
2580 4226 2837 4294 quidem,
2891 4228 2990 4298 qui
3030 4226 3239 4297 integri
3295 4227 3513 4291 dantur,
3548 4240 3700 4277 com-

325 4312 660 4378 putatorum
686 4324 991 4364 numerum
1025 4308 1078 4377 4,
1113 4307 1561 4364 miliaresiorum
1617 4326 1769 4379 vero,
1820 4327 1948 4382 quae
2000 4312 2231 4384 singula
2278 4316 2773 4387 enumeravimus,
2830 4318 2890 4373 in
2930 4317 3181 4374 valerem
3223 4331 3505 4373 aureorum
3548 4329 3697 4369 com-

323 4401 663 4467 putarorum
696 4400 757 4455 lO
786 4415 1015 4468 aureos,
1047 4404 1104 4454 et
1134 4399 1287 4469 quod
1314 4400 1583 4455 excurrit.
1620 4400 1775 4456 Facit
1803 4417 1939 4473 ergo
1971 4405 2092 4459 tota
2120 4420 2349 4459 summa
2379 4421 2541 4461 num.
2577 4408 2663 4473 14,
2697 4407 2821 4462 mil.
2853 4410 2906 4462 4.

834 4490 942 4545 Pro
971 4491 1170 4545 ordine
1192 4491 1454 4546 circense.

392 4575 704 4633 Actuarius
726 4577 927 4649 accipit
962 4578 1255 4636 numisma
1286 4594 1387 4635 seu
1438 4577 1692 4635 solidum
1761 4597 1969 4649 unum,

2372 4493 2469 4547 Διὰ
2506 4500 2607 4563 τῆς
2644 4495 2844 4565 τάξεως
2882 4499 2978 4549 τοῦ
3017 4492 3415 4570 ἱπποδρομίου.

2151 4582 2211 4638 Ὁ
2242 4580 2564 4657 ἆκτουάριος
2596 4584 2661 4655 a‘,
2695 4585 2722 4638 6
2754 4580 2984 4661 ὂίργυρος
3009 4588 3105 4639 τοῦ
3141 4582 3355 4658 βεστίου
3396 4584 3491 4653 (‘26)
3537 4583 3596 4656 β’,
3644 4584 3691 4635 οἱ

1670 4733 1921 4791 νΔΒΙᾸΞ
1961 4733 2371 4793 LECTIONES.

396 4842 439 4878 ¹⁶
473 4840 524 4897 οἱ
560 4836 891 4916 μανδάτορες
923 4842 1158 4899 Βενὲτων
1191 4841 1312 4918 μιλ.
1346 4841 1389 4902 8⁸
1416 4848 1552 4904 add.
1583 4849 1712 4907 cod.
1747 4865 1865 4905 om.
1897 4850 1990 4908 ed.

1364 4984 1559 5041 JOAN.
1597 4984 1743 5041 ΠΛΟ.
1788 4985 2053 5043 REISKII
2106 4987 2688 5049 COMMENTARIUS.

325 5116 333 5125 ι
397 5101 572 5170 (3-25)
596 5097 1022 5171 Διασημειωταί.
1038 5098 1321 5171 Videntur
1341 5116 1468 5157 esse
1480 5104 1852 5171 resignatores
1872 5120 1971 5159 ur-

326 5188 532 5243 narum
552 5173 916 5241 circensium,
950 5172 1050 5243 qui
1068 5170 1260 5227 bullas
1281 5170 1972 5243 impressasrecognosce-

328 5242 468 5297 bant
498 5250 555 5298 et
578 5242 1088 5315 resignabant’seu
1117 5243 1577 5299 avellebantulta
1610 5242 1971 5314 διασκευάζειν

323 5315 533 5386 librum
564 5315 781 5370 dicitur
812 5334 912 5386 pro
943 5315 1230 5385 "ﬁngere.
1259 5318 1596 5386 reformare,
1645 5328 1969 5386 retractare,

327 5387 438 5441 rid.
469 5385 822 5457 Wesseling.
856 5390 926 5442 ad
961 5387 1193 5443 Diodor.
1218 5387 1390 5441 Sicut.
1418 5404 1475 5457 p.
1498 5388 1532 5440 9
1551 5404 1651 5457 pro
1673 5385 1990 5448 ἀνασκευάέ,

339 5461 466 5525 ζειν.
504 5459 583 5531 ita
604 5475 846 5531 quoque
876 5456 1258 5531 διασημαιοῦν.
1294 5476 1395 5529 pro
1422 5456 1820 5529 ἇνασημὸιοῦν.
1865 5464 1972 5516 Aut

332 5532 501 5602 etiam
537 5525 711 5602 Sta-in
750 5525 857 5585 hac
907 5525 1329 5602 compositione
1386 5537 1543 5586 notat
1589 5525 1776 5599 idem,
1813 5532 1967 5602 quod

334 5599 478 5670 ἂπὸς
530 5600 929 5675 ἀποσημειοῦν,
980 5599 1259 5670 rebellare,
1303 5605 1549 5675 auferre,
1594 5599 1845 5675 signumf
1887 5605 1972 5660 Ita

2046 5394 2345 5471 .5igtiare:
2398 5393 2852 5467 Διασημαίνεσθαι
2897 5393 3153 5471 σξρραγῖδι

2084 5100 2510 5175 διανηςτίζεσθαι
2544 5113 2601 5165 et
2628 5107 3080 5179 ἀπονηστιζεσθαι
3110 5118 3195 5167 est
3225 5110 3530 5178 deiejunare,
3566 5112 3671 5176 ica-

2079 5181 2234 5251 ιιι-νε.⁸
2255 5178 2451 5251 Potest
2480 5186 2675 5236 tamen
2710 5178 2797 5235 διά
2826 5184 2884 5237 in
2914 5178 3044 5237 hac
3076 5184 3482 5251 compositione
3512 5182 3664 5251 idem,

2082 5248 2241 5326 quod
2272 5250 2543 5326 Latinum
2577 5253 3016 5326 olg_signilicare,
3048 5248 3382 5326 obsignator.
3412 5259 3469 5307 ut
3508 5249 3665 5319 82am,-

2085 5319 2365 5395 μαίνεσθαι
2398 5323 2571 5378 habet
2625 5323 2870 5395 Nicetes,
2932 5319 3008 5395 p.’
3050 5319 3187 5395 109,7
3225 5328 3341 5395 ed.‘
3367 5328 3537 5379 Venet.
3577 5341 3661 5394 pro

3202 5393 3449 5469 βασιλικῇ
3497 5396 3550 5448 τὶ
3575 5393 3655 5469 φα-

2082 5461 2308 5517 σλώλια.

2150 5537 2260 5614 (26)
2289 5534 2534 5614 Baetice.
2598 5538 2784 5614 Latini
2831 5541 3400 5614 quoquesequiores
3448 5540 3650 5605 vestium,

2077 5608 2238 5664 vestii
2267 5616 2320 5664 et
2347 5611 2489 5667 vesti
2516 5626 2620 5682 pro
2648 5608 2907 5671 vestiario
2937 5608 3227 5670 dicebant.
3263 5612 3445 5683 Lupus
3491 5614 3652 5666 Proto-

3923 3002 3925 3135 ι
