3972 6214
97 376 309 438 1441
978 375 1079 436 DE
1123 373 1584 435 CERIMONIIS
1633 374 1837 434 AULA

1962 374 2395 435 ΥΖΑΝΤΙΝᾸΞ
2442 374 2579 435 LIB.
2628 379 2705 437 ΙΙ.
3430 384 3580 446 14-42

101 518 242 581 τῆς
290 509 525 586 Δάφνης
572 509 637 578 α’,
697 508 749 562 οἱ
809 503 1097 583 διαιτᾶριοι
1154 511 1251 562 τοῦ
1300 506 1490 581 ’Λγίου
1551 507 1824 585 Στεφάνου

1957 524 2043 564 :us
2071 508 2338 580 Daphnes
2360 526 2523 566 num.
2551 512 2601 577 1,
2626 511 2861 566 dimtarii
2888 513 2948 567 S.
2966 513 3244 585 Stephani
3270 518 3462 586 mil.8,
3484 537 3582 575 au-

118 602 279 674 μιλ.
324 601 411 669 η’,
444 599 496 653 οἳ
525 598 829 673 χρυσοχόοι
880 600 976 652 τοῦ
1027 595 1315 671 βασιλικου
1347 595 1570 657 σκεύους
1607 595 1727 667 μιλ.
1763 593 1824 664 δ’,

1957 597 2136 652 'il‘abri
2207 597 2586 668 supellectilis
2648 599 2969 670 imperialis
3037 602 3160 657 mil.
3220 605 3271 673 4,
3339 608 3581 664 diaatarii

115 691 184 745 οἳ
251 687 574 762 διαιτάριοι
622 691 717 741 τοῦ
767 685 1102 759 ὀστιαρικίου
1155 685 1276 758 μιλ.
1327 686 1390 756 ς’,
1431 685 1482 739 οἱ
1534 682 1826 760 διαιτάριοι

1957 686 2216 742 )stiaricii
2242 687 2361 744 mil.
2383 689 2437 754 6,
2462 689 2703 744 diaetarii
2729 691 2862 744 circi
2886 690 3185 760 milliar.7,
3210 691 3584 754 collocatores

116 783 246 834 τοῦ
286 775 660 852 ἱπποδρόμου
713 775 831 850 μιλ.
889 777 950 845 ζ’,
997 776 1048 829 o't
1099 775 1372 838 στένοντες
1399 774 1468 829 τὰ
1497 774 1705 847 σκάμνα
1735 777 1831 830 τοῦ

1957 792 2310 832 scamnorum
2343 777 2684 834 circensium
2718 779 2842 835 mil.
2868 779 2922 848 3,
2947 781 3229 836 acentarii
3261 787 3365 837 aut
3394 790 3584 854 proto-

117 864 523 942 ἱπποδρόμον
579 865 699 938 μιλ.
745 867 815 942 γ’,
865 865 917 919 o't
968 863 1430 939 πρωτοκεντάριοι
1472 865 1538 931 α’,
1590 865 1641 918 οἱ
1691 861 1834 918 διαι-

1957 866 2180 920 :entarii
2206 883 2366 921 num.
2394 867 2442 936 1,
2464 867 2700 922 diaetarii
2725 869 3035 924 stratoricii
3060 868 3296 925 milliar.
3319 870 3372 934 5,
3389 871 3585 927 aseliis

118 977 348 1031 ταριοι
381 960 481 1011 τοῦ
531 953 924 1030 στρατωρικίου
973 952 1094 1028 μιλ.
1137 954 1194 1021 s‘,
1247 958 1362 1015 τοῖς
1405 952 1647 1013 ἀσελίοις
1681 953 1745 1021 a‘,
1779 953 1830 1007 οἱ

1957 955 2067 1026 ξεου
2091 971 2369 1026 equorum
2398 956 2730 1013 sellatorum
2760 959 3166 1032 equisonibus]
3191 976 3356 1015 num.
3382 961 3433 1026 1,
3459 961 3590 1017 dits-

127 1044 480 1118 διαιτάριοι
526 1049 634 1100 τῶν
693 1046 754 1108 te‘
805 1038 1108 1098 ἅκουϐίτων
1163 1040 1283 1115 μιλ.
1337 1044 1397 1111 ζ’,
1448 1043 1499 1096 οἱ
1541 1039 1832 1116 διαιτάριοι

1957 1042 2071 1098 ;arii
2094 1045 2488 1100 novemdecim
2514 1047 2890 1102 accubituum
2918 1047 3110 1116 mil.7,
3135 1049 3378 1105 diaetarii
3405 1065 3585 1120 pana-

125 1142 251 1204 τῆς
315 1134 598 1209 Παναγίας
647 1132 769 1206 μιλ.
825 1133 876 1200 ι’,
928 1133 978 1187 οἱ
1029 1129 1320 1204 διαιτᾶριοι
1377 1137 1476 1199 τῆς
1531 1130 1832 1203 μαννάῦρας

1957 1130 2050 1203 gina
2083 1147 2182 1186 seu
2207 1133 2594 1188 sanctissimis
2627 1133 2726 1190 Dei
2757 1136 3065 1192 Genitricis
3090 1136 3210 1192 mil.
3242 1138 3328 1205 10,
3351 1137 3598 1194 diaetarii

139 1223 290 1298 μιλ.
335 1225 405 1294 ζ“,
438 1224 490 1279 o't
520 1230 620 1293 τῆς
666 1222 1026 1298 βεστοσάκρας
1075 1222 1142 1290 α’,
1194 1221 1245 1274 οἱ
1297 1219 1572 1294 βασιλικοὶ
1606 1218 1830 1275 λοῦσται

1957 1238 2268 1294 nagnaurzs
2304 1222 2426 1278 mil.
2449 1223 2504 1291 7,
2530 1227 2870 1280 vestosacras
2903 1227 3135 1298 ascripti
3169 1244 3335 1284 num.
3357 1227 3597 1298 1,1usta3

133 1315 216 1383 et‘,
258 1315 319 1368 οἱ
355 1310 650 1386 καλδάριοι
703 1312 822 1384 μιλ.
980 1310 1079 1366 Καὶ
1131 1310 1193 1363 τὸ
1225 1313 1326 1362 πᾶν
1360 1306 1448 1362 διὰ
1481 1309 1712 1387 χρυσίου
1749 1309 1830 1378 ις’,

1957 1310 2028 1366 rel
2071 1311 2437 1368 balneatores
2489 1312 2743 1384 corporis
2790 1316 3038 1386 Augusti
3068 1331 3229 1371 num.
3268 1320 3315 1383 ι,
3348 1315 3594 1372 caldarii

135 1405 245 1460 καὶ
285 1402 392 1459 διὰ
435 1402 555 1476 μιλ.
598 1401 663 1470 6‘,
713 1401 832 1475 μιλ.
887 1402 972 1457 ια’.
1023 1401 1198 1473 Ὁμοῦ
1246 1401 1307 1454 τὸ
1339 1404 1441 1454 πᾶν
1475 1406 1539 1468 κ’,
1577 1398 1696 1466 μιλ.
1743 1399 1830 1455 ια’.

1957 1399 2067 1456 mil.
2087 1399 2144 1453 2.
2171 1399 2362 1456 Habes
2385 1416 2522 1471 ergo
2544 1400 2732 1457 solida
2754 1404 3111 1459 numismata
3133 1405 3224 1472 16,
3246 1409 3304 1461 et
3324 1422 3355 1461 e
3379 1405 3594 1462 millia-

139 1494 259 1549 Διά
292 1498 414 1549 τῶν
468 1495 747 1565 θυρωρῶν.
802 1491 898 1547 Καὶ
948 1490 1096 1544 οὗτοι
1147 1483 1488 1561 λαμϐάνουσι
1537 1487 1716 1548 καθὼς
1743 1489 1831 1541 καὶ

1957 1487 2112 1544 resiis
2161 1488 2588 1562 singularibus,
2621 1490 2672 1546 si
2721 1492 3070 1547 numismata
3123 1502 3447 1566 computes,
3483 1495 3594 1550 alia

145 1581 251 1638 ἐπὶ
299 1586 409 1638 τοῦ
439 1581 661 1656 πρώτου
707 1573 967 1653 κομὸίου.
1017 1577 1256 1650 Ὁμοίως
1297 1575 1388 1630 καὶ
1437 1577 1490 1630 αἱ
1533 1576 1830 1654 φωταψίαι,

1957 1578 2132 1633 lcum
2192 1578 2256 1634 11
2321 1578 2671 1635 miliaresiis.
2709 1581 2856 1652 Ergo
2910 1584 3032 1636 tota
3089 1599 3326 1640 summa
3385 1588 3475 1639 est
3522 1585 3596 1640 2O

146 1671 348 1746 ἤγουν
385 1671 439 1725 αἱ
470 1667 785 1739 ἐκκλησίαι.

1957 1683 2133 1736 aum.,
2169 1667 2226 1721 11
2267 1665 2388 1724 mil.
2421 1669 2597 1724 Porro
2638 1669 2852 1725 cedunt
2883 1669 3418 1742 indejanitoribns,
3450 1672 3590 1728 item

149 1764 552 1838 phothapsiis
602 1778 705 1817 seu
755 1759 1017 1816 ecclesiis
1063 1758 1262 1814 eadem
1321 1756 1718 1815 emolumenta
1777 1761 1951 1830 atque
1981 1774 2011 1814 e
2041 1757 2339 1830 superiore
2396 1758 2644 1828 combio,
2694 1765 2760 1816 ut
2809 1777 2938 1833 ergo
2986 1760 3081 1817 hic
3131 1767 3390 1835 repetere
3417 1763 3594 1836 {opus

149 1870 282 1911 non
318 1854 423 1910 sit.

154 1978 265 2034 Διᾶ
325 1982 433 2046 τῆς
493 1973 759 2052 διανομῆς
816 1979 914 2052 τοῦ
968 1969 1218 2052 *κυμϐίου
1275 1977 1371 2052 τοῦ
1429 1972 1672 2048 ἀπράτου
1726 1993 1837 2027 πα-

1957 1975 2016 2030 De
2041 1973 2435 2032 distributione
2463 1977 2724 2049 sportula
2749 1979 2979 2052 patricii
3007 1980 3214 2052 aprati,
3238 1994 3362 2052 qua
3383 1981 3594 2036 constat

534 2044 745 2122 τρικίου
773 2051 881 2102 τῶν
933 2049 980 2110 ς’
1029 2044 1234 2120 λιτρῶν
1280 2044 1516 2107 οὕτως’
1866 2044 1909 2051 ⁷
2486 2044 2500 2049 ”
2612 2065 2709 2106 sex
2749 2044 2926 2106 titris.

241 2175 314 2231 Οἱ
348 2177 447 2228 τοῦ
475 2167 873 2228 κουῦουκλείου
903 2171 1130 2247 χρυσίου
1172 2170 1364 2245 λίτρας
1402 2173 1472 2247 β’,
1500 2173 1527 2226 6
1559 2177 1654 2226 τοῦ
1685 2191 1836 2226 κανι-

160 2261 370 2318 κλείου
392 2284 442 2319 ν.
465 2259 569 2331 κδ’,
592 2263 644 2316 οἱ
667 2258 762 2316 δύο
786 2259 1072 2336 δήμαρχοι
1089 2283 1137 2319 ν.
1163 2263 1254 2333 μη“
1278 2263 1373 2315 avri
1391 2283 1439 2317 ν.
1465 2257 1567 2329 κδ’,
1587 2262 1614 2314 6
1632 2263 1731 2325 τῆς
1751 2281 1840 2314 κα-

163 2351 487 2413 ταστάσεως
508 2373 555 2407 ν.
580 2347 681 2420 κδ’,
705 2351 757 2405 οἱ
789 2349 1142 2423 σιλεντιάριοι
1173 2371 1221 2406 ν.
1253 2348 1354 2416 κδ’,
1383 2351 1433 2403 οἱ
1458 2349 1698 2422 κόμητες
1727 2352 1834 2403 τῶν

171 2441 409 2516 σχολῶν
432 2462 476 2496 ν.
497 2437 600 2510 κδ’,
620 2441 672 2494 οἳ
694 2438 1009 2514 ἀρτοκλίνοι
1029 2443 1125 2493 τοῦ
1152 2437 1417 2513 βασιλέως
1439 2460 1485 2494 ν.
1500 2439 1590 2512 ιβ’,
1605 2439 1656 2491 o't
1677 2458 1841 2492 τοπο-

167 2529 418 2604 τηρηταὶ
449 2533 558 2583 τῶν
587 2526 809 2603 σχολῶν
841 2551 885 2584 ν.
918 2530 984 2602 γ’,
1021 2528 1048 2582 6
1087 2529 1446 2601 πριμικήριος
1477 2531 1574 2581 τοῦ
1605 2521 1839 2581 κουϐου-

170 2617 423 2674 κλείουν.
475 2619 565 2690 ιβ’,
618 2619 669 2671 οἱ
701 2616 1113 2690 ἀξιωματικοὶν.
1151 2617 1217 2690 β’,
1243 2618 1271 2671 6
1299 2618 1568 2685 σκευάζων
1600 2617 1662 2670 τὸ
1692 2614 1840 2670 κανί-

173 2707 365 2763 κλειον
398 2728 444 2762 ν.
480 2703 544 2762 δ’.
574 2707 746 2778 Ὀμου
779 2705 963 2778 λίτραι
994 2701 1036 2758 δ“
1068 2727 1116 2762 ν.
1145 2705 1253 2781 λγ“.
1282 2705 1378 2759 Διὰ
1398 2709 1504 2758 τῶν
1541 2701 1636 2758 δύο
1662 2709 1839 2778 μερῶν

181 2795 426 2853 Βενέτων
486 2815 544 2849 τε
599 2795 689 2848 καὶ
738 2793 1044 2868 Πρασίνων.
1099 2795 1159 2850 Ὀ
1219 2789 1545 2868 δευτερεύων
1602 2791 1840 2849 Βενξτων

176 2885 302 2950 ν.α“,
325 2885 354 2938 6
379 2881 706 2956 δευτερεύων
746 2881 1024 2956 [Ιρασίνων
1057 2884 1179 2950 ν.α“,
1204 2883 1231 2936 6
1253 2883 1640 2957 γειτονιάρχης
1682 2882 1840 2939 Βενέ-

180 2993 294 3028 των
323 2971 446 3044 μιλ.
478 2973 549 3042 η’,
583 2972 612 3026 6
640 2972 1026 3046 γειτονιάρχης
1059 2970 1342 3046 Ιιρασίνων
1395 2970 1516 3044 μιλ.
1546 2973 1618 3041 η’,
1649 2972 1676 3025 6
1706 2990 1843 3045 χαρ-

180 3060 475 3134 τουλάριος
503 3062 738 3117 Βενὲτων
771 3059 894 3133 μι).
927 3061 996 3130 η’.
1048 3062 1076 3116 6
1123 3058 1527 3136 χαρτουλάριος
1562 3059 1837 3134 Πρασίνων

189 3150 311 3222 μιλ.
373 3151 446 3219 η’,
492 3150 520 3204 6
569 3150 950 3224 φακτιονάριος
1004 3149 1244 3204 Βενὲτων
1297 3147 1418 3221 μιλ.
1451 3151 1523 3219 η’,
1559 3150 1586 3203 6
1616 3169 1837 3227 φακτιο-

1957 3149 2303 3205 Venetorum
2331 3150 2450 3207 mil.
2473 3151 2530 3216 8,
2551 3155 2609 3206 et
2631 3150 2781 3207 alter
2803 3151 3179 3206 Prasinorum
3205 3151 3594 3218 tantumdem,

185 3240 372 3314 νάριος
406 3239 688 3313 Πρασίνων
719 3236 839 3310 μιλ.
873 3239 945 3308 η’,
999 3239 1027 3292 6
1077 3237 1269 3300 λευκὸς
1305 3235 1427 3310 μιλ.
1469 3239 1528 3307 ε’,
1561 3239 1589 3292 6
1625 3237 1837 3312 ρούσιος

1957 3237 2327 3294 iactionarius
2359 3242 2711 3296 Venetorum
2744 3241 2866 3296 mil.
2888 3241 2942 3310 8,
2967 3245 3023 3295 et
3042 3240 3190 3295 alter
3219 3242 3599 3296 Prasinorum

191 3327 586 3402 μικροπανίτης
638 3323 759 3398 μιλ.
811 3327 870 3392 ε’,
919 3327 947 3380 6
992 3328 1232 3396 ποιητής
1283 3327 1514 3382 Βενὲτων
1564 3325 1684 3399 μιλ.
1719 3327 1777 3392 ς’,
1810 3327 1837 3380 6

1957 3329 2341 3384 tantumdem.
2371 3346 2386 3395 ;
2409 3328 2580 3385 albus
2603 3346 2705 3386 seu
2729 3330 3139 3399 micrOpanites
3161 3329 3306 3384 albas
3335 3329 3601 3385 factionis

187 3418 421 3488 ποιητὴς
452 3415 731 3489 Πρασίνων
773 3413 895 3487 μιλ.
950 3417 1008 3485 ς’,
1059 3417 1086 3469 6
1147 3413 1408 3488 μελιστής
1441 3415 1678 3471 Βενὲτων
1715 3412 1834 3486 μιλ.

1957 3416 2076 3472 mil.
2108 3418 2165 3484 5,
2198 3421 2253 3472 et
2283 3433 2490 3473 russus
2520 3433 2619 3473 seu
2662 3434 2843 3474 russea
2888 3417 3152 3474 factionis
3183 3417 3599 3489 micropauites

190 3507 249 3576 ς’,
290 3507 318 3561 6
349 3505 615 3579 μελιστὴς
643 3503 923 3577 Πρασίνων
975 3503 1094 3576 μιλ.
1143 3505 1203 3564 ς’.
1256 3504 1306 3557 οἱ
1355 3502 1634 3558 ἐπιστάται
1687 3503 1837 3559 Βενέ-

1957 3507 2342 3562 tantumdem.
2376 3507 2551 3562 Poeta
2580 3506 2936 3563 Venetorum
2969 3507 3091 3564 mil.
3123 3507 3179 3575 6,
3204 3511 3262 3562 et
3289 3507 3437 3562 alter
3468 3510 3598 3562 Pra-

187 3615 292 3648 των
346 3592 464 3665 μιλ.
513 3591 578 3661 6‘,
625 3593 676 3646 οἱ
717 3591 994 3647 ἐπιστάται
1045 3593 1322 3666 Πρασίνων
1360 3590 1480 3663 μιλ.
1525 3590 1587 3660 δ’,
1622 3593 1673 3647 o't
1703 3591 1837 3664 κρά-

1957 3595 2213 3651 sinorum
2238 3595 2910 3663 tantumdem;melistes
2935 3612 3037 3652 seu
3063 3597 3329 3652 musicus
3356 3594 3603 3651 Veneto-

191 3678 568 3737 κταιΒενὲτων
627 3679 744 3751 μιλ.
799 3677 860 3747 6‘,
913 3681 969 3732 οἱ
1021 3678 1248 3752 κράκται
1300 3679 1582 3752 Πρασίνων
1619 3677 1736 3750 μιλ.
1772 3675 1836 3746 6‘,

1957 3701 2080 3740 rum
2110 3683 2231 3739 mil.
2263 3686 2318 3754 6,
2351 3695 2407 3740 et
2437 3685 2580 3741 alter
2610 3686 2988 3742 Prasinorum
3035 3685 3398 3742 tantumdem
3425 3701 3438 3750 ;
3470 3684 3602 3756 epi-

195 3771 245 3824 οἱ
276 3767 575 3841 σημειωταὶ
608 3765 845 3822 Βενέτων
882 3765 1000 3837 μιλ.
1062 3763 1125 3835 δ’,
1187 3767 1238 3819 o't
1296 3766 1600 3837 σημειωταὶ
1646 3767 1837 3838 Πρασί-

1957 3779 2114 3830 stata
2146 3792 2249 3830 seu
2299 3776 2563 3846 magistri
2615 3777 2959 3832 Venetorum
3010 3775 3134 3830 mil.
3169 3777 3221 3838 4,
3255 3783 3311 3830 et
3339 3776 3602 3845 epislatm

196 3880 296 3914 νων
331 3855 449 3930 μιλ.
483 3854 546 3924 δ’,
597 3857 648 3909 οἱ
702 3852 1036 3930 μανδάτορες
1086 3855 1320 3910 Βενὲτων
1358 3853 1476 3926 μιλ.
1521 3851 1583 3923 δ’,
1619 3854 1670 3906 οἱ
1706 3874 1837 3925 μαν-

1957 3861 2323 3916 Prasinorum
2355 3864 2744 3931 tantumdem,
2776 3868 2978 3917 cractas
3021 3879 3122 3917 seu
3170 3878 3462 3932 praecones
3493 3861 3601 3918 Ve-

197 3945 404 4019 δάτορες
438 3943 717 4020 Πρασίνων
763 3941 884 4015 μιλ.
927 3941 991 4012 δ’,
1033 3943 1085 3996 οἱ
1139 3940 1398 4017 βηγάριοι
1443 3942 1684 3997 Βενὲτων
1715 3939 1837 4012 μιλ.

1957 3953 2216 4002 netorum
2248 3947 2372 4006 mil.
2402 3949 2455 4014 4,
2478 3954 2535 4004 et
2557 3949 2926 4006 Prasinorum
2955 3951 3197 4020 pariters
3221 3951 3480 4006 emeiotss
3508 3949 3600 4005 vel

197 4038 251 4106 ε’,
283 4036 330 4090 οἱ
363 4035 618 4110 βηγάριοι
671 4033 954 4105 Πρασίνων
1008 4031 1127 4104 μιλ.
1179 4031 1235 4099 ε’,
1287 4031 1338 4084 οἱ
1381 4030 1648 4104 θεωρηταὶ
1685 4028 1837 4085 Βενέ-

1957 4035 2353 4108 obsignatores
2404 4037 2609 4109 [urnae]
2657 4036 3008 4094 Venetorum
3064 4055 3145 4094 m.
3178 4037 3233 4106 4,
3265 4043 3322 4092 et
3371 4037 3596 4093 Prasini

199 4147 297 4182 των
325 4124 440 4197 μιλ.
475 4121 542 4191 δ’,
574 4123 626 4177 o't
659 4123 930 4197 θεωρηταὶ
979 4120 1262 4194 Πρασίνων
1297 4117 1416 4192 μιλ.
1455 4117 1517 4187 δ’,
1560 4119 1610 4172 o't
1642 4115 1837 4189 διαση-

1957 4125 2185 4195 pariter,
2221 4125 2593 4181 mandatores
2625 4127 2828 4182 Veneti
2863 4126 2987 4182 mil.
3019 4127 3074 4191 4,
3106 4131 3164 4182 et
3193 4126 3419 4182 Prasini
3451 4142 3600 4200 quo-

205 4213 414 4289 μειωταὶ
456 4212 692 4269 Βενὲτων
731 4209 850 4284 μιλ.
905 4211 971 4285 β’,
1025 4210 1076 4265 οἱ
1125 4207 1523 4281 διασημειωταὶ
1559 4207 1837 4282 Πρασίνων

1957 4229 2106 4284 que;
2141 4212 2353 4284 bigarii
2413 4215 2606 4270 Veneti
2669 4213 2792 4269 mil.
2831 4215 2887 4284 5,
2937 4225 2988 4269 et
3047 4214 3270 4270 Prasini
3327 4228 3596 4288 quoque;

206 4304 314 4378 μιλ.
347 4304 413 4377 β’,
435 4303 496 4356 τὸ
528 4297 750 4376 ὄργανον
782 4301 1020 4356 Βενὲτων
1054 4320 1182 4370 μιμ.
1217 4309 1280 4367 ς’,
1322 4299 1382 4352 τὸ
1429 4294 1660 4373 ὄργανον
1696 4299 1837 4373 Ηρα-

1957 4303 2438 4374 contemplatores
2490 4305 2675 4377 [urnae
2708 4307 2872 4379 puta]
2907 4306 3255 4362 Venetorum
3291 4305 3414 4360 mil.
3448 4306 3502 4371 4,
3544 4310 3601 4360 et

205 4393 349 4447 σὶνων
385 4390 505 4460 μιλ.
541 4392 606 4454 ς’.
637 4391 811 4462 Ὀμοῦ
842 4411 888 4445 ν.
919 4386 1003 4458 ιδ’,
1039 4385 1160 4461 μιλ.
1195 4385 1258 4444 δ’.

1957 4393 2323 4447 Praslnorum
2350 4395 2714 4449 tantumdem
2734 4394 3152 4464 ;diasemeiotaa
3168 4411 3268 4450 seu
3283 4392 3600 4466 resignato-

212 4501 291 4540 res
346 4485 545 4556 [urnis]
604 4483 805 4538 Veneti
863 4482 985 4536 mil.
1015 4483 1072 4546 2,
1105 4486 1162 4536 et
1209 4480 1432 4535 Prasini
1495 4495 1607 4535 non
1667 4479 1883 4537 minus.
1943 4480 2238 4554 Organum
2294 4482 2578 4540 Venetam
2639 4483 2762 4541 mil.
2792 4486 2847 4553 6,
2879 4490 2938 4541 et
2966 4483 3278 4542 Prasinum
3335 4487 3594 4557 perinde.

209 4573 430 4629 Faciunt
459 4574 580 4629 hac
613 4572 976 4628 numismata
1007 4571 1094 4639 l4,
1130 4569 1342 4625 miliar.
1375 4570 1424 4623 4.

2021 2172 2098 2226 Ea
2128 2171 2209 2226 ita
2255 2171 2645 2228 distribuitur.
2676 2175 2988 2247 Accipiunt
3044 2176 3389 2233 cubicularii
3419 2175 3505 2231 lit.
3540 2179 3592 2243 2,

1947 2259 2206 2318 oanicleo
2238 2261 2541 2332 praefectus
2573 2278 2734 2318 num.
2758 2263 2851 2333 24,
2874 2265 3175 2320 demarchi
3207 2265 3379 2320 ambo
3411 2281 3469 2320 n.
3503 2265 3594 2332 48,

1948 2349 2191 2420 (singuli
2239 2366 2451 2421 nempe
2498 2352 2613 2422 24),
2665 2351 2974 2408 silentiarii
3024 2369 3186 2410 num.
3218 2354 3308 2419 24,
3353 2354 3595 2408 comites

1947 2438 2286 2494 scholarum
2320 2455 2484 2494 num.
2515 2439 2609 2509 24,
2641 2439 2890 2496 articlini
2936 2441 3266 2513 imperiales
3306 2458 3472 2498 num.
3503 2443 3594 2511 24,

1947 2529 2280 2598 topoterette
2313 2526 2648 2583 scholarum
2677 2546 2838 2585 num.
2861 2530 2918 2596 3,
2943 2529 3308 2602 primicerius
3338 2530 3596 2586 cubiculi

1950 2617 2038 2682 12,
2063 2614 2394 2670 axiomatici
2423 2615 2481 2681 2,
2505 2623 2862 2688 prmparator
2889 2618 3128 2674 caniclei
3162 2618 3520 2674 numismata
3541 2620 3595 2674 4.

1950 2704 2191 2759 Faciunt
2235 2704 2413 2759 simul
2463 2705 2628 2760 litras
2681 2707 2735 2771 4,
2770 2711 3052 2762 numism.
3086 2707 3176 2762 33.
3231 2707 3598 2764 Factionibus

1949 2790 2256 2856 ambabus,
2274 2791 2501 2847 Venetas
2518 2792 2910 2865 Prasinaeque,
2925 2795 3056 2849 inde
3069 2795 3284 2850 cedunt
3299 2795 3437 2849 haec.
3453 2794 3602 2849 Deu-

1950 2886 2190 2937 tereuon
2218 2884 2568 2936 Venetorum
2604 2885 2816 2955 accipit
2845 2884 3145 2939 numisma
3175 2885 3598 2950 1,deutereuon

1950 2969 2317 3026 Prasinorum
2349 2987 2510 3027 num.
2549 2973 2600 3039 1,
2625 2972 3050 3042 geitouiarches
3081 2972 3437 3027 Venetorum
3473 2972 3596 3027 mil.

1949 3059 2004 3124 8,
2037 3065 2095 3115 et
2143 3061 2290 3114 alter
2336 3059 2712 3116 Prasinorum
2771 3062 3160 3131 tantumdem,
3203 3060 3598 3117 chartularius

2526 4699 2675 4757 465
2711 4700 2818 4757 Pro
2847 4700 3010 4757 circa.

2012 4821 2232 4894 Accipit
2261 4823 2556 4878 actuarius
2586 4839 2752 4880 num.
2779 4824 2831 4892 1,
2854 4840 3094 4898 argyrus
3122 4825 3288 4882 vestii
3307 4829 3366 4896 2,
3387 4841 3598 4882 cursor

1950 4927 2158 4979 unum,
2211 4927 2456 4983 argyrus
2513 4926 2859 4968 coronarum
2925 4929 3130 4982 unum,
3180 4913 3595 4987 apocrisiarius

681 4694 778 4750 Διὰ
806 4699 902 4751 τοῦ
935 4691 1333 4768 ἱπποδρομὶου.
1863 4700 1912 4766 D

271 4821 324 4877 '0
350 4819 665 4889 ἆκτουάριος
713 4842 760 4876 ν.
805 4820 872 4886 α’,
904 4819 933 4874 6
965 4816 1194 4894 ἄργυρος
1223 4821 1320 4872 τοῦ
1354 4817 1571 4892 βεστίου
1605 4837 1655 4876 ν.
1701 4817 1770 4892 β’,
1803 4817 1830 4871 6

210 4907 433 4981 κοῦρσωρ
464 4909 530 4975 α’,
583 4909 611 4963 6
662 4907 901 4983 ἄργυρος
946 4911 1056 4962 τῶν
1104 4905 1378 4983 στεφάνων
1410 4909 1478 4971 α’,
1510 4907 1538 4960 6
1569 4913 1669 4974 τῆς
1703 4905 1838 4960 ἀπο-

213 4999 413 5071 κρίσεως
445 5019 491 5052 ν.
525 4999 592 5068 α’,
625 4997 653 5050 ὁ
687 4997 964 5059 νεανίσκος
1002 4994 1124 5068 μιλ.
1161 4993 1223 5064 δ’,
1258 4996 1286 5050 6
1321 4993 1680 5069 μαξιλλάριος
1714 4992 1838 5068 μιλ.

214 5085 268 5154 δ’,
295 5087 320 5141 6
345 5089 689 5162 θεσσαράριος
723 5087 844 5159 μιλ.
879 5084 943 5155 6‘,
977 5087 1005 5140 6
1041 5081 1504 5161 χαμαιτριόοὖνος
1540 5082 1662 5157 μιλ.
1698 5081 1762 5152 δ’,
1787 5084 1840 5139 οἱ

215 5175 530 5251 ὀφφικιάλιοι
572 5182 672 5244 τῆς
725 5174 1020 5250 κυλίσυτρας
1072 5173 1194 5249 μιλ.
1246 5177 1304 5240 ε’,
1366 5175 1419 5230 οἱ
1476 5174 1838 5250 μαγγανάριοι

216 5262 418 5321 Βενέτων
470 5263 589 5337 μιλ.
643 5283 696 5333 ε,
764 5265 816 5320 οἱ
868 5266 1222 5341 μαγγανάριοι
1284 5262 1558 5336 Πρασίνων
1613 5263 1734 5335 μιλ.
1779 5264 1838 5333 ε’,

217 5360 313 5417 τοῖς
336 5349 840 5431 πρωτοϐηκταρίοις
874 5354 995 5428 μιλ.
1039 5355 1105 5431 γ’,
1153 5359 1272 5416 τοῖς
1312 5351 1838 5427 πρωτοπαλΛαρίοις

223 5441 318 5517 μιλ.
349 5445 401 5512 ε’,
429 5449 509 5517 τῷ
539 5444 884 5519 νουμεραρῐῳ
906 5452 1024 5512 ν.α’,
1051 5449 1168 5508 τοῖς
1193 5441 1436 5504 δεκανοῖς
1456 5446 1554 5498 τοῦ
1577 5439 1836 5516 ἱπποδρο-

225 5533 326 5604 pios
349 5534 472 5608 ν.β’,
501 5554 570 5611 τῃ
609 5533 778 5609 βίγλῃ
803 5535 904 5601 τῆς
935 5535 1149 5610 Δάφνης
1175 5531 1294 5608 μιλ.
1321 5530 1382 5589 δ’.
1409 5533 1581 5605 Ὁμοῦ
1605 5530 1838 5610 χρυσίου

225 5622 277 5690 θ’,
301 5623 374 5676 καὶ
403 5620 490 5678 διὰ
525 5621 645 5696 μιλ.
683 5625 751 5698 γ’,
789 5620 910 5695 μιλ’
943 5624 1006 5692 ζ’.

1949 5019 2158 5070 unum,
2173 5004 2485 5058 neaniscus
2501 5002 2878 5073 miliaresia4,
2895 5005 3258 5061 maxillarius
3275 5004 3394 5059 mil.
3409 5006 3464 5071 4,
3482 5013 3595 5060 tes-

1949 5090 2207 5146 serarius
2224 5089 2343 5144 mil.
2360 5090 2414 5154 4,
2429 5090 2648 5144 οὶιαωω
2675 5091 2940 5148 tribunus
2955 5109 3056 5149 seu
3072 5091 3338 5147 tribunus
3352 5090 3596 5148 inferior

1950 5177 2073 5233 mil.
2091 5179 2143 5245 4,
2159 5177 2438 5233 ofﬁciales
2452 5177 2698 5250 cylistra:
2712 5179 2822 5244 (vel
2839 5197 2998 5237 urna;
3011 5180 3187 5235 sortiu
3202 5195 3249 5233 m
3277 5179 3592 5251 agitanda)

1949 5267 2074 5324 mil.
2095 5268 2150 5336 5,
2169 5268 2525 5338 manganarii
2547 5267 2898 5326 Venetorum
2926 5268 3047 5324 mil.
3065 5269 3191 5335 5,et
3213 5267 3590 5330 Prasinorum

1950 5355 2352 5422 tantumdem;
2389 5355 2788 5426 protovectarii
2820 5371 2898 5410 m.
2939 5355 2994 5418 3,
3027 5354 3421 5425 protopallarii
3463 5358 3589 5415 mil.

1945 5443 2002 5508 5,
2036 5442 2400 5498 numerarius
2437 5459 2602 5498 num.
2637 5445 2687 5509 1,
2711 5443 2909 5498 decani
2943 5443 3313 5515 hippodromi
3346 5462 3505 5502 num.
3534 5450 3588 5517 2,

1946 5533 2149 5605 vigilia
2207 5549 2307 5590 seu
2366 5535 2622 5591 excubias
2681 5534 2952 5605 Daphnes
3005 5534 3128 5592 mil.
3161 5536 3213 5593 4.
3248 5537 3439 5594 Habes
3494 5538 3590 5595 hic

1950 5623 2309 5706 nomismata
2338 5625 2522 5706 solida
2553 5625 2607 5690 9,
2637 5623 2853 5697 quibus
2884 5625 3169 5682 accedunt
3195 5626 3309 5682 alia
3339 5644 3370 5682 e
3401 5628 3586 5690 milia:

1948 5699 2116 5770 resiis
2145 5699 2408 5771 confecta
2443 5714 2549 5769 tria
2581 5729 2698 5769 una
2728 5727 2858 5771 cum
2893 5713 3226 5773 miliaresiis
3255 5716 3309 5769 7.
