3972 6214
363 265 513 331 1443

961 399 1066 451 Pro
1112 391 1406 450 dieelariis.

436 505 658 578 Accipit
686 501 1124 559 admissionalis
1151 502 1207 569 5,
1242 499 1519 556 numism.
1544 493 1789 553 diaetarii
1812 490 2005 548 consi-

369 597 530 655 storii
566 611 729 649 num.
750 594 807 658 2,
832 593 1190 648 domesticus
1221 588 1419 661 palatii
1450 588 1504 656 1,
1538 583 1779 640 diaetarii
1810 579 2007 651 magni

366 686 562 761 palatii
581 682 995 751 1,domesticus
1021 681 1288 751 Daphnes
1312 678 1363 743 1,
1382 674 1624 731 diaetarii
1649 674 1709 728 S.
1726 668 2007 761 Stephani

368 756 421 845 1,
452 772 731 830 aurifabri
762 770 1137 841 supellectilis
1171 766 1489 838 imperialis
1523 762 1646 819 mil.
1678 762 1731 826 4,
1764 756 2009 813 ὀὶεείεὶτὶἱ

365 862 637 921 ostiaricii
691 859 814 915 mil.
847 862 899 925 2,
935 857 1179 912 diaetarii
1225 856 1360 910 circi
1412 852 1535 908 mil.
1568 854 1622 917 8,
1656 850 2006 905 collocantes

368 969 607 1009 scamna
644 949 924 1006 circensia
955 947 1078 1002 mil.
1109 947 1164 1010 3,
1196 943 1503 1000 accentarii
1536 958 1700 997 num.
1737 942 1789 1004 1,
1822 934 2008 992 asellii

366 1060 425 1098 n.
444 1045 494 1109 1,
512 1039 755 1096 dizetarii
782 1036 1094 1093 stratoricii
1118 1034 1239 1089 mil.
1262 1034 1317 1102 5,
1342 1030 1587 1087 diaetarii
1611 1026 2007 1084 novemdecim

368 1131 738 1188 accubiluum
792 1127 910 1182 mil.
938 1128 995 1195 8,
1026 1124 1268 1179 diaetarii
1318 1119 1701 1177 sanctissimas
1750 1116 2007 1187 Deiparaa

368 1222 494 1277 mil.
530 1222 615 1285 10,
650 1216 889 1271 diaetarii
925 1228 1262 1285 magnauraa
1294 1210 1417 1265 mil.
1452 1210 1507 1274 8,
1540 1213 1882 1263 vestosacraa
1913 1204 2010 1259 ad-

367 1308 563 1380 scripti
621 1321 783 1361 num.
817 1306 865 1370 1,
898 1303 1060 1357 iustis
1120 1300 1204 1356 vel
1260 1300 1624 1355 balneatores
1681 1293 2011 1366 imperiales

367 1415 526 1453 num.
562 1398 613 1465 1,
646 1394 883 1451 caldarii
930 1393 1050 1449 mil.
1082 1393 1137 1447 2.
1173 1392 1363 1447 Habes
1418 1389 1778 1445 numismata
1825 1385 2011 1441 solida

365 1490 454 1557 15,
488 1496 541 1543 et
571 1486 685 1542 alia
716 1503 746 1541 e
776 1484 1107 1540 miliaresiis
1153 1483 1415 1539 confecta
1447 1484 1695 1552 quatuor
1725 1493 1845 1533 una
1874 1492 2007 1533 cum

367 1579 566 1633 decem
601 1574 1058 1631 miliarensibus.

954 1767 1059 1819 Pro
1078 1762 1437 1833 janiloribus.

436 1872 876 1928 Diatrechontes
910 1886 1010 1925 seu
1044 1868 1333 1925 vernaculi
1363 1865 1669 1938 logothetae
1700 1863 1887 1919 dromi
1920 1878 2009 1918 ac-

368 1962 591 2032 cipiunt
624 1976 785 2013 num.
819 1960 873 2025 2,
899 1958 1185 2029 janitores
1235 1953 1515 2026 vaporarii
1555 1970 1724 2009 num.
1762 1956 1816 2020 2,
1842 1952 2007 2022 jani-

367 2053 522 2104 tores
572 2048 703 2103 circi
760 2063 921 2103 num.
972 2048 1029 2116 2,
1078 2045 1369 2102 cortinarii
1422 2061 1584 2099 num.
1628 2044 1654 2097 1
1701 2042 1913 2097 miliar.
1952 2042 2010 2108 7,

371 2154 667 2195 armorum
712 2136 1084 2208 imperalium
1133 2135 1401 2192 custodes
1432 2149 1595 2189 num.
1625 2135 1679 2187 2.
1711 2132 1951 2187 Summa
1979 2129 2014 2182 9

375 2227 658 2283 numism.
691 2230 748 2282 et
773 2228 809 2278 7
841 2224 1075 2281 milliar.

525 2336 630 2390 Pro
659 2336 827 2391 cereis
856 2350 953 2403 per
980 2331 1233 2387 ecclesias
1262 2329 1617 2403 accendendis
1645 2336 1695 2385 et
1724 2328 1861 2383 aliis

843 2401 1090 2477 personis
1120 2401 1541 2459 ecclesiasticis.

440 2513 764 2569 Castrensis
798 2510 1158 2583 [patriarchae
1191 2510 1431 2581 scilicet]
1462 2508 1674 2579 accipit
1705 2523 2013 2562 nummum

373 2603 424 2668 1,
468 2599 896 2656 referendarius
946 2599 1084 2653 item
1135 2614 1299 2652 num.
1346 2599 1396 2665 1,
1442 2595 1773 2667 imperiales
1822 2593 2013 2649 clerici

371 2689 543 2743 Phari
593 2704 865 2743 nummos
893 2688 949 2755 5,
982 2687 1408 2757 hypodiacones
1456 2685 1514 2739 S.
1546 2684 1770 2754 Sophia:
1805 2683 1927 2737 mil.
1959 2684 2014 2750 6,

373 2777 574 2832 decani
612 2774 953 2847 patriarchae
987 2774 1109 2829 mil.
1144 2775 1197 2837 4,
1220 2774 1480 2843 deputati
1514 2771 1634 2826 mil.
1669 2772 1722 2835 3,
1747 2770 2017 2826 monachi

371 2866 588 2937 spudes
611 2864 733 2920 mil.
756 2864 809 2933 8,
834 2862 1102 2917 monachi
1130 2861 1486 2933 paraspudes
1516 2861 1637 2915 mil.
1660 2860 1721 2930 5,
1742 2864 2018 2916 stratores

370 2955 711 3028 patriarchas
729 2952 851 3008 mil.
866 2954 919 3015 5,
940 2959 1273 3023 anagnostae
1287 2952 1470 3006 duaru
1482 2968 1535 3006 m
1551 2951 1840 3022 septimas
1850 2966 2014 3005 arum

371 3062 535 3101 num.
570 3048 596 3102 1
649 3044 773 3100 mil.
803 3044 860 3111 6,
893 3042 1093 3114 psaltes
1143 3047 1200 3098 S.
1233 3040 1461 3113 Sophia:
1512 3057 1671 3096 num.
1728 3041 1751 3094 1
1808 3040 1929 3094 mil.
1959 3040 2015 3109 6,

370 3133 815 3206 sceuophylaces
876 3148 1031 3188 num.
1084 3134 1135 3197 1,
1198 3130 1351 3186 460
1410 3130 1665 3185 ministri
1723 3129 2016 3184 narthecis

370 3224 493 3279 mil.
528 3226 581 3292 4,
607 3222 823 3278 ostiarii
860 3220 1055 3276 Sancti
1087 3220 1251 3275 Putei
1285 3218 1407 3274 mil.
1441 3222 1496 3285 5,
1522 3218 1862 3274 balantades
1895 3218 2014 3274 mil.

372 3314 427 3381 3,
459 3311 810 3384 episcopiani
844 3310 966 3365 mil.
999 3311 1054 3378 5,
1086 3309 1445 3365 domesticus
1492 3308 2017 3381 hypodiaconorum

2143 3303 2178 3355 ἡ
2210 3302 2579 3357 ἐπισκοπιανοὶ
2629 3306 2734 3375 (34)
2773 3302 2891 3376 μιλ.
2944 3306 3001 3374 ε’,
3047 3306 3074 3358 ὁ
3120 3302 3455 3378 δομέστικος
3502 3312 3619 3361 τῶν
3674 3307 3789 3358 ὑπο-

376 3402 499 3458 mil.
531 3402 587 3468 6,
621 3400 863 3456 ecclesia
892 3402 1321 3454 Accemetorum
1358 3414 1520 3453 num.
1552 3399 1607 3465 3,
1638 3396 1883 3452 ecclesia
1909 3398 2023 3451 Do-

376 3486 522 3542 mini
544 3501 706 3539 num.
734 3489 785 3550 1,
809 3485 1047 3539 ecclesia
1070 3486 1127 3539 S.
1154 3484 1434 3553 Stephani
1468 3484 1525 3536 in
1558 3484 1709 3536 circo
1741 3482 2020 3536 numism.

376 3576 429 3640 1,
454 3574 700 3628 ecclesia
729 3570 1043 3626 Salvatoris
1076 3586 1206 3624 cum
1240 3568 1580 3637 cognomine
1606 3568 1820 3622 Staurii
1853 3584 2017 3623 num.

372 3663 428 3730 1,
458 3658 701 3717 ecclesia
733 3657 1069 3713 monasterii
1113 3656 1381 3712 Basilidas
1412 3673 1573 3711 num.
1612 3658 1660 3725 1,
1694 3657 1936 3713 ecclesia
1962 3661 2019 3711 S.

373 3748 650 3821 Stephani
709 3745 976 3817 Daphnes
1028 3762 1191 3801 num.
1252 3748 1302 3809 1,
1351 3744 1595 3800 ecclesia
1640 3746 1694 3801 S.
1728 3744 1916 3817 Sergii
1967 3749 2025 3801 et

375 3838 589 3895 Bacchi
616 3854 780 3893 num.
816 3839 867 3902 1,
899 3835 1144 3891 ecclesia
1187 3834 1529 3890 monasterii
1575 3834 1836 3891 Pelecani
1877 3852 1931 3889 n.
1967 3836 2023 3901 1,

378 3925 625 3984 ecclesia
652 3929 709 3980 S.
733 3924 1019 3981 Theodori
1052 3940 1109 3980 n.
1135 3924 1190 3991 1,
1219 3923 1464 3979 ecclesia
1495 3922 1553 3978 S.
1588 3921 1848 3978 Callinici
1880 3939 1938 3978 n.
1970 3925 2022 3992 1,

378 4014 645 4071 diaconia
694 4013 783 4069 vel
814 4012 1157 4068 diaconatus
1188 4016 1291 4066 aut
1323 4011 1714 4066 ministerium
1748 4010 2024 4067 ecclesia-

380 4106 594 4162 sticum
654 4101 994 4158 monasterii
1053 4100 1266 4157 Urbicii
1326 4116 1485 4155 num.
1537 4101 1587 4165 1,
1639 4099 1905 4155 diaconia
1960 4101 2019 4156 S.

379 4192 547 4249 Mocii
582 4207 748 4247 num.
774 4188 1090 4259 1,ecclesia
1118 4190 1176 4244 S.
1211 4188 1517 4244 Pancharii
1551 4204 1716 4243 num.
1752 4190 1802 4243 1.
1838 4190 2023 4245 Habes

376 4283 729 4338 numismata
759 4279 941 4336 solida
970 4280 1059 4345 24,
1085 4282 1141 4333 et
1170 4278 1284 4333 alia
1313 4279 1397 4333 5e
1432 4276 1758 4332 miliaresiis
1790 4294 2025 4348 compu-

373 4372 513 4426 tatis
543 4373 802 4426 confecta
832 4385 950 4423 una
982 4384 1113 4423 cum
1148 4366 1270 4422 mil.
1303 4367 1356 4422 8.
1385 4367 1448 4422 In
1476 4382 1702 4421 summa
1732 4383 1895 4421 num.
1923 4368 2013 4434 29,

1415 250 1941 319 CONSTANTINI
1987 241 2699 308 PORPHYBOGENITI

2036 386 2089 449 Α

2040 1754 2088 1820 Β

3736 237 3815 296 liti

3838 0 3927 801 \

2644 374 2739 429 Διὰ
2767 378 2873 428 τῶν
2903 370 3239 450 διαιταρίων.

2184 486 2278 553 Τῷ
2328 480 2783 554 ἀδμηνσουναλίῳ
2832 482 2890 549 ε’,
2939 487 3054 545 τοῖς
3092 479 3507 556 Sui-rapiam
3568 482 3689 532 τοῦ
3722 501 3839 531 κενέ.

2112 574 2347 645 στωρίου
2392 573 2458 647 β’,
2492 573 2518 625 ὁ
2552 569 2874 645 δομέστικος
2920 576 3018 626 τοῦ
3067 572 3384 627 παλατίου
3434 576 3529 637 α’,
3578 568 3644 624 οἱ
3686 566 3835 623 53:;

2112 680 2221 735 ριοι
2250 665 2346 715 τοῦ
2375 658 2617 735 μεγάλου
2666 662 2937 715 παλατίου
2986 663 3053 730 α’,
3095 662 3121 715 ὁ
3163 659 3610 734 δομὲστικος
3668 667 3773 727 ’.ἧς
3802 676 3843 712 2

2114 772 2251 827 φνης
2284 752 2351 818 α’,
2384 750 2434 803 οἱ
2469 747 2762 823 διαιτᾶριοι
2791 754 2887 804 τοῦ
2919 751 3100 826 Ἀγίου
3126 752 3467 830 Στεφάνου
3520 750 3615 817 α’,
3656 752 3713 803 οἱ
3736 771 3858 824 75.:-

2114 839 2241 917 οχοὶ
2299 844 2396 893 τοῦ
2459 839 2746 914 βασιλικοῦ
2796 839 3017 899 σκεύους
3074 839 3194 912 μιλ.
3244 838 3325 908 δ’,

2112 934 2209 982 τοῦ
2241 928 2577 1003 ὀστιαρικίου
2639 927 2758 1000 μιλ,
2821 930 2885 1004 β’,
2943 930 2996 983 οἱ
3054 928 3387 1005 Stat-ripae:
3430 932 3575 983 τοῖς
3621 929 3869 1003 inci;

2116 1018 2245 1090 μίου
2299 1015 2421 1089 μιλ.
2477 1024 2545 1089 η’,
2603 1019 2653 1071 οἱ
2699 1017 2967 1080 στένοντες
3014 1020 3079 1073 τὰ
3123 1020 3363 1091 exitu:
3447 1023 3591 1072 τοῦ

2117 1105 2237 1178 μιλ.
2271 1108 2336 1181 γ’,
2371 1107 2421 1160 οἱ
2450 1108 2904 1180 πρωτοκεντάριοι
2952 1129 3002 1166 ν.
3048 1110 3114 1175 α’,
3139 1114 3256 1169 τοῖς
3292 1108 3498 1163 ἀσελ
3517 1107 3655 1168 ἔοις
3688 1130 3737 1161 v.
3774 1112 3813 1161 αΔ
3838 1132 3865 1161 ::

2114 1193 2408 1270 διαιτάριοι
2466 1200 2563 1250 τοῦ
2623 1197 3014 1271 στρατωρικίου
3075 1196 3197 1270 μιλ.
3257 1200 3325 1268 ε’,
3414 1200 3497 1252 οἱ
3570 1196 3853 1251 διαιτὶὶῖ

2112 1291 2219 1341 τῶν
2278 1288 2341 1349 ιθ¹
2386 1280 2689 1341 ἀκουόίτων
2743 1285 2863 1358 μιλ.
2913 1294 2985 1355 η’,
3040 1289 3090 1340 οἱ
3140 1284 3507 1363 διαιτάρεοι
3571 1294 3702 1355 τῆς
3738 1288 3869 1341 5:2:-

3414 841 3497 894 οἱ
3581 837 3809 909 διαίτας
3836 866 3851 891 ;

2116 1376 2266 1449 αγίας
2300 1376 2564 1429 Θεοτόκου
2600 1374 2721 1447 μιλ.
2759 1378 2808 1445 ι’,
2862 1377 2912 1430 οἱ
2964 1374 3258 1446 διαιτάριοι
3310 1384 3465 1444 τῆς
3513 1376 3865 1449 μινναὲςεε

2118 1465 2237 1539 μιλ.
2269 1466 2338 1536 η’,
2371 1467 2423 1520 οἱ
2455 1472 2555 1535 τῆς
2589 1466 2953 1542 βεστοσάκρας
2984 1476 3105 1537 ν.α“,
3138 1469 3189 1522 οἱ
3226 1467 3609 1543 βασιλικοὶ
3654 1466 3853 1521 λσῖιττε

2112 1577 2163 1612 ν.
2196 1557 2261 1624 α’,
2295 1556 2344 1610 οἱ
2375 1555 2664 1630 καλδςίριοι
2699 1555 2819 1629 μιλ.
2979 1558 3150 1630 Ὁμοῦ
3182 1557 3471 1632 χρυσίου
3523 1559 3634 1630 ιε’,
3675 1559 3775 1612 καὶ
3805 1557 3861 1609 ’Ξῖέ

2118 1645 2239 1718 μιλ.
2275 1642 2338 1712 δ’,
2374 1643 2493 1717 μιλ.
2533 1652 2580 1701 ι’.

2654 1752 2753 1807 Διᾶ
2798 1758 2903 1808 τῶν
2951 1759 3234 1829 θυρωρῶν.

2189 1860 2255 1915 Οἱ
2289 1856 2666 1933 διατρέχοντες
2693 1864 2789 1913 τοῦ
2838 1860 3130 1934 λογοθέτου
3161 1865 3261 1915 τοῦ
3296 1859 3577 1936 δρόμου
3630 1882 3686 1915 ν.
3824 1865 3856 1914 εἰ

2120 1948 2356 2024 θυρωροὶ
2383 1956 2480 2017 τῆς
2514 1950 2851 2025 θερμάστρας
2900 1972 2946 2004 ν.
3002 1952 3071 2024 β“,
3115 1952 3165 2005 0i
3212 1952 3501 2026 θυρωροὶ
3546 1955 3851 2006 1052::-

2121 2036 2352 2111 δρομίου
2387 2039 2454 2111 β“,
2487 2038 2539 2091 οἱ
2571 2041 2909 2112 κορτινάριοι
2960 2060 3003 2094 ν.
3054 2047 3118 2099 α’.
3156 2038 3278 2113 μιλ.
3320 2042 3389 2109 ζ’,
3435 2042 3509 2095 οἱ
3559 2042 3849 2113 ﬁam):st

2122 2128 2504 2204 ἀρμοφῦλακες
2640 2128 2811 2200 Ὁμοῦ
2844 2127 3073 2207 χρυσίου
3103 2150 3151 2185 ν.
3188 2130 3233 2192 θ’
3271 2129 3407 2201 μιλ.
3456 2132 3540 2198 ζ’.

2124 2324 2220 2378 Διὰ
2296 2327 2402 2377 τῶν
2498 2327 2792 2401 φωταψιῶν
2848 2328 2957 2401 τῶν
3024 2323 3342 2395 ἐκκλησιῶν
3417 2326 3531 2381 καὶ
3614 2324 3829 2380 lamin

2780 2397 3113 2470 προσώπων.

2195 2504 2287 2574 Τῷ
2315 2503 2648 2576 καστρενσίῳ
2679 2505 2801 2572 ν.α’,
2827 2508 2907 2575 τῷ
2940 2503 3346 2580 ῥεφερενόαρίῳ
3381 2528 3428 2560 ν.
3459 2509 3531 2572 α’,
3569 2507 3622 2559 οξ
3654 2506 3821 2578 βασι-

2125 2590 2272 2646 λικοῖ
2295 2589 2551 2667 κληρικοὶ
2577 2597 2673 2646 τοῦ
2693 2594 2875 2663 Φάρου
2898 2594 3067 2665 ν.ε’,οί
3095 2593 3461 2656 ὑποδιὶκονες
3484 2600 3591 2658 τῆς
3619 2592 3817 2666 Ἀγίας

2129 2682 2330 2757 Σοφίας
2375 2681 2494 2753 μιλ.
2530 2689 2593 2751 ς’,
2646 2683 2695 2735 οἱ
2737 2679 2951 2736 δεκανοὶ
3001 2688 3095 2736 τοῦ
3139 2685 3507 2759 πατριάρχου
3564 2682 3695 2756 μιλ.
3746 2679 3807 2749 δ’,

2127 2772 2178 2824 οἱ
2210 2767 2492 2824 διποτάται
2530 2770 2648 2842 μιλ.
2686 2779 2753 2846 γ’,
2803 2772 2854 2825 οἱ
2899 2778 2998 2841 τῆς
3038 2771 3293 2842 Σπουδῆς
3331 2775 3469 2845 μιλ.
3517 2776 3602 2841 η’,
3636 2774 3689 2825 οἳ
3720 2778 3811 2837 τῆς

2128 2856 2524 2932 Παρασπουδῆς
2578 2859 2699 2932 μιλ.
2743 2861 2800 2926 ε’,
2861 2862 2911 2914 oi
2972 2863 3259 2936 στράτορες
3289 2866 3399 2916 τοῦ
3452 2862 3801 2937 πατριάρχω

2132 2947 2250 3019 μιλ,
2283 2949 2341 3016 ε’,
2375 2949 2425 3002 οἱ
2458 2949 2789 3024 ἀναγνῶσται
2818 2954 2928 3003 τῶν
3056 2945 3386 3023 ἑϐδομάδων
3423 2975 3477 3007 ν.
3517 2954 3567 3005 α’
3593 2949 3723 3024 μιλ.
3750 2947 3803 3013 ς’,

2128 3035 2178 3089 οἱ
2211 3035 2411 3108 ψάλται
2442 3044 2540 3105 τῆς
2589 3037 2767 3110 Ἁγίας
2814 3038 3018 3115 Σοφίας
3048 3047 3148 3097 ν,α“
3182 3039 3304 3112 μιλ.
3343 3049 3413 3109 ς“,
3452 3042 3507 3095 οἱ
3548 3038 3797 3107 σκευοφό-

2128 3124 2288 3185 λακες
2316 3127 2437 3192 ν.α“,
2471 3128 2522 3179 οἱ
2557 3126 2823 3200 ὑπουργοῖ
2846 3132 2942 3182 τοῦ
2964 3128 3231 3201 νάρθηκος
3268 3127 3399 3199 μιλ.
3431 3127 3502 3198 δ’,
3542 3132 3601 3182 οἱ
3636 3126 3796 3180 ὀστιὰ-

2128 3232 2235 3287 ριοι
2263 3217 2358 3266 τοῦ
2378 3214 2567 3288 Ἀγίου
2601 3215 2841 3289 ψρὲατος
2879 3217 2998 3287 μιλ.
3033 3224 3088 3285 ε’,
3112 3218 3164 3270 οἱ
3197 3215 3557 3288 βαλαντάδες
3595 3216 3717 3289 μιλ.
3744 3216 3788 3279 5',

2134 3388 2398 3445 διακόνων
2434 3392 2561 3463 μιλ,
2607 3395 2667 3462 ς’,
2710 3396 2744 3462 ἡ
2794 3393 3056 3464 ἐκκλησία
3084 3396 3173 3449 τὸν
3206 3397 3589 3468 Ἀκοιμήτων
3620 3396 3728 3467 ν.γ’,
3762 3394 3783 3459 ἦ

2133 3477 2391 3543 ἐκκλησία
2418 3484 2514 3533 τοῦ
2547 3480 2746 3553 Κυρίου
2777 3490 2898 3553 ν.α“,
2924 3485 2958 3551 ἡ
2991 3481 3251 3553 ἐκκλησία
3292 3488 3393 3538 τοῦ
3434 3486 3635 3559 ’Δγίου
3672 3489 3787 3535 Στε-

2133 3566 2304 3640 φάνου
2333 3564 2430 3621 τοῦ
2462 3566 2837 3643 ἱπποδρομίου
2869 3573 3000 3642 ν.α’,
3031 3574 3064 3640 ἡ
3097 3570 3363 3641 ἐκκλησία
3392 3578 3504 3627 τοῦ
3543 3578 3785 3641 Enni”:

2130 3659 2227 3709 τοῦ
2280 3656 2545 3730 Σταυρίου
2592 3660 2710 3729 ν.α’,
2762 3661 2796 3727 ἡ
2843 3658 3103 3729 ἐκκλησία
3154 3665 3258 3714 τῶν
3306 3661 3639 3717 Βασυλίδοῠ
3670 3660 3781 3727 rip},

2132 3741 2396 3814 ἐκκλησία
2420 3750 2517 3800 τοῦ
2546 3746 2732 3822 Ἀγίου
2787 3749 3059 3825 Στεφάνου
3089 3757 3187 3819 τῆς
3222 3752 3447 3827 Δάφνης
3477 3753 3611 3820 ν.α’,
3644 3753 3675 3817 ἡ
3703 3752 3782 3802 ’Ξκ-

2131 3830 2334 3903 κλησία
2364 3838 2458 3888 τοῦ
2490 3835 2670 3911 Ἀγίου
2704 3838 2935 3911 Σεργίου
2966 3838 3055 3891 καὶ
3091 3839 3309 3912 Βάκχου
3331 3841 3506 3910 ν.α’,ἡ
3536 3838 3778 3906 ἐκκλησία

2130 3927 2231 3989 τῆς
2272 3930 2443 3995 μονῆς
2475 3929 2570 3978 τοῦ
2611 3925 2913 3980 Ιιελεκανου
2955 3928 3019 3996 α’,
3082 3930 3114 3995 ἡ
3174 3926 3443 3997 ἐκκλησία
3475 3935 3582 3983 τοῦ
3614 3927 3779 4001 ’Λγίου

2133 4008 2418 4084 Θεοδώρου
2449 4014 2515 4079 α’,
2547 4015 2580 4081 ἡ
2615 4011 2880 4083 ἐκκλησία
2916 4019 3011 4069 τοῦ
3065 4016 3246 4092 Ἀγίου
3280 4015 3629 4072 Καλλινίκου
3663 4015 3772 4081 α’,ἦ
3910 3990 3931 4077 ί

2133 4095 2379 4153 διακονία
2432 4103 2531 4154 τῶν
2579 4096 2877 4176 Οὐρϐικίου
2936 4105 3003 4172 α“,
3056 4106 3092 4173 ἡ
3143 4102 3387 4159 διακονία
3453 4110 3560 4160 τοῦ
3615 4102 3776 4176 Ἀγίου

2132 4187 2360 4245 Μωκίου
2391 4190 2456 4257 α’,
2489 4192 2523 4259 ἡ
2556 4188 2819 4261 ἐκκλησία
2848 4196 2943 4246 τοῦ
2976 4192 3157 4266 ’Δγίου
3182 4195 3510 4268 Παγχαρίου
3534 4197 3601 4250 α’.
3628 4194 3773 4263 Ὀμοῦ

2134 4278 2371 4351 χρυσίου
2403 4276 2506 4348 κδ’,
2538 4278 2742 4336 καὶδιᾶ
2788 4281 2908 4355 μιλ.
2962 4290 3022 4351 ε’,
3063 4282 3185 4355 μιλ.
3235 4286 3309 4353 η’.
3362 4286 3462 4341 Καὶ
3522 4286 3657 4356 εἷμοῦ
3692 4281 3773 4336 διὰ

2137 4366 2366 4442 χρυσίου
2397 4368 2487 4422 καὶ
2524 4366 2640 4441 μιλ,
2667 4371 2766 4437 κθ’,
2802 4369 2923 4443 μιλ.
2973 4373 3045 4441 η’.
3096 4374 3198 4426 Καὶ
3244 4373 3391 4446 ὀμοῦ
3417 4375 3474 4427 τὸ
3502 4380 3607 4426 πᾶν
3637 4367 3768 4443 Ξξοδ.

377 4459 502 4513 mil.
556 4462 609 4515 8.
665 4461 792 4515 Haec
852 4474 1086 4514 summa
1143 4457 1192 4512 si
1251 4456 1709 4528 praecedentibus
1774 4457 2017 4512 addatur

2143 4456 2269 4530 ίίτρ.
2304 4463 2359 4526 ε’,
2390 4480 2435 4512 ν.
2470 4459 2577 4528 μζ,
2607 4457 2695 4511 καὶ
2729 4457 2922 4533 ἄναπρ.
2953 4461 3047 4527 κε’,
3078 4457 3245 4530 ἔστιν,
3281 4460 3337 4516 δὲ
3358 4462 3445 4516 καὶ
3472 4464 3509 4531 ἡ
3548 4460 3767 4531 διανομὴ

378 4555 635 4617 emerget
687 4564 1067 4619 expensarum
1128 4561 1442 4601 numerus:
1478 4544 1620 4599 litrze
1650 4545 1703 4611 5,
1739 4546 2013 4601 numism.

2124 4548 2230 4598 τῶν
2271 4567 2321 4601 ν.
2356 4545 2429 4616 π’,
2459 4550 2567 4599 τῶν
2602 4546 2785 4620 ὀψικρ.
2810 4551 2905 4602 τοῦ
2936 4550 3221 4623 πατρικίου
3249 4553 3379 4622 (13).

382 4634 472 4688 47.
508 4633 574 4689 Ut
622 4634 767 4690 adeo
798 4636 869 4689 ad
916 4634 1293 4707 complendas
1349 4650 1450 4688 sex
1507 4633 1674 4689 litras
1732 4636 2025 4706 supersint
2079 4636 2269 4691 adhuc
2324 4636 2395 4690 25
2454 4637 2736 4692 numism.
2801 4640 2951 4710 [quas
3007 4640 3272 4696 videntur
3311 4642 3648 4713 praepositis
3700 4656 3772 4695 ce-

380 4724 596 4789 ssisse;
630 4728 691 4778 ut
721 4725 917 4790 etiam,
949 4741 1071 4795 quas
1119 4725 1178 4780 in
1236 4724 1630 4797 superioribus
1685 4723 1977 4796 computis
2037 4724 2445 4782 desiderantur
2486 4728 2556 4782 ad
2607 4728 2984 4799 complendas
3042 4746 3297 4787 summas
3353 4738 3503 4796 octo,
3541 4736 3605 4788 et
3638 4730 3769 4787 deiao

383 4830 521 4887 ceps
547 4817 766 4886 septem
800 4810 1116 4883 litrarum].
1148 4815 1345 4870 Fiebat
1398 4821 1590 4869 autem
1643 4813 1971 4870 distributio
2030 4816 2323 4887 octoginta
2380 4818 2811 4873 numismatum
2869 4818 3279 4889 obsequiorum
3335 4821 3566 4893 patricii
3605 4818 3772 4878 sic.”

1438 4948 1641 5004 JOAN.
1672 4947 1813 5005 JAC.
1848 4948 2111 5006 REISKII
2142 4948 2733 5008 COMMENTARIUS.

458 5078 572 5149 (34)
604 5068 1039 5149 Ἐπισκοπιανοί.
1063 5070 1218 5149 _Sunt
1247 5071 1495 5149 ministri
1542 5072 2029 5146 chartephylacis,

392 5142 521 5205 ideo
552 5142 705 5219 Quod
739 5142 1156 5219 chartophyla;
1196 5142 1883 5219 patriarchaa,_quatenus
1915 5142 2039 5218 epi-

394 5215 586 5290 scopi,
607 5222 762 5290 vices
812 5216 977 5288 gerit,
1011 5216 1224 5290 etejus
1281 5215 1791 5290 episcopaliajura
1843 5215 2041 5273 omnia

396 5285 640 5348 exercet.
672 5285 1139 5359 Hanc—sententia1
1156 5291 1257 5359 est,
1286 5285 1458 5340 Goari
1489 5286 1561 5340 ad
1605 5287 1808 5344 Codin.
1842 5306 1897 5359 p.
1934 5292 1992 5345 11
2025 5307 2039 5357 ;

396 5362 507 5419 vid.
542 5362 628 5417 Du
659 5364 847 5429 Cange
878 5358 1068 5415 Gloss.
1102 5356 1204 5415 Gr.
1245 5355 1303 5412 h.
1334 5371 1391 5413 ν.

466 5434 579 5503 (13)
614 5432 677 5488 in
710 5426 806 5485 his
832 5429 1134 5503 desinebat
1178 5429 1412 5502 pagina.
1446 5426 1647 5483 Palam
1699 5434 1808 5497 est,
1842 5436 2044 5488 secuta

401 5502 541 5564 olim
573 5503 752 5560 fuisse
779 5502 1071 5574 quedam,
1111 5517 1239 5574 quas
1286 5505 1388 5556 aut
1417 5515 1717 5574 nunquam
1745 5518 1779 5557 a
1810 5503 2045 5561 librario

404 5585 632 5635 exarata
690 5569 938 5641 fuerunt,
969 5578 1071 5628 aut
1112 5569 1262 5629 malo
1318 5586 1453 5629 casu
1511 5569 1703 5628 ablata
1758 5582 1915 5643 sunt,
1946 5579 2045 5631 aut

2145 5090 2438 5158 nunquam
2463 5075 2691 5158 illigata
2726 5076 2863 5158 huic
2902 5079 3239 5158 codici.1_§go
3254 5081 3553 5158 sepedum
3579 5082 3773 5158 deside

2142 5147 2224 5201 rio
2242 5147 2433 5217 pluriu
2446 5164 2501 5223 m
2517 5154 2675 5204 tento
2690 5147 3583 5223 ultimamrmembranammujus
3597 5154 3767 5211 antica

2142 5233 2274 5288 pars
2307 5221 2523 5295 munda
2564 5224 2707 5287 erat,
2741 5221 2931 5276 inveni
2964 5222 3021 5277 in
3064 5224 3303 5295 postica,
3337 5221 3529 5295 ligneo
3566 5225 3765 5281 involu-

2141 5304 2239 5344 cro
2270 5290 2655 5371 agglutinata,
2674 5290 3221 5371 l'ragmentum'hoc,
3246 5290 3482 5350 initium
3505 5296 3765 5371 elegantis

2142 5362 2407 5439 opusculi
2426 5367 2487 5439 _et
2505 5362 2689 5439 magni
2712 5364 2981 5439 faciendi,
3005 5366 3055 5420 si
3079 5370 3269 5421 totum
3301 5372 3553 5439 exstaret
3574 5362 3762 5439 fquod,

2145 5432 2379 5515 ne‘quid
2426 5432 2822 5515 h_ujus’operi_s
2853 5452 2956 5507 per
2992 5453 3084 5493 me
3117 5438 3343 5508 periret,
3376 5438 3547 5508 quale
3579 5432 3767 5502 in'vsni,

2147 5503 2582 5573 subjiciendum
2615 5503 2830 5561 curavi.
