3972 6214
87 368 316 429 1445

808 506 1068 561 ΚΕΦᾹΛ.
1111 505 1226 560 NZ'.

400 597 711 666 συνηθειῶν
777 597 887 649 τῶν
971 594 1348 666 πραιποσίτων
1442 592 1494 647 ἐν
1568 595 1635 666 τῇ
1701 592 1844 664 τάξαι

750 670 847 720 τού
887 662 1284 740 ἱπποδρομίου.

208 756 606 830 Ἐπειδήπερ
637 761 798 811 πᾶσιν
827 756 1140 830 πρόκεινται
1180 757 1214 824 ἡ
1248 762 1350 825 τῆς
1402 760 1636 830 τερπνῆς
1680 755 1847 809 ἱππο-

111 849 424 924 δρομίας
484 846 838 927 χαρμόσυνος
881 845 973 909 θὲα
1020 846 1110 900 καὶ
1163 840 1394 922 ἀκριϐὴς
1442 849 1548 900 τῶν
1608 844 1660 898 ἐν
1709 844 1846 916 αὐτῇ

124 937 479 1018 διαφόρων
537 936 736 1006 τάξεων
782 934 1112 1009 ἐνάρμοστος
1160 935 1344 1010 χωρία
1403 936 1492 990 καὶ
1543 942 1848 1006 σύμπνοια·-

126 1026 232 1082 δεῖ
271 1028 531 1088 πάντως
561 1027 651 1080 καὶ
683 1025 888 1095 ταύτην
929 1025 1269 1098 ἀνάγραπτον
1319 1030 1440 1085 ταῖς
1490 1023 1564 1083 εἰς
1614 1024 1672 1076 τὸ
1723 1023 1846 1092 ἑξῆς

125 1125 391 1196 γενεαῖς
464 1123 785 1174 καταλιπεῖν
848 1116 1216 1188 σημαίνουσαν
1265 1117 1363 1183 τήν
1411 1110 1631 1168 ἕκαστον
1672 1113 1847 1168 αύτων

129 1211 431 1279 τοπικὴν
493 1207 765 1280 σημασίαν
819 1206 908 1260 καὶ
962 1206 1250 1278 σχήματος
1305 1201 1617 1277 ἐναλλαγὴν
1664 1202 1706 1269 ⁷,
1755 1203 1845 1258 καὶ

137 1299 400 1367 ὁπόσην
436 1294 665 1358 ἕκαστος
723 1292 898 1350 αὒτῶν
950 1292 1037 1348 ἐπὶ
1089 1292 1146 1346 ὅν
1203 1293 1591 1347 κατατάσσεται
1637 1295 1658 1328 ⁸
1704 1292 1846 1360 κλῆ-

140 1408 256 1462 ρον
325 1381 757 1442 καταϐάλλεται
813 1387 929 1444 τοῖς
986 1382 1366 1455 πραιποσίτοις
1412 1384 1512 1450 τήν
1561 1383 1844 1450 συνήθειαν

148 1479 238 1538 ὡς
276 1472 532 1552 ἔχοντες
585 1476 760 1530 αὐτῶν
809 1475 908 1542 τὴν
959 1479 1132 1528 πᾶσαν
1181 1470 1419 1541 ἐξουσίαν
1465 1471 1555 1524 καὶ
1606 1470 1846 1540 εὐταξίας

142 1561 429 1637 διάταξιν
499 1563 588 1618 καὶ
647 1560 1083 1636 ἀπαραλλάκτως
1141 1565 1259 1620 τοῖς
1326 1558 1581 1633 ἀρχαίοις
1645 1561 1838 1621 τύποις

147 1653 673 1724 ἐξακολουθοῦσιν.
732 1652 835 1709 Καὶ
882 1652 983 1726 γάρ
1035 1649 1110 1710 ὡς
1176 1649 1282 1704 ἀπὸ
1330 1647 1568 1704 παλαιοῦ
1632 1647 1839 1722 ἐκράτει

150 1746 191 1812 ἡ
257 1745 565 1814 συνήθεια,
626 1741 920 1814 ἐξηύρηται
978 1737 1033 1794 δὲ
1084 1739 1172 1792 καὶ
1233 1738 1369 1810 μετά
1422 1742 1588 1793 ταῦτα
1645 1736 1733 1792 ἐπί
1781 1759 1840 1793 τε

149 1835 390 1909 Ἰωσὴφ
425 1829 792 1901 πραιποσίτου
841 1829 952 1901 (14)
998 1832 1095 1882 τοῦ
1137 1829 1394 1902 γέροντος
1437 1828 1524 1882 καὶ
1573 1832 1681 1882 τῶν
1731 1828 1837 1902 πρὸ

103 596 288 672 Ῑιερὶ

160 1886 376 1989 αὖτούζ
413 1886 502 1981 οἷς
550 1920 645 1974 καὶ
706 1886 1029 1990 ἐπέπρακτο.
1081 1886 1162 1975 To.
1205 1886 1316 1993 ιγὰρ
1374 1917 1704 1992 ἀκρόστιχον
1745 1886 1844 1986 της
1875 1886 1923 1952 Β

170 2009 361 2086 ῥόγας
390 2014 505 2063 τῶν
535 2007 836 2063 πολιτικῶν
877 2009 1077 2077 τάξεων
1112 2011 1208 2062 τοῦ
1253 2003 1626 2080 ἱπποδρομίου
1673 2005 1846 2080 mp.

171 2093 354 2152 ϐανον
390 2099 445 2152 οἱ
488 2098 848 2170 πραιπὸσιτοι
894 2095 952 2152 ἐκ
990 2101 1085 2151 τοῦ
1134 2094 1337 2151 εἰδικοῦ
1385 2091 1574 2171 λόγου,
1625 2090 1844 2171 ἔχοντες

172 2188 314 2261 παρ’
351 2188 577 2247 ἑαυτοῖς
627 2185 678 2240 ἓν
725 2183 961 2256 κώδηξιν
1005 2186 1100 2248 τάς
1148 2187 1322 2255 τάξεις
1372 2187 1487 2239 κατ’
1533 2181 1706 2257 ὄνομα
1756 2185 1846 2239 καὶ

169 2279 228 2333 ἒν
265 2283 353 2350 τῷ
395 2276 538 2351 οἴκῳ
590 2277 766 2332 αὐτῶν
823 2277 1102 2352 ἒρόγευον,
1152 2274 1573 2351 λογαριάζοντες
1621 2274 1842 2331 ἕκαστον

183 2369 266 2440 μή
318 2367 552 2440 ἀμελῶς
606 2365 906 2421 διακεῖσθαι
971 2367 1106 2439 πρὸς
1173 2367 1271 2432 τήν
1341 2363 1593 2420 δουλείαν
1659 2364 1844 2432 αὐτοῦ,

173 2459 370 2522 καθὼς
406 2458 459 2512 οἱ
491 2462 597 2512 τῶν
649 2454 744 2511 δύο
799 2461 978 2529 μερῶν
1034 2454 1433 2531 χαρτουλάριοι
1485 2457 1600 2527 μετ’
1649 2453 1844 2529 ἐγγρά-

181 2567 291 2622 φου
330 2543 636 2622 ἀσφαλείας
681 2543 912 2605 τούτους
962 2539 1325 2599 ὑπεδείκνυον.
1379 2543 1476 2596 Καὶ
1525 2542 1576 2598 ἐν
1627 2543 1842 2605 τούτοις

184 2640 321 2688 πᾶσι
353 2641 474 2696 τοῖς
529 2633 736 2702 τάξεσιν
784 2631 836 2687 εἷ’
887 2653 1034 2693 τινας
1090 2631 1350 2704 ηὕρισκον
1394 2629 1842 2702 τελευτήσαντας,

185 2723 527 2778 κατέτασσον
601 2723 915 2794 ἀνθετέρους
992 2716 1235 2795 ἀκριϐεῖς
1317 2720 1407 2775 καὶ
1500 2718 1843 2791 ἐπιτηδείους

185 2812 328 2885 πρὸς
365 2814 432 2881 ἢν
481 2807 702 2872 ἕκαστος
760 2811 936 2865 αὐτῶν
1005 2808 1254 2865 ἐτάσσετο
1309 2811 1478 2882 τάξιν.
1535 2811 1839 2881 Χαυνότητι

194 2902 376 2955 τοίνυν
432 2906 539 2955 τῶν
603 2900 736 2972 μετά
790 2903 954 2954 ταῦτα
1016 2898 1391 2970 πραιποσίτων
1467 2898 1734 2972 μετῆλθεν
1804 2903 1838 2969 ἡ

193 2987 502 3064 διαγατοχή
553 2993 659 3043 τῶν
713 2987 978 3044 τοιούτων
1025 2990 1223 3057 τάξεων
1275 2987 1354 3049 εἲς
1409 2988 1470 3042 τὸ
1520 3007 1841 3062 στρατιωτι-

191 3078 286 3132 κὸν
319 3076 667 3151 λογοθέσιον,
694 3077 781 3130 καὶ
814 3075 991 3152 χωρὶς
1025 3078 1252 3153 γνώμης
1301 3080 1409 3130 τῶν
1461 3077 1836 3151 πραιποσίτων

182 3164 234 3219 οἷ
291 3186 348 3220 τε
405 3163 810 3241 χαρτουλάριοι
867 3166 959 3218 καὶ
1027 3167 1055 3220 ὁ
1111 3166 1504 3237 στρατιωτικὸς
1549 3167 1837 3220 τάσσουσιν

1017 364 1120 425 DE
1164 361 1631 424 CERIMONIIS
1677 361 1912 424 AUL/E
1953 358 2434 424 BYZANTIN/E
2479 363 2631 425 LIB.
2675 365 2754 426 II.

1874 506 1926 570 Α

3441 376 3590 437 1446

2466 505 2616 559 467
2659 503 2888 560 CAPUT
2932 505 3086 562 LVII.

2120 594 2196 650 De
2223 593 2712 650 consuetudinibus
2740 596 3122 665 praefectorum
3150 599 3208 654 in
3241 601 3434 660 ordino

2593 666 2960 736 hippodromi.

2032 760 2176 815 Cum
2209 761 2488 816 omnibus
2518 764 2718 815 notum
2751 761 2830 816 sit
2858 760 3048 817 dulcis
3078 761 3446 832 hippodromi
3471 789 3602 841 ενα.

1959 852 2086 904 tum
2118 849 2520 921 spectaculum
2549 855 2724 921 atque
2746 855 3017 906 accurata
3049 868 3153 908 nec
3177 870 3293 910 non
3322 863 3455 928 apta
3488 877 3593 916 va-

1959 939 2180 994 riorum
2197 939 2324 1009 ejus
2336 940 2610 994 ordinum
2632 939 2976 997 vicissitudo
2998 946 3054 996 et
3073 941 3378 1000 harmonia
3403 948 3595 1017 :juvat

1958 1028 2200 1083 omnino
2231 1029 2403 1082 etiam
2441 1027 2586 1082 hanc
2631 1029 2878 1098 posteris
2924 1031 3202 1100 scriptam
3256 1035 3482 1092 tradere
3539 1044 3596 1095 et

1956 1117 2215 1186 cujusvis
2247 1116 2438 1172 locum
2471 1133 2538 1172 ac
2557 1117 2788 1172 habitus
2812 1119 3188 1175 mutationem
3230 1121 3509 1194 indicare,
3539 1135 3595 1184 et

1956 1221 2086 1276 quas
2105 1204 2290 1260 cuivis
2312 1206 2642 1276 praeposito,
2665 1205 2986 1260 secundum
3011 1207 3198 1262 locum
3215 1226 3391 1282 quem
3414 1217 3589 1282 tenet,

1956 1292 2292 1362 imponatur
2313 1295 2696 1360 consuetudo,
2711 1294 2996 1366 siquidem
3014 1311 3106 1351 om
3118 1297 3454 1356 nisillorum
3470 1319 3595 1360 cur-

1958 1398 2131 1437 suum
2165 1381 2472 1438 arbitrium
2493 1399 2560 1438 ac
2580 1383 2880 1453 dispositio
2903 1385 2974 1440 ad
2998 1387 3296 1454 praefectos
3321 1392 3590 1464 pertinet,

1955 1471 2036 1526 ita
2088 1475 2154 1526 ut
2184 1487 2376 1528 mores
2426 1473 2499 1527 ab
2541 1473 2801 1543 antiquis
2831 1473 3075 1531 traditos
3105 1478 3270 1548 sequi
3302 1480 3572 1538 debeant.

1952 1562 2450 1627 Quemadmodum
2481 1561 2635 1617 enim
2653 1565 3010 1619 consuetudo
3041 1564 3179 1621 olim
3212 1567 3479 1636 invaluit,
3511 1573 3592 1628 ita

1954 1649 2129 1705 etiam
2156 1650 2264 1706 sub
2279 1650 2535 1721 Josepho
2564 1652 2828 1722 praefecto
2858 1653 3085 1708 seniore
3133 1655 3380 1728 ejusque
3424 1664 3592 1716 ante-

1953 1739 2286 1795 cessoribus
2317 1739 2567 1811 perrexit
2606 1744 2780 1814 atque
2813 1739 3002 1796 valida
3040 1743 3168 1798 fuit.
3202 1748 3588 1807 Acrostichon

1953 1829 2131 1898 enim,
2164 1845 2279 1900 quo
2305 1829 2479 1885 series
2511 1828 2878 1900 politicorum
2923 1830 3287 1903 hippodromi
3317 1837 3590 1894 ordinum

1955 1917 2381 1982 continebatur,
2405 1917 2652 1986 preteeti
2686 1918 3105 1988 depromebant
3146 1938 3179 1976 e
3213 1923 3496 1996 singulari
3525 1927 3598 1982 li-

1955 2005 2131 2073 bello,
2153 2006 2560 2077 habebantque
2580 2006 2639 2061 in
2662 2007 2962 2064 codicibus
2984 2011 3219 2067 ordines
3246 2015 3595 2072 nominatim

1954 2095 2274 2165 descriptos
2307 2096 2581 2166 domique
2611 2096 3051 2168 dispertiebant.
3103 2104 3282 2158 Porro
3331 2105 3598 2176 singulos

1955 2184 2205 2251 ordines,
2240 2183 2318 2238 uti
2351 2184 2599 2238 duarum
2634 2185 2883 2255 partium
2907 2187 3242 2244 chartularii
3267 2194 3594 2250 secundum

1955 2273 2354 2332 recensionem
2387 2272 2698 2345 diligenter
2728 2282 3022 2331 exaratam
3075 2277 3204 2333 illos
3251 2281 3590 2349 evocabant,

1954 2367 2020 2417 ut
2051 2379 2268 2418 munus
2299 2379 2470 2418 suum
2520 2367 2757 2419 strenue
2806 2363 3058 2432 obirent,
3108 2367 3587 2426 exhortabantur.

1954 2451 2153 2507 Sicubi
2186 2455 2374 2506 autem
2408 2451 2649 2522 quidam
2682 2467 2748 2508 ex
2781 2451 2875 2508 his
2897 2454 3173 2510 omnibus
3197 2457 3502 2514 ordinibus
3522 2459 3596 2515 ad

1953 2540 2128 2596 ﬁnem
2163 2544 2566 2612 pervenerant,
2598 2541 2842 2612 praefecti
2872 2541 3037 2607 alios,
3081 2546 3400 2602 secundum
3444 2548 3596 2603 ordi-

1955 2645 2090 2685 nem
2105 2646 2221 2701 quo
2233 2631 2480 2701 quisque
2494 2631 2823 2697 tenebatur,
2848 2631 3047 2686 subire
3051 2634 3361 2703 jubebant.
3388 2636 3596 2693 Verum

1953 2719 2247 2775 enimvero
2277 2719 2763 2789 subsequentium
2797 2721 3204 2790 praefectorum
3243 2725 3600 2796 negligentia

1952 2808 2168 2863 factum
2199 2812 2309 2873 est,
2331 2813 2393 2865 ut
2422 2809 2731 2880 imperium
2764 2808 2971 2866 horum
2995 2812 3264 2868 ordinum
3285 2814 3358 2870 ad
3377 2814 3598 2870 milita—

1949 2913 2072 2953 rem
2097 2905 2437 2968 potestatem
2460 2897 2897 2965 transferretur,
2921 2900 3002 2954 ita
3024 2906 3110 2964 ut,
3128 2902 3414 2973 praefectis
3437 2910 3593 2976 post-

1951 2987 2185 3055 habitis,
2209 2986 2545 3041 chartularii
2567 2995 2738 3058 atque
2766 2987 3018 3045 militum
3039 2991 3150 3045 dux
3165 3008 3301 3048 suos
3323 2993 3594 3050 homines

1948 3092 2051 3148 pro
2081 3074 2270 3130 lubitu
2299 3074 2676 3146 disponerent
2705 3080 2762 3131 et
2789 3079 3092 3134 turmatim
3126 3081 3394 3151 progredi
3420 3083 3587 3152 jube-

1946 3174 2092 3234 rent,
2110 3165 2522 3222 nullaomnino
2537 3169 2868 3224 communis
2887 3171 3166 3239 _muneris
3205 3173 3462 3228 obeundi
3501 3191 3594 3228 ra-

191 3252 424 3316 εἷδικοῦς
456 3255 633 3308 αύτῶν
677 3255 1000 3326 ἀνθρώπους
1049 3249 1466 3322 ἀναϐιϐάζοντες
1510 3255 1606 3316 τὰς
1656 3255 1832 3308 αὐτῶν

1955 3258 2099 3314 tione
2124 3257 2338 3314 habita.
2371 3262 2596 3326 Quos...
2630 3264 2922 3330 oportet...
2975 3262 3253 3318 removeri
3299 3281 3334 3318 a
3381 3265 3591 3335 prtere-

195 3343 358 3420 ῥόγας
397 3344 472 3406 ὡς
502 3344 565 3398 ἄν
615 3341 892 3410 ἐθέλωσιν,
945 3339 1198 3406 δουλείας
1244 3344 1372 3417 παρ’
1414 3343 1593 3397 αὐτῶν
1645 3343 1720 3404 είς
1770 3345 1832 3398 τὸ

185 3433 357 3486 κεινὸν
383 3431 444 3486 τὸ
484 3431 733 3505 παράπαν
782 3433 858 3504 μή
891 3430 1207 3504 γινομένης.
1243 3430 1351 3493 Οῧς
1395 3473 1408 3486 .
1455 3475 1468 3487 .
1515 3473 1528 3487 .
1572 3434 1683 3505 χρὴ
1733 3451 1832 3484 κα-

197 3523 284 3596 τᾶρ
328 3566 340 3579 .
385 3565 397 3580 .
443 3567 455 3579 .
522 3544 581 3578 αν
629 3527 736 3577 τῶν
786 3522 1160 3596 πραιποσίτων
1206 3521 1514 3590 ἐξωθεῖσθαι
1564 3523 1659 3574 τοὸ
1704 3521 1832 3595 τάγ-

218 3625 379 3682 ματος
409 3612 482 3674 εἷς
512 3612 540 3665 ὅ
572 3610 942 3668 δουλεύουσιν.
981 3612 1078 3665 Καὶ
1110 3608 1214 3664 ἀπὸ
1246 3615 1343 3664 τοῦ
1392 3613 1482 3662 νῦν
1543 3607 1626 3663 δεῖ
1672 3608 1836 3664 πάλιν

206 3702 319 3758 τοῖς
362 3698 734 3764 πραιποσίτοις
794 3702 962 3752 ταῦτα
1017 3699 1268 3772 κατέχειν
1321 3697 1408 3751 καί
1467 3696 1837 3769 διορθοῦσθαι,

206 3786 290 3839 καὶ
332 3787 518 3858 μηκέτι
553 3787 692 3857 μήτε
722 3786 814 3839 τὸν
845 3787 1238 3859 στρατιωτικὸν
1269 3786 1304 3854 ἢ
1343 3787 1469 3846 τοὺς
1520 3786 1841 3859 χάρτουλα-

213 3876 352 3951 ρίους
397 3875 484 3929 καὶ
540 3873 826 3947 νοταρίους
876 3873 928 3929 ἐν
986 3873 1201 3944 ἐξουσία
1260 3877 1395 3929 εἶναι
1482 3876 1694 3929 τάσσειν
1755 3875 1845 3951 ἀφ’

230 3968 418 4019 ιαυτῶν
449 3965 539 4018 τὸν
571 3964 785 4018 οἱονοῦν
818 3961 914 4020 ἐν’.

1943 3355 2162 3401 ctorum
2197 3362 2440 3402 munere
2482 3364 2598 3418 quo
2657 3347 3002 3420 funguntur.
3037 3350 3120 3405 Ita
3174 3351 3248 3406 ab
3296 3351 3406 3408 hoc
3449 3353 3586 3409 inde

1941 3443 2199 3508 tempore
2233 3436 2422 3492 denuo
2442 3437 2698 3508 praefecti
2721 3437 2841 3492 haec
2858 3439 3185 3509 gubernare
3203 3444 3378 3513 atque
3407 3442 3594 3496 admi-

1943 3523 2193 3581 nistrare
2223 3526 2458 3592 debent,
2491 3542 2676 3595 neque
2713 3527 2969 3598 amplius
2999 3527 3132 3584 licet
3165 3530 3400 3586 tribuno
3432 3531 3592 3586 mili-

1944 3613 2070 3667 tum
2102 3618 2205 3668 aut
2249 3613 2621 3670 chartulsriis
2665 3616 2977 3672 notariisve
3024 3617 3186 3674 illam
3239 3623 3587 3690 potestatem

1945 3714 2227 3765 exercere,
2259 3715 2446 3770 neque
2478 3717 2586 3758 suo
2616 3703 2861 3760 arbitrio
2877 3705 3188 3777 disponere
3211 3707 3589 3778 qualemcun-

1951 3803 2220 3858 quein”.

1537 4109 1776 4166 VARI/ﬁ
1825 4110 2242 4170 LECTIONES.

280 4237 297 4272 "
325 4234 626 4308 ἐναλλαγεῖν
659 4236 787 4292 cod.
819 4239 877 4292 et
903 4237 996 4293 ed.
1071 4235 1093 4270 ⁸
1122 4234 1441 4288 κατάσσεται
1475 4235 1602 4291 cod.
1635 4240 1690 4291 et
1720 4236 1809 4291 ed.

1203 4368 1404 4424 JOAN.
1446 4369 1587 4425 JAC.
1644 4367 1900 4424 REISKII
1953 4368 2546 4430 COMMENTARIUS.

283 4512 381 4578 (li)
408 4513 600 4595 ’ίωσὴρ
641 4512 961 4595 «Serpentem
1007 4511 1287 4595 Quisnam
1322 4510 1400 4566 sit
1449 4509 1547 4593 ille
1590 4511 1836 4595 Joseph.
1871 4513 1915 4579 Ι)
1952 4509 2043 4570 hic
2061 4512 2454 4595 cerimonialins
2478 4514 2918 4595 multumgaetate
2941 4520 3305 4595 constantini
3341 4523 3600 4595 Porphy-

226 4583 556 4652 praapositus,
589 4583 691 4653 qui
741 4583 835 4638 hic
875 4589 1388 4649 commemoratur,
1423 4584 1557 4653 quis
1596 4589 1686 4638 est
1734 4585 1832 4654 qui

227 4653 451 4709 dixerit?
481 4654 644 4709 Forte
674 4660 763 4709 est
791 4655 983 4724 Ioseph
1016 4653 1276 4722 Bringas,
1307 4656 1379 4708 de
1421 4671 1534 4723 quo
1582 4656 1698 4710 vid.
1735 4653 1777 4710 Ι.
1816 4673 1832 4710 ι

229 4741 337 4795 cap.
363 4725 442 4779 96.
473 4724 582 4780 Sed
614 4727 826 4781 debent
855 4727 1057 4780 eodem
1111 4730 1371 4796 tempore
1410 4726 1525 4781 duo
1574 4726 1830 4781 eunuchi

229 4796 432 4850 Joseohi
462 4797 692 4850 nomine
713 4797 772 4850 in
795 4797 922 4850 aula
948 4798 1265 4850 szantina
1293 4798 1492 4850 fuisse.
1519 4797 1588 4850 de
1619 4814 1730 4850 auo
1753 4800 1830 4850 vi-

229 4796 432 4866 Josephi
462 4797 692 4852 nomine
713 4797 772 4852 in
795 4797 922 4852 aula
948 4798 1265 4867 Byzantina
1293 4798 1492 4864 fuisse,
1519 4797 1588 4852 de
1619 4814 1730 4869 quo
1753 4800 1832 4854 vi-

234 4868 468 4924 dendum.
501 4868 559 4924 Si
594 4885 725 4924 vera
757 4874 845 4926 est
873 4872 1209 4939 conjectura
1237 4883 1385 4937 mea,
1417 4869 1590 4924 debet
1647 4870 1829 4926 codex

1979 4587 2254 4664 ogenneti
2307 4586 2552 4664 senioris
2603 4593 2662 4664 et
2702 4591 3003 4664 Nicephori
3062 4591 3264 4648 Phocea
3307 4586 3594 4664 posterior

1941 4673 2095 4737 esse.
2133 4660 2278 4737 Nam
2312 4657 2684 4737 reprehendit
2715 4657 3020 4737 mollitiem
3052 4669 3110 4718 et
3138 4657 3445 4737 segnitiem
3478 4670 3587 4720 τῶν

1947 4727 2088 4812 μετά
2123 4727 2290 4812 ταῦτα
2322 4727 2719 4799 πραιποσίτων,
2753 4736 3180 4804 ρνιτροδίιοηιτη
3205 4727 3324 4794 “illo
3365 4738 3596 4810 Joupho

1943 4808 2342 4875 posteriorum.
