4156 6440
218 20 421 85 κζζ

158 148 393 195 κῆ--γ
2445 164 2450 170 .

212 214 322 266 Li;

192 306 359 386 ἱξ-

164 417 3195 525 W
230 484 290 493 h-
449 484 452 485 ν
1319 469 1353 474 _
1388 467 1546 476 ’,ν-...-
1575 469 1584 471 _
1615 466 1620 469 μ
1763 460 2058 469 ______.___
2356 462 2599 470 __.‘*__
2636 461 2721 467 ,,.,.
2803 453 2868 460 ν-
2933 450 3110 458 ε--·ν”-ν·“
3150 452 3160 456 -
3200 419 3349 466 ._
3295 451 3332 458 ~—

286 772 325 787 ..
646 696 1271 792 EDITORUM
1364 691 2160 785 PA't‘aOLoct/e
2221 685 2889 775 veterano.

215 1188 268 1250 Δ
302 1183 581 1265 pueritia
615 1184 678 1243 in
710 1177 943 1240 litteris
977 1174 1174 1238 sacris
1208 1180 1271 1235 et
1303 1171 1587 1251 profanis
1618 1169 1952 1231 institutus
1971 1168 2428 1232 Constantinus
2454 1165 3129 1265 Porphyrogennetus,
3167 1162 3394 1223 Leonis

138 1261 470 1360 Sapientis
519 1278 691 1340 ﬁlius
751 1283 811 1336 et
842 1275 1169 1343 alumnus,
1206 1270 1388 1350 plura
1452 1283 1647 1346 quam
1678 1275 1853 1345 pater
1881 1266 2081 1327 edidit
2111 1264 2437 1325 volumina
2464 1308 2478 1333 ,
2512 1264 2749 1342 quibus
2782 1276 3032 1320 summa
3062 1261 3201 1337 ejus
3231 1278 3387 1320 eru-

136 1357 300 1439 ditio
328 1385 390 1438 et
434 1377 657 1452 ingens
715 1373 1070 1435 litterarum
1097 1383 1277 1428 amor
1304 1364 1568 1426 miriﬁce
1629 1364 2031 1424 elucescuut.
2093 1361 2295 1440 Major
2352 1368 2558 1419 tamen
2619 1357 3003 1452 scriptorum
3054 1359 3193 1432 ejus
3250 1372 3393 1433 pars

136 1472 302 1533 circa
332 1450 712 1551 argumenta
773 1463 1033 1544 profana
1090 1470 1411 1529 versatur;
1496 1458 1709 1519 minor
1776 1474 1918 1535 pars
1999 1464 2381 1536 argumenta
2432 1454 2679 1517 ordinis
2737 1450 2998 1513 moralis
3074 1451 3173 1511 vel
3231 1455 3390 1511 sacri

138 1576 384 1628 tractat.
650 1636 653 1637 ν

216 1659 453 1721 Odaria
518 1656 893 1727 catanuctia,
930 1672 1075 1733 quae
1128 1652 1195 1712 in
1253 1669 1441 1712 usuiu
1477 1649 1775 1711 Ecclesia}
1811 1646 2341 1727 composuit,jam
2378 1645 2707 1706 edidimus
2738 1659 2883 1704 cum
2919 1642 3174 1720 scriptis
3209 1642 3394 1703 litur-

134 1756 295 1835 gicis
331 1756 526 1834 patris
556 1756 717 1833 ejus,
749 1751 1132 1830 Patrologia:
1194 1758 1364 1812 tomo
1400 1745 1576 1819 CVII,
1622 1756 1759 1824 pag.
1798 1736 1934 1798 299.

215 1852 568 1913 Homiliam
596 1852 673 1912 de
701 1846 1116 1909 translatione
1141 1845 1563 1923 reliquiarum
1598 1841 1796 1903 sancti
1834 1839 2103 1901 Joannis
2159 1838 2628 1916 Cbrysostomi,
2659 1854 2851 1916 quam
2884 1842 3136 1898 exstare
3166 1837 3397 1897 asserit

137 1950 438 2021 Allatius,
474 1950 561 2007 De
588 1947 957 2024 Symeonum
984 1943 1266 2020 scriptis,
1304 1942 1529 2017 p.111,
1562 1958 1686 2017 ιιι-ω
1723 1936 2024 1998 manibus
2056 1952 2183 1997 non
2224 1936 2559 1997 habemus.

214 2045 546 2102 Habemus
584 2049 794 2102 autem
854 2038 1187 2100 bomiliam
1228 2036 1367 2113 ejus
1404 2036 1487 2094 De
1518 2033 1936 2095 translatione
1975 2035 2273 2111 imaginis
2297 2033 2645 2101 Edessemr,
2673 2046 2704 2091 a
2747 2028 3131 2090 Combefisio
3158 2028 3390 2090 editam

138 2138 198 2199 in
232 2139 484 2215 Manip.
519 2156 729 2197 rerum
774 2132 1455 2211 Constantinop.ﬂanc
1482 2151 1512 2190 δ
1547 2130 2587 2208 ConstantinoPorpliyrogenneto
2627 2128 2926 2202 scriptam
2963 2126 3165 2186 fuisse
3194 2125 3379 2187 dubi.

132 2242 353 2295 tarunt
399 2231 725 2303 nonnulli,
764 2230 874 2308 qui
915 2245 1051 2290 eam
1086 2229 1198 2290 uni
1230 2246 1309 2289 ex
1336 2229 1789 2289 sucr-ssoribus
1829 2224 2230 2287 Constantini
2271 2224 2674 2285 tribuendam
2720 2240 2859 2283 esse
2914 2222 3389 2284 existimarunt.

137 2336 211 2390 At
273 2345 636 2407 perperam.
692 2329 781 2387 Ex
818 2325 1086 2386 historia
1117 2326 1292 2386 enim
1372 2323 2088 2403 Const.iritin0politatta
2120 2328 2363 2383 constat
2402 2320 2748 2399 imaginem
2782 2321 3169 2380 Edessenam
3221 2337 3392 2382 anno

137 2426 392 2488 Domini
434 2425 549 2485 955's
578 2420 1203 2498 Constantinopolim
1242 2419 1443 2481 fuisse
1474 2422 1866 2489 translatam,
1899 2428 1961 2481 et
1995 2419 2324 2479 homiliam
2365 2417 2479 2478 hac
2530 2416 2867 2479 oceasione
2920 2417 3244 2477 recitatam
3306 2419 3384 2477 ab

134 2525 528 2596 imperatore
591 2520 711 2579 (ΞΡ.
761 2516 961 2578 fuisse
1032 2516 1474 2593 compositam.
1532 2519 1725 2578 Porto
1799 2531 1969 2577 anno
2018 2515 2134 2574 9M
2193 2514 2411 2574 nullus
2480 2514 2827 2591 imperator
2906 2513 3019 2575 (ΞΡ.
3091 2516 3394 2592 regnabat

136 2628 363 2693 praeter
398 2614 933 2686 Constantinum;
982 2612 1122 2690 ipse
1157 2612 1379 2688 igitur,
1433 2621 1493 2673 et
1540 2630 1665 2672 non
1705 2613 1893 2683 alius,
1947 2612 2140 2690 hujus
2172 2609 2453 2670 homiliaa
2483 2618 2710 2669 auctor
2743 2608 3074 2669 habendus
3113 2620 3230 2670 est.

206 2710 482 2773 Novellte
514 2710 1015 2771 Constitutiones
1048 2707 1479 2779 Constantini,
1504 2706 1639 2768 fere
1671 2724 1922 2778 omines,
1956 2703 2319 2783 argumenti
2359 2704 2522 2765 sacri
2561 2720 2675 2764 seu
2710 2704 3128 2764 ecclesiastici
3192 2716 3335 2765 sunt
3374 2728 3392 2775 ;

130 2823 201 2867 ac
236 2805 507 2883 proinde
543 2805 645 2864 bic
698 2804 1058 2881 repetendae
1101 2802 1387 2863 fuerunt.
1437 2804 1637 2864 7’rima
1671 2813 1933 2865 vocatur
1990 2820 2025 2864 a
2070 2803 2305 2863 Graecis
2335 2803 2559 2862 Tomus
2623 2801 2914 2870 Unionis,
2993 2802 3144 2880 quia
3202 2801 3390 2863 linem

135 2902 452 2980 imposuit
506 2900 833 2962 schismati
873 2899 937 2959 in
971 2900 1142 2959 clero
1197 2899 1494 2958 orientui
1537 2907 1756 2961 exorto
1818 2903 1900 2960 ob
1953 2909 2213 2976 quartas
2269 2899 2533 2976 nuptias
2594 2897 2829 2957 Leonis
2885 2897 3228 2975 Sapientis.
3317 2900 3387 2959 lu

134 3014 329 3071 Opere
371 2999 453 3056 lle
496 2994 853 3055 cerimoniis
906 2992 1066 3052 aula
1090 2992 1480 3070 Byzantina,
1512 2992 1621 3055 lib.
1659 3014 1702 3068 ι,
1736 3000 1937 3073 capite
1969 2997 2077 3067 36,
2114 2997 2415 3072 leguntur
2445 2994 2844 3055 Obseruando
2888 2996 2954 3055 in
2991 2996 3392 3072 processione

132 3096 396 3155 unionis
426 3090 739 3161 Ecclesia»,
772 3109 881 3150 seu
909 3090 1157 3171 quando
1198 3093 1424 3151 Tomus
1456 3093 1712 3151 uniouis
1748 3090 2040 3153 Ecclesia!
2064 3091 2439 3169 prwlegitur
2475 3108 2595 3155 :ex
2627 3090 2867 3167 quibus
2899 3090 3207 3166 colligere
3244 3090 3392 3154 licet

133 3189 373 3250 festum
416 3186 935 3249 anniversarium
974 3187 1154 3248 illius
1190 3188 1450 3248 unionis
1476 3188 1634 3249 olim
1704 3190 1821 3251 CP.
1854 3187 2057 3248 fuisse
2092 3188 2509 3248 celebratum.

210 3287 393 3364 Opus
425 3286 540 3347 hoc
587 3286 675 3344 De
702 3284 1056 3345 cerimoniis
1120 3282 1281 3343 αιιιω
1315 3284 1439 3345 CP.
1477 3285 1679 3348 multo
1726 3303 1802 3349 ex
1837 3284 2040 3362 capite
2089 3284 2164 3344 ad
2246 3282 2688 3344 elucidandam
2731 3279 3063 3344 historiam
3098 3280 3393 3343 ecclesia-

134 3383 355 3441 slicam
391 3380 772 3441 orientalem
830 3387 893 3439 et
926 3388 1161 3441 statum
1222 3380 1518 3441 Ecclesiae
1574 3381 1828 3443 civilem
1855 3383 1919 3443 in
1956 3381 2220 3444 Oriente
2273 3379 2571 3441 inservit.
2607 3380 3062 3441 Constatenim
3097 3377 3387 3457 antiquis

138 3488 200 3537 et
241 3478 428 3537 novis
460 3474 895 3547 documentis,
929 3476 1276 3555 diligenter
1322 3477 1631 3548 collectis,
1665 3479 1905 3556 quibus
1935 3480 2390 3539 describuntur
2434 3476 2780 3553 utriusque
2818 3474 3152 3553 potestatis
3196 3474 3338 3553 jura
3362 3519 3381 3547 ,

135 3570 337 3633 oﬁicia
396 3581 454 3634 et
490 3588 778 3634 munera.
838 3574 925 3632 Ex
974 3588 1051 3632 eo
1088 3581 1349 3651 apparet
1402 3575 1818 3648 patriarcham
1873 3576 1987 3637 CP.
2038 3574 2318 3651 primum
2364 3572 2981 3649 jmstimperatorem
3039 3570 3248 3632 locum
3319 3572 3387 3632 in

139 3677 265 3727 toto
317 3668 589 3745 imperio
621 3682 1016 3746 occupasse;
1048 3683 1121 3728 ac
1154 3684 1320 3746 smpe
1355 3670 1587 3747 saepius
1612 3688 1713 3731 res
1742 3670 1967 3731 civiles
1998 3669 2505 3739 administrasse,
2550 3684 2679 3728 non
2739 3684 2927 3728 secus
2974 3683 3045 3729 ac
3106 3667 3382 3744 impera-

138 3772 232 3824 tor
277 3780 377 3823 res
430 3763 893 3824 ecclesiasticas
971 3763 1285 3824 moderari
1325 3767 1619 3827 audebat.
1687 3767 1754 3827 In
1796 3765 2014 3825 multis
2065 3766 2410 3843 imperator
2458 3780 2554 3830 se.
2591 3770 2660 3823 ut
2727 3761 2897 3823 illius
2939 3763 3237 3825 Ecclesia
3268 3764 3385 3824 ob-

140 3859 706 3937 sequentissimus,
764 3858 1125 3919 auctoritati
1188 3860 1560 3938 patriarchm
1597 3860 2010 3937 subjiciebat;
2050 3862 2158 3919 Sed
2195 3859 2428 3935 pariter
2457 3858 2806 3934 patriarcha
2838 3857 2951 3917 (ΖΡ.
2983 3866 3049 3917 ut
3090 3856 3387 3918 subditus

144 3957 544 4036 imperatoris
567 3956 1027 4018 devotissimus
1054 3974 1194 4019 sese
1244 3976 1469 4036 gerere
1507 3958 1773 4020 solebat.
1802 3960 1869 4019 In
1894 3957 2166 4035 publicis
2201 3964 2407 4017 tamen
2478 3956 2641 4017 aulae
2688 3954 3063 4015 cerimoniis
3094 3955 3379 4033 ejusdem

137 4052 267 4114 fere
303 4053 703 4113 auctoritatis
733 4063 793 4113 et
825 4052 1157 4130 dignitatis
1183 4070 1324 4114 esse
1359 4055 1758 4115 videbantur.
1830 4064 1839 4075 '

215 4169 506 4227 Attamen
554 4169 875 4226 Romanus
908 4165 1220 4231 Pontifex.
1258 4166 1367 4227 illa
1397 4167 1602 4229 adhuc
1647 4176 1853 4239 astate,
1880 4182 2111 4243 nempe
2134 4174 2275 4244 post
2304 4164 2580 4227 schisma
2606 4163 3013 4235 Photianum,
3039 4171 3111 4224 ut
3139 4163 3383 4241 primus

142 4261 489 4337 patriarcha
540 4268 602 4321 et
656 4268 841 4336 caput
891 4262 1089 4321 totius
1122 4263 1418 4323 Ecclesiae
1451 4266 1851 4324 tractabatur.
1891 4264 2031 4339 Ipse
2073 4264 2250 4322 solus
2297 4260 2374 4320 ab
2403 4263 2787 4338 imperatore
2819 4259 3007 4319 Pater
3026 4258 3384 4336 spiritualis

146 4358 337 4434 ipsius
385 4358 851 4433 appellabatur,
906 4374 1035 4435 quo
1068 4359 1330 4417 nomine
1381 4358 1601 4418 nullus
1677 4359 2027 4437 patriarcha
2082 4370 2307 4435 ptreter
2370 4359 2581 4433 ipsum
2632 4358 2982 4423 colebatur,
3043 4364 3109 4415 ut
3164 4356 3382 4415 videro

148 4463 232 4510 est
294 4451 355 4510 in
412 4451 708 4511 formulis
750 4452 1074 4511 scribendi
1123 4455 1197 4511 ad
1266 4453 1675 4529 patriarchas,
1744 4456 1985 4533 quibus
2012 4456 2801 4529 utebanturimperatores
2831 4451 3380 4528 ConstantinOpo-

150 4544 340 4612 litaui,
369 4545 1078 4621 etquasConstantinus
1113 4546 1759 4626 Porphergennetus
1791 4549 2050 4625 coizegit
2082 4547 2148 4607 in
2188 4563 2379 4624 opere
2404 4548 2490 4606 De
2525 4547 2883 4607 cerimoniis
2930 4546 3091 4607 aulis
3126 4546 3377 4625 Byzan-

151 4640 302 4712 tinw,
342 4642 456 4702 lib.
509 4658 575 4712 ll,
637 4657 772 4714 cap.
807 4640 904 4702 48.

218 4738 456 4795 ibidem
512 4736 971 4799 describuntur
1003 4754 1126 4799 nou
1182 4748 1424 4798 tantum
1469 4741 1839 4802 cerimonias
1888 4741 1953 4801 in
2018 4748 2341 4819 posterum
2398 4734 2809 4803 adhibenda}.
2875 4742 2982 4801 sed
3040 4741 3229 4802 etiam
3290 4759 3381 4803 em

154 4846 284 4907 quae
327 4832 680 4909 aliquando
710 4833 1017 4894 adhibitae
1048 4833 1335 4905 fuerunt,
1402 4838 1659 4907 quando
1687 4837 2011 4914 principes
2044 4837 2326 4898 extranei
2367 4840 2685 4898 civitatem
2713 4837 2829 4897 (ΞΡ.
2862 4839 3228 4901 visitarunt.
3260 4840 3375 4909 Ita.

158 4927 419 5003 exempli
457 4928 683 5003 gratia,
718 4926 995 5005 legimus
1031 4928 1272 4989 ibidem
1306 4930 1546 5007 quibus
1580 4932 1810 4993 ritibus
1838 4942 2085 5012 recepta
2119 4942 2217 4996 est
2242 4934 2320 4996 ab
2351 4936 2736 5012 imperatore
2768 4933 3184 4997 celeberrima
3209 4937 3375 4998 Rus-

151 5024 251 5087 sia
277 5025 665 5102 principissa
689 5026 870 5102 Olga,
897 5043 1041 5104 quae
1071 5026 1258 5087 initio
1287 5028 1505 5089 saeculi
1550 5047 1587 5090 x
1634 5030 2260 5110 ConstantinOpolim
2299 5032 2498 5103 venit,
2523 5039 2587 5091 et
2618 5031 2809 5108 paulo
2840 5038 2985 5111 post
3011 5032 3365 5094 Bussorum

152 5121 629 5182 conversionem
681 5122 755 5183 ad
790 5123 976 5184 fidem
1011 5123 1430 5185 Christianam
1465 5127 1861 5204 prmparavit.

216 5216 613 5280 Constantini
672 5216 1266 5300 Porphyrogenueti
1308 5221 1495 5299 jussu
1555 5223 1980 5298 compositum
2024 5231 2129 5285 est
2191 5224 2378 5284 etiam
2428 5221 2891 5299 Compendium
2951 5224 3159 5299 legum
3208 5223 3373 5285 civi-

149 5310 293 5372 lium
357 5323 419 5374 et
483 5314 1062 5379 ecclesiasticarum
1100 5362 1115 5389 ,
1177 5335 1253 5379 ex
1304 5333 1434 5396 quo
1478 5318 1621 5395 jura
1691 5318 1990 5380 Ecclesite
2067 5330 2129 5381 et
2180 5319 2305 5383 fata
2385 5320 2526 5399 ejus
2587 5321 2654 5382 in
2715 5320 2995 5397 Imperio
3054 5319 3368 5382 Orientali

142 5416 630 5484 cognoscuntur.

214 5502 445 5566 Prteter
496 5505 702 5567 Vitam
771 5509 968 5586 patris
1024 5509 1130 5571 sui
1197 5509 1430 5571 Leonis
1459 5518 1521 5571 et
1566 5511 1665 5571 avi
1722 5512 1821 5571 sui
1892 5512 2111 5575 Basilii
2165 5514 2553 5587 Macedonis,
2594 5514 3050 5576 Constantinus
3110 5511 3369 5591 scripsit

148 5597 475 5662 Historiam
529 5610 814 5665 veterum
864 5621 1232 5684 regnorum,
1288 5605 1383 5666 vel
1424 5608 1636 5683 potius
1668 5607 1927 5685 collegit
1989 5611 2299 5691 Excerpta
2331 5610 2630 5673 historica
2658 5611 3041 5688 scriptorum
3074 5610 3368 5687 antiquo-

148 5712 271 5754 runt
323 5714 600 5775 quorum
635 5701 959 5777 specimen
994 5702 1251 5765 exhibet
1284 5702 1355 5763 D.
1388 5702 1567 5764 Card.
1602 5706 1676 5765 Α.
1728 5706 1850 5766 Mai
1888 5707 1949 5768 in
1982 5708 2379 5786 Scriptorum
2397 5717 2668 5769 veterum
2722 5726 2866 5768 που.
2936 5703 3180 5766 collect.
3220 5705 3258 5764 l.
3296 5719 3363 5769 it.

149 5805 268 5870 P63:
298 5811 338 5865 ι,
373 5793 523 5857 etin
558 5796 755 5869 preti,
796 5814 1069 5877 qumque
1123 5797 1406 5878 plurima
1438 5798 1789 5877 fragmenta
1838 5804 2221 5881 scriptorum
2278 5804 2758 5881 deperditorum
2807 5821 3015 5880 nuper
3046 5801 3361 5880 summitt-

440 5902 707 5960 i‘n'aor...
740 5903 856 5962 tia.
889 5901 1071 5961 CXII.
2908 5909 2933 5965 1
