  <div class='ocr_page' id='page_1' title='image "/cluster/home/n/w/nwhite01/storage/ocr_20150623/112/nnc1.0046980270/015.png"; bbox 0 0 4156 6440; ppageno 0'>
   <div class='ocr_carea' id='block_1_1' title="bbox 757 358 3985 424">
    <p class='ocr_par' dir='ltr' id='par_1_1' title="bbox 757 358 3985 424">
     <span class='ocr_line' id='line_1_1' title="bbox 757 358 3985 424; baseline 0.002 -12"><span class='ocrx_word' id='word_1_1' title='bbox 757 358 822 424; x_wconf 80' lang='lat'><strong>15</strong></span> <span class='ocrx_word' id='word_1_2' title='bbox 1981 358 2188 415; x_wconf 60' lang='lat' dir='ltr'><strong>JOAN.</strong></span> <span class='ocrx_word' id='word_1_3' title='bbox 2228 358 2386 415; x_wconf 62' lang='grc' dir='ltr'><strong>ΜΒ.</strong></span> <span class='ocrx_word' id='word_1_4' title='bbox 2434 359 2762 417; x_wconf 74' lang='lat' dir='ltr'><strong>FABRlCll</strong></span> <span class='ocrx_word' id='word_1_5' title='bbox 3924 359 3985 422; x_wconf 76' lang='lat'><strong>16</strong></span> 
     </span>
    </p>
   </div>
   <div class='ocr_carea' id='block_1_2' title="bbox 825 464 3984 535">
    <p class='ocr_par' dir='ltr' id='par_1_2' title="bbox 825 464 3984 535">
     <span class='ocr_line' id='line_1_2' title="bbox 825 464 3984 535; baseline -0 -12"><span class='ocrx_word' id='word_1_6' title='bbox 825 469 879 523; x_wconf 74' lang='grc'>4.</span> <span class='ocrx_word' id='word_1_7' title='bbox 918 468 1147 521; x_wconf 67' lang='grc' dir='ltr'><strong>Νοτινηαο</strong></span> <span class='ocrx_word' id='word_1_8' title='bbox 1187 465 1591 519; x_wconf 85' lang='lat' dir='ltr'><strong>Constitutioncs</strong></span> <span class='ocrx_word' id='word_1_9' title='bbox 1622 465 1773 529; x_wconf 75' lang='lat' dir='ltr'><strong>XIII,</strong></span> <span class='ocrx_word' id='word_1_10' title='bbox 1801 479 1927 519; x_wconf 89' lang='lat' dir='ltr'><strong>cum</strong></span> <span class='ocrx_word' id='word_1_11' title='bbox 1965 464 2216 517; x_wconf 71' lang='lat' dir='ltr'><strong>versione</strong></span> <span class='ocrx_word' id='word_1_12' title='bbox 2252 477 2303 516; x_wconf 82' lang='lat' dir='ltr'><strong>et</strong></span> <span class='ocrx_word' id='word_1_13' title='bbox 2335 465 2794 533; x_wconf 69' lang='lat' dir='ltr'><strong>castigationibus</strong></span> <span class='ocrx_word' id='word_1_14' title='bbox 2826 465 2909 518; x_wconf 80' lang='lat' dir='ltr'><strong>.lo.</strong></span> <span class='ocrx_word' id='word_1_15' title='bbox 2954 466 3122 518; x_wconf 78' lang='lat' dir='ltr'><strong>Leuit.</strong></span> <span class='ocrx_word' id='word_1_16' title='bbox 3146 467 3275 517; x_wconf 72' lang='lat' dir='ltr'><strong>lanii</strong></span> <span class='ocrx_word' id='word_1_17' title='bbox 3335 482 3397 519; x_wconf 79' lang='lat' dir='ltr'><strong>ex</strong></span> <span class='ocrx_word' id='word_1_18' title='bbox 3455 469 3575 535; x_wconf 83' lang='lat' dir='ltr'><strong>ejus</strong></span> <span class='ocrx_word' id='word_1_19' title='bbox 3607 468 3731 520; x_wconf 72' lang='lat' dir='ltr'><strong>Jun.</strong></span> <span class='ocrx_word' id='word_1_20' title='bbox 3782 470 3984 522; x_wconf 66' lang='lat' dir='ltr'><strong>Crato-</strong></span> 
     </span>
    </p>
   </div>
   <div class='ocr_carea' id='block_1_3' title="bbox 758 551 3985 622">
    <p class='ocr_par' dir='ltr' id='par_1_3' title="bbox 758 551 3985 622">
     <span class='ocr_line' id='line_1_3' title="bbox 758 551 3985 622; baseline 0 -13"><span class='ocrx_word' id='word_1_21' title='bbox 758 554 1015 616; x_wconf 77' lang='lat' dir='ltr'><strong>Bomano,</strong></span> <span class='ocrx_word' id='word_1_22' title='bbox 1048 563 1178 606; x_wconf 85' lang='lat' dir='ltr'><strong>tom.</strong></span> <span class='ocrx_word' id='word_1_23' title='bbox 1216 552 1255 614; x_wconf 94' lang='lat' dir='ltr'><strong>l,</strong></span> <span class='ocrx_word' id='word_1_24' title='bbox 1295 552 1390 605; x_wconf 89' lang='lat' dir='ltr'><strong>Iih.</strong></span> <span class='ocrx_word' id='word_1_25' title='bbox 1429 570 1484 617; x_wconf 90' lang='grc' dir='ltr'>ιι,</span> <span class='ocrx_word' id='word_1_26' title='bbox 1514 568 1631 622; x_wconf 96' lang='lat' dir='ltr'><strong>pag.</strong></span> <span class='ocrx_word' id='word_1_27' title='bbox 1672 552 1769 605; x_wconf 74' lang='lat'><strong>105</strong></span> <span class='ocrx_word' id='word_1_28' title='bbox 1800 568 1905 619; x_wconf 84' lang='lat' dir='ltr'><strong>sq.,</strong></span> <span class='ocrx_word' id='word_1_29' title='bbox 1933 560 1987 605; x_wconf 84' lang='lat' dir='ltr'><strong>et</strong></span> <span class='ocrx_word' id='word_1_30' title='bbox 2014 560 2143 604; x_wconf 91' lang='lat' dir='ltr'><strong>tom.</strong></span> <span class='ocrx_word' id='word_1_31' title='bbox 2178 551 2241 605; x_wconf 79' lang='lat' dir='ltr'><strong>l-l.</strong></span> <span class='ocrx_word' id='word_1_32' title='bbox 2281 551 2332 603; x_wconf 90' lang='lat' dir='ltr'><strong>in</strong></span> <span class='ocrx_word' id='word_1_33' title='bbox 2369 551 2509 603; x_wconf 90' lang='lat' dir='ltr'><strong>libro</strong></span> <span class='ocrx_word' id='word_1_34' title='bbox 2544 552 2915 616; x_wconf 76' lang='lat' dir='ltr'><strong>Novellarum,</strong></span> <span class='ocrx_word' id='word_1_35' title='bbox 2951 568 3072 621; x_wconf 86' lang='lat' dir='ltr'><strong>pag.</strong></span> <span class='ocrx_word' id='word_1_36' title='bbox 3110 552 3204 605; x_wconf 78' lang='grc'><strong>159</strong></span> <span class='ocrx_word' id='word_1_37' title='bbox 3239 568 3353 621; x_wconf 85' lang='lat' dir='ltr'><strong>seq.</strong></span> <span class='ocrx_word' id='word_1_38' title='bbox 3395 552 3645 608; x_wconf 79' lang='lat' dir='ltr'><strong>Francof.</strong></span> <span class='ocrx_word' id='word_1_39' title='bbox 3680 555 3835 617; x_wconf 75' lang='lat' dir='ltr'><strong>l596,</strong></span> <span class='ocrx_word' id='word_1_40' title='bbox 3867 557 3985 611; x_wconf 82' lang='lat' dir='ltr'><strong>lol.:</strong></span> 
     </span>
    </p>
   </div>
   <div class='ocr_carea' id='block_1_4' title="bbox 759 637 3985 710">
    <p class='ocr_par' dir='ltr' id='par_1_4' title="bbox 759 637 3985 710">
     <span class='ocr_line' id='line_1_4' title="bbox 759 637 3985 710; baseline 0.001 -16"><span class='ocrx_word' id='word_1_41' title='bbox 759 644 807 696; x_wconf 82' lang='lat' dir='ltr'><strong>l.</strong></span> <span class='ocrx_word' id='word_1_42' title='bbox 830 641 903 696; x_wconf 84' lang='lat' dir='ltr'><strong>De</strong></span> <span class='ocrx_word' id='word_1_43' title='bbox 926 642 1244 695; x_wconf 73' lang='lat' dir='ltr'><strong>alienatione</strong></span> <span class='ocrx_word' id='word_1_44' title='bbox 1262 640 1567 708; x_wconf 73' lang='lat' dir='ltr'><strong>fundorum,</strong></span> <span class='ocrx_word' id='word_1_45' title='bbox 1583 639 1739 707; x_wconf 82' lang='lat' dir='ltr'><strong>cujus</strong></span> <span class='ocrx_word' id='word_1_46' title='bbox 1756 638 2187 693; x_wconf 88' lang='lat' dir='ltr'><strong>constitutionis.</strong></span> <span class='ocrx_word' id='word_1_47' title='bbox 2212 637 2462 692; x_wconf 84' lang='lat' dir='ltr'><strong>Cedreno</strong></span> <span class='ocrx_word' id='word_1_48' title='bbox 2485 638 2648 692; x_wconf 87' lang='lat' dir='ltr'><strong>etiam</strong></span> <span class='ocrx_word' id='word_1_49' title='bbox 2677 655 2869 693; x_wconf 55' lang='lat' dir='ltr'><strong>memo&#39;</strong></span> <span class='ocrx_word' id='word_1_50' title='bbox 2887 650 3008 699; x_wconf 69' lang='lat' dir='ltr'><strong>atte,</strong></span> <span class='ocrx_word' id='word_1_51' title='bbox 3027 641 3136 693; x_wconf 86' lang='lat' dir='ltr'><strong>duo</strong></span> <span class='ocrx_word' id='word_1_52' title='bbox 3152 644 3420 707; x_wconf 73' lang='lat' dir='ltr'><strong>exempla,</strong></span> <span class='ocrx_word' id='word_1_53' title='bbox 3441 643 3723 710; x_wconf 82' lang='lat' dir='ltr'><strong>paululum</strong></span> <span class='ocrx_word' id='word_1_54' title='bbox 3747 644 3985 702; x_wconf 75' lang='lat' dir='ltr'><strong>diversa.</strong></span> 
     </span>
    </p>
   </div>
   <div class='ocr_carea' id='block_1_5' title="bbox 758 724 3987 799">
    <p class='ocr_par' dir='ltr' id='par_1_5' title="bbox 758 724 3987 799">
     <span class='ocr_line' id='line_1_5' title="bbox 758 724 3987 799; baseline -0.001 -15"><span class='ocrx_word' id='word_1_55' title='bbox 758 746 863 785; x_wconf 84' lang='lat' dir='ltr'><strong>una</strong></span> <span class='ocrx_word' id='word_1_56' title='bbox 915 744 1038 783; x_wconf 89' lang='lat' dir='ltr'><strong>cum</strong></span> <span class='ocrx_word' id='word_1_57' title='bbox 1080 728 1303 798; x_wconf 83' lang='lat' dir='ltr'><strong>synopsi</strong></span> <span class='ocrx_word' id='word_1_58' title='bbox 1355 729 1493 794; x_wconf 86' lang='lat' dir='ltr'><strong>ejus,</strong></span> <span class='ocrx_word' id='word_1_59' title='bbox 1526 746 1552 778; x_wconf 72' lang='grc' dir='ltr'><strong>ιι</strong></span> <span class='ocrx_word' id='word_1_60' title='bbox 1593 726 1757 779; x_wconf 80' lang='lat' dir='ltr'><strong>Mich.</strong></span> <span class='ocrx_word' id='word_1_61' title='bbox 1809 726 2066 779; x_wconf 79' lang='lat' dir='ltr'><strong>Attaliata</strong></span> <span class='ocrx_word' id='word_1_62' title='bbox 2103 726 2427 792; x_wconf 85' lang='lat' dir='ltr'><strong>composita,</strong></span> <span class='ocrx_word' id='word_1_63' title='bbox 2472 724 2781 778; x_wconf 71' lang='lat' dir='ltr'><strong>alieruntur</strong></span> <span class='ocrx_word' id='word_1_64' title='bbox 2810 743 2824 790; x_wconf 88' lang='lat'><strong>;</strong></span> <span class='ocrx_word' id='word_1_65' title='bbox 2854 727 2908 778; x_wconf 87' lang='lat'><strong>2.</strong></span> <span class='ocrx_word' id='word_1_66' title='bbox 2944 726 3022 778; x_wconf 75' lang='lat' dir='ltr'><strong>De</strong></span> <span class='ocrx_word' id='word_1_67' title='bbox 3071 728 3387 795; x_wconf 84' lang='lat' dir='ltr'><strong>potentibus,</strong></span> <span class='ocrx_word' id='word_1_68' title='bbox 3441 729 3492 779; x_wconf 90' lang='lat' dir='ltr'><strong>in</strong></span> <span class='ocrx_word' id='word_1_69' title='bbox 3547 731 3745 795; x_wconf 75' lang='lat' dir='ltr'><strong>prtedia</strong></span> <span class='ocrx_word' id='word_1_70' title='bbox 3782 747 3987 799; x_wconf 76' lang='lat' dir='ltr'><strong>paupe-</strong></span> 
     </span>
    </p>
   </div>
   <div class='ocr_carea' id='block_1_6' title="bbox 758 812 3987 886">
    <p class='ocr_par' dir='ltr' id='par_1_6' title="bbox 758 812 3987 886">
     <span class='ocr_line' id='line_1_6' title="bbox 758 812 3987 886; baseline -0 -16"><span class='ocrx_word' id='word_1_71' title='bbox 758 836 873 872; x_wconf 79' lang='lat' dir='ltr'><strong>rum</strong></span> <span class='ocrx_word' id='word_1_72' title='bbox 903 820 972 885; x_wconf 85' lang='lat' dir='ltr'><strong>(b)</strong></span> <span class='ocrx_word' id='word_1_73' title='bbox 1002 817 1393 869; x_wconf 78' lang='lat' dir='ltr'><strong>succedentibus</strong></span> <span class='ocrx_word' id='word_1_74' title='bbox 1419 833 1435 878; x_wconf 87' lang='lat'><em>;</em></span> <span class='ocrx_word' id='word_1_75' title='bbox 1462 817 1513 868; x_wconf 78' lang='lat'><strong>3.</strong></span> <span class='ocrx_word' id='word_1_76' title='bbox 1556 813 1630 866; x_wconf 91' lang='lat' dir='ltr'><strong>De</strong></span> <span class='ocrx_word' id='word_1_77' title='bbox 1660 814 1907 866; x_wconf 74' lang='lat' dir='ltr'><strong>militibus</strong></span> <span class='ocrx_word' id='word_1_78' title='bbox 1932 830 1948 875; x_wconf 91' lang='lat'><em>;</em></span> <span class='ocrx_word' id='word_1_79' title='bbox 1974 815 2024 865; x_wconf 68' lang='grc'>4.</span> <span class='ocrx_word' id='word_1_80' title='bbox 2061 812 2134 865; x_wconf 81' lang='lat' dir='ltr'><strong>De</strong></span> <span class='ocrx_word' id='word_1_81' title='bbox 2167 815 2492 865; x_wconf 74' lang='lat' dir='ltr'><strong>restitutione</strong></span> <span class='ocrx_word' id='word_1_82' title='bbox 2523 816 2678 882; x_wconf 84' lang='lat' dir='ltr'><strong>pretii</strong></span> <span class='ocrx_word' id='word_1_83' title='bbox 2711 815 3021 867; x_wconf 76' lang='lat' dir='ltr'><strong>militarium</strong></span> <span class='ocrx_word' id='word_1_84' title='bbox 3053 816 3368 883; x_wconf 80' lang='lat' dir='ltr'><strong>prcrdiorum</strong></span> <span class='ocrx_word' id='word_1_85' title='bbox 3397 833 3413 878; x_wconf 84' lang='lat'><strong>,&#39;</strong></span> <span class='ocrx_word' id='word_1_86' title='bbox 3438 816 3490 868; x_wconf 83' lang='lat'><strong>5.</strong></span> <span class='ocrx_word' id='word_1_87' title='bbox 3524 816 3598 868; x_wconf 78' lang='lat' dir='ltr'><strong>De</strong></span> <span class='ocrx_word' id='word_1_88' title='bbox 3627 818 3749 886; x_wconf 76' lang='lat' dir='ltr'><strong>fuga</strong></span> <span class='ocrx_word' id='word_1_89' title='bbox 3782 821 3987 870; x_wconf 83' lang='lat' dir='ltr'><strong>manci-</strong></span> 
     </span>
    </p>
   </div>
   <div class='ocr_carea' id='block_1_7' title="bbox 756 900 3989 974">
    <p class='ocr_par' dir='ltr' id='par_1_7' title="bbox 756 900 3989 974">
     <span class='ocr_line' id='line_1_7' title="bbox 756 900 3989 974; baseline 0 -16"><span class='ocrx_word' id='word_1_90' title='bbox 756 909 981 974; x_wconf 68' lang='lat' dir='ltr'><strong>piorum,</strong></span> <span class='ocrx_word' id='word_1_91' title='bbox 1022 906 1293 974; x_wconf 78' lang='lat' dir='ltr'><strong>hujusque</strong></span> <span class='ocrx_word' id='word_1_92' title='bbox 1328 902 1555 955; x_wconf 62' lang='lat' dir='ltr'><strong>novellae.</strong></span> <span class='ocrx_word' id='word_1_93' title='bbox 1586 910 2001 968; x_wconf 75' lang='lat' dir='ltr'><strong>argumentum;</strong></span> <span class='ocrx_word' id='word_1_94' title='bbox 2030 903 2082 953; x_wconf 75' lang='grc' dir='ltr'><strong>(ἱ.</strong></span> <span class='ocrx_word' id='word_1_95' title='bbox 2121 900 2193 951; x_wconf 80' lang='lat' dir='ltr'><strong>De</strong></span> <span class='ocrx_word' id='word_1_96' title='bbox 2218 919 2318 952; x_wconf 80' lang='lat' dir='ltr'><strong>non</strong></span> <span class='ocrx_word' id='word_1_97' title='bbox 2354 903 2851 971; x_wconf 79' lang='lat' dir='ltr'><strong>deserendojudicio</strong></span> <span class='ocrx_word' id='word_1_98' title='bbox 2891 906 2953 955; x_wconf 88' lang='lat' dir='ltr'><strong>ab</strong></span> <span class='ocrx_word' id='word_1_99' title='bbox 2979 905 3039 955; x_wconf 85' lang='lat' dir='ltr'><strong>iis</strong></span> <span class='ocrx_word' id='word_1_100' title='bbox 3067 906 3153 972; x_wconf 96' lang='lat' dir='ltr'><strong>qui</strong></span> <span class='ocrx_word' id='word_1_101' title='bbox 3189 906 3447 956; x_wconf 85' lang='lat' dir='ltr'><strong>actionem</strong></span> <span class='ocrx_word' id='word_1_102' title='bbox 3484 907 3790 968; x_wconf 72' lang='lat' dir='ltr'><strong>instituunt,</strong></span> <span class='ocrx_word' id='word_1_103' title='bbox 3827 916 3883 960; x_wconf 88' lang='lat' dir='ltr'><strong>et</strong></span> <span class='ocrx_word' id='word_1_104' title='bbox 3927 910 3989 958; x_wconf 75' lang='lat' dir='ltr'><strong>de</strong></span> 
     </span>
    </p>
   </div>
   <div class='ocr_carea' id='block_1_8' title="bbox 758 988 3987 1062">
    <p class='ocr_par' dir='ltr' id='par_1_8' title="bbox 758 988 3987 1062">
     <span class='ocr_line' id='line_1_8' title="bbox 758 988 3987 1062; baseline 0 -20"><span class='ocrx_word' id='word_1_105' title='bbox 758 995 831 1046; x_wconf 84' lang='lat' dir='ltr'><strong>his</strong></span> <span class='ocrx_word' id='word_1_106' title='bbox 861 994 948 1062; x_wconf 86' lang='lat' dir='ltr'><strong>qui</strong></span> <span class='ocrx_word' id='word_1_107' title='bbox 976 999 1042 1045; x_wconf 86' lang='lat' dir='ltr'><strong>ad</strong></span> <span class='ocrx_word' id='word_1_108' title='bbox 1064 1004 1169 1044; x_wconf 72' lang='lat' dir='ltr'><strong>tres</strong></span> <span class='ocrx_word' id='word_1_109' title='bbox 1195 1006 1392 1043; x_wconf 87' lang='lat' dir='ltr'><strong>menses</strong></span> <span class='ocrx_word' id='word_1_110' title='bbox 1416 989 1496 1042; x_wconf 79' lang='lat' dir='ltr'><strong>cel</strong></span> <span class='ocrx_word' id='word_1_111' title='bbox 1527 1006 1725 1041; x_wconf 87' lang='lat' dir='ltr'><strong>annum</strong></span> <span class='ocrx_word' id='word_1_112' title='bbox 1750 988 1956 1039; x_wconf 78' lang='lat' dir='ltr'><strong>absunt.</strong></span> <span class='ocrx_word' id='word_1_113' title='bbox 1985 989 2038 1040; x_wconf 87' lang='lat'><strong>7.</strong></span> <span class='ocrx_word' id='word_1_114' title='bbox 2078 988 2149 1040; x_wconf 85' lang='lat' dir='ltr'><strong>De</strong></span> <span class='ocrx_word' id='word_1_115' title='bbox 2169 1005 2225 1038; x_wconf 87' lang='lat' dir='ltr'><strong>eo</strong></span> <span class='ocrx_word' id='word_1_116' title='bbox 2256 990 2612 1057; x_wconf 83' lang='lat' dir='ltr'><strong>quodjudices</strong></span> <span class='ocrx_word' id='word_1_117' title='bbox 2633 991 2805 1044; x_wconf 87' lang='lat' dir='ltr'><strong>civiles</strong></span> <span class='ocrx_word' id='word_1_118' title='bbox 2834 991 2965 1043; x_wconf 89' lang='lat' dir='ltr'><strong>nihil</strong></span> <span class='ocrx_word' id='word_1_119' title='bbox 2988 993 3221 1060; x_wconf 87' lang='lat' dir='ltr'><strong>accipere</strong></span> <span class='ocrx_word' id='word_1_120' title='bbox 3244 992 3499 1055; x_wconf 79' lang='lat' dir='ltr'><strong>debeant;</strong></span> <span class='ocrx_word' id='word_1_121' title='bbox 3534 993 3585 1045; x_wconf 90' lang='lat'><strong>8.</strong></span> <span class='ocrx_word' id='word_1_122' title='bbox 3617 992 3688 1045; x_wconf 86' lang='lat' dir='ltr'><strong>De</strong></span> <span class='ocrx_word' id='word_1_123' title='bbox 3712 994 3987 1061; x_wconf 72' lang='lat' dir='ltr'><strong>sportulis.</strong></span> 
     </span>
    </p>
   </div>
   <div class='ocr_carea' id='block_1_9' title="bbox 757 1076 2398 1149">
    <p class='ocr_par' dir='ltr' id='par_1_9' title="bbox 757 1076 2398 1149">
     <span class='ocr_line' id='line_1_9' title="bbox 757 1076 2398 1149; baseline -0.001 -17"><span class='ocrx_word' id='word_1_124' title='bbox 757 1082 881 1149; x_wconf 65' lang='grc' dir='ltr'><strong>περὶ</strong></span> <span class='ocrx_word' id='word_1_125' title='bbox 917 1077 1332 1144; x_wconf 46' lang='lat' dir='ltr'><strong>siccaria-.226».</strong></span> <span class='ocrx_word' id='word_1_126' title='bbox 1366 1078 1418 1131; x_wconf 88' lang='lat'><strong>9.</strong></span> <span class='ocrx_word' id='word_1_127' title='bbox 1458 1076 1531 1130; x_wconf 74' lang='lat' dir='ltr'><strong>De</strong></span> <span class='ocrx_word' id='word_1_128' title='bbox 1559 1077 2031 1130; x_wconf 75' lang='lat' dir='ltr'><strong>consuetudinibus.</strong></span> <span class='ocrx_word' id='word_1_129' title='bbox 2067 1077 2149 1130; x_wconf 85' lang='lat' dir='ltr'><strong>l0.</strong></span> <span class='ocrx_word' id='word_1_130' title='bbox 2184 1076 2257 1129; x_wconf 85' lang='lat' dir='ltr'><strong>De</strong></span> <span class='ocrx_word' id='word_1_131' title='bbox 2281 1088 2398 1131; x_wconf 76' lang='lat' dir='ltr'><strong>tests</strong></span> 
     </span>
    </p>
   </div>
   <div class='ocr_carea' id='block_1_10' title="bbox 2345 1076 3986 1149">
    <p class='ocr_par' dir='ltr' id='par_1_10' title="bbox 2345 1079 3986 1149">
     <span class='ocr_line' id='line_1_10' title="bbox 2345 1079 3986 1149; baseline 0.003 -20"><span class='ocrx_word' id='word_1_132' title='bbox 2345 1080 2602 1133; x_wconf 77' lang='lat' dir='ltr'><strong>:tamentis</strong></span> <span class='ocrx_word' id='word_1_133' title='bbox 2626 1082 2954 1149; x_wconf 81' lang='lat' dir='ltr'><strong>aperiendis;</strong></span> <span class='ocrx_word' id='word_1_134' title='bbox 2991 1082 3069 1134; x_wconf 93' lang='lat' dir='ltr'><strong>ll.</strong></span> <span class='ocrx_word' id='word_1_135' title='bbox 3098 1079 3171 1133; x_wconf 80' lang='lat' dir='ltr'><strong>De</strong></span> <span class='ocrx_word' id='word_1_136' title='bbox 3190 1083 3643 1135; x_wconf 73' lang='lat' dir='ltr'><strong>consuetudinibus</strong></span> <span class='ocrx_word' id='word_1_137' title='bbox 3659 1084 3874 1146; x_wconf 73' lang='lat' dir='ltr'><strong>scribae;</strong></span> <span class='ocrx_word' id='word_1_138' title='bbox 3903 1084 3986 1136; x_wconf 73' lang='lat' dir='ltr'><strong>l2.</strong></span> 
     </span>
    </p>
   </div>
   <div class='ocr_carea' id='block_1_11' title="bbox 757 1167 3995 1240">
    <p class='ocr_par' dir='ltr' id='par_1_11' title="bbox 757 1167 3995 1240">
     <span class='ocr_line' id='line_1_11' title="bbox 757 1167 3995 1240; baseline 0 -18"><span class='ocrx_word' id='word_1_139' title='bbox 757 1170 832 1223; x_wconf 82' lang='lat' dir='ltr'><strong>De</strong></span> <span class='ocrx_word' id='word_1_140' title='bbox 856 1173 930 1224; x_wconf 86' lang='lat' dir='ltr'><strong>his</strong></span> <span class='ocrx_word' id='word_1_141' title='bbox 951 1172 1039 1240; x_wconf 88' lang='lat' dir='ltr'><strong>qui</strong></span> <span class='ocrx_word' id='word_1_142' title='bbox 1066 1170 1227 1223; x_wconf 72' lang='lat' dir='ltr'><strong>credes</strong></span> <span class='ocrx_word' id='word_1_143' title='bbox 1261 1170 1590 1221; x_wconf 86' lang='lat' dir='ltr'><strong>committunt</strong></span> <span class='ocrx_word' id='word_1_144' title='bbox 1621 1167 1819 1234; x_wconf 83' lang='lat' dir='ltr'><strong>gladio,</strong></span> <span class='ocrx_word' id='word_1_145' title='bbox 1856 1167 1934 1219; x_wconf 82' lang='lat' dir='ltr'><strong>vel</strong></span> <span class='ocrx_word' id='word_1_146' title='bbox 1958 1169 2161 1234; x_wconf 85' lang='lat' dir='ltr'><strong>magnis</strong></span> <span class='ocrx_word' id='word_1_147' title='bbox 2190 1167 2431 1235; x_wconf 81' lang='lat' dir='ltr'><strong>fustibus.</strong></span> <span class='ocrx_word' id='word_1_148' title='bbox 2461 1168 2540 1220; x_wconf 77' lang='lat' dir='ltr'><strong>cel</strong></span> <span class='ocrx_word' id='word_1_149' title='bbox 2573 1170 2857 1238; x_wconf 74' lang='lat' dir='ltr'><strong>lapidibus,</strong></span> <span class='ocrx_word' id='word_1_150' title='bbox 2897 1170 3053 1231; x_wconf 82' lang='lat' dir='ltr'><strong>idque</strong></span> <span class='ocrx_word' id='word_1_151' title='bbox 3073 1171 3335 1230; x_wconf 83' lang='lat' dir='ltr'><strong>consulto,</strong></span> <span class='ocrx_word' id='word_1_152' title='bbox 3375 1172 3461 1224; x_wconf 77' lang='grc'><strong>15.</strong></span> <span class='ocrx_word' id='word_1_153' title='bbox 3490 1170 3566 1223; x_wconf 80' lang='lat' dir='ltr'><strong>De</strong></span> <span class='ocrx_word' id='word_1_154' title='bbox 3594 1172 3857 1233; x_wconf 84' lang='lat' dir='ltr'><strong>secundis,</strong></span> <span class='ocrx_word' id='word_1_155' title='bbox 3888 1180 3995 1222; x_wconf 84' lang='lat' dir='ltr'><strong>ter-</strong></span> 
     </span>
    </p>
   </div>
   <div class='ocr_carea' id='block_1_12' title="bbox 758 1254 3992 1327">
    <p class='ocr_par' dir='ltr' id='par_1_12' title="bbox 758 1254 3992 1327">
     <span class='ocr_line' id='line_1_12' title="bbox 758 1254 3992 1327; baseline 0 -17"><span class='ocrx_word' id='word_1_156' title='bbox 758 1260 841 1313; x_wconf 81' lang='lat' dir='ltr'><strong>tiis</strong></span> <span class='ocrx_word' id='word_1_157' title='bbox 872 1268 918 1311; x_wconf 89' lang='lat' dir='ltr'><strong>et</strong></span> <span class='ocrx_word' id='word_1_158' title='bbox 954 1259 1155 1327; x_wconf 76' lang='lat' dir='ltr'><strong>quartis</strong></span> <span class='ocrx_word' id='word_1_159' title='bbox 1197 1259 1410 1327; x_wconf 84' lang='lat' dir='ltr'><strong>nuptiis.</strong></span> <span class='ocrx_word' id='word_1_160' title='bbox 1445 1254 1831 1309; x_wconf 84' lang='lat' dir='ltr'><strong>Duodecimam</strong></span> <span class='ocrx_word' id='word_1_161' title='bbox 1874 1255 2326 1308; x_wconf 87' lang='lat' dir='ltr'><strong>constitutionem</strong></span> <span class='ocrx_word' id='word_1_162' title='bbox 2354 1255 2604 1309; x_wconf 82' lang='lat' dir='ltr'><strong>ediderat</strong></span> <span class='ocrx_word' id='word_1_163' title='bbox 2633 1257 2822 1316; x_wconf 89' lang='lat' dir='ltr'><strong>etiam,</strong></span> <span class='ocrx_word' id='word_1_164' title='bbox 2856 1256 2949 1309; x_wconf 87' lang='lat' dir='ltr'><strong>sed</strong></span> <span class='ocrx_word' id='word_1_165' title='bbox 3000 1258 3174 1326; x_wconf 89' lang='lat' dir='ltr'><strong>capite</strong></span> <span class='ocrx_word' id='word_1_166' title='bbox 3208 1258 3478 1319; x_wconf 84' lang='lat' dir='ltr'><strong>mutilam,</strong></span> <span class='ocrx_word' id='word_1_167' title='bbox 3508 1258 3854 1312; x_wconf 84' lang='lat' dir='ltr'><strong>Enimundus</strong></span> <span class='ocrx_word' id='word_1_168' title='bbox 3886 1258 3992 1310; x_wconf 83' lang='lat' dir='ltr'><strong>Bo-</strong></span> 
     </span>
    </p>
   </div>
   <div class='ocr_carea' id='block_1_13' title="bbox 757 1341 3991 1415">
    <p class='ocr_par' dir='ltr' id='par_1_13' title="bbox 757 1341 3991 1415">
     <span class='ocr_line' id='line_1_13' title="bbox 757 1341 3991 1415; baseline -0 -17"><span class='ocrx_word' id='word_1_169' title='bbox 757 1344 992 1398; x_wconf 81' lang='lat' dir='ltr'><strong>nefidius</strong></span> <span class='ocrx_word' id='word_1_170' title='bbox 1024 1345 1076 1397; x_wconf 90' lang='lat' dir='ltr'><strong>in</strong></span> <span class='ocrx_word' id='word_1_171' title='bbox 1098 1343 1245 1397; x_wconf 77' lang='lat' dir='ltr'><strong>luris</strong></span> <span class='ocrx_word' id='word_1_172' title='bbox 1277 1342 1548 1395; x_wconf 78' lang='lat' dir='ltr'><strong>orientalis</strong></span> <span class='ocrx_word' id='word_1_173' title='bbox 1582 1342 1744 1394; x_wconf 90' lang='lat' dir='ltr'><strong>libro.</strong></span> <span class='ocrx_word' id='word_1_174' title='bbox 1778 1359 1814 1398; x_wconf 83' lang='lat' dir='ltr'><strong>i.</strong></span> <span class='ocrx_word' id='word_1_175' title='bbox 1852 1358 1970 1410; x_wconf 79' lang='lat' dir='ltr'><strong>pag.</strong></span> <span class='ocrx_word' id='word_1_176' title='bbox 1998 1342 2060 1392; x_wconf 89' lang='grc'><strong>19</strong></span> <span class='ocrx_word' id='word_1_177' title='bbox 2097 1342 2288 1407; x_wconf 77' lang='lat' dir='ltr'><strong>(Paris.</strong></span> <span class='ocrx_word' id='word_1_178' title='bbox 2327 1341 2484 1402; x_wconf 75' lang='grc'><strong>1373,</strong></span> <span class='ocrx_word' id='word_1_179' title='bbox 2515 1343 2592 1403; x_wconf 84' lang='grc'><strong>8),</strong></span> <span class='ocrx_word' id='word_1_180' title='bbox 2632 1360 2796 1411; x_wconf 87' lang='lat' dir='ltr'><strong>quem</strong></span> <span class='ocrx_word' id='word_1_181' title='bbox 2832 1343 2955 1399; x_wconf 79' lang='lat' dir='ltr'><strong>vide</strong></span> <span class='ocrx_word' id='word_1_182' title='bbox 2994 1345 3158 1398; x_wconf 88' lang='lat' dir='ltr'><strong>etiam</strong></span> <span class='ocrx_word' id='word_1_183' title='bbox 3185 1361 3305 1415; x_wconf 83' lang='lat' dir='ltr'><strong>pag.</strong></span> <span class='ocrx_word' id='word_1_184' title='bbox 3343 1345 3425 1407; x_wconf 77' lang='lat' dir='ltr'><strong>l5,</strong></span> <span class='ocrx_word' id='word_1_185' title='bbox 3483 1345 3575 1398; x_wconf 92' lang='lat' dir='ltr'><strong>ubi</strong></span> <span class='ocrx_word' id='word_1_186' title='bbox 3608 1345 3674 1399; x_wconf 93' lang='lat' dir='ltr'><strong>de</strong></span> <span class='ocrx_word' id='word_1_187' title='bbox 3712 1346 3816 1399; x_wconf 87' lang='lat' dir='ltr'><strong>alia</strong></span> <span class='ocrx_word' id='word_1_188' title='bbox 3840 1344 3991 1399; x_wconf 77' lang='lat' dir='ltr'><strong>Con-</strong></span> 
     </span>
    </p>
   </div>
   <div class='ocr_carea' id='block_1_14' title="bbox 758 1427 2399 1501">
    <p class='ocr_par' dir='ltr' id='par_1_14' title="bbox 758 1427 2399 1501">
     <span class='ocr_line' id='line_1_14' title="bbox 758 1427 2399 1501; baseline -0.002 -18"><span class='ocrx_word' id='word_1_189' title='bbox 758 1431 981 1485; x_wconf 76' lang='lat' dir='ltr'><strong>stantini</strong></span> <span class='ocrx_word' id='word_1_190' title='bbox 1020 1431 1181 1501; x_wconf 83' lang='lat' dir='ltr'><strong>hujus</strong></span> <span class='ocrx_word' id='word_1_191' title='bbox 1202 1429 1597 1483; x_wconf 89' lang='lat' dir='ltr'><strong>constitutione</strong></span> <span class='ocrx_word' id='word_1_192' title='bbox 1623 1431 1749 1497; x_wconf 73' lang='grc' dir='ltr'><strong>περὶ</strong></span> <span class='ocrx_word' id='word_1_193' title='bbox 1776 1428 1869 1480; x_wconf 72' lang='grc' dir='ltr'>τοῦ</span> <span class='ocrx_word' id='word_1_194' title='bbox 1902 1427 2399 1497; x_wconf 69' lang='grc' dir='ltr'><strong>ὰ-ιαοεματίζεςϐαι</strong></span> 
     </span>
    </p>
   </div>
   <div class='ocr_carea' id='block_1_15' title="bbox 2350 1427 3991 1501">
    <p class='ocr_par' dir='ltr' id='par_1_15' title="bbox 2350 1430 3991 1501">
     <span class='ocr_line' id='line_1_15' title="bbox 2350 1430 3991 1501; baseline 0.002 -20"><span class='ocrx_word' id='word_1_195' title='bbox 2350 1446 2401 1481; x_wconf 69' lang='grc' dir='ltr'>αι</span> <span class='ocrx_word' id='word_1_196' title='bbox 2434 1430 2558 1490; x_wconf 70' lang='grc' dir='ltr'><strong>τοὺς</strong></span> <span class='ocrx_word' id='word_1_197' title='bbox 2592 1430 2905 1492; x_wconf 79' lang='grc' dir='ltr'><strong>ἀποστάτας</strong></span> <span class='ocrx_word' id='word_1_198' title='bbox 2932 1433 3024 1484; x_wconf 72' lang='grc' dir='ltr'><strong>καὶ</strong></span> <span class='ocrx_word' id='word_1_199' title='bbox 3078 1431 3456 1501; x_wconf 70' lang='grc' dir='ltr'><strong>μωλταρὶους.</strong></span> <span class='ocrx_word' id='word_1_200' title='bbox 3504 1431 3843 1486; x_wconf 86' lang='lat' dir='ltr'><strong>Constitutio</strong></span> <span class='ocrx_word' id='word_1_201' title='bbox 3904 1435 3991 1491; x_wconf 67' lang='lat' dir='ltr'><strong>l3.</strong></span> 
     </span>
    </p>
   </div>
   <div class='ocr_carea' id='block_1_16' title="bbox 759 1521 2400 1594">
    <p class='ocr_par' dir='ltr' id='par_1_16' title="bbox 759 1521 2400 1594">
     <span class='ocr_line' id='line_1_16' title="bbox 759 1521 2400 1594; baseline -0.004 -17"><span class='ocrx_word' id='word_1_202' title='bbox 759 1526 891 1594; x_wconf 82' lang='grc' dir='ltr'><strong>Περί</strong></span> <span class='ocrx_word' id='word_1_203' title='bbox 926 1524 1278 1591; x_wconf 72' lang='grc' dir='ltr'><strong>πολυγὰμων,</strong></span> <span class='ocrx_word' id='word_1_204' title='bbox 1309 1521 1575 1575; x_wconf 81' lang='lat' dir='ltr'><strong>adversus</strong></span> <span class='ocrx_word' id='word_1_205' title='bbox 1606 1528 1831 1589; x_wconf 87' lang='lat' dir='ltr'><strong>quartas</strong></span> <span class='ocrx_word' id='word_1_206' title='bbox 1862 1522 2100 1590; x_wconf 87' lang='lat' dir='ltr'><strong>nuptias,</strong></span> <span class='ocrx_word' id='word_1_207' title='bbox 2134 1521 2329 1574; x_wconf 86' lang='lat' dir='ltr'><strong>eodem</strong></span> <span class='ocrx_word' id='word_1_208' title='bbox 2370 1522 2400 1573; x_wconf 75' lang='lat' dir='ltr'><strong>li</strong></span> 
     </span>
    </p>
   </div>
   <div class='ocr_carea' id='block_1_17' title="bbox 2349 1521 3990 1594">
    <p class='ocr_par' dir='ltr' id='par_1_17' title="bbox 2370 1521 3990 1593">
     <span class='ocr_line' id='line_1_17' title="bbox 2370 1521 3990 1593; baseline 0.001 -20"><span class='ocrx_word' id='word_1_209' title='bbox 2370 1522 2491 1575; x_wconf 79' lang='lat' dir='ltr'><strong>locn</strong></span> <span class='ocrx_word' id='word_1_210' title='bbox 2550 1521 2750 1589; x_wconf 81' lang='lat' dir='ltr'><strong>legitur</strong></span> <span class='ocrx_word' id='word_1_211' title='bbox 2784 1538 2907 1593; x_wconf 89' lang='lat' dir='ltr'><strong>pag.</strong></span> <span class='ocrx_word' id='word_1_212' title='bbox 2948 1523 3010 1576; x_wconf 82' lang='grc'><strong>16</strong></span> <span class='ocrx_word' id='word_1_213' title='bbox 3077 1540 3161 1593; x_wconf 91' lang='lat' dir='ltr'><strong>sq.</strong></span> <span class='ocrx_word' id='word_1_214' title='bbox 3223 1525 3379 1579; x_wconf 72' lang='lat' dir='ltr'><strong>FABR.</strong></span> <span class='ocrx_word' id='word_1_215' title='bbox 3414 1553 3481 1564; x_wconf 96' lang='lat'><strong>—</strong></span> <span class='ocrx_word' id='word_1_216' title='bbox 3523 1523 3580 1577; x_wconf 85' lang='lat' dir='ltr'><strong>In</strong></span> <span class='ocrx_word' id='word_1_217' title='bbox 3647 1523 3990 1593; x_wconf 80' lang='lat' dir='ltr'><strong>quibusdam</strong></span> 
     </span>
    </p>
   </div>
   <div class='ocr_carea' id='block_1_18' title="bbox 758 1607 3997 1680">
    <p class='ocr_par' dir='ltr' id='par_1_18' title="bbox 758 1607 3997 1680">
     <span class='ocr_line' id='line_1_18' title="bbox 758 1607 3997 1680; baseline -0.001 -16"><span class='ocrx_word' id='word_1_218' title='bbox 758 1613 918 1667; x_wconf 66' lang='lat' dir='ltr'><strong>codd.</strong></span> <span class='ocrx_word' id='word_1_219' title='bbox 960 1612 1094 1665; x_wconf 86' lang='lat' dir='ltr'><strong>bibl.</strong></span> <span class='ocrx_word' id='word_1_220' title='bbox 1127 1611 1290 1664; x_wconf 89' lang='lat' dir='ltr'><strong>Laur.</strong></span> <span class='ocrx_word' id='word_1_221' title='bbox 1328 1608 1465 1662; x_wconf 78' lang='lat' dir='ltr'><strong>Med.</strong></span> <span class='ocrx_word' id='word_1_222' title='bbox 1506 1608 1750 1662; x_wconf 86' lang='lat' dir='ltr'><strong>Florent.</strong></span> <span class='ocrx_word' id='word_1_223' title='bbox 1781 1607 2209 1662; x_wconf 85' lang='lat' dir='ltr'><strong>suntConslaut.</strong></span> <span class='ocrx_word' id='word_1_224' title='bbox 2241 1609 2508 1679; x_wconf 75' lang='lat' dir='ltr'><strong>Porphyr.</strong></span> <span class='ocrx_word' id='word_1_225' title='bbox 2555 1610 2810 1674; x_wconf 59' lang='lat' dir='ltr'><strong>Novella,</strong></span> <span class='ocrx_word' id='word_1_226' title='bbox 2851 1611 2999 1680; x_wconf 81' lang='lat' dir='ltr'><strong>leges</strong></span> <span class='ocrx_word' id='word_1_227' title='bbox 3029 1621 3193 1680; x_wconf 89' lang='lat' dir='ltr'><strong>atque</strong></span> <span class='ocrx_word' id='word_1_228' title='bbox 3233 1611 3681 1674; x_wconf 81' lang='lat' dir='ltr'><strong>constitutiones,</strong></span> <span class='ocrx_word' id='word_1_229' title='bbox 3711 1628 3846 1680; x_wconf 89' lang='lat' dir='ltr'><strong>quas</strong></span> <span class='ocrx_word' id='word_1_230' title='bbox 3878 1613 3997 1665; x_wconf 81' lang='lat' dir='ltr'><strong>sin-</strong></span> 
     </span>
    </p>
   </div>
   <div class='ocr_carea' id='block_1_19' title="bbox 759 1696 3990 1770">
    <p class='ocr_par' dir='ltr' id='par_1_19' title="bbox 759 1696 3990 1770">
     <span class='ocr_line' id='line_1_19' title="bbox 759 1696 3990 1770; baseline -0.001 -15"><span class='ocrx_word' id='word_1_231' title='bbox 759 1703 931 1770; x_wconf 81' lang='lat' dir='ltr'><strong>gulas.</strong></span> <span class='ocrx_word' id='word_1_232' title='bbox 964 1700 1017 1753; x_wconf 89' lang='lat' dir='ltr'><strong>in</strong></span> <span class='ocrx_word' id='word_1_233' title='bbox 1054 1699 1160 1753; x_wconf 89' lang='lat' dir='ltr'><strong>illis</strong></span> <span class='ocrx_word' id='word_1_234' title='bbox 1186 1698 1393 1757; x_wconf 74' lang='lat' dir='ltr'><strong>obvias,</strong></span> <span class='ocrx_word' id='word_1_235' title='bbox 1426 1705 1711 1748; x_wconf 81' lang='lat' dir='ltr'><strong>enumerat</strong></span> <span class='ocrx_word' id='word_1_236' title='bbox 1744 1710 1807 1749; x_wconf 90' lang='lat' dir='ltr'><strong>ac</strong></span> <span class='ocrx_word' id='word_1_237' title='bbox 1842 1704 2102 1748; x_wconf 83' lang='lat' dir='ltr'><strong>recenset</strong></span> <span class='ocrx_word' id='word_1_238' title='bbox 2141 1696 2374 1749; x_wconf 85' lang='lat' dir='ltr'><strong>Bandin.</strong></span> <span class='ocrx_word' id='word_1_239' title='bbox 2408 1697 2462 1749; x_wconf 89' lang='lat' dir='ltr'><strong>in</strong></span> <span class='ocrx_word' id='word_1_240' title='bbox 2496 1696 2616 1751; x_wconf 86' lang='lat' dir='ltr'><strong>Cat.</strong></span> <span class='ocrx_word' id='word_1_241' title='bbox 2653 1697 2817 1752; x_wconf 91' lang='lat' dir='ltr'><strong>codd.</strong></span> <span class='ocrx_word' id='word_1_242' title='bbox 2846 1697 2938 1753; x_wconf 86' lang='lat' dir='ltr'><strong>Gr.</strong></span> <span class='ocrx_word' id='word_1_243' title='bbox 2966 1699 3161 1753; x_wconf 84' lang='lat' dir='ltr'><strong>Medic.</strong></span> <span class='ocrx_word' id='word_1_244' title='bbox 3194 1710 3327 1753; x_wconf 90' lang='lat' dir='ltr'><strong>tom.</strong></span> <span class='ocrx_word' id='word_1_245' title='bbox 3355 1700 3394 1759; x_wconf 89' lang='lat' dir='ltr'><strong>l.</strong></span> <span class='ocrx_word' id='word_1_246' title='bbox 3418 1715 3474 1769; x_wconf 88' lang='lat' dir='ltr'><strong>p.</strong></span> <span class='ocrx_word' id='word_1_247' title='bbox 3510 1699 3636 1761; x_wconf 74' lang='grc'><strong>550,</strong></span> <span class='ocrx_word' id='word_1_248' title='bbox 3662 1698 3900 1760; x_wconf 83' lang='lat' dir='ltr'><strong>cod.&#39;l2,</strong></span> <span class='ocrx_word' id='word_1_249' title='bbox 3932 1716 3990 1752; x_wconf 72' lang='grc' dir='ltr'><strong>ιι.</strong></span> 
     </span>
    </p>
   </div>
   <div class='ocr_carea' id='block_1_20' title="bbox 756 1784 3992 1861">
    <p class='ocr_par' dir='ltr' id='par_1_20' title="bbox 756 1784 3992 1861">
     <span class='ocr_line' id='line_1_20' title="bbox 756 1784 3992 1861; baseline -0.001 -19"><span class='ocrx_word' id='word_1_250' title='bbox 756 1792 789 1841; x_wconf 76' lang='lat'><strong>2</strong></span> <span class='ocrx_word' id='word_1_251' title='bbox 819 1800 874 1842; x_wconf 90' lang='lat' dir='ltr'><strong>et</strong></span> <span class='ocrx_word' id='word_1_252' title='bbox 903 1790 955 1851; x_wconf 75' lang='grc'><strong>1,</strong></span> <span class='ocrx_word' id='word_1_253' title='bbox 990 1788 1084 1841; x_wconf 89' lang='lat' dir='ltr'><strong>ubi</strong></span> <span class='ocrx_word' id='word_1_254' title='bbox 1136 1794 1268 1841; x_wconf 89' lang='lat' dir='ltr'><strong>sunt</strong></span> <span class='ocrx_word' id='word_1_255' title='bbox 1306 1785 1453 1838; x_wconf 91' lang='lat' dir='ltr'><strong>illius</strong></span> <span class='ocrx_word' id='word_1_256' title='bbox 1480 1784 1709 1838; x_wconf 77' lang='lat' dir='ltr'><strong>novella:</strong></span> <span class='ocrx_word' id='word_1_257' title='bbox 1744 1784 1802 1836; x_wconf 86' lang='lat' dir='ltr'><strong>ll</strong></span> <span class='ocrx_word' id='word_1_258' title='bbox 1842 1784 1895 1836; x_wconf 92' lang='lat' dir='ltr'><strong>in</strong></span> <span class='ocrx_word' id='word_1_259' title='bbox 1951 1784 2335 1853; x_wconf 87' lang='lat' dir='ltr'><strong>compendium</strong></span> <span class='ocrx_word' id='word_1_260' title='bbox 2405 1788 2659 1843; x_wconf 67' lang='lat' dir='ltr'><strong>redactae.</strong></span> <span class='ocrx_word' id='word_1_261' title='bbox 2693 1819 2761 1831; x_wconf 94' lang='lat'><em>—</em></span> <span class='ocrx_word' id='word_1_262' title='bbox 2789 1789 2923 1843; x_wconf 87' lang='lat' dir='ltr'><strong>Tom</strong></span> <span class='ocrx_word' id='word_1_263' title='bbox 2955 1790 3046 1850; x_wconf 86' lang='grc'><strong>111,</strong></span> <span class='ocrx_word' id='word_1_264' title='bbox 3081 1805 3203 1859; x_wconf 84' lang='lat' dir='ltr'><strong>pag.</strong></span> <span class='ocrx_word' id='word_1_265' title='bbox 3236 1790 3357 1852; x_wconf 81' lang='lat' dir='ltr'><strong>l82,</strong></span> <span class='ocrx_word' id='word_1_266' title='bbox 3386 1789 3506 1843; x_wconf 90' lang='lat' dir='ltr'><strong>cod.</strong></span> <span class='ocrx_word' id='word_1_267' title='bbox 3536 1790 3590 1849; x_wconf 88' lang='lat'><strong>6.</strong></span> <span class='ocrx_word' id='word_1_268' title='bbox 3614 1805 3671 1844; x_wconf 83' lang='grc' dir='ltr'><strong>ιι.</strong></span> <span class='ocrx_word' id='word_1_269' title='bbox 3712 1790 3795 1852; x_wconf 78' lang='lat' dir='ltr'><strong>lli,</strong></span> <span class='ocrx_word' id='word_1_270' title='bbox 3850 1792 3992 1861; x_wconf 85' lang='lat' dir='ltr'><strong>plut.</strong></span> 
     </span>
    </p>
   </div>
   <div class='ocr_carea' id='block_1_21' title="bbox 758 1870 3997 1945">
    <p class='ocr_par' dir='ltr' id='par_1_21' title="bbox 758 1870 3997 1945">
     <span class='ocr_line' id='line_1_21' title="bbox 758 1870 3997 1945; baseline -0.001 -17"><span class='ocrx_word' id='word_1_271' title='bbox 758 1880 843 1931; x_wconf 79' lang='grc'><strong>80.</strong></span> <span class='ocrx_word' id='word_1_272' title='bbox 879 1908 944 1917; x_wconf 92' lang='grc'><strong>-</strong></span> <span class='ocrx_word' id='word_1_273' title='bbox 976 1878 1101 1945; x_wconf 86' lang='lat' dir='ltr'><strong>Pag.</strong></span> <span class='ocrx_word' id='word_1_274' title='bbox 1131 1874 1247 1939; x_wconf 85' lang='lat' dir='ltr'><strong>I86,</strong></span> <span class='ocrx_word' id='word_1_275' title='bbox 1274 1890 1326 1927; x_wconf 87' lang='grc' dir='ltr'><strong>ιι.</strong></span> <span class='ocrx_word' id='word_1_276' title='bbox 1356 1882 1392 1937; x_wconf 73' lang='lat' dir='ltr'><strong>I,‘</strong></span> <span class='ocrx_word' id='word_1_277' title='bbox 1439 1881 1493 1927; x_wconf 92' lang='lat' dir='ltr'><strong>et</strong></span> <span class='ocrx_word' id='word_1_278' title='bbox 1521 1871 1619 1925; x_wconf 82' lang='grc'><strong>188</strong></span> <span class='ocrx_word' id='word_1_279' title='bbox 1647 1888 1728 1941; x_wconf 93' lang='lat' dir='ltr'><strong>sq.</strong></span> <span class='ocrx_word' id='word_1_280' title='bbox 1768 1888 1821 1926; x_wconf 86' lang='grc' dir='ltr'><strong>ιι.</strong></span> <span class='ocrx_word' id='word_1_281' title='bbox 1857 1872 2004 1931; x_wconf 71' lang='grc'><strong>4-10,</strong></span> <span class='ocrx_word' id='word_1_282' title='bbox 2040 1872 2162 1926; x_wconf 92' lang='lat' dir='ltr'><strong>cod.</strong></span> <span class='ocrx_word' id='word_1_283' title='bbox 2201 1874 2250 1934; x_wconf 91' lang='lat'><strong>7,</strong></span> <span class='ocrx_word' id='word_1_284' title='bbox 2291 1870 2427 1939; x_wconf 91' lang='lat' dir='ltr'><strong>piut.</strong></span> <span class='ocrx_word' id='word_1_285' title='bbox 2456 1871 2543 1936; x_wconf 89' lang='lat'><strong>80,</strong></span> <span class='ocrx_word' id='word_1_286' title='bbox 2571 1887 2691 1941; x_wconf 87' lang='lat' dir='ltr'><strong>pag.</strong></span> <span class='ocrx_word' id='word_1_287' title='bbox 2723 1872 2829 1928; x_wconf 71' lang='grc'><strong>194</strong></span> <span class='ocrx_word' id='word_1_288' title='bbox 2856 1888 2977 1943; x_wconf 89' lang='lat' dir='ltr'><strong>sqq.</strong></span> <span class='ocrx_word' id='word_1_289' title='bbox 3008 1873 3194 1942; x_wconf 87' lang='lat' dir='ltr'><strong>plures</strong></span> <span class='ocrx_word' id='word_1_290' title='bbox 3237 1874 3463 1927; x_wconf 72' lang='lat' dir='ltr'><strong>novella:</strong></span> <span class='ocrx_word' id='word_1_291' title='bbox 3499 1874 3552 1927; x_wconf 89' lang='lat' dir='ltr'><strong>in</strong></span> <span class='ocrx_word' id='word_1_292' title='bbox 3602 1873 3726 1927; x_wconf 92' lang='lat' dir='ltr'><strong>cod.</strong></span> <span class='ocrx_word' id='word_1_293' title='bbox 3782 1873 3847 1926; x_wconf 85' lang='grc'><strong>10</strong></span> <span class='ocrx_word' id='word_1_294' title='bbox 3897 1874 3997 1941; x_wconf 78' lang='lat' dir='ltr'><strong>qui</strong></span> 
     </span>
    </p>
   </div>
   <div class='ocr_carea' id='block_1_22' title="bbox 759 1958 3995 2033">
    <p class='ocr_par' dir='ltr' id='par_1_22' title="bbox 759 1958 3995 2033">
     <span class='ocr_line' id='line_1_22' title="bbox 759 1958 3995 2033; baseline -0.002 -16"><span class='ocrx_word' id='word_1_295' title='bbox 759 1965 1002 2019; x_wconf 74' lang='lat' dir='ltr'><strong>rentiuct</strong></span> <span class='ocrx_word' id='word_1_296' title='bbox 1032 1964 1236 2017; x_wconf 89' lang='lat' dir='ltr'><strong>librum</strong></span> <span class='ocrx_word' id='word_1_297' title='bbox 1284 1964 1487 2031; x_wconf 84' lang='lat' dir='ltr'><strong>legum.</strong></span> <span class='ocrx_word' id='word_1_298' title='bbox 1513 1992 1581 2005; x_wconf 87' lang='lat'><strong>---</strong></span> <span class='ocrx_word' id='word_1_299' title='bbox 1608 1960 1853 2014; x_wconf 79' lang='lat' dir='ltr'><strong>Vcnetiis</strong></span> <span class='ocrx_word' id='word_1_300' title='bbox 1885 1961 1937 2013; x_wconf 94' lang='lat' dir='ltr'><strong>in</strong></span> <span class='ocrx_word' id='word_1_301' title='bbox 1969 1960 2103 2013; x_wconf 89' lang='lat' dir='ltr'><strong>hihl.</strong></span> <span class='ocrx_word' id='word_1_302' title='bbox 2141 1960 2201 2013; x_wconf 93' lang='lat' dir='ltr'><strong>D.</strong></span> <span class='ocrx_word' id='word_1_303' title='bbox 2239 1960 2400 2013; x_wconf 75' lang='lat' dir='ltr'><strong>Marci</strong></span> <span class='ocrx_word' id='word_1_304' title='bbox 2449 1960 2571 2014; x_wconf 88' lang='lat' dir='ltr'><strong>cod.</strong></span> <span class='ocrx_word' id='word_1_305' title='bbox 2623 1958 2745 2023; x_wconf 74' lang='grc'><strong>173,</strong></span> <span class='ocrx_word' id='word_1_306' title='bbox 2785 1960 2975 2014; x_wconf 89' lang='lat' dir='ltr'><strong>Ccnst.</strong></span> <span class='ocrx_word' id='word_1_307' title='bbox 3032 1961 3298 2033; x_wconf 71' lang='lat' dir='ltr'><strong>Porphyr.</strong></span> <span class='ocrx_word' id='word_1_308' title='bbox 3350 1960 3589 2016; x_wconf 72' lang='lat' dir='ltr'><strong>Novella-</strong></span> <span class='ocrx_word' id='word_1_309' title='bbox 3626 1962 3713 2021; x_wconf 85' lang='lat' dir='ltr'><strong>l2,</strong></span> <span class='ocrx_word' id='word_1_310' title='bbox 3760 1977 3995 2031; x_wconf 86' lang='lat' dir='ltr'><strong>quarum</strong></span> 
     </span>
    </p>
   </div>
   <div class='ocr_carea' id='block_1_23' title="bbox 763 2046 3996 2120">
    <p class='ocr_par' dir='ltr' id='par_1_23' title="bbox 763 2046 3996 2120">
     <span class='ocr_line' id='line_1_23' title="bbox 763 2046 3996 2120; baseline -0.001 -15"><span class='ocrx_word' id='word_1_311' title='bbox 763 2052 1027 2120; x_wconf 86' lang='lat' dir='ltr'><strong>principia</strong></span> <span class='ocrx_word' id='word_1_312' title='bbox 1056 2052 1237 2119; x_wconf 87' lang='lat' dir='ltr'><strong>posuit</strong></span> <span class='ocrx_word' id='word_1_313' title='bbox 1272 2059 1462 2104; x_wconf 87' lang='lat' dir='ltr'><strong>auctor</strong></span> <span class='ocrx_word' id='word_1_314' title='bbox 1500 2047 1671 2102; x_wconf 89' lang='lat' dir='ltr'><strong>Catal.</strong></span> <span class='ocrx_word' id='word_1_315' title='bbox 1710 2046 1871 2102; x_wconf 90' lang='lat' dir='ltr'><strong>codd.</strong></span> <span class='ocrx_word' id='word_1_316' title='bbox 1902 2046 1994 2100; x_wconf 83' lang='lat' dir='ltr'><strong>Gr.</strong></span> <span class='ocrx_word' id='word_1_317' title='bbox 2024 2047 2159 2101; x_wconf 74' lang='lat' dir='ltr'><strong>Ven.</strong></span> <span class='ocrx_word' id='word_1_318' title='bbox 2191 2062 2313 2115; x_wconf 81' lang='lat' dir='ltr'><strong>pag.</strong></span> <span class='ocrx_word' id='word_1_319' title='bbox 2349 2048 2467 2101; x_wconf 89' lang='grc'><strong>101.</strong></span> <span class='ocrx_word' id='word_1_320' title='bbox 2499 2048 2634 2102; x_wconf 91' lang='lat' dir='ltr'><strong>Ibid.</strong></span> <span class='ocrx_word' id='word_1_321' title='bbox 2662 2064 2782 2118; x_wconf 83' lang='lat' dir='ltr'><strong>pag.</strong></span> <span class='ocrx_word' id='word_1_322' title='bbox 2823 2048 2922 2101; x_wconf 69' lang='grc'><strong>101</strong></span> <span class='ocrx_word' id='word_1_323' title='bbox 2952 2048 3019 2103; x_wconf 89' lang='lat' dir='ltr'><strong>de</strong></span> <span class='ocrx_word' id='word_1_324' title='bbox 3044 2050 3209 2105; x_wconf 86' lang='lat' dir='ltr'><strong>codd.</strong></span> <span class='ocrx_word' id='word_1_325' title='bbox 3246 2050 3345 2104; x_wconf 86' lang='lat' dir='ltr'><strong>l80</strong></span> <span class='ocrx_word' id='word_1_326' title='bbox 3377 2060 3431 2104; x_wconf 89' lang='lat' dir='ltr'><strong>et</strong></span> <span class='ocrx_word' id='word_1_327' title='bbox 3462 2050 3581 2114; x_wconf 87' lang='grc'><strong>181,</strong></span> <span class='ocrx_word' id='word_1_328' title='bbox 3612 2064 3675 2105; x_wconf 85' lang='lat' dir='ltr'><strong>ac</strong></span> <span class='ocrx_word' id='word_1_329' title='bbox 3724 2065 3846 2119; x_wconf 84' lang='lat' dir='ltr'><strong>pag.</strong></span> <span class='ocrx_word' id='word_1_330' title='bbox 3887 2049 3996 2103; x_wconf 72' lang='lat'><strong>505</strong></span> 
     </span>
    </p>
   </div>
   <div class='ocr_carea' id='block_1_24' title="bbox 760 2136 3998 2210">
    <p class='ocr_par' dir='ltr' id='par_1_24' title="bbox 760 2136 3998 2210">
     <span class='ocr_line' id='line_1_24' title="bbox 760 2136 3998 2210; baseline 0 -20"><span class='ocrx_word' id='word_1_331' title='bbox 760 2145 825 2193; x_wconf 58' lang='lat' dir='ltr'><strong>«te</strong></span> <span class='ocrx_word' id='word_1_332' title='bbox 861 2142 985 2194; x_wconf 90' lang='lat' dir='ltr'><strong>cod.</strong></span> <span class='ocrx_word' id='word_1_333' title='bbox 1021 2140 1146 2199; x_wconf 77' lang='lat'><strong>579,</strong></span> <span class='ocrx_word' id='word_1_334' title='bbox 1196 2140 1290 2210; x_wconf 89' lang='lat' dir='ltr'><strong>qui</strong></span> <span class='ocrx_word' id='word_1_335' title='bbox 1338 2139 1627 2193; x_wconf 87' lang='lat' dir='ltr'><strong>continent</strong></span> <span class='ocrx_word' id='word_1_336' title='bbox 1656 2137 1900 2207; x_wconf 76' lang='lat' dir='ltr'><strong>eclogam</strong></span> <span class='ocrx_word' id='word_1_337' title='bbox 1956 2137 2132 2205; x_wconf 86' lang='lat' dir='ltr'><strong>legum</strong></span> <span class='ocrx_word' id='word_1_338' title='bbox 2165 2136 2369 2197; x_wconf 88' lang='lat' dir='ltr'><strong>Basilii,</strong></span> <span class='ocrx_word' id='word_1_339' title='bbox 2425 2136 2622 2190; x_wconf 89' lang='lat' dir='ltr'><strong>Leonis</strong></span> <span class='ocrx_word' id='word_1_340' title='bbox 2671 2148 2725 2190; x_wconf 87' lang='lat' dir='ltr'><strong>et</strong></span> <span class='ocrx_word' id='word_1_341' title='bbox 2763 2137 3128 2199; x_wconf 85' lang='lat' dir='ltr'><strong>Constantini.</strong></span> <span class='ocrx_word' id='word_1_342' title='bbox 3196 2140 3407 2208; x_wconf 87' lang='lat' dir='ltr'><strong>impp.;</strong></span> <span class='ocrx_word' id='word_1_343' title='bbox 3450 2138 3626 2208; x_wconf 90' lang='lat' dir='ltr'><strong>primo</strong></span> <span class='ocrx_word' id='word_1_344' title='bbox 3667 2138 3793 2193; x_wconf 91' lang='lat' dir='ltr'><strong>cod.</strong></span> <span class='ocrx_word' id='word_1_345' title='bbox 3851 2138 3998 2191; x_wconf 81' lang='lat' dir='ltr'><strong>inest</strong></span> 
     </span>
    </p>
   </div>
   <div class='ocr_carea' id='block_1_25' title="bbox 756 2221 3990 2297">
    <p class='ocr_par' dir='ltr' id='par_1_25' title="bbox 756 2221 3990 2297">
     <span class='ocr_line' id='line_1_25' title="bbox 756 2221 3990 2297; baseline -0.003 -14"><span class='ocrx_word' id='word_1_346' title='bbox 756 2229 944 2284; x_wconf 91' lang='lat' dir='ltr'><strong>Const.</strong></span> <span class='ocrx_word' id='word_1_347' title='bbox 991 2228 1190 2297; x_wconf 82' lang='lat' dir='ltr'><strong>Porph.</strong></span> <span class='ocrx_word' id='word_1_348' title='bbox 1232 2227 1444 2281; x_wconf 83' lang='lat' dir='ltr'><strong>novella</strong></span> <span class='ocrx_word' id='word_1_349' title='bbox 1469 2227 1535 2279; x_wconf 84' lang='lat' dir='ltr'><strong>de</strong></span> <span class='ocrx_word' id='word_1_350' title='bbox 1559 2225 1893 2294; x_wconf 67' lang='lat' dir='ltr'><strong>praelationc.</strong></span> <span class='ocrx_word' id='word_1_351' title='bbox 1928 2253 1995 2264; x_wconf 94' lang='lat'><strong>—</strong></span> <span class='ocrx_word' id='word_1_352' title='bbox 2034 2224 2369 2277; x_wconf 61' lang='lat' dir='ltr'><strong>\‘indobonie</strong></span> <span class='ocrx_word' id='word_1_353' title='bbox 2398 2223 2451 2275; x_wconf 90' lang='lat' dir='ltr'><strong>in</strong></span> <span class='ocrx_word' id='word_1_354' title='bbox 2494 2222 2629 2275; x_wconf 88' lang='lat' dir='ltr'><strong>bibl.</strong></span> <span class='ocrx_word' id='word_1_355' title='bbox 2675 2221 2923 2279; x_wconf 59' lang='lat' dir='ltr'><strong>Ciesarea</strong></span> <span class='ocrx_word' id='word_1_356' title='bbox 2955 2225 3080 2280; x_wconf 88' lang='lat' dir='ltr'><strong>cod.</strong></span> <span class='ocrx_word' id='word_1_357' title='bbox 3115 2226 3203 2285; x_wconf 70' lang='grc'><strong>53,</strong></span> <span class='ocrx_word' id='word_1_358' title='bbox 3234 2242 3287 2279; x_wconf 89' lang='grc' dir='ltr'><strong>ιι.</strong></span> <span class='ocrx_word' id='word_1_359' title='bbox 3328 2226 3418 2284; x_wconf 77' lang='lat' dir='ltr'><strong>l5.</strong></span> <span class='ocrx_word' id='word_1_360' title='bbox 3475 2224 3665 2281; x_wconf 84' lang='lat' dir='ltr'><strong>Const.</strong></span> <span class='ocrx_word' id='word_1_361' title='bbox 3721 2224 3990 2294; x_wconf 60' lang='lat' dir='ltr'><strong>Porphjr.</strong></span> 
     </span>
    </p>
   </div>
   <div class='ocr_carea' id='block_1_26' title="bbox 759 2310 3991 2387">
    <p class='ocr_par' dir='ltr' id='par_1_26' title="bbox 759 2310 3991 2387">
     <span class='ocr_line' id='line_1_26' title="bbox 759 2310 3991 2387; baseline -0.001 -16"><span class='ocrx_word' id='word_1_362' title='bbox 759 2328 1141 2387; x_wconf 75' lang='lat' dir='ltr'><strong>argumentum</strong></span> <span class='ocrx_word' id='word_1_363' title='bbox 1180 2315 1310 2369; x_wconf 88' lang='lat' dir='ltr'><strong>tomi</strong></span> <span class='ocrx_word' id='word_1_364' title='bbox 1362 2312 1625 2368; x_wconf 71' lang='lat' dir='ltr'><strong>unitioeis</strong></span> <span class='ocrx_word' id='word_1_365' title='bbox 1679 2311 1939 2367; x_wconf 67' lang='lat' dir='ltr'><strong>Ecclesia:</strong></span> <span class='ocrx_word' id='word_1_366' title='bbox 1981 2311 2034 2366; x_wconf 90' lang='lat' dir='ltr'><strong>in</strong></span> <span class='ocrx_word' id='word_1_367' title='bbox 2070 2326 2232 2366; x_wconf 88' lang='lat' dir='ltr'><strong>causa</strong></span> <span class='ocrx_word' id='word_1_368' title='bbox 2267 2322 2581 2380; x_wconf 85' lang='lat' dir='ltr'><strong>quartaium</strong></span> <span class='ocrx_word' id='word_1_369' title='bbox 2641 2313 2980 2381; x_wconf 88' lang='lat' dir='ltr'><strong>nuptiarum,</strong></span> <span class='ocrx_word' id='word_1_370' title='bbox 3012 2323 3119 2367; x_wconf 86' lang='lat' dir='ltr'><strong>etc.</strong></span> <span class='ocrx_word' id='word_1_371' title='bbox 3175 2314 3236 2367; x_wconf 64' lang='grc' dir='ltr'><strong>Υ.</strong></span> <span class='ocrx_word' id='word_1_372' title='bbox 3298 2312 3549 2367; x_wconf 85' lang='lat' dir='ltr'><strong>lambec.</strong></span> <span class='ocrx_word' id='word_1_373' title='bbox 3589 2310 3801 2367; x_wconf 86' lang='lat' dir='ltr'><strong>Comm.</strong></span> <span class='ocrx_word' id='word_1_374' title='bbox 3850 2313 3991 2369; x_wconf 74' lang='lat' dir='ltr'><strong>Vill.</strong></span> 
     </span>
    </p>
   </div>
   <div class='ocr_carea' id='block_1_27' title="bbox 761 2398 3987 2474">
    <p class='ocr_par' dir='ltr' id='par_1_27' title="bbox 761 2398 3987 2474">
     <span class='ocr_line' id='line_1_27' title="bbox 761 2398 3987 2474; baseline -0.002 -17"><span class='ocrx_word' id='word_1_375' title='bbox 761 2403 981 2474; x_wconf 74' lang='lat' dir='ltr'><strong>p.1009.</strong></span> <span class='ocrx_word' id='word_1_376' title='bbox 1016 2402 1153 2456; x_wconf 79' lang='lat' dir='ltr'><strong>Add.</strong></span> <span class='ocrx_word' id='word_1_377' title='bbox 1191 2418 1243 2471; x_wconf 91' lang='lat' dir='ltr'><strong>p.</strong></span> <span class='ocrx_word' id='word_1_378' title='bbox 1281 2401 1386 2456; x_wconf 79' lang='lat'><strong>938</strong></span> <span class='ocrx_word' id='word_1_379' title='bbox 1413 2416 1495 2469; x_wconf 91' lang='lat' dir='ltr'><strong>sq.</strong></span> <span class='ocrx_word' id='word_1_380' title='bbox 1528 2430 1594 2439; x_wconf 97' lang='lat'><em>—</em></span> <span class='ocrx_word' id='word_1_381' title='bbox 1621 2398 1755 2454; x_wconf 84' lang='lat' dir='ltr'><strong>Cod.</strong></span> <span class='ocrx_word' id='word_1_382' title='bbox 1790 2401 1841 2460; x_wconf 77' lang='grc' dir='ltr'><strong>(ἶ,</strong></span> <span class='ocrx_word' id='word_1_383' title='bbox 1871 2400 2083 2452; x_wconf 83' lang='lat' dir='ltr'><strong>novella</strong></span> <span class='ocrx_word' id='word_1_384' title='bbox 2114 2399 2180 2452; x_wconf 74' lang='lat' dir='ltr'><strong>de.</strong></span> <span class='ocrx_word' id='word_1_385' title='bbox 2214 2400 2546 2453; x_wconf 87' lang='lat' dir='ltr'><strong>alienatione</strong></span> <span class='ocrx_word' id='word_1_386' title='bbox 2585 2398 2899 2462; x_wconf 84' lang='lat' dir='ltr'><strong>l&#39;eudorum,</strong></span> <span class='ocrx_word' id='word_1_387' title='bbox 2931 2408 3039 2454; x_wconf 89' lang='lat' dir='ltr'><strong>etc.</strong></span> <span class='ocrx_word' id='word_1_388' title='bbox 3080 2400 3137 2454; x_wconf 72' lang='grc' dir='ltr'>ν.</span> <span class='ocrx_word' id='word_1_389' title='bbox 3170 2401 3372 2454; x_wconf 82' lang='lat' dir='ltr'><strong>Kollar.</strong></span> <span class='ocrx_word' id='word_1_390' title='bbox 3426 2412 3540 2456; x_wconf 90' lang='lat' dir='ltr'><strong>not.</strong></span> <span class='ocrx_word' id='word_1_391' title='bbox 3584 2400 3650 2454; x_wconf 90' lang='lat' dir='ltr'><strong>ad</strong></span> <span class='ocrx_word' id='word_1_392' title='bbox 3710 2399 3987 2454; x_wconf 72' lang='lat' dir='ltr'><strong>Lambecii</strong></span> 
     </span>
    </p>
   </div>
   <div class='ocr_carea' id='block_1_28' title="bbox 759 2487 2400 2560">
    <p class='ocr_par' dir='ltr' id='par_1_28' title="bbox 759 2487 2400 2560">
     <span class='ocr_line' id='line_1_28' title="bbox 759 2487 2400 2560; baseline -0.003 -14"><span class='ocrx_word' id='word_1_393' title='bbox 759 2491 971 2546; x_wconf 85' lang='lat' dir='ltr'><strong>Comm.</strong></span> <span class='ocrx_word' id='word_1_394' title='bbox 1006 2490 1094 2552; x_wconf 73' lang='grc' dir='ltr'><strong>γι,</strong></span> <span class='ocrx_word' id='word_1_395' title='bbox 1130 2499 1269 2559; x_wconf 88' lang='lat' dir='ltr'><strong>part.</strong></span> <span class='ocrx_word' id='word_1_396' title='bbox 1308 2507 1347 2552; x_wconf 91' lang='grc' dir='ltr'>ι,</span> <span class='ocrx_word' id='word_1_397' title='bbox 1376 2506 1429 2560; x_wconf 93' lang='lat' dir='ltr'><strong>p.</strong></span> <span class='ocrx_word' id='word_1_398' title='bbox 1466 2490 1553 2544; x_wconf 78' lang='grc'><strong>55.</strong></span> <span class='ocrx_word' id='word_1_399' title='bbox 1590 2519 1658 2527; x_wconf 88' lang='grc'><strong>-</strong></span> <span class='ocrx_word' id='word_1_400' title='bbox 1681 2488 1813 2542; x_wconf 80' lang='lat' dir='ltr'><strong>Alia:</strong></span> <span class='ocrx_word' id='word_1_401' title='bbox 1838 2487 1971 2542; x_wconf 88' lang='lat' dir='ltr'><strong>ibid.</strong></span> <span class='ocrx_word' id='word_1_402' title='bbox 2003 2504 2054 2556; x_wconf 89' lang='lat' dir='ltr'><strong>p.</strong></span> <span class='ocrx_word' id='word_1_403' title='bbox 2092 2487 2153 2541; x_wconf 89' lang='grc'><strong>10</strong></span> <span class='ocrx_word' id='word_1_404' title='bbox 2182 2503 2262 2556; x_wconf 87' lang='lat' dir='ltr'><strong>sq.</strong></span> <span class='ocrx_word' id='word_1_405' title='bbox 2314 2489 2400 2541; x_wconf 49' lang='lat' dir='ltr'><strong>ini</strong></span> 
     </span>
    </p>
   </div>
   <div class='ocr_carea' id='block_1_29' title="bbox 2352 2487 3993 2560">
    <p class='ocr_par' dir='ltr' id='par_1_29' title="bbox 2352 2487 3993 2559">
     <span class='ocr_line' id='line_1_29' title="bbox 2352 2487 3993 2559; baseline 0 -18"><span class='ocrx_word' id='word_1_406' title='bbox 2352 2487 2519 2541; x_wconf 80' lang='grc' dir='ltr'>ιοοὰ.</span> <span class='ocrx_word' id='word_1_407' title='bbox 2553 2488 2605 2550; x_wconf 93' lang='lat'><strong>2,</strong></span> <span class='ocrx_word' id='word_1_408' title='bbox 2651 2504 2706 2541; x_wconf 90' lang='grc' dir='ltr'><strong>ιι.</strong></span> <span class='ocrx_word' id='word_1_409' title='bbox 2735 2487 2847 2542; x_wconf 90' lang='lat' dir='ltr'><strong>2ct</strong></span> <span class='ocrx_word' id='word_1_410' title='bbox 2888 2488 2939 2542; x_wconf 70' lang='grc'>4.</span> <span class='ocrx_word' id='word_1_411' title='bbox 2973 2519 3039 2527; x_wconf 94' lang='grc'><strong>-</strong></span> <span class='ocrx_word' id='word_1_412' title='bbox 3068 2489 3194 2559; x_wconf 88' lang='lat' dir='ltr'><strong>Pag.</strong></span> <span class='ocrx_word' id='word_1_413' title='bbox 3230 2488 3320 2544; x_wconf 75' lang='lat'><strong>56.</strong></span> <span class='ocrx_word' id='word_1_414' title='bbox 3373 2489 3428 2543; x_wconf 90' lang='lat' dir='ltr'><strong>in</strong></span> <span class='ocrx_word' id='word_1_415' title='bbox 3460 2488 3583 2543; x_wconf 90' lang='lat' dir='ltr'><strong>cod.</strong></span> <span class='ocrx_word' id='word_1_416' title='bbox 3634 2490 3689 2551; x_wconf 80' lang='grc'><strong>5,</strong></span> <span class='ocrx_word' id='word_1_417' title='bbox 3722 2505 3775 2541; x_wconf 92' lang='grc' dir='ltr'>ιι.</span> <span class='ocrx_word' id='word_1_418' title='bbox 3809 2489 3892 2552; x_wconf 89' lang='grc'><strong>11,</strong></span> <span class='ocrx_word' id='word_1_419' title='bbox 3932 2490 3993 2541; x_wconf 83' lang='grc'><strong>19</strong></span> 
     </span>
    </p>
   </div>
   <div class='ocr_carea' id='block_1_30' title="bbox 759 2574 3992 2647">
    <p class='ocr_par' dir='ltr' id='par_1_30' title="bbox 759 2574 3992 2647">
     <span class='ocr_line' id='line_1_30' title="bbox 759 2574 3992 2647; baseline -0.001 -15"><span class='ocrx_word' id='word_1_420' title='bbox 759 2588 819 2634; x_wconf 87' lang='lat' dir='ltr'><strong>et</strong></span> <span class='ocrx_word' id='word_1_421' title='bbox 854 2578 946 2633; x_wconf 74' lang='lat'><strong>23.</strong></span> <span class='ocrx_word' id='word_1_422' title='bbox 975 2608 1044 2619; x_wconf 90' lang='lat'><strong>——</strong></span> <span class='ocrx_word' id='word_1_423' title='bbox 1068 2578 1124 2632; x_wconf 89' lang='lat' dir='ltr'><strong>In</strong></span> <span class='ocrx_word' id='word_1_424' title='bbox 1155 2577 1277 2632; x_wconf 90' lang='lat' dir='ltr'><strong>cod.</strong></span> <span class='ocrx_word' id='word_1_425' title='bbox 1308 2578 1398 2639; x_wconf 74' lang='grc'><strong>43,</strong></span> <span class='ocrx_word' id='word_1_426' title='bbox 1436 2593 1491 2630; x_wconf 91' lang='grc' dir='ltr'><strong>ιι.</strong></span> <span class='ocrx_word' id='word_1_427' title='bbox 1528 2576 1622 2639; x_wconf 75' lang='lat'><strong>25,</strong></span> <span class='ocrx_word' id='word_1_428' title='bbox 1661 2576 1879 2630; x_wconf 86' lang='lat' dir='ltr'><strong>novella</strong></span> <span class='ocrx_word' id='word_1_429' title='bbox 1902 2574 1937 2628; x_wconf 91' lang='lat'><strong>2</strong></span> <span class='ocrx_word' id='word_1_430' title='bbox 1968 2575 2035 2628; x_wconf 89' lang='lat' dir='ltr'><strong>de</strong></span> <span class='ocrx_word' id='word_1_431' title='bbox 2073 2575 2140 2628; x_wconf 88' lang='lat' dir='ltr'><strong>iis</strong></span> <span class='ocrx_word' id='word_1_432' title='bbox 2172 2575 2264 2643; x_wconf 90' lang='lat' dir='ltr'><strong>qui</strong></span> <span class='ocrx_word' id='word_1_433' title='bbox 2294 2574 2546 2628; x_wconf 90' lang='lat' dir='ltr'><strong>consulto</strong></span> <span class='ocrx_word' id='word_1_434' title='bbox 2587 2576 2766 2630; x_wconf 70' lang='lat' dir='ltr'><strong>caedes</strong></span> <span class='ocrx_word' id='word_1_435' title='bbox 2793 2585 3135 2646; x_wconf 84' lang='lat' dir='ltr'><strong>perpetrant,</strong></span> <span class='ocrx_word' id='word_1_436' title='bbox 3159 2585 3267 2630; x_wconf 88' lang='lat' dir='ltr'><strong>etc.</strong></span> <span class='ocrx_word' id='word_1_437' title='bbox 3302 2577 3365 2631; x_wconf 71' lang='grc' dir='ltr'>γ.</span> <span class='ocrx_word' id='word_1_438' title='bbox 3412 2576 3624 2631; x_wconf 82' lang='lat' dir='ltr'><strong>Kollar.</strong></span> <span class='ocrx_word' id='word_1_439' title='bbox 3675 2575 3869 2647; x_wconf 90' lang='lat' dir='ltr'><strong>Suppl.</strong></span> <span class='ocrx_word' id='word_1_440' title='bbox 3926 2578 3992 2630; x_wconf 88' lang='lat' dir='ltr'><strong>ad</strong></span> 
     </span>
    </p>
   </div>
   <div class='ocr_carea' id='block_1_31' title="bbox 765 2662 4000 2733">
    <p class='ocr_par' dir='ltr' id='par_1_31' title="bbox 765 2662 4000 2733">
     <span class='ocr_line' id='line_1_31' title="bbox 765 2662 4000 2733; baseline -0.002 -14"><span class='ocrx_word' id='word_1_441' title='bbox 765 2666 1039 2721; x_wconf 89' lang='lat' dir='ltr'><strong>Lambecii</strong></span> <span class='ocrx_word' id='word_1_442' title='bbox 1067 2664 1305 2729; x_wconf 78' lang='lat' dir='ltr'><strong>Comm,</strong></span> <span class='ocrx_word' id='word_1_443' title='bbox 1333 2680 1387 2733; x_wconf 91' lang='lat' dir='ltr'><strong>p.</strong></span> <span class='ocrx_word' id='word_1_444' title='bbox 1414 2664 1518 2717; x_wconf 78' lang='lat'><strong>237</strong></span> <span class='ocrx_word' id='word_1_445' title='bbox 1539 2679 1622 2732; x_wconf 91' lang='lat' dir='ltr'><strong>sq.</strong></span> <span class='ocrx_word' id='word_1_446' title='bbox 1664 2694 1725 2702; x_wconf 92' lang='lat'><strong><em>—</em></strong></span> <span class='ocrx_word' id='word_1_447' title='bbox 1758 2664 1933 2717; x_wconf 89' lang='lat' dir='ltr'><strong>Paris.</strong></span> <span class='ocrx_word' id='word_1_448' title='bbox 1971 2662 2025 2715; x_wconf 90' lang='lat' dir='ltr'><strong>in</strong></span> <span class='ocrx_word' id='word_1_449' title='bbox 2059 2662 2193 2715; x_wconf 86' lang='lat' dir='ltr'><strong>bibl.</strong></span> <span class='ocrx_word' id='word_1_450' title='bbox 2229 2662 2376 2729; x_wconf 89' lang='lat' dir='ltr'><strong>publ.</strong></span> <span class='ocrx_word' id='word_1_451' title='bbox 2420 2663 2584 2715; x_wconf 86' lang='lat' dir='ltr'><strong>codd.</strong></span> <span class='ocrx_word' id='word_1_452' title='bbox 2616 2663 2903 2725; x_wconf 88' lang='lat' dir='ltr'><strong>tredecim,</strong></span> <span class='ocrx_word' id='word_1_453' title='bbox 2957 2664 3120 2717; x_wconf 88' lang='lat' dir='ltr'><strong>modo</strong></span> <span class='ocrx_word' id='word_1_454' title='bbox 3151 2665 3208 2716; x_wconf 88' lang='lat' dir='ltr'><strong>ll</strong></span> <span class='ocrx_word' id='word_1_455' title='bbox 3268 2663 3498 2717; x_wconf 62' lang='lat' dir='ltr'><strong>novella</strong></span> <span class='ocrx_word' id='word_1_456' title='bbox 3546 2663 3832 2717; x_wconf 70' lang='lat' dir='ltr'><strong>illarumre</strong></span> <span class='ocrx_word' id='word_1_457' title='bbox 3880 2665 4000 2730; x_wconf 79' lang='lat' dir='ltr'><strong>epi-</strong></span> 
     </span>
    </p>
   </div>
   <div class='ocr_carea' id='block_1_32' title="bbox 765 2748 3998 2821">
    <p class='ocr_par' dir='ltr' id='par_1_32' title="bbox 765 2748 3998 2821">
     <span class='ocr_line' id='line_1_32' title="bbox 765 2748 3998 2821; baseline -0.001 -15"><span class='ocrx_word' id='word_1_458' title='bbox 765 2763 932 2817; x_wconf 91' lang='lat' dir='ltr'><strong>tome,</strong></span> <span class='ocrx_word' id='word_1_459' title='bbox 962 2752 1122 2807; x_wconf 90' lang='lat' dir='ltr'><strong>modo</strong></span> <span class='ocrx_word' id='word_1_460' title='bbox 1161 2751 1391 2821; x_wconf 87' lang='lat' dir='ltr'><strong>aliquot,</strong></span> <span class='ocrx_word' id='word_1_461' title='bbox 1430 2750 1592 2803; x_wconf 89' lang='lat' dir='ltr'><strong>modo</strong></span> <span class='ocrx_word' id='word_1_462' title='bbox 1634 2749 1854 2807; x_wconf 87' lang='lat' dir='ltr'><strong>Leonis.</strong></span> <span class='ocrx_word' id='word_1_463' title='bbox 1886 2749 2232 2803; x_wconf 85' lang='lat' dir='ltr'><strong>Constantini</strong></span> <span class='ocrx_word' id='word_1_464' title='bbox 2269 2760 2324 2803; x_wconf 88' lang='lat' dir='ltr'><strong>et</strong></span> <span class='ocrx_word' id='word_1_465' title='bbox 2354 2748 2539 2803; x_wconf 84' lang='lat' dir='ltr'><strong>Basilii</strong></span> <span class='ocrx_word' id='word_1_466' title='bbox 2574 2751 2993 2819; x_wconf 88' lang='lat' dir='ltr'><strong>epitomejuris,</strong></span> <span class='ocrx_word' id='word_1_467' title='bbox 3023 2751 3075 2803; x_wconf 91' lang='lat' dir='ltr'><strong>iu</strong></span> <span class='ocrx_word' id='word_1_468' title='bbox 3103 2752 3171 2804; x_wconf 69' lang='grc'><strong>10</strong></span> <span class='ocrx_word' id='word_1_469' title='bbox 3195 2752 3385 2804; x_wconf 81' lang='lat' dir='ltr'><strong>titulos</strong></span> <span class='ocrx_word' id='word_1_470' title='bbox 3407 2750 3603 2805; x_wconf 84' lang='lat' dir='ltr'><strong>divisa.</strong></span> <span class='ocrx_word' id='word_1_471' title='bbox 3636 2750 3760 2803; x_wconf 76' lang='lat' dir='ltr'><strong>Vid.</strong></span> <span class='ocrx_word' id='word_1_472' title='bbox 3786 2750 3900 2805; x_wconf 88' lang='lat' dir='ltr'><strong>ind.</strong></span> <span class='ocrx_word' id='word_1_473' title='bbox 3927 2751 3998 2803; x_wconf 84' lang='lat' dir='ltr'><strong>ad</strong></span> 
     </span>
    </p>
   </div>
   <div class='ocr_carea' id='block_1_33' title="bbox 762 2834 3999 2906">
    <p class='ocr_par' dir='ltr' id='par_1_33' title="bbox 762 2834 3999 2906">
     <span class='ocr_line' id='line_1_33' title="bbox 762 2834 3999 2906; baseline -0.001 -12"><span class='ocrx_word' id='word_1_474' title='bbox 762 2839 873 2894; x_wconf 80' lang='lat' dir='ltr'><strong>vol.</strong></span> <span class='ocrx_word' id='word_1_475' title='bbox 910 2840 952 2895; x_wconf 91' lang='lat' dir='ltr'><strong>ll</strong></span> <span class='ocrx_word' id='word_1_476' title='bbox 975 2837 1091 2895; x_wconf 90' lang='lat' dir='ltr'><strong>Cat.</strong></span> <span class='ocrx_word' id='word_1_477' title='bbox 1122 2838 1319 2899; x_wconf 86' lang='lat' dir='ltr'><strong>Paris.,</strong></span> <span class='ocrx_word' id='word_1_478' title='bbox 1344 2851 1464 2891; x_wconf 85' lang='lat' dir='ltr'><strong>voc.</strong></span> <span class='ocrx_word' id='word_1_479' title='bbox 1496 2835 1778 2890; x_wconf 80' lang='lat' dir='ltr'><strong>Constant.</strong></span> <span class='ocrx_word' id='word_1_480' title='bbox 1816 2834 2143 2905; x_wconf 77' lang='lat' dir='ltr'><strong>Porphyrog.</strong></span> <span class='ocrx_word' id='word_1_481' title='bbox 2172 2868 2234 2876; x_wconf 90' lang='lat'>—</span> <span class='ocrx_word' id='word_1_482' title='bbox 2260 2836 2316 2889; x_wconf 93' lang='lat' dir='ltr'><strong>In</strong></span> <span class='ocrx_word' id='word_1_483' title='bbox 2343 2836 2465 2891; x_wconf 90' lang='lat' dir='ltr'><strong>cod.</strong></span> <span class='ocrx_word' id='word_1_484' title='bbox 2493 2835 2754 2890; x_wconf 85' lang='lat' dir='ltr'><strong>Escorial.</strong></span> <span class='ocrx_word' id='word_1_485' title='bbox 2790 2834 3077 2890; x_wconf 89' lang='lat' dir='ltr'><strong>Constant.</strong></span> <span class='ocrx_word' id='word_1_486' title='bbox 3129 2836 3400 2906; x_wconf 76' lang='lat' dir='ltr'><strong>Porphyr.</strong></span> <span class='ocrx_word' id='word_1_487' title='bbox 3451 2845 3507 2890; x_wconf 90' lang='lat' dir='ltr'><strong>et</strong></span> <span class='ocrx_word' id='word_1_488' title='bbox 3547 2836 3780 2891; x_wconf 87' lang='lat' dir='ltr'><strong>aliorum</strong></span> <span class='ocrx_word' id='word_1_489' title='bbox 3824 2838 3999 2905; x_wconf 81' lang='lat' dir='ltr'><strong>impp.</strong></span> 
     </span>
    </p>
   </div>
   <div class='ocr_carea' id='block_1_34' title="bbox 766 2920 4001 2993">
    <p class='ocr_par' dir='ltr' id='par_1_34' title="bbox 766 2920 4001 2993">
     <span class='ocr_line' id='line_1_34' title="bbox 766 2920 4001 2993; baseline -0 -13"><span class='ocrx_word' id='word_1_490' title='bbox 766 2927 1011 2991; x_wconf 61' lang='lat' dir='ltr'><strong>novellae,</strong></span> <span class='ocrx_word' id='word_1_491' title='bbox 1049 2935 1185 2979; x_wconf 88' lang='lat' dir='ltr'><strong>teste</strong></span> <span class='ocrx_word' id='word_1_492' title='bbox 1211 2924 1411 2978; x_wconf 85' lang='lat' dir='ltr'><strong>Pluero</strong></span> <span class='ocrx_word' id='word_1_493' title='bbox 1437 2924 1490 2976; x_wconf 90' lang='lat' dir='ltr'><strong>in</strong></span> <span class='ocrx_word' id='word_1_494' title='bbox 1526 2922 1726 2976; x_wconf 85' lang='lat' dir='ltr'><strong>Itiner.</strong></span> <span class='ocrx_word' id='word_1_495' title='bbox 1764 2937 1856 2989; x_wconf 80' lang='lat' dir='ltr'><strong>per</strong></span> <span class='ocrx_word' id='word_1_496' title='bbox 1884 2920 2133 2990; x_wconf 83' lang='lat' dir='ltr'><strong>Hispan.,</strong></span> <span class='ocrx_word' id='word_1_497' title='bbox 2167 2937 2221 2991; x_wconf 90' lang='lat' dir='ltr'><strong>p.</strong></span> <span class='ocrx_word' id='word_1_498' title='bbox 2256 2922 2372 2976; x_wconf 80' lang='grc'><strong>163.</strong></span> <span class='ocrx_word' id='word_1_499' title='bbox 2419 2952 2486 2960; x_wconf 92' lang='grc'><strong><em>-</em></strong></span> <span class='ocrx_word' id='word_1_500' title='bbox 2516 2922 2737 2976; x_wconf 78' lang='lat' dir='ltr'><strong>Novella</strong></span> <span class='ocrx_word' id='word_1_501' title='bbox 2772 2922 2826 2975; x_wconf 90' lang='lat' dir='ltr'><strong>in</strong></span> <span class='ocrx_word' id='word_1_502' title='bbox 2859 2922 2984 2976; x_wconf 90' lang='lat' dir='ltr'><strong>cod.</strong></span> <span class='ocrx_word' id='word_1_503' title='bbox 3024 2921 3374 2987; x_wconf 76' lang='lat' dir='ltr'><strong>Uﬂ&#39;enbach.,</strong></span> <span class='ocrx_word' id='word_1_504' title='bbox 3419 2938 3569 2977; x_wconf 88' lang='lat' dir='ltr'><strong>nunc</strong></span> <span class='ocrx_word' id='word_1_505' title='bbox 3608 2923 3903 2993; x_wconf 86' lang='lat' dir='ltr'><strong>Lipsiensi.</strong></span> <span class='ocrx_word' id='word_1_506' title='bbox 3930 2929 4001 2980; x_wconf 76' lang='lat' dir='ltr'><strong>de</strong></span> 
     </span>
    </p>
   </div>
   <div class='ocr_carea' id='block_1_35' title="bbox 765 3008 2810 3084">
    <p class='ocr_par' dir='ltr' id='par_1_35' title="bbox 765 3008 2810 3084">
     <span class='ocr_line' id='line_1_35' title="bbox 765 3008 2810 3084; baseline -0.002 -15"><span class='ocrx_word' id='word_1_507' title='bbox 765 3030 875 3084; x_wconf 83' lang='lat' dir='ltr'><strong>quo</strong></span> <span class='ocrx_word' id='word_1_508' title='bbox 902 3013 1059 3083; x_wconf 91' lang='lat' dir='ltr'><strong>plura</strong></span> <span class='ocrx_word' id='word_1_509' title='bbox 1088 3013 1231 3083; x_wconf 84' lang='lat' dir='ltr'><strong>Ieges</strong></span> <span class='ocrx_word' id='word_1_510' title='bbox 1253 3014 1307 3064; x_wconf 90' lang='lat' dir='ltr'><strong>in</strong></span> <span class='ocrx_word' id='word_1_511' title='bbox 1339 3010 1463 3064; x_wconf 84' lang='lat' dir='ltr'><strong>Maii</strong></span> <span class='ocrx_word' id='word_1_512' title='bbox 1491 3008 1629 3063; x_wconf 87' lang='lat' dir='ltr'><strong>Bibl.</strong></span> <span class='ocrx_word' id='word_1_513' title='bbox 1670 3008 1870 3078; x_wconf 78' lang='lat' dir='ltr'><strong>Uﬂ‘enb.</strong></span> <span class='ocrx_word' id='word_1_514' title='bbox 1900 3018 2059 3071; x_wconf 82' lang='lat' dir='ltr'><strong>insta,</strong></span> <span class='ocrx_word' id='word_1_515' title='bbox 2091 3019 2233 3077; x_wconf 83' lang='lat' dir='ltr'><strong>part.</strong></span> <span class='ocrx_word' id='word_1_516' title='bbox 2263 3025 2322 3072; x_wconf 90' lang='grc' dir='ltr'>ιι,</span> <span class='ocrx_word' id='word_1_517' title='bbox 2350 3013 2456 3065; x_wconf 90' lang='lat' dir='ltr'><strong>col.</strong></span> <span class='ocrx_word' id='word_1_518' title='bbox 2489 3012 2611 3066; x_wconf 79' lang='lat'><strong>527.</strong></span> <span class='ocrx_word' id='word_1_519' title='bbox 2644 3011 2810 3065; x_wconf 65' lang='lat' dir='ltr'><strong>Haut.</strong></span> 
     </span>
    </p>
   </div>
   <div class='ocr_carea' id='block_1_36' title="bbox 840 3116 4003 3187">
    <p class='ocr_par' dir='ltr' id='par_1_36' title="bbox 840 3116 4003 3187">
     <span class='ocr_line' id='line_1_36' title="bbox 840 3116 4003 3187; baseline -0.003 -12"><span class='ocrx_word' id='word_1_520' title='bbox 840 3122 1001 3175; x_wconf 83' lang='lat' dir='ltr'><strong>Hisce</strong></span> <span class='ocrx_word' id='word_1_521' title='bbox 1035 3122 1090 3175; x_wconf 89' lang='lat' dir='ltr'><strong>in</strong></span> <span class='ocrx_word' id='word_1_522' title='bbox 1122 3120 1428 3174; x_wconf 85' lang='lat' dir='ltr'><strong>Meursiana</strong></span> <span class='ocrx_word' id='word_1_523' title='bbox 1460 3117 1803 3173; x_wconf 88' lang='lat' dir='ltr'><strong>Constantini</strong></span> <span class='ocrx_word' id='word_1_524' title='bbox 1828 3116 2218 3186; x_wconf 88' lang='lat' dir='ltr'><strong>opusculorum</strong></span> <span class='ocrx_word' id='word_1_525' title='bbox 2246 3116 2487 3173; x_wconf 85' lang='lat' dir='ltr'><strong>editione</strong></span> <span class='ocrx_word' id='word_1_526' title='bbox 2510 3116 2685 3187; x_wconf 84' lang='lat' dir='ltr'><strong>Lugd.</strong></span> <span class='ocrx_word' id='word_1_527' title='bbox 2718 3118 2874 3181; x_wconf 82' lang='grc'><strong>1617,</strong></span> <span class='ocrx_word' id='word_1_528' title='bbox 2901 3117 2954 3181; x_wconf 89' lang='grc'><strong>8,</strong></span> <span class='ocrx_word' id='word_1_529' title='bbox 2982 3120 3124 3187; x_wconf 82' lang='lat' dir='ltr'><strong>(post</strong></span> <span class='ocrx_word' id='word_1_530' title='bbox 3146 3133 3197 3187; x_wconf 92' lang='lat' dir='ltr'><strong>p.</strong></span> <span class='ocrx_word' id='word_1_531' title='bbox 3222 3118 3348 3187; x_wconf 77' lang='lat'><strong>252)</strong></span> <span class='ocrx_word' id='word_1_532' title='bbox 3372 3120 3762 3172; x_wconf 78' lang='lat' dir='ltr'><strong>constitutiones</strong></span> <span class='ocrx_word' id='word_1_533' title='bbox 3782 3118 4003 3171; x_wconf 56' lang='lat' dir='ltr'><strong>novella</strong></span> 
     </span>
    </p>
   </div>
   <div class='ocr_carea' id='block_1_37' title="bbox 766 3199 4000 3280">
    <p class='ocr_par' dir='ltr' id='par_1_37' title="bbox 766 3199 4000 3280">
     <span class='ocr_line' id='line_1_37' title="bbox 766 3199 4000 3280; baseline -0.003 -17"><span class='ocrx_word' id='word_1_534' title='bbox 766 3220 1003 3280; x_wconf 76' lang='lat' dir='ltr'><strong>quatuor</strong></span> <span class='ocrx_word' id='word_1_535' title='bbox 1052 3207 1440 3277; x_wconf 86' lang='lat' dir='ltr'><strong>subjiciuntur,</strong></span> <span class='ocrx_word' id='word_1_536' title='bbox 1500 3221 1636 3274; x_wconf 86' lang='lat' dir='ltr'><strong>quas</strong></span> <span class='ocrx_word' id='word_1_537' title='bbox 1672 3221 1702 3259; x_wconf 79' lang='grc' dir='ltr'><strong>ο</strong></span> <span class='ocrx_word' id='word_1_538' title='bbox 1760 3204 2043 3259; x_wconf 82' lang='lat' dir='ltr'><strong>codicibus</strong></span> <span class='ocrx_word' id='word_1_539' title='bbox 2089 3205 2253 3274; x_wconf 85' lang='lat' dir='ltr'><strong>regiis</strong></span> <span class='ocrx_word' id='word_1_540' title='bbox 2272 3200 2444 3258; x_wconf 84' lang='lat' dir='ltr'><strong>edidit</strong></span> <span class='ocrx_word' id='word_1_541' title='bbox 2470 3200 2744 3254; x_wconf 87' lang='lat' dir='ltr'><strong>auctiores</strong></span> <span class='ocrx_word' id='word_1_542' title='bbox 2774 3202 3138 3269; x_wconf 89' lang='lat' dir='ltr'><strong>melioresque</strong></span> <span class='ocrx_word' id='word_1_543' title='bbox 3163 3199 3395 3254; x_wconf 86' lang='lat' dir='ltr'><strong>Carolus</strong></span> <span class='ocrx_word' id='word_1_544' title='bbox 3424 3199 3678 3254; x_wconf 87' lang='lat' dir='ltr'><strong>Labbeus</strong></span> <span class='ocrx_word' id='word_1_545' title='bbox 3700 3216 3827 3255; x_wconf 89' lang='lat' dir='ltr'><strong>cum</strong></span> <span class='ocrx_word' id='word_1_546' title='bbox 3855 3216 4000 3254; x_wconf 80' lang='lat' dir='ltr'><strong>nma</strong></span> 
     </span>
    </p>
   </div>
   <div class='ocr_carea' id='block_1_38' title="bbox 768 3284 2409 3357">
    <p class='ocr_par' dir='ltr' id='par_1_38' title="bbox 768 3284 2407 3357">
     <span class='ocr_line' id='line_1_38' title="bbox 768 3284 2407 3357; baseline -0.006 -12"><span class='ocrx_word' id='word_1_547' title='bbox 768 3291 1020 3346; x_wconf 75' lang='lat' dir='ltr'><strong>versione</strong></span> <span class='ocrx_word' id='word_1_548' title='bbox 1052 3299 1106 3344; x_wconf 93' lang='lat' dir='ltr'><strong>et</strong></span> <span class='ocrx_word' id='word_1_549' title='bbox 1149 3286 1598 3357; x_wconf 83' lang='lat' dir='ltr'><strong>castigationibus</strong></span> <span class='ocrx_word' id='word_1_550' title='bbox 1632 3287 1777 3340; x_wconf 89' lang='lat' dir='ltr'><strong>inter</strong></span> <span class='ocrx_word' id='word_1_551' title='bbox 1822 3292 1947 3339; x_wconf 87' lang='lat' dir='ltr'><strong>suas</strong></span> <span class='ocrx_word' id='word_1_552' title='bbox 1980 3286 2145 3353; x_wconf 89' lang='lat' dir='ltr'><strong>impp.</strong></span> <span class='ocrx_word' id='word_1_553' title='bbox 2188 3284 2407 3338; x_wconf 75' lang='lat' dir='ltr'><strong>Novella</strong></span> 
     </span>
    </p>
   </div>
   <div class='ocr_carea' id='block_1_39' title="bbox 2358 3284 3999 3357">
    <p class='ocr_par' dir='ltr' id='par_1_39' title="bbox 2360 3284 3999 3354">
     <span class='ocr_line' id='line_1_39' title="bbox 2360 3284 3999 3354; baseline 0.001 -18"><span class='ocrx_word' id='word_1_554' title='bbox 2360 3285 2438 3336; x_wconf 87' lang='lat' dir='ltr'><strong>las</strong></span> <span class='ocrx_word' id='word_1_555' title='bbox 2489 3285 2795 3338; x_wconf 84' lang='lat' dir='ltr'><strong>constitutt.</strong></span> <span class='ocrx_word' id='word_1_556' title='bbox 2829 3285 2893 3338; x_wconf 81' lang='grc' dir='ltr'>Χ.</span> <span class='ocrx_word' id='word_1_557' title='bbox 2927 3284 3100 3339; x_wconf 79' lang='lat' dir='ltr'><strong>Paris.</strong></span> <span class='ocrx_word' id='word_1_558' title='bbox 3130 3285 3286 3348; x_wconf 73' lang='grc'><strong>11506,</strong></span> <span class='ocrx_word' id='word_1_559' title='bbox 3318 3286 3349 3338; x_wconf 89' lang='grc'><strong>8</strong></span> <span class='ocrx_word' id='word_1_560' title='bbox 3389 3304 3399 3337; x_wconf 94' lang='lat'><strong>:</strong></span> <span class='ocrx_word' id='word_1_561' title='bbox 3427 3287 3475 3339; x_wconf 85' lang='lat' dir='ltr'><strong>l.</strong></span> <span class='ocrx_word' id='word_1_562' title='bbox 3505 3288 3639 3354; x_wconf 74' lang='grc' dir='ltr'><strong>Περὶ</strong></span> <span class='ocrx_word' id='word_1_563' title='bbox 3680 3303 3999 3354; x_wconf 68' lang='grc' dir='ltr'><strong>στρατιωτι-</strong></span> 
     </span>
    </p>
   </div>
   <div class='ocr_carea' id='block_1_40' title="bbox 760 3366 4003 3447">
    <p class='ocr_par' dir='ltr' id='par_1_40' title="bbox 760 3366 4003 3447">
     <span class='ocr_line' id='line_1_40' title="bbox 760 3366 4003 3447; baseline -0.002 -17"><span class='ocrx_word' id='word_1_564' title='bbox 760 3378 903 3447; x_wconf 30' lang='grc' dir='ltr'>δκῶν,</span> <span class='ocrx_word' id='word_1_565' title='bbox 934 3378 997 3430; x_wconf 85' lang='lat' dir='ltr'><strong>de</strong></span> <span class='ocrx_word' id='word_1_566' title='bbox 1026 3375 1341 3429; x_wconf 80' lang='lat' dir='ltr'><strong>militaribus</strong></span> <span class='ocrx_word' id='word_1_567' title='bbox 1381 3373 1576 3440; x_wconf 71' lang='lat' dir='ltr'><strong>fundis,</strong></span> <span class='ocrx_word' id='word_1_568' title='bbox 1617 3389 1779 3441; x_wconf 79' lang='lat' dir='ltr'><strong>quam</strong></span> <span class='ocrx_word' id='word_1_569' title='bbox 1833 3372 2045 3425; x_wconf 82' lang='lat' dir='ltr'><strong>dictavit</strong></span> <span class='ocrx_word' id='word_1_570' title='bbox 2104 3371 2416 3431; x_wconf 83' lang='lat' dir='ltr'><strong>Theodorus,</strong></span> <span class='ocrx_word' id='word_1_571' title='bbox 2460 3366 2725 3435; x_wconf 87' lang='lat' dir='ltr'><strong>patricius</strong></span> <span class='ocrx_word' id='word_1_572' title='bbox 2756 3377 2810 3420; x_wconf 90' lang='lat' dir='ltr'><strong>et</strong></span> <span class='ocrx_word' id='word_1_573' title='bbox 2853 3378 3093 3436; x_wconf 68' lang='lat' dir='ltr'><strong>quaestor</strong></span> <span class='ocrx_word' id='word_1_574' title='bbox 3143 3368 3583 3437; x_wconf 86' lang='lat' dir='ltr'><strong>decapolitanus;</strong></span> <span class='ocrx_word' id='word_1_575' title='bbox 3614 3368 3668 3422; x_wconf 91' lang='lat'><strong>2.</strong></span> <span class='ocrx_word' id='word_1_576' title='bbox 3722 3368 3797 3422; x_wconf 85' lang='lat' dir='ltr'><strong>De</strong></span> <span class='ocrx_word' id='word_1_577' title='bbox 3822 3370 4003 3437; x_wconf 76' lang='lat' dir='ltr'><strong>fundis</strong></span> 
     </span>
    </p>
   </div>
   <div class='ocr_carea' id='block_1_41' title="bbox 770 3452 4003 3526">
    <p class='ocr_par' dir='ltr' id='par_1_41' title="bbox 770 3452 4003 3526">
     <span class='ocr_line' id='line_1_41' title="bbox 770 3452 4003 3526; baseline -0.002 -10"><span class='ocrx_word' id='word_1_578' title='bbox 770 3461 1056 3516; x_wconf 78' lang='lat' dir='ltr'><strong>Armenicis</strong></span> <span class='ocrx_word' id='word_1_579' title='bbox 1087 3458 1317 3511; x_wconf 88' lang='lat' dir='ltr'><strong>aliorum</strong></span> <span class='ocrx_word' id='word_1_580' title='bbox 1346 3466 1390 3509; x_wconf 88' lang='lat' dir='ltr'><strong>et</strong></span> <span class='ocrx_word' id='word_1_581' title='bbox 1414 3457 1829 3517; x_wconf 84' lang='lat' dir='ltr'><strong>homicidarum;</strong></span> <span class='ocrx_word' id='word_1_582' title='bbox 1859 3455 1908 3507; x_wconf 80' lang='grc'>5.</span> <span class='ocrx_word' id='word_1_583' title='bbox 1944 3453 2018 3506; x_wconf 85' lang='lat' dir='ltr'><strong>De</strong></span> <span class='ocrx_word' id='word_1_584' title='bbox 2045 3453 2315 3522; x_wconf 78' lang='lat' dir='ltr'><strong>sportulis,</strong></span> <span class='ocrx_word' id='word_1_585' title='bbox 2338 3452 2399 3503; x_wconf 79' lang='lat' dir='ltr'><strong>de</strong></span> <span class='ocrx_word' id='word_1_586' title='bbox 2423 3455 2717 3521; x_wconf 79' lang='lat' dir='ltr'><strong>aperiendis</strong></span> <span class='ocrx_word' id='word_1_587' title='bbox 2743 3458 3087 3516; x_wconf 84' lang='lat' dir='ltr'><strong>testamentis,</strong></span> <span class='ocrx_word' id='word_1_588' title='bbox 3113 3467 3159 3509; x_wconf 88' lang='lat' dir='ltr'><strong>et</strong></span> <span class='ocrx_word' id='word_1_589' title='bbox 3183 3457 3246 3508; x_wconf 86' lang='lat' dir='ltr'><strong>de</strong></span> <span class='ocrx_word' id='word_1_590' title='bbox 3274 3473 3353 3520; x_wconf 84' lang='lat' dir='ltr'><strong>eo,</strong></span> <span class='ocrx_word' id='word_1_591' title='bbox 3371 3457 3510 3526; x_wconf 83' lang='lat' dir='ltr'><strong>quod</strong></span> <span class='ocrx_word' id='word_1_592' title='bbox 3530 3466 3698 3510; x_wconf 85' lang='lat' dir='ltr'><strong>certus</strong></span> <span class='ocrx_word' id='word_1_593' title='bbox 3725 3473 3788 3510; x_wconf 85' lang='lat' dir='ltr'><strong>ac</strong></span> <span class='ocrx_word' id='word_1_594' title='bbox 3814 3457 4003 3525; x_wconf 78' lang='lat' dir='ltr'><strong>defini-</strong></span> 
     </span>
    </p>
   </div>
   <div class='ocr_carea' id='block_1_42' title="bbox 772 3539 4000 3615">
    <p class='ocr_par' dir='ltr' id='par_1_42' title="bbox 772 3539 4000 3615">
     <span class='ocr_line' id='line_1_42' title="bbox 772 3539 4000 3615; baseline -0 -17"><span class='ocrx_word' id='word_1_595' title='bbox 772 3560 854 3600; x_wconf 84' lang='lat' dir='ltr'><strong>tus</strong></span> <span class='ocrx_word' id='word_1_596' title='bbox 890 3546 1324 3600; x_wconf 83' lang='lat' dir='ltr'><strong>consuetudinum</strong></span> <span class='ocrx_word' id='word_1_597' title='bbox 1350 3542 1531 3595; x_wconf 87' lang='lat' dir='ltr'><strong>modus</strong></span> <span class='ocrx_word' id='word_1_598' title='bbox 1564 3557 1674 3595; x_wconf 81' lang='lat' dir='ltr'><strong>esse</strong></span> <span class='ocrx_word' id='word_1_599' title='bbox 1693 3542 1872 3593; x_wconf 80' lang='lat' dir='ltr'><strong>debeat</strong></span> <span class='ocrx_word' id='word_1_600' title='bbox 1905 3541 2065 3605; x_wconf 60' lang='lat' dir='ltr'><strong>(hanc</strong></span> <span class='ocrx_word' id='word_1_601' title='bbox 2096 3539 2322 3593; x_wconf 78' lang='lat' dir='ltr'><strong>dictavit</strong></span> <span class='ocrx_word' id='word_1_602' title='bbox 2351 3539 2711 3609; x_wconf 83' lang='lat' dir='ltr'><strong>Theophilus,</strong></span> <span class='ocrx_word' id='word_1_603' title='bbox 2733 3543 2996 3610; x_wconf 85' lang='lat' dir='ltr'><strong>patricius</strong></span> <span class='ocrx_word' id='word_1_604' title='bbox 3013 3553 3069 3596; x_wconf 86' lang='lat' dir='ltr'><strong>et</strong></span> <span class='ocrx_word' id='word_1_605' title='bbox 3094 3553 3365 3612; x_wconf 62' lang='lat' dir='ltr'><strong>quastor;</strong></span> <span class='ocrx_word' id='word_1_606' title='bbox 3398 3544 3451 3596; x_wconf 70' lang='grc' dir='ltr'><strong>ιι.</strong></span> <span class='ocrx_word' id='word_1_607' title='bbox 3483 3542 3559 3596; x_wconf 85' lang='lat' dir='ltr'><strong>De</strong></span> <span class='ocrx_word' id='word_1_608' title='bbox 3590 3543 3868 3613; x_wconf 83' lang='lat' dir='ltr'><strong>sportulis,</strong></span> <span class='ocrx_word' id='word_1_609' title='bbox 3893 3562 4000 3615; x_wconf 82' lang='lat' dir='ltr'><strong>qua</strong></span> 
     </span>
    </p>
   </div>
   <div class='ocr_carea' id='block_1_43' title="bbox 772 3625 3999 3703">
    <p class='ocr_par' dir='ltr' id='par_1_43' title="bbox 772 3625 3999 3703">
     <span class='ocr_line' id='line_1_43' title="bbox 772 3625 3999 3703; baseline -0 -17"><span class='ocrx_word' id='word_1_610' title='bbox 772 3634 1057 3703; x_wconf 80' lang='lat' dir='ltr'><strong>abrogatur</strong></span> <span class='ocrx_word' id='word_1_611' title='bbox 1078 3632 1318 3700; x_wconf 84' lang='lat' dir='ltr'><strong>superior</strong></span> <span class='ocrx_word' id='word_1_612' title='bbox 1351 3630 1672 3687; x_wconf 86' lang='lat' dir='ltr'><strong>constitutio,</strong></span> <span class='ocrx_word' id='word_1_613' title='bbox 1706 3627 2030 3695; x_wconf 88' lang='lat' dir='ltr'><strong>permittens</strong></span> <span class='ocrx_word' id='word_1_614' title='bbox 2054 3625 2333 3695; x_wconf 87' lang='lat' dir='ltr'><strong>judicibus</strong></span> <span class='ocrx_word' id='word_1_615' title='bbox 2361 3635 2417 3679; x_wconf 88' lang='lat' dir='ltr'><strong>et</strong></span> <span class='ocrx_word' id='word_1_616' title='bbox 2445 3627 2639 3681; x_wconf 74' lang='lat' dir='ltr'><strong>scriba:</strong></span> <span class='ocrx_word' id='word_1_617' title='bbox 2661 3629 2935 3697; x_wconf 88' lang='lat' dir='ltr'><strong>sportulas</strong></span> <span class='ocrx_word' id='word_1_618' title='bbox 2963 3630 3229 3699; x_wconf 88' lang='lat' dir='ltr'><strong>accipere.</strong></span> <span class='ocrx_word' id='word_1_619' title='bbox 3278 3629 3428 3683; x_wconf 83' lang='lat' dir='ltr'><strong>Hanc</strong></span> <span class='ocrx_word' id='word_1_620' title='bbox 3472 3630 3701 3685; x_wconf 76' lang='lat' dir='ltr'><strong>dictavit</strong></span> <span class='ocrx_word' id='word_1_621' title='bbox 3738 3630 3999 3685; x_wconf 80' lang='lat' dir='ltr'><strong>Theodo-</strong></span> 
     </span>
    </p>
   </div>
   <div class='ocr_carea' id='block_1_44' title="bbox 773 3713 2840 3789">
    <p class='ocr_par' dir='ltr' id='par_1_44' title="bbox 773 3713 2840 3789">
     <span class='ocr_line' id='line_1_44' title="bbox 773 3713 2840 3789; baseline -0.004 -13"><span class='ocrx_word' id='word_1_622' title='bbox 773 3722 886 3776; x_wconf 83' lang='lat' dir='ltr'><strong>sius</strong></span> <span class='ocrx_word' id='word_1_623' title='bbox 911 3720 1076 3789; x_wconf 65' lang='lat' dir='ltr'><strong>iidem</strong></span> <span class='ocrx_word' id='word_1_624' title='bbox 1105 3718 1197 3789; x_wconf 89' lang='lat' dir='ltr'><strong>qui</strong></span> <span class='ocrx_word' id='word_1_625' title='bbox 1229 3729 1355 3773; x_wconf 86' lang='lat' dir='ltr'><strong>ante</strong></span> <span class='ocrx_word' id='word_1_626' title='bbox 1382 3716 1721 3780; x_wconf 79' lang='lat' dir='ltr'><strong>Theodorus),</strong></span> <span class='ocrx_word' id='word_1_627' title='bbox 1765 3713 2037 3784; x_wconf 88' lang='lat' dir='ltr'><strong>patricius</strong></span> <span class='ocrx_word' id='word_1_628' title='bbox 2067 3726 2122 3767; x_wconf 90' lang='lat' dir='ltr'><strong>et</strong></span> <span class='ocrx_word' id='word_1_629' title='bbox 2142 3721 2377 3782; x_wconf 75' lang='lat' dir='ltr'><strong>qurestor</strong></span> <span class='ocrx_word' id='word_1_630' title='bbox 2408 3714 2840 3783; x_wconf 87' lang='lat' dir='ltr'><strong>decapolitanus.</strong></span> 
     </span>
    </p>
   </div>
   <div class='ocr_carea' id='block_1_45' title="bbox 841 3800 3999 3877">
    <p class='ocr_par' dir='ltr' id='par_1_45' title="bbox 841 3800 3999 3877">
     <span class='ocr_line' id='line_1_45' title="bbox 841 3800 3999 3877; baseline -0.001 -14"><span class='ocrx_word' id='word_1_631' title='bbox 841 3812 895 3863; x_wconf 83' lang='lat'><strong>5.</strong></span> <span class='ocrx_word' id='word_1_632' title='bbox 950 3809 1147 3863; x_wconf 87' lang='lat' dir='ltr'><strong>Leonis</strong></span> <span class='ocrx_word' id='word_1_633' title='bbox 1189 3806 1463 3876; x_wconf 86' lang='lat' dir='ltr'><strong>Sapientis</strong></span> <span class='ocrx_word' id='word_1_634' title='bbox 1510 3816 1564 3860; x_wconf 91' lang='lat' dir='ltr'><strong>et</strong></span> <span class='ocrx_word' id='word_1_635' title='bbox 1609 3802 1954 3860; x_wconf 84' lang='lat' dir='ltr'><strong>Constantini</strong></span> <span class='ocrx_word' id='word_1_636' title='bbox 2004 3801 2098 3855; x_wconf 83' lang='lat' dir='ltr'><strong>lilii</strong></span> <span class='ocrx_word' id='word_1_637' title='bbox 2136 3803 2274 3870; x_wconf 86' lang='lat' dir='ltr'><strong>ejus,</strong></span> <span class='ocrx_word' id='word_1_638' title='bbox 2318 3800 2545 3870; x_wconf 75' lang='grc' dir='ltr'><strong>Ἐκλογὴ</strong></span> <span class='ocrx_word' id='word_1_639' title='bbox 2594 3802 2702 3854; x_wconf 84' lang='grc' dir='ltr'><strong>τῶν</strong></span> <span class='ocrx_word' id='word_1_640' title='bbox 2746 3805 2946 3871; x_wconf 69' lang='grc' dir='ltr'><strong>νόμων,</strong></span> <span class='ocrx_word' id='word_1_641' title='bbox 2998 3804 3237 3859; x_wconf 80' lang='lat' dir='ltr'><strong>Delectas</strong></span> <span class='ocrx_word' id='word_1_642' title='bbox 3286 3807 3457 3877; x_wconf 86' lang='lat' dir='ltr'><strong>legum</strong></span> <span class='ocrx_word' id='word_1_643' title='bbox 3488 3808 3911 3875; x_wconf 71' lang='lat' dir='ltr'><strong>compendiarias</strong></span> <span class='ocrx_word' id='word_1_644' title='bbox 3934 3824 3999 3862; x_wconf 75' lang='lat' dir='ltr'><strong>ex</strong></span> 
     </span>
    </p>
   </div>
   <div class='ocr_carea' id='block_1_46' title="bbox 774 3888 4004 3967">
    <p class='ocr_par' dir='ltr' id='par_1_46' title="bbox 774 3888 4004 3967">
     <span class='ocr_line' id='line_1_46' title="bbox 774 3888 4004 3967; baseline 0.001 -17"><span class='ocrx_word' id='word_1_645' title='bbox 774 3914 874 3950; x_wconf 88' lang='lat' dir='ltr'><strong>ms.</strong></span> <span class='ocrx_word' id='word_1_646' title='bbox 923 3898 1168 3951; x_wconf 82' lang='lat' dir='ltr'><strong>Palatino</strong></span> <span class='ocrx_word' id='word_1_647' title='bbox 1210 3905 1266 3949; x_wconf 89' lang='lat' dir='ltr'><strong>et</strong></span> <span class='ocrx_word' id='word_1_648' title='bbox 1317 3895 1401 3950; x_wconf 79' lang='lat' dir='ltr'><strong>Jo.</strong></span> <span class='ocrx_word' id='word_1_649' title='bbox 1443 3895 1697 3949; x_wconf 88' lang='lat' dir='ltr'><strong>Sambuci</strong></span> <span class='ocrx_word' id='word_1_650' title='bbox 1738 3892 2068 3963; x_wconf 89' lang='lat' dir='ltr'><strong>descriptus,</strong></span> <span class='ocrx_word' id='word_1_651' title='bbox 2101 3900 2156 3946; x_wconf 90' lang='lat' dir='ltr'><strong>et</strong></span> <span class='ocrx_word' id='word_1_652' title='bbox 2181 3906 2304 3947; x_wconf 87' lang='lat' dir='ltr'><strong>eum</strong></span> <span class='ocrx_word' id='word_1_653' title='bbox 2340 3890 2526 3944; x_wconf 87' lang='lat' dir='ltr'><strong>Latina</strong></span> <span class='ocrx_word' id='word_1_654' title='bbox 2552 3890 2869 3946; x_wconf 75' lang='lat' dir='ltr'><strong>Lcunclavii</strong></span> <span class='ocrx_word' id='word_1_655' title='bbox 2900 3894 3151 3948; x_wconf 82' lang='lat' dir='ltr'><strong>versione</strong></span> <span class='ocrx_word' id='word_1_656' title='bbox 3179 3894 3363 3948; x_wconf 90' lang='lat' dir='ltr'><strong>editus</strong></span> <span class='ocrx_word' id='word_1_657' title='bbox 3390 3896 3445 3949; x_wconf 91' lang='lat' dir='ltr'><strong>in</strong></span> <span class='ocrx_word' id='word_1_658' title='bbox 3474 3897 3585 3964; x_wconf 87' lang='lat' dir='ltr'><strong>jam</strong></span> <span class='ocrx_word' id='word_1_659' title='bbox 3621 3895 3845 3950; x_wconf 89' lang='lat' dir='ltr'><strong>laudato</strong></span> <span class='ocrx_word' id='word_1_660' title='bbox 3869 3888 4004 3967; x_wconf 75' lang='lat' dir='ltr'><strong>ejus</strong></span> 
     </span>
    </p>
   </div>
   <div class='ocr_carea' id='block_1_47' title="bbox 771 3968 4001 4052">
    <p class='ocr_par' dir='ltr' id='par_1_47' title="bbox 771 3968 4001 4052">
     <span class='ocr_line' id='line_1_47' title="bbox 771 3968 4001 4052; baseline 0.001 -15"><span class='ocrx_word' id='word_1_661' title='bbox 771 3985 900 4037; x_wconf 85' lang='lat' dir='ltr'><strong>.lnre</strong></span> <span class='ocrx_word' id='word_1_662' title='bbox 919 3982 1386 4045; x_wconf 64' lang='lat' dir='ltr'><strong>(lurco-Romano,</strong></span> <span class='ocrx_word' id='word_1_663' title='bbox 1414 3991 1542 4036; x_wconf 89' lang='lat' dir='ltr'><strong>tom.</strong></span> <span class='ocrx_word' id='word_1_664' title='bbox 1572 3982 1636 4045; x_wconf 92' lang='grc'><strong>11,</strong></span> <span class='ocrx_word' id='word_1_665' title='bbox 1674 3996 1794 4050; x_wconf 89' lang='lat' dir='ltr'><strong>pag.</strong></span> <span class='ocrx_word' id='word_1_666' title='bbox 1835 3980 2057 4034; x_wconf 79' lang='grc'><strong>79-154.</strong></span> <span class='ocrx_word' id='word_1_667' title='bbox 2090 3980 2357 4033; x_wconf 76' lang='lat' dir='ltr'><strong>Numerus</strong></span> <span class='ocrx_word' id='word_1_668' title='bbox 2382 3980 2530 4041; x_wconf 87' lang='lat' dir='ltr'><strong>anni,</strong></span> <span class='ocrx_word' id='word_1_669' title='bbox 2558 3995 2666 4049; x_wconf 90' lang='lat' dir='ltr'><strong>quo</strong></span> <span class='ocrx_word' id='word_1_670' title='bbox 2690 3980 3006 4050; x_wconf 80' lang='lat' dir='ltr'><strong>publicatus</strong></span> <span class='ocrx_word' id='word_1_671' title='bbox 3029 3982 3119 4035; x_wconf 91' lang='lat' dir='ltr'><strong>hic</strong></span> <span class='ocrx_word' id='word_1_672' title='bbox 3144 3968 3393 4037; x_wconf 80' lang='lat' dir='ltr'><strong>delectus</strong></span> <span class='ocrx_word' id='word_1_673' title='bbox 3414 3981 3539 4041; x_wconf 83' lang='lat' dir='ltr'><strong>luit.</strong></span> <span class='ocrx_word' id='word_1_674' title='bbox 3574 3995 3869 4052; x_wconf 90' lang='lat' dir='ltr'><strong>corruptus</strong></span> <span class='ocrx_word' id='word_1_675' title='bbox 3896 3998 4001 4048; x_wconf 90' lang='lat' dir='ltr'><strong>est,</strong></span> 
     </span>
    </p>
   </div>
   <div class='ocr_carea' id='block_1_48' title="bbox 772 4057 4002 4141">
    <p class='ocr_par' dir='ltr' id='par_1_48' title="bbox 772 4057 4002 4141">
     <span class='ocr_line' id='line_1_48' title="bbox 772 4057 4002 4141; baseline 0.001 -19"><span class='ocrx_word' id='word_1_676' title='bbox 772 4081 825 4123; x_wconf 90' lang='lat' dir='ltr'><strong>ct</strong></span> <span class='ocrx_word' id='word_1_677' title='bbox 847 4086 943 4139; x_wconf 90' lang='lat' dir='ltr'><strong>pro</strong></span> <span class='ocrx_word' id='word_1_678' title='bbox 962 4073 1145 4138; x_wconf 66' lang='grc' dir='ltr'><strong>,ςήμέ</strong></span> <span class='ocrx_word' id='word_1_679' title='bbox 1174 4069 1460 4138; x_wconf 83' lang='lat' dir='ltr'><strong>legendum</strong></span> <span class='ocrx_word' id='word_1_680' title='bbox 1485 4068 1683 4139; x_wconf 55' lang='grc' dir='ltr'><strong>,ςιμζκ</strong></span> <span class='ocrx_word' id='word_1_681' title='bbox 1714 4067 1806 4135; x_wconf 90' lang='lat' dir='ltr'><strong>qui</strong></span> <span class='ocrx_word' id='word_1_682' title='bbox 1838 4067 2290 4135; x_wconf 88' lang='lat' dir='ltr'><strong>rcspondetanno</strong></span> <span class='ocrx_word' id='word_1_683' title='bbox 2318 4067 2518 4120; x_wconf 78' lang='lat' dir='ltr'><strong>Christi</strong></span> <span class='ocrx_word' id='word_1_684' title='bbox 2556 4068 2677 4131; x_wconf 78' lang='lat'><strong>939,</strong></span> <span class='ocrx_word' id='word_1_685' title='bbox 2709 4057 3238 4139; x_wconf 70' lang='lat' dir='ltr'><strong>quo‘Consmntinus</strong></span> <span class='ocrx_word' id='word_1_686' title='bbox 3264 4070 3537 4125; x_wconf 89' lang='lat' dir='ltr'><strong>delectum</strong></span> <span class='ocrx_word' id='word_1_687' title='bbox 3568 4071 3770 4139; x_wconf 88' lang='lat' dir='ltr'><strong>legum,</strong></span> <span class='ocrx_word' id='word_1_688' title='bbox 3794 4088 3823 4126; x_wconf 86' lang='lat' dir='ltr'><strong>a</strong></span> <span class='ocrx_word' id='word_1_689' title='bbox 3843 4082 4002 4141; x_wconf 87' lang='lat' dir='ltr'><strong>patre</strong></span> 
     </span>
    </p>
   </div>
   <div class='ocr_carea' id='block_1_49' title="bbox 775 4152 4001 4225">
    <p class='ocr_par' dir='ltr' id='par_1_49' title="bbox 775 4152 4001 4225">
     <span class='ocr_line' id='line_1_49' title="bbox 775 4152 4001 4225; baseline 0.002 -15"><span class='ocrx_word' id='word_1_690' title='bbox 775 4159 955 4211; x_wconf 82' lang='lat' dir='ltr'><strong>Leone</strong></span> <span class='ocrx_word' id='word_1_691' title='bbox 984 4156 1097 4211; x_wconf 79' lang='lat' dir='ltr'><strong>fieri</strong></span> <span class='ocrx_word' id='word_1_692' title='bbox 1127 4166 1386 4225; x_wconf 73' lang='lat' dir='ltr'><strong>emptum,</strong></span> <span class='ocrx_word' id='word_1_693' title='bbox 1418 4154 1762 4225; x_wconf 81' lang='lat' dir='ltr'><strong>promulgare</strong></span> <span class='ocrx_word' id='word_1_694' title='bbox 1787 4155 1984 4222; x_wconf 90' lang='lat' dir='ltr'><strong>potuit.</strong></span> <span class='ocrx_word' id='word_1_695' title='bbox 2021 4152 2228 4206; x_wconf 71' lang='lat' dir='ltr'><strong>Fssmc.</strong></span> <span class='ocrx_word' id='word_1_696' title='bbox 2271 4153 2606 4208; x_wconf 78' lang='lat' dir='ltr'><strong>Vindobonae</strong></span> <span class='ocrx_word' id='word_1_697' title='bbox 2632 4156 2685 4209; x_wconf 92' lang='lat' dir='ltr'><strong>in</strong></span> <span class='ocrx_word' id='word_1_698' title='bbox 2719 4156 2843 4209; x_wconf 90' lang='lat' dir='ltr'><strong>cod.</strong></span> <span class='ocrx_word' id='word_1_699' title='bbox 2864 4156 2919 4219; x_wconf 94' lang='lat'><strong>2,</strong></span> <span class='ocrx_word' id='word_1_700' title='bbox 2949 4173 3005 4209; x_wconf 88' lang='grc' dir='ltr'><strong>ιι.</strong></span> <span class='ocrx_word' id='word_1_701' title='bbox 3032 4154 3066 4210; x_wconf 87' lang='lat'><strong>2</strong></span> <span class='ocrx_word' id='word_1_702' title='bbox 3093 4166 3152 4212; x_wconf 87' lang='lat' dir='ltr'><strong>et</strong></span> <span class='ocrx_word' id='word_1_703' title='bbox 3183 4157 3341 4211; x_wconf 80' lang='lat' dir='ltr'><strong>l5.-—</strong></span> <span class='ocrx_word' id='word_1_704' title='bbox 3372 4157 3495 4210; x_wconf 91' lang='lat' dir='ltr'><strong>cod.</strong></span> <span class='ocrx_word' id='word_1_705' title='bbox 3529 4158 3580 4212; x_wconf 91' lang='lat'><strong>8.</strong></span> <span class='ocrx_word' id='word_1_706' title='bbox 3621 4159 3685 4211; x_wconf 75' lang='grc' dir='ltr'>ν.</span> <span class='ocrx_word' id='word_1_707' title='bbox 3719 4158 4001 4216; x_wconf 84' lang='lat' dir='ltr'><strong>Lambecii</strong></span> 
     </span>
    </p>
   </div>
   <div class='ocr_carea' id='block_1_50' title="bbox 772 4240 4001 4317">
    <p class='ocr_par' dir='ltr' id='par_1_50' title="bbox 772 4240 4001 4317">
     <span class='ocr_line' id='line_1_50' title="bbox 772 4240 4001 4317; baseline 0.002 -21"><span class='ocrx_word' id='word_1_708' title='bbox 772 4246 1079 4299; x_wconf 67' lang='lat' dir='ltr'><strong>Comment.</strong></span> <span class='ocrx_word' id='word_1_709' title='bbox 1112 4244 1192 4305; x_wconf 82' lang='lat' dir='ltr'><strong>\‘l,</strong></span> <span class='ocrx_word' id='word_1_710' title='bbox 1228 4252 1367 4312; x_wconf 91' lang='lat' dir='ltr'><strong>part.</strong></span> <span class='ocrx_word' id='word_1_711' title='bbox 1403 4258 1441 4303; x_wconf 86' lang='grc' dir='ltr'>ι,</span> <span class='ocrx_word' id='word_1_712' title='bbox 1464 4257 1585 4311; x_wconf 79' lang='lat' dir='ltr'><strong>pag.</strong></span> <span class='ocrx_word' id='word_1_713' title='bbox 1612 4241 1701 4302; x_wconf 69' lang='lat'><strong>25,</strong></span> <span class='ocrx_word' id='word_1_714' title='bbox 1727 4240 1817 4301; x_wconf 76' lang='lat'><strong>52,</strong></span> <span class='ocrx_word' id='word_1_715' title='bbox 1854 4240 1923 4294; x_wconf 79' lang='lat'><strong>38</strong></span> <span class='ocrx_word' id='word_1_716' title='bbox 1950 4249 2003 4294; x_wconf 92' lang='lat' dir='ltr'><strong>ct</strong></span> <span class='ocrx_word' id='word_1_717' title='bbox 2036 4240 2101 4292; x_wconf 66' lang='grc' dir='ltr'><strong>Ἠ,</strong></span> <span class='ocrx_word' id='word_1_718' title='bbox 2134 4256 2214 4308; x_wconf 90' lang='lat' dir='ltr'><strong>sq.</strong></span> <span class='ocrx_word' id='word_1_719' title='bbox 2266 4272 2331 4280; x_wconf 88' lang='lat'><strong>--</strong></span> <span class='ocrx_word' id='word_1_720' title='bbox 2362 4241 2418 4294; x_wconf 89' lang='lat' dir='ltr'><strong>lu</strong></span> <span class='ocrx_word' id='word_1_721' title='bbox 2454 4242 2576 4298; x_wconf 88' lang='lat' dir='ltr'><strong>eod.</strong></span> <span class='ocrx_word' id='word_1_722' title='bbox 2627 4245 2902 4312; x_wconf 88' lang='lat' dir='ltr'><strong>quondam</strong></span> <span class='ocrx_word' id='word_1_723' title='bbox 2955 4245 3301 4308; x_wconf 77' lang='lat' dir='ltr'><strong>L‘ﬂ&#39;enbach.,</strong></span> <span class='ocrx_word' id='word_1_724' title='bbox 3360 4260 3507 4300; x_wconf 88' lang='lat' dir='ltr'><strong>nunc</strong></span> <span class='ocrx_word' id='word_1_725' title='bbox 3551 4245 3841 4316; x_wconf 87' lang='lat' dir='ltr'><strong>Lipsiensi.</strong></span> <span class='ocrx_word' id='word_1_726' title='bbox 3901 4252 4001 4317; x_wconf 88' lang='lat' dir='ltr'><strong>qui</strong></span> 
     </span>
    </p>
   </div>
   <div class='ocr_carea' id='block_1_51' title="bbox 776 4326 4001 4404">
    <p class='ocr_par' dir='ltr' id='par_1_51' title="bbox 776 4326 4001 4404">
     <span class='ocr_line' id='line_1_51' title="bbox 776 4326 4001 4404; baseline 0.001 -20"><span class='ocrx_word' id='word_1_727' title='bbox 776 4331 1047 4400; x_wconf 83' lang='lat' dir='ltr'><strong>quondam</strong></span> <span class='ocrx_word' id='word_1_728' title='bbox 1081 4329 1347 4398; x_wconf 89' lang='lat' dir='ltr'><strong>pertinuit</strong></span> <span class='ocrx_word' id='word_1_729' title='bbox 1375 4327 1441 4382; x_wconf 88' lang='lat' dir='ltr'><strong>ad</strong></span> <span class='ocrx_word' id='word_1_730' title='bbox 1458 4326 1756 4396; x_wconf 89' lang='lat' dir='ltr'><strong>Cupcrum.</strong></span> <span class='ocrx_word' id='word_1_731' title='bbox 1782 4337 1837 4379; x_wconf 89' lang='lat' dir='ltr'><strong>et</strong></span> <span class='ocrx_word' id='word_1_732' title='bbox 1860 4341 2023 4393; x_wconf 85' lang='lat' dir='ltr'><strong>quem</strong></span> <span class='ocrx_word' id='word_1_733' title='bbox 2054 4326 2272 4393; x_wconf 85' lang='lat' dir='ltr'><strong>copiose</strong></span> <span class='ocrx_word' id='word_1_734' title='bbox 2299 4330 2574 4382; x_wconf 88' lang='lat' dir='ltr'><strong>recensuit</strong></span> <span class='ocrx_word' id='word_1_735' title='bbox 2604 4330 2629 4383; x_wconf 86' lang='lat' dir='ltr'><strong>J</strong></span> <span class='ocrx_word' id='word_1_736' title='bbox 2684 4330 2747 4383; x_wconf 87' lang='grc' dir='ltr'>Η.</span> <span class='ocrx_word' id='word_1_737' title='bbox 2780 4332 2952 4385; x_wconf 83' lang='lat' dir='ltr'><strong>Maius</strong></span> <span class='ocrx_word' id='word_1_738' title='bbox 2981 4333 3033 4385; x_wconf 93' lang='lat' dir='ltr'><strong>iu</strong></span> <span class='ocrx_word' id='word_1_739' title='bbox 3069 4333 3203 4390; x_wconf 88' lang='lat' dir='ltr'><strong>Bibl.</strong></span> <span class='ocrx_word' id='word_1_740' title='bbox 3234 4334 3530 4403; x_wconf 75' lang='lat' dir='ltr'><strong>L&#39;ITeubach.</strong></span> <span class='ocrx_word' id='word_1_741' title='bbox 3572 4352 3720 4399; x_wconf 85' lang='lat' dir='ltr'><strong>mss.,</strong></span> <span class='ocrx_word' id='word_1_742' title='bbox 3761 4347 3903 4404; x_wconf 89' lang='lat' dir='ltr'><strong>part.</strong></span> <span class='ocrx_word' id='word_1_743' title='bbox 3941 4355 4001 4399; x_wconf 83' lang='lat' dir='ltr'><strong>ii,</strong></span> 
     </span>
    </p>
   </div>
   <div class='ocr_carea' id='block_1_52' title="bbox 776 4410 4001 4487">
    <p class='ocr_par' dir='ltr' id='par_1_52' title="bbox 776 4410 4001 4487">
     <span class='ocr_line' id='line_1_52' title="bbox 776 4410 4001 4487; baseline 0.003 -17"><span class='ocrx_word' id='word_1_744' title='bbox 776 4436 828 4486; x_wconf 89' lang='lat' dir='ltr'><strong>p.</strong></span> <span class='ocrx_word' id='word_1_745' title='bbox 877 4416 981 4470; x_wconf 76' lang='lat'><strong>522.</strong></span> <span class='ocrx_word' id='word_1_746' title='bbox 1037 4432 1154 4484; x_wconf 88' lang='lat' dir='ltr'><strong>sqq.</strong></span> <span class='ocrx_word' id='word_1_747' title='bbox 1208 4415 1301 4483; x_wconf 89' lang='lat' dir='ltr'><strong>qui</strong></span> <span class='ocrx_word' id='word_1_748' title='bbox 1347 4413 1627 4466; x_wconf 90' lang='lat' dir='ltr'><strong>titulorum</strong></span> <span class='ocrx_word' id='word_1_749' title='bbox 1683 4412 1751 4464; x_wconf 66' lang='lat'><strong>40</strong></span> <span class='ocrx_word' id='word_1_750' title='bbox 1809 4412 2047 4465; x_wconf 88' lang='lat' dir='ltr'><strong>indicem</strong></span> <span class='ocrx_word' id='word_1_751' title='bbox 2088 4410 2271 4465; x_wconf 67' lang='lat' dir='ltr'><strong>Graace</strong></span> <span class='ocrx_word' id='word_1_752' title='bbox 2304 4428 2427 4466; x_wconf 92' lang='lat' dir='ltr'><strong>cum</strong></span> <span class='ocrx_word' id='word_1_753' title='bbox 2481 4431 2576 4469; x_wconf 89' lang='lat' dir='ltr'><strong>sua</strong></span> <span class='ocrx_word' id='word_1_754' title='bbox 2609 4419 2905 4472; x_wconf 74' lang='lat' dir='ltr'><strong>vers..l.at.</strong></span> <span class='ocrx_word' id='word_1_755' title='bbox 2950 4419 3270 4487; x_wconf 74' lang='lat' dir='ltr'><strong>publicavit.</strong></span> <span class='ocrx_word' id='word_1_756' title='bbox 3307 4421 3707 4487; x_wconf 65' lang='lat' dir='ltr'><strong>Prml&#39;ationetu,</strong></span> <span class='ocrx_word' id='word_1_757' title='bbox 3738 4421 4001 4479; x_wconf 83' lang='lat' dir='ltr'><strong>aGottl&#39;r.</strong></span> 
     </span>
    </p>
   </div>
   <div class='ocr_carea' id='block_1_53' title="bbox 787 4498 4001 4579">
    <p class='ocr_par' dir='ltr' id='par_1_53' title="bbox 787 4498 4001 4579">
     <span class='ocr_line' id='line_1_53' title="bbox 787 4498 4001 4579; baseline 0.002 -23"><span class='ocrx_word' id='word_1_758' title='bbox 787 4504 1058 4558; x_wconf 73' lang='lat' dir='ltr'><strong>Idascovio</strong></span> <span class='ocrx_word' id='word_1_759' title='bbox 1106 4502 1295 4556; x_wconf 84' lang='lat' dir='ltr'><strong>Latine</strong></span> <span class='ocrx_word' id='word_1_760' title='bbox 1350 4516 1580 4563; x_wconf 72' lang='lat' dir='ltr'><strong>versam,</strong></span> <span class='ocrx_word' id='word_1_761' title='bbox 1627 4499 1825 4569; x_wconf 88' lang='lat' dir='ltr'><strong>adjecit</strong></span> <span class='ocrx_word' id='word_1_762' title='bbox 1890 4500 2183 4552; x_wconf 81' lang='lat' dir='ltr'><strong>Pultmann</strong></span> <span class='ocrx_word' id='word_1_763' title='bbox 2233 4498 2505 4557; x_wconf 73' lang='lat' dir='ltr'><strong>Memoriae</strong></span> <span class='ocrx_word' id='word_1_764' title='bbox 2548 4503 2723 4558; x_wconf 83' lang='lat' dir='ltr'><strong>Gotfr.</strong></span> <span class='ocrx_word' id='word_1_765' title='bbox 2789 4504 3063 4570; x_wconf 69' lang='lat' dir='ltr'><strong>Mascorii,</strong></span> <span class='ocrx_word' id='word_1_766' title='bbox 3126 4506 3275 4576; x_wconf 78' lang='lat' dir='ltr'><strong>Lips.</strong></span> <span class='ocrx_word' id='word_1_767' title='bbox 3334 4507 3491 4567; x_wconf 83' lang='lat' dir='ltr'><strong>l77l.</strong></span> <span class='ocrx_word' id='word_1_768' title='bbox 3543 4508 3594 4570; x_wconf 89' lang='lat'><strong>8,</strong></span> <span class='ocrx_word' id='word_1_769' title='bbox 3638 4523 3692 4577; x_wconf 93' lang='lat' dir='ltr'><strong>p.</strong></span> <span class='ocrx_word' id='word_1_770' title='bbox 3740 4510 3832 4561; x_wconf 77' lang='lat' dir='ltr'><strong>l2!</strong></span> <span class='ocrx_word' id='word_1_771' title='bbox 3875 4525 4001 4579; x_wconf 85' lang='lat' dir='ltr'><strong>sqq.</strong></span> 
     </span>
    </p>
   </div>
   <div class='ocr_carea' id='block_1_54' title="bbox 780 4586 4002 4665">
    <p class='ocr_par' dir='ltr' id='par_1_54' title="bbox 780 4586 4002 4665">
     <span class='ocr_line' id='line_1_54' title="bbox 780 4586 4002 4665; baseline 0.003 -22"><span class='ocrx_word' id='word_1_772' title='bbox 780 4590 842 4643; x_wconf 69' lang='grc' dir='ltr'>γ.</span> <span class='ocrx_word' id='word_1_773' title='bbox 863 4608 1081 4661; x_wconf 87' lang='lat' dir='ltr'><strong>quoque</strong></span> <span class='ocrx_word' id='word_1_774' title='bbox 1114 4606 1233 4660; x_wconf 83' lang='lat' dir='ltr'><strong>pag.</strong></span> <span class='ocrx_word' id='word_1_775' title='bbox 1260 4590 1324 4643; x_wconf 82' lang='lat'><strong>87</strong></span> <span class='ocrx_word' id='word_1_776' title='bbox 1356 4605 1462 4659; x_wconf 88' lang='lat' dir='ltr'><strong>sq.,</strong></span> <span class='ocrx_word' id='word_1_777' title='bbox 1483 4601 1537 4643; x_wconf 91' lang='lat' dir='ltr'><strong>et</strong></span> <span class='ocrx_word' id='word_1_778' title='bbox 1555 4589 1743 4642; x_wconf 82' lang='lat' dir='ltr'><strong>confer</strong></span> <span class='ocrx_word' id='word_1_779' title='bbox 1776 4587 1833 4639; x_wconf 90' lang='lat' dir='ltr'><strong>D.</strong></span> <span class='ocrx_word' id='word_1_780' title='bbox 1858 4586 2019 4655; x_wconf 83' lang='lat' dir='ltr'><strong>Casp.</strong></span> <span class='ocrx_word' id='word_1_781' title='bbox 2044 4586 2255 4640; x_wconf 76' lang='lat' dir='ltr'><strong>Achatii</strong></span> <span class='ocrx_word' id='word_1_782' title='bbox 2278 4587 2419 4642; x_wconf 81' lang='lat' dir='ltr'><strong>Beck</strong></span> <span class='ocrx_word' id='word_1_783' title='bbox 2446 4590 2519 4643; x_wconf 86' lang='lat' dir='ltr'><strong>De</strong></span> <span class='ocrx_word' id='word_1_784' title='bbox 2545 4592 2759 4645; x_wconf 72' lang='lat' dir='ltr'><strong>novellis</strong></span> <span class='ocrx_word' id='word_1_785' title='bbox 2783 4592 2989 4653; x_wconf 83' lang='lat' dir='ltr'><strong>Leonis,</strong></span> <span class='ocrx_word' id='word_1_786' title='bbox 3017 4593 3251 4657; x_wconf 90' lang='lat' dir='ltr'><strong>etc.,ed.</strong></span> <span class='ocrx_word' id='word_1_787' title='bbox 3270 4594 3333 4647; x_wconf 91' lang='lat' dir='ltr'><strong>D.</strong></span> <span class='ocrx_word' id='word_1_788' title='bbox 3356 4594 3645 4649; x_wconf 80' lang='lat' dir='ltr'><strong>Car.Frid.</strong></span> <span class='ocrx_word' id='word_1_789' title='bbox 3672 4595 4002 4665; x_wconf 75' lang='lat' dir='ltr'><strong>Zepernick,</strong></span> 
     </span>
    </p>
   </div>
   <div class='ocr_carea' id='block_1_55' title="bbox 779 4674 4006 4755">
    <p class='ocr_par' dir='ltr' id='par_1_55' title="bbox 779 4674 4006 4755">
     <span class='ocr_line' id='line_1_55' title="bbox 779 4674 4006 4755; baseline 0.003 -24"><span class='ocrx_word' id='word_1_790' title='bbox 779 4678 920 4732; x_wconf 76' lang='lat' dir='ltr'><strong>tlala:</strong></span> <span class='ocrx_word' id='word_1_791' title='bbox 962 4680 1113 4741; x_wconf 67' lang='lat' dir='ltr'><strong>Hi9,</strong></span> <span class='ocrx_word' id='word_1_792' title='bbox 1141 4679 1193 4741; x_wconf 91' lang='lat'><strong>8,</strong></span> <span class='ocrx_word' id='word_1_793' title='bbox 1224 4693 1347 4747; x_wconf 82' lang='lat' dir='ltr'><strong>pag.</strong></span> <span class='ocrx_word' id='word_1_794' title='bbox 1372 4676 1463 4735; x_wconf 85' lang='lat'><strong>20,</strong></span> <span class='ocrx_word' id='word_1_795' title='bbox 1492 4686 1548 4729; x_wconf 85' lang='lat' dir='ltr'><strong>et</strong></span> <span class='ocrx_word' id='word_1_796' title='bbox 1575 4692 1625 4743; x_wconf 90' lang='lat' dir='ltr'><strong>p.</strong></span> <span class='ocrx_word' id='word_1_797' title='bbox 1776 4674 2009 4741; x_wconf 83' lang='lat' dir='ltr'><strong>Zepcrn.</strong></span> <span class='ocrx_word' id='word_1_798' title='bbox 2050 4677 2103 4727; x_wconf 89' lang='lat' dir='ltr'><strong>in</strong></span> <span class='ocrx_word' id='word_1_799' title='bbox 2164 4684 2276 4729; x_wconf 88' lang='lat' dir='ltr'><strong>not.</strong></span> <span class='ocrx_word' id='word_1_800' title='bbox 2326 4689 2489 4747; x_wconf 87' lang='lat' dir='ltr'><strong>atque</strong></span> <span class='ocrx_word' id='word_1_801' title='bbox 2519 4680 2664 4734; x_wconf 89' lang='lat' dir='ltr'><strong>hunc</strong></span> <span class='ocrx_word' id='word_1_802' title='bbox 2696 4684 2964 4751; x_wconf 88' lang='lat' dir='ltr'><strong>imprimis</strong></span> <span class='ocrx_word' id='word_1_803' title='bbox 3000 4684 3052 4736; x_wconf 89' lang='lat' dir='ltr'><strong>in</strong></span> <span class='ocrx_word' id='word_1_804' title='bbox 3085 4685 3497 4751; x_wconf 76' lang='lat' dir='ltr'><strong>przetermissis,</strong></span> <span class='ocrx_word' id='word_1_805' title='bbox 3525 4700 3579 4754; x_wconf 91' lang='lat' dir='ltr'><strong>p.</strong></span> <span class='ocrx_word' id='word_1_806' title='bbox 3612 4684 3719 4739; x_wconf 84' lang='lat'><strong>228</strong></span> <span class='ocrx_word' id='word_1_807' title='bbox 3750 4701 3871 4755; x_wconf 91' lang='lat' dir='ltr'><strong>sqq.</strong></span> <span class='ocrx_word' id='word_1_808' title='bbox 3925 4686 4006 4741; x_wconf 86' lang='lat' dir='ltr'><strong>De</strong></span> 
     </span>
    </p>
   </div>
   <div class='ocr_carea' id='block_1_56' title="bbox 780 4764 4007 4839">
    <p class='ocr_par' dir='ltr' id='par_1_56' title="bbox 780 4764 4007 4839">
     <span class='ocr_line' id='line_1_56' title="bbox 780 4764 4007 4839; baseline 0.003 -24"><span class='ocrx_word' id='word_1_809' title='bbox 780 4767 1099 4833; x_wconf 69' lang='lat' dir='ltr'><strong>.oguomine</strong></span> <span class='ocrx_word' id='word_1_810' title='bbox 1120 4764 1640 4835; x_wconf 69' lang='lat' dir='ltr'><strong>Porphyrogcnneti,</strong></span> <span class='ocrx_word' id='word_1_811' title='bbox 1690 4780 1833 4815; x_wconf 90' lang='lat' dir='ltr'><strong>anno</strong></span> <span class='ocrx_word' id='word_1_812' title='bbox 1877 4778 1986 4829; x_wconf 87' lang='lat' dir='ltr'><strong>quo</strong></span> <span class='ocrx_word' id='word_1_813' title='bbox 2038 4772 2198 4817; x_wconf 87' lang='lat' dir='ltr'><strong>natus</strong></span> <span class='ocrx_word' id='word_1_814' title='bbox 2246 4773 2349 4821; x_wconf 84' lang='lat' dir='ltr'><strong>est.</strong></span> <span class='ocrx_word' id='word_1_815' title='bbox 2403 4764 2520 4817; x_wconf 86' lang='lat' dir='ltr'><strong>scil.</strong></span> <span class='ocrx_word' id='word_1_816' title='bbox 2569 4781 2620 4819; x_wconf 91' lang='lat' dir='ltr'><strong>a.</strong></span> <span class='ocrx_word' id='word_1_817' title='bbox 2673 4765 2801 4819; x_wconf 88' lang='lat' dir='ltr'><strong>Chr.</strong></span> <span class='ocrx_word' id='word_1_818' title='bbox 2830 4766 2955 4829; x_wconf 78' lang='lat'><strong>903,</strong></span> <span class='ocrx_word' id='word_1_819' title='bbox 2980 4767 3199 4835; x_wconf 73' lang='lat' dir='ltr'><strong>vitaque</strong></span> <span class='ocrx_word' id='word_1_820' title='bbox 3230 4777 3284 4822; x_wconf 88' lang='lat' dir='ltr'><strong>et</strong></span> <span class='ocrx_word' id='word_1_821' title='bbox 3335 4768 3519 4836; x_wconf 77' lang='lat' dir='ltr'><strong>p.373</strong></span> <span class='ocrx_word' id='word_1_822' title='bbox 3547 4785 3693 4838; x_wconf 84' lang='lat' dir='ltr'><strong>sqq.,</strong></span> <span class='ocrx_word' id='word_1_823' title='bbox 3730 4770 4007 4839; x_wconf 72' lang='lat' dir='ltr'><strong>praecipue</strong></span> 
     </span>
    </p>
   </div>
   <div class='ocr_carea' id='block_1_57' title="bbox 782 4848 4005 4924">
    <p class='ocr_par' dir='ltr' id='par_1_57' title="bbox 782 4848 4005 4924">
     <span class='ocr_line' id='line_1_57' title="bbox 782 4848 4005 4924; baseline 0.002 -21"><span class='ocrx_word' id='word_1_824' title='bbox 782 4868 832 4919; x_wconf 87' lang='lat' dir='ltr'><strong>p.</strong></span> <span class='ocrx_word' id='word_1_825' title='bbox 869 4852 968 4904; x_wconf 71' lang='grc' dir='ltr'><strong>ξ’»ῗο</strong></span> <span class='ocrx_word' id='word_1_826' title='bbox 993 4868 1135 4921; x_wconf 87' lang='lat' dir='ltr'><strong>sqq.,</strong></span> <span class='ocrx_word' id='word_1_827' title='bbox 1183 4851 1260 4904; x_wconf 86' lang='lat' dir='ltr'><strong>De</strong></span> <span class='ocrx_word' id='word_1_828' title='bbox 1284 4851 1457 4921; x_wconf 84' lang='lat' dir='ltr'><strong>ecloga</strong></span> <span class='ocrx_word' id='word_1_829' title='bbox 1512 4852 1684 4920; x_wconf 83' lang='lat' dir='ltr'><strong>legum</strong></span> <span class='ocrx_word' id='word_1_830' title='bbox 1740 4850 1923 4902; x_wconf 79' lang='lat' dir='ltr'><strong>Leonis</strong></span> <span class='ocrx_word' id='word_1_831' title='bbox 1967 4859 2013 4901; x_wconf 86' lang='lat' dir='ltr'><strong>et</strong></span> <span class='ocrx_word' id='word_1_832' title='bbox 2064 4848 2417 4910; x_wconf 83' lang='lat' dir='ltr'><strong>Constantini,</strong></span> <span class='ocrx_word' id='word_1_833' title='bbox 2449 4850 2515 4904; x_wconf 91' lang='lat' dir='ltr'><strong>de</strong></span> <span class='ocrx_word' id='word_1_834' title='bbox 2564 4853 2722 4906; x_wconf 84' lang='lat' dir='ltr'><strong>codd.</strong></span> <span class='ocrx_word' id='word_1_835' title='bbox 2760 4868 2912 4916; x_wconf 89' lang='lat' dir='ltr'><strong>mss.,</strong></span> <span class='ocrx_word' id='word_1_836' title='bbox 2942 4854 3009 4907; x_wconf 88' lang='lat' dir='ltr'><strong>de</strong></span> <span class='ocrx_word' id='word_1_837' title='bbox 3039 4854 3254 4917; x_wconf 90' lang='lat' dir='ltr'><strong>ordine,</strong></span> <span class='ocrx_word' id='word_1_838' title='bbox 3286 4856 3603 4924; x_wconf 89' lang='lat' dir='ltr'><strong>partitione,</strong></span> <span class='ocrx_word' id='word_1_839' title='bbox 3637 4854 3839 4921; x_wconf 88' lang='lat' dir='ltr'><strong>indice,</strong></span> <span class='ocrx_word' id='word_1_840' title='bbox 3862 4869 4005 4923; x_wconf 87' lang='lat' dir='ltr'><strong>etc.,</strong></span> 
     </span>
    </p>
   </div>
   <div class='ocr_carea' id='block_1_58' title="bbox 783 4937 1369 5008">
    <p class='ocr_par' dir='ltr' id='par_1_58' title="bbox 783 4937 1369 5008">
     <span class='ocr_line' id='line_1_58' title="bbox 783 4937 1369 5008; baseline 0.002 -17"><span class='ocrx_word' id='word_1_841' title='bbox 783 4950 941 4993; x_wconf 67' lang='lat' dir='ltr'><strong>nocte</strong></span> <span class='ocrx_word' id='word_1_842' title='bbox 965 4941 1163 5008; x_wconf 86' lang='lat' dir='ltr'><strong>agitur.</strong></span> <span class='ocrx_word' id='word_1_843' title='bbox 1202 4937 1369 4993; x_wconf 65' lang='lat' dir='ltr'><strong>llus.</strong></span> 
     </span>
    </p>
   </div>
   <div class='ocr_carea' id='block_1_59' title="bbox 855 5027 4008 5103">
    <p class='ocr_par' dir='ltr' id='par_1_59' title="bbox 855 5027 4008 5103">
     <span class='ocr_line' id='line_1_59' title="bbox 855 5027 4008 5103; baseline 0.002 -23"><span class='ocrx_word' id='word_1_844' title='bbox 855 5029 925 5082; x_wconf 84' lang='lat' dir='ltr'><strong>De</strong></span> <span class='ocrx_word' id='word_1_845' title='bbox 961 5027 1222 5090; x_wconf 87' lang='lat' dir='ltr'><strong>Basilicis,</strong></span> <span class='ocrx_word' id='word_1_846' title='bbox 1267 5027 1450 5082; x_wconf 83' lang='lat' dir='ltr'><strong>Basilii</strong></span> <span class='ocrx_word' id='word_1_847' title='bbox 1480 5028 1791 5082; x_wconf 84' lang='lat' dir='ltr'><strong>Macedonis</strong></span> <span class='ocrx_word' id='word_1_848' title='bbox 1846 5038 1901 5082; x_wconf 88' lang='lat' dir='ltr'><strong>et</strong></span> <span class='ocrx_word' id='word_1_849' title='bbox 1943 5027 2144 5081; x_wconf 89' lang='lat' dir='ltr'><strong>Leonis</strong></span> <span class='ocrx_word' id='word_1_850' title='bbox 2185 5030 2457 5097; x_wconf 86' lang='lat' dir='ltr'><strong>Sapientis</strong></span> <span class='ocrx_word' id='word_1_851' title='bbox 2490 5029 2737 5097; x_wconf 84' lang='lat' dir='ltr'><strong>auspicio</strong></span> <span class='ocrx_word' id='word_1_852' title='bbox 2759 5028 3004 5099; x_wconf 84' lang='lat' dir='ltr'><strong>digestis,</strong></span> <span class='ocrx_word' id='word_1_853' title='bbox 3042 5044 3097 5084; x_wconf 91' lang='lat' dir='ltr'><strong>et</strong></span> <span class='ocrx_word' id='word_1_854' title='bbox 3131 5045 3160 5083; x_wconf 92' lang='lat' dir='ltr'><strong>a</strong></span> <span class='ocrx_word' id='word_1_855' title='bbox 3198 5029 3559 5084; x_wconf 82' lang='lat' dir='ltr'><strong>Constantino</strong></span> <span class='ocrx_word' id='word_1_856' title='bbox 3589 5031 4008 5103; x_wconf 78' lang='lat' dir='ltr'><strong>Porphyrogen—</strong></span> 
     </span>
    </p>
   </div>
   <div class='ocr_carea' id='block_1_60' title="bbox 787 5114 4005 5185">
    <p class='ocr_par' dir='ltr' id='par_1_60' title="bbox 787 5114 4005 5185">
     <span class='ocr_line' id='line_1_60' title="bbox 787 5114 4005 5185; baseline 0.002 -17"><span class='ocrx_word' id='word_1_857' title='bbox 787 5128 912 5169; x_wconf 65' lang='lat' dir='ltr'><strong>ueto</strong></span> <span class='ocrx_word' id='word_1_858' title='bbox 935 5114 1249 5185; x_wconf 88' lang='lat' dir='ltr'><strong>recognitis,</strong></span> <span class='ocrx_word' id='word_1_859' title='bbox 1282 5116 1539 5185; x_wconf 68' lang='lat' dir='ltr'><strong>praeclare</strong></span> <span class='ocrx_word' id='word_1_860' title='bbox 1559 5115 1669 5170; x_wconf 85' lang='lat' dir='ltr'><strong>Jos.</strong></span> <span class='ocrx_word' id='word_1_861' title='bbox 1692 5115 1857 5169; x_wconf 83' lang='lat' dir='ltr'><strong>Maria</strong></span> <span class='ocrx_word' id='word_1_862' title='bbox 1890 5114 2203 5178; x_wconf 82' lang='lat' dir='ltr'><strong>Suaresius,</strong></span> <span class='ocrx_word' id='word_1_863' title='bbox 2240 5116 2531 5185; x_wconf 89' lang='lat' dir='ltr'><strong>episcopus</strong></span> <span class='ocrx_word' id='word_1_864' title='bbox 2554 5116 2908 5172; x_wconf 83' lang='lat' dir='ltr'><strong>Vasionensis</strong></span> <span class='ocrx_word' id='word_1_865' title='bbox 2939 5118 2992 5170; x_wconf 89' lang='lat' dir='ltr'><strong>in</strong></span> <span class='ocrx_word' id='word_1_866' title='bbox 3016 5116 3217 5171; x_wconf 84' lang='lat' dir='ltr'><strong>Notitia</strong></span> <span class='ocrx_word' id='word_1_867' title='bbox 3244 5116 3594 5171; x_wconf 81' lang='lat' dir='ltr'><strong>Basilicarum</strong></span> <span class='ocrx_word' id='word_1_868' title='bbox 3626 5119 3693 5172; x_wconf 86' lang='lat' dir='ltr'><strong>ad</strong></span> <span class='ocrx_word' id='word_1_869' title='bbox 3720 5119 4005 5176; x_wconf 85' lang='lat' dir='ltr'><strong>Urbanum</strong></span> 
     </span>
    </p>
   </div>
   <div class='ocr_carea' id='block_1_61' title="bbox 790 5202 2431 5275">
    <p class='ocr_par' dir='ltr' id='par_1_61' title="bbox 790 5202 2431 5272">
     <span class='ocr_line' id='line_1_61' title="bbox 790 5202 2431 5272; baseline 0 -16"><span class='ocrx_word' id='word_1_870' title='bbox 790 5202 920 5264; x_wconf 50' lang='lat' dir='ltr'><strong>illi.</strong></span> <span class='ocrx_word' id='word_1_871' title='bbox 978 5202 1289 5272; x_wconf 81' lang='lat' dir='ltr'><strong>pontiﬁcem</strong></span> <span class='ocrx_word' id='word_1_872' title='bbox 1352 5202 1688 5256; x_wconf 80' lang='lat' dir='ltr'><strong>maximum:</strong></span> <span class='ocrx_word' id='word_1_873' title='bbox 1775 5203 1972 5257; x_wconf 67' lang='lat' dir='ltr'><strong>«Libri</strong></span> <span class='ocrx_word' id='word_1_874' title='bbox 2038 5203 2339 5255; x_wconf 53' lang='lat' dir='ltr'><strong>Basilina»:</strong></span> <span class='ocrx_word' id='word_1_875' title='bbox 2406 5204 2431 5256; x_wconf 79' lang='lat' dir='ltr'><strong>il</strong></span> 
     </span>
    </p>
   </div>
   <div class='ocr_carea' id='block_1_62' title="bbox 2366 5202 4007 5275">
    <p class='ocr_par' dir='ltr' id='par_1_62' title="bbox 2406 5204 4007 5275">
     <span class='ocr_line' id='line_1_62' title="bbox 2406 5204 4007 5275; baseline 0.004 -19"><span class='ocrx_word' id='word_1_876' title='bbox 2406 5204 2459 5257; x_wconf 92' lang='lat' dir='ltr'><strong>in</strong></span> <span class='ocrx_word' id='word_1_877' title='bbox 2518 5218 2609 5258; x_wconf 80' lang='lat' dir='ltr'><strong>sex</strong></span> <span class='ocrx_word' id='word_1_878' title='bbox 2676 5204 2839 5275; x_wconf 78' lang='grc' dir='ltr'><strong>τεύχη</strong></span> <span class='ocrx_word' id='word_1_879' title='bbox 2903 5219 2998 5259; x_wconf 85' lang='lat' dir='ltr'><strong>seu</strong></span> <span class='ocrx_word' id='word_1_880' title='bbox 3056 5205 3334 5259; x_wconf 72' lang='lat' dir='ltr'><strong>volumina</strong></span> <span class='ocrx_word' id='word_1_881' title='bbox 3393 5204 3638 5260; x_wconf 86' lang='lat' dir='ltr'><strong>distincti</strong></span> <span class='ocrx_word' id='word_1_882' title='bbox 3698 5217 3867 5271; x_wconf 83' lang='lat' dir='ltr'><strong>sunt,</strong></span> <span class='ocrx_word' id='word_1_883' title='bbox 3923 5210 4007 5263; x_wconf 91' lang='lat' dir='ltr'><strong>in-</strong></span> 
     </span>
    </p>
   </div>
   <div class='ocr_carea' id='block_1_63' title="bbox 786 5288 2427 5363">
    <p class='ocr_par' dir='ltr' id='par_1_63' title="bbox 786 5288 2426 5360">
     <span class='ocr_line' id='line_1_63' title="bbox 786 5288 2426 5360; baseline 0 -17"><span class='ocrx_word' id='word_1_884' title='bbox 786 5292 962 5359; x_wconf 78' lang='lat' dir='ltr'><strong>deque</strong></span> <span class='ocrx_word' id='word_1_885' title='bbox 1013 5290 1142 5344; x_wconf 91' lang='lat' dir='ltr'><strong>dicti</strong></span> <span class='ocrx_word' id='word_1_886' title='bbox 1176 5288 1477 5355; x_wconf 76' lang='grc' dir='ltr'><strong>ὲξάσιόλος,</strong></span> <span class='ocrx_word' id='word_1_887' title='bbox 1518 5300 1573 5344; x_wconf 88' lang='lat' dir='ltr'><strong>et</strong></span> <span class='ocrx_word' id='word_1_888' title='bbox 1621 5290 1677 5343; x_wconf 89' lang='lat' dir='ltr'><strong>in</strong></span> <span class='ocrx_word' id='word_1_889' title='bbox 1736 5289 1906 5344; x_wconf 88' lang='lat' dir='ltr'><strong>libros</strong></span> <span class='ocrx_word' id='word_1_890' title='bbox 1939 5291 2216 5360; x_wconf 74' lang='lat' dir='ltr'><strong>sexaginta</strong></span> <span class='ocrx_word' id='word_1_891' title='bbox 2267 5290 2426 5345; x_wconf 88' lang='lat' dir='ltr'><strong>subdi</strong></span> 
     </span>
    </p>
   </div>
   <div class='ocr_carea' id='block_1_64' title="bbox 2366 5288 4007 5363">
    <p class='ocr_par' dir='ltr' id='par_1_64' title="bbox 2366 5290 4007 5363">
     <span class='ocr_line' id='line_1_64' title="bbox 2366 5290 4007 5363; baseline 0.003 -19"><span class='ocrx_word' id='word_1_892' title='bbox 2366 5290 2556 5353; x_wconf 61' lang='lat' dir='ltr'><strong>idivisi,</strong></span> <span class='ocrx_word' id='word_1_893' title='bbox 2610 5290 2845 5361; x_wconf 86' lang='lat' dir='ltr'><strong>indeque</strong></span> <span class='ocrx_word' id='word_1_894' title='bbox 2875 5290 3323 5361; x_wconf 77' lang='grc' dir='ltr'><strong>ὲξηκοντὰϐιὸλος</strong></span> <span class='ocrx_word' id='word_1_895' title='bbox 3350 5292 3671 5362; x_wconf 87' lang='lat' dir='ltr'><strong>nuncupati.</strong></span> <span class='ocrx_word' id='word_1_896' title='bbox 3703 5293 4007 5363; x_wconf 88' lang='lat' dir='ltr'><strong>Imperator</strong></span> 
     </span>
    </p>
   </div>
   <div class='ocr_carea' id='block_1_65' title="bbox 788 5364 4008 5447">
    <p class='ocr_par' dir='ltr' id='par_1_65' title="bbox 788 5364 4008 5447">
     <span class='ocr_line' id='line_1_65' title="bbox 788 5364 4008 5447; baseline 0 -15"><span class='ocrx_word' id='word_1_897' title='bbox 788 5377 1022 5432; x_wconf 82' lang='lat' dir='ltr'><strong>Basilius</strong></span> <span class='ocrx_word' id='word_1_898' title='bbox 1043 5364 1363 5447; x_wconf 70' lang='lat' dir='ltr'><strong>Macedolli)</strong></span> <span class='ocrx_word' id='word_1_899' title='bbox 1393 5378 1605 5447; x_wconf 84' lang='lat' dir='ltr'><strong>primus</strong></span> <span class='ocrx_word' id='word_1_900' title='bbox 1634 5377 1743 5433; x_wconf 89' lang='lat' dir='ltr'><strong>illis</strong></span> <span class='ocrx_word' id='word_1_901' title='bbox 1771 5392 1992 5432; x_wconf 87' lang='lat' dir='ltr'><strong>manum</strong></span> <span class='ocrx_word' id='word_1_902' title='bbox 2020 5378 2280 5443; x_wconf 83' lang='lat' dir='ltr'><strong>admovit,</strong></span> <span class='ocrx_word' id='word_1_903' title='bbox 2311 5384 2370 5430; x_wconf 90' lang='lat' dir='ltr'><strong>ut</strong></span> <span class='ocrx_word' id='word_1_904' title='bbox 2400 5373 2687 5430; x_wconf 86' lang='lat' dir='ltr'><strong>Cedrenus</strong></span> <span class='ocrx_word' id='word_1_905' title='bbox 2706 5374 2903 5430; x_wconf 87' lang='lat' dir='ltr'><strong>asserit</strong></span> <span class='ocrx_word' id='word_1_906' title='bbox 2933 5392 2946 5429; x_wconf 91' lang='lat'>:</span> <span class='ocrx_word' id='word_1_907' title='bbox 2975 5374 3207 5444; x_wconf 82' lang='lat' dir='ltr'><strong>ideoque</strong></span> <span class='ocrx_word' id='word_1_908' title='bbox 3233 5374 3343 5429; x_wconf 87' lang='lat' dir='ltr'><strong>Leo</strong></span> <span class='ocrx_word' id='word_1_909' title='bbox 3364 5374 3581 5445; x_wconf 84' lang='lat' dir='ltr'><strong>Sophus</strong></span> <span class='ocrx_word' id='word_1_910' title='bbox 3604 5375 3782 5431; x_wconf 85' lang='lat' dir='ltr'><strong>eidem</strong></span> <span class='ocrx_word' id='word_1_911' title='bbox 3806 5375 4008 5432; x_wconf 76' lang='lat' dir='ltr'><strong>Basilio</strong></span> 
     </span>
    </p>
   </div>
   <div class='ocr_carea' id='block_1_66' title="bbox 2260 5509 2493 5567">
    <p class='ocr_par' dir='ltr' id='par_1_66' title="bbox 2260 5509 2493 5567">
     <span class='ocr_line' id='line_1_66' title="bbox 2260 5509 2493 5567; baseline -0.004 -1"><span class='ocrx_word' id='word_1_912' title='bbox 2260 5509 2493 5567; x_wconf 58' lang='lat' dir='ltr'><strong>NOTAE.</strong></span> 
     </span>
    </p>
   </div>
   <div class='ocr_carea' id='block_1_67' title="bbox 858 5626 4008 5713">
    <p class='ocr_par' dir='ltr' id='par_1_67' title="bbox 858 5626 4008 5713">
     <span class='ocr_line' id='line_1_67' title="bbox 858 5626 4008 5713; baseline -0.001 -29"><span class='ocrx_word' id='word_1_913' title='bbox 858 5628 949 5713; x_wconf 33' lang='lat' dir='ltr'><strong>(gl</strong></span> <span class='ocrx_word' id='word_1_914' title='bbox 974 5626 1215 5713; x_wconf 55' lang='lat' dir='ltr'><strong>Meminit</strong></span> <span class='ocrx_word' id='word_1_915' title='bbox 1262 5627 1508 5683; x_wconf 81' lang='lat' dir='ltr'><strong>Codinus</strong></span> <span class='ocrx_word' id='word_1_916' title='bbox 1551 5629 1694 5700; x_wconf 85' lang='lat' dir='ltr'><strong>Orig.</strong></span> <span class='ocrx_word' id='word_1_917' title='bbox 1739 5629 1925 5694; x_wconf 86' lang='lat' dir='ltr'><strong>CPol.,</strong></span> <span class='ocrx_word' id='word_1_918' title='bbox 1962 5647 2015 5686; x_wconf 90' lang='grc' dir='ltr'><strong>ιι.</strong></span> <span class='ocrx_word' id='word_1_919' title='bbox 2051 5632 2171 5693; x_wconf 83' lang='grc'><strong>157.</strong></span> <span class='ocrx_word' id='word_1_920' title='bbox 2205 5631 2337 5686; x_wconf 88' lang='lat' dir='ltr'><strong>edit.</strong></span> <span class='ocrx_word' id='word_1_921' title='bbox 2449 5630 2812 5713; x_wconf 63' lang='lat' dir='ltr'><strong>d9nis_,p.§6,</strong></span> <span class='ocrx_word' id='word_1_922' title='bbox 2835 5630 2979 5713; x_wconf 74' lang='lat' dir='ltr'><strong>inter</strong></span> <span class='ocrx_word' id='word_1_923' title='bbox 2995 5632 3291 5713; x_wconf 73' lang='lat' dir='ltr'><strong>scriptores</strong></span> <span class='ocrx_word' id='word_1_924' title='bbox 3309 5644 3425 5713; x_wconf 82' lang='lat' dir='ltr'><strong>post</strong></span> <span class='ocrx_word' id='word_1_925' title='bbox 3449 5631 3840 5713; x_wconf 67' lang='lat' dir='ltr'><strong>Theophanem</strong></span> <span class='ocrx_word' id='word_1_926' title='bbox 3868 5650 3877 5683; x_wconf 91' lang='lat'><strong>:</strong></span> <span class='ocrx_word' id='word_1_927' title='bbox 3908 5632 4008 5683; x_wconf 74' lang='grc' dir='ltr'><strong>1ῗῦ-</strong></span> 
     </span>
    </p>
   </div>
   <div class='ocr_carea' id='block_1_68' title="bbox 788 5694 2429 5771">
    <p class='ocr_par' dir='ltr' id='par_1_68' title="bbox 788 5694 1664 5771">
     <span class='ocr_line' id='line_1_68' title="bbox 788 5694 1664 5771; baseline 0.001 -20"><span class='ocrx_word' id='word_1_928' title='bbox 788 5694 1082 5771; x_wconf 60' lang='lat' dir='ltr'><strong>Latnbeeii.</strong></span> <span class='ocrx_word' id='word_1_929' title='bbox 1240 5770 1245 5771; x_wconf 14' lang='grc' dir='ltr'><em>γ</em></span> <span class='ocrx_word' id='word_1_930' title='bbox 1380 5768 1399 5771; x_wconf 81' lang='lat'>_</span> <span class='ocrx_word' id='word_1_931' title='bbox 1524 5769 1535 5771; x_wconf 74' lang='lat'><strong><em>_</em></strong></span> <span class='ocrx_word' id='word_1_932' title='bbox 1647 5694 1664 5700; x_wconf 64' lang='grc'><strong>⁷</strong></span> 
     </span>
    </p>
   </div>
   <div class='ocr_carea' id='block_1_69' title="bbox 2369 5694 4010 5771">
    <p class='ocr_par' dir='ltr' id='par_1_69' title="bbox 2452 5694 4010 5771">
     <span class='ocr_line' id='line_1_69' title="bbox 2452 5694 4010 5771; baseline 0 -19"><span class='ocrx_word' id='word_1_933' title='bbox 2452 5700 2561 5769; x_wconf 87' lang='grc' dir='ltr'><strong>ρὼν</strong></span> <span class='ocrx_word' id='word_1_934' title='bbox 2584 5694 2761 5771; x_wconf 45' lang='grc' dir='ltr'><strong>δὲίκαὶ</strong></span> <span class='ocrx_word' id='word_1_935' title='bbox 2790 5700 2918 5771; x_wconf 69' lang='grc' dir='ltr'>τοὺς</span> <span class='ocrx_word' id='word_1_936' title='bbox 2944 5694 3249 5764; x_wconf 75' lang='grc' dir='ltr'>πολιτίκοὺς</span> <span class='ocrx_word' id='word_1_937' title='bbox 3277 5694 3471 5771; x_wconf 73' lang='grc' dir='ltr'>νόμους</span> <span class='ocrx_word' id='word_1_938' title='bbox 3514 5694 3713 5769; x_wconf 59' lang='grc' dir='ltr'><strong>πολλὴν</strong></span> <span class='ocrx_word' id='word_1_939' title='bbox 3747 5702 4010 5765; x_wconf 64' lang='grc' dir='ltr'><strong>ισίορειπν</strong></span> 
     </span>
    </p>
   </div>
   <div class='ocr_carea' id='block_1_70' title="bbox 859 5764 2500 5842">
    <p class='ocr_par' dir='ltr' id='par_1_70' title="bbox 859 5764 2500 5842">
     <span class='ocr_line' id='line_1_70' title="bbox 859 5764 2500 5842; baseline -0.007 -7"><span class='ocrx_word' id='word_1_940' title='bbox 859 5764 935 5835; x_wconf 52' lang='grc' dir='ltr'><strong>(ἦ)</strong></span> <span class='ocrx_word' id='word_1_941' title='bbox 971 5764 1361 5826; x_wconf 84' lang='lat' dir='ltr'><strong>Constantinus</strong></span> <span class='ocrx_word' id='word_1_942' title='bbox 1379 5768 1712 5842; x_wconf 79' lang='lat' dir='ltr'><strong>Porphyrog.</strong></span> <span class='ocrx_word' id='word_1_943' title='bbox 1731 5771 1785 5828; x_wconf 86' lang='lat' dir='ltr'><strong>in</strong></span> <span class='ocrx_word' id='word_1_944' title='bbox 1805 5771 1927 5827; x_wconf 87' lang='lat' dir='ltr'><strong>Vita</strong></span> <span class='ocrx_word' id='word_1_945' title='bbox 1951 5771 2135 5827; x_wconf 76' lang='lat' dir='ltr'><strong>Basilii</strong></span> <span class='ocrx_word' id='word_1_946' title='bbox 2166 5771 2341 5827; x_wconf 82' lang='lat' dir='ltr'><strong>Mace-</strong></span> <span class='ocrx_word' id='word_1_947' title='bbox 2450 5764 2500 5824; x_wconf 67' lang='lat' dir='ltr'><strong>is:</strong></span> 
     </span>
    </p>
   </div>
   <div class='ocr_carea' id='block_1_71' title="bbox 2367 5764 4008 5842">
    <p class='ocr_par' dir='ltr' id='par_1_71' title="bbox 2450 5764 4008 5841">
     <span class='ocr_line' id='line_1_71' title="bbox 2450 5764 4008 5841; baseline 0.001 -17"><span class='ocrx_word' id='word_1_948' title='bbox 2450 5764 2544 5824; x_wconf 61' lang='lat' dir='ltr'><strong>ita!</strong></span> <span class='ocrx_word' id='word_1_949' title='bbox 2597 5770 2858 5840; x_wconf 73' lang='grc' dir='ltr'><strong>σύγχυσιν</strong></span> <span class='ocrx_word' id='word_1_950' title='bbox 2895 5769 3116 5839; x_wconf 69' lang='grc' dir='ltr'><strong>ἕχοντας</strong></span> <span class='ocrx_word' id='word_1_951' title='bbox 3161 5772 3246 5825; x_wconf 70' lang='grc' dir='ltr'><strong>διὰ</strong></span> <span class='ocrx_word' id='word_1_952' title='bbox 3281 5764 3377 5841; x_wconf 66' lang='grc' dir='ltr'><strong>τῆν</strong></span> <span class='ocrx_word' id='word_1_953' title='bbox 3422 5771 3639 5837; x_wconf 66' lang='grc' dir='ltr'><strong>ἀγαθῶν</strong></span> <span class='ocrx_word' id='word_1_954' title='bbox 3670 5764 3871 5840; x_wconf 62' lang='grc' dir='ltr'>ὥσπερ</span> <span class='ocrx_word' id='word_1_955' title='bbox 3916 5773 4008 5825; x_wconf 66' lang='grc' dir='ltr'><strong>καὶ</strong></span> 
     </span>
    </p>
   </div>
  </div>
