4156 6440
746 358 811 423 19
1959 362 2168 420 JUAN.
2210 362 2371 420 ALB.
2418 359 2758 418 FABHlLlI
3914 358 3989 419 ‘20

815 492 836 524 ο
876 472 1083 525 Laudat
1108 472 1250 523 idem
1276 471 1616 541 Augustinus
1638 474 1689 527 in
1724 477 1868 529 notis
1894 475 1960 529 ad
1986 475 2240 530 Novellas
2270 477 2456 545 πρόχει

2349 477 2559 545 ὁχειρον
2584 472 2900 528 Βασιλικῶν’
2939 475 3078 526 κατὰ
3129 476 3413 541 στοιχεῖον,
3466 474 3699 543 Jusepltt'i
3750 474 3984 536 Truc-dii,

737 571 793 615 ct
838 560 1073 613 indicent
1118 557 1418 611 Βασιλικῶν
1465 560 1604 613 κατὰ
1650 565 1934 629 στοιχεῖον.
1983 564 2143 633 cujus
2186 579 2250 616 ea
2284 578 2378 617 ess

2343 578 2405 617 se
2466 565 2747 633 suspicere
2777 562 3136 632 exemplaria,
3176 576 3297 630 qua:
3327 573 3619 616 servantur
3644 561 3695 615 in
3731 561 3984 616 Vatican.

737 649 1021 701 codicibus
1072 648 1175 699 752
1219 657 1275 701 et
1330 648 1453 709 854,
1514 658 1571 701 et
1621 650 1853 704 Palatin.
1911 652 2035 706 cod.
2096 653 2241 713 29.2,
2303 668 2378 721 pr:

2347 654 2579 721 rmcipue
2647 653 2701 705 in
2766 652 2953 705 codice
3012 651 3278 719 inscripto
3340 649 3695 712 Τιποὺκειτος
3754 652 3988 717 γενόμε-

738 753 847 796 νος.
910 735 976 787 Et
1007 735 1271 802 Ulpianus
1305 736 1526 803 quidem
1564 736 1762 807 Tyrius
1796 741 1938 793 alius
1968 756 1995 793 a
2019 740 2437 809 jurisconsulto.
2479 740 2521 792 si
2543 738 2851 792 Casauboni
2905 738 3233 790 sententiam
3266 752 3386 805 tap.
3422 737 3456 789 2
3514 737 3896 790 Animadvers.
3931 738 3987 790 in

731 823 1056 877 Athenaeum
1082 840 1411 892 sequamur;
1436 825 1517 877 vel
1546 825 1775 892 ipsemet
1805 827 2262 890 Jurisconsultus,
2282 828 2327 881 si
2357 828 2581 896 anacio
2608 827 2769 879 [idem
2802 827 3161 879 adhibeamus
3182 840 3302 894 cap.
3332 827 3420 887 39,
3445 826 3543 879 lib.
3573 838 3697 878 μιν
3728 824 3992 878 Observa.

733 911 937 962 lionum
968 912 1085 979 jur.
1145 911 1213 963 ab
1249 912 1510 965 Athenaeo
1556 913 1609 965 in
1652 914 1804 966 libris
1854 913 2374 983 Dipnosopltistarum

2344 934 2377 968 η
2436 930 2543 968 non
2598 923 2810 967 tantum
2836 913 3317 983 ’1)νοματοθὴρης,
3380 914 3475 966 sed
3524 914 3690 983 etiam
3751 914 3985 965 Κειτού-

734 1012 933 1060 κειτος,
982 1005 1207 1049 vocatus
1236 997 1379 1063 fuit,
1417 999 1561 1066 quod
1595 1000 1645 1051 in
1678 1000 1854 1067 epulis
1898 1001 2031 1053 nihil
2070 1011 2314 1069 gustaret
2356 1018 2375 1055 (

2356 1002 2487 1064 cibi,
2527 1003 2658 1072 quin
2694 1001 2847 1069 prius
2900 1010 3144 1069 rogasset
3197 1002 3244 1052 st
3276 1003 3475 1063 κεῖται,
3527 1016 3624 1053 seu
3685 1000 3747 1052 οὗ
3779 1002 3983 1063 κεῖται,

734 1084 848 1138 sive
905 1084 1037 1136 ams
1107 1087 1282 1136 κεῖται
1345 1087 1463 1154 ejus
1527 1088 1841 1155 appellatio.
1898 1089 2073 1141 'llnnc
2125 1088 2361 1142 indicem
2412 1091 2575 1158 vulgo
2618 1088 2726 1143 diei
2767 1089 2859 1157 jus
2909 1088 3316 1154 alphabeticum
3371 1097 3522 1141 notat
3564 1088 3680 1157 ipse
3712 1088 3989 1141 Antonius

734 1172 1072 1242 Augustinus
1118 1173 1171 1225 in
1196 1189 1295 1227 sua
1337 1174 1676 1228 Bibliotheca
1703 1176 1941 1229 codicib.
1988 1178 2102 1237 IRI,
2150 1176 2269 1239 182,
2328 1178 2375 1230 lt

2340 1176 2449 1230 I87.
2506 1176 2735 1230 Carolus
2770 1175 3025 1228 Labbeus
3066 1175 3295 1243 νόμιμον
3326 1176 3469 1227 κατὰ
3504 1178 3740 1242 στοιχεῖν
3795 1184 3981 1237 vocat,

731 1267 783 1312 et
812 1259 1020 1328 glossas
1042 1270 1163 1330 post
1194 1260 1325 1314 illud
1364 1262 1614 1315 inventas
1642 1263 1958 1330 publicavit.
1990 1262 2246 1332 Cujacius
2294 1264 2372 1316 ἐκ)

2346 1264 2540 1333 ιλνίὴν,
2575 1267 2667 1318 xli.
2696 1265 2925 1332 Σύνοῷιν
2965 1265 3074 1315 τῶν
3133 1265 3438 1317 Batulum?»
3490 1264 3550 1327 ξ’.
3618 1262 3849 1315 Βιόὶίων
3887 1263 3987 1314 σὺν

740 1354 1139 1418 παραπομπαῖς
1169 1350 1309 1401 κατὰ
1336 1354 1597 1418 στοιχεῖον
1622 1352 1723 1405 sibi
1754 1352 1898 1405 dono
1927 1353 2112 1405 datum
2148 1369 2175 1405 a
2208 1353 2381 1407 Jacobi

2344 1354 2412 1406 bo
2438 1353 2763 1421 Cambrayo,
2796 1353 2887 1420 qui
2910 1352 3167 1404 retulerat
3195 1352 3342 1405 illam
3363 1368 3393 1403 e
3411 1351 3683 1420 legatione
3709 1350 3985 1404 Constan-

734 1436 1114 1507 tinopolitana,
1152 1448 1388 1493 testatur
1413 1441 1464 1492 in
1500 1440 1817 1509 praefatione
1844 1443 1907 1495 ad
1945 1444 2163 1495 titulum
2196 1442 2267 1497 π’.
2309 1442 2381 1495 De
2407 1443 2741 1495 excusatione
2774 1449 3026 1492 tutorum.

809 1544 828 1576 ι
854 1526 1107 1588 Antiochi
1136 1526 1473 1580 Balsamonis
1505 1530 1592 1595 (ρ)
1621 1531 1937 1596 prochirnm
1961 1531 2137 1582 simile
2168 1531 2426 1597 prochiro
2452 1528 2732 1582 Michaelis
2758 1527 3052 1587 Attaliotm,
3092 1537 3147 1580 et
3185 1528 3261 1581 illi
3290 1528 3432 1595 quod
3479 1528 3699 1589 Basilio,
3727 1525 3895 1579 Leoni
3930 1532 3990 1579 et

731 1613 1095 1667 Constantino
1122 1615 1405 1675 tribuitur,
1443 1626 1690 1670 recenset
1718 1618 1770 1669 in
1794 1634 1889 1671 sua
1924 1618 2261 1686 Bibliotheca
2292 1616 2435 1671 idem
2462 1616 2733 1669 Antonius
2757 1614 3094 1681 Augustinus
3120 1614 3309 1667 codice
3340 1614 3462 1677 188,
3489 1615 3821 1683 videturque
3858 1629 3987 1667 cum

734 1700 896 1753 l’selli
929 1716 1097 1769 opere
1133 1702 1473 1755 confundere
1500 1703 1552 1754 in
1575 1720 1708 1758 voee
1740 1705 2075 1774 Πανδέκτης.
2107 1704 2173 1757 de
2202 1703 2439 1772 propriis
2460 1702 2779 1754 nominibus
2809 1700 3229 1754 Pandectarnm.

820 1789 989 1843 «Leo
1060 1790 1428 1859 Philosophus
1498 1791 1699 1846 Basilio
1772 1795 1915 1862 patri
1988 1793 2290 1847 succedens
2350 1790 2461 1843 incl

2350 1790 2661 1843 inchoatum
2733 1787 2802 1840 ab
2866 1786 3062 1840 eodem
3140 1788 3341 1842 Basilio
3400 1787 3707 1851 Διατάξεων
3766 1786 3991 1839 Βασιλι-

735 1876 847 1929 κῶν
878 1877 1134 1931 volumen
1168 1877 1477 1941 (Basilicam
1510 1891 1703 1933 vocant
1728 1882 1921 1941 Graeci)
1958 1881 2206 1948 perfecit,
2246 1880 2323 1933 uti
2370 1877 2653 1931 Cedrenus
2690 1875 2909 1935 asserit,
2953 1890 3233 1943 Operaque
3266 1875 3513 1929 Sabliatii
3547 1874 3987 1944 protospatharii

734 1965 835 2021 (uti
868 1965 1152 2019 Mattlneus
1186 1965 1457 2020 Blastares
1520 1967 1706 2031 tradit,
1758 1984 1824 2021 ex
1884 1984 2061 2037 eoque
2113 1968 2383 2022 Antonius
2430 1966 2767 2025 Augustinus
2797 1964 2848 2015 in
2876 1962 3240 2027 Bibliotheca,
3276 1964 3418 2017 libro
3444 1965 3510 2018 de
3546 1980 3734 2033 propr.
3770 1963 3985 2017 nomin.

737 2062 811 2115 π’,
846 2063 903 2108 et
942 2054 995 2107 in
1042 2053 1500 2124 προλεγομεύνοις
1551 2056 1616 2109 ad
1673 2056 1947 2119 Novellas)
2009 2056 2365 2126 promulgavit

2353 2063 2405 2115 t;
2465 2054 2566 2106 hac
2618 2052 2817 2105 Leonis
2872 2051 3137 2120 καθάρσει
3172 2052 3399 2106 Photius
3436 2053 3489 2106 in
3540 2067 3857 2122 proeanone
3900 2052 3988 2105 vi-

734 2137 899 2191 detur
958 2152 1091 2189 usus
1136 2138 1513 2201 Gothofredo,
1560 2154 1705 2191 anno
1746 2155 1773 2191 a
1822 2138 2058 2208 Virginis
2105 2148 2261 2207 partu
2313 2138 2534 2195 circiter
2575 2140 2699 2194 886.
2768 2141 2809 2193 A
2869 2140 3052 2192 Leone
3103 2139 3466 2192 concinnatos
3532 2139 3703 2193 fuisse
3761 2138 3985 2190 Βασιλι-

736 2224 849 2276 κῶν
883 2223 1057 2277 libros
1088 2224 1313 2278 Michael
1348 2226 1577 2288 Psellus,
1614 2226 1840 2280 Michael
1889 2227 2171 2289 Attaliota,
2202 2226 2662 2299 llarmenopulus,
2703 2228 3013 2290 Balsainon,
3055 2227 3328 2281 Blastares
3374 2238 3428 2280 et
3461 2226 3722 2297 Cujacins
3764 2240 3991 2280 summo

735 2326 1007 2365 consensu
1046 2320 1336 2368 testantur.

808 2418 827 2451 ι
868 2399 1056 2454 Edidit
1119 2400 1249 2453 item
1301 2401 1410 2454 Leo
1449 2401 1596 2456 Juris
1655 2404 1937 2472 l-lpitomas
1970 2406 2093 2475 (q-r)
2123 2445 2136 2467 ,
2168 2419 2308 2473 opus
2361 2408 2527 2460 meris
2584 2407 3001 2459 deﬁnitionibus
3051 2415 3107 2459 et
3144 2406 3349 2474 regulis
3398 2415 3689 2463 constans.
3745 2414 3801 2457 et
3850 2402 3993 2456 satis

736 2490 977 2556 elegans,
1024 2486 1171 2554 quod
1198 2498 1318 2541 erat
1349 2490 1402 2542 in
1444 2490 1689 2544 Palatina
1714 2492 2071 2554 bibliotheca,
2103 2502 2162 2546 ut
2190 2493 2377 2546 Frehei

2347 2509 2463 2547 :rus
2495 2504 2759 2554 testatur;
2802 2503 2999 2561 praeter
3036 2491 3521 2561 ἑξηκοντάὅισλον,
3575 2508 3671 2545 seu
3712 2491 3988 2543 Βασιλικὰ

739 2577 944 2643 νόμιμα
980 2576 1283 2631 confecisse
1323 2577 1560 2631 Leonem
1604 2579 1944 2647 prochirum,
1994 2591 2052 2633 ut
2098 2582 2269 2634 instar
2306 2581 2719 2635 lnstitntionum
2756 2580 2920 2643 foret,
2970 2581 3243 2633 Antonius
3286 2582 3626 2649 Augustinus
3654 2581 3707 2632 in
3735 2579 3882 2631 notis
3917 2578 3988 2631 ad

738 2662 990 2717 Novellas
1024 2663 1227 2732 prodit,
1274 2664 1568 2733 aliquando
1600 2680 1665 2719 ex
1698 2666 1784 2719 his
1821 2683 1941 2735 qua:
1977 2666 2079 2735 ipsi
2102 2678 2157 2720 ct
2188 2667 2389 2720 Basilio
2419 2667 2556 2735 patri
2583 2668 2766 2727 simul,
2803 2666 2887 2719 vel
2928 2664 3290 2720 Constantino
3320 2667 3430 2719 [ilio
3471 2668 3784 2733 promiscue
3808 2665 3989 2717 ascri-

741 2751 970 2815 buntur,
998 2750 1131 2805 illud
1159 2750 1276 2805 fore
1300 2752 1601 2806 verisimile
1642 2764 1747 2817 est,
1785 2753 1923 2807 forte
1966 2756 2192 2815 Λέοντος
2227 2754 2459 2821 ἐκλογὴν
2500 2769 2620 2821 qua:
2666 2753 2940 2820 reperitur
2974 2754 3028 2805 in
3079 2753 3411 2807 bibliotheca
3455 2752 3620 2822 ltegia
3661 2751 3989 2809 Parisiensi.

739 2853 1013 2907 quamque
1035 2838 1511 2901 laudatLabbeus,
1542 2840 1632 2907 qui
1666 2856 1729 2893 ex
1773 2841 1962 2893 eadem
2021 2853 2207 2894 erutas
2229 2842 2434 2909 glossas
2477 2842 2657 2893 emisit
2700 2840 2750 2891 in
2809 2840 3004 2891 lucem.
3031 2839 3216 2893 Codiei
3236 2840 3499 2893 Vaticano
3525 2839 3650 2897 8.32.
3676 2838 3728 2890 in
3755 2853 3867 2906 quo
3890 2854 3993 2888 xa-

739 2926 807 2977 τὰ
851 2927 1112 2992 σταιιχεῖον
1146 2925 1363 2994 praeﬁxa
1385 2926 1583 2995 legitur
1633 2928 1979 2996 imperatoris
2003 2928 2205 2983 Leonis
2227 2928 2380 2998 epistt

2349 2932 2455 2981 tola
2492 2929 2784 2997 incipiens.
2828 2926 3213 2995 Ίουστινιανῴ,
3257 2926 3475 2979 diversa
3513 2942 3539 2979 a
3563 2927 3779 2980 novella
3804 2927 3988 2994 prima

744 3012 941 3065 Leonis
962 3011 1028 3063 ad
1061 3011 1386 3081 Styliannnt.

820 3119 837 3147 ί
879 3099 1216 3155 Subsecutus
1262 3099 1497 3153 Leonem
1536 3100 1945 3163 Constantinus.
1988 3106 2107 3174 ejus
2129 3104 2670 3172 ﬂlius,cognomento
2709 3102 3279 3170 Porphvrogennetus.
3310 3102 3586 3153 revocavit
3620 3101 3719 3153 has
3764 3100 3992 3152 Βασιλι-

746 3188 843 3249 κὰς
871 3187 973 3241 sub
1006 3187 1281 3247 incudem,
1305 3198 1357 3239 et
1396 3204 1589 3241 novam
1618 3190 2007 3260 ἀνακάθαρσιν,
2038 3208 2133 3246 seu
2167 3193 2455 3261 repetitam
2478 3191 2880 3257 przeleetionem
2914 3189 3097 3240 emisit
3131 3189 3181 3240 in
3224 3189 3421 3245 lucem.
3456 3199 3513 3239 ut
3540 3203 3663 3240 eum
3714 3188 3768 3239 in
3816 3202 3991 3240 unum

743 3292 943 3345 corpus
978 3277 1374 3345 quinquaginta
1404 3277 1568 3330 trium
1616 3279 1858 3333 locorum
1909 3282 2281 3333 communium
2316 3282 2449 3349 (s-t),
2479 3279 2771 3331 historicos
2817 3294 3010 3328 omnes
3036 3277 3214 3343 colligi
3246 3277 3515 3343 jussissct.
3552 3292 3658 3327 non
3707 3277 3891 3328 minus
3922 3275 3994 3330 de

739 3364 1198 3432 jurisprudcntia,
1240 3381 1399 3432 quam
1448 3365 1513 3417 de
1549 3366 1798 3427 historia,
1836 3384 1955 3435 qua:
2004 3368 2398 3437 conjungenthe
2445 3375 2591 3427 sunt,
2645 3366 2723 3425 (ut
2758 3372 2871 3417 toto
2903 3364 3084 3416 libello
3113 3363 3274 3415 docet
3310 3364 3629 3416 l-‘ranciscns
3663 3361 3991 3425 Balduinus}

747 3451 885 3505 bene
927 3464 1278 3510 mereretur.
1327 3460 1383 3503 ut
1436 3452 1751 3505 observavit
1799 3453 2157 3507 Casaubonus
2205 3455 2256 3506 in
2295 3454 2446 3521 prati".
2471 3452 2535 3505 ad
2591 3451 2898 3519 Polybium.
2946 3449 3098 3503 l'nde
3142 3450 3445 3500 Βασιλικηῑν
3499 3460 3690 3501 auctor
3742 3460 3995 3502 assertus

747 3539 851 3592 l'nit
881 3554 908 3590 a
946 3538 1306 3607 Luitprando,
1338 3550 1499 3606 atque
1522 3555 1550 3592 a
1574 3540 1842 3593 Gentiano
1877 3541 2146 3593 Ilcrvcto:
2182 3542 2319 3593 hanc
2351 3540 2725 3607 ἀνακάθαρσιν
2757 3539 2845 3601 (n)
2879 3538 3076 3605 passim
3110 3536 3293 3589 laudat
3322 3536 3642 3589 'lheodorns
3675 3537 3992 3591 Balsamon.

822 3643 840 3675 ι
873 3624 965 3679 Isti
997 3626 1217 3678 demum
1239 3626 1353 3678 veri
1386 3636 1510 3679 sunt
1536 3628 1874 3680 Βιισιλικών
1903 3628 2049 3690 libri,
2077 3629 2169 3696 qui
2193 3644 2222 3681 a
2242 3626 2601 3682 Constantino
2625 3626 3140 3695 l’orphyrogenncto
3169 3625 3356 3677 ultima
3386 3638 3546 3677 manu
3584 3626 3839 3691 imposita
3872 3624 3995 3679 fue-

748 3723 873 3768 rttnt
896 3713 1052 3767 editi.

823 3820 838 3848 σ
886 3800 964 3853 Ad
991 3815 1086 3852 eos
1122 3800 1236 3869 ipse
1273 3800 1687 3867 Constantinus,
1718 3803 2037 3872 proehirum
2073 3807 2154 3871 (v)
2188 3805 2302 3858 sive
2330 3804 2791 3859 introductionem
2814 3803 3066 3871 componi
3097 3806 3329 3863 curavit.
3362 3813 3454 3856 aut
3488 3805 3671 3871 potius
3706 3803 3990 3870 prochira,

746 3902 869 3955 qum
894 3887 1126 3941 Basilius
1162 3898 1216 3941 et
1242 3888 1348 3941 Leo
1374 3902 1819 3958 composuerant,
1848 3894 2122 3944 recenseri
2156 3910 2167 3944 :
2213 3893 2356 3947 unde
2390 3894 2536 3946 illius
2563 3907 2781 3959 quoque
2818 3906 3016 3942 nomen
3052 3899 3129 3942 tot
3164 3893 3545 3957 prochirornm
3579 3892 3994 3957 exemplaribus

753 3977 1075 4044 inseriptuni
1124 3987 1248 4038 est,
1322 3994 1441 4046 quae
1489 3996 1516 4032 a
1567 3979 1830 4033 studiosis
1878 3990 1934 4033 et
1993 3979 2709 4037 causidirisOrientalibus
2752 3978 2899 4029 varie
2958 3977 3283 4045 interpolata
3321 4017 3334 4035 .
3390 3980 3605 4031 concisa
3657 3994 3757 4046 pro
3804 3978 3991 4036 lihito,

748 4073 802 4112 et
848 4061 913 4113 ad
955 4062 1196 4131 ipsorum
1239 4079 1421 4125 usum,
1475 4076 1915 4137 prmpostcreque
1958 4069 2231 4136 descripta
2284 4083 2391 4123 tam
2446 4065 2756 4124 dissimilia,
2807 4074 3023 4132 tamque
3066 4066 3386 4132 perturbato
3428 4067 3621 4119 ordine
3652 4081 3799 4118 nunc
3828 4080 3992 4133 repe-

751 4156 987 4198 l'lUllllll‘.

825 4252 841 4282 ι
886 4234 1189 4285 Βασιλικῶν
1235 4236 1481 4305 ἐκλογὴν,
1526 4238 1639 4290 sive
1665 4239 1920 4307 svnopsin
1946 4239 2032 4304 (.r)
2068 4237 2227 4293 .loan.
2250 4240 2555 4293 Sambucus
2578 4240 2661 4291 vir
2692 4236 3004 4291 Pannonius
3034 4237 3253 4290 Tarenti
3285 4240 3429 4307 apud
3461 4239 3726 4292 Calabros
3753 4239 3986 4305 reperit,

748 4334 801 4372 et
826 4337 949 4373 cum
981 4321 1235 4373 versione
1261 4322 1450 4375 Latina
1481 4324 1847 4376 Leunclavius
1878 4325 2047 4393 ipsam
2076 4326 2249 4379 edidit
2277 4328 2495 4383 Basilezc
2528 4330 2681 4381 1575.
2712 4329 2785 4381 Dc
2820 4328 2908 4379 illa
2936 4326 3053 4379 fuse
3081 4327 3338 4396 Cujacius
3363 4329 3459 4380 lib.
3488 4345 3641 4387 xuii,
3680 4342 3803 4395 cap.
3832 4327 3903 4379 57
3933 4337 3993 4381 et

749 4410 838 4462 58.
880 4410 1148 4464 Observat.
1173 4410 1337 4473 luris,
1361 4412 1451 4464 ubi
1485 4412 1671 4465 laudat
1694 4414 1857 4467 etiam
1891 4415 2085 4482 μικρὸν
2112 4416 2249 4466 κατά
2283 4434 2390 4467 cro:

2352 4420 2542 4486 οιχεῖον
2571 4415 2761 4473 incerti
2790 4414 3052 4478 auctoris,
3081 4414 3147 4467 de
3183 4430 3291 4483 quo
3319 4430 3442 4467 cum
3474 4431 3580 4468 non
3612 4416 3841 4483 liqueat,
3875 4429 3993 4467 ant-

751 4501 1031 4569 pliandutn
1056 4517 1273 4555 censeo.
1306 4520 1322 4550 ι

820 4588 873 4642 6.
926 4591 1188 4656 Διήγησις
1225 4591 1353 4658 περὶ
1394 4590 1493 4657 τῆς
1547 4591 1681 4655 πρὸς
1726 4590 1973 4659 Λῦγαρον
2022 4593 2423 4662 ἀποπταλείσης
2485 4595 2900 4661 ἀχειροποιήτω
2954 4592 3107 4651 θείας
3158 4591 3362 4648 εἰκόνος
3416 4589 3653 4657 Χρεττςῦ
3694 4587 3788 4638 τοῦ
3846 4587 3990 4639 Θεοῦ

750 4677 925 4744 ἡμῶν.
984 4676 1235 4729 Narratio
1274 4678 1335 4728 de
1361 4680 1591 4743 imagine
1619 4676 1813 4730 Christi
1848 4679 1910 4729 ab
1937 4681 2044 4747 ipso
2084 4680 2153 4730 ad
2194 4682 2488 4748 Augarnm,
2520 4680 2732 4734 Edessa
2759 4696 2953 4749 regem,
2982 4682 3139 4733 missa
3172 4686 3219 4729 et
3250 4676 3447 4729 Edessa
3480 4674 3675 4728 CPolin
3712 4673 3987 4727 translata

754 4784 804 4819 ιι.
851 4765 911 4818 C.
965 4765 1090 4818 9H.
1157 4766 1345 4819 Latine
1402 4767 1602 4834 legitur
1665 4767 1804 4833 apud
1856 4768 2137 4836 Aloysimn
2186 4768 2620 4836 Lipomannnm,
2670 4776 2833 4834 atquc
2894 4766 3019 4818 inde
3066 4765 3206 4832 apud
3263 4762 3482 4816 Suritnn
3520 4770 3650 4812 tom.
3690 4758 3775 4821 IV,
3822 4760 3890 4813 ad
3925 4764 3991 4813 16

750 4852 1011 4920 Augusti;
1071 4854 1255 4906 Grzecc
1306 4870 1369 4906 ex
1415 4854 1581 4921 Itegio
1631 4854 1815 4908 codice
1858 4871 1961 4907 una
2014 4871 2135 4908 cum
2174 4872 2309 4909 nova
2346 4856 2599 4907 versione
2643 4870 2737 4907 sua
2792 4854 3045 4920 notisque
3102 4851 3313 4919 primus
3374 4848 3615 4915 vulgavit
3655 4846 3990 4900 Franciscus

749 4934 1110 4992 Combclisius
1151 4940 1202 4991 in
1237 4940 1513 4992 Fascicnlo
1544 4941 1814 5009 originum
1851 4953 1904 4993 ct
1938 4944 2322 5010 antiquitatum
2346 4942 2529 5003 CPoI.,
2566 4958 2618 5010 p.
2655 4941 2881 4998 73i-lOl.
2926 4940 3097 4993 l’aris.
3138 4938 3288 4999 1666,
3334 4938 3386 4991 ι.
3446 4936 3834 5004 Conjecturam
3901 4936 3943 4988 L
3972 4966 3995 4975 -

2241 5074 2468 5128 NOTAE.

824 5211 898 5273 (pl
944 5209 1142 5260 Vereor
1196 5224 1263 5261 ne
1311 5211 2098 5277 Antiochenampatriarcbam
2136 5210 2319 5262 Balsa-
2424 5211 2603 5261 Basilii
2676 5210 2981 5263 Macedonis
3050 5211 3193 5262 inter
3255 5212 3553 5277 scriptores
3618 5216 3739 5275 post
3804 5210 3989 5264 Theo-

758 5295 971 5331 nmucin
1042 5278 1225 5329 dicere
1287 5280 1520 5331 voluerit
1593 5280 1953 5345 Augustinus,
2018 5282 2083 5331 tic
2160 5281 2317 5345 cujus
2420 5280 2676 5347 phancm.

756 5348 1026 5417 synopsie
1059 5348 1243 5399 Codice
1272 5358 1325 5401 et
1358 5350 1584 5401 novellis
1612 5349 1817 5401 dictum
1852 5366 2014 5414 supra
2044 5366 2096 5415 [ι.
2123 5350 2244 5401 403.
2488 5360 2603 5411 ts-t)
2631 5351 2759 5402 Vide
2801 5352 3005 5403 volnm.
3032 5351 3093 5403 Vl
3128 5351 3288 5406 huius
3315 5349 3478 5405 Bibl..
3507 5366 3558 5417 p.
3588 5350 3691 5401 590
3722 5366 3839 5417 srq.

826 5420 944 5483 (πίονι
976 5416 1172 5468 Leonis
1204 5419 1889 5485 Sapientis(Iotnpemliutn
1916 5421 2115 5487 Legum
2137 5421 2313 5471 citans
2487 5430 2561 5469 tu)
2604 5420 2747 5471 Ideni
2805 5421 3046 5472 Balsamo
3124 5436 3349 5486 proorm.
3426 5424 3476 5471 in
3508 5416 3515 5417 ί
3545 5421 3767 5473 λυιιιωιπς
3796 5416 3990 5473 innem

753 5485 869 5541 Nic.
890 5489 1201 5557 tlomncnus
1227 5488 1549 5554 l‘apatlopoli
1572 5489 1979 5541 Pru'notionilms
1999 5485 2266 5556 inyslagog
2298 5531 2310 5551 ,

2427 5491 2602 5542 l'lmtii
2632 5501 2784 5541 \ot'at
2806 5494 2899 5557 τὴν
2924 5485 3232 5541 τελευταίαν
3263 5495 3631 5553 avaxa'upszv
3652 5490 3764 5539 τῶν
3806 5494 3988 5557 νόμων)

758 5575 808 5620 p.
843 5556 965 5627 561,
1012 5557 1136 5616 402,
1171 5567 1301 5613 010..
1343 5559 1523 5611 laudat
1554 5560 1671 5625 ejus
1705 5559 2030 5624 interpretes
2060 5560 2312 5610 Modesti-

2423 5561 2519 5625 τὴν
2549 5556 2863 5625 τετιλμένην
2890 5566 3033 5627 παρὰ
3061 5559 3151 5610 τεῦ
3190 5559 3433 5625 ὸινιιόίιιιιυ
3474 5559 3735 5624 βασιλέως
3793 5556 3988 5626 κυρίην

758 5642 907 5680 nunt.
934 5626 1613 5697 lloinninun.,(it'cgor'nm
1651 5630 1832 5691 l"atzo,
1856 5629 2307 5693 Theophilitzein,

1861 5629 2307 5693 Theophilitzein,
2422 5632 2709 5681 Κωνσταντ
2722 5632 2828 5679 ίνον
2862 5630 2951 5680 τοῖα
2975 5632 3502 5697 Ιιορξυρςγέννῃτιν.

758 5694 1084 5750 linduxi'tm.
1113 5696 1345 5749 Phocum
1386 5710 1437 5749 et
1473 5698 1817 5751 Theodorum
1862 5702 2304 5765 llcrinopolitcnt.

1242 5713 1345 5747 ra=n
1386 5710 1437 5749 et
1473 5698 1817 5751 Theodorum
1862 5702 2304 5765 llcrinopolitcnt.
2493 5716 2557 5743 ινα
2600 5703 2634 5751 Ᾱ
2694 5700 2883 5747 (11F?!

764 5767 908 5819 [ilius
945 5766 1009 5815 ab
1054 5766 1082 5815 b
1113 5788 1137 5808 ιι
1201 5768 1604 5835 Ἠινιιμειίίὲῐιν--ς
1660 5771 1811 5837 cujus
1855 5770 2058 5821 nit-utin
2106 5769 2156 5821 in
2192 5767 2304 5825 Vita

1726 5771 1811 5837 jus
1855 5770 2058 5821 mentio
2106 5769 2156 5821 in
2192 5767 2304 5825 Vita
2490 5787 2564 5833 ir:
2610 5772 2718 5822 l't-E.
2750 5771 2811 5819 de
2849 5774 2944 5821 hac
2982 5786 3139 5836 supra
3169 5787 3218 5837 ιι.
3259 5769 3366 5824 li'}.
