  <div class='ocr_page' id='page_1' title='image "/cluster/home/n/w/nwhite01/storage/ocr_20150623/112/nnc1.0046980270/018.png"; bbox 0 0 4156 6440; ppageno 0'>
   <div class='ocr_carea' id='block_1_1' title="bbox 143 376 3380 458">
    <p class='ocr_par' dir='ltr' id='par_1_1' title="bbox 143 376 3380 458">
     <span class='ocr_line' id='line_1_1' title="bbox 143 376 3380 458; baseline -0.004 -11"><span class='ocrx_word' id='word_1_1' title='bbox 143 395 189 458; x_wconf 67' lang='lat'><strong>21</strong></span> <span class='ocrx_word' id='word_1_2' title='bbox 782 384 1095 447; x_wconf 83' lang='lat' dir='ltr'><strong>NOTITIA</strong></span> <span class='ocrx_word' id='word_1_3' title='bbox 1130 381 1621 443; x_wconf 73' lang='lat' dir='ltr'><strong>SCRIPTORUM</strong></span> <span class='ocrx_word' id='word_1_4' title='bbox 1665 377 2175 440; x_wconf 70' lang='lat' dir='ltr'><strong>CONSTANTINI</strong></span> <span class='ocrx_word' id='word_1_5' title='bbox 2220 376 2702 437; x_wconf 77' lang='lat' dir='ltr'><strong>PORPHYROG.</strong></span> <span class='ocrx_word' id='word_1_6' title='bbox 3310 376 3380 441; x_wconf 69' lang='lat'><strong>‘22</strong></span> 
     </span>
    </p>
   </div>
   <div class='ocr_carea' id='block_1_2' title="bbox 144 490 3379 579">
    <p class='ocr_par' dir='ltr' id='par_1_2' title="bbox 144 490 3379 579">
     <span class='ocr_line' id='line_1_2' title="bbox 144 490 3379 579; baseline -0.006 -18"><span class='ocrx_word' id='word_1_7' title='bbox 144 506 374 579; x_wconf 83' lang='lat' dir='ltr'><strong>pomanni</strong></span> <span class='ocrx_word' id='word_1_8' title='bbox 416 515 474 559; x_wconf 86' lang='lat' dir='ltr'><strong>et</strong></span> <span class='ocrx_word' id='word_1_9' title='bbox 496 501 719 558; x_wconf 88' lang='lat' dir='ltr'><strong>Baronii</strong></span> <span class='ocrx_word' id='word_1_10' title='bbox 758 499 845 565; x_wconf 86' lang='lat' dir='ltr'><strong>(ad</strong></span> <span class='ocrx_word' id='word_1_11' title='bbox 877 516 928 555; x_wconf 87' lang='lat' dir='ltr'><strong>a.</strong></span> <span class='ocrx_word' id='word_1_12' title='bbox 986 497 1114 563; x_wconf 63' lang='lat'><strong>994,</strong></span> <span class='ocrx_word' id='word_1_13' title='bbox 1140 513 1197 552; x_wconf 91' lang='lat' dir='ltr'><strong>n.</strong></span> <span class='ocrx_word' id='word_1_14' title='bbox 1238 496 1326 560; x_wconf 78' lang='lat' dir='ltr'><strong>I3,</strong></span> <span class='ocrx_word' id='word_1_15' title='bbox 1365 512 1423 567; x_wconf 91' lang='lat' dir='ltr'><strong>p.</strong></span> <span class='ocrx_word' id='word_1_16' title='bbox 1450 494 1575 557; x_wconf 81' lang='lat' dir='ltr'><strong>7I7,</strong></span> <span class='ocrx_word' id='word_1_17' title='bbox 1612 493 1703 548; x_wconf 90' lang='lat' dir='ltr'><strong>ed.</strong></span> <span class='ocrx_word' id='word_1_18' title='bbox 1735 494 2017 562; x_wconf 82' lang='lat' dir='ltr'><strong>Antwcrp.</strong></span> <span class='ocrx_word' id='word_1_19' title='bbox 2052 492 2340 561; x_wconf 87' lang='lat' dir='ltr'><strong>Plantin.),</strong></span> <span class='ocrx_word' id='word_1_20' title='bbox 2375 492 2468 560; x_wconf 90' lang='lat' dir='ltr'><strong>qui</strong></span> <span class='ocrx_word' id='word_1_21' title='bbox 2516 491 2889 579; x_wconf 76' lang='lat' dir='ltr'><strong>narrationem</strong></span> <span class='ocrx_word' id='word_1_22' title='bbox 2939 490 3080 579; x_wconf 84' lang='lat' dir='ltr'><strong>hanc</strong></span> <span class='ocrx_word' id='word_1_23' title='bbox 3104 490 3379 579; x_wconf 60' lang='lat' dir='ltr'><strong>Constan-</strong></span> 
     </span>
    </p>
   </div>
   <div class='ocr_carea' id='block_1_3' title="bbox 145 576 3380 656">
    <p class='ocr_par' dir='ltr' id='par_1_3' title="bbox 145 576 3380 656">
     <span class='ocr_line' id='line_1_3' title="bbox 145 576 3380 656; baseline -0.006 -6"><span class='ocrx_word' id='word_1_24' title='bbox 145 576 249 654; x_wconf 78' lang='lat' dir='ltr'><strong>tino.</strong></span> <span class='ocrx_word' id='word_1_25' title='bbox 317 592 552 649; x_wconf 79' lang='lat' dir='ltr'><strong>Romani</strong></span> <span class='ocrx_word' id='word_1_26' title='bbox 582 590 715 653; x_wconf 82' lang='lat' dir='ltr'><strong>ﬁlio,</strong></span> <span class='ocrx_word' id='word_1_27' title='bbox 760 588 1032 652; x_wconf 85' lang='lat' dir='ltr'><strong>tribuunt,</strong></span> <span class='ocrx_word' id='word_1_28' title='bbox 1091 586 1295 641; x_wconf 80' lang='lat' dir='ltr'><strong>refellit</strong></span> <span class='ocrx_word' id='word_1_29' title='bbox 1344 594 1541 656; x_wconf 67' lang='lat' dir='ltr'><strong>praeter</strong></span> <span class='ocrx_word' id='word_1_30' title='bbox 1576 580 1969 637; x_wconf 80' lang='lat' dir='ltr'><strong>Combellsiuin</strong></span> <span class='ocrx_word' id='word_1_31' title='bbox 2026 580 2103 647; x_wconf 92' lang='lat' dir='ltr'><strong>(et</strong></span> <span class='ocrx_word' id='word_1_32' title='bbox 2141 579 2402 633; x_wconf 86' lang='lat' dir='ltr'><strong>Lambec.</strong></span> <span class='ocrx_word' id='word_1_33' title='bbox 2434 579 2471 631; x_wconf 94' lang='lat' dir='ltr'><strong>l.</strong></span> <span class='ocrx_word' id='word_1_34' title='bbox 2518 593 2593 638; x_wconf 80' lang='grc' dir='ltr'><strong>ο..</strong></span> <span class='ocrx_word' id='word_1_35' title='bbox 2635 593 2690 647; x_wconf 89' lang='lat' dir='ltr'><strong>p.</strong></span> <span class='ocrx_word' id='word_1_36' title='bbox 2735 576 2860 639; x_wconf 77' lang='grc'><strong>415,</strong></span> <span class='ocrx_word' id='word_1_37' title='bbox 2896 576 3045 648; x_wconf 82' lang='lat' dir='ltr'><strong>sqq.]</strong></span> <span class='ocrx_word' id='word_1_38' title='bbox 3100 576 3380 631; x_wconf 71' lang='lat' dir='ltr'><strong>Hancltins</strong></span> 
     </span>
    </p>
   </div>
   <div class='ocr_carea' id='block_1_4' title="bbox 148 665 3379 753">
    <p class='ocr_par' dir='ltr' id='par_1_4' title="bbox 148 665 3379 753">
     <span class='ocr_line' id='line_1_4' title="bbox 148 665 3379 753; baseline -0.006 -16"><span class='ocrx_word' id='word_1_39' title='bbox 148 687 202 737; x_wconf 81' lang='lat' dir='ltr'><strong>Ite</strong></span> <span class='ocrx_word' id='word_1_40' title='bbox 220 681 561 753; x_wconf 85' lang='lat' dir='ltr'><strong>scriptoribus</strong></span> <span class='ocrx_word' id='word_1_41' title='bbox 596 680 717 733; x_wconf 82' lang='lat' dir='ltr'><strong>ltist.</strong></span> <span class='ocrx_word' id='word_1_42' title='bbox 751 677 904 750; x_wconf 66' lang='grc' dir='ltr'>θυι..</span> <span class='ocrx_word' id='word_1_43' title='bbox 948 692 1071 747; x_wconf 83' lang='lat' dir='ltr'><strong>pag.</strong></span> <span class='ocrx_word' id='word_1_44' title='bbox 1099 675 1203 729; x_wconf 71' lang='grc'><strong>4⁸15</strong></span> <span class='ocrx_word' id='word_1_45' title='bbox 1233 688 1373 743; x_wconf 89' lang='lat' dir='ltr'><strong>seq.,</strong></span> <span class='ocrx_word' id='word_1_46' title='bbox 1403 682 1461 727; x_wconf 89' lang='lat' dir='ltr'><strong>et</strong></span> <span class='ocrx_word' id='word_1_47' title='bbox 1496 670 1769 726; x_wconf 74' lang='lat' dir='ltr'><strong>Antonius</strong></span> <span class='ocrx_word' id='word_1_48' title='bbox 1804 668 1931 738; x_wconf 87' lang='lat' dir='ltr'><strong>Pagi</strong></span> <span class='ocrx_word' id='word_1_49' title='bbox 1954 669 2013 722; x_wconf 90' lang='lat' dir='ltr'><strong>in</strong></span> <span class='ocrx_word' id='word_1_50' title='bbox 2050 667 2251 722; x_wconf 89' lang='lat' dir='ltr'><strong>Critiea</strong></span> <span class='ocrx_word' id='word_1_51' title='bbox 2294 667 2599 722; x_wconf 84' lang='lat' dir='ltr'><strong>Baroniana</strong></span> <span class='ocrx_word' id='word_1_52' title='bbox 2652 665 2720 719; x_wconf 90' lang='lat' dir='ltr'><strong>ad</strong></span> <span class='ocrx_word' id='word_1_53' title='bbox 2770 682 2821 719; x_wconf 85' lang='lat' dir='ltr'><strong>a.</strong></span> <span class='ocrx_word' id='word_1_54' title='bbox 2846 665 2907 720; x_wconf 89' lang='lat' dir='ltr'><strong>C.</strong></span> <span class='ocrx_word' id='word_1_55' title='bbox 2949 665 3074 730; x_wconf 67' lang='grc'><strong>944,</strong></span> <span class='ocrx_word' id='word_1_56' title='bbox 3112 682 3166 718; x_wconf 84' lang='grc' dir='ltr'>ιι.</span> <span class='ocrx_word' id='word_1_57' title='bbox 3198 666 3231 717; x_wconf 80' lang='lat'><strong>5</strong></span> <span class='ocrx_word' id='word_1_58' title='bbox 3264 680 3379 733; x_wconf 71' lang='lat' dir='ltr'><strong>seq.</strong></span> 
     </span>
    </p>
   </div>
   <div class='ocr_carea' id='block_1_5' title="bbox 148 754 3374 827">
    <p class='ocr_par' dir='ltr' id='par_1_5' title="bbox 148 754 3374 827">
     <span class='ocr_line' id='line_1_5' title="bbox 148 754 3374 827; baseline -0.007 0"><span class='ocrx_word' id='word_1_59' title='bbox 148 774 304 827; x_wconf 75' lang='lat' dir='ltr'><strong>Exstat</strong></span> <span class='ocrx_word' id='word_1_60' title='bbox 329 768 497 824; x_wconf 89' lang='lat' dir='ltr'><strong>etiam</strong></span> <span class='ocrx_word' id='word_1_61' title='bbox 535 768 655 821; x_wconf 60' lang='lat' dir='ltr'><strong>haec</strong></span> <span class='ocrx_word' id='word_1_62' title='bbox 684 766 927 820; x_wconf 75' lang='lat' dir='ltr'><strong>narratio</strong></span> <span class='ocrx_word' id='word_1_63' title='bbox 965 779 1068 819; x_wconf 89' lang='lat' dir='ltr'><strong>ms.</strong></span> <span class='ocrx_word' id='word_1_64' title='bbox 1110 763 1164 818; x_wconf 90' lang='lat' dir='ltr'><strong>in</strong></span> <span class='ocrx_word' id='word_1_65' title='bbox 1192 762 1330 816; x_wconf 92' lang='lat' dir='ltr'><strong>bibl.</strong></span> <span class='ocrx_word' id='word_1_66' title='bbox 1364 760 1817 823; x_wconf 86' lang='lat' dir='ltr'><strong>Vindohonensi;</strong></span> <span class='ocrx_word' id='word_1_67' title='bbox 1854 760 1980 814; x_wconf 77' lang='lat' dir='ltr'><strong>vide</strong></span> <span class='ocrx_word' id='word_1_68' title='bbox 2014 758 2369 813; x_wconf 83' lang='lat' dir='ltr'><strong>Lambecium</strong></span> <span class='ocrx_word' id='word_1_69' title='bbox 2393 757 2529 821; x_wconf 74' lang='lat' dir='ltr'><strong>Vlll,</strong></span> <span class='ocrx_word' id='word_1_70' title='bbox 2558 773 2681 827; x_wconf 87' lang='lat' dir='ltr'><strong>pag.</strong></span> <span class='ocrx_word' id='word_1_71' title='bbox 2710 754 2811 810; x_wconf 73' lang='lat'><strong>195</strong></span> <span class='ocrx_word' id='word_1_72' title='bbox 2848 771 2964 824; x_wconf 90' lang='lat' dir='ltr'><strong>seq.</strong></span> <span class='ocrx_word' id='word_1_73' title='bbox 3007 754 3084 825; x_wconf 91' lang='lat' dir='ltr'><strong>[p.</strong></span> <span class='ocrx_word' id='word_1_74' title='bbox 3118 754 3222 808; x_wconf 73' lang='grc'><strong>410</strong></span> <span class='ocrx_word' id='word_1_75' title='bbox 3252 769 3374 823; x_wconf 84' lang='lat' dir='ltr'><strong>sqq.</strong></span> 
     </span>
    </p>
   </div>
   <div class='ocr_carea' id='block_1_6' title="bbox 145 841 3378 926">
    <p class='ocr_par' dir='ltr' id='par_1_6' title="bbox 145 841 3378 926">
     <span class='ocr_line' id='line_1_6' title="bbox 145 841 3378 926; baseline -0.006 -11"><span class='ocrx_word' id='word_1_76' title='bbox 145 861 211 915; x_wconf 84' lang='lat' dir='ltr'><strong>ed.</strong></span> <span class='ocrx_word' id='word_1_77' title='bbox 260 858 493 921; x_wconf 78' lang='lat' dir='ltr'><strong>Kollar.,</strong></span> <span class='ocrx_word' id='word_1_78' title='bbox 527 855 653 911; x_wconf 89' lang='lat' dir='ltr'><strong>cod.</strong></span> <span class='ocrx_word' id='word_1_79' title='bbox 697 856 782 917; x_wconf 78' lang='lat' dir='ltr'><strong>H,</strong></span> <span class='ocrx_word' id='word_1_80' title='bbox 816 872 871 908; x_wconf 82' lang='grc' dir='ltr'><strong>ιι.</strong></span> <span class='ocrx_word' id='word_1_81' title='bbox 902 852 998 923; x_wconf 77' lang='grc'><strong>591</strong></span> <span class='ocrx_word' id='word_1_82' title='bbox 1021 861 1077 907; x_wconf 90' lang='lat' dir='ltr'><strong>et</strong></span> <span class='ocrx_word' id='word_1_83' title='bbox 1130 866 1184 921; x_wconf 92' lang='lat' dir='ltr'><strong>p.</strong></span> <span class='ocrx_word' id='word_1_84' title='bbox 1246 850 1447 920; x_wconf 64' lang='lat' dir='ltr'><strong>1981p.</strong></span> <span class='ocrx_word' id='word_1_85' title='bbox 1472 850 1573 903; x_wconf 75' lang='lat' dir='ltr'><strong>M7</strong></span> <span class='ocrx_word' id='word_1_86' title='bbox 1601 864 1748 926; x_wconf 82' lang='lat' dir='ltr'><strong>sqq.,</strong></span> <span class='ocrx_word' id='word_1_87' title='bbox 1779 864 1834 901; x_wconf 85' lang='grc' dir='ltr'><strong>η.</strong></span> <span class='ocrx_word' id='word_1_88' title='bbox 1873 847 1960 907; x_wconf 75' lang='grc'><strong>40.</strong></span> <span class='ocrx_word' id='word_1_89' title='bbox 1991 847 2177 915; x_wconf 90' lang='lat' dir='ltr'><strong>ibique</strong></span> <span class='ocrx_word' id='word_1_90' title='bbox 2205 846 2406 900; x_wconf 81' lang='lat' dir='ltr'><strong>Kollar.</strong></span> <span class='ocrx_word' id='word_1_91' title='bbox 2437 854 2553 897; x_wconf 91' lang='lat' dir='ltr'><strong>not.</strong></span> <span class='ocrx_word' id='word_1_92' title='bbox 2583 842 2668 915; x_wconf 75' lang='grc'><strong>8.]</strong></span> <span class='ocrx_word' id='word_1_93' title='bbox 2702 842 2795 897; x_wconf 87' lang='lat' dir='ltr'><strong>ubi</strong></span> <span class='ocrx_word' id='word_1_94' title='bbox 2839 844 3076 897; x_wconf 78' lang='lat' dir='ltr'><strong>refertur</strong></span> <span class='ocrx_word' id='word_1_95' title='bbox 3121 841 3378 912; x_wconf 76' lang='lat' dir='ltr'><strong>anonyini</strong></span> 
     </span>
    </p>
   </div>
   <div class='ocr_carea' id='block_1_7' title="bbox 144 925 3378 1012">
    <p class='ocr_par' dir='ltr' id='par_1_7' title="bbox 144 925 3378 1012">
     <span class='ocr_line' id='line_1_7' title="bbox 144 925 3378 1012; baseline -0.007 -8"><span class='ocrx_word' id='word_1_96' title='bbox 144 948 553 1004; x_wconf 76' lang='lat' dir='ltr'><strong>additamentum</strong></span> <span class='ocrx_word' id='word_1_97' title='bbox 586 943 655 997; x_wconf 92' lang='lat' dir='ltr'><strong>de</strong></span> <span class='ocrx_word' id='word_1_98' title='bbox 685 944 774 996; x_wconf 84' lang='lat' dir='ltr'><strong>illa</strong></span> <span class='ocrx_word' id='word_1_99' title='bbox 803 925 1061 1012; x_wconf 79' lang='lat' dir='ltr'><strong>imagine.</strong></span> <span class='ocrx_word' id='word_1_100' title='bbox 1098 940 1242 995; x_wconf 90' lang='lat' dir='ltr'><strong>culta</strong></span> <span class='ocrx_word' id='word_1_101' title='bbox 1291 937 1531 999; x_wconf 65' lang='lat' dir='ltr'><strong>Edessa»,</strong></span> <span class='ocrx_word' id='word_1_102' title='bbox 1562 925 1857 1004; x_wconf 77' lang='lat' dir='ltr'><strong>antequam</strong></span> <span class='ocrx_word' id='word_1_103' title='bbox 1901 933 2557 989; x_wconf 75' lang='lat' dir='ltr'><strong>CPolin‘translerretur.</strong></span> <span class='ocrx_word' id='word_1_104' title='bbox 2589 932 2784 1000; x_wconf 90' lang='lat' dir='ltr'><strong>Incipit</strong></span> <span class='ocrx_word' id='word_1_105' title='bbox 2822 948 2834 983; x_wconf 89' lang='lat'><strong>:</strong></span> <span class='ocrx_word' id='word_1_106' title='bbox 2884 931 3020 999; x_wconf 78' lang='grc' dir='ltr'>Περὶ</span> <span class='ocrx_word' id='word_1_107' title='bbox 3076 930 3173 997; x_wconf 77' lang='grc' dir='ltr'><strong>τῆς</strong></span> <span class='ocrx_word' id='word_1_108' title='bbox 3217 929 3378 996; x_wconf 64' lang='grc' dir='ltr'>ἁγίας</span> 
     </span>
    </p>
   </div>
   <div class='ocr_carea' id='block_1_8' title="bbox 148 1012 1708 1107">
    <p class='ocr_par' dir='ltr' id='par_1_8' title="bbox 148 1026 1706 1107">
     <span class='ocr_line' id='line_1_8' title="bbox 148 1026 1706 1107; baseline -0.007 -17"><span class='ocrx_word' id='word_1_109' title='bbox 148 1044 191 1091; x_wconf 68' lang='grc' dir='ltr'><strong>ἰν</strong></span> <span class='ocrx_word' id='word_1_110' title='bbox 244 1035 474 1107; x_wconf 66' lang='grc' dir='ltr'><strong>Ἑδέεσῃ</strong></span> <span class='ocrx_word' id='word_1_111' title='bbox 508 1034 925 1104; x_wconf 79' lang='grc' dir='ltr'>ἀχειροποιήτου</span> <span class='ocrx_word' id='word_1_112' title='bbox 946 1032 1039 1083; x_wconf 69' lang='grc' dir='ltr'>καὶ</span> <span class='ocrx_word' id='word_1_113' title='bbox 1070 1029 1221 1090; x_wconf 69' lang='grc' dir='ltr'>θείας</span> <span class='ocrx_word' id='word_1_114' title='bbox 1256 1027 1493 1098; x_wconf 56' lang='grc' dir='ltr'>μορζῆς.</span> <span class='ocrx_word' id='word_1_115' title='bbox 1551 1026 1706 1081; x_wconf 72' lang='lat' dir='ltr'><strong>Fsunt</strong></span> 
     </span>
    </p>
   </div>
   <div class='ocr_carea' id='block_1_9' title="bbox 1815 1012 3374 1107">
    <p class='ocr_par' dir='ltr' id='par_1_9' title="bbox 1815 1018 3374 1090">
     <span class='ocr_line' id='line_1_9' title="bbox 1815 1018 3374 1090; baseline -0.004 -13"><span class='ocrx_word' id='word_1_116' title='bbox 1815 1052 1852 1063; x_wconf 88' lang='lat'><strong>-</strong></span> <span class='ocrx_word' id='word_1_117' title='bbox 1883 1023 1977 1077; x_wconf 88' lang='lat' dir='ltr'><strong>Est</strong></span> <span class='ocrx_word' id='word_1_118' title='bbox 2002 1037 2223 1090; x_wconf 89' lang='lat' dir='ltr'><strong>quoque</strong></span> <span class='ocrx_word' id='word_1_119' title='bbox 2256 1022 2346 1074; x_wconf 87' lang='lat' dir='ltr'><strong>illa</strong></span> <span class='ocrx_word' id='word_1_120' title='bbox 2388 1020 2631 1073; x_wconf 77' lang='lat' dir='ltr'><strong>narratio</strong></span> <span class='ocrx_word' id='word_1_121' title='bbox 2664 1020 2907 1073; x_wconf 80' lang='lat' dir='ltr'><strong>Florent.</strong></span> <span class='ocrx_word' id='word_1_122' title='bbox 2945 1020 3003 1075; x_wconf 71' lang='lat' dir='ltr'><strong>in,</strong></span> <span class='ocrx_word' id='word_1_123' title='bbox 3036 1018 3170 1072; x_wconf 85' lang='lat' dir='ltr'><strong>bibl.</strong></span> <span class='ocrx_word' id='word_1_124' title='bbox 3214 1018 3374 1071; x_wconf 81' lang='lat' dir='ltr'><strong>Laur.</strong></span> 
     </span>
    </p>
   </div>
   <div class='ocr_carea' id='block_1_10' title="bbox 149 1106 3379 1186">
    <p class='ocr_par' dir='ltr' id='par_1_10' title="bbox 149 1106 3379 1186">
     <span class='ocr_line' id='line_1_10' title="bbox 149 1106 3379 1186; baseline -0.006 -11"><span class='ocrx_word' id='word_1_125' title='bbox 149 1120 263 1175; x_wconf 81' lang='lat' dir='ltr'><strong>lled.</strong></span> <span class='ocrx_word' id='word_1_126' title='bbox 303 1106 548 1181; x_wconf 72' lang='lat' dir='ltr'><strong>cod.30,</strong></span> <span class='ocrx_word' id='word_1_127' title='bbox 593 1118 686 1186; x_wconf 92' lang='lat' dir='ltr'><strong>qni</strong></span> <span class='ocrx_word' id='word_1_128' title='bbox 737 1116 986 1171; x_wconf 86' lang='lat' dir='ltr'><strong>continet.</strong></span> <span class='ocrx_word' id='word_1_129' title='bbox 1029 1116 1168 1168; x_wconf 80' lang='lat' dir='ltr'><strong>vitas</strong></span> <span class='ocrx_word' id='word_1_130' title='bbox 1193 1123 1248 1167; x_wconf 91' lang='lat' dir='ltr'><strong>et</strong></span> <span class='ocrx_word' id='word_1_131' title='bbox 1278 1127 1560 1166; x_wconf 84' lang='lat' dir='ltr'><strong>sermones</strong></span> <span class='ocrx_word' id='word_1_132' title='bbox 1598 1111 1945 1165; x_wconf 70' lang='lat' dir='ltr'><strong>diversorum</strong></span> <span class='ocrx_word' id='word_1_133' title='bbox 1973 1110 2197 1164; x_wconf 87' lang='lat' dir='ltr'><strong>Patrum</strong></span> <span class='ocrx_word' id='word_1_134' title='bbox 2235 1107 2288 1161; x_wconf 91' lang='lat' dir='ltr'><strong>in</strong></span> <span class='ocrx_word' id='word_1_135' title='bbox 2339 1107 2559 1161; x_wconf 89' lang='lat' dir='ltr'><strong>laudem</strong></span> <span class='ocrx_word' id='word_1_136' title='bbox 2596 1106 2693 1161; x_wconf 86' lang='lat' dir='ltr'><strong>SS.</strong></span> <span class='ocrx_word' id='word_1_137' title='bbox 2741 1122 2768 1160; x_wconf 90' lang='lat' dir='ltr'><strong>a</strong></span> <span class='ocrx_word' id='word_1_138' title='bbox 2793 1108 2880 1161; x_wconf 87' lang='lat' dir='ltr'><strong>die</strong></span> <span class='ocrx_word' id='word_1_139' title='bbox 2921 1107 2985 1159; x_wconf 87' lang='grc'><strong>18</strong></span> <span class='ocrx_word' id='word_1_140' title='bbox 3037 1106 3164 1162; x_wconf 84' lang='lat' dir='ltr'><strong>Jun.</strong></span> <span class='ocrx_word' id='word_1_141' title='bbox 3205 1121 3379 1173; x_wconf 84' lang='lat' dir='ltr'><strong>usque</strong></span> 
     </span>
    </p>
   </div>
   <div class='ocr_carea' id='block_1_11' title="bbox 148 1194 3376 1277">
    <p class='ocr_par' dir='ltr' id='par_1_11' title="bbox 148 1194 3376 1277">
     <span class='ocr_line' id='line_1_11' title="bbox 148 1194 3376 1277; baseline -0.006 -11"><span class='ocrx_word' id='word_1_142' title='bbox 148 1210 199 1266; x_wconf 83' lang='lat' dir='ltr'><strong>ad</strong></span> <span class='ocrx_word' id='word_1_143' title='bbox 222 1211 277 1263; x_wconf 79' lang='lat' dir='ltr'><strong>3i</strong></span> <span class='ocrx_word' id='word_1_144' title='bbox 317 1211 457 1277; x_wconf 82' lang='lat' dir='ltr'><strong>Aug.</strong></span> <span class='ocrx_word' id='word_1_145' title='bbox 502 1224 557 1260; x_wconf 91' lang='lat' dir='ltr'><strong>n.</strong></span> <span class='ocrx_word' id='word_1_146' title='bbox 587 1207 679 1270; x_wconf 78' lang='lat'><strong>39,</strong></span> <span class='ocrx_word' id='word_1_147' title='bbox 713 1205 768 1259; x_wconf 91' lang='lat' dir='ltr'><strong>d.</strong></span> <span class='ocrx_word' id='word_1_148' title='bbox 807 1205 875 1258; x_wconf 80' lang='grc'><strong>16</strong></span> <span class='ocrx_word' id='word_1_149' title='bbox 907 1203 1159 1273; x_wconf 82' lang='lat' dir='ltr'><strong>Augusti.</strong></span> <span class='ocrx_word' id='word_1_150' title='bbox 1205 1202 1271 1255; x_wconf 76' lang='grc' dir='ltr'><strong>ν.</strong></span> <span class='ocrx_word' id='word_1_151' title='bbox 1308 1199 1539 1255; x_wconf 82' lang='lat' dir='ltr'><strong>Bandin.</strong></span> <span class='ocrx_word' id='word_1_152' title='bbox 1574 1197 1697 1253; x_wconf 89' lang='lat' dir='ltr'><strong>Cat.</strong></span> <span class='ocrx_word' id='word_1_153' title='bbox 1731 1198 1892 1253; x_wconf 90' lang='lat' dir='ltr'><strong>codd.</strong></span> <span class='ocrx_word' id='word_1_154' title='bbox 1928 1194 2020 1253; x_wconf 79' lang='lat' dir='ltr'><strong>Gr.</strong></span> <span class='ocrx_word' id='word_1_155' title='bbox 2080 1197 2242 1251; x_wconf 86' lang='lat' dir='ltr'><strong>Laur.</strong></span> <span class='ocrx_word' id='word_1_156' title='bbox 2280 1196 2320 1255; x_wconf 90' lang='lat' dir='ltr'><strong>l.</strong></span> <span class='ocrx_word' id='word_1_157' title='bbox 2350 1212 2400 1263; x_wconf 91' lang='lat' dir='ltr'><strong>p.</strong></span> <span class='ocrx_word' id='word_1_158' title='bbox 2435 1196 2560 1259; x_wconf 68' lang='lat'><strong>436,</strong></span> <span class='ocrx_word' id='word_1_159' title='bbox 2592 1196 2685 1266; x_wconf 90' lang='lat' dir='ltr'><strong>qui</strong></span> <span class='ocrx_word' id='word_1_160' title='bbox 2718 1206 2983 1276; x_wconf 77' lang='lat' dir='ltr'><strong>pra-terea</strong></span> <span class='ocrx_word' id='word_1_161' title='bbox 3017 1199 3151 1250; x_wconf 90' lang='lat' dir='ltr'><strong>citat</strong></span> <span class='ocrx_word' id='word_1_162' title='bbox 3179 1194 3376 1249; x_wconf 68' lang='lat' dir='ltr'><strong>Menam</strong></span> 
     </span>
    </p>
   </div>
   <div class='ocr_carea' id='block_1_12' title="bbox 147 1284 3380 1356">
    <p class='ocr_par' dir='ltr' id='par_1_12' title="bbox 147 1284 3380 1356">
     <span class='ocr_line' id='line_1_12' title="bbox 147 1284 3380 1356; baseline -0.005 -3"><span class='ocrx_word' id='word_1_163' title='bbox 147 1301 364 1355; x_wconf 66' lang='lat' dir='ltr'><strong>(irascor.</strong></span> <span class='ocrx_word' id='word_1_164' title='bbox 392 1296 587 1351; x_wconf 89' lang='lat' dir='ltr'><strong>eodem</strong></span> <span class='ocrx_word' id='word_1_165' title='bbox 614 1295 725 1356; x_wconf 89' lang='lat' dir='ltr'><strong>die,</strong></span> <span class='ocrx_word' id='word_1_166' title='bbox 750 1302 808 1348; x_wconf 90' lang='lat' dir='ltr'><strong>et</strong></span> <span class='ocrx_word' id='word_1_167' title='bbox 835 1294 1002 1347; x_wconf 88' lang='lat' dir='ltr'><strong>Leon.</strong></span> <span class='ocrx_word' id='word_1_168' title='bbox 1036 1289 1219 1345; x_wconf 88' lang='lat' dir='ltr'><strong>Allatii</strong></span> <span class='ocrx_word' id='word_1_169' title='bbox 1246 1288 1420 1343; x_wconf 88' lang='lat' dir='ltr'><strong>Diatr.</strong></span> <span class='ocrx_word' id='word_1_170' title='bbox 1461 1287 1531 1341; x_wconf 90' lang='lat' dir='ltr'><strong>de</strong></span> <span class='ocrx_word' id='word_1_171' title='bbox 1564 1286 1885 1343; x_wconf 87' lang='lat' dir='ltr'><strong>Simeonum</strong></span> <span class='ocrx_word' id='word_1_172' title='bbox 1922 1286 2165 1355; x_wconf 86' lang='lat' dir='ltr'><strong>scriptis,</strong></span> <span class='ocrx_word' id='word_1_173' title='bbox 2186 1294 2263 1354; x_wconf 82' lang='lat' dir='ltr'><strong>‘p.</strong></span> <span class='ocrx_word' id='word_1_174' title='bbox 2295 1285 2393 1339; x_wconf 78' lang='grc'><strong>105</strong></span> <span class='ocrx_word' id='word_1_175' title='bbox 2424 1301 2505 1353; x_wconf 90' lang='lat' dir='ltr'><strong>sq.</strong></span> <span class='ocrx_word' id='word_1_176' title='bbox 2536 1315 2604 1324; x_wconf 88' lang='lat'><strong>—</strong></span> <span class='ocrx_word' id='word_1_177' title='bbox 2629 1284 2833 1338; x_wconf 83' lang='lat' dir='ltr'><strong>Eadem</strong></span> <span class='ocrx_word' id='word_1_178' title='bbox 2857 1284 3089 1338; x_wconf 84' lang='lat' dir='ltr'><strong>historia</strong></span> <span class='ocrx_word' id='word_1_179' title='bbox 3126 1284 3380 1352; x_wconf 77' lang='lat' dir='ltr'><strong>imaginis</strong></span> 
     </span>
    </p>
   </div>
   <div class='ocr_carea' id='block_1_13' title="bbox 148 1370 3377 1446">
    <p class='ocr_par' dir='ltr' id='par_1_13' title="bbox 148 1370 3377 1446">
     <span class='ocr_line' id='line_1_13' title="bbox 148 1370 3377 1446; baseline -0.006 -5"><span class='ocrx_word' id='word_1_180' title='bbox 148 1386 321 1442; x_wconf 85' lang='lat' dir='ltr'><strong>Christi</strong></span> <span class='ocrx_word' id='word_1_181' title='bbox 352 1384 645 1439; x_wconf 60' lang='lat' dir='ltr'><strong>Edessena</strong></span> <span class='ocrx_word' id='word_1_182' title='bbox 684 1390 939 1437; x_wconf 75' lang='lat' dir='ltr'><strong>servatur</strong></span> <span class='ocrx_word' id='word_1_183' title='bbox 971 1380 1025 1433; x_wconf 90' lang='lat' dir='ltr'><strong>in</strong></span> <span class='ocrx_word' id='word_1_184' title='bbox 1058 1378 1196 1433; x_wconf 90' lang='lat' dir='ltr'><strong>bibl.</strong></span> <span class='ocrx_word' id='word_1_185' title='bbox 1225 1376 1377 1446; x_wconf 86' lang='lat' dir='ltr'><strong>pubi.</strong></span> <span class='ocrx_word' id='word_1_186' title='bbox 1415 1376 1590 1431; x_wconf 86' lang='lat' dir='ltr'><strong>Paris.</strong></span> <span class='ocrx_word' id='word_1_187' title='bbox 1625 1375 1786 1429; x_wconf 83' lang='lat' dir='ltr'><strong>codd.</strong></span> <span class='ocrx_word' id='word_1_188' title='bbox 1824 1373 1982 1433; x_wconf 78' lang='lat'><strong>“76,</strong></span> <span class='ocrx_word' id='word_1_189' title='bbox 2012 1388 2065 1425; x_wconf 93' lang='lat' dir='ltr'><strong>n.</strong></span> <span class='ocrx_word' id='word_1_190' title='bbox 2094 1372 2181 1433; x_wconf 68' lang='lat'><strong>40,</strong></span> <span class='ocrx_word' id='word_1_191' title='bbox 2222 1371 2381 1431; x_wconf 76' lang='lat' dir='ltr'><strong>H75.</strong></span> <span class='ocrx_word' id='word_1_192' title='bbox 2420 1387 2478 1424; x_wconf 86' lang='grc' dir='ltr'><strong>η.</strong></span> <span class='ocrx_word' id='word_1_193' title='bbox 2515 1371 2570 1433; x_wconf 87' lang='grc'><strong>9,</strong></span> <span class='ocrx_word' id='word_1_194' title='bbox 2614 1371 2769 1433; x_wconf 76' lang='grc'><strong>1527,</strong></span> <span class='ocrx_word' id='word_1_195' title='bbox 2807 1387 2863 1425; x_wconf 92' lang='lat' dir='ltr'><strong>n.</strong></span> <span class='ocrx_word' id='word_1_196' title='bbox 2898 1373 2984 1433; x_wconf 86' lang='lat' dir='ltr'><strong>lt,</strong></span> <span class='ocrx_word' id='word_1_197' title='bbox 3020 1370 3179 1433; x_wconf 82' lang='grc'><strong>1528,</strong></span> <span class='ocrx_word' id='word_1_198' title='bbox 3206 1387 3260 1423; x_wconf 85' lang='grc' dir='ltr'><strong>ιι.</strong></span> <span class='ocrx_word' id='word_1_199' title='bbox 3292 1370 3377 1431; x_wconf 74' lang='grc'><strong>15,</strong></span> 
     </span>
    </p>
   </div>
   <div class='ocr_carea' id='block_1_14' title="bbox 151 1457 3377 1535">
    <p class='ocr_par' dir='ltr' id='par_1_14' title="bbox 151 1457 3377 1535">
     <span class='ocr_line' id='line_1_14' title="bbox 151 1457 3377 1535; baseline -0.005 -6"><span class='ocrx_word' id='word_1_200' title='bbox 151 1474 282 1535; x_wconf 67' lang='grc'><strong>1548.</strong></span> <span class='ocrx_word' id='word_1_201' title='bbox 314 1490 374 1526; x_wconf 84' lang='grc' dir='ltr'>ιι.</span> <span class='ocrx_word' id='word_1_202' title='bbox 416 1473 475 1525; x_wconf 84' lang='grc'><strong>11</strong></span> <span class='ocrx_word' id='word_1_203' title='bbox 513 1481 570 1525; x_wconf 89' lang='lat' dir='ltr'><strong>et</strong></span> <span class='ocrx_word' id='word_1_204' title='bbox 605 1471 763 1531; x_wconf 75' lang='lat' dir='ltr'><strong>ltzll,</strong></span> <span class='ocrx_word' id='word_1_205' title='bbox 795 1486 828 1522; x_wconf 92' lang='lat' dir='ltr'><strong>n</strong></span> <span class='ocrx_word' id='word_1_206' title='bbox 888 1470 973 1521; x_wconf 76' lang='grc' dir='ltr'><strong>Π.</strong></span> <span class='ocrx_word' id='word_1_207' title='bbox 1000 1497 1071 1507; x_wconf 92' lang='grc'><strong><em>-</em></strong></span> <span class='ocrx_word' id='word_1_208' title='bbox 1095 1466 1172 1520; x_wconf 88' lang='lat' dir='ltr'><strong>De</strong></span> <span class='ocrx_word' id='word_1_209' title='bbox 1204 1464 1437 1535; x_wconf 78' lang='lat' dir='ltr'><strong>imagine</strong></span> <span class='ocrx_word' id='word_1_210' title='bbox 1467 1463 1742 1517; x_wconf 85' lang='lat' dir='ltr'><strong>Edessena</strong></span> <span class='ocrx_word' id='word_1_211' title='bbox 1781 1460 2014 1525; x_wconf 77' lang='lat' dir='ltr'><strong>Christi,</strong></span> <span class='ocrx_word' id='word_1_212' title='bbox 2042 1458 2242 1513; x_wconf 77' lang='lat' dir='ltr'><strong>CPoiin</strong></span> <span class='ocrx_word' id='word_1_213' title='bbox 2275 1459 2459 1522; x_wconf 86' lang='lat' dir='ltr'><strong>allata,</strong></span> <span class='ocrx_word' id='word_1_214' title='bbox 2490 1459 2699 1513; x_wconf 79' lang='lat' dir='ltr'><strong>mentio</strong></span> <span class='ocrx_word' id='word_1_215' title='bbox 2746 1457 2804 1512; x_wconf 78' lang='lat' dir='ltr'><strong>iit</strong></span> <span class='ocrx_word' id='word_1_216' title='bbox 2839 1459 2985 1528; x_wconf 82' lang='lat' dir='ltr'><strong>apud</strong></span> <span class='ocrx_word' id='word_1_217' title='bbox 3026 1457 3377 1514; x_wconf 85' lang='lat' dir='ltr'><strong>continuato-</strong></span> 
     </span>
    </p>
   </div>
   <div class='ocr_carea' id='block_1_15' title="bbox 152 1549 1674 1629">
    <p class='ocr_par' dir='ltr' id='par_1_15' title="bbox 152 1549 1674 1629">
     <span class='ocr_line' id='line_1_15' title="bbox 152 1549 1674 1629; baseline -0.009 -13"><span class='ocrx_word' id='word_1_218' title='bbox 152 1579 243 1617; x_wconf 88' lang='lat' dir='ltr'><strong>rem</strong></span> <span class='ocrx_word' id='word_1_219' title='bbox 262 1560 643 1629; x_wconf 82' lang='lat' dir='ltr'><strong>Theophanis,</strong></span> <span class='ocrx_word' id='word_1_220' title='bbox 680 1558 734 1611; x_wconf 91' lang='lat' dir='ltr'><strong>in</strong></span> <span class='ocrx_word' id='word_1_221' title='bbox 778 1557 1024 1610; x_wconf 76' lang='lat' dir='ltr'><strong>ltomano</strong></span> <span class='ocrx_word' id='word_1_222' title='bbox 1054 1553 1211 1622; x_wconf 91' lang='lat' dir='ltr'><strong>imp.,</strong></span> <span class='ocrx_word' id='word_1_223' title='bbox 1248 1568 1301 1621; x_wconf 87' lang='lat' dir='ltr'><strong>p.</strong></span> <span class='ocrx_word' id='word_1_224' title='bbox 1326 1549 1453 1605; x_wconf 84' lang='lat'><strong>268.</strong></span> <span class='ocrx_word' id='word_1_225' title='bbox 1507 1549 1674 1604; x_wconf 59' lang='lat' dir='ltr'><strong>Hanc.</strong></span> 
     </span>
    </p>
   </div>
   <div class='ocr_carea' id='block_1_16' title="bbox 204 1634 3375 1708">
    <p class='ocr_par' dir='ltr' id='par_1_16' title="bbox 204 1634 3375 1708">
     <span class='ocr_line' id='line_1_16' title="bbox 204 1634 3375 1708; baseline -0.005 -5"><span class='ocrx_word' id='word_1_226' title='bbox 204 1652 250 1704; x_wconf 82' lang='lat'><strong>7.</strong></span> <span class='ocrx_word' id='word_1_227' title='bbox 294 1648 735 1703; x_wconf 72' lang='lat' dir='ltr'><strong>Orationem&#39;ms.</strong></span> <span class='ocrx_word' id='word_1_228' title='bbox 767 1645 830 1696; x_wconf 88' lang='lat' dir='ltr'><strong>de</strong></span> <span class='ocrx_word' id='word_1_229' title='bbox 856 1641 1207 1696; x_wconf 85' lang='lat' dir='ltr'><strong>translatione</strong></span> <span class='ocrx_word' id='word_1_230' title='bbox 1238 1638 1587 1708; x_wconf 72' lang='lat' dir='ltr'><strong>reliquiarum</strong></span> <span class='ocrx_word' id='word_1_231' title='bbox 1638 1634 1694 1691; x_wconf 90' lang='lat' dir='ltr'><strong>S.</strong></span> <span class='ocrx_word' id='word_1_232' title='bbox 1727 1634 2080 1707; x_wconf 68' lang='lat' dir='ltr'><strong>Chrysostomi</strong></span> <span class='ocrx_word' id='word_1_233' title='bbox 2119 1635 2305 1689; x_wconf 86' lang='lat' dir='ltr'><strong>laudat</strong></span> <span class='ocrx_word' id='word_1_234' title='bbox 2339 1635 2576 1690; x_wconf 81' lang='lat' dir='ltr'><strong>Allattus</strong></span> <span class='ocrx_word' id='word_1_235' title='bbox 2629 1635 2705 1689; x_wconf 90' lang='lat' dir='ltr'><strong>De</strong></span> <span class='ocrx_word' id='word_1_236' title='bbox 2741 1636 3073 1705; x_wconf 86' lang='lat' dir='ltr'><strong>purgatorio,</strong></span> <span class='ocrx_word' id='word_1_237' title='bbox 3116 1650 3239 1703; x_wconf 85' lang='lat' dir='ltr'><strong>pag.</strong></span> <span class='ocrx_word' id='word_1_238' title='bbox 3285 1637 3375 1698; x_wconf 80' lang='grc'><strong>71,</strong></span> 
     </span>
    </p>
   </div>
   <div class='ocr_carea' id='block_1_17' title="bbox 150 1722 3378 1804">
    <p class='ocr_par' dir='ltr' id='par_1_17' title="bbox 150 1722 3378 1804">
     <span class='ocr_line' id='line_1_17' title="bbox 150 1722 3378 1804; baseline -0.006 -12"><span class='ocrx_word' id='word_1_239' title='bbox 150 1738 203 1792; x_wconf 79' lang='lat' dir='ltr'><strong>ad</strong></span> <span class='ocrx_word' id='word_1_240' title='bbox 227 1735 518 1804; x_wconf 76' lang='lat' dir='ltr'><strong>Georgium</strong></span> <span class='ocrx_word' id='word_1_241' title='bbox 549 1731 921 1799; x_wconf 85' lang='lat' dir='ltr'><strong>Acropolitam</strong></span> <span class='ocrx_word' id='word_1_242' title='bbox 959 1743 1081 1798; x_wconf 88' lang='lat' dir='ltr'><strong>pag.</strong></span> <span class='ocrx_word' id='word_1_243' title='bbox 1106 1727 1233 1781; x_wconf 85' lang='grc'><strong>201.</strong></span> <span class='ocrx_word' id='word_1_244' title='bbox 1271 1726 1346 1780; x_wconf 86' lang='lat' dir='ltr'><strong>De</strong></span> <span class='ocrx_word' id='word_1_245' title='bbox 1378 1741 1631 1779; x_wconf 87' lang='lat' dir='ltr'><strong>consensu</strong></span> <span class='ocrx_word' id='word_1_246' title='bbox 1669 1740 1790 1794; x_wconf 83' lang='lat' dir='ltr'><strong>pag.</strong></span> <span class='ocrx_word' id='word_1_247' title='bbox 1820 1724 1944 1787; x_wconf 81' lang='lat' dir='ltr'><strong>28l,</strong></span> <span class='ocrx_word' id='word_1_248' title='bbox 1979 1731 2034 1776; x_wconf 91' lang='lat' dir='ltr'><strong>ct</strong></span> <span class='ocrx_word' id='word_1_249' title='bbox 2074 1723 2148 1775; x_wconf 85' lang='lat' dir='ltr'><strong>De</strong></span> <span class='ocrx_word' id='word_1_250' title='bbox 2183 1722 2507 1775; x_wconf 75' lang='lat' dir='ltr'><strong>Simeouibus</strong></span> <span class='ocrx_word' id='word_1_251' title='bbox 2536 1738 2657 1792; x_wconf 85' lang='lat' dir='ltr'><strong>pag.</strong></span> <span class='ocrx_word' id='word_1_252' title='bbox 2692 1724 2806 1776; x_wconf 87' lang='lat' dir='ltr'><strong>Ill.</strong></span> <span class='ocrx_word' id='word_1_253' title='bbox 2859 1722 3092 1793; x_wconf 82' lang='lat' dir='ltr'><strong>Incipit:</strong></span> <span class='ocrx_word' id='word_1_254' title='bbox 3145 1723 3211 1774; x_wconf 78' lang='lat' dir='ltr'><strong>Tt</strong></span> <span class='ocrx_word' id='word_1_255' title='bbox 3257 1738 3378 1791; x_wconf 74' lang='grc' dir='ltr'><strong>τερ-</strong></span> 
     </span>
    </p>
   </div>
   <div class='ocr_carea' id='block_1_18' title="bbox 149 1809 3378 1893">
    <p class='ocr_par' dir='ltr' id='par_1_18' title="bbox 149 1809 3378 1893">
     <span class='ocr_line' id='line_1_18' title="bbox 149 1809 3378 1893; baseline -0.005 -17"><span class='ocrx_word' id='word_1_256' title='bbox 149 1826 387 1893; x_wconf 75' lang='grc' dir='ltr'><strong>πνότερον</strong></span> <span class='ocrx_word' id='word_1_257' title='bbox 448 1820 541 1873; x_wconf 78' lang='grc' dir='ltr'>τοῦ</span> <span class='ocrx_word' id='word_1_258' title='bbox 587 1819 684 1873; x_wconf 81' lang='grc' dir='ltr'><strong>νῦν</strong></span> <span class='ocrx_word' id='word_1_259' title='bbox 737 1817 1017 1887; x_wconf 79' lang='grc' dir='ltr'><strong>ὁρωμένου</strong></span> <span class='ocrx_word' id='word_1_260' title='bbox 1072 1816 1369 1886; x_wconf 78' lang='grc' dir='ltr'><strong>θεάματος,</strong></span> <span class='ocrx_word' id='word_1_261' title='bbox 1420 1815 1452 1884; x_wconf 84' lang='grc' dir='ltr'>ἢ</span> <span class='ocrx_word' id='word_1_262' title='bbox 1503 1815 1559 1867; x_wconf 81' lang='grc' dir='ltr'>τι</span> <span class='ocrx_word' id='word_1_263' title='bbox 1608 1813 1989 1883; x_wconf 78' lang='grc' dir='ltr'><strong>λαμπρότερον</strong></span> <span class='ocrx_word' id='word_1_264' title='bbox 2037 1814 2134 1878; x_wconf 74' lang='grc' dir='ltr'><strong>τῆς</strong></span> <span class='ocrx_word' id='word_1_265' title='bbox 2166 1811 2447 1878; x_wconf 54' lang='lat' dir='ltr'><strong>negotist};</strong></span> <span class='ocrx_word' id='word_1_266' title='bbox 2474 1812 2727 1880; x_wconf 79' lang='grc' dir='ltr'><strong>ἡμέρας;</strong></span> <span class='ocrx_word' id='word_1_267' title='bbox 2772 1810 2992 1864; x_wconf 84' lang='lat' dir='ltr'><strong>Titulus</strong></span> <span class='ocrx_word' id='word_1_268' title='bbox 3021 1817 3153 1864; x_wconf 87' lang='lat' dir='ltr'><strong>est:</strong></span> <span class='ocrx_word' id='word_1_269' title='bbox 3203 1809 3378 1875; x_wconf 75' lang='grc' dir='ltr'>Λόγος</span> 
     </span>
    </p>
   </div>
   <div class='ocr_carea' id='block_1_19' title="bbox 147 1892 3353 1985">
    <p class='ocr_par' dir='ltr' id='par_1_19' title="bbox 147 1892 3353 1985">
     <span class='ocr_line' id='line_1_19' title="bbox 147 1892 3353 1985; baseline -0.004 -19"><span class='ocrx_word' id='word_1_270' title='bbox 147 1892 299 1985; x_wconf 64' lang='grc' dir='ltr'>ἡνίκα</span> <span class='ocrx_word' id='word_1_271' title='bbox 341 1912 406 1965; x_wconf 82' lang='grc' dir='ltr'><strong>τὸ</strong></span> <span class='ocrx_word' id='word_1_272' title='bbox 461 1911 557 1963; x_wconf 83' lang='grc' dir='ltr'><strong>τοῦ</strong></span> <span class='ocrx_word' id='word_1_273' title='bbox 585 1909 976 1979; x_wconf 80' lang='grc' dir='ltr'>Χρυσοστὸμου</span> <span class='ocrx_word' id='word_1_274' title='bbox 1036 1904 1180 1973; x_wconf 73' lang='grc' dir='ltr'>ἱερὸν</span> <span class='ocrx_word' id='word_1_275' title='bbox 1233 1905 1431 1973; x_wconf 81' lang='grc' dir='ltr'><strong>σκῆνος</strong></span> <span class='ocrx_word' id='word_1_276' title='bbox 1467 1905 1529 1955; x_wconf 81' lang='grc' dir='ltr'><strong>ὲκ</strong></span> <span class='ocrx_word' id='word_1_277' title='bbox 1573 1902 1674 1969; x_wconf 80' lang='grc' dir='ltr'><strong>τῆς</strong></span> <span class='ocrx_word' id='word_1_278' title='bbox 1722 1901 2016 1971; x_wconf 75' lang='grc' dir='ltr'>ὑπερορίας</span> <span class='ocrx_word' id='word_1_279' title='bbox 2044 1902 2099 1952; x_wconf 70' lang='grc' dir='ltr'><strong>ὲν</strong></span> <span class='ocrx_word' id='word_1_280' title='bbox 2129 1902 2193 1969; x_wconf 77' lang='grc' dir='ltr'><strong>τῇ</strong></span> <span class='ocrx_word' id='word_1_281' title='bbox 2229 1898 2461 1967; x_wconf 76' lang='grc' dir='ltr'>βασιλίδι</span> <span class='ocrx_word' id='word_1_282' title='bbox 2488 1892 2605 1950; x_wconf 63' lang='grc' dir='ltr'><strong>τεῶν</strong></span> <span class='ocrx_word' id='word_1_283' title='bbox 2636 1897 2846 1950; x_wconf 85' lang='grc' dir='ltr'><strong>πόλεων</strong></span> <span class='ocrx_word' id='word_1_284' title='bbox 2902 1897 3166 1966; x_wconf 76' lang='grc' dir='ltr'><strong>ἀπετέθη.</strong></span> <span class='ocrx_word' id='word_1_285' title='bbox 3215 1893 3353 1952; x_wconf 68' lang='grc' dir='ltr'>Έηιι</span> 
     </span>
    </p>
   </div>
   <div class='ocr_carea' id='block_1_20' title="bbox 144 1985 3371 2065">
    <p class='ocr_par' dir='ltr' id='par_1_20' title="bbox 144 1985 3371 2065">
     <span class='ocr_line' id='line_1_20' title="bbox 144 1985 3371 2065; baseline -0.007 -8"><span class='ocrx_word' id='word_1_286' title='bbox 144 2034 202 2045; x_wconf 86' lang='grc'><strong><em>-</em></strong></span> <span class='ocrx_word' id='word_1_287' title='bbox 236 2003 379 2057; x_wconf 88' lang='lat' dir='ltr'><strong>Inter</strong></span> <span class='ocrx_word' id='word_1_288' title='bbox 413 2000 751 2054; x_wconf 70' lang='lat' dir='ltr'><strong>vetustiores</strong></span> <span class='ocrx_word' id='word_1_289' title='bbox 789 1995 1089 2065; x_wconf 87' lang='lat' dir='ltr'><strong>scriptores</strong></span> <span class='ocrx_word' id='word_1_290' title='bbox 1110 1992 1206 2063; x_wconf 89' lang='lat' dir='ltr'><strong>qui</strong></span> <span class='ocrx_word' id='word_1_291' title='bbox 1237 1993 1414 2046; x_wconf 75' lang='lat' dir='ltr'><strong>Vitam</strong></span> <span class='ocrx_word' id='word_1_292' title='bbox 1443 1989 1820 2061; x_wconf 82' lang='lat' dir='ltr'><strong>Chrysostomi</strong></span> <span class='ocrx_word' id='word_1_293' title='bbox 1854 1998 1982 2042; x_wconf 88' lang='lat' dir='ltr'><strong>sunt</strong></span> <span class='ocrx_word' id='word_1_294' title='bbox 2021 1986 2323 2057; x_wconf 86' lang='lat' dir='ltr'><strong>persecuti,</strong></span> <span class='ocrx_word' id='word_1_295' title='bbox 2374 1986 2631 2040; x_wconf 88' lang='lat' dir='ltr'><strong>laudatur</strong></span> <span class='ocrx_word' id='word_1_296' title='bbox 2659 1985 2849 2041; x_wconf 89' lang='lat' dir='ltr'><strong>Const.</strong></span> <span class='ocrx_word' id='word_1_297' title='bbox 2892 1985 3160 2054; x_wconf 78' lang='lat' dir='ltr'><strong>Porphyr.</strong></span> <span class='ocrx_word' id='word_1_298' title='bbox 3193 1986 3371 2053; x_wconf 77' lang='grc' dir='ltr'>ἐγκώ-</span> 
     </span>
    </p>
   </div>
   <div class='ocr_carea' id='block_1_21' title="bbox 147 2066 3379 2160">
    <p class='ocr_par' dir='ltr' id='par_1_21' title="bbox 147 2066 3379 2160">
     <span class='ocr_line' id='line_1_21' title="bbox 147 2066 3379 2160; baseline -0.005 -16"><span class='ocrx_word' id='word_1_299' title='bbox 147 2108 250 2160; x_wconf 78' lang='grc' dir='ltr'>μιον</span> <span class='ocrx_word' id='word_1_300' title='bbox 272 2091 324 2143; x_wconf 90' lang='lat' dir='ltr'><strong>in</strong></span> <span class='ocrx_word' id='word_1_301' title='bbox 349 2087 477 2143; x_wconf 85' lang='lat' dir='ltr'><strong>cod.</strong></span> <span class='ocrx_word' id='word_1_302' title='bbox 516 2084 754 2140; x_wconf 75' lang='lat' dir='ltr'><strong>Vindob.</strong></span> <span class='ocrx_word' id='word_1_303' title='bbox 783 2083 984 2138; x_wconf 75' lang='lat' dir='ltr'><strong>Czesar.</strong></span> <span class='ocrx_word' id='word_1_304' title='bbox 1017 2081 1109 2135; x_wconf 82' lang='lat'><strong>27.</strong></span> <span class='ocrx_word' id='word_1_305' title='bbox 1141 2082 1205 2136; x_wconf 76' lang='grc' dir='ltr'><strong>γ.</strong></span> <span class='ocrx_word' id='word_1_306' title='bbox 1239 2079 1480 2135; x_wconf 85' lang='lat' dir='ltr'><strong>Lambec.</strong></span> <span class='ocrx_word' id='word_1_307' title='bbox 1514 2078 1823 2134; x_wconf 90' lang='lat' dir='ltr'><strong>Comment.</strong></span> <span class='ocrx_word' id='word_1_308' title='bbox 1856 2077 1991 2140; x_wconf 74' lang='lat' dir='ltr'><strong>VIII,</strong></span> <span class='ocrx_word' id='word_1_309' title='bbox 2024 2091 2147 2146; x_wconf 87' lang='lat' dir='ltr'><strong>pag.</strong></span> <span class='ocrx_word' id='word_1_310' title='bbox 2179 2075 2281 2130; x_wconf 77' lang='lat'><strong>637</strong></span> <span class='ocrx_word' id='word_1_311' title='bbox 2317 2090 2461 2143; x_wconf 88' lang='lat' dir='ltr'><strong>sqq.,</strong></span> <span class='ocrx_word' id='word_1_312' title='bbox 2490 2082 2565 2135; x_wconf 84' lang='lat' dir='ltr'><strong>et.</strong></span> <span class='ocrx_word' id='word_1_313' title='bbox 2598 2090 2763 2143; x_wconf 90' lang='lat' dir='ltr'><strong>quem</strong></span> <span class='ocrx_word' id='word_1_314' title='bbox 2796 2074 2889 2128; x_wconf 91' lang='lat' dir='ltr'><strong>ille</strong></span> <span class='ocrx_word' id='word_1_315' title='bbox 2932 2089 2985 2143; x_wconf 93' lang='lat' dir='ltr'><strong>p.</strong></span> <span class='ocrx_word' id='word_1_316' title='bbox 3015 2066 3140 2133; x_wconf 72' lang='lat'><strong>659.</strong></span> <span class='ocrx_word' id='word_1_317' title='bbox 3179 2082 3292 2126; x_wconf 89' lang='lat' dir='ltr'><strong>not.</strong></span> <span class='ocrx_word' id='word_1_318' title='bbox 3327 2076 3379 2137; x_wconf 76' lang='grc'><strong>4,</strong></span> 
     </span>
    </p>
   </div>
   <div class='ocr_carea' id='block_1_22' title="bbox 144 2161 3377 2241">
    <p class='ocr_par' dir='ltr' id='par_1_22' title="bbox 144 2161 3377 2241">
     <span class='ocr_line' id='line_1_22' title="bbox 144 2161 3377 2241; baseline -0.006 -7"><span class='ocrx_word' id='word_1_319' title='bbox 144 2178 341 2234; x_wconf 73' lang='lat' dir='ltr'><strong>excitat.</strong></span> <span class='ocrx_word' id='word_1_320' title='bbox 376 2175 642 2230; x_wconf 82' lang='lat' dir='ltr'><strong>Savilium</strong></span> <span class='ocrx_word' id='word_1_321' title='bbox 675 2174 728 2227; x_wconf 91' lang='lat' dir='ltr'><strong>in</strong></span> <span class='ocrx_word' id='word_1_322' title='bbox 766 2172 854 2226; x_wconf 78' lang='lat' dir='ltr'><strong>etl.</strong></span> <span class='ocrx_word' id='word_1_323' title='bbox 893 2168 1292 2241; x_wconf 73' lang='lat' dir='ltr'><strong>Chrysostomi,</strong></span> <span class='ocrx_word' id='word_1_324' title='bbox 1319 2178 1453 2222; x_wconf 88' lang='lat' dir='ltr'><strong>tom.</strong></span> <span class='ocrx_word' id='word_1_325' title='bbox 1487 2168 1624 2229; x_wconf 75' lang='lat' dir='ltr'><strong>Vill.</strong></span> <span class='ocrx_word' id='word_1_326' title='bbox 1657 2166 1765 2220; x_wconf 90' lang='lat' dir='ltr'><strong>col.</strong></span> <span class='ocrx_word' id='word_1_327' title='bbox 1797 2166 1923 2220; x_wconf 69' lang='grc'><strong>945.</strong></span> <span class='ocrx_word' id='word_1_328' title='bbox 1974 2164 2068 2218; x_wconf 85' lang='lat' dir='ltr'><strong>Est</strong></span> <span class='ocrx_word' id='word_1_329' title='bbox 2094 2177 2225 2217; x_wconf 77' lang='lat' dir='ltr'><strong>vero</strong></span> <span class='ocrx_word' id='word_1_330' title='bbox 2254 2163 2343 2216; x_wconf 92' lang='lat' dir='ltr'><strong>illa</strong></span> <span class='ocrx_word' id='word_1_331' title='bbox 2372 2161 2659 2217; x_wconf 79' lang='lat' dir='ltr'><strong>Constant.</strong></span> <span class='ocrx_word' id='word_1_332' title='bbox 2698 2162 2965 2232; x_wconf 78' lang='lat' dir='ltr'><strong>Porphyr.</strong></span> <span class='ocrx_word' id='word_1_333' title='bbox 2999 2170 3139 2216; x_wconf 87' lang='lat' dir='ltr'><strong>orat.</strong></span> <span class='ocrx_word' id='word_1_334' title='bbox 3174 2163 3228 2215; x_wconf 90' lang='lat' dir='ltr'><strong>in</strong></span> <span class='ocrx_word' id='word_1_335' title='bbox 3256 2161 3377 2216; x_wconf 76' lang='lat' dir='ltr'><strong>cod.</strong></span> 
     </span>
    </p>
   </div>
   <div class='ocr_carea' id='block_1_23' title="bbox 143 2249 3384 2335">
    <p class='ocr_par' dir='ltr' id='par_1_23' title="bbox 143 2249 3384 2335">
     <span class='ocr_line' id='line_1_23' title="bbox 143 2249 3384 2335; baseline -0.006 -13"><span class='ocrx_word' id='word_1_336' title='bbox 143 2268 372 2322; x_wconf 69' lang='lat' dir='ltr'><strong>Caesareo</strong></span> <span class='ocrx_word' id='word_1_337' title='bbox 424 2264 509 2325; x_wconf 81' lang='grc'><strong>19,</strong></span> <span class='ocrx_word' id='word_1_338' title='bbox 552 2272 691 2335; x_wconf 77' lang='lat' dir='ltr'><strong>teste</strong></span> <span class='ocrx_word' id='word_1_339' title='bbox 733 2259 973 2315; x_wconf 79' lang='lat' dir='ltr'><strong>Kollario</strong></span> <span class='ocrx_word' id='word_1_340' title='bbox 1002 2260 1053 2312; x_wconf 93' lang='lat' dir='ltr'><strong>in</strong></span> <span class='ocrx_word' id='word_1_341' title='bbox 1086 2258 1358 2327; x_wconf 86' lang='lat' dir='ltr'><strong>supplem.</strong></span> <span class='ocrx_word' id='word_1_342' title='bbox 1406 2256 1472 2310; x_wconf 86' lang='lat' dir='ltr'><strong>ad</strong></span> <span class='ocrx_word' id='word_1_343' title='bbox 1536 2253 1813 2308; x_wconf 82' lang='lat' dir='ltr'><strong>Latnbecii</strong></span> <span class='ocrx_word' id='word_1_344' title='bbox 1874 2251 2111 2314; x_wconf 88' lang='lat' dir='ltr'><strong>Comm.,</strong></span> <span class='ocrx_word' id='word_1_345' title='bbox 2144 2266 2199 2319; x_wconf 89' lang='lat' dir='ltr'><strong>p.</strong></span> <span class='ocrx_word' id='word_1_346' title='bbox 2230 2250 2335 2304; x_wconf 75' lang='grc'><strong>259</strong></span> <span class='ocrx_word' id='word_1_347' title='bbox 2362 2266 2444 2319; x_wconf 87' lang='lat' dir='ltr'><strong>sq.</strong></span> <span class='ocrx_word' id='word_1_348' title='bbox 2468 2280 2533 2289; x_wconf 90' lang='lat'><strong>—</strong></span> <span class='ocrx_word' id='word_1_349' title='bbox 2568 2249 2621 2303; x_wconf 94' lang='lat' dir='ltr'><strong>In</strong></span> <span class='ocrx_word' id='word_1_350' title='bbox 2650 2250 2783 2304; x_wconf 87' lang='lat' dir='ltr'><strong>bibl.</strong></span> <span class='ocrx_word' id='word_1_351' title='bbox 2813 2249 3109 2313; x_wconf 82' lang='lat' dir='ltr'><strong>Sfortiana,</strong></span> <span class='ocrx_word' id='word_1_352' title='bbox 3159 2257 3384 2305; x_wconf 80' lang='lat' dir='ltr'><strong>notante</strong></span> 
     </span>
    </p>
   </div>
   <div class='ocr_carea' id='block_1_24' title="bbox 145 2336 3381 2414">
    <p class='ocr_par' dir='ltr' id='par_1_24' title="bbox 145 2336 3381 2414">
     <span class='ocr_line' id='line_1_24' title="bbox 145 2336 3381 2414; baseline -0.005 -7"><span class='ocrx_word' id='word_1_353' title='bbox 145 2353 424 2407; x_wconf 72' lang='lat' dir='ltr'><strong>llontl‘auc.</strong></span> <span class='ocrx_word' id='word_1_354' title='bbox 492 2350 545 2404; x_wconf 91' lang='lat' dir='ltr'><strong>in</strong></span> <span class='ocrx_word' id='word_1_355' title='bbox 587 2348 649 2405; x_wconf 85' lang='grc' dir='ltr'><strong>Β.</strong></span> <span class='ocrx_word' id='word_1_356' title='bbox 689 2347 925 2402; x_wconf 84' lang='lat' dir='ltr'><strong>biblioth.</strong></span> <span class='ocrx_word' id='word_1_357' title='bbox 989 2364 1138 2411; x_wconf 89' lang='lat' dir='ltr'><strong>mss.,</strong></span> <span class='ocrx_word' id='word_1_358' title='bbox 1189 2354 1323 2399; x_wconf 89' lang='lat' dir='ltr'><strong>tom.</strong></span> <span class='ocrx_word' id='word_1_359' title='bbox 1381 2345 1422 2409; x_wconf 90' lang='lat' dir='ltr'><strong>l,</strong></span> <span class='ocrx_word' id='word_1_360' title='bbox 1482 2358 1603 2414; x_wconf 83' lang='lat' dir='ltr'><strong>pag.</strong></span> <span class='ocrx_word' id='word_1_361' title='bbox 1649 2341 1783 2406; x_wconf 78' lang='lat'><strong>702,</strong></span> <span class='ocrx_word' id='word_1_362' title='bbox 1840 2342 1999 2396; x_wconf 82' lang='lat' dir='ltr'><strong>A.-—</strong></span> <span class='ocrx_word' id='word_1_363' title='bbox 2048 2339 2226 2394; x_wconf 84' lang='lat' dir='ltr'><strong>Paris.</strong></span> <span class='ocrx_word' id='word_1_364' title='bbox 2281 2338 2335 2393; x_wconf 92' lang='lat' dir='ltr'><strong>iu</strong></span> <span class='ocrx_word' id='word_1_365' title='bbox 2394 2338 2530 2392; x_wconf 89' lang='lat' dir='ltr'><strong>bibl.</strong></span> <span class='ocrx_word' id='word_1_366' title='bbox 2587 2337 2743 2409; x_wconf 90' lang='lat' dir='ltr'><strong>publ.</strong></span> <span class='ocrx_word' id='word_1_367' title='bbox 2791 2336 2952 2393; x_wconf 86' lang='lat' dir='ltr'><strong>codd.</strong></span> <span class='ocrx_word' id='word_1_368' title='bbox 3003 2337 3143 2403; x_wconf 80' lang='lat' dir='ltr'><strong>l5&#39;l,</strong></span> <span class='ocrx_word' id='word_1_369' title='bbox 3187 2353 3243 2391; x_wconf 80' lang='grc' dir='ltr'><strong>ιι.</strong></span> <span class='ocrx_word' id='word_1_370' title='bbox 3293 2336 3381 2401; x_wconf 82' lang='grc'><strong>19,</strong></span> 
     </span>
    </p>
   </div>
   <div class='ocr_carea' id='block_1_25' title="bbox 142 2438 543 2501">
    <p class='ocr_par' dir='ltr' id='par_1_25' title="bbox 142 2438 543 2501">
     <span class='ocr_line' id='line_1_25' title="bbox 142 2438 543 2501; baseline -0.017 -2"><span class='ocrx_word' id='word_1_371' title='bbox 142 2439 366 2501; x_wconf 70' lang='grc' dir='ltr'>ειδιοο,</span> <span class='ocrx_word' id='word_1_372' title='bbox 401 2455 459 2494; x_wconf 91' lang='lat' dir='ltr'><strong>n.</strong></span> <span class='ocrx_word' id='word_1_373' title='bbox 489 2438 543 2492; x_wconf 74' lang='grc'><strong>4.</strong></span> 
     </span>
    </p>
   </div>
   <div class='ocr_carea' id='block_1_26' title="bbox 200 2513 3383 2589">
    <p class='ocr_par' dir='ltr' id='par_1_26' title="bbox 200 2513 3383 2589">
     <span class='ocr_line' id='line_1_26' title="bbox 200 2513 3383 2589; baseline -0.005 -7"><span class='ocrx_word' id='word_1_374' title='bbox 200 2526 612 2589; x_wconf 85' lang='lat' dir='ltr'><strong>Constantinus,</strong></span> <span class='ocrx_word' id='word_1_375' title='bbox 649 2522 853 2577; x_wconf 83' lang='lat' dir='ltr'><strong>Leonis</strong></span> <span class='ocrx_word' id='word_1_376' title='bbox 883 2523 1049 2583; x_wconf 80' lang='lat' dir='ltr'><strong>illius.</strong></span> <span class='ocrx_word' id='word_1_377' title='bbox 1084 2531 1277 2575; x_wconf 81' lang='lat' dir='ltr'><strong>auctor</strong></span> <span class='ocrx_word' id='word_1_378' title='bbox 1303 2536 1423 2575; x_wconf 80' lang='lat' dir='ltr'><strong>esse</strong></span> <span class='ocrx_word' id='word_1_379' title='bbox 1456 2520 1662 2575; x_wconf 88' lang='lat' dir='ltr'><strong>dicitur</strong></span> <span class='ocrx_word' id='word_1_380' title='bbox 1705 2519 2031 2572; x_wconf 87' lang='lat' dir='ltr'><strong>canticorum</strong></span> <span class='ocrx_word' id='word_1_381' title='bbox 2082 2514 2610 2584; x_wconf 66' lang='grc' dir='ltr'>(ἐξαποστειλαρίον)</span> <span class='ocrx_word' id='word_1_382' title='bbox 2659 2515 2727 2566; x_wconf 88' lang='lat' dir='ltr'><strong>ad</strong></span> <span class='ocrx_word' id='word_1_383' title='bbox 2767 2515 2945 2567; x_wconf 79' lang='lat' dir='ltr'><strong>divina</strong></span> <span class='ocrx_word' id='word_1_384' title='bbox 2993 2513 3241 2581; x_wconf 76' lang='lat' dir='ltr'><strong>beneﬁcia</strong></span> <span class='ocrx_word' id='word_1_385' title='bbox 3286 2530 3383 2584; x_wconf 86' lang='lat' dir='ltr'><strong>po-</strong></span> 
     </span>
    </p>
   </div>
   <div class='ocr_carea' id='block_1_27' title="bbox 140 2603 3383 2678">
    <p class='ocr_par' dir='ltr' id='par_1_27' title="bbox 140 2603 3383 2678">
     <span class='ocr_line' id='line_1_27' title="bbox 140 2603 3383 2678; baseline -0.004 -9"><span class='ocrx_word' id='word_1_386' title='bbox 140 2616 334 2672; x_wconf 78' lang='lat' dir='ltr'><strong>scenda.</strong></span> <span class='ocrx_word' id='word_1_387' title='bbox 384 2615 440 2666; x_wconf 92' lang='lat' dir='ltr'><strong>in</strong></span> <span class='ocrx_word' id='word_1_388' title='bbox 485 2612 609 2668; x_wconf 90' lang='lat' dir='ltr'><strong>cod.</strong></span> <span class='ocrx_word' id='word_1_389' title='bbox 663 2612 889 2666; x_wconf 86' lang='lat' dir='ltr'><strong>Taurin.</strong></span> <span class='ocrx_word' id='word_1_390' title='bbox 941 2610 1062 2670; x_wconf 85' lang='grc'><strong>175.</strong></span> <span class='ocrx_word' id='word_1_391' title='bbox 1103 2609 1166 2664; x_wconf 83' lang='grc' dir='ltr'><strong>ν.</strong></span> <span class='ocrx_word' id='word_1_392' title='bbox 1208 2609 1381 2664; x_wconf 89' lang='lat' dir='ltr'><strong>Catal.</strong></span> <span class='ocrx_word' id='word_1_393' title='bbox 1418 2609 1579 2662; x_wconf 85' lang='lat' dir='ltr'><strong>codd.</strong></span> <span class='ocrx_word' id='word_1_394' title='bbox 1628 2624 1776 2678; x_wconf 81' lang='lat' dir='ltr'><strong>regg.</strong></span> <span class='ocrx_word' id='word_1_395' title='bbox 1808 2607 2062 2672; x_wconf 88' lang='lat' dir='ltr'><strong>Taurin.,</strong></span> <span class='ocrx_word' id='word_1_396' title='bbox 2110 2621 2233 2677; x_wconf 85' lang='lat' dir='ltr'><strong>pag.</strong></span> <span class='ocrx_word' id='word_1_397' title='bbox 2264 2605 2369 2661; x_wconf 84' lang='lat'><strong>260</strong></span> <span class='ocrx_word' id='word_1_398' title='bbox 2401 2621 2484 2674; x_wconf 84' lang='lat' dir='ltr'><strong>sq.</strong></span> <span class='ocrx_word' id='word_1_399' title='bbox 2521 2635 2589 2645; x_wconf 93' lang='lat'><strong><em>—</em></strong></span> <span class='ocrx_word' id='word_1_400' title='bbox 2636 2604 2782 2658; x_wconf 91' lang='lat' dir='ltr'><strong>Inter</strong></span> <span class='ocrx_word' id='word_1_401' title='bbox 2829 2603 2991 2659; x_wconf 91' lang='lat' dir='ltr'><strong>codd.</strong></span> <span class='ocrx_word' id='word_1_402' title='bbox 3034 2603 3286 2658; x_wconf 75' lang='lat' dir='ltr'><strong>Vossian.</strong></span> <span class='ocrx_word' id='word_1_403' title='bbox 3327 2603 3383 2657; x_wconf 90' lang='lat' dir='ltr'><strong>in</strong></span> 
     </span>
    </p>
   </div>
   <div class='ocr_carea' id='block_1_28' title="bbox 140 2692 3380 2771">
    <p class='ocr_par' dir='ltr' id='par_1_28' title="bbox 140 2692 3380 2771">
     <span class='ocr_line' id='line_1_28' title="bbox 140 2692 3380 2771; baseline -0.003 -15"><span class='ocrx_word' id='word_1_404' title='bbox 140 2703 299 2758; x_wconf 81' lang='lat' dir='ltr'><strong>Catal.</strong></span> <span class='ocrx_word' id='word_1_405' title='bbox 333 2700 502 2757; x_wconf 74' lang='lat' dir='ltr'><strong>codd.</strong></span> <span class='ocrx_word' id='word_1_406' title='bbox 546 2699 774 2771; x_wconf 64' lang='lat' dir='ltr'><strong>Anglia,</strong></span> <span class='ocrx_word' id='word_1_407' title='bbox 822 2709 952 2753; x_wconf 88' lang='lat' dir='ltr'><strong>tom.</strong></span> <span class='ocrx_word' id='word_1_408' title='bbox 987 2698 1054 2760; x_wconf 91' lang='lat' dir='ltr'><strong>ll,</strong></span> <span class='ocrx_word' id='word_1_409' title='bbox 1099 2714 1155 2768; x_wconf 89' lang='lat' dir='ltr'><strong>p.</strong></span> <span class='ocrx_word' id='word_1_410' title='bbox 1201 2698 1269 2752; x_wconf 86' lang='lat'><strong>60</strong></span> <span class='ocrx_word' id='word_1_411' title='bbox 1291 2740 1304 2761; x_wconf 93' lang='lat'><strong>,</strong></span> <span class='ocrx_word' id='word_1_412' title='bbox 1343 2715 1397 2752; x_wconf 91' lang='lat' dir='ltr'><strong>n.</strong></span> <span class='ocrx_word' id='word_1_413' title='bbox 1424 2697 1596 2762; x_wconf 84' lang='grc'><strong>2210,</strong></span> <span class='ocrx_word' id='word_1_414' title='bbox 1633 2705 1718 2752; x_wconf 90' lang='lat' dir='ltr'><strong>est</strong></span> <span class='ocrx_word' id='word_1_415' title='bbox 1744 2696 2002 2767; x_wconf 86' lang='lat' dir='ltr'><strong>anonymi</strong></span> <span class='ocrx_word' id='word_1_416' title='bbox 2028 2694 2380 2765; x_wconf 84' lang='lat' dir='ltr'><strong>compellatio</strong></span> <span class='ocrx_word' id='word_1_417' title='bbox 2411 2694 2479 2748; x_wconf 88' lang='lat' dir='ltr'><strong>ad</strong></span> <span class='ocrx_word' id='word_1_418' title='bbox 2514 2692 2939 2749; x_wconf 86' lang='lat' dir='ltr'><strong>Constantinum</strong></span> <span class='ocrx_word' id='word_1_419' title='bbox 2972 2692 3380 2765; x_wconf 72' lang='lat' dir='ltr'><strong>Porpbyrogen.</strong></span> 
     </span>
    </p>
   </div>
   <div class='ocr_carea' id='block_1_29' title="bbox 140 2790 294 2844">
    <p class='ocr_par' dir='ltr' id='par_1_29' title="bbox 140 2790 294 2844">
     <span class='ocr_line' id='line_1_29' title="bbox 140 2790 294 2844; baseline -0.006 -1"><span class='ocrx_word' id='word_1_420' title='bbox 140 2790 294 2844; x_wconf 71' lang='grc' dir='ltr'>Ηιιι..</span> 
     </span>
    </p>
   </div>
   <div class='ocr_carea' id='block_1_30' title="bbox 202 2869 3383 2942">
    <p class='ocr_par' dir='ltr' id='par_1_30' title="bbox 202 2869 3383 2942">
     <span class='ocr_line' id='line_1_30' title="bbox 202 2869 3383 2942; baseline -0.001 -11"><span class='ocrx_word' id='word_1_421' title='bbox 202 2878 251 2931; x_wconf 88' lang='lat'><strong>8.</strong></span> <span class='ocrx_word' id='word_1_422' title='bbox 292 2876 624 2939; x_wconf 79' lang='lat' dir='ltr'><strong>Theophanis</strong></span> <span class='ocrx_word' id='word_1_423' title='bbox 652 2874 949 2937; x_wconf 73' lang='lat' dir='ltr'><strong>historiam,</strong></span> <span class='ocrx_word' id='word_1_424' title='bbox 985 2872 1331 2927; x_wconf 80' lang='lat' dir='ltr'><strong>Constantini</strong></span> <span class='ocrx_word' id='word_1_425' title='bbox 1385 2873 1540 2942; x_wconf 83' lang='lat' dir='ltr'><strong>jussu</strong></span> <span class='ocrx_word' id='word_1_426' title='bbox 1592 2872 1980 2936; x_wconf 84' lang='lat' dir='ltr'><strong>continuatam,</strong></span> <span class='ocrx_word' id='word_1_427' title='bbox 2021 2871 2318 2927; x_wconf 74' lang='lat' dir='ltr'><strong>memoravi</strong></span> <span class='ocrx_word' id='word_1_428' title='bbox 2368 2886 2531 2940; x_wconf 88' lang='lat' dir='ltr'><strong>supra</strong></span> <span class='ocrx_word' id='word_1_429' title='bbox 2562 2869 2641 2942; x_wconf 72' lang='lat' dir='ltr'><strong>[in</strong></span> <span class='ocrx_word' id='word_1_430' title='bbox 2683 2874 2793 2927; x_wconf 82' lang='lat' dir='ltr'><strong>vol.</strong></span> <span class='ocrx_word' id='word_1_431' title='bbox 2844 2874 2959 2935; x_wconf 82' lang='lat' dir='ltr'><strong>Vll,</strong></span> <span class='ocrx_word' id='word_1_432' title='bbox 2993 2872 3090 2927; x_wconf 88' lang='lat' dir='ltr'><strong>lib.</strong></span> <span class='ocrx_word' id='word_1_433' title='bbox 3120 2888 3179 2934; x_wconf 81' lang='grc' dir='ltr'>ιι,</span> <span class='ocrx_word' id='word_1_434' title='bbox 3222 2884 3276 2928; x_wconf 88' lang='lat' dir='ltr'><strong>c.</strong></span> <span class='ocrx_word' id='word_1_435' title='bbox 3329 2872 3383 2937; x_wconf 89' lang='lat'><strong>5,</strong></span> 
     </span>
    </p>
   </div>
   <div class='ocr_carea' id='block_1_31' title="bbox 137 2958 3381 3039">
    <p class='ocr_par' dir='ltr' id='par_1_31' title="bbox 137 2958 3381 3039">
     <span class='ocr_line' id='line_1_31' title="bbox 137 2958 3381 3039; baseline -0.001 -19"><span class='ocrx_word' id='word_1_436' title='bbox 137 2970 162 3039; x_wconf 67' lang='grc' dir='ltr'>ί</span> <span class='ocrx_word' id='word_1_437' title='bbox 204 2968 311 3030; x_wconf 72' lang='lat' dir='ltr'><strong>\‘ll,</strong></span> <span class='ocrx_word' id='word_1_438' title='bbox 340 2984 403 3021; x_wconf 89' lang='lat' dir='ltr'><strong>n.</strong></span> <span class='ocrx_word' id='word_1_439' title='bbox 455 2969 523 3028; x_wconf 71' lang='grc'><strong>4,</strong></span> <span class='ocrx_word' id='word_1_440' title='bbox 559 2980 681 3035; x_wconf 88' lang='lat' dir='ltr'><strong>pag.</strong></span> <span class='ocrx_word' id='word_1_441' title='bbox 721 2962 871 3035; x_wconf 80' lang='lat' dir='ltr'><strong>68L]</strong></span> <span class='ocrx_word' id='word_1_442' title='bbox 895 2993 966 3003; x_wconf 90' lang='lat'><strong>-—</strong></span> <span class='ocrx_word' id='word_1_443' title='bbox 996 2962 1121 3017; x_wconf 80' lang='lat' dir='ltr'><strong>Vide</strong></span> <span class='ocrx_word' id='word_1_444' title='bbox 1147 2963 1361 3033; x_wconf 77' lang='lat' dir='ltr'><strong>hujusce</strong></span> <span class='ocrx_word' id='word_1_445' title='bbox 1392 2961 1716 3032; x_wconf 75' lang='lat' dir='ltr'><strong>Patrologia:</strong></span> <span class='ocrx_word' id='word_1_446' title='bbox 1743 2969 1937 3017; x_wconf 72' lang='lat' dir='ltr'><strong>nostra</strong></span> <span class='ocrx_word' id='word_1_447' title='bbox 1970 2969 2097 3017; x_wconf 89' lang='lat' dir='ltr'><strong>tom.</strong></span> <span class='ocrx_word' id='word_1_448' title='bbox 2131 2958 2268 3026; x_wconf 80' lang='lat' dir='ltr'><strong>CIX,</strong></span> <span class='ocrx_word' id='word_1_449' title='bbox 2292 2960 2345 3012; x_wconf 89' lang='lat' dir='ltr'><strong>in</strong></span> <span class='ocrx_word' id='word_1_450' title='bbox 2380 2960 2680 3014; x_wconf 78' lang='lat' dir='ltr'><strong>recensione</strong></span> <span class='ocrx_word' id='word_1_451' title='bbox 2701 2963 3020 3032; x_wconf 78' lang='lat' dir='ltr'><strong>scriptorum</strong></span> <span class='ocrx_word' id='word_1_452' title='bbox 3053 2969 3167 3031; x_wconf 85' lang='lat' dir='ltr'><strong>post</strong></span> <span class='ocrx_word' id='word_1_453' title='bbox 3215 2960 3381 3016; x_wconf 73' lang='lat' dir='ltr'><strong>Theo-</strong></span> 
     </span>
    </p>
   </div>
   <div class='ocr_carea' id='block_1_32' title="bbox 140 3056 578 3125">
    <p class='ocr_par' dir='ltr' id='par_1_32' title="bbox 140 3056 578 3125">
     <span class='ocr_line' id='line_1_32' title="bbox 140 3056 578 3125; baseline 0 -16"><span class='ocrx_word' id='word_1_454' title='bbox 140 3057 376 3125; x_wconf 73' lang='lat' dir='ltr'><strong>phanem.</strong></span> <span class='ocrx_word' id='word_1_455' title='bbox 430 3056 578 3109; x_wconf 79' lang='lat' dir='ltr'><strong>Eutr.</strong></span> 
     </span>
    </p>
   </div>
   <div class='ocr_carea' id='block_1_33' title="bbox 198 3137 3384 3212">
    <p class='ocr_par' dir='ltr' id='par_1_33' title="bbox 198 3137 3384 3212">
     <span class='ocr_line' id='line_1_33' title="bbox 198 3137 3384 3212; baseline -0.002 -14"><span class='ocrx_word' id='word_1_456' title='bbox 198 3145 249 3198; x_wconf 84' lang='lat'><strong>9.</strong></span> <span class='ocrx_word' id='word_1_457' title='bbox 300 3143 573 3212; x_wconf 83' lang='lat' dir='ltr'><strong>Superest</strong></span> <span class='ocrx_word' id='word_1_458' title='bbox 604 3143 939 3211; x_wconf 64' lang='lat' dir='ltr'><strong>praecipuum</strong></span> <span class='ocrx_word' id='word_1_459' title='bbox 971 3155 1132 3210; x_wconf 87' lang='lat' dir='ltr'><strong>opus,</strong></span> <span class='ocrx_word' id='word_1_460' title='bbox 1164 3140 1311 3210; x_wconf 90' lang='lat' dir='ltr'><strong>quod</strong></span> <span class='ocrx_word' id='word_1_461' title='bbox 1340 3156 1450 3194; x_wconf 91' lang='lat' dir='ltr'><strong>non</strong></span> <span class='ocrx_word' id='word_1_462' title='bbox 1482 3139 1977 3209; x_wconf 86' lang='lat' dir='ltr'><strong>ipsoConstantino</strong></span> <span class='ocrx_word' id='word_1_463' title='bbox 2000 3138 2223 3209; x_wconf 90' lang='lat' dir='ltr'><strong>quidem</strong></span> <span class='ocrx_word' id='word_1_464' title='bbox 2257 3137 2625 3195; x_wconf 81' lang='lat' dir='ltr'><strong>elaboratum.</strong></span> <span class='ocrx_word' id='word_1_465' title='bbox 2656 3147 2711 3191; x_wconf 87' lang='lat' dir='ltr'><strong>at</strong></span> <span class='ocrx_word' id='word_1_466' title='bbox 2742 3152 2964 3208; x_wconf 80' lang='lat' dir='ltr'><strong>egregio</strong></span> <span class='ocrx_word' id='word_1_467' title='bbox 3000 3137 3234 3192; x_wconf 78' lang='lat' dir='ltr'><strong>consilio</strong></span> <span class='ocrx_word' id='word_1_468' title='bbox 3264 3139 3384 3207; x_wconf 76' lang='lat' dir='ltr'><strong>ejus</strong></span> 
     </span>
    </p>
   </div>
   <div class='ocr_carea' id='block_1_34' title="bbox 136 3224 1708 3300">
    <p class='ocr_par' dir='ltr' id='par_1_34' title="bbox 136 3228 1708 3300">
     <span class='ocr_line' id='line_1_34' title="bbox 136 3228 1708 3300; baseline -0.003 -16"><span class='ocrx_word' id='word_1_469' title='bbox 136 3241 288 3300; x_wconf 86' lang='lat' dir='ltr'><strong>atque</strong></span> <span class='ocrx_word' id='word_1_470' title='bbox 312 3231 590 3299; x_wconf 82' lang='lat' dir='ltr'><strong>auspiciis</strong></span> <span class='ocrx_word' id='word_1_471' title='bbox 624 3244 722 3299; x_wconf 92' lang='lat' dir='ltr'><strong>per</strong></span> <span class='ocrx_word' id='word_1_472' title='bbox 746 3229 929 3282; x_wconf 75' lang='lat' dir='ltr'><strong>varios</strong></span> <span class='ocrx_word' id='word_1_473' title='bbox 956 3229 1104 3282; x_wconf 77' lang='lat' dir='ltr'><strong>viros</strong></span> <span class='ocrx_word' id='word_1_474' title='bbox 1144 3228 1352 3298; x_wconf 90' lang='lat' dir='ltr'><strong>peritos</strong></span> <span class='ocrx_word' id='word_1_475' title='bbox 1398 3228 1669 3297; x_wconf 82' lang='lat' dir='ltr'><strong>digestum</strong></span> <span class='ocrx_word' id='word_1_476' title='bbox 1701 3250 1708 3279; x_wconf 72' lang='grc' dir='ltr'><strong>ι</strong></span> 
     </span>
    </p>
   </div>
   <div class='ocr_carea' id='block_1_35' title="bbox 1815 3224 3386 3300">
    <p class='ocr_par' dir='ltr' id='par_1_35' title="bbox 1866 3224 3386 3295">
     <span class='ocr_line' id='line_1_35' title="bbox 1866 3224 3386 3295; baseline 0.001 -15"><span class='ocrx_word' id='word_1_477' title='bbox 1866 3227 2254 3295; x_wconf 57' lang='grc' dir='ltr'><strong>κεφαλαιωδῶς)</strong></span> <span class='ocrx_word' id='word_1_478' title='bbox 2290 3224 2621 3287; x_wconf 73' lang='grc' dir='ltr'><strong>ὑποθέσεων,</strong></span> <span class='ocrx_word' id='word_1_479' title='bbox 2673 3225 2788 3279; x_wconf 84' lang='lat' dir='ltr'><strong>sive</strong></span> <span class='ocrx_word' id='word_1_480' title='bbox 2836 3224 3274 3279; x_wconf 87' lang='lat' dir='ltr'><strong>collectaneorum</strong></span> <span class='ocrx_word' id='word_1_481' title='bbox 3327 3236 3386 3281; x_wconf 87' lang='lat' dir='ltr'><strong>et</strong></span> 
     </span>
    </p>
   </div>
   <div class='ocr_carea' id='block_1_36' title="bbox 135 3312 3385 3388">
    <p class='ocr_par' dir='ltr' id='par_1_36' title="bbox 135 3312 3385 3388">
     <span class='ocr_line' id='line_1_36' title="bbox 135 3312 3385 3388; baseline -0.002 -17"><span class='ocrx_word' id='word_1_482' title='bbox 135 3329 494 3388; x_wconf 75' lang='lat' dir='ltr'><strong>excerptorual</strong></span> <span class='ocrx_word' id='word_1_483' title='bbox 529 3316 1173 3386; x_wconf 83' lang='lat' dir='ltr'><strong>historico-politicorum</strong></span> <span class='ocrx_word' id='word_1_484' title='bbox 1210 3326 1266 3369; x_wconf 88' lang='lat' dir='ltr'><strong>et</strong></span> <span class='ocrx_word' id='word_1_485' title='bbox 1296 3316 1589 3369; x_wconf 87' lang='lat' dir='ltr'><strong>moralium</strong></span> <span class='ocrx_word' id='word_1_486' title='bbox 1619 3315 1725 3369; x_wconf 86' lang='lat' dir='ltr'><strong>sub</strong></span> <span class='ocrx_word' id='word_1_487' title='bbox 1748 3316 2023 3385; x_wconf 87' lang='lat' dir='ltr'><strong>capitibus</strong></span> <span class='ocrx_word' id='word_1_488' title='bbox 2048 3314 2160 3369; x_wconf 80' lang='lat' dir='ltr'><strong>sive</strong></span> <span class='ocrx_word' id='word_1_489' title='bbox 2195 3312 2367 3367; x_wconf 89' lang='lat' dir='ltr'><strong>titulis</strong></span> <span class='ocrx_word' id='word_1_490' title='bbox 2395 3314 2462 3365; x_wconf 77' lang='lat'><strong>53</strong></span> <span class='ocrx_word' id='word_1_491' title='bbox 2491 3312 2563 3382; x_wconf 71' lang='grc' dir='ltr'><strong>(ῃ)</strong></span> <span class='ocrx_word' id='word_1_492' title='bbox 2594 3312 3010 3381; x_wconf 69' lang='lat' dir='ltr'><strong>disposuerunt,</strong></span> <span class='ocrx_word' id='word_1_493' title='bbox 3047 3312 3385 3382; x_wconf 79' lang='lat' dir='ltr'><strong>conquisito-</strong></span> 
     </span>
    </p>
   </div>
   <div class='ocr_carea' id='block_1_37' title="bbox 137 3399 3381 3477">
    <p class='ocr_par' dir='ltr' id='par_1_37' title="bbox 137 3399 3381 3477">
     <span class='ocr_line' id='line_1_37' title="bbox 137 3399 3381 3477; baseline -0.002 -19"><span class='ocrx_word' id='word_1_494' title='bbox 137 3422 358 3477; x_wconf 87' lang='lat' dir='ltr'><strong>rumque</strong></span> <span class='ocrx_word' id='word_1_495' title='bbox 383 3421 455 3460; x_wconf 75' lang='lat' dir='ltr'><strong>ex</strong></span> <span class='ocrx_word' id='word_1_496' title='bbox 492 3405 895 3475; x_wconf 88' lang='lat' dir='ltr'><strong>probatissimis</strong></span> <span class='ocrx_word' id='word_1_497' title='bbox 929 3404 1245 3473; x_wconf 76' lang='lat' dir='ltr'><strong>quibusque</strong></span> <span class='ocrx_word' id='word_1_498' title='bbox 1272 3403 1553 3457; x_wconf 86' lang='lat' dir='ltr'><strong>historicis</strong></span> <span class='ocrx_word' id='word_1_499' title='bbox 1576 3402 1758 3457; x_wconf 90' lang='lat' dir='ltr'><strong>omnis</strong></span> <span class='ocrx_word' id='word_1_500' title='bbox 1782 3402 1958 3456; x_wconf 67' lang='lat' dir='ltr'><strong>aetatis</strong></span> <span class='ocrx_word' id='word_1_501' title='bbox 1993 3400 2384 3454; x_wconf 90' lang='lat' dir='ltr'><strong>monumentis.</strong></span> <span class='ocrx_word' id='word_1_502' title='bbox 2416 3399 2495 3452; x_wconf 72' lang='grc' dir='ltr'>Ει</span> <span class='ocrx_word' id='word_1_503' title='bbox 2521 3399 2700 3453; x_wconf 89' lang='lat' dir='ltr'><strong>tribus</strong></span> <span class='ocrx_word' id='word_1_504' title='bbox 2724 3399 2873 3452; x_wconf 81' lang='lat' dir='ltr'><strong>hisce</strong></span> <span class='ocrx_word' id='word_1_505' title='bbox 2905 3409 2961 3453; x_wconf 83' lang='lat' dir='ltr'><strong>et</strong></span> <span class='ocrx_word' id='word_1_506' title='bbox 2987 3400 3381 3469; x_wconf 81' lang='lat' dir='ltr'><strong>quinquaginta</strong></span> 
     </span>
    </p>
   </div>
   <div class='ocr_carea' id='block_1_38' title="bbox 136 3488 3379 3568">
    <p class='ocr_par' dir='ltr' id='par_1_38' title="bbox 136 3488 3379 3568">
     <span class='ocr_line' id='line_1_38' title="bbox 136 3488 3379 3568; baseline -0.002 -21"><span class='ocrx_word' id='word_1_507' title='bbox 136 3496 301 3548; x_wconf 82' lang='lat' dir='ltr'><strong>titulis</strong></span> <span class='ocrx_word' id='word_1_508' title='bbox 370 3495 602 3548; x_wconf 85' lang='lat' dir='ltr'><strong>nonnisi</strong></span> <span class='ocrx_word' id='word_1_509' title='bbox 653 3494 785 3556; x_wconf 89' lang='lat' dir='ltr'><strong>duo,</strong></span> <span class='ocrx_word' id='word_1_510' title='bbox 829 3508 1007 3562; x_wconf 89' lang='lat' dir='ltr'><strong>neque</strong></span> <span class='ocrx_word' id='word_1_511' title='bbox 1039 3493 1118 3546; x_wconf 92' lang='lat' dir='ltr'><strong>illi</strong></span> <span class='ocrx_word' id='word_1_512' title='bbox 1151 3492 1369 3561; x_wconf 80' lang='lat' dir='ltr'><strong>integri,</strong></span> <span class='ocrx_word' id='word_1_513' title='bbox 1392 3493 1552 3561; x_wconf 85' lang='lat' dir='ltr'><strong>plane</strong></span> <span class='ocrx_word' id='word_1_514' title='bbox 1599 3492 1665 3545; x_wconf 86' lang='lat' dir='ltr'><strong>ad</strong></span> <span class='ocrx_word' id='word_1_515' title='bbox 1704 3506 1803 3544; x_wconf 91' lang='lat' dir='ltr'><strong>nos</strong></span> <span class='ocrx_word' id='word_1_516' title='bbox 1835 3499 2226 3560; x_wconf 79' lang='lat' dir='ltr'><strong>pervenerunt,</strong></span> <span class='ocrx_word' id='word_1_517' title='bbox 2259 3488 2555 3568; x_wconf 75' lang='lat' dir='ltr'><strong>\icesimus</strong></span> <span class='ocrx_word' id='word_1_518' title='bbox 2587 3489 2857 3557; x_wconf 90' lang='lat' dir='ltr'><strong>septimus</strong></span> <span class='ocrx_word' id='word_1_519' title='bbox 2886 3488 3021 3559; x_wconf 69' lang='grc' dir='ltr'>Περὶ</span> <span class='ocrx_word' id='word_1_520' title='bbox 3056 3488 3379 3557; x_wconf 78' lang='grc' dir='ltr'>πρεσϐειῶν.</span> 
     </span>
    </p>
   </div>
   <div class='ocr_carea' id='block_1_39' title="bbox 139 3574 1708 3652">
    <p class='ocr_par' dir='ltr' id='par_1_39' title="bbox 139 3580 1708 3652">
     <span class='ocr_line' id='line_1_39' title="bbox 139 3580 1708 3652; baseline -0.001 -20"><span class='ocrx_word' id='word_1_521' title='bbox 139 3582 204 3634; x_wconf 85' lang='lat' dir='ltr'><strong>De</strong></span> <span class='ocrx_word' id='word_1_522' title='bbox 224 3582 607 3652; x_wconf 80' lang='lat' dir='ltr'><strong>legationibus,</strong></span> <span class='ocrx_word' id='word_1_523' title='bbox 630 3591 686 3635; x_wconf 91' lang='lat' dir='ltr'><strong>et</strong></span> <span class='ocrx_word' id='word_1_524' title='bbox 718 3580 1211 3650; x_wconf 76' lang='lat' dir='ltr'><strong>quinquagesirnus</strong></span> <span class='ocrx_word' id='word_1_525' title='bbox 1240 3581 1372 3647; x_wconf 79' lang='grc' dir='ltr'>Περὶ</span> <span class='ocrx_word' id='word_1_526' title='bbox 1402 3581 1605 3649; x_wconf 71' lang='grc' dir='ltr'><strong>ἀρετῆς</strong></span> <span class='ocrx_word' id='word_1_527' title='bbox 1632 3581 1708 3632; x_wconf 63' lang='grc' dir='ltr'>καί</span> 
     </span>
    </p>
   </div>
   <div class='ocr_carea' id='block_1_40' title="bbox 1815 3574 3379 3652">
    <p class='ocr_par' dir='ltr' id='par_1_40' title="bbox 1815 3574 3379 3645">
     <span class='ocr_line' id='line_1_40' title="bbox 1815 3574 3379 3645; baseline 0.001 -17"><span class='ocrx_word' id='word_1_528' title='bbox 1815 3578 1977 3639; x_wconf 74' lang='grc' dir='ltr'>ικξας,</span> <span class='ocrx_word' id='word_1_529' title='bbox 2020 3576 2094 3629; x_wconf 85' lang='lat' dir='ltr'><strong>De</strong></span> <span class='ocrx_word' id='word_1_530' title='bbox 2120 3578 2311 3633; x_wconf 81' lang='lat' dir='ltr'><strong>uirtute</strong></span> <span class='ocrx_word' id='word_1_531' title='bbox 2347 3585 2394 3627; x_wconf 81' lang='lat' dir='ltr'><strong>et</strong></span> <span class='ocrx_word' id='word_1_532' title='bbox 2428 3574 2762 3629; x_wconf 79' lang='lat' dir='ltr'><strong>vitio.’lituli</strong></span> <span class='ocrx_word' id='word_1_533' title='bbox 2795 3576 2861 3629; x_wconf 89' lang='lat' dir='ltr'><strong>de</strong></span> <span class='ocrx_word' id='word_1_534' title='bbox 2907 3576 3273 3645; x_wconf 87' lang='lat' dir='ltr'><strong>legationibus</strong></span> <span class='ocrx_word' id='word_1_535' title='bbox 3301 3579 3379 3630; x_wconf 91' lang='lat' dir='ltr'><strong>al-</strong></span> 
     </span>
    </p>
   </div>
   <div class='ocr_carea' id='block_1_41' title="bbox 137 3663 3383 3737">
    <p class='ocr_par' dir='ltr' id='par_1_41' title="bbox 137 3663 3383 3737">
     <span class='ocr_line' id='line_1_41' title="bbox 137 3663 3383 3737; baseline -0.001 -18"><span class='ocrx_word' id='word_1_536' title='bbox 137 3678 300 3721; x_wconf 86' lang='lat' dir='ltr'><strong>teram</strong></span> <span class='ocrx_word' id='word_1_537' title='bbox 328 3676 578 3737; x_wconf 83' lang='lat' dir='ltr'><strong>partem,</strong></span> <span class='ocrx_word' id='word_1_538' title='bbox 604 3683 635 3721; x_wconf 84' lang='lat' dir='ltr'><strong>a</strong></span> <span class='ocrx_word' id='word_1_539' title='bbox 658 3667 867 3721; x_wconf 80' lang='lat' dir='ltr'><strong>Joanne</strong></span> <span class='ocrx_word' id='word_1_540' title='bbox 902 3668 1138 3735; x_wconf 86' lang='lat' dir='ltr'><strong>quodam</strong></span> <span class='ocrx_word' id='word_1_541' title='bbox 1178 3666 1472 3721; x_wconf 85' lang='lat' dir='ltr'><strong>CPolitano</strong></span> <span class='ocrx_word' id='word_1_542' title='bbox 1503 3666 1791 3736; x_wconf 77' lang='lat' dir='ltr'><strong>digestum.</strong></span> <span class='ocrx_word' id='word_1_543' title='bbox 1817 3681 1882 3719; x_wconf 79' lang='lat' dir='ltr'><strong>ex</strong></span> <span class='ocrx_word' id='word_1_544' title='bbox 1915 3666 2049 3718; x_wconf 88' lang='lat' dir='ltr'><strong>bibl.</strong></span> <span class='ocrx_word' id='word_1_545' title='bbox 2085 3665 2309 3718; x_wconf 85' lang='lat' dir='ltr'><strong>Antonii</strong></span> <span class='ocrx_word' id='word_1_546' title='bbox 2334 3664 2648 3733; x_wconf 79' lang='lat' dir='ltr'><strong>Augustini,</strong></span> <span class='ocrx_word' id='word_1_547' title='bbox 2677 3663 3083 3733; x_wconf 87' lang='lat' dir='ltr'><strong>archiepiscopi</strong></span> <span class='ocrx_word' id='word_1_548' title='bbox 3117 3663 3383 3719; x_wconf 27' lang='lat' dir='ltr'><strong>Tarracos</strong></span> 
     </span>
    </p>
   </div>
   <div class='ocr_carea' id='block_1_42' title="bbox 134 3751 3383 3825">
    <p class='ocr_par' dir='ltr' id='par_1_42' title="bbox 134 3751 3383 3825">
     <span class='ocr_line' id='line_1_42' title="bbox 134 3751 3383 3825; baseline -0.001 -19"><span class='ocrx_word' id='word_1_549' title='bbox 134 3758 327 3819; x_wconf 69' lang='lat' dir='ltr'><strong>transis,</strong></span> <span class='ocrx_word' id='word_1_550' title='bbox 377 3756 631 3825; x_wconf 78' lang='lat' dir='ltr'><strong>vulgavit</strong></span> <span class='ocrx_word' id='word_1_551' title='bbox 669 3755 893 3809; x_wconf 79' lang='lat' dir='ltr'><strong>Fulvius</strong></span> <span class='ocrx_word' id='word_1_552' title='bbox 924 3754 1159 3810; x_wconf 81' lang='lat' dir='ltr'><strong>Ursinus</strong></span> <span class='ocrx_word' id='word_1_553' title='bbox 1199 3755 1385 3810; x_wconf 66' lang='lat' dir='ltr'><strong>Graece</strong></span> <span class='ocrx_word' id='word_1_554' title='bbox 1438 3756 1716 3824; x_wconf 80' lang='lat' dir='ltr'><strong>Amwcrp.</strong></span> <span class='ocrx_word' id='word_1_555' title='bbox 1770 3754 1929 3817; x_wconf 72' lang='grc'><strong>1582,</strong></span> <span class='ocrx_word' id='word_1_556' title='bbox 1972 3754 2025 3817; x_wconf 79' lang='grc'><strong>4,</strong></span> <span class='ocrx_word' id='word_1_557' title='bbox 2078 3768 2203 3807; x_wconf 90' lang='lat' dir='ltr'><strong>eum</strong></span> <span class='ocrx_word' id='word_1_558' title='bbox 2240 3752 2404 3805; x_wconf 86' lang='lat' dir='ltr'><strong>notis.</strong></span> <span class='ocrx_word' id='word_1_559' title='bbox 2470 3751 2527 3804; x_wconf 94' lang='lat' dir='ltr'><strong>ln</strong></span> <span class='ocrx_word' id='word_1_560' title='bbox 2574 3752 2676 3804; x_wconf 88' lang='lat' dir='ltr'><strong>hac</strong></span> <span class='ocrx_word' id='word_1_561' title='bbox 2701 3760 2857 3821; x_wconf 88' lang='lat' dir='ltr'><strong>parte</strong></span> <span class='ocrx_word' id='word_1_562' title='bbox 2886 3761 3105 3805; x_wconf 80' lang='lat' dir='ltr'><strong>exstant</strong></span> <span class='ocrx_word' id='word_1_563' title='bbox 3138 3753 3383 3820; x_wconf 71' lang='grc' dir='ltr'>παρασο-</span> 
     </span>
    </p>
   </div>
   <div class='ocr_carea' id='block_1_43' title="bbox 131 3839 1708 3913">
    <p class='ocr_par' dir='ltr' id='par_1_43' title="bbox 131 3841 1707 3913">
     <span class='ocr_line' id='line_1_43' title="bbox 131 3841 1707 3913; baseline 0.003 -23"><span class='ocrx_word' id='word_1_564' title='bbox 131 3842 230 3903; x_wconf 67' lang='grc' dir='ltr'><strong>λαί,</strong></span> <span class='ocrx_word' id='word_1_565' title='bbox 261 3846 534 3910; x_wconf 72' lang='lat' dir='ltr'><strong>excerpta</strong></span> <span class='ocrx_word' id='word_1_566' title='bbox 568 3856 598 3895; x_wconf 92' lang='lat' dir='ltr'><strong>c</strong></span> <span class='ocrx_word' id='word_1_567' title='bbox 638 3842 861 3911; x_wconf 78' lang='lat' dir='ltr'><strong>Polybio</strong></span> <span class='ocrx_word' id='word_1_568' title='bbox 896 3858 1017 3911; x_wconf 82' lang='lat' dir='ltr'><strong>pag.</strong></span> <span class='ocrx_word' id='word_1_569' title='bbox 1058 3841 1245 3900; x_wconf 81' lang='grc'><strong>1-228.</strong></span> <span class='ocrx_word' id='word_1_570' title='bbox 1268 3858 1298 3895; x_wconf 93' lang='lat' dir='ltr'><strong>e</strong></span> <span class='ocrx_word' id='word_1_571' title='bbox 1326 3843 1582 3913; x_wconf 80' lang='lat' dir='ltr'><strong>Dionysio</strong></span> <span class='ocrx_word' id='word_1_572' title='bbox 1613 3842 1707 3895; x_wconf 87' lang='lat' dir='ltr'><strong>llal</strong></span> 
     </span>
    </p>
   </div>
   <div class='ocr_carea' id='block_1_44' title="bbox 1815 3839 3382 3913">
    <p class='ocr_par' dir='ltr' id='par_1_44' title="bbox 1815 3839 3382 3910">
     <span class='ocr_line' id='line_1_44' title="bbox 1815 3839 3382 3910; baseline 0.001 -19"><span class='ocrx_word' id='word_1_573' title='bbox 1815 3856 2048 3903; x_wconf 63' lang='lat' dir='ltr'><strong>rnassco,</strong></span> <span class='ocrx_word' id='word_1_574' title='bbox 2082 3856 2136 3910; x_wconf 93' lang='lat' dir='ltr'><strong>p.</strong></span> <span class='ocrx_word' id='word_1_575' title='bbox 2164 3839 2428 3900; x_wconf 68' lang='grc'><strong>295-312,</strong></span> <span class='ocrx_word' id='word_1_576' title='bbox 2456 3855 2486 3893; x_wconf 90' lang='lat' dir='ltr'><strong>e</strong></span> <span class='ocrx_word' id='word_1_577' title='bbox 2514 3839 2756 3893; x_wconf 86' lang='lat' dir='ltr'><strong>Diodoro</strong></span> <span class='ocrx_word' id='word_1_578' title='bbox 2792 3839 2979 3894; x_wconf 88' lang='lat' dir='ltr'><strong>Siculo</strong></span> <span class='ocrx_word' id='word_1_579' title='bbox 3018 3856 3072 3909; x_wconf 93' lang='lat' dir='ltr'><strong>p.</strong></span> <span class='ocrx_word' id='word_1_580' title='bbox 3118 3840 3382 3902; x_wconf 69' lang='grc' dir='ltr'><strong>διδ-355,</strong></span> 
     </span>
    </p>
   </div>
   <div class='ocr_carea' id='block_1_45' title="bbox 130 3926 3381 3999">
    <p class='ocr_par' dir='ltr' id='par_1_45' title="bbox 130 3926 3381 3999">
     <span class='ocr_line' id='line_1_45' title="bbox 130 3926 3381 3999; baseline -0.001 -16"><span class='ocrx_word' id='word_1_581' title='bbox 130 3946 187 3983; x_wconf 74' lang='grc' dir='ltr'>νι</span> <span class='ocrx_word' id='word_1_582' title='bbox 210 3931 477 3999; x_wconf 86' lang='lat' dir='ltr'><strong>Appiano</strong></span> <span class='ocrx_word' id='word_1_583' title='bbox 503 3945 625 3999; x_wconf 85' lang='lat' dir='ltr'><strong>pag.</strong></span> <span class='ocrx_word' id='word_1_584' title='bbox 651 3930 914 3993; x_wconf 61' lang='grc' dir='ltr'><strong>’ὁδί-5⁸η,</strong></span> <span class='ocrx_word' id='word_1_585' title='bbox 949 3941 1004 3983; x_wconf 92' lang='lat' dir='ltr'><strong>et</strong></span> <span class='ocrx_word' id='word_1_586' title='bbox 1033 3944 1064 3983; x_wconf 92' lang='lat' dir='ltr'><strong>e</strong></span> <span class='ocrx_word' id='word_1_587' title='bbox 1095 3930 1265 3983; x_wconf 90' lang='lat' dir='ltr'><strong>Dione</strong></span> <span class='ocrx_word' id='word_1_588' title='bbox 1296 3929 1487 3984; x_wconf 89' lang='lat' dir='ltr'><strong>Cassio</strong></span> <span class='ocrx_word' id='word_1_589' title='bbox 1528 3946 1579 3999; x_wconf 84' lang='lat' dir='ltr'><strong>p.</strong></span> <span class='ocrx_word' id='word_1_590' title='bbox 1620 3930 1874 3983; x_wconf 58' lang='grc'><strong>573417.</strong></span> <span class='ocrx_word' id='word_1_591' title='bbox 1906 3929 2147 3982; x_wconf 86' lang='lat' dir='ltr'><strong>Alteram</strong></span> <span class='ocrx_word' id='word_1_592' title='bbox 2188 3937 2394 3996; x_wconf 88' lang='lat' dir='ltr'><strong>partem</strong></span> <span class='ocrx_word' id='word_1_593' title='bbox 2426 3927 2674 3995; x_wconf 82' lang='lat' dir='ltr'><strong>ejusdem</strong></span> <span class='ocrx_word' id='word_1_594' title='bbox 2716 3927 2857 3980; x_wconf 90' lang='lat' dir='ltr'><strong>tituli</strong></span> <span class='ocrx_word' id='word_1_595' title='bbox 2890 3927 2957 3981; x_wconf 91' lang='lat' dir='ltr'><strong>de</strong></span> <span class='ocrx_word' id='word_1_596' title='bbox 2994 3926 3381 3996; x_wconf 75' lang='lat' dir='ltr'><strong>legationibus,</strong></span> 
     </span>
    </p>
   </div>
   <div class='ocr_carea' id='block_1_46' title="bbox 129 4016 3383 4087">
    <p class='ocr_par' dir='ltr' id='par_1_46' title="bbox 129 4016 3383 4087">
     <span class='ocr_line' id='line_1_46' title="bbox 129 4016 3383 4087; baseline -0 -17"><span class='ocrx_word' id='word_1_597' title='bbox 129 4035 188 4071; x_wconf 79' lang='lat' dir='ltr'><strong>rx</strong></span> <span class='ocrx_word' id='word_1_598' title='bbox 215 4019 637 4071; x_wconf 83' lang='lat' dir='ltr'><strong>recentioribus</strong></span> <span class='ocrx_word' id='word_1_599' title='bbox 664 4018 826 4085; x_wconf 91' lang='lat' dir='ltr'><strong>paqu</strong></span> <span class='ocrx_word' id='word_1_600' title='bbox 860 4017 1142 4071; x_wconf 90' lang='lat' dir='ltr'><strong>historicis</strong></span> <span class='ocrx_word' id='word_1_601' title='bbox 1167 4027 1426 4087; x_wconf 79' lang='lat' dir='ltr'><strong>excerpta</strong></span> <span class='ocrx_word' id='word_1_602' title='bbox 1453 4017 2012 4085; x_wconf 45' lang='lat' dir='ltr'><strong>complexamLDavitl</strong></span> <span class='ocrx_word' id='word_1_603' title='bbox 2051 4017 2394 4071; x_wconf 75' lang='lat' dir='ltr'><strong>Hcescliclius</strong></span> <span class='ocrx_word' id='word_1_604' title='bbox 2422 4030 2487 4069; x_wconf 80' lang='lat' dir='ltr'><strong>ex</strong></span> <span class='ocrx_word' id='word_1_605' title='bbox 2524 4016 2712 4071; x_wconf 90' lang='lat' dir='ltr'><strong>codice</strong></span> <span class='ocrx_word' id='word_1_606' title='bbox 2745 4017 3006 4070; x_wconf 79' lang='lat' dir='ltr'><strong>Bavarico</strong></span> <span class='ocrx_word' id='word_1_607' title='bbox 3034 4016 3140 4069; x_wconf 68' lang='grc'><strong>204</strong></span> <span class='ocrx_word' id='word_1_608' title='bbox 3169 4016 3383 4086; x_wconf 89' lang='lat' dir='ltr'><strong>pridem</strong></span> 
     </span>
    </p>
   </div>
   <div class='ocr_carea' id='block_1_47' title="bbox 132 4104 3385 4175">
    <p class='ocr_par' dir='ltr' id='par_1_47' title="bbox 132 4104 3385 4175">
     <span class='ocr_line' id='line_1_47' title="bbox 132 4104 3385 4175; baseline 0.001 -19"><span class='ocrx_word' id='word_1_609' title='bbox 132 4106 384 4175; x_wconf 69' lang='lat' dir='ltr'><strong>vulgavit.</strong></span> <span class='ocrx_word' id='word_1_610' title='bbox 453 4105 534 4159; x_wconf 79' lang='lat' dir='ltr'><strong>Ex</strong></span> <span class='ocrx_word' id='word_1_611' title='bbox 580 4107 848 4172; x_wconf 63' lang='lat' dir='ltr'><strong>prooemio</strong></span> <span class='ocrx_word' id='word_1_612' title='bbox 885 4104 1155 4158; x_wconf 83' lang='lat' dir='ltr'><strong>ascribatn</strong></span> <span class='ocrx_word' id='word_1_613' title='bbox 1194 4105 1500 4173; x_wconf 79' lang='lat' dir='ltr'><strong>catalogum</strong></span> <span class='ocrx_word' id='word_1_614' title='bbox 1529 4105 1884 4173; x_wconf 85' lang='lat' dir='ltr'><strong>scriptorum,</strong></span> <span class='ocrx_word' id='word_1_615' title='bbox 1940 4123 1970 4159; x_wconf 92' lang='lat' dir='ltr'><strong>e</strong></span> <span class='ocrx_word' id='word_1_616' title='bbox 2019 4105 2221 4174; x_wconf 92' lang='lat' dir='ltr'><strong>quibus</strong></span> <span class='ocrx_word' id='word_1_617' title='bbox 2271 4106 2360 4159; x_wconf 83' lang='lat' dir='ltr'><strong>illa</strong></span> <span class='ocrx_word' id='word_1_618' title='bbox 2402 4104 3025 4175; x_wconf 86' lang='lat' dir='ltr'><strong>collectaneorum-pars</strong></span> <span class='ocrx_word' id='word_1_619' title='bbox 3057 4104 3385 4160; x_wconf 80' lang='lat' dir='ltr'><strong>concinnata</strong></span> 
     </span>
    </p>
   </div>
   <div class='ocr_carea' id='block_1_48' title="bbox 130 4190 3386 4262">
    <p class='ocr_par' dir='ltr' id='par_1_48' title="bbox 130 4190 3386 4262">
     <span class='ocr_line' id='line_1_48' title="bbox 130 4190 3386 4262; baseline 0 -19"><span class='ocrx_word' id='word_1_620' title='bbox 130 4193 260 4246; x_wconf 75' lang='lat' dir='ltr'><strong>fuit:</strong></span> <span class='ocrx_word' id='word_1_621' title='bbox 319 4192 452 4245; x_wconf 73' lang='grc' dir='ltr'><strong>εἰσὶ</strong></span> <span class='ocrx_word' id='word_1_622' title='bbox 499 4190 561 4242; x_wconf 71' lang='grc' dir='ltr'><strong>δὲ</strong></span> <span class='ocrx_word' id='word_1_623' title='bbox 600 4192 664 4242; x_wconf 73' lang='grc' dir='ltr'><strong>ἐκ</strong></span> <span class='ocrx_word' id='word_1_624' title='bbox 727 4191 832 4243; x_wconf 81' lang='grc' dir='ltr'><strong>τῶν</strong></span> <span class='ocrx_word' id='word_1_625' title='bbox 878 4193 1331 4259; x_wconf 75' lang='grc' dir='ltr'><strong>ὑποτεταγμένων</strong></span> <span class='ocrx_word' id='word_1_626' title='bbox 1362 4190 1665 4259; x_wconf 62' lang='grc' dir='ltr'><strong>Χίονικῶν</strong></span> <span class='ocrx_word' id='word_1_627' title='bbox 1694 4210 1708 4223; x_wconf 75' lang='grc' dir='ltr'><strong>ο</strong></span> <span class='ocrx_word' id='word_1_628' title='bbox 1759 4191 1828 4257; x_wconf 86' lang='grc' dir='ltr'><strong>α’,</strong></span> <span class='ocrx_word' id='word_1_629' title='bbox 1878 4193 2083 4261; x_wconf 78' lang='grc' dir='ltr'><strong>Πέτρου</strong></span> <span class='ocrx_word' id='word_1_630' title='bbox 2144 4192 2432 4259; x_wconf 72' lang='grc' dir='ltr'><strong>πατρικίου</strong></span> <span class='ocrx_word' id='word_1_631' title='bbox 2462 4192 2558 4245; x_wconf 73' lang='grc' dir='ltr'><strong>καὶ</strong></span> <span class='ocrx_word' id='word_1_632' title='bbox 2619 4192 2940 4261; x_wconf 78' lang='grc' dir='ltr'>μαγίπρου.</span> <span class='ocrx_word' id='word_1_633' title='bbox 2994 4191 3058 4261; x_wconf 85' lang='grc' dir='ltr'><strong>β’,</strong></span> <span class='ocrx_word' id='word_1_634' title='bbox 3109 4192 3386 4262; x_wconf 83' lang='grc' dir='ltr'>Γεωργίου</span> 
     </span>
    </p>
   </div>
   <div class='ocr_carea' id='block_1_49' title="bbox 132 4276 3381 4348">
    <p class='ocr_par' dir='ltr' id='par_1_49' title="bbox 132 4276 3381 4348">
     <span class='ocr_line' id='line_1_49' title="bbox 132 4276 3381 4348; baseline 0 -18"><span class='ocrx_word' id='word_1_635' title='bbox 132 4280 360 4348; x_wconf 76' lang='grc' dir='ltr'>αοναχοὺ</span> <span class='ocrx_word' id='word_1_636' title='bbox 389 4277 680 4348; x_wconf 80' lang='grc' dir='ltr'>χρονικῆς.</span> <span class='ocrx_word' id='word_1_637' title='bbox 707 4276 776 4342; x_wconf 71' lang='grc' dir='ltr'><strong>γ’,</strong></span> <span class='ocrx_word' id='word_1_638' title='bbox 818 4279 1066 4331; x_wconf 78' lang='grc' dir='ltr'><strong>Ἰωάννου</strong></span> <span class='ocrx_word' id='word_1_639' title='bbox 1111 4280 1446 4347; x_wconf 82' lang='grc' dir='ltr'><strong>’Δντιοχέως.</strong></span> <span class='ocrx_word' id='word_1_640' title='bbox 1476 4280 1538 4340; x_wconf 84' lang='grc' dir='ltr'><strong>δ’,</strong></span> <span class='ocrx_word' id='word_1_641' title='bbox 1579 4281 1856 4332; x_wconf 73' lang='grc' dir='ltr'>Διονυσίου</span> <span class='ocrx_word' id='word_1_642' title='bbox 1930 4280 2362 4348; x_wconf 77' lang='grc' dir='ltr'>Ἀλικαρνασέως</span> <span class='ocrx_word' id='word_1_643' title='bbox 2427 4277 2799 4346; x_wconf 66' lang='grc' dir='ltr'><strong>Ῥωμαγακῆς</strong></span> <span class='ocrx_word' id='word_1_644' title='bbox 2821 4279 3278 4346; x_wconf 65' lang='grc' dir='ltr'>ἀρχαιολογίας.</span> <span class='ocrx_word' id='word_1_645' title='bbox 3318 4286 3381 4344; x_wconf 85' lang='grc' dir='ltr'><strong>ε’,</strong></span> 
     </span>
    </p>
   </div>
   <div class='ocr_carea' id='block_1_50' title="bbox 131 4364 3385 4434">
    <p class='ocr_par' dir='ltr' id='par_1_50' title="bbox 131 4364 3385 4434">
     <span class='ocr_line' id='line_1_50' title="bbox 131 4364 3385 4434; baseline 0 -16"><span class='ocrx_word' id='word_1_646' title='bbox 131 4366 511 4426; x_wconf 72' lang='grc' dir='ltr'>ς⁹.11ολυ6ίου</span> <span class='ocrx_word' id='word_1_647' title='bbox 587 4364 1032 4430; x_wconf 71' lang='grc' dir='ltr'>Μεγαλοπολίτου</span> <span class='ocrx_word' id='word_1_648' title='bbox 1095 4368 1191 4419; x_wconf 70' lang='grc' dir='ltr'><strong>καὶ</strong></span> <span class='ocrx_word' id='word_1_649' title='bbox 1258 4366 1579 4419; x_wconf 79' lang='grc' dir='ltr'>’Δππιανοῦ.</span> <span class='ocrx_word' id='word_1_650' title='bbox 1662 4368 1727 4431; x_wconf 75' lang='grc' dir='ltr'><strong>ξ’,</strong></span> <span class='ocrx_word' id='word_1_651' title='bbox 1782 4367 2032 4434; x_wconf 75' lang='grc' dir='ltr'>Ζωσίμου</span> <span class='ocrx_word' id='word_1_652' title='bbox 2112 4364 2528 4420; x_wconf 78' lang='grc' dir='ltr'>’Δσκαλωνίτου.</span> <span class='ocrx_word' id='word_1_653' title='bbox 2578 4364 2652 4429; x_wconf 66' lang='grc' dir='ltr'><strong>ηε,</strong></span> <span class='ocrx_word' id='word_1_654' title='bbox 2713 4364 2978 4434; x_wconf 77' lang='grc' dir='ltr'><strong>Ἰωσήπου</strong></span> <span class='ocrx_word' id='word_1_655' title='bbox 3049 4365 3385 4433; x_wconf 76' lang='grc' dir='ltr'><strong>Ἰουδαϊκῆς</strong></span> 
     </span>
    </p>
   </div>
   <div class='ocr_carea' id='block_1_51' title="bbox 125 4451 3382 4523">
    <p class='ocr_par' dir='ltr' id='par_1_51' title="bbox 125 4451 3382 4523">
     <span class='ocr_line' id='line_1_51' title="bbox 125 4451 3382 4523; baseline -0 -17"><span class='ocrx_word' id='word_1_656' title='bbox 125 4455 584 4523; x_wconf 63' lang='grc' dir='ltr'><strong>ἀρχαιολογίας.</strong></span> <span class='ocrx_word' id='word_1_657' title='bbox 614 4453 682 4521; x_wconf 80' lang='grc' dir='ltr'><strong>θ’,</strong></span> <span class='ocrx_word' id='word_1_658' title='bbox 725 4452 991 4523; x_wconf 84' lang='grc' dir='ltr'>Διοδώρου</span> <span class='ocrx_word' id='word_1_659' title='bbox 1030 4452 1375 4506; x_wconf 81' lang='grc' dir='ltr'><strong>Σικελιώτου.</strong></span> <span class='ocrx_word' id='word_1_660' title='bbox 1412 4461 1465 4517; x_wconf 85' lang='lat' dir='ltr'><strong>t&#39;,</strong></span> <span class='ocrx_word' id='word_1_661' title='bbox 1506 4454 1703 4517; x_wconf 77' lang='grc' dir='ltr'><strong>Δίωνος</strong></span> <span class='ocrx_word' id='word_1_662' title='bbox 1754 4451 2085 4506; x_wconf 79' lang='grc' dir='ltr'>Κοκκιανοῦ.</span> <span class='ocrx_word' id='word_1_663' title='bbox 2130 4457 2216 4515; x_wconf 83' lang='grc' dir='ltr'>ια’,</span> <span class='ocrx_word' id='word_1_664' title='bbox 2258 4452 2561 4520; x_wconf 74' lang='grc' dir='ltr'>Προκοπίου</span> <span class='ocrx_word' id='word_1_665' title='bbox 2602 4452 2947 4523; x_wconf 75' lang='grc' dir='ltr'><strong>Καισαρὲως.</strong></span> <span class='ocrx_word' id='word_1_666' title='bbox 3009 4452 3098 4522; x_wconf 78' lang='grc' dir='ltr'><strong>ιβ’,</strong></span> <span class='ocrx_word' id='word_1_667' title='bbox 3141 4453 3382 4523; x_wconf 77' lang='grc' dir='ltr'>Πρίσκου</span> 
     </span>
    </p>
   </div>
   <div class='ocr_carea' id='block_1_52' title="bbox 1647 4562 1881 4618">
    <p class='ocr_par' dir='ltr' id='par_1_52' title="bbox 1647 4562 1881 4618">
     <span class='ocr_line' id='line_1_52' title="bbox 1647 4562 1881 4618; baseline -0.013 0"><span class='ocrx_word' id='word_1_668' title='bbox 1647 4562 1881 4618; x_wconf 64' lang='grc' dir='ltr'><strong>ΝΟΤΑΞ.</strong></span> 
     </span>
    </p>
   </div>
   <div class='ocr_carea' id='block_1_53' title="bbox 1034 4651 3363 4723">
    <p class='ocr_par' dir='ltr' id='par_1_53' title="bbox 1034 4651 3363 4723">
     <span class='ocr_line' id='line_1_53' title="bbox 1034 4651 3363 4723; baseline 0.003 -19"><span class='ocrx_word' id='word_1_669' title='bbox 1034 4651 1271 4723; x_wconf 85' lang='lat' dir='ltr'><strong>singulis</strong></span> <span class='ocrx_word' id='word_1_670' title='bbox 1319 4661 1713 4722; x_wconf 78' lang='lat' dir='ltr'><strong>cxcerptorunt</strong></span> <span class='ocrx_word' id='word_1_671' title='bbox 1819 4657 2052 4707; x_wconf 84' lang='lat' dir='ltr'><strong>minutas</strong></span> <span class='ocrx_word' id='word_1_672' title='bbox 2089 4656 2292 4723; x_wconf 78' lang='lat' dir='ltr'><strong>putavit</strong></span> <span class='ocrx_word' id='word_1_673' title='bbox 2323 4655 2757 4719; x_wconf 79' lang='lat' dir='ltr'><strong>distribuendum,</strong></span> <span class='ocrx_word' id='word_1_674' title='bbox 2795 4665 2846 4708; x_wconf 92' lang='lat' dir='ltr'><strong>et</strong></span> <span class='ocrx_word' id='word_1_675' title='bbox 2877 4656 3203 4710; x_wconf 78' lang='lat' dir='ltr'><strong>luculentam</strong></span> <span class='ocrx_word' id='word_1_676' title='bbox 3246 4660 3363 4711; x_wconf 70' lang='lat' dir='ltr'><strong>utili</strong></span> 
     </span>
    </p>
   </div>
   <div class='ocr_carea' id='block_1_54' title="bbox 1819 4726 3383 4795">
    <p class='ocr_par' dir='ltr' id='par_1_54' title="bbox 1819 4726 3383 4795">
     <span class='ocr_line' id='line_1_54' title="bbox 1819 4726 3383 4795; baseline 0.003 -17"><span class='ocrx_word' id='word_1_677' title='bbox 1819 4735 2004 4785; x_wconf 86' lang='lat' dir='ltr'><strong>tatem,</strong></span> <span class='ocrx_word' id='word_1_678' title='bbox 2046 4740 2164 4790; x_wconf 70' lang='lat' dir='ltr'><strong>qua:</strong></span> <span class='ocrx_word' id='word_1_679' title='bbox 2196 4734 2403 4793; x_wconf 81' lang='lat' dir='ltr'><strong>poterat</strong></span> <span class='ocrx_word' id='word_1_680' title='bbox 2456 4727 2575 4778; x_wconf 82' lang='lat' dir='ltr'><strong>inde</strong></span> <span class='ocrx_word' id='word_1_681' title='bbox 2632 4728 2829 4795; x_wconf 85' lang='lat' dir='ltr'><strong>percipi</strong></span> <span class='ocrx_word' id='word_1_682' title='bbox 2859 4766 2874 4789; x_wconf 92' lang='lat'><strong>,</strong></span> <span class='ocrx_word' id='word_1_683' title='bbox 2916 4726 3077 4780; x_wconf 89' lang='lat' dir='ltr'><strong>oculis</strong></span> <span class='ocrx_word' id='word_1_684' title='bbox 3111 4729 3383 4783; x_wconf 81' lang='lat' dir='ltr'><strong>hominum</strong></span> 
     </span>
    </p>
   </div>
   <div class='ocr_carea' id='block_1_55' title="bbox 1819 4795 3381 4865">
    <p class='ocr_par' dir='ltr' id='par_1_55' title="bbox 1819 4795 3381 4865">
     <span class='ocr_line' id='line_1_55' title="bbox 1819 4795 3381 4865; baseline 0.002 -17"><span class='ocrx_word' id='word_1_685' title='bbox 1819 4795 2201 4863; x_wconf 73' lang='lat' dir='ltr'><strong>exponendam.</strong></span> <span class='ocrx_word' id='word_1_686' title='bbox 2236 4795 2377 4847; x_wconf 79' lang='lat' dir='ltr'><strong>Adeo</strong></span> <span class='ocrx_word' id='word_1_687' title='bbox 2418 4805 2473 4847; x_wconf 88' lang='lat' dir='ltr'><strong>ut</strong></span> <span class='ocrx_word' id='word_1_688' title='bbox 2504 4800 2598 4847; x_wconf 82' lang='lat' dir='ltr'><strong>hoc</strong></span> <span class='ocrx_word' id='word_1_689' title='bbox 2630 4796 2831 4847; x_wconf 78' lang='lat' dir='ltr'><strong>delectu</strong></span> <span class='ocrx_word' id='word_1_690' title='bbox 2864 4798 3039 4849; x_wconf 80' lang='lat' dir='ltr'><strong>habito</strong></span> <span class='ocrx_word' id='word_1_691' title='bbox 3068 4799 3261 4865; x_wconf 80' lang='lat' dir='ltr'><strong>majori</strong></span> <span class='ocrx_word' id='word_1_692' title='bbox 3300 4808 3381 4851; x_wconf 85' lang='lat' dir='ltr'><strong>at-</strong></span> 
     </span>
    </p>
   </div>
   <div class='ocr_carea' id='block_1_56' title="bbox 190 4651 976 4724">
    <p class='ocr_par' dir='ltr' id='par_1_56' title="bbox 190 4651 976 4724">
     <span class='ocr_line' id='line_1_56' title="bbox 190 4651 976 4724; baseline -0.017 -9"><span class='ocrx_word' id='word_1_693' title='bbox 190 4656 264 4724; x_wconf 68' lang='lat' dir='ltr'><strong>(yl</strong></span> <span class='ocrx_word' id='word_1_694' title='bbox 312 4658 544 4710; x_wconf 78' lang='lat' dir='ltr'><strong>Auctor</strong></span> <span class='ocrx_word' id='word_1_695' title='bbox 596 4651 976 4724; x_wconf 57' lang='lat' dir='ltr'><strong>praelationis,</strong></span> 
     </span>
    </p>
   </div>
   <div class='ocr_carea' id='block_1_57' title="bbox 129 4721 1710 4793">
    <p class='ocr_par' dir='ltr' id='par_1_57' title="bbox 129 4721 1710 4793">
     <span class='ocr_line' id='line_1_57' title="bbox 129 4721 1710 4793; baseline -0.001 -16"><span class='ocrx_word' id='word_1_696' title='bbox 129 4721 293 4778; x_wconf 73' lang='lat' dir='ltr'><strong>titulis</strong></span> <span class='ocrx_word' id='word_1_697' title='bbox 319 4724 643 4793; x_wconf 65' lang='lat' dir='ltr'><strong>pramisste</strong></span> <span class='ocrx_word' id='word_1_698' title='bbox 663 4739 679 4793; x_wconf 62' lang='grc' dir='ltr'>ξ</span> <span class='ocrx_word' id='word_1_699' title='bbox 722 4722 897 4793; x_wconf 26' lang='grc' dir='ltr'><strong>ξογῗῆς</strong></span> <span class='ocrx_word' id='word_1_700' title='bbox 926 4721 1211 4793; x_wconf 77' lang='grc' dir='ltr'>πορφύρας</span> <span class='ocrx_word' id='word_1_701' title='bbox 1250 4721 1529 4793; x_wconf 56' lang='grc' dir='ltr'><strong>ἀπόγονος</strong></span> <span class='ocrx_word' id='word_1_702' title='bbox 1556 4725 1710 4775; x_wconf 79' lang='grc' dir='ltr'><strong>Κων-</strong></span> 
     </span>
    </p>
   </div>
   <div class='ocr_carea' id='block_1_58' title="bbox 128 4791 1708 4859">
    <p class='ocr_par' dir='ltr' id='par_1_58' title="bbox 128 4791 1708 4859">
     <span class='ocr_line' id='line_1_58' title="bbox 128 4791 1708 4859; baseline 0 -14"><span class='ocrx_word' id='word_1_703' title='bbox 128 4791 446 4855; x_wconf 64' lang='grc' dir='ltr'><strong>σταντῖιᾶος,</strong></span> <span class='ocrx_word' id='word_1_704' title='bbox 509 4796 539 4845; x_wconf 87' lang='grc' dir='ltr'>ὁ</span> <span class='ocrx_word' id='word_1_705' title='bbox 586 4791 997 4859; x_wconf 79' lang='grc' dir='ltr'>ὀρθοδοξότατος</span> <span class='ocrx_word' id='word_1_706' title='bbox 1054 4792 1149 4844; x_wconf 70' lang='grc' dir='ltr'><strong>καὶ</strong></span> <span class='ocrx_word' id='word_1_707' title='bbox 1188 4792 1708 4859; x_wconf 77' lang='grc' dir='ltr'>χριστιανικώτατος</span> 
     </span>
    </p>
   </div>
   <div class='ocr_carea' id='block_1_59' title="bbox 127 4860 1709 4932">
    <p class='ocr_par' dir='ltr' id='par_1_59' title="bbox 127 4860 1709 4932">
     <span class='ocr_line' id='line_1_59' title="bbox 127 4860 1709 4932; baseline 0 -19"><span class='ocrx_word' id='word_1_708' title='bbox 127 4864 227 4913; x_wconf 77' lang='grc' dir='ltr'><strong>τῶν</strong></span> <span class='ocrx_word' id='word_1_709' title='bbox 268 4865 509 4915; x_wconf 79' lang='grc' dir='ltr'>πώποτε</span> <span class='ocrx_word' id='word_1_710' title='bbox 571 4861 1054 4930; x_wconf 74' lang='grc' dir='ltr'><strong>βεϐασιλευκότων,</strong></span> <span class='ocrx_word' id='word_1_711' title='bbox 1106 4860 1515 4932; x_wconf 76' lang='grc' dir='ltr'><strong>ὁξυωπέστερον</strong></span> <span class='ocrx_word' id='word_1_712' title='bbox 1574 4863 1709 4931; x_wconf 74' lang='grc' dir='ltr'>πρὸς</span> 
     </span>
    </p>
   </div>
   <div class='ocr_carea' id='block_1_60' title="bbox 125 4932 1711 5001">
    <p class='ocr_par' dir='ltr' id='par_1_60' title="bbox 125 4932 1711 5001">
     <span class='ocr_line' id='line_1_60' title="bbox 125 4932 1711 5001; baseline 0 -18"><span class='ocrx_word' id='word_1_713' title='bbox 125 4934 216 4999; x_wconf 79' lang='grc' dir='ltr'><strong>τὴν</strong></span> <span class='ocrx_word' id='word_1_714' title='bbox 250 4935 363 4985; x_wconf 81' lang='grc' dir='ltr'><strong>τῶν</strong></span> <span class='ocrx_word' id='word_1_715' title='bbox 414 4932 614 4986; x_wconf 75' lang='grc' dir='ltr'>καλῶν</span> <span class='ocrx_word' id='word_1_716' title='bbox 644 4932 971 5001; x_wconf 61' lang='grc' dir='ltr'><strong>κατανόησιν</strong></span> <span class='ocrx_word' id='word_1_717' title='bbox 992 4932 1352 5001; x_wconf 68' lang='grc' dir='ltr'><strong>διακείμενος,</strong></span> <span class='ocrx_word' id='word_1_718' title='bbox 1388 4934 1479 4985; x_wconf 73' lang='grc' dir='ltr'><strong>καὶ</strong></span> <span class='ocrx_word' id='word_1_719' title='bbox 1513 4932 1711 5001; x_wconf 69' lang='grc' dir='ltr'><strong>δαπτή-</strong></span> 
     </span>
    </p>
   </div>
   <div class='ocr_carea' id='block_1_61' title="bbox 131 4999 1709 5072">
    <p class='ocr_par' dir='ltr' id='par_1_61' title="bbox 131 4999 1709 5072">
     <span class='ocr_line' id='line_1_61' title="bbox 131 4999 1709 5072; baseline -0.001 -17"><span class='ocrx_word' id='word_1_720' title='bbox 131 5020 233 5070; x_wconf 77' lang='grc' dir='ltr'>ριον</span> <span class='ocrx_word' id='word_1_721' title='bbox 268 5005 545 5072; x_wconf 65' lang='grc' dir='ltr'><strong>ἐσχηκὼς</strong></span> <span class='ocrx_word' id='word_1_722' title='bbox 576 5000 720 5072; x_wconf 68' lang='grc' dir='ltr'>γοῦν,</span> <span class='ocrx_word' id='word_1_723' title='bbox 748 5001 927 5071; x_wconf 72' lang='grc' dir='ltr'>ἔκρινε</span> <span class='ocrx_word' id='word_1_724' title='bbox 965 5001 1239 5070; x_wconf 78' lang='grc' dir='ltr'><strong>βέλτιστον</strong></span> <span class='ocrx_word' id='word_1_725' title='bbox 1273 4999 1525 5055; x_wconf 74' lang='grc' dir='ltr'>εἶναικαὶ</span> <span class='ocrx_word' id='word_1_726' title='bbox 1568 4999 1709 5054; x_wconf 57' lang='grc' dir='ltr'>κοίη)-</span> 
     </span>
    </p>
   </div>
   <div class='ocr_carea' id='block_1_62' title="bbox 127 5071 1705 5141">
    <p class='ocr_par' dir='ltr' id='par_1_62' title="bbox 127 5071 1705 5141">
     <span class='ocr_line' id='line_1_62' title="bbox 127 5071 1705 5141; baseline 0.002 -20"><span class='ocrx_word' id='word_1_727' title='bbox 127 5071 341 5139; x_wconf 52' lang='lat' dir='ltr'><strong>mas;</strong></span> <span class='ocrx_word' id='word_1_728' title='bbox 410 5072 501 5140; x_wconf 79' lang='grc' dir='ltr'><strong>τῷ</strong></span> <span class='ocrx_word' id='word_1_729' title='bbox 547 5088 607 5123; x_wconf 77' lang='grc' dir='ltr'><strong>τε</strong></span> <span class='ocrx_word' id='word_1_730' title='bbox 641 5071 738 5138; x_wconf 80' lang='grc' dir='ltr'><strong>βίῳ</strong></span> <span class='ocrx_word' id='word_1_731' title='bbox 773 5072 1115 5139; x_wconf 81' lang='grc' dir='ltr'>ὀνησίφορον,</span> <span class='ocrx_word' id='word_1_732' title='bbox 1150 5073 1412 5139; x_wconf 70' lang='grc' dir='ltr'>πρότερον</span> <span class='ocrx_word' id='word_1_733' title='bbox 1442 5073 1561 5141; x_wconf 78' lang='grc' dir='ltr'><strong>μὲν,</strong></span> <span class='ocrx_word' id='word_1_734' title='bbox 1597 5082 1705 5125; x_wconf 90' lang='lat' dir='ltr'><strong>etc.</strong></span> 
     </span>
    </p>
   </div>
   <div class='ocr_carea' id='block_1_63' title="bbox 128 5141 1706 5211">
    <p class='ocr_par' dir='ltr' id='par_1_63' title="bbox 128 5141 1706 5211">
     <span class='ocr_line' id='line_1_63' title="bbox 128 5141 1706 5211; baseline -0.001 -16"><span class='ocrx_word' id='word_1_735' title='bbox 128 5142 517 5197; x_wconf 75' lang='lat' dir='ltr'><strong>Constantinus</strong></span> <span class='ocrx_word' id='word_1_736' title='bbox 557 5141 1101 5211; x_wconf 81' lang='lat' dir='ltr'><strong>Porphyrogennetus,</strong></span> <span class='ocrx_word' id='word_1_737' title='bbox 1126 5142 1434 5209; x_wconf 83' lang='lat' dir='ltr'><strong>imperator,</strong></span> <span class='ocrx_word' id='word_1_738' title='bbox 1454 5144 1706 5199; x_wconf 87' lang='lat' dir='ltr'><strong>omnium.</strong></span> 
     </span>
    </p>
   </div>
   <div class='ocr_carea' id='block_1_64' title="bbox 129 5211 1705 5282">
    <p class='ocr_par' dir='ltr' id='par_1_64' title="bbox 129 5211 1705 5282">
     <span class='ocr_line' id='line_1_64' title="bbox 129 5211 1705 5282; baseline 0.001 -19"><span class='ocrx_word' id='word_1_739' title='bbox 129 5214 209 5275; x_wconf 77' lang='lat' dir='ltr'><strong>qui</strong></span> <span class='ocrx_word' id='word_1_740' title='bbox 248 5230 509 5282; x_wconf 78' lang='lat' dir='ltr'><strong>unquam</strong></span> <span class='ocrx_word' id='word_1_741' title='bbox 554 5212 800 5277; x_wconf 79' lang='lat' dir='ltr'><strong>fuerunt,</strong></span> <span class='ocrx_word' id='word_1_742' title='bbox 859 5222 1013 5265; x_wconf 79' lang='lat' dir='ltr'><strong>recta:</strong></span> <span class='ocrx_word' id='word_1_743' title='bbox 1062 5211 1184 5277; x_wconf 76' lang='lat' dir='ltr'><strong>ﬁdei</strong></span> <span class='ocrx_word' id='word_1_744' title='bbox 1236 5213 1599 5265; x_wconf 85' lang='lat' dir='ltr'><strong>tenacissimus</strong></span> <span class='ocrx_word' id='word_1_745' title='bbox 1658 5224 1705 5282; x_wconf 72' lang='lat' dir='ltr'><strong>et</strong></span> 
     </span>
    </p>
   </div>
   <div class='ocr_carea' id='block_1_65' title="bbox 126 5280 1708 5350">
    <p class='ocr_par' dir='ltr' id='par_1_65' title="bbox 126 5280 1708 5350">
     <span class='ocr_line' id='line_1_65' title="bbox 126 5280 1708 5350; baseline -0.002 -15"><span class='ocrx_word' id='word_1_746' title='bbox 126 5280 649 5341; x_wconf 76' lang='lat' dir='ltr'><strong>Christianissimus,</strong></span> <span class='ocrx_word' id='word_1_747' title='bbox 696 5282 905 5350; x_wconf 87' lang='lat' dir='ltr'><strong>ingenio</strong></span> <span class='ocrx_word' id='word_1_748' title='bbox 951 5283 1202 5348; x_wconf 76' lang='lat' dir='ltr'><strong>prwditus</strong></span> <span class='ocrx_word' id='word_1_749' title='bbox 1240 5283 1307 5333; x_wconf 89' lang='lat' dir='ltr'><strong>ad</strong></span> <span class='ocrx_word' id='word_1_750' title='bbox 1357 5298 1535 5334; x_wconf 84' lang='lat' dir='ltr'><strong>rerum</strong></span> <span class='ocrx_word' id='word_1_751' title='bbox 1590 5280 1708 5349; x_wconf 86' lang='lat' dir='ltr'><strong>pul-</strong></span> 
     </span>
    </p>
   </div>
   <div class='ocr_carea' id='block_1_66' title="bbox 128 5352 1676 5421">
    <p class='ocr_par' dir='ltr' id='par_1_66' title="bbox 128 5352 1676 5421">
     <span class='ocr_line' id='line_1_66' title="bbox 128 5352 1676 5421; baseline 0.002 -20"><span class='ocrx_word' id='word_1_752' title='bbox 128 5354 367 5406; x_wconf 81' lang='lat' dir='ltr'><strong>chrarum</strong></span> <span class='ocrx_word' id='word_1_753' title='bbox 421 5352 824 5421; x_wconf 79' lang='lat' dir='ltr'><strong>perceptionem</strong></span> <span class='ocrx_word' id='word_1_754' title='bbox 866 5353 1189 5411; x_wconf 85' lang='lat' dir='ltr'><strong>acutissimo,</strong></span> <span class='ocrx_word' id='word_1_755' title='bbox 1233 5367 1292 5403; x_wconf 88' lang='lat' dir='ltr'><strong>ea</strong></span> <span class='ocrx_word' id='word_1_756' title='bbox 1326 5352 1545 5417; x_wconf 81' lang='lat' dir='ltr'><strong>denique</strong></span> <span class='ocrx_word' id='word_1_757' title='bbox 1569 5367 1676 5419; x_wconf 72' lang='lat' dir='ltr'><strong>pra!</strong></span> 
     </span>
    </p>
   </div>
   <div class='ocr_carea' id='block_1_67' title="bbox 128 5421 1704 5490">
    <p class='ocr_par' dir='ltr' id='par_1_67' title="bbox 128 5421 1704 5490">
     <span class='ocr_line' id='line_1_67' title="bbox 128 5421 1704 5490; baseline 0.001 -18"><span class='ocrx_word' id='word_1_758' title='bbox 128 5432 262 5476; x_wconf 73' lang='lat' dir='ltr'><strong>stans</strong></span> <span class='ocrx_word' id='word_1_759' title='bbox 318 5421 697 5490; x_wconf 81' lang='lat' dir='ltr'><strong>intelligentia</strong></span> <span class='ocrx_word' id='word_1_760' title='bbox 731 5460 743 5479; x_wconf 88' lang='lat'><strong>.</strong></span> <span class='ocrx_word' id='word_1_761' title='bbox 810 5429 865 5472; x_wconf 89' lang='lat' dir='ltr'><strong>ut</strong></span> <span class='ocrx_word' id='word_1_762' title='bbox 904 5422 1059 5489; x_wconf 82' lang='lat' dir='ltr'><strong>facile</strong></span> <span class='ocrx_word' id='word_1_763' title='bbox 1100 5422 1301 5489; x_wconf 78' lang='lat' dir='ltr'><strong>quiduis</strong></span> <span class='ocrx_word' id='word_1_764' title='bbox 1355 5424 1423 5474; x_wconf 89' lang='lat' dir='ltr'><strong>ad</strong></span> <span class='ocrx_word' id='word_1_765' title='bbox 1468 5422 1704 5489; x_wconf 75' lang='lat' dir='ltr'><strong>effectum</strong></span> 
     </span>
    </p>
   </div>
   <div class='ocr_carea' id='block_1_68' title="bbox 130 5490 1711 5559">
    <p class='ocr_par' dir='ltr' id='par_1_68' title="bbox 130 5490 1711 5559">
     <span class='ocr_line' id='line_1_68' title="bbox 130 5490 1711 5559; baseline 0.001 -17"><span class='ocrx_word' id='word_1_766' title='bbox 130 5496 481 5558; x_wconf 82' lang='lat' dir='ltr'><strong>perduceret,</strong></span> <span class='ocrx_word' id='word_1_767' title='bbox 551 5490 685 5559; x_wconf 77' lang='lat' dir='ltr'><strong>illud</strong></span> <span class='ocrx_word' id='word_1_768' title='bbox 748 5507 916 5559; x_wconf 78' lang='lat' dir='ltr'><strong>primo</strong></span> <span class='ocrx_word' id='word_1_769' title='bbox 967 5490 1077 5558; x_wconf 77' lang='lat' dir='ltr'><strong>fore</strong></span> <span class='ocrx_word' id='word_1_770' title='bbox 1134 5494 1383 5558; x_wconf 85' lang='lat' dir='ltr'><strong>optimum</strong></span> <span class='ocrx_word' id='word_1_771' title='bbox 1440 5502 1513 5544; x_wconf 88' lang='lat' dir='ltr'><strong>est</strong></span> <span class='ocrx_word' id='word_1_772' title='bbox 1566 5500 1711 5543; x_wconf 64' lang='lat' dir='ltr'><strong>ratus</strong></span> 
     </span>
    </p>
   </div>
   <div class='ocr_carea' id='block_1_69' title="bbox 129 5561 1708 5632">
    <p class='ocr_par' dir='ltr' id='par_1_69' title="bbox 129 5561 1708 5632">
     <span class='ocr_line' id='line_1_69' title="bbox 129 5561 1708 5632; baseline 0.001 -21"><span class='ocrx_word' id='word_1_773' title='bbox 129 5572 172 5612; x_wconf 78' lang='lat' dir='ltr'><strong>rt</strong></span> <span class='ocrx_word' id='word_1_774' title='bbox 204 5564 360 5632; x_wconf 67' lang='lat' dir='ltr'><strong>uulgo</strong></span> <span class='ocrx_word' id='word_1_775' title='bbox 410 5561 678 5632; x_wconf 78' lang='lat' dir='ltr'><strong>omnibus</strong></span> <span class='ocrx_word' id='word_1_776' title='bbox 722 5561 882 5632; x_wconf 82' lang='lat' dir='ltr'><strong>utile,</strong></span> <span class='ocrx_word' id='word_1_777' title='bbox 934 5568 985 5613; x_wconf 84' lang='lat' dir='ltr'><strong>ut</strong></span> <span class='ocrx_word' id='word_1_778' title='bbox 1040 5562 1195 5614; x_wconf 88' lang='lat' dir='ltr'><strong>libros</strong></span> <span class='ocrx_word' id='word_1_779' title='bbox 1252 5563 1480 5628; x_wconf 81' lang='lat' dir='ltr'><strong>undique</strong></span> <span class='ocrx_word' id='word_1_780' title='bbox 1510 5578 1571 5614; x_wconf 70' lang='lat' dir='ltr'><strong>ex</strong></span> <span class='ocrx_word' id='word_1_781' title='bbox 1595 5578 1708 5613; x_wconf 86' lang='lat' dir='ltr'><strong>om-</strong></span> 
     </span>
    </p>
   </div>
   <div class='ocr_carea' id='block_1_70' title="bbox 132 5630 1709 5700">
    <p class='ocr_par' dir='ltr' id='par_1_70' title="bbox 132 5630 1709 5700">
     <span class='ocr_line' id='line_1_70' title="bbox 132 5630 1709 5700; baseline 0.001 -19"><span class='ocrx_word' id='word_1_782' title='bbox 132 5635 266 5686; x_wconf 84' lang='lat' dir='ltr'><strong>nibus</strong></span> <span class='ocrx_word' id='word_1_783' title='bbox 293 5630 460 5686; x_wconf 43' lang='lat' dir='ltr'><strong>&#39;orbis</strong></span> <span class='ocrx_word' id='word_1_784' title='bbox 509 5630 773 5699; x_wconf 80' lang='lat' dir='ltr'><strong>partibus,</strong></span> <span class='ocrx_word' id='word_1_785' title='bbox 811 5631 1050 5683; x_wconf 85' lang='lat' dir='ltr'><strong>doctrina</strong></span> <span class='ocrx_word' id='word_1_786' title='bbox 1094 5633 1244 5684; x_wconf 86' lang='lat' dir='ltr'><strong>varia</strong></span> <span class='ocrx_word' id='word_1_787' title='bbox 1296 5632 1536 5700; x_wconf 77' lang='lat' dir='ltr'><strong>refertos,</strong></span> <span class='ocrx_word' id='word_1_788' title='bbox 1589 5648 1709 5683; x_wconf 83' lang='lat' dir='ltr'><strong>ron-</strong></span> 
     </span>
    </p>
   </div>
   <div class='ocr_carea' id='block_1_71' title="bbox 131 5700 1711 5771">
    <p class='ocr_par' dir='ltr' id='par_1_71' title="bbox 131 5700 1711 5771">
     <span class='ocr_line' id='line_1_71' title="bbox 131 5700 1711 5771; baseline 0.002 -20"><span class='ocrx_word' id='word_1_789' title='bbox 131 5705 373 5758; x_wconf 66' lang='lat' dir='ltr'><strong>qm‘reret.</strong></span> <span class='ocrx_word' id='word_1_790' title='bbox 413 5700 623 5771; x_wconf 82' lang='lat' dir='ltr'><strong>deinde</strong></span> <span class='ocrx_word' id='word_1_791' title='bbox 652 5709 851 5753; x_wconf 85' lang='lat' dir='ltr'><strong>vastam</strong></span> <span class='ocrx_word' id='word_1_792' title='bbox 879 5700 1028 5753; x_wconf 69' lang='lat' dir='ltr'><strong>illam</strong></span> <span class='ocrx_word' id='word_1_793' title='bbox 1060 5702 1307 5754; x_wconf 88' lang='lat' dir='ltr'><strong>librorum</strong></span> <span class='ocrx_word' id='word_1_794' title='bbox 1342 5705 1549 5763; x_wconf 77' lang='lat' dir='ltr'><strong>molem,</strong></span> <span class='ocrx_word' id='word_1_795' title='bbox 1596 5718 1711 5771; x_wconf 82' lang='lat' dir='ltr'><strong>qua:</strong></span> 
     </span>
    </p>
   </div>
   <div class='ocr_carea' id='block_1_72' title="bbox 135 5770 1709 5841">
    <p class='ocr_par' dir='ltr' id='par_1_72' title="bbox 135 5770 1709 5841">
     <span class='ocr_line' id='line_1_72' title="bbox 135 5770 1709 5841; baseline -0.001 -17"><span class='ocrx_word' id='word_1_796' title='bbox 135 5771 336 5827; x_wconf 78' lang='lat' dir='ltr'><strong>lertores</strong></span> <span class='ocrx_word' id='word_1_797' title='bbox 372 5770 669 5841; x_wconf 80' lang='lat' dir='ltr'><strong>enecabat.</strong></span> <span class='ocrx_word' id='word_1_798' title='bbox 707 5786 864 5841; x_wconf 81' lang='lat' dir='ltr'><strong>quam</strong></span> <span class='ocrx_word' id='word_1_799' title='bbox 893 5773 1180 5839; x_wconf 73' lang='lat' dir='ltr'><strong>pra-sertim</strong></span> <span class='ocrx_word' id='word_1_800' title='bbox 1208 5771 1426 5825; x_wconf 81' lang='lat' dir='ltr'><strong>molesta</strong></span> <span class='ocrx_word' id='word_1_801' title='bbox 1449 5773 1709 5841; x_wconf 74' lang='lat' dir='ltr'><strong>plerisque</strong></span> 
     </span>
    </p>
   </div>
   <div class='ocr_carea' id='block_1_73' title="bbox 135 5839 1709 5911">
    <p class='ocr_par' dir='ltr' id='par_1_73' title="bbox 135 5839 1709 5911">
     <span class='ocr_line' id='line_1_73' title="bbox 135 5839 1709 5911; baseline 0.001 -18"><span class='ocrx_word' id='word_1_802' title='bbox 135 5845 359 5899; x_wconf 64' lang='lat' dir='ltr'><strong>omnibus</strong></span> <span class='ocrx_word' id='word_1_803' title='bbox 414 5852 468 5894; x_wconf 87' lang='lat' dir='ltr'><strong>et</strong></span> <span class='ocrx_word' id='word_1_804' title='bbox 523 5839 675 5894; x_wconf 81' lang='lat' dir='ltr'><strong>ta&#39;dii</strong></span> <span class='ocrx_word' id='word_1_805' title='bbox 722 5839 876 5893; x_wconf 79' lang='lat' dir='ltr'><strong>ulena</strong></span> <span class='ocrx_word' id='word_1_806' title='bbox 918 5858 975 5893; x_wconf 83' lang='lat' dir='ltr'><strong>ea</strong></span> <span class='ocrx_word' id='word_1_807' title='bbox 1016 5858 1093 5895; x_wconf 80' lang='lat' dir='ltr'><strong>rcs</strong></span> <span class='ocrx_word' id='word_1_808' title='bbox 1133 5843 1412 5906; x_wconf 79' lang='lat' dir='ltr'><strong>rideretur,</strong></span> <span class='ocrx_word' id='word_1_809' title='bbox 1451 5845 1500 5895; x_wconf 83' lang='lat' dir='ltr'><strong>in</strong></span> <span class='ocrx_word' id='word_1_810' title='bbox 1538 5839 1709 5911; x_wconf 82' lang='lat' dir='ltr'><strong>partes</strong></span> 
     </span>
    </p>
   </div>
   <div class='ocr_carea' id='block_1_74' title="bbox 1819 4865 3383 4922">
    <p class='ocr_par' dir='ltr' id='par_1_74' title="bbox 1819 4865 3383 4922">
     <span class='ocr_line' id='line_1_74' title="bbox 1819 4865 3383 4922; baseline 0.003 -5"><span class='ocrx_word' id='word_1_811' title='bbox 1819 4867 2049 4917; x_wconf 88' lang='lat' dir='ltr'><strong>tentione</strong></span> <span class='ocrx_word' id='word_1_812' title='bbox 2091 4874 2139 4916; x_wconf 87' lang='lat' dir='ltr'><strong>et</strong></span> <span class='ocrx_word' id='word_1_813' title='bbox 2193 4865 2501 4917; x_wconf 83' lang='lat' dir='ltr'><strong>assiduitate</strong></span> <span class='ocrx_word' id='word_1_814' title='bbox 2548 4865 2753 4918; x_wconf 84' lang='lat' dir='ltr'><strong>lectioni</strong></span> <span class='ocrx_word' id='word_1_815' title='bbox 2796 4868 3094 4919; x_wconf 86' lang='lat' dir='ltr'><strong>incumbere</strong></span> <span class='ocrx_word' id='word_1_816' title='bbox 3163 4868 3383 4922; x_wconf 81' lang='lat' dir='ltr'><strong>studiosi</strong></span> 
     </span>
    </p>
   </div>
   <div class='ocr_carea' id='block_1_75' title="bbox 1818 4935 3379 5004">
    <p class='ocr_par' dir='ltr' id='par_1_75' title="bbox 1818 4935 3379 5004">
     <span class='ocr_line' id='line_1_75' title="bbox 1818 4935 3379 5004; baseline 0.005 -19"><span class='ocrx_word' id='word_1_817' title='bbox 1818 4945 2013 5004; x_wconf 80' lang='lat' dir='ltr'><strong>queant</strong></span> <span class='ocrx_word' id='word_1_818' title='bbox 2042 4975 2055 4993; x_wconf 82' lang='lat'><strong>,</strong></span> <span class='ocrx_word' id='word_1_819' title='bbox 2099 4942 2146 4985; x_wconf 92' lang='lat' dir='ltr'><strong>et</strong></span> <span class='ocrx_word' id='word_1_820' title='bbox 2211 4937 2465 4986; x_wconf 87' lang='lat' dir='ltr'><strong>sermonis</strong></span> <span class='ocrx_word' id='word_1_821' title='bbox 2513 4935 2818 5004; x_wconf 76' lang='lat' dir='ltr'><strong>facundiam</strong></span> <span class='ocrx_word' id='word_1_822' title='bbox 2870 4936 3029 4989; x_wconf 87' lang='lat' dir='ltr'><strong>altius</strong></span> <span class='ocrx_word' id='word_1_823' title='bbox 3060 4954 3123 4989; x_wconf 91' lang='lat' dir='ltr'><strong>ac</strong></span> <span class='ocrx_word' id='word_1_824' title='bbox 3153 4939 3379 5004; x_wconf 72' lang='lat' dir='ltr'><strong>panicias</strong></span> 
     </span>
    </p>
   </div>
   <div class='ocr_carea' id='block_1_76' title="bbox 1819 5004 3378 5076">
    <p class='ocr_par' dir='ltr' id='par_1_76' title="bbox 1819 5004 3378 5076">
     <span class='ocr_line' id='line_1_76' title="bbox 1819 5004 3378 5076; baseline 0.003 -19"><span class='ocrx_word' id='word_1_825' title='bbox 1819 5006 1996 5057; x_wconf 88' lang='lat' dir='ltr'><strong>animo</strong></span> <span class='ocrx_word' id='word_1_826' title='bbox 2022 5004 2342 5069; x_wconf 79' lang='lat' dir='ltr'><strong>imprimere.</strong></span> <span class='ocrx_word' id='word_1_827' title='bbox 2384 5005 2494 5057; x_wconf 83' lang='lat' dir='ltr'><strong>Hoc</strong></span> <span class='ocrx_word' id='word_1_828' title='bbox 2524 5005 2752 5073; x_wconf 83' lang='lat' dir='ltr'><strong>amplius</strong></span> <span class='ocrx_word' id='word_1_829' title='bbox 2778 5007 3064 5073; x_wconf 86' lang='lat' dir='ltr'><strong>imperator</strong></span> <span class='ocrx_word' id='word_1_830' title='bbox 3097 5024 3308 5076; x_wconf 84' lang='lat' dir='ltr'><strong>magno,</strong></span> <span class='ocrx_word' id='word_1_831' title='bbox 3334 5021 3378 5061; x_wconf 90' lang='lat' dir='ltr'><strong>et</strong></span> 
     </span>
    </p>
   </div>
   <div class='ocr_carea' id='block_1_77' title="bbox 1818 5076 3380 5143">
    <p class='ocr_par' dir='ltr' id='par_1_77' title="bbox 1818 5076 3380 5143">
     <span class='ocr_line' id='line_1_77' title="bbox 1818 5076 3380 5143; baseline 0.001 -17"><span class='ocrx_word' id='word_1_832' title='bbox 1818 5076 1957 5143; x_wconf 80' lang='lat' dir='ltr'><strong>felici</strong></span> <span class='ocrx_word' id='word_1_833' title='bbox 2005 5082 2196 5126; x_wconf 88' lang='lat' dir='ltr'><strong>conatu</strong></span> <span class='ocrx_word' id='word_1_834' title='bbox 2254 5089 2382 5140; x_wconf 82' lang='lat' dir='ltr'><strong>Opus</strong></span> <span class='ocrx_word' id='word_1_835' title='bbox 2432 5076 2729 5127; x_wconf 77' lang='lat' dir='ltr'><strong>universum</strong></span> <span class='ocrx_word' id='word_1_836' title='bbox 2773 5077 2825 5126; x_wconf 86' lang='lat' dir='ltr'><strong>in</strong></span> <span class='ocrx_word' id='word_1_837' title='bbox 2862 5076 3147 5137; x_wconf 64' lang='grc' dir='ltr'><strong>ὑποθέσεις</strong></span> <span class='ocrx_word' id='word_1_838' title='bbox 3200 5078 3380 5141; x_wconf 70' lang='grc' dir='ltr'><strong>διαφό-</strong></span> 
     </span>
    </p>
   </div>
   <div class='ocr_carea' id='block_1_78' title="bbox 1819 5144 3378 5215">
    <p class='ocr_par' dir='ltr' id='par_1_78' title="bbox 1819 5144 3378 5215">
     <span class='ocr_line' id='line_1_78' title="bbox 1819 5144 3378 5215; baseline 0.004 -20"><span class='ocrx_word' id='word_1_839' title='bbox 1819 5161 1962 5212; x_wconf 74' lang='grc' dir='ltr'>ρουε,</span> <span class='ocrx_word' id='word_1_840' title='bbox 1994 5153 2253 5215; x_wconf 81' lang='lat' dir='ltr'><strong>tractatus</strong></span> <span class='ocrx_word' id='word_1_841' title='bbox 2282 5144 2361 5194; x_wconf 78' lang='lat' dir='ltr'><strong>tli\</strong></span> <span class='ocrx_word' id='word_1_842' title='bbox 2375 5161 2529 5197; x_wconf 82' lang='lat' dir='ltr'><strong>crsos</strong></span> <span class='ocrx_word' id='word_1_843' title='bbox 2553 5161 2766 5197; x_wconf 73' lang='lat' dir='ltr'><strong>numero</strong></span> <span class='ocrx_word' id='word_1_844' title='bbox 2788 5154 2899 5196; x_wconf 79' lang='lat' dir='ltr'><strong>tres</strong></span> <span class='ocrx_word' id='word_1_845' title='bbox 2914 5156 2970 5198; x_wconf 82' lang='lat' dir='ltr'><strong>et</strong></span> <span class='ocrx_word' id='word_1_846' title='bbox 2985 5147 3378 5215; x_wconf 84' lang='lat' dir='ltr'><strong>quinquaginta</strong></span> 
     </span>
    </p>
   </div>
   <div class='ocr_carea' id='block_1_79' title="bbox 1816 5213 3378 5287">
    <p class='ocr_par' dir='ltr' id='par_1_79' title="bbox 1816 5213 3378 5287">
     <span class='ocr_line' id='line_1_79' title="bbox 1816 5213 3378 5287; baseline 0.002 -22"><span class='ocrx_word' id='word_1_847' title='bbox 1816 5215 2033 5287; x_wconf 75' lang='lat' dir='ltr'><strong>censuit</strong></span> <span class='ocrx_word' id='word_1_848' title='bbox 2069 5213 2540 5287; x_wconf 72' lang='lat' dir='ltr'><strong>drstribuendum_,_</strong></span> <span class='ocrx_word' id='word_1_849' title='bbox 2570 5216 2620 5266; x_wconf 87' lang='lat' dir='ltr'><strong>in</strong></span> <span class='ocrx_word' id='word_1_850' title='bbox 2669 5216 2854 5287; x_wconf 71' lang='lat' dir='ltr'><strong>quibus</strong></span> <span class='ocrx_word' id='word_1_851' title='bbox 2901 5215 3087 5287; x_wconf 70' lang='grc' dir='ltr'>ἅπασα</span> <span class='ocrx_word' id='word_1_852' title='bbox 3135 5213 3378 5287; x_wconf 73' lang='grc' dir='ltr'>ἱστορικὴ</span> 
     </span>
    </p>
   </div>
   <div class='ocr_carea' id='block_1_80' title="bbox 1820 5283 3375 5351">
    <p class='ocr_par' dir='ltr' id='par_1_80' title="bbox 1820 5283 3375 5351">
     <span class='ocr_line' id='line_1_80' title="bbox 1820 5283 3375 5351; baseline 0 -18"><span class='ocrx_word' id='word_1_853' title='bbox 1820 5283 2189 5350; x_wconf 75' lang='grc' dir='ltr'><strong>μεγαλουργία</strong></span> <span class='ocrx_word' id='word_1_854' title='bbox 2221 5323 2234 5344; x_wconf 93' lang='grc'><strong>,</strong></span> <span class='ocrx_word' id='word_1_855' title='bbox 2287 5283 2540 5351; x_wconf 82' lang='lat' dir='ltr'><strong>quidquid</strong></span> <span class='ocrx_word' id='word_1_856' title='bbox 2578 5284 2917 5350; x_wconf 72' lang='lat' dir='ltr'><strong>magniﬁcum</strong></span> <span class='ocrx_word' id='word_1_857' title='bbox 2950 5286 3100 5337; x_wconf 80' lang='lat' dir='ltr'><strong>habet</strong></span> <span class='ocrx_word' id='word_1_858' title='bbox 3133 5283 3375 5347; x_wconf 50' lang='lat' dir='ltr'><strong>historia;</strong></span> 
     </span>
    </p>
   </div>
   <div class='ocr_carea' id='block_1_81' title="bbox 1813 5353 3380 5422">
    <p class='ocr_par' dir='ltr' id='par_1_81' title="bbox 1813 5353 3380 5422">
     <span class='ocr_line' id='line_1_81' title="bbox 1813 5353 3380 5422; baseline 0 -17"><span class='ocrx_word' id='word_1_859' title='bbox 1813 5353 2073 5406; x_wconf 84' lang='lat' dir='ltr'><strong>inclusum</strong></span> <span class='ocrx_word' id='word_1_860' title='bbox 2103 5355 2419 5413; x_wconf 81' lang='lat' dir='ltr'><strong>continetur,</strong></span> <span class='ocrx_word' id='word_1_861' title='bbox 2457 5369 2621 5418; x_wconf 85' lang='lat' dir='ltr'><strong>neque</strong></span> <span class='ocrx_word' id='word_1_862' title='bbox 2657 5356 2786 5406; x_wconf 77' lang='lat' dir='ltr'><strong>inest</strong></span> <span class='ocrx_word' id='word_1_863' title='bbox 2816 5354 3105 5422; x_wconf 82' lang='lat' dir='ltr'><strong>quidquam</strong></span> <span class='ocrx_word' id='word_1_864' title='bbox 3150 5357 3380 5409; x_wconf 80' lang='lat' dir='ltr'><strong>historia.-</strong></span> 
     </span>
    </p>
   </div>
   <div class='ocr_carea' id='block_1_82' title="bbox 1816 5424 3377 5491">
    <p class='ocr_par' dir='ltr' id='par_1_82' title="bbox 1816 5424 3377 5491">
     <span class='ocr_line' id='line_1_82' title="bbox 1816 5424 3377 5491; baseline 0.004 -17"><span class='ocrx_word' id='word_1_865' title='bbox 1816 5424 2091 5483; x_wconf 82' lang='lat' dir='ltr'><strong>insertum,</strong></span> <span class='ocrx_word' id='word_1_866' title='bbox 2144 5424 2281 5491; x_wconf 89' lang='lat' dir='ltr'><strong>quod</strong></span> <span class='ocrx_word' id='word_1_867' title='bbox 2327 5424 2665 5491; x_wconf 84' lang='lat' dir='ltr'><strong>partitionem</strong></span> <span class='ocrx_word' id='word_1_868' title='bbox 2695 5425 2829 5475; x_wconf 82' lang='lat' dir='ltr'><strong>Itum:</strong></span> <span class='ocrx_word' id='word_1_869' title='bbox 2864 5426 2916 5475; x_wconf 87' lang='lat' dir='ltr'><strong>in</strong></span> <span class='ocrx_word' id='word_1_870' title='bbox 2948 5430 3097 5477; x_wconf 81' lang='lat' dir='ltr'><strong>hosce</strong></span> <span class='ocrx_word' id='word_1_871' title='bbox 3122 5435 3377 5480; x_wconf 73' lang='lat' dir='ltr'><strong>tractatus</strong></span> 
     </span>
    </p>
   </div>
   <div class='ocr_carea' id='block_1_83' title="bbox 1814 5492 3378 5562">
    <p class='ocr_par' dir='ltr' id='par_1_83' title="bbox 1814 5492 3378 5562">
     <span class='ocr_line' id='line_1_83' title="bbox 1814 5492 3378 5562; baseline 0.003 -17"><span class='ocrx_word' id='word_1_872' title='bbox 1814 5494 2067 5562; x_wconf 75' lang='lat' dir='ltr'><strong>eﬂ&#39;ugerit.</strong></span> <span class='ocrx_word' id='word_1_873' title='bbox 2126 5492 2303 5561; x_wconf 74' lang='lat' dir='ltr'><strong>Neque</strong></span> <span class='ocrx_word' id='word_1_874' title='bbox 2349 5509 2467 5545; x_wconf 84' lang='lat' dir='ltr'><strong>vero</strong></span> <span class='ocrx_word' id='word_1_875' title='bbox 2521 5493 2580 5544; x_wconf 82' lang='lat' dir='ltr'><strong>ob</strong></span> <span class='ocrx_word' id='word_1_876' title='bbox 2632 5493 2936 5546; x_wconf 85' lang='lat' dir='ltr'><strong>divisionem</strong></span> <span class='ocrx_word' id='word_1_877' title='bbox 2994 5496 3378 5549; x_wconf 64' lang='lat' dir='ltr'><strong>sententiarum</strong></span> 
     </span>
    </p>
   </div>
   <div class='ocr_carea' id='block_1_84' title="bbox 1811 5562 3379 5632">
    <p class='ocr_par' dir='ltr' id='par_1_84' title="bbox 1811 5562 3379 5632">
     <span class='ocr_line' id='line_1_84' title="bbox 1811 5562 3379 5632; baseline 0.001 -17"><span class='ocrx_word' id='word_1_878' title='bbox 1811 5565 1969 5615; x_wconf 65' lang='lat' dir='ltr'><strong>series</strong></span> <span class='ocrx_word' id='word_1_879' title='bbox 2021 5565 2189 5631; x_wconf 77' lang='lat' dir='ltr'><strong>operis</strong></span> <span class='ocrx_word' id='word_1_880' title='bbox 2236 5563 2390 5614; x_wconf 88' lang='lat' dir='ltr'><strong>totius</strong></span> <span class='ocrx_word' id='word_1_881' title='bbox 2441 5562 2549 5615; x_wconf 80' lang='lat' dir='ltr'><strong>ulla</strong></span> <span class='ocrx_word' id='word_1_882' title='bbox 2593 5564 2743 5615; x_wconf 86' lang='lat' dir='ltr'><strong>modo</strong></span> <span class='ocrx_word' id='word_1_883' title='bbox 2796 5565 3173 5632; x_wconf 87' lang='lat' dir='ltr'><strong>corrumpitur,</strong></span> <span class='ocrx_word' id='word_1_884' title='bbox 3199 5582 3379 5620; x_wconf 83' lang='lat' dir='ltr'><strong>verum</strong></span> 
     </span>
    </p>
   </div>
   <div class='ocr_carea' id='block_1_85' title="bbox 1811 5632 3379 5703">
    <p class='ocr_par' dir='ltr' id='par_1_85' title="bbox 1811 5632 3379 5703">
     <span class='ocr_line' id='line_1_85' title="bbox 1811 5632 3379 5703; baseline 0.001 -17"><span class='ocrx_word' id='word_1_885' title='bbox 1811 5642 1980 5686; x_wconf 72' lang='lat' dir='ltr'><strong>servat</strong></span> <span class='ocrx_word' id='word_1_886' title='bbox 2010 5635 2120 5685; x_wconf 74' lang='lat' dir='ltr'><strong>ItaJc</strong></span> <span class='ocrx_word' id='word_1_887' title='bbox 2162 5635 2419 5703; x_wconf 80' lang='lat' dir='ltr'><strong>synOpsis,</strong></span> <span class='ocrx_word' id='word_1_888' title='bbox 2445 5632 2543 5691; x_wconf 84' lang='lat' dir='ltr'><strong>vel,</strong></span> <span class='ocrx_word' id='word_1_889' title='bbox 2571 5642 2625 5685; x_wconf 93' lang='lat' dir='ltr'><strong>ut</strong></span> <span class='ocrx_word' id='word_1_890' title='bbox 2656 5634 2825 5685; x_wconf 80' lang='lat' dir='ltr'><strong>verius</strong></span> <span class='ocrx_word' id='word_1_891' title='bbox 2857 5634 3171 5687; x_wconf 75' lang='lat' dir='ltr'><strong>dicamJta&#39;c</strong></span> <span class='ocrx_word' id='word_1_892' title='bbox 3203 5651 3379 5688; x_wconf 86' lang='lat' dir='ltr'><strong>rerum</strong></span> 
     </span>
    </p>
   </div>
   <div class='ocr_carea' id='block_1_86' title="bbox 1810 5703 3380 5773">
    <p class='ocr_par' dir='ltr' id='par_1_86' title="bbox 1810 5703 3380 5773">
     <span class='ocr_line' id='line_1_86' title="bbox 1810 5703 3380 5773; baseline 0.001 -18"><span class='ocrx_word' id='word_1_893' title='bbox 1810 5711 2159 5770; x_wconf 82' lang='lat' dir='ltr'><strong>cognatarum</strong></span> <span class='ocrx_word' id='word_1_894' title='bbox 2200 5703 2595 5755; x_wconf 71' lang='grc' dir='ltr'>οἱκείωσιεδὶυε</span> <span class='ocrx_word' id='word_1_895' title='bbox 2627 5705 2882 5755; x_wconf 85' lang='lat' dir='ltr'><strong>adunatio</strong></span> <span class='ocrx_word' id='word_1_896' title='bbox 2912 5705 2964 5755; x_wconf 92' lang='lat' dir='ltr'><strong>in</strong></span> <span class='ocrx_word' id='word_1_897' title='bbox 2995 5704 3216 5773; x_wconf 82' lang='lat' dir='ltr'><strong>singulis</strong></span> <span class='ocrx_word' id='word_1_898' title='bbox 3256 5722 3380 5771; x_wconf 86' lang='lat' dir='ltr'><strong>par-</strong></span> 
     </span>
    </p>
   </div>
   <div class='ocr_carea' id='block_1_87' title="bbox 1810 5774 3362 5842">
    <p class='ocr_par' dir='ltr' id='par_1_87' title="bbox 1810 5774 3362 5842">
     <span class='ocr_line' id='line_1_87' title="bbox 1810 5774 3362 5842; baseline 0.001 -18"><span class='ocrx_word' id='word_1_899' title='bbox 1810 5776 1943 5825; x_wconf 85' lang='lat' dir='ltr'><strong>tibus</strong></span> <span class='ocrx_word' id='word_1_900' title='bbox 1969 5774 2343 5825; x_wconf 82' lang='lat' dir='ltr'><strong>concinnandis</strong></span> <span class='ocrx_word' id='word_1_901' title='bbox 2369 5774 2647 5842; x_wconf 80' lang='lat' dir='ltr'><strong>unicuique</strong></span> <span class='ocrx_word' id='word_1_902' title='bbox 2701 5774 2951 5825; x_wconf 72' lang='lat' dir='ltr'><strong>tractatui</strong></span> <span class='ocrx_word' id='word_1_903' title='bbox 2973 5776 3362 5828; x_wconf 76' lang='lat' dir='ltr'><strong>conuenientem</strong></span> 
     </span>
    </p>
   </div>
   <div class='ocr_carea' id='block_1_88' title="bbox 1814 5844 2091 5895">
    <p class='ocr_par' dir='ltr' id='par_1_88' title="bbox 1814 5844 2091 5895">
     <span class='ocr_line' id='line_1_88' title="bbox 1814 5844 2091 5895; baseline 0.004 -1"><span class='ocrx_word' id='word_1_904' title='bbox 1814 5844 2067 5895; x_wconf 77' lang='lat' dir='ltr'><strong>rationem</strong></span> <span class='ocrx_word' id='word_1_905' title='bbox 2080 5882 2091 5895; x_wconf 94' lang='lat'><strong>.</strong></span> 
     </span>
    </p>
   </div>
  </div>
