4156 6440
765 411 836 471 23
2000 412 2211 470 JOAN.
2249 412 2412 469 ALB.
2452 411 2787 469 FABRICII
3942 417 4013 477 ξι

767 525 1016 593 ῥήτορος.
1067 525 1151 589 ιγ’.
1204 525 1423 593 Μάλχου
1459 524 1735 591 σοφιστοῦ.
1775 524 1853 588 ιδ’,
1906 525 2219 594 Μενάνδρου
2262 524 2644 594 προτίκτορος.
2694 531 2776 585 ιε’,
2812 522 3193 592 Θιοφυὶάκτου
3258 523 3365 574 ἀπὸ
3407 524 3663 593 ἐπάρχων
3715 526 3809 578 καὶ
3864 529 4011 579 αντι-

763 613 1019 682 γραφέως
1071 612 1164 663 τοῦ
1204 612 1563 679 Σιμοκὰττου.

836 699 1004 753 Tituli
1040 699 1106 751 de
1155 698 1453 753 virtutibus
1481 708 1535 751 et
1575 700 1744 761 vitiis.
1788 717 1881 770 qui
1921 702 1974 753 in
2012 710 2125 755 toto
2149 716 2316 771 opere
2339 701 2443 755 iuit
2465 701 2979 771 quinquagesimus.
3017 700 3259 767 priorem
3288 710 3501 770 partem
3526 716 3592 754 ex
3625 701 3805 755 insula
3828 700 4011 772 Cypro

761 796 956 839 nactus
994 785 1111 839 Nic.
1168 786 1450 839 Fabricius
1505 786 1813 841 Peirescius
1862 788 2290 841 communicavit
2323 803 2448 842 cum
2485 789 2721 843 Henrico
2752 787 2986 849 Valesio,
3027 789 3119 856 qui
3147 803 3212 842 ex
3247 804 3332 851 ea,
3364 804 3484 856 qua:
3506 788 3668 858 digna
3691 788 3813 844 lucc
3851 790 4010 844 video

762 876 980 935 bantur,
1014 874 1209 942 selegit
1242 885 1447 927 etcum
1475 875 1729 929 versione
1750 891 1847 929 sua
1884 877 2135 943 notisque
2162 875 2499 930 doctissimis
2522 885 2573 928 et
2603 875 2922 944 fragmentis
2950 874 3180 944 Polybii,
3214 874 3329 928 Nic.
3355 874 3671 928 Damasceni
3704 884 3761 929 et
3794 876 4006 937 bonis.

758 960 1020 1029 singulari
1050 962 1233 1014 studio
1260 977 1287 1013 a
1319 961 1654 1025 secollectis,
1685 963 1926 1031 vulgavit
1949 964 2117 1016 Paris.
2150 963 2298 1017 1654.
2332 964 2385 1017 4.
2410 961 2465 1016 In
2492 963 2579 1016 his
2601 963 2895 1031 excerptis.
2934 977 3059 1031 qua
3082 964 3246 1031 vulgo
3272 963 3619 1031 appellantur
3638 964 4007 1022 Peiresciana.

758 1048 1014 1115 leguntur
1047 1051 1247 1102 selecta
1277 1048 1394 1103 loca
1428 1065 1494 1103 ex
1524 1050 1747 1119 Polybio
1776 1066 1893 1119 pag.
1927 1050 2093 1105 9-l97
2117 1069 2130 1113 -,
2154 1067 2182 1102 ο
2208 1051 2447 1104 Diodoro
2480 1047 2665 1105 Siculo
2696 1066 2816 1119 pag.
2836 1050 3081 1105 22I-l13
3101 1066 3116 1114 ;
3138 1065 3203 1103 es
3238 1050 3463 1104 Nicolao
3501 1050 3857 1111 Dam'asceno,
3880 1052 4012 1119 περὶ

757 1134 852 1184 τοῦ
886 1136 1015 1187 ἰδίου
1040 1135 1156 1204 βίου
1185 1137 1280 1187 καὶ
1302 1135 1400 1206 τῆς
1440 1137 1633 1188 ἑαυτοῦ
1665 1138 1938 1205 διαγωγῆς
1972 1155 2091 1207 pag.
2136 1139 2398 1193 414489.

2373 1154 2411 1204 ’ς
2447 1155 2514 1193 cx
2564 1138 2825 1208 Dionysio
2874 1137 3290 1191 llalicarnasseo
3334 1152 3457 1206 pag.
3498 1137 3765 1200 5&9-545;
3802 1152 3867 1190 ex
3899 1138 4014 1207 Ap-

760 1223 924 1291 piano
956 1240 1077 1294 pag.
1105 1226 1367 1287 465-567;
1407 1243 1470 1279 ex
1521 1226 1688 1279 Dione
1711 1225 1901 1279 Cassio
1943 1243 2063 1295 pag.
2119 1226 2396 1290 569-769;
2450 1242 2515 1280 es
2565 1226 2773 1280 Joanne
2820 1223 3189 1287 Antiocheno,
3246 1225 3539 1288 monacho,
3574 1240 3697 1296 pag.
3738 1224 4008 1280 778.855.

757 1309 1023 1379 Excerpta
1081 1316 1377 1379 ceteroqui
1429 1322 1548 1365 erat
1592 1314 1707 1367 haec
1769 1315 2225 1369 cullectaneorum
2258 1331 2384 1384 pars
2418 1331 2485 1368 ex
2521 1314 2885 1383 scriptoribus
2913 1312 3354 1381 quatuordecim,
3379 1313 3473 1381 qui
3508 1328 3629 1383 pag.
3658 1314 3689 1366 5
3726 1328 3844 1383 seq.
3896 1312 4010 1367 hoc

758 1396 952 1451 ordine
980 1408 1366 1452 recensentur:
1398 1400 1520 1451 Εἰσὶ
1549 1399 1605 1452 δὲ
1637 1402 1700 1452 ἐκ
1731 1401 1837 1452 τῶν
1880 1401 2330 1469 ὑποτεταγμένων
2364 1420 2394 1469 χ

2369 1400 2652 1469 χρονικῶν,
2686 1404 2755 1457 α’.
2802 1400 3066 1467 Ἰωσήπου
3129 1401 3602 1468 Ἀρχαιολοτίας,
3638 1398 3702 1467 β’,
3732 1400 4010 1468 Γεωργίου

761 1484 997 1553 μοναχοῦ
1066 1485 1137 1551 γ’,
1185 1487 1427 1540 Ἰωάννου
1458 1486 1553 1540 τοῦ
1592 1488 1821 1557 ἐπίκλην
1870 1490 2089 1541 Μαλέλα
2148 1487 2460 1557 χρονικῆς,
2511 1488 2574 1552 δ’,
2631 1487 2881 1540 Ἰωάννου
2935 1488 3254 1554 Ἀντιοχέως
3338 1486 3627 1554 χρυνικῆς
3686 1486 4007 1553 Ἱστορίας,

758 1571 821 1635 ι’,
855 1572 1118 1641 Διοδώρου
1151 1574 1471 1627 Σικελιώτου
1511 1577 1844 1641 Καθολικῆς
1876 1579 2164 1642 Ιστυρίας.
2189 1585 2264 1641 ς’,
2322 1575 2589 1629 Νικολάου
2613 1574 2979 1642 Δαμασκηνοῦ
3014 1573 3354 1639 Καθολικῆς
3424 1579 3691 1640 ἱστορίας
3721 1573 3785 1636 ζ’,
3836 1572 4007 1642 'llpo-

758 1658 912 1711 δότου
978 1659 1435 1728 Ἀλικαρ-ιησέως.
1496 1670 1567 1729 η’,
1599 1662 1942 1715 Θουκυδίδου.
1992 1661 2073 1724 θ’,
2127 1663 2472 1729 Ξενοφῶντος
2526 1662 2723 1727 Κύρου
2747 1660 3017 1725 παιδείας
3071 1660 3162 1712 καὶ
3242 1660 3616 1725 Ἀναεάσεως
3666 1662 3860 1725 Κύρου
3898 1659 4009 1711 τοῦ

761 1747 1189 1815 Παρυσάτιδος.
1236 1756 1285 1811 ι’,
1353 1750 1642 1820 Ἀῤῥιανοῦ
1693 1750 1866 1815 Ἀλεξ.
1903 1792 1916 1805 .
1952 1791 2003 1804 ..
2034 1790 2049 1803 .
2078 1792 2091 1806 .
2127 1790 2141 1805 .
2212 1757 2299 1803 ια’.
2353 1748 2625 1802 Διονυσίου
2673 1746 3142 1815 ’Ᾱλικαρνησσέως
3203 1746 3531 1813 Ῥωμαῖκῆς
3578 1748 3867 1812 ἰστιγνίας.
3910 1743 4006 1814 ιβ,

762 1833 1020 1887 Πολυϐίου
1057 1837 1150 1888 τοῦ
1212 1837 1652 1902 Μεγαλοπολίτου
1734 1838 2061 1907 Ῥωμαϊκῆς
2103 1837 2390 1903 ἱστορίας.
2467 1836 2557 1902 ιγ’,
2630 1833 2932 1888 Ἀππιανοῦ
3012 1834 3342 1902 Ῥωμαϊκῆς
3373 1833 3479 1899 τῆς
3519 1836 3777 1900 ἐπίκλην
3820 1831 4014 1897 βασι-ν

760 1920 956 1988 λικῆς.
991 1922 1073 1988 :6‘,
1110 1926 1308 1986 Δίωνος
1336 1918 1641 1977 κοκκιανοῦ
1709 1926 2039 1994 Ῥωμαϊκῆς
2093 1927 2379 1992 Ιστςριάς.
2446 1923 2728 1977 Additur:
2773 1922 2866 1975 καὶ
2915 1922 2965 1973 οἱ
3018 1921 3217 1989 ἑφεξῆς
3274 1924 3329 1973 ὲν
3397 1921 3474 1991 τῷ
3532 1921 3769 1989 δευτέρῳ
3821 1918 4012 1990 τεύχει

760 2009 1165 2079 δπιγράξονται.
1228 2010 1507 2082 Sequente:
1544 2022 1785 2066 auctores
1812 2014 1865 2064 in
1902 2011 2067 2065 altera
2125 2010 2311 2078 (hujus
2367 2025 2563 2080 nempe
2621 2010 2788 2078 tituli)
2844 2008 3111 2064 volumine
3145 2007 3568 2062 recensebantur.
3631 2006 3787 2062 Unde
3848 2015 4009 2076 patet

759 2113 870 2151 non
921 2099 1195 2167 integrum
1254 2100 1474 2154 titulum
1503 2100 1571 2153 de
1606 2099 1905 2154 virtutibus
1955 2109 2009 2151 et
2060 2098 2229 2159 vitiis,
2286 2095 2380 2151 sed
2434 2098 2671 2165 priorem
2729 2106 2962 2159 tantum,
3001 2106 3061 2150 ut
3103 2096 3237 2157 dixi,
3289 2096 3411 2165 ejus
3459 2104 3667 2164 partem
3706 2094 3761 2148 in
3803 2106 4009 2148 manus

762 2184 961 2239 \‘alesii
991 2185 1271 2249 incidisse,
1311 2188 1405 2257 qui
1439 2204 1501 2241 ea
1531 2187 1785 2241 libertate
1812 2189 1890 2240 uti
1929 2203 2035 2240 non
2072 2186 2368 2248 dubitavit,
2418 2194 2475 2239 ut
2502 2186 2555 2237 in
2591 2184 2677 2237 bis
2714 2183 2917 2252 eclogis
2970 2193 3026 2237 et
3059 2182 3253 2237 ordine
3291 2183 3589 2251 scriptores
3618 2179 3728 2236 alio
3750 2187 4003 2249 poneret,

762 2281 820 2326 et
847 2288 932 2333 ea,
978 2290 1100 2342 qua
1124 2276 1210 2327 vel
1230 2275 1342 2343 jam
1365 2275 1511 2328 edita
1533 2284 1833 2337 exsurent,
1881 2274 1962 2328 vel
1996 2273 2217 2343 indigna
2246 2285 2432 2326 essent
2482 2272 2747 2331 editione,
2771 2272 3053 2324 omitteret
3082 2284 3147 2323 ac
3180 2270 3539 2324 rescinderet.
3583 2266 3762 2340 [ConL
3791 2266 4004 2337 Zepero

761 2359 909 2415 nick.
939 2362 975 2413 l.
1010 2378 1085 2422 c.,
1112 2377 1229 2431 pag.
1256 2362 1409 2432 25L]

835 2448 909 2503 Et
943 2449 1244 2518 deperditis
1271 2451 1434 2520 hujus
1466 2450 1652 2519 operis
1677 2450 1853 2503 titulis
1879 2464 2088 2518 primus
2136 2449 2256 2507 fuit,
2295 2454 2353 2500 ut
2391 2446 2443 2497 in
2484 2445 2797 2514 pta-futione
2842 2444 3048 2499 diserte
3097 2443 3353 2507 traditur,
3410 2440 3547 2510 Περὶ
3578 2440 3842 2509 βασιλέων
3869 2441 4007 2492 ἁνα-

759 2536 1085 2607 γορεύσεως,
1119 2537 1193 2590 De
1221 2540 1603 2608 imperatorum
1637 2554 1918 2608 regumque
1951 2538 2356 2590 renuntiatimte.
2383 2534 2714 2588 Cmtevnrutn
2738 2572 2752 2593 ,
2794 2533 2935 2586 ultra
2964 2530 3154 2603 viginti
3208 2529 3277 2585 ab
3324 2527 3637 2585 H‘tesclielio
3678 2537 3735 2582 et
3782 2524 4004 2582 Valesia

758 2622 1197 2687 observatorum,
1241 2626 1355 2679 lucc
1380 2637 1464 2680 est
1486 2626 1704 2685 notitia.
1736 2626 2043 2679 litterarum
2075 2624 2267 2677 ordine
2304 2639 2333 2676 a
2367 2640 2451 2676 nte
2486 2622 2757 2691 descripta
2786 2640 2797 2673 :

832 2741 968 2810 Περὶ
989 2742 1340 2812 ἀνακλήσεως
1361 2743 1549 2811 ἥττης.
1592 2741 1666 2793 De
1700 2743 1822 2794 resti
1850 2742 2024 2793 utione
2056 2741 2310 2792 exercitus
2350 2740 2491 2790 victi.

830 2827 966 2897 Περὶ
993 2829 1517 2899 ἀνδραγαθημάτων.
1548 2827 1622 2881 De
1650 2829 1855 2896 fortiter
1884 2828 2057 2895 factis,
2085 2841 2139 2894 p.
2174 2824 2278 2878 442
2307 2824 2440 2879 edit.

1279 2830 1517 2897 ημάτων.
1548 2827 1622 2881 De
1650 2829 1855 2896 fortiter
1884 2828 2057 2895 factis,
2085 2841 2139 2894 p.
2174 2824 2278 2878 442
2307 2824 2440 2879 edit.
2473 2822 2691 2885 Valesii,
2711 2832 2766 2877 et
2800 2822 2920 2877 I73.

832 2918 965 2985 Περὶ
994 2917 1208 2987 γάμων.
1249 2916 1323 2970 De
1352 2918 1568 2982 nuptiis.

829 3006 963 3075 Περὶ
988 3005 1239 3074 γνωμῶν.
1278 3004 1349 3057 De
1372 3006 1661 3063 sententiis,
1694 3018 1820 3071 pag.
1856 3001 1961 3055 233
1982 3001 2114 3056 edit.
2154 2998 2352 3053 Valesii
2377 3008 2433 3050 et
2460 2998 2587 3051 2‘25.

831 3094 963 3163 Περὶ
988 3092 1357 3162 δημηγοριῶν.
1394 3091 1468 3143 De
1499 3091 1827 3143 concionibus
1856 3091 1961 3141 sive
1990 3088 2335 3141 orationibus.
2370 3088 2448 3144 ld.
2491 3106 2543 3159 p.
2574 3089 2664 3144 87.

834 3180 970 3247 Περὶ
1002 3180 1167 3232 ἐθνῶν
1219 3178 1297 3231 De
1324 3178 1582 3247 gentibus.

834 3269 971 3338 Περὶ
998 3267 1156 3321 ἐθῶν.
1189 3267 1263 3319 De
1295 3268 1543 3320 moribus.
1922 3332 1923 3335 η

834 3358 967 3427 Περὶ
1003 3354 1486 3423 ἐκκλησιαστικῶν,
1530 3354 1602 3407 De
1630 3355 1988 3409 ecclesiasticis
2022 3355 2168 3406 rebus
2201 3352 2558 3423 personisque.

834 3444 967 3511 Περὶ
1002 3444 1342 3512 ὲκφρὰσεως.
1378 3441 1451 3495 De
1474 3442 1923 3509 descriptionibus.
1958 3440 2111 3495 Suid.
2142 3440 2195 3493 in
2219 3439 2550 3505 Σάμϐυκες.

833 3532 966 3599 Περὶ
1008 3530 1321 3595 Ἑλληνικῆς
1354 3530 1615 3597 ἱστορίας.
1657 3530 1729 3581 De
1754 3532 1970 3582 historia
2004 3527 2186 3582 Crcca
2220 3527 2474 3597 (gentili.)

833 3619 966 3688 Περὶ
1002 3616 1255 3670 ἐπιϐοῶν.
1290 3617 1361 3669 De
1390 3616 1760 3685 imploratione
1792 3615 2133 3669 auxiliorum.

833 3707 971 3776 Περὶ
997 3706 1308 3773 ἐπιϐουλῆς.
1348 3705 1421 3757 De
1450 3706 1675 3758 insidiis.

832 3795 968 3863 Περὶ
998 3795 1315 3847 ἐπιστολῶν.
1349 3794 1422 3847 De
1447 3794 1699 3863 epistolis.

832 3885 968 3953 Περὶ
1000 3885 1344 3952 κυνηγεσίας.
1383 3883 1455 3935 De
1479 3883 1770 3936 venatione.

832 3973 966 4041 Περὶ
1004 3973 1177 4039 νίκης.
1220 3972 1291 4023 lic
1315 3974 1551 4024 victoria.

835 4061 970 4129 Περὶ
999 4060 1282 4127 οἰκισμῶν.
1315 4060 1384 4112 De
1410 4059 1735 4112 coloniarum
1772 4059 2100 4112 deductione.

834 4149 967 4217 Περὶ
996 4148 1330 4217 παραδόξων.
1371 4148 1444 4200 De
1469 4150 1612 4201 miris
1646 4156 1694 4199 ct
1724 4149 2031 4216 inopinatis.
2072 4163 2189 4216 pag.
2229 4148 2322 4202 ηι
2356 4148 2470 4201 edit

1102 4148 1330 4212 ιαδόξων.
1371 4148 1444 4200 De
1469 4150 1612 4201 miris
1646 4156 1694 4199 ct
1724 4149 2031 4216 inopinatis.
2072 4163 2189 4216 pag.
2229 4148 2322 4202 ηι
2356 4148 2489 4201 edit.
2523 4145 2743 4201 Valesii.

831 4237 965 4305 Περὶ
992 4234 1283 4287 πολιτικῶν
1312 4236 1654 4303 διοικήσεως.
1688 4233 1759 4287 De
1793 4251 1967 4287 rerum
1997 4235 2227 4288 civilium
2252 4235 2472 4289 adminis

1087 4234 1283 4287 ,ιτικῶν
1312 4236 1654 4303 διοικήσεως.
1688 4233 1759 4287 De
1793 4251 1967 4287 rerum
1997 4235 2227 4288 civilium
2252 4234 2728 4289 administratione.

834 4322 967 4391 Περῖ
1002 4322 1317 4389 στρατειῶν.
1362 4320 1439 4373 De
1467 4321 1875 4389 expeditionibus
1902 4321 2235 4374 militaribus.

831 4409 964 4478 Περὶ
996 4409 1482 4477 στρατηγημάτων.
1511 4407 1586 4459 De
1622 4409 2094 4477 strategemutibus,
2132 4424 2249 4477 pag.
2285 4410 2350 4461 54
2375 4414 2429 4461 et
2458 4409 2472 4457 1

1511 4407 1586 4459 De
1622 4409 2094 4477 strategemutibus,
2132 4424 2249 4477 pag.
2285 4410 2350 4461 54
2375 4414 2429 4461 et
2458 4409 2523 4460 l2
2550 4406 2682 4460 edit.
2722 4405 2895 4460 Vales.
2934 4413 2987 4459 ct
3013 4406 3134 4458 437.

837 4498 970 4559 Περὶ
1004 4496 1267 4564 στρατῶν.
1324 4495 1396 4546 De
1423 4495 1747 4547 exercitibus.

836 4585 969 4651 Περὶ
998 4584 1287 4651 συμϐολῆς.
1322 4580 1395 4633 De
1425 4581 1640 4649 pra-liis.

834 4691 919 4745 l0.
977 4689 1320 4744 Constantini
1346 4706 1563 4758 quoque
1590 4691 1923 4759 hujusjussu
1965 4692 2326 4762 Theophanes
2345 4692 2565 4762 quidam
2590 4693 2834 4760 synopsin
2862 4692 3027 4742 totius
3068 4693 3194 4741 artis
3231 4692 3460 4752 medica,
3515 4706 3580 4743 ex
3632 4690 3865 4764 Oribasii
3895 4708 3999 4761 po-

767 4779 1039 4835 tissimum
1073 4776 1294 4845 scriptis
1319 4777 1629 4841 collectam,
1665 4784 1872 4846 septem
1902 4778 2075 4841 libris,
2112 4781 2225 4834 sive
2255 4779 2525 4849 capitibus
2554 4779 2679 4840 i796,
2711 4777 2957 4845 digessit.
2994 4785 3049 4829 et
3089 4776 3267 4829 eidem
3291 4774 3650 4830 Constantino
3694 4778 4001 4847 inscripsit.

764 4863 962 4932 Incipit
996 4862 1322 4931 prooemium
1358 4878 1371 4913 :
1423 4862 1534 4923 Τὰς
1579 4863 2010 4929 προσταχθείσας
2038 4866 2303 4933 ἐπιτομὰς
2347 4884 2405 4917 1::

2361 4867 2495 4930 παρὰ
2536 4864 2633 4932 τῆς
2674 4864 2770 4925 σῆς
2816 4864 3110 4931 ossa-.1110;
3168 4866 3230 4915 ἐκ
3267 4864 3399 4914 Θεοῦ
3435 4865 3814 4931 αὐτοκράτωρ,
3866 4867 4002 4935 περὶ

765 4953 862 5017 τῆς
914 4951 1018 5001 τῶν
1060 4949 1317 5017 ἰατρικῶν
1356 4949 1727 5018 θεωρημάτων
1763 4953 2082 5019 συναγωγῆς
2125 4953 2360 5005 ἔσπευσα

2408 4954 2548 5004 κατὰ
2599 4952 2659 5001 τὴ
2718 4950 2959 5008 δυνατὸν.
3016 4960 3125 5004 etc.
3178 4949 3367 5003 Exstat
3398 4949 3499 5003 hoc
3525 4965 3664 5019 opus
3702 4951 4002 5019 aliquoties

762 5037 946 5091 Grece
977 5052 1077 5089 ms.
1118 5038 1172 5089 in
1208 5037 1340 5089 bibl.
1370 5037 1613 5090 Caesarea
1641 5036 2067 5093 Vindobonensi.
2107 5040 2238 5093 Vide
2267 5040 2617 5093 Lambecium
2646 5038 2741 5090 lib.
2774 5054 2844 5097 vI.
2899 5053 3020 5106 pag.
3056 5036 3175 5095 ιιι.
3204 5036 3320 5098 116.
3352 5036 3466 5089 l57.
3494 5036 3654 5090 Fsan.
3681 5065 3749 5078 -
3772 5038 3829 5090 ln
3865 5038 3997 5091 cod.

762 5126 854 5185 21.
884 5142 939 5178 n.
974 5124 1028 5185 9.
1057 5124 1107 5177 in
1141 5125 1262 5177 cod.
1291 5124 1382 5186 24,
1424 5141 1476 5176 n.
1525 5126 1579 5185 l;
1635 5125 1687 5177 in
1734 5125 1834 5178 cod
1903 5126 1992 5189 ‘25,
2035 5144 2089 5179 n.
2124 5129 2144 5180 l
2186 5137 2240 5180 et
2269 5127 2353 5185 -l0.
2396 5146 2403 5181 ι

2396 5144 2449 5181 n.
2488 5128 2537 5179 8.
2596 5127 2656 5180 V.
2694 5126 2950 5178 Lalnbec.
2983 5124 3193 5179 Comm.
3230 5124 3315 5188 γι,
3349 5135 3486 5193 part.
3526 5142 3590 5180 ιι.
3624 5142 3675 5194 ρ.
3707 5126 3831 5181 262.
3865 5124 3994 5181 θοι.

764 5223 819 5264 et
842 5212 965 5275 356,
991 5212 1078 5265 ed.
1119 5211 1344 5273 Kollar.;
1379 5211 1473 5264 sed
1529 5211 1683 5280 plura
1747 5229 1796 5264 v.
1827 5213 1961 5265 infra
2000 5214 2064 5266 ad
2104 5216 2212 5268 vol.
2240 5214 2356 5278 Xll,
2386 5231 2505 5283 pag.
2539 5214 2643 5266 685
2677 5229 2782 5282 sq.,
2824 5224 2877 5267 et
2907 5213 2954 5267 J.
2994 5214 3051 5265 Ο.
3082 5212 3272 5281 Steph.
3304 5211 3562 5266 Bernard.
3586 5212 3638 5264 in
3682 5210 3887 5280 przefat.
3930 5214 3996 5265 ad

768 5315 921 5352 suam
950 5299 1081 5353 edit.
1118 5308 1241 5366 post
1264 5300 1381 5366 ejus
1407 5300 1627 5351 demum
1658 5310 1885 5353 mortem
1918 5302 1982 5353 ad
2018 5301 2333 5354 umbilicum
2358 5302 2697 5371 perductam,
2728 5302 3154 5369 inscriptamqne
3187 5319 3196 5352 :
3241 5298 3558 5367 Theophanis
3578 5299 3750 5353 Νοιιηί
3773 5300 4001 5367 epitome

767 5389 829 5439 de
856 5390 1127 5441 curatione
1168 5388 1485 5445 morborum.
1534 5387 1708 5441 Graece
1738 5398 1786 5441 et
1822 5390 2023 5442 Latine.
2085 5389 2191 5457 Ope
2234 5392 2464 5443 codicum
2494 5407 2618 5443 mss.
2650 5392 2903 5441 recensuit
2950 5398 3204 5456 notasque
3236 5388 3425 5455 adjecit
3450 5387 3501 5440 1.
3530 5386 3586 5441 0.
3617 5386 3694 5440 St.
3731 5386 3997 5440 Bernard.

769 5485 899 5527 tom.
943 5475 988 5535 Ι,
1018 5490 1140 5527 cum
1178 5474 1288 5527 tab.
1319 5488 1488 5527 aenea.
1525 5472 1717 5528 Goths:
1755 5486 1809 5529 et
1864 5478 2090 5531 Amstel.
2123 5477 2278 5530 1794.
2312 5506 2377 5518 -—
2410 5477 2564 5531 Tom.
2607 5478 2671 5538 ll.
2708 5478 2859 5535 I793.
2894 5492 2967 5530 ιη.
3003 5477 3054 5529 8.
3089 5475 3254 5528 Ilua.

842 5560 997 5616 Aliud
1037 5576 1175 5627 opus
1214 5560 1557 5615 Constantini
1615 5562 2111 5634 Porphyrogcnneti
2159 5566 2312 5634 jussu
2342 5565 2647 5637 digestum,
2710 5567 2855 5635 quod
2913 5580 3014 5618 ms.
3061 5564 3115 5617 in
3168 5563 3299 5616 bibl.
3357 5564 3521 5631 Regia
3574 5564 3742 5617 Paris.
3791 5574 3995 5623 exstat,

769 5658 905 5702 teste
936 5648 1163 5701 Boivino
1199 5647 1265 5700 ad
1305 5645 1432 5700 Julii
1465 5646 1700 5701 Africani
1735 5647 1933 5709 Cestos,
1969 5667 2088 5720 pag.
2124 5653 2246 5706 560.
2302 5653 2358 5709 ln
2392 5656 2483 5710 illo
2516 5667 2769 5725 excerpta
2803 5672 2864 5710 es
2906 5655 3160 5709 Africano
3189 5664 3241 5708 et
3270 5654 3390 5708 aliis
3421 5654 3798 5721 scriptoribus.
3831 5654 3995 5709 an.

768 5764 835 5774 -—-
867 5734 923 5789 In
961 5736 1059 5788 cod
1121 5735 1299 5805 Paris.
1341 5735 1492 5797 H330,
1522 5752 1575 5789 n.
1626 5736 1677 5799 ϐ,
1726 5747 1807 5791 est
1848 5738 2178 5808 Thraphanes
2219 5742 2282 5792 de
2333 5743 2607 5796 αἱρήσω]
2664 5743 2945 5796 Constant.
2996 5741 3355 5810 Porpherg.;
3400 5741 3491 5794 sed
3548 5740 3762 5792 initium
3812 5742 3995 5796 solum

768 5830 1041 5890 superest.
