4156 6440
724 386 791 447 ενι
1956 379 2166 440 JOAN.
2210 379 2373 438 ALB.
2415 378 2752 439 FABRlCll
3901 382 3972 449 ‘28

800 495 884 547 t5.
911 489 1255 546 Constantini
1311 487 1819 559 Porphyrogenueti
1878 490 2031 557 jussu
2093 490 2259 543 etiam
2315 497 2478 557 atque
2539 488 2804 557 auspiciis
2854 486 3113 559 martyria
3140 497 3194 541 et
3236 487 3378 541 Vitas
3409 498 3712 545 sanctorum
3740 489 3826 557 (l).
3857 505 3969 542 non

726 580 1088 634 O'ientalium
1126 585 1361 637 tantum,
1404 587 1463 630 ut
1519 576 1697 629 visum
1759 574 1959 631 Joanni
2001 574 2254 634 Nolano.
2304 577 2397 631 sed
2459 576 2820 646 quarumvis,
2870 591 3012 646 quas
3067 576 3311 631 nancisci
3371 577 3590 646 potuit,
3640 578 3971 647 conscripsit

728 669 969 724 Simeon.
1007 664 1265 733 magister
1310 674 1367 718 et
1423 663 1721 733 logotbeta,
1763 673 2127 733 cognomento
2157 662 2539 733 Mctaphrastes
2575 663 2690 733 (ty);
2748 665 2821 718 ita
2868 665 3015 718 enim
3045 664 3354 734 appellatus
3384 673 3466 719 est
3494 664 3639 733 quod
3680 665 3971 736 plerasque

731 757 878 809 Vitas
904 770 1011 808 nou
1044 764 1240 822 suopte
1265 754 1377 822 ipse
1414 752 1635 821 ingenio
1667 754 1978 819 composuit
2002 750 2382 820 condiditque,
2420 752 2514 805 sed
2546 752 2615 804 ab
2642 752 3053 821 antiquioribus
3091 753 3327 821 scriptas
3367 754 3681 821 μετέφρασε
3717 764 3774 808 et
3802 755 3971 824 paulo

727 844 833 896 alio
869 842 1059 896 habitu
1114 840 1291 894 induit
1342 839 1442 909 (Ii),
1496 839 1802 893 omittendo
1841 840 1943 892 alia
1983 838 2037 892 in
2091 839 2216 904 illis,
2260 841 2365 893 alia
2421 841 2676 895 addendo
2724 843 2805 896 vel
2858 842 3125 896 mutando
3158 852 3321 911 atque
3382 843 3785 912 iutcrpolando.
3823 843 3972 897 Vitas

728 931 1015 998 plerasque
1042 936 1329 983 recensent
1365 928 1597 980 Allatius
1627 926 1767 979 libro
1790 928 1851 978 de
1875 924 2195 995 Symeonum
2220 928 2448 997 scriptis,
2489 946 2607 999 pag.
2651 931 2751 983 124
2781 945 2896 999 seq.
2924 946 2939 994 ;
2975 929 3252 982 ﬂaucltius
3288 939 3441 998 parte
3476 946 3488 981 ι
3526 930 3598 982 De
3627 930 3975 998 srriptoribu;

728 1018 878 1088 By:.,
920 1035 1037 1088 cap.
1076 1020 1163 1071 Ἡ.
1221 1033 1273 1085 p.
1332 1016 1437 1069 436
1498 1032 1639 1084 seq.,
1676 1025 1732 1069 et
1787 1014 2001 1069 Caveus
2045 1017 2110 1069 ad
2163 1032 2213 1070 a.
2252 1016 2313 1070 C.
2362 1015 2487 1073 901,
2535 1016 2630 1069 sed
2692 1017 2767 1070 ita
2828 1028 2886 1070 ut
2924 1015 3247 1071 diilicillime
3303 1020 3513 1086 possint
3576 1012 3778 1071 cvolvi.
3833 1019 3972 1072 Nam

727 1108 958 1162 Allatius
988 1108 1141 1159 initia
1168 1106 1413 1159 Vitarum
1445 1105 1635 1158 ordine
1668 1102 2013 1173 alphabetico
2038 1104 2303 1173 digessit;
2366 1103 2643 1161 llancltius
2680 1104 2834 1157 Vitas
2895 1106 3175 1158 recensuit
3226 1105 3329 1157 sub
3380 1106 3558 1159 titulis
3608 1106 3974 1175 populorum,

728 1197 820 1263 qui
856 1205 1072 1249 sanctos
1110 1209 1376 1263 quosque.
1406 1208 1638 1261 quorum
1671 1202 1798 1247 sunt
1833 1192 1990 1253 Viue,
2025 1191 2445 1246 sibilviudicant
2480 1211 2491 1243 :
2522 1190 2736 1247 Caveus
2766 1191 3018 1246 ordinem
3049 1204 3274 1246 secutus
3304 1203 3387 1247 est
3417 1194 3620 1256 Allatii,
3656 1211 3975 1264 quanquam

730 1285 883 1337 initia
910 1285 1026 1352 ipsa
1075 1283 1321 1336 Vitarum
1353 1280 1630 1334 ascribere
1663 1280 1993 1349 supersedit.
2035 1281 2241 1349 Digessi
2281 1280 2450 1350 igitur
2492 1280 2641 1333 Vitas
2686 1294 2824 1348 quas
2862 1280 3135 1333 Simeouis
3178 1296 3243 1334 ex
3294 1281 3415 1350 styli
3466 1282 3679 1334 ratione
3731 1283 3816 1334 vel
3850 1282 3978 1335 aliis

728 1372 1066 1434 argumentis
1109 1370 1373 1437 genuinas
1403 1367 1635 1421 Allatius
1669 1379 1878 1429 censet,
1920 1367 2223 1435 descriptas
2254 1368 2556 1420 secundum
2589 1368 2813 1421 nomina
2864 1378 3202 1430 sanctorum,
3234 1369 3428 1421 ordine
3475 1370 3745 1423 recensita
3781 1371 3977 1437 alpha-

733 1461 933 1514 tistico.
970 1458 1165 1511 Addidi
1201 1457 1367 1509 etiam
1401 1457 1556 1516 alias,
1590 1471 1725 1523 quas
1758 1454 1925 1508 certis
1956 1455 2275 1509 auctoribus
2304 1455 2537 1508 Allatius
2585 1453 2802 1516 tribuit,
2829 1455 3073 1523 itemque
3106 1456 3226 1509 illas
3254 1471 3391 1525 quas
3420 1472 3544 1510 cuin
3569 1467 3721 1510 certo
3753 1460 3977 1510 auctori

731 1565 835 1600 non
879 1545 1076 1599 audeat
1107 1545 1403 1614 assignare,
1443 1544 1714 1597 Simeonis
1752 1543 2137 1611 Metaphrastae
2209 1551 2388 1596 tamen
2430 1560 2538 1596 non
2588 1558 2731 1607 esse,
2763 1554 2940 1614 putat.
2977 1559 3100 1598 esse
3135 1546 3501 1614 esploratum,
3537 1545 3778 1614 denique
3811 1546 3981 1615 longe

731 1636 937 1701 plures,
987 1649 1124 1701 quas
1160 1634 1273 1701 ipse
1325 1633 1376 1683 in
1425 1632 1576 1684 Actis
1610 1640 1923 1684 sanctorum
1980 1630 2066 1683 vel
2101 1630 2253 1691 alibi,
2295 1630 2495 1684 Allatio
2526 1631 2832 1699 przeteritas
2887 1631 3202 1686 observavi.
3240 1631 3400 1685 Illum
3451 1634 3760 1702 catalogum
3802 1634 3981 1687 habes

731 1721 1009 1772 volumine
1061 1719 1128 1771 lx
1165 1720 1326 1787 hujus
1363 1719 1714 1771 Bibliotheca:
1760 1734 1808 1786 p.
1843 1717 1912 1771 48
1953 1732 2125 1785 usque
2157 1716 2225 1769 ad
2262 1716 2376 1773 152.
2416 1729 2471 1771 et
2511 1720 2686 1773 multo
2718 1720 3022 1788 pleniorem
3060 1720 3282 1788 quidem
3317 1736 3479 1788 quam
3523 1721 3767 1789 primum
3803 1722 3982 1775 editio

732 1806 1023 1859 voluminis
1056 1806 1340 1875 praesentis
1390 1805 1495 1858 hoc
1548 1804 1802 1858 eumdem
1838 1805 1959 1859 loco
1992 1804 2290 1858 exhibebat
2324 1803 2421 1873 (l).
2456 1806 2584 1874 Ejus
2628 1806 2813 1874 itaque
2872 1806 2924 1858 in
2977 1806 3154 1860 vicem
3209 1821 3338 1859 ecce
3392 1809 3501 1875 jam
3557 1806 3652 1860 tibi
3691 1807 3981 1861 Michaelis

734 1894 891 1946 Pselli
922 1894 973 1946 iu
1002 1894 1323 1963 Symeouem
1357 1892 1801 1961 Metaphrastem.
1838 1893 2159 1946 Encomium
2201 1908 2324 1945 cum
2360 1893 2611 1948 versione
2657 1893 2858 1947 Leonis
2886 1894 3093 1956 Allatii,
3135 1895 3188 1947 in
3223 1895 3381 1962 cujus
3414 1895 3597 1963 capite
3643 1896 3705 1947 l5
3750 1895 3976 1964 Opetis,

732 1982 798 2033 d':
831 1981 967 2033 Vitis
1017 1990 1333 2034 sanctorum
1366 1980 1432 2034 ab
1456 1996 1522 2033 eo
1558 1981 1864 2048 compositi,
1895 1996 2019 2035 cum
2054 1980 2213 2034 laude
2241 1982 2508 2042 meminit,
2541 1992 2601 2037 ut
2631 1981 2761 2035 facit
2788 1982 2951 2035 etiam
2979 1981 3305 2035 Theodorus
3336 1981 3615 2037 Balsamo.
3648 1982 3712 2035 ad
3748 1998 3873 2036 can.
3912 1984 3984 2035 63

733 2068 975 2120 Trullau.
1012 2086 1026 2121 :
1058 2071 1229 2136 Χάρις
1281 2068 1356 2135 τῷ
1417 2070 1692 2137 μακαρίτῃ
1744 2069 2118 2137 Μετιφραστῇ
2155 2068 2231 2135 τῷ
2267 2085 2295 2119 τ

2418 2070 2683 2139 apt-spinis
2726 2069 2864 2139 ὑπὲρ
2919 2072 3016 2135 τῆς
3069 2069 3327 2136 ἀληθείας
3392 2070 3695 2137 exiguas:
3755 2071 3983 2130 πολλοῖς

734 2157 912 2216 πόνοις
960 2158 1050 2205 καὶ
1098 2156 1281 2222 ἱδρῶτι
1319 2154 1789 2207 iisunum/avt:
1821 2157 1876 2216 ἐς
1928 2154 2095 2225 ὕμνον
2125 2155 2259 2207 tto-3
2306 2178 2307 2181 π

2431 2156 2588 2220 δόξαν
2650 2157 3010 2219 αἰωνὶζουσαν
3040 2156 3148 2207 τῶν
3188 2156 3361 2221 ἁγίων
3401 2157 3718 2226 μαρτύρων.
3760 2158 3984 2213 Similia

735 2242 1014 2296 Matthznus
1055 2243 1341 2304 Blastares.
1376 2244 1428 2296 in
1465 2242 1694 2313 Synopsi
1743 2258 2011 2296 canonum
2050 2258 2105 2313 p.
2147 2242 2212 2298 57
2243 2258 2357 2311 seq.
2398 2244 2626 2297 Fsea.—
2652 2241 2752 2296 llic
2784 2258 3003 2311 quoque
3043 2243 3322 2312 adjecerat
3373 2244 3561 2307 Pselli,
3598 2244 3987 2314 Metaphrastm

735 2329 992 2391 of'licium,
1028 2330 1122 2382 Gr.
1153 2339 1207 2381 et
1235 2328 1349 2382 Lat.
1395 2331 1539 2397 Μηνὶ
1573 2329 1862 2399 Νοεμϐρίῳ
1894 2327 1997 2399 κη’.
2026 2356 2169 2370 ——-
2194 2330 2307 2383 Men

2414 2330 2713 2384 Novembris
2757 2331 2840 2383 die
2869 2330 2992 2393 -28,
3026 2332 3459 2384 commemoratio
3498 2329 3555 2384 S.
3600 2332 3777 2386 Patris
3812 2340 3986 2390 nostri

735 2417 1000 2487 Symeonis
1024 2417 1293 2486 logothctm
1326 2417 1693 2488 .iletapltrastte
1735 2436 1751 2472 :
1784 2417 2027 2487 Ofﬁcium
2058 2438 2089 2471 a
2120 2418 2294 2473 PscIlo
2330 2421 2683 2489 tontpositum.
2718 2417 3014 2488 Interprete
3053 2418 3222 2471 Leone
3253 2418 3478 2471 Allatio.
3516 2418 3557 2473 Τ
3558 2423 3771 2484 roparia
3816 2422 3876 2486 (i.
3926 2437 3979 2474 e.

735 2506 801 2558 ad
836 2511 1109 2574 vesperas)
1136 2509 1187 2558 in
1217 2506 1498 2575 psalmum.
1552 2525 1568 2556 (
1610 2505 1847 2569 Domine,
1879 2506 2126 2561 clamavi.
2166 2527 2183 2556 ι
2224 2507 2394 2561 Echus
2429 2506 2666 2576 obliquus
2699 2504 2980 2560 secundus.
3023 2506 3153 2559 Mihi
3181 2521 3314 2560 vero
3351 2521 3453 2560 nec
3491 2508 3839 2561 commodum
3876 2525 3985 2564 nec

736 2592 1102 2651 necessarium
1136 2609 1254 2646 esse
1289 2594 1527 2656 videtur,
1590 2604 1647 2647 ut
1697 2594 1787 2647 illa
1829 2596 2091 2662 opuscula
2139 2597 2281 2665 typis
2319 2603 2641 2663 repetantur
2690 2593 2745 2647 in
2787 2594 2888 2647 hac
2940 2593 2999 2647 Β.
3026 2594 3122 2648 Gr.
3157 2593 3422 2649 editione.
3456 2594 3661 2648 Contra
3712 2597 3982 2664 quoniam

738 2682 1019 2749 hucusque
1055 2681 1121 2733 dc
1165 2680 1523 2735 Constantino
1586 2682 2102 2750 Porphyrogenneto
2152 2682 2477 2750 scriptisque
2505 2721 2519 2742 ,
2560 2681 2679 2749 ejus
2718 2680 2874 2749 jussu
2923 2681 3294 2749 auspiciisque
3340 2682 3624 2745 coniectis,
3656 2691 3837 2735 actum
3868 2692 3983 2747 est,

737 2770 972 2835 adjicere
1025 2768 1203 2835 placet
1251 2768 1498 2821 notitiam
1549 2767 1944 2821 Ctercmonialis
1999 2768 2285 2822 Constant.
2320 2768 2613 2837 Porohyr.,
2642 2767 2877 2821 Fabricii
2910 2776 3069 2821 :etate
3109 2767 3354 2821 nondum
3388 2768 3544 2829 editi,
3577 2769 3820 2824 brevem.
3869 2770 3982 2826 Sed

736 2856 992 2923 quoniam
1028 2870 1166 2922 opus
1200 2864 1385 2922 postea
1424 2856 1598 2907 lucem
1636 2854 1767 2907 vidit
1798 2865 1853 2907 et
1888 2858 2021 2908 satis
2051 2865 2238 2908 notum
2279 2864 2382 2916 est,
2414 2856 2702 2909 maximam
2731 2855 2757 2927 §
2786 2855 2952 2909 XXIV
2996 2866 3204 2924 partem
3239 2854 3441 2931 delevi.
3487 2857 3655 2911 “ABL.

807 2946 1097 2998 Zacharias
1128 2945 1341 2999 Conrad
1373 2946 1438 2997 ab
1474 2945 1770 3000 υίῐιιιιιιριιιι
1800 2944 2115 3013 possederat
2163 2944 2289 2999 eod.
2328 2944 2382 2998 in
2427 2947 2559 3000 orbe
2611 2946 2793 2998 forsan
2831 2946 3077 3005 unicum.
3119 2946 3310 3013 paucis
3360 2954 3520 3000 antca
3571 2948 3655 3001 ve!
3692 2952 3980 3018 cognitum

736 3035 821 3087 vel
877 3044 1258 3093 memoratum,
1286 3034 1376 3101 qui
1428 3049 1477 3086 a.
1530 3034 1664 3086 175:!
1719 3033 1967 3100 pervenit
1998 3032 2051 3085 in
2088 3032 2471 3085 bibliothecam
2508 3042 2731 3087 senatus
2761 3032 3080 3101 Lipsiensis.
3122 3033 3174 3086 ls
3203 3049 3332 3086 vero
3364 3035 3613 3088 continet
3639 3034 3984 3093 Constantini

672 3107 676 3110 ’
742 3120 1215 3191 Porphyrogenneti
1246 3122 1400 3175 libros
1440 3122 1541 3173 duo
1567 3122 1629 3172 tte
1683 3122 1977 3173 cerimoniis
2026 3121 2165 3173 aula:
2205 3120 2548 3189 Byzantina;
2585 3135 2683 3172 nec
2715 3135 2844 3171 vero
2876 3134 3017 3172 unus
3042 3119 3385 3173 Constantio.
3417 3120 3755 3193 Porpbyrog.
3782 3136 3983 3177 auctor

739 3211 942 3278 aperis,
971 3211 1113 3278 quod
1151 3211 1371 3279 quidem
1408 3212 1472 3263 ad
1505 3221 1746 3263 nostram
1786 3215 2037 3278 pervenit
2068 3221 2305 3272 aetatem,
2335 3209 2458 3272 fuit,
2488 3212 2604 3265 sed.
2642 3210 2786 3277 quod
2823 3208 3044 3277 quidem
3098 3210 3381 3277 probabile
3420 3211 3713 3265 videbatur
3755 3213 4009 3269 Reiskio,

742 3300 795 3352 in
843 3299 993 3367 praef.
1037 3299 1101 3351 ad
1137 3300 1243 3352 vol.
1299 3300 1338 3361 l,
1380 3316 1497 3367 pag.
1537 3302 1565 3352 7
1594 3314 1737 3366 sqq.,
1772 3309 1933 3366 atque
1986 3300 2039 3351 in
2073 3298 2220 3365 prmi.
2277 3296 2381 3349 line
2426 3297 2492 3349 ad
2523 3298 2632 3349 vol.
2667 3296 2731 3356 ll.
2767 3307 2823 3351 et
2850 3297 2898 3351 J.
2935 3296 3001 3350 Μ.
3038 3296 3282 3350 Gesncro
3312 3299 3362 3350 in
3398 3299 3810 3359 Relationibus.
3841 3315 3980 3365 etin.

745 3395 933 3456 postea
964 3385 1271 3447 laudandis,
1314 3387 1422 3437 vol.
1464 3386 1503 3446 Ι,
1539 3403 1588 3449 p.
1624 3386 1746 3441 592.
1777 3386 1985 3453 adjecta
2015 3395 2139 3437 sunt
2163 3384 2408 3452 quaedam
2445 3384 2513 3436 ab
2543 3384 2691 3437 illius
2718 3394 2916 3452 nepote
2944 3385 3268 3452 cegnomine
3304 3386 3559 3454 aliisque.
3602 3387 3761 3441 Sistit
3791 3402 3981 3444 autem

740 3491 880 3543 Opus
936 3474 1261 3528 cerimonias
1325 3474 1378 3526 iu
1436 3473 1556 3523 aula
1618 3482 1673 3525 et
1724 3472 1960 3524 Ecclesia
2019 3470 2619 3537 Constantinopolitana
2688 3470 3087 3533 observandas,
3152 3488 3363 3525 necnon
3423 3473 3475 3527 in
3536 3476 3986 3544 expeditionibus

743 3563 958 3615 bellicis
993 3570 1047 3613 et
1092 3562 1235 3613 ludis
1279 3562 1515 3629 publicis
1573 3576 1634 3614 ac
1682 3558 2039 3613 solemnibus.
2106 3560 2258 3614 Illum
2313 3558 2556 3610 codicem
2591 3557 2816 3610 uberius
2850 3558 3144 3627 descripsit
3190 3559 3239 3612 J.
3267 3559 3331 3613 ll.
3362 3560 3534 3616 Maius
3566 3561 3620 3615 in
3648 3565 3807 3616 catal.
3845 3581 3981 3619 mss.

741 3650 991 3704 codicum
1017 3651 1067 3700 in
1100 3648 1232 3701 bibl.
1261 3648 1576 3702 Uﬂcnbach.
1613 3656 1751 3715 part.
1791 3665 1845 3709 ll,
1887 3666 1937 3701 ιι.
1968 3651 2050 3705 l7.
2089 3650 2307 3716 |;ag.;‘33'

2411 3649 2559 3711 Παίς
2590 3663 2764 3715 coque
2800 3647 3072 3715 excerpsit
3108 3649 3340 3716 primum
3374 3649 3984 3713 'anjOsat~/,etc.,desi-

742 3738 1043 3805 gnatis-nem
1072 3737 1454 3803 expeditionum
1483 3737 1815 3802 imperatoris
1865 3736 2173 3788 bellicarum
2204 3747 2250 3790 et
2281 3736 2584 3789 memoriale
2611 3751 2705 3804 pro
2746 3736 2959 3796 castris,
2988 3746 3101 3788 tum
3141 3736 3364 3788 indicem
3397 3739 3632 3806 cupitum
3669 3739 3756 3791 lib.
3788 3755 3802 3792 ι
3834 3751 3884 3792 ct
3920 3760 3983 3807 tt,

743 3826 926 3879 Graece
953 3840 1075 3879 cum
1110 3840 1205 3878 sua
1254 3826 1508 3876 versione
1555 3825 1765 3879 Latina.
1804 3826 1864 3877 Et
1902 3824 2338 3893 designationem
2378 3837 2435 3879 et
2479 3826 2713 3878 indicem
2746 3841 2809 3878 cx
2847 3824 2941 3877 illo
2970 3824 3235 3893 catalogo,
3269 3825 3513 3887 salivam,
3543 3827 3729 3890 credo,
3768 3837 3825 3880 ut
3853 3812 3981 3882 ino-

745 3924 897 3965 veret
955 3913 1088 3964 viris
1115 3912 1312 3974 doctis,
1352 3914 1491 3980 typis
1533 3912 1702 3978 repeti
1737 3913 1936 3965 fecerat
1991 3912 2275 3966 Fabricius
2333 3914 2385 3966 in
2417 3913 2546 3964 cdit.
2579 3914 2613 3965 Ξ
2646 3912 2705 3964 Β.
2738 3912 2828 3963 (Ir.
2868 3912 2957 3972 At,
2994 3926 3156 3979 opere
3197 3927 3340 3965 nunc
3390 3912 3560 3971 edito.
3602 3929 3663 3966 ea
3697 3908 3880 3967 omnia
3914 3933 3983 3970 ex

747 4001 848 4053 hac
882 4015 1017 4051 nova
1049 3999 1296 4052 editione
1332 4000 1588 4051 exsulare
1625 4000 1904 4066 jussimus.
1960 4000 2147 4067 Neque
2199 4011 2377 4054 tamen
2428 3998 2857 4058 incommodum,
2917 4015 3093 4067 neque
3156 3989 3281 4052 aliis
3337 3999 3608 4066 ingratum
3658 4002 3831 4054 visum
3874 4014 3982 4064 est,

745 4084 1033 4149 epistolam
1089 4082 1410 4136 liiicnbach.
1468 4084 1532 4135 ad
1590 4083 1895 4135 Fabricium
1961 4084 2222 4145 missam,
2263 4101 2359 4138 seu
2418 4099 2730 4139 accuratam
2794 4086 3000 4139 codicis
3044 4087 3339 4154 operisque
3385 4086 3835 4155 descriptionem,
3872 4100 3927 4143 et
3955 4108 3983 4143 :-

747 4172 996 4226 Fahrieio
1032 4172 1105 4238 (p.
1149 4171 1272 4229 62!.
1311 4172 1415 4224 vol.
1444 4172 1509 4225 Vl
1547 4182 1654 4225 vct.
1712 4171 1871 4239 edit.)
1923 4172 2277 4239 publicatam,
2314 4184 2478 4241 atque
2504 4190 2533 4225 a
2575 4172 2796 4225 Reiskio
2834 4174 2940 4227 vol.
2974 4172 2996 4226 ι
3025 4172 3208 4241 operis
3248 4188 3370 4243 pag.
3407 4189 3537 4226 mu
3574 4175 3847 4239 iteratam,
3879 4177 3984 4231 hoc

746 4260 866 4314 loco
916 4260 1176 4313 retinere.
1226 4258 1303 4311 Eu
1338 4258 1503 4327 igitur
1548 4260 1801 4313 notitiam
1848 4258 2191 4313 Ull‘enbacbii
2226 4275 2349 4313 cum
2378 4259 2611 4313 Fabricii
2660 4259 2825 4312 notis.

2246 4376 2475 4432 ΝΟΤΛΕ.

743 4468 1037 4526 Cassianus
1067 4482 1173 4519 non
1209 4476 1416 4519 mutum
1436 4482 1599 4535 pecus
1627 4477 1729 4529 est,
1765 4467 1910 4535 quod
1948 4467 2156 4521 alienos
2178 4484 2300 4520 sae--

746 4554 841 4593 cos
871 4540 923 4589 in
955 4553 1120 4588 unum
1154 4536 1332 4588 locum
1380 4538 1540 4589 tacite
1572 4547 1861 4604 congerat;
1898 4537 1993 4589 sed
2033 4537 2115 4589 vir
2147 4537 2300 4603 inge-

747 4622 910 4667 nuus,
944 4607 1225 4658 institutus
1250 4606 1568 4667 liberaliter,
1587 4607 1918 4675 przediorum
1942 4607 2305 4674 villarumque

747 4676 985 4747 plurium
1028 4676 1283 4747 dominus
1315 4686 1368 4729 et
1401 4677 1511 4744 ipse
1540 4678 2047 4745 experientissimus
2099 4686 2305 4747 arator,

745 4746 839 4817 qui
872 4748 1033 4798 sumit
1056 4746 1332 4817 audaciam
1349 4748 1625 4817 quresitam
1650 4748 1877 4805 meritis.
1900 4757 1953 4798 et
1980 4746 2305 4799 sententiam

748 4815 900 4870 suam
927 4818 1036 4883 ipse
1065 4826 1186 4884 post
1212 4815 1345 4867 alios
1376 4816 1527 4876 dicit,
1564 4817 1666 4869 hoc.
1688 4826 1790 4875 est,
1826 4826 2133 4884 opportune
2157 4826 2308 4868 notas

747 4902 874 4941 suas
913 4900 1017 4937 non
1056 4886 1280 4953 aspergit
1319 4885 1384 4937 ad
1419 4887 1740 4953 marginem,
1766 4886 1912 4954 quod
1937 4901 2083 4938 nunc
2115 4884 2193 4947 ﬁt,
2213 4885 2305 4939 sed

746 4956 1098 5024 interspergit,
1117 4964 1171 5006 et
1197 4970 1253 5007 se
1289 4956 1476 5007 miscet
1503 4958 1718 5023 reliquo
1748 4957 2079 5009 rusticorum
2114 4955 2306 5010 choro.

747 5023 860 5077 Hoc
892 5024 1070 5091 itaque
1109 5033 1387 5077 tenemus:
1433 5026 1569 5077 Sunt
1599 5024 1929 5093 G-‘oponica.
1976 5025 2310 5078 Chrestoma-

750 5096 859 5147 tltiu
900 5096 1090 5146 rustica
1135 5110 1251 5145 cum
1298 5096 1431 5146 notis
1481 5096 1722 5148 Cassiani
1758 5095 1949 5152 Bassi.
1992 5093 2309 5156 scholastici,

749 5164 893 5217 edita
936 5163 1424 5232 Constantinopoli,
1462 5167 1707 5232 impensis
1768 5174 1813 5216 et
1878 5166 2121 5232 auspiciis
2173 5162 2312 5215 Con-

748 5236 969 5286 stantini
1015 5234 1508 5302 Porpltyrogenneti.
1559 5236 1670 5288 Hoc
1724 5236 2051 5293 observato,
2100 5235 2306 5297 reliqua

749 5304 929 5373 omnia
966 5314 1094 5356 sunt
1134 5305 1384 5372 expedita
1419 5316 1473 5357 et
1501 5306 1773 5373 explicita.
1812 5323 1828 5353 ›
1889 5304 2161 5356 llacteuus
2209 5303 2302 5355 Ni-

750 5372 882 5443 cias,
928 5374 1018 5438 qui
1053 5390 1113 5425 ea
1143 5389 1261 5441 qua:
1304 5373 1438 5427 bene
1469 5386 1523 5428 et
1550 5372 1717 5436 recte,
1763 5376 1979 5443 opinor.
2022 5373 2302 5440 explicuit.

751 5442 931 5563 tlildhuc
985 5443 1191 5511 aliquot
1253 5445 1514 5513 exemplis
1576 5442 1827 5512 probavit
1878 5444 2302 5510 illustravitque.

804 5528 918 5563 sum.

778 5512 918 5565 ΙΑιιι..

824 5583 883 5647 (f)
925 5581 1252 5652 Conferatur
1309 5584 1699 5652 Melaphrastes
1731 5585 1781 5636 in
1817 5586 1936 5637 Vita
1980 5581 2306 5637 Tlieoetislm

750 5652 890 5718 apud
918 5651 1137 5706 Surium
1167 5654 1234 5706 ad
1280 5653 1340 5707 l0
1368 5651 1497 5707 Nov.
1526 5671 1539 5719 ;
1565 5655 1723 5706 filioli.
1763 5654 1993 5715 Psellus,
2048 5654 2308 5707 lincomio

2404 4467 2803 4538 Metaphrastte,
2841 4482 2966 4538 pag.
3030 4468 3175 4529 235;
3225 4467 3441 4538 Caveus
3505 4470 3571 4523 ad
3625 4487 3676 4524 a.
3722 4470 3784 4525 C.
3843 4473 3984 4538 901;

2405 4538 2674 4616 Milonius
2724 4537 2850 4616 Pagi
2896 4538 3150 4616 tom_._lll
3208 4537 3425 4593 Critiae
3465 4539 3783 4595 Baroniaute
3818 4543 3888 4595 ad
3929 4537 3983 4597 a.

2406 4608 2529 4670 902,
2575 4618 2630 4659 et
2662 4607 2931 4673 pra-cipue
2961 4607 3083 4659 9l5.

2479 4675 2793 4748 (9)7Adi‘sis
2826 4690 2947 4743 qua:
2994 4677 3204 4732 Psellus
3249 4694 3371 4746 pag.
3418 4678 3521 4731 2'27
3564 4694 3704 4748 seq.,
3732 4679 3988 4736 .Allatius

2565 4747 2637 4827 υἱ
2683 4744 2984 4827 Simeonum
3020 4744 3262 4827 scriptis.’
3289 4744 3407 4827 pag.
3442 4751 3510 4803 75
3539 4744 3680 4816 εειιῖ,
3717 4765 3819 4827 nec
3863 4767 3984 4805 non

2409 4817 2551 4870 libro
2588 4815 2659 4885 De
2709 4814 2863 4885 Nilis.
2898 4830 3016 4885 pag.
3049 4814 3256 4885 29‘seq.
3289 4814 3422 4871 edit.
3458 4834 3488 4872 a
3536 4814 3631 4871 me
3668 4824 3890 4883 curatte,
3925 4832 3987 4876 et

2411 4887 2486 4939 De
2521 4884 2707 4939 Pseilis
2732 4883 2759 4955 ᾗ
2792 4885 2851 4938 l6
2881 4883 2996 4954 seq.
3026 4904 3041 4949 ;
3072 4883 3337 4941 Martinus
3374 4887 3650 4955 Hanckius
3678 4900 3829 4955 parte
3864 4905 3877 4941 l
3907 4890 3989 4945 De

2410 4950 2755 5024 scriptoribns'
2809 4950 3153 5024 hist—Byz”
3198 4972 3317 5025 cap.
3378 4950 3482 5019 24‘,
3535 4958 3620 5013 Jo.
3682 4950 3985 5015 Bollandus

2411 5026 2562 5099 praef.
2620 5026 2685 5099 ad
2722 5026 2852 5099 Acta
2880 5035 3116 5099 sanctor.
3164 5036 3295 5099 tom.
3332 5028 3365 5099 gl
3396 5028 3642 5087 Januar..
3683 5045 3731 5096 p.
3772 5030 3834 5081 lti
3861 5044 3982 5099 seq.

2424 5096 2730 5149 Fiam—De
2759 5096 2859 5148 hoc
2889 5094 3143 5149 Simeono
3169 5097 3375 5150 etVitis
3392 5094 3704 5150 sanctorum
3721 5099 3828 5151 alio
3852 5094 3987 5152 teni-

2413 5181 2545 5233 pore
2605 5167 2658 5216 in
2718 5165 2819 5218 hac
2873 5164 2931 5235 Β.
2981 5164 3044 5219 G.
3081 5168 3358 5234 copiosius
3404 5182 3577 5235 agam.
3627 5170 3828 5232 Quare.
3859 5185 3987 5235 quae

2416 5236 2574 5287 Fabr.
2623 5236 2675 5305 in
2708 5233 2988 5305 vetaedit.
3027 5236 3117 5289 hic
3146 5237 3213 5289 de
3246 5233 3521 5297 Simeone,
3565 5240 3794 5305 ejusque
3836 5233 3983 5291 scri-

2417 5306 2560 5373 ptis,
2630 5304 2762 5375 item
2814 5304 2881 5356 de
2935 5304 3155 5374 Dioptra
3212 5316 3567 5364 annexuerat.
3598 5304 3672 5359 fin
3723 5310 3983 5375 priesenti

2415 5372 2594 5427 emisi.
2630 5372 2793 5427 ΙΙΑΙιι..

2490 5446 2561 5512 (It)
2596 5444 2728 5495 Vile
2782 5443 3041 5497 Cotelerii
3090 5444 3422 5498 Monnmcnta
3488 5446 3729 5498 Ealesitt:
3759 5445 3980 5512 Grece,

2417 5523 2548 5566 tom.
2588 5514 2673 5569 lll.
2725 5530 2843 5580 pag.
2883 5514 3005 5567 εττι.
3056 5525 3111 5567 et
3164 5515 3479 5568 Bernardiui
3528 5516 3595 5570 de
3629 5515 3981 5570 Montfa‘ucou

2417 5584 2872 5652 l’alaeograpbiam
2905 5581 3169 5647 Grcecam,
3210 5601 3259 5653 p.
3295 5585 3416 5647 269,
3442 5586 3567 5647 9.75,
3616 5586 3738 5639 272).

853 5809 920 5869 ιε)
955 5811 1073 5858 Vide
1110 5812 1153 5857 in
1178 5810 1423 5872 Syria-one
1448 5814 1793 5873 Metaphraste,
1825 5812 1961 5873 infra,
1989 5817 2043 5861 ad
2076 5832 2149 5861 au.
2181 5815 2287 5861 ΜΒ.
2330 5816 2442 5863 Li-n
2492 5814 2632 5860 i'nn.
