4156 6440
700 363 765 425 31
1159 355 1369 417 JOAN.
1412 355 1577 414 ALB.
1619 353 1953 414 FABRICII
1997 352 2305 412 ΝΟΤΙΤΙΑ
2341 353 2628 414 SCRIPT.
2669 355 2926 415 CONS’I‘.
2968 355 3448 416 PORPHYROG.
3872 359 3941 418 32

701 482 836 547 lupis
877 480 1145 547 vulgatum
1178 492 1307 539 esse,
1337 492 1416 530 me
1440 476 1587 529 latet.
1614 475 1774 529 Illum
1802 492 1922 529 vero
1964 477 2135 544 ipsum
2178 491 2285 528 esse
2315 475 2562 540 codicem,
2589 477 2679 546 qui
2723 475 2976 529 Budensis
3009 477 3243 530 libraria:
3284 475 3622 545 supellectilis
3666 475 3944 531 uberrima

703 580 862 636 atque
888 564 1336 634 prmstantissimc
1366 563 1632 633 quondam
1664 563 1784 631 fuit,
1821 562 2067 633 Ungaria:
2117 579 2297 631 regum
2345 580 2517 623 arma.
2572 569 2631 616 ut
2657 580 2820 634 supra
2882 564 3018 626 dixi,
3059 562 3358 632 gentilitia,
3394 564 3577 633 quibus
3627 580 3689 615 e1:
3722 573 3943 633 utroque

700 657 870 707 latere
899 652 1193 720 splendent,
1243 651 1601 721 comprobant.
1630 650 1692 704 In
1742 652 1927 704 ultima
1958 651 2099 704 urbis
2144 649 2310 704 Budte
2341 652 2733 723 expugnatione
2766 649 2951 720 aliqua
3001 650 3320 705 bibliothecae
3369 653 3560 703 rudera
3603 659 3941 718 recuperata,

706 757 821 811 quis
867 740 1040 793 Julius
1093 758 1123 794 a
1170 739 1351 809 P/lugk
1383 738 1461 808 (p)
1499 739 1793 809 descripsit,
1826 738 1916 793 sed
1970 755 2115 791 meus
2160 739 2320 792 codex
2370 756 2473 793 non
2506 742 2849 797 nlemoratur.
2878 755 3042 819 quare
3082 739 3235 809 longe
3268 749 3392 792 ante
3436 740 3661 792 evasisse
3713 748 3941 806 oportet.

707 827 903 892 Quibus
934 838 1110 880 autem
1145 827 1265 894 fatis
1294 828 1347 878 in
1380 842 1521 878 meas
1568 826 1779 879 tandem
1827 842 2017 878 manus
2054 826 2334 888 devenerit,
2373 827 2610 895 equidem
2640 827 2846 896 ignoro.
2881 825 3087 894 Exiguo
3138 842 3242 880 tere
3289 844 3319 879 a
3368 842 3448 879 me
3482 826 3786 894 redemptus
3819 826 3943 893 fuit,

702 920 759 968 in
793 933 983 984 magno
1014 922 1187 968 autem
1217 915 1382 981 pretio
1432 916 1554 966 mihi
1599 914 1837 977 habetur,
1867 914 2052 984 dignus
2092 916 2247 967 etiam
2288 916 2376 983 qui
2430 912 2597 965 lucem
2653 912 2914 982 publicam
2973 915 3164 967 videat.
3200 912 3351 978 Quod
3405 930 3473 965 an
3538 929 3653 965 mea
3702 929 3945 981 unquam

708 1020 867 1071 opera
896 1003 1004 1064 ﬁet,
1034 1003 1224 1062 nescio,
1261 1003 1504 1071 exiguam
1544 1001 1682 1053 enim
1717 1002 1769 1053 in
1804 1000 1997 1055 Gratiis
2032 1002 2272 1054 notitiam
2326 1015 2499 1053 meam
2543 1002 2766 1069 ingenue
2817 1018 3068 1070 agnosco,
3116 1018 3281 1070 neque
3338 1003 3427 1069 qui
3475 988 3628 1053 hodie
3667 1008 3951 1069 grassatur

710 1091 963 1143 scribendi
989 1091 1225 1158 pruritus
1250 1105 1328 1140 me
1356 1097 1513 1151 tenet,
1554 1097 1610 1141 ut
1641 1090 1908 1157 scriptoris
1941 1088 2023 1141 uel
2050 1088 2263 1142 editoris
2304 1105 2487 1142 nomen
2539 1087 2685 1141 nullo
2721 1090 2941 1158 reipubl.
2989 1090 3266 1144 litterariae
3293 1091 3561 1143 commodo
3587 1097 3779 1141 temere
3817 1087 3951 1140 mihi

714 1194 968 1245 arrogare
995 1177 1167 1230 velim.
1196 1176 1410 1230 Interim
1437 1184 1618 1245 gratus
1646 1176 1771 1228 milii
1801 1175 1949 1228 labor
1974 1185 2066 1238 est,
2096 1193 2248 1245 quem
2282 1193 2399 1229 cum
2426 1175 2529 1230 Dn.
2566 1174 2883 1231 Schneidero
2905 1179 3043 1230 dicto
3061 1176 3315 1240 Schmidt,
3341 1180 3450 1232 viro
3481 1166 3809 1237 Grtrcarum,
3842 1176 3953 1227 into

710 1268 946 1318 onmium
979 1265 1275 1318 litterarum
1313 1265 1650 1332 peritissimo.
1682 1264 1844 1316 codici
1867 1264 2126 1329 impendo.
2176 1263 2348 1332 Hujus
2371 1265 2630 1317 industria
2661 1264 2808 1332 (nam
2852 1282 2968 1318 mea
3020 1282 3177 1334 quam
3225 1267 3434 1335 confero
3477 1266 3718 1336 symbolo
3757 1265 3953 1333 exigua

710 1352 792 1406 vel
822 1352 1016 1421 nulla),
1056 1353 1243 1421 prioris
1295 1360 1450 1419 atque
1477 1352 1704 1404 dimidia:
1738 1352 1891 1404 etiam
1934 1352 2100 1420 partis
2123 1352 2335 1404 secundi
2390 1361 2649 1406 tractatus
2674 1355 2840 1407 uersio
2855 1355 2974 1422 jam
3004 1355 3289 1408 delineata.
3315 1353 3474 1407 Rudis
3509 1371 3569 1408 ea
3601 1353 3832 1423 quidem,
3857 1354 3953 1406 sed

712 1442 949 1492 secundis
978 1443 1136 1497 curis.
1187 1446 1232 1490 et
1278 1439 1320 1491 si
1355 1438 1531 1507 plura,
1578 1455 1739 1507 quam
1772 1454 1934 1506 supra
1966 1456 1997 1491 a
2042 1454 2122 1491 me
2162 1438 2436 1491 nominata
2462 1478 2477 1501 ,
2523 1440 2784 1509 glossaria
2828 1443 2971 1494 nacti
3009 1444 3202 1495 erimus
3237 1440 3551 1510 ea‘polietur.

789 1527 1063 1581 Hactenus
1097 1525 1415 1581 Ullenbacli.
1449 1556 1515 1566 —
1550 1525 1682 1578 Illud
1725 1541 1863 1594 opus
1903 1541 2120 1594 quoque
2169 1525 2420 1580 editurus
2466 1535 2585 1579 erat
2647 1526 2819 1582 Maius
2848 1543 2972 1581 eum
3026 1529 3277 1583 versione
3331 1544 3429 1583 sua
3487 1528 3680 1583 Latina
3725 1529 3957 1595 suisque

715 1614 1315 1668 animadversionibus.
1367 1612 1471 1665 Sed
1516 1628 1616 1665 nec
1662 1612 1707 1665 is
1736 1612 1803 1665 ad
1844 1614 2053 1666 exitum
2100 1614 2355 1683 perduxit
2384 1613 2652 1668 laborem.
2693 1613 2781 1678 At,
2814 1614 2983 1669 Musis
3023 1615 3357 1676 faventibus,
3395 1615 3566 1669 codex
3607 1617 3694 1669 ille
3724 1615 3952 1669 delatus

719 1712 802 1755 est
848 1703 901 1754 in
933 1701 1065 1753 bibl.
1122 1710 1347 1753 senatus
1390 1698 1710 1766 Lipsiensis,
1745 1698 1839 1767 qui
1867 1698 2065 1752 edendi
2091 1700 2273 1768 operis
2322 1716 2514 1754 curam
2539 1700 2758 1755 tandem
2796 1717 2893 1770 per
2924 1703 3255 1757 blascovium
3300 1702 3653 1756 demandavit
3686 1703 3771 1757 Jo.
3802 1702 3951 1755 Hen-

727 1788 883 1841 richo
919 1787 1143 1841 Leicliio
1190 1786 1329 1854 :qui
1383 1787 1491 1855 jam
1539 1785 1726 1839 libello
1767 1784 1844 1837 De
1889 1785 2144 1855 diptycln‘s
2195 1796 2320 1839 vett.
2372 1786 2521 1855 Lips.
2571 1788 2744 1849 1745.
2779 1804 2900 1859 pag.
2940 1788 3006 1841 10
3045 1804 3163 1858 sqq.
3189 1830 3204 1852 ,
3236 1789 3465 1858 primam
3510 1789 3770 1844 editionis
3803 1804 3958 1857 spem

724 1881 927 1930 t'ecerat
959 1885 1013 1930 et
1052 1883 1224 1927 totum
1259 1882 1424 1941 caput
1468 1872 1945 1942 quadragesimum
2002 1874 2226 1928 secundi
2266 1873 2392 1927 libri
2420 1881 2654 1943 utroque
2689 1875 2935 1943 vulgarat
2990 1890 3283 1935 sermone;
3346 1874 3570 1929 biennio
3609 1886 3791 1929 autem
3834 1885 3965 1941 post

726 1964 894 2029 ipsam
923 1962 1239 2015 ordiebatur
1271 1961 1591 2014 editionem.
1640 1960 1734 2013 llle
1780 1974 1914 2012 vero
1941 1974 2086 2022 cum,
2141 1960 2383 2014 nondum
2433 1961 2683 2015 absoluta
2741 1960 2969 2015 dimidia
3017 1964 3201 2032 operis
3233 1972 3404 2032 parte,
3439 1963 3579 2016 vivis
3620 1963 3963 2031 eriperetur,

728 2050 923 2105 Reiske
951 2049 1233 2111 sulIectus,
1266 2049 1473 2116 reliqua
1514 2062 1543 2099 a
1576 2062 1695 2115 pag.
1726 2046 1826 2099 ΞΠ
1856 2046 1984 2098 ιοιυί
2019 2045 2038 2098 l
2085 2044 2275 2099 Latine
2315 2051 2604 2112 convertit,
2641 2057 2697 2104 et
2724 2050 3151 2104 commentarios
3194 2049 3491 2105 historicos
3526 2059 3688 2117 atque
3734 2048 3965 2102 criticos

729 2149 837 2190 tam
884 2137 1078 2191 doctos
1110 2150 1273 2203 quam
1304 2136 1556 2203 copiosos
1602 2143 1749 2187 tomo
1792 2132 1834 2185 ll
1861 2132 2081 2200 adjecit.
2126 2132 2258 2186 Nam
2290 2135 2498 2191 Leichii
2535 2179 2549 2199 .
2612 2140 2770 2210 cujus
2796 2155 2964 2209 opera
2998 2140 3342 2209 potissimum
3378 2139 3698 2193 versabatur
3730 2138 3783 2190 in
3824 2152 3963 2190 cou-

728 2227 1005 2280 stituenda
1041 2225 1276 2278 lcetione
1311 2235 1366 2276 et
1399 2221 1589 2274 Latina
1638 2220 2112 2290 interpretatione,
2161 2221 2665 2280 animadversiones
2713 2228 2932 2283 intexta
2980 2237 3111 2281 sunt
3160 2225 3459 2280 admodum
3515 2240 3721 2294 paucae.
3776 2223 3966 2276 Editio

727 2326 910 2369 autem
938 2315 1047 2373 illa.
1078 2314 1240 2367 etiam
1286 2312 1570 2380 hucusque
1604 2309 1784 2371 unica,
1815 2317 1897 2363 est
1933 2309 2194 2378 inscripta
2231 2326 2243 2361 :
2271 2309 2603 2367 Constantini
2660 2313 3163 2386 Porpliyrogenneti,
3192 2316 3323 2383 imp.
3357 2309 3964 2380 Cunstantinojiolitani,

727 2408 849 2461 libri
875 2407 975 2457 duo
1006 2405 1067 2457 de
1107 2402 1417 2457 Cerimoniis
1483 2400 1623 2454 aula!
1676 2398 1999 2470 Byzantium.
2038 2398 2306 2452 Prodettnt
2351 2417 2489 2454 nunc
2536 2404 2763 2468 primum
2794 2402 2969 2458 Grece
3008 2420 3127 2456 cum
3180 2402 3371 2456 Latina
3420 2400 3861 2469 interpretatione
3918 2406 3969 2448 et

730 2494 1138 2547 commentariis.
1172 2490 1439 2546 Curarunt
1472 2489 1554 2542 Jo.
1591 2488 1752 2541 Henr.
1802 2488 2035 2541 Leicltius
2081 2497 2128 2539 et
2164 2486 2251 2541 Io.
2282 2487 2399 2541 Jac.
2436 2488 2691 2543 Reiskius.
2726 2491 2913 2543 Tomus
2950 2491 3150 2560 primus
3189 2491 3457 2542 continens
3494 2488 3683 2541 librum
3710 2488 3966 2554 primum.

732 2583 928 2651 Lipsia:
957 2598 1021 2635 ex
1058 2580 1198 2633 oﬂic.
1230 2580 1325 2633 lib.
1384 2596 1397 2632 ι
1458 2579 1545 2631 Fr.
1579 2576 1929 2631 Gleditscliii.
1965 2576 2181 2631 Prostat
2206 2576 2377 2630 Paris.
2404 2576 2545 2645 apud
2576 2576 2850 2636 Briasson.
2891 2577 2941 2632 le
2985 2577 3207 2641 Bretou,
3249 2574 3469 2631 Durand
3501 2587 3555 2629 et
3580 2572 3747 2628 David
3780 2571 3968 2626 l‘alné.

734 2672 797 2725 Α.
843 2671 991 2733 ιτδι,
1018 2670 1143 2738 maj.
1181 2668 1278 2722 fol.
1309 2697 1375 2708 —
1398 2667 1587 2720 Tomus
1618 2666 1878 2718 secundus
1913 2666 2181 2718 continens
2215 2664 2408 2717 librum
2440 2666 2739 2719 secundum.
2773 2666 2911 2720 lbid.
2947 2665 3107 2719 1754.
3141 2665 3384 2734 Longam
3418 2663 3549 2717 tomi
3587 2662 3602 2713 Ι
3650 2674 3968 2722 censuram,

734 2758 921 2811 multis
967 2772 1033 2810 ex
1078 2771 1243 2824 Opere
1275 2754 1510 2807 redactis
1558 2752 1835 2822 excerplis
1888 2761 1943 2805 et
1989 2751 2339 2821 interspersis
2376 2751 2503 2805 hinc
2546 2750 2673 2805 inde
2702 2751 3297 2813 animadversionibus,
3331 2750 3459 2805 fecit
3485 2750 3535 2804 .l.
3560 2748 3630 2803 Μ.
3666 2746 3967 2808 Gesnerus,

738 2846 790 2897 in
824 2844 1201 2898 Relationibus
1251 2841 1319 2897 de
1362 2841 1520 2895 libris
1551 2841 1731 2899 novis.
1760 2856 1812 2893 a.
1847 2839 2006 2903 l752,
2040 2838 2279 2909 Gotting.
2324 2838 2429 2891 vol.
2489 2837 2529 2902 ι,
2565 2837 2699 2893 fasc.
2729 2853 2805 2902 Iv,
2859 2853 2915 2908 ιι.
2944 2836 3202 2901 590-416,
3244 2847 3303 2892 et
3340 2838 3475 2892 tomi
3504 2836 3547 2891 ll
3576 2848 3872 2890 censuram
3909 2832 3970 2886 in

744 2931 852 2983 vol.
887 2929 951 2988 Il.
991 2929 1121 2982 fasc.
1159 2945 1231 2985 ιι.
1265 2945 1317 2981 a.
1349 2928 1505 2991 1754,
1539 2943 1662 2996 pag.
1694 2926 1820 2990 εις),
1864 2926 1986 2979 288.

813 3016 1009 3069 Reiske
1036 3016 1091 3069 in
1125 3015 1331 3085 praefat.
1362 3014 1428 3068 ad
1458 3015 1561 3067 vol.
1601 3014 1617 3066 Ι
1646 3013 1865 3082 c0piose
1897 3012 2141 3075 disserit,
2172 3011 2223 3065 l.
2249 3011 2317 3064 de
2354 3010 2482 3066 latis
2510 3011 2674 3081 hujus
2692 3011 2913 3081 operis;
2948 3010 3002 3065 2.
3029 3011 3098 3067 de
3131 3020 3453 3080 argumento
3486 3009 3637 3064 libri.
3668 3008 3816 3063 Inter
3863 3004 3974 3059 alia

745 3107 853 3177 agit
883 3107 948 3159 de
984 3107 1143 3159 Petro
1173 3105 1451 3172 magistro,
1485 3120 1548 3156 ex
1578 3104 1733 3172 cujus
1762 3118 1950 3171 opere,
1984 3100 2189 3155 dudum
2228 3115 2328 3169 pro
2350 3099 2382 3153 d

2350 3098 2640 3166 deperdita
2674 3099 2884 3162 habito,
2923 3099 3059 3168 Περὶ
3108 3099 3390 3166 πολιτικῆς
3455 3097 3865 3155 καταστάσεως,
3894 3091 3975 3145 De

745 3192 1115 3244 consl‘tulione
1167 3192 1331 3245 civilis
1392 3190 1808 3260 gubernationis.
1841 3187 1926 3255 έν.
1964 3202 2127 3256 supra
2164 3187 2217 3239 in
2241 3186 2349 3239 vol.
2385 3186 2496 3248 Vll,
2532 3202 2653 3256 pag.
2686 3187 2789 3241 538
2826 3186 2935 3256 sq.)
2968 3185 3127 3240 Putat
3170 3185 3368 3241 Reiske
3401 3199 3465 3238 ea
3512 3185 3715 3244 omnia,
3748 3196 3871 3251 qua!
3917 3180 3975 3232 in

746 3278 851 3331 huc
870 3276 1211 3333 Constantini
1263 3277 1616 3331 Ceritnoniali
1640 3292 1670 3330 a
1703 3291 1827 3344 pag.
1858 3274 1985 3336 225,
2013 3274 2122 3327 vol.
2152 3273 2193 3336 Ι,
2223 3288 2342 3341 cap.
2376 3274 2464 3336 84,
2506 3289 2679 3342 usque
2707 3274 2774 3328 ad
2808 3289 2929 3345 pag.
2960 3274 3086 3339 25l,
3119 3289 3239 3342 cap.
3271 3273 3340 3327 96
3380 3273 3657 3341 leguntur,
3692 3271 3821 3324 item
3852 3282 3977 3335 cap.

745 3366 871 3420 libri
908 3383 919 3418 ι
953 3366 1226 3428 ultimum,
1285 3374 1339 3419 et
1370 3364 1512 3418 forte
1535 3379 1752 3433 quoque
1785 3363 1888 3416 alia
1923 3362 2078 3430 plura
2117 3375 2237 3414 esse
2298 3360 2573 3429 decerpta.
2606 3362 2753 3415 Idem
2798 3363 2958 3430 plura
2995 3361 3123 3423 alia,
3151 3369 3342 3414 notatu
3372 3357 3717 3427 dignissima,
3747 3369 3868 3425 quze
3921 3353 3979 3406 in

749 3452 854 3507 hoc
876 3467 1040 3520 Opere
1063 3460 1415 3513 enarrantur,
1441 3450 1683 3520 exponit.
1709 3449 1762 3503 3.
1786 3449 1861 3502 De
1886 3448 2246 3515 inscriptione
2271 3447 2433 3517 hujus
2457 3449 2603 3502 libri.
2626 3451 2677 3504 4.
2706 3450 2783 3505 De
2819 3460 3047 3505 auctore
3078 3450 3232 3503 libri.
3254 3448 3541 3503 Constant.
3570 3445 3838 3514 Porphyr.
3868 3458 3981 3497 non

754 3553 919 3591 unum
950 3553 1067 3591 esse
1099 3539 1279 3607 liujus,
1311 3537 1457 3605 quod
1494 3552 1639 3591 nunc
1670 3536 1900 3589 terimus
1923 3549 2108 3596 manu,
2147 3533 2349 3602 operis,
2371 3549 2417 3588 s.
2442 3538 3128 3604 eostﬁparoqmuctorem,
3163 3534 3379 3597 Reiske,
3409 3542 3467 3587 ut
3502 3547 3666 3601 supra
3693 3532 3803 3599 jam
3831 3528 3980 3582 indi-

752 3625 1016 3687 cavimus,
1064 3624 1203 3678 bene
1238 3624 1505 3693 docteque
1541 3622 1961 3678 demonstravit.
2011 3621 2063 3674 5.
2102 3621 2177 3675 De
2218 3620 2480 3677 exhibitis
2513 3623 2567 3677 in
2603 3624 2708 3677 boc
2734 3624 3016 3678 volumine
3038 3634 3094 3678 et
3128 3623 3183 3676 in
3233 3630 3490 3676 secuturo
3516 3620 3605 3688 (ll)
3631 3616 3980 3674 exhibendis.

758 3713 1094 3766 Promiserat
1129 3712 1325 3765 Reiske
1372 3728 1490 3781 pag.
1532 3729 1560 3765 χ
1593 3712 1700 3765 vol.
1730 3711 1772 3774 l,
1806 3709 2319 3764 animadversiones
2354 3710 2646 3764 historicas
2675 3710 2728 3765 in
2765 3718 2938 3764 totum
2966 3724 3104 3778 opus
3128 3724 3252 3763 eum
3283 3708 3596 3762 Leicbianis
3634 3715 3689 3759 et
3740 3704 3984 3759 indicem

756 3798 1097 3861 Graecitatis;
1127 3799 1220 3853 sed
1257 3800 1309 3851 in
1338 3800 1445 3853 vol.
1476 3799 1518 3852 ll
1550 3799 1617 3852 ad
1654 3798 1816 3851 linem
1848 3796 1973 3851 libri
2012 3796 2174 3865 primi
2228 3797 2748 3851 commentariorum
2807 3796 3271 3866 (doctissimorum
3302 3795 3526 3849 omnino
3574 3801 3631 3847 et
3662 3791 3988 3860 copiosissi-

760 3894 992 3953 morum)
1025 3886 1184 3939 telam
1218 3886 1459 3953 abrupit.
1493 3887 1548 3939 In
1578 3885 1898 3955 praefatione
1928 3885 2150 3954 quidem
2196 3883 2262 3937 ad
2295 3884 2401 3937 vol.
2439 3884 2483 3938 ll
2516 3900 2667 3952 spem
2701 3883 2907 3938 fecerat
2936 3880 3233 3935 voluminis
3266 3880 3360 3942 Ill,
3388 3879 3537 3949 quod
3583 3880 3874 3948 implerent
3924 3892 3990 3931 ea

758 3989 880 4041 quae
911 3974 975 4027 ad
1009 3974 1308 4028 secundum
1343 3975 1543 4027 librum
1575 3984 1630 4027 et
1660 3973 1819 4042 primi
1844 3971 2224 4042 appendicem,
2248 3986 2294 4025 s.
2315 3981 2586 4040 prmeepta
2613 3970 2886 4033 militaria,
2912 3985 3033 4039 qua:
3064 3969 3119 4022 in
3141 3967 3486 4022 eod.eodem
3508 3967 3726 4021 initium
3756 3966 3990 4029 faciunt,

760 4064 997 4119 dicendo
1032 4072 1403 4134 superessent,
1432 4080 1554 4116 eum
1606 4063 1901 4126 indicibus,
1928 4061 2067 4115 forte
2107 4074 2326 4129 quoque
2379 4059 2652 4127 exeerptis
2681 4056 2938 4112 Chronici
2983 4056 3153 4110 Graeci
3186 4055 3381 4109 inediti
3418 4053 3637 4123 Georgii
3691 4053 3994 4106 llamartoli

764 4154 840 4222 (ν.
880 4169 1065 4222 supra,
1105 4154 1211 4206 vol.
1239 4153 1350 4213 VII,
1384 4167 1501 4221 pag.
1534 4152 1638 4206 ωδ
1670 4150 1801 4221 sq.),
1834 4150 1980 4217 quod
2007 4149 2061 4202 in
2098 4147 2232 4201 bibl.
2272 4146 2488 4215 Lipsica
2513 4142 2746 4198 Senatus
2778 4143 2921 4197 inter
2960 4141 3123 4197 codd.
3152 4140 3250 4196 Gr.
3297 4149 3497 4194 msstos
3530 4139 3826 4209 reperitur.
3884 4137 3995 4191 Sed

761 4258 862 4295 cur
906 4243 1126 4295 tertium
1164 4239 1295 4294 illud
1327 4240 1529 4292 volunt.
1558 4241 1843 4307 (quantum
1867 4235 2122 4314 equidem
2150 4233 2289 4300 scio)
2337 4234 2514 4287 lucem
2545 4246 2653 4285 non
2695 4231 2988 4300 aspexerit,
3024 4230 3243 4291 nescio;
3282 4236 3338 4281 et
3381 4238 3560 4281 tamen
3597 4225 3766 4279 index
3805 4224 4001 4291 impri-

767 4329 871 4381 mis
898 4327 1045 4381 utilis
1083 4336 1138 4380 et
1166 4342 1295 4380 vero
1330 4326 1673 4379 necessarius
1702 4324 1863 4377 foret.
1893 4310 2138 4391 Denique
2165 4321 2231 4375 de
2259 4317 2460 4374 tabulis
2486 4318 2675 4380 aeneis,
2709 4317 2899 4385 prima:
2931 4316 3073 4385 parti
3107 4315 3272 4384 hujus
3306 4314 3492 4383 operis
3519 4312 3759 4375 insertis,
3782 4310 3999 4364 addidit

768 4414 1218 4466 admonitionem.
1257 4412 1566 4466 Praefationi
1599 4411 1836 4479 subjecit
1869 4419 1925 4462 et
1953 4408 2144 4462 recudi
2179 4407 2308 4461 fecit
2341 4406 2556 4460 doctam
2594 4404 2801 4458 Leichii
2841 4402 3086 4467 dissert.,
3110 4404 3220 4472 jam
3268 4418 3318 4456 a.
3356 4402 3491 4455 1746
3520 4400 3745 4460 editam,
3780 4397 3855 4451 De
3887 4400 3999 4450 vita

770 4510 817 4552 et
860 4501 1008 4553 rebus
1041 4501 1196 4569 gestis
1244 4498 1575 4553 Constantini
1612 4497 2117 4568 Porphyrogenneti,
2162 4493 2495 4562 imperatoris
2539 4490 2838 4561 Byzantini.
2875 4489 2980 4544 Sed
3022 4489 3285 4544 hactenus
3322 4487 3390 4542 de
3442 4488 3534 4541 illo
3584 4501 3751 4555 opere
3804 4483 3999 4538 Const.

771 4588 1289 4657 Porphjrogenneti.
1320 4586 1486 4641 lima.

850 4674 905 4727 In
934 4673 1067 4727 bibl.
1095 4674 1299 4728 Veneta
1351 4672 1515 4726 Marc.
1542 4672 1668 4726 cod.
1697 4670 1822 4734 634,
1858 4670 2037 4723 chart.
2067 4685 2190 4724 saec.
2254 4669 2385 4722 circ.
2415 4682 2527 4731 xvi,
2556 4666 2802 4719 continet
2845 4663 3053 4734 (nescio
3084 4664 3261 4733 cujus)
3296 4662 3462 4731 amrin
3520 4659 3661 4713 aula:
3698 4657 4007 4714 CPolituna:

772 4771 828 4814 et
856 4760 1004 4815 Festa
1042 4772 1197 4831 atque
1230 4761 1487 4815 solemnia
1517 4761 1751 4830 ejusdem
1785 4758 1942 4822 anlte,
1979 4766 2114 4812 teste
2154 4755 2437 4810 Villoison.
2469 4755 2523 4808 in
2555 4754 2750 4808 Anecd.
2776 4751 2891 4817 Gr.,
2921 4758 3052 4804 tom.
3088 4749 3155 4814 ll,
3195 4764 3315 4819 pag.
3343 4746 3468 4801 2l8.
3504 4745 3671 4799 ΒΑΜ..

2320 4926 2545 4983 NOTAE.

781 5022 939 5145 “‘52).
986 5024 1042 5160 1:
1079 5024 1331 5165 233221;.
1352 5025 1418 5079 ad
1482 5023 1951 5086 Seckendorﬂum,
2010 5038 2130 5092 quae
2158 5030 2336 5076 exstat
2372 5031 2501 5075 tom.
2534 5021 2576 5075 ll
2609 5018 2955 5075 eollcctionis
2998 5014 3624 5072 bladero-Schmidiana:
3692 5012 3765 5066 De
3833 5013 4016 5065 biblio-
