4156 6440
179 432 2964 472 W

234 663 1520 826 CONSTANTINI
1604 656 3333 810 PORPHYROGENITI

1309 1025 2274 1143 IMPERATORIS

670 1378 813 1466 DE
891 1369 1610 1464 CERIMONIIS
1719 1368 2063 1457 AUL/E
2163 1305 2891 1454 nYZANTIM:

1592 1659 1797 1720 LIBRI
1833 1658 1986 1717 DUO

283 1898 502 1945 δικάζεις
534 1897 609 1939 ετ
641 1893 860 1937 ωτικε
893 1893 928 1935 Ε
958 1888 1352 1934 RECENSIONE
1385 1887 1565 1929 JOAN.
1600 1886 1726 1928 JAC.
1754 1884 1924 1927 REISE

1645 1886 1726 1928 κε.
1754 1882 2001 1937 REISKH,
2037 1881 2162 1924 εωι
2187 1882 2461 1927 EIUSDEM
2492 1884 2953 1928 COMMENTARHS
2973 1884 3286 1931 INTEGRIS.

1240 2331 1299 2388 Β.
1333 2329 1406 2389 G.
1444 2327 1863 2387 NIEBUHRII
1920 2326 2322 2387 PREFATIO

1543 2514 1654 2570 (Ed.
1683 2513 1838 2562 Bono.
1866 2512 2032 2569 1829.)

231 2754 302 2807 De
331 2752 692 2807 Constantino
725 2751 1241 2822 Porphyrogenneto
1271 2750 1620 2819 imperatore.
1649 2747 1716 2801 de
1751 2747 1908 2802 libris
1942 2747 2145 2816 quibus
2187 2746 2323 2800 ordo
2349 2747 2486 2801 aula:
2519 2747 2831 2817 Byzantina:
2860 2745 3196 2810 declaratur.
3218 2748 3313 2817 qui
3349 2749 3416 2804 ad

167 2849 311 2900 illum
340 2855 625 2899 auctorem
657 2845 994 2908 referuntur,
1015 2858 1324 2913 eorumque
1360 2841 1551 2895 codice
1582 2838 1879 2907 Lipsiensi.
1919 2837 2078 2903 plene
2110 2834 2529 2902 luculenterque
2557 2849 2587 2888 a
2621 2833 2847 2888 Leichio
2886 2834 3220 2904 Reiskioque
3251 2851 3419 2905 expo-

165 2939 321 2988 situm
356 2945 482 2989 est:
518 2949 619 2988 nos
659 2935 898 2988 breviter
934 2933 1356 3000 explicabimus.
1389 2932 1504 2984 hac
1532 2930 1704 2983 editio
1737 2929 2073 2998 quibusnam
2121 2925 2345 2979 dotibus
2382 2925 2458 2979 illi
2496 2934 2720 2994 praestet
2746 2941 2868 2994 quze
2911 2933 2966 2979 et
3007 2925 3262 2994 princeps
3292 2924 3416 2986 fuit.

163 3037 212 3077 et
243 3025 514 3077 hactenus
543 3023 720 3075 unica.
760 3023 908 3076 Hanc
937 3037 966 3075 a
1003 3021 1226 3075 Leichio
1258 3031 1521 3090 emptam.
1553 3020 1959 3086 itnmaturaqnc
1988 3015 2108 3082 ejus
2137 3026 2314 3068 morte
2349 3015 2640 3083 abruptam
2674 3030 2702 3068 a
2736 3013 2958 3068 Reiskio
2985 3014 3050 3066 ad
3093 3013 3254 3066 linem
3287 3013 3418 3066 torni

165 3113 383 3165 secundi
418 3110 770 3180 perductam.
803 3109 1023 3163 tertium
1069 3110 1349 3162 voluntate
1383 3106 1699 3175 bibliopola:
1741 3106 1834 3173 qui
1871 3104 1948 3155 rei
1981 3100 2266 3155 familiaris
2308 3103 2579 3171 jacturam
2636 3103 2821 3171 augeri
2887 3101 3107 3154 nolebat
3155 3102 3419 3154 omissum

164 3216 294 3260 esse.
331 3199 620 3253 notissima
660 3213 746 3251 res
780 3207 880 3251 cst.
913 3197 1191 3258 Leichius.
1218 3210 1386 3265 pravo
1412 3194 1645 3247 consilio
1675 3207 1826 3252 usus.
1857 3191 1927 3243 ita
1953 3188 2195 3241 conlisus
2218 3198 2301 3242 est
2329 3189 2644 3258 apographo
2680 3205 2778 3257 per
2809 3188 3107 3243 Drandium
3144 3188 3418 3250 conlecto.

168 3299 218 3338 ut
249 3289 338 3340 vix
375 3286 675 3354 inspiceret
705 3285 948 3338 codicem
977 3286 1135 3354 cujus
1178 3283 1462 3352 prtesentis
1495 3281 1651 3349 copia
1685 3289 1823 3338 erat,
1874 3279 2175 3332 editionem
2211 3287 2362 3329 certe
2411 3277 2572 3330 unice
2600 3277 2664 3330 ad
2700 3277 2832 3330 illud
2870 3279 3012 3346 typis
3056 3278 3415 3330 exscriberet.

168 3375 263 3427 Sed
298 3374 578 3434 Reiskius,
610 3383 863 3440 suscepta
897 3373 1081 3442 operis
1115 3386 1267 3434 cura,
1307 3369 1445 3423 nihil
1475 3367 1756 3436 antiquius
1783 3381 1903 3419 esse
1936 3363 2090 3415 duxit
2118 3363 2410 3416 collatione
2455 3364 2683 3424 codicis.
2739 3364 2884 3417 unde
2935 3379 3099 3432 quam
3167 3364 3422 3433 plurimis

171 3466 292 3517 locis
321 3464 659 3517 fcedissitnos
686 3477 903 3515 errores
931 3461 1174 3515 correxit
1205 3479 1219 3525 ;
1251 3460 1424 3514 incisa
1454 3461 1689 3526 integra,
1723 3464 1947 3525 propter
1976 3454 2356 3521 ὁμοιοτέὶευτα
2389 3454 2718 3522 praesertim,
2741 3455 2964 3517 omissa.
2995 3456 3236 3508 restituit
3263 3473 3421 3524 :qn:e

167 3553 338 3603 omnia
370 3552 425 3602 in
455 3550 849 3603 commentario
879 3559 1133 3602 accurate
1162 3548 1444 3609 indicavit,
1479 3547 1531 3599 iu
1569 3548 1754 3614 priore
1781 3555 1935 3612 parte
1958 3558 2079 3611 qua:
2107 3544 2217 3612 jam
2246 3558 2274 3596 e
2307 3544 2460 3610 prelo
2484 3547 2693 3597 exierat
2720 3545 3016 3597 emendare
3049 3560 3155 3597 non
3191 3547 3417 3600 licebat.

173 3639 270 3704 Εέο
306 3655 332 3688 a
371 3636 636 3690 Classeno
675 3650 796 3687 meo
834 3636 1122 3704 impetravi
1154 3644 1211 3686 ut
1247 3634 1438 3686 vitiosa
1473 3633 1816 3691 emendaret.
1853 3646 2044 3682 manca
2076 3632 2380 3698 suppleret.
2408 3647 2531 3699 quae
2567 3647 2631 3683 ex
2667 3647 2832 3701 prave
2864 3631 3068 3685 Graecis
3093 3633 3231 3685 male
3264 3649 3421 3687 versa

169 3733 361 3785 essent.
393 3724 738 3791 corrigeret;
771 3724 952 3776 omnia
979 3738 1044 3776 ex
1082 3735 1264 3775 mente
1300 3723 1504 3775 Reiskii
1536 3740 1545 3773 :
1583 3722 1739 3786 cujus
1767 3719 1841 3771 rei
1869 3729 1922 3771 et
1951 3721 2106 3770 labor
2136 3720 2233 3771 fuit
2269 3736 2375 3771 non
2406 3723 2666 3789 exiguus.
2701 3731 2753 3774 et
2780 3721 2988 3774 fructus
3021 3738 3151 3775 sane
3184 3725 3418 3792 amplus.

173 3813 218 3864 lu
249 3814 612 3880 sequentibus
642 3827 763 3879 qua:
793 3810 1045 3864 Reiskius
1071 3811 1184 3878 ipsc
1218 3811 1517 3867 accuravit.
1553 3809 1688 3860 nihil
1714 3819 1923 3860 mutare
1952 3807 2175 3874 plautit.
2204 3824 2517 3877 quanquam
2549 3811 2657 3871 ille.
2688 3825 2810 3862 cum
2845 3820 3095 3878 portenta
3121 3812 3420 3872 scribendi.

172 3903 339 3965 qualia
379 3901 432 3951 in
472 3899 662 3951 codice
694 3905 931 3956 exstant.
965 3897 1394 3964 manifestosque
1428 3911 1664 3956 errores,
1693 3893 2048 3960 relinqueret.
2083 3895 2186 3947 sibi
2221 3897 2343 3964 ipsi.
2379 3912 2621 3966 mezeque
2668 3900 3062 3952 consuetudini
3112 3902 3425 3956 contrarius

171 3987 340 4038 fuerit.
380 3987 484 4038 Sed
529 3985 785 4038 nolebam
817 3983 1128 4038 festinatius
1162 3998 1342 4050 agere,
1395 3983 1542 4050 quod
1577 3982 1754 4036 facere
1803 3983 2144 4047 debuissem,
2182 3987 2296 4038 otio
2352 3987 2694 4050 destitutus;
2751 3989 2933 4056 itaque.
2987 3991 3422 4056 incommodum,

173 4075 304 4141 quod
338 4078 408 4127 lei
429 4075 514 4127 ius
550 4074 681 4126 mihi
718 4072 1018 4131 rideretur.
1049 4073 1209 4140 elegi.
1241 4071 1375 4124 Cum
1408 4088 1535 4123 vero
1565 4069 1924 4123 concedimus
1951 4085 2057 4122 non
2093 4087 2213 4125 esse
2242 4072 2392 4124 omni
2423 4089 2657 4126 numero
2711 4073 3016 4127 absolutam
3045 4076 3419 4129 recensione-in

179 4161 391 4222 Reiskii,
430 4159 820 4212 commentarii
850 4159 1108 4212 laudibus
1137 4159 1273 4211 nihil
1301 4173 1430 4210 sane
1460 4158 1791 4220 detrahitur.
1822 4171 1932 4224 quo
1959 4158 2050 4211 ille
2083 4173 2170 4211 res
2201 4159 2625 4215 obscurissimas
2649 4173 2914 4230 extraque
2950 4177 3300 4216 communem
3327 4180 3424 4216 co-

179 4249 463 4316 gnitiunem
496 4249 701 4316 positas
736 4248 807 4300 ita
829 4247 1124 4315 explicavit
1158 4255 1214 4298 ut
1244 4244 1575 4315 Lessingius.
1607 4246 1772 4298 etiam
1817 4245 1870 4297 in
1902 4245 1988 4300 his
2021 4246 2224 4299 litteris
2260 4248 2707 4317 sapientissimus
2748 4250 2937 4320 judcx,
2972 4271 2988 4301 ι
3030 4252 3418 4306 admirandum

179 4351 284 4387 esse
317 4350 477 4404 opus.
514 4344 570 4389 et
618 4335 1073 4388 luculentissimis
1105 4333 1269 4402 hujus
1292 4335 1509 4404 generis
1535 4333 2007 4401 aequiparandum,
2054 4355 2070 4385 ι
2115 4339 2509 4404 pronuntiarit.
2565 4339 2738 4408 Hujus
2775 4341 3155 4394 commentarii
3207 4353 3416 4409 partem

184 4427 549 4490 posteriorem,
579 4439 700 4490 qnze
741 4423 1114 4491 Appendicem
1158 4421 1281 4475 libri
1340 4421 1526 4489 primi.
1575 4420 1991 4489 secundumque
2044 4423 2326 4492 integrum
2394 4428 2770 4494 persequitur.
2815 4435 2938 4495 post
2981 4442 3187 4480 annum
3248 4429 3337 4491 75,
3391 4445 3422 4481 e

185 4510 389 4563 schetlis
430 4509 659 4568 lteiskii.
688 4510 743 4561 in
798 4509 1073 4561 \olumine
1127 4507 1295 4576 hujus
1331 4508 1504 4576 partis
1534 4509 1777 4560 secundo
1823 4520 2068 4578 ereptam
2103 4512 2368 4565 obiivioni
2419 4515 2474 4566 in
2511 4514 2686 4566 lucem
2720 4515 3033 4582 proferam;
3086 4514 3248 4584 idque
3286 4517 3419 4569 mihi

187 4599 515 4664 potissimum
569 4597 885 4664 contigisse,
936 4604 1160 4664 propter
1213 4603 1497 4662 paternam
1533 4595 1827 4647 amicitiam
1861 4599 2234 4667 pietatemque
2290 4615 2396 4668 qua
2457 4600 2585 4654 inde
2621 4617 2648 4654 a
2688 4602 2921 4668 pueritia
2959 4601 3280 4655 memoriam
3318 4605 3420 4656 tiri

190 4687 315 4737 unit'i
344 4696 530 4738 sancte
563 4686 744 4738 colere
778 4693 1031 4737 assuetus
1060 4699 1204 4742 sum.
1241 4682 1598 4734 vehementer
1640 4683 1813 4735 la:tor.
1879 4685 2074 4739 Fateor
2106 4702 2234 4741 sane
2290 4689 2478 4742 multis
2529 4691 2665 4741 locis
2717 4689 2937 4752 nonnisi
2992 4690 3247 4743 inchoata
3276 4706 3418 4748 esse.

187 4773 309 4825 lima:
340 4782 576 4834 Servata.
607 4788 770 4841 quam
801 4773 1044 4842 scriptor
1067 4771 1434 4834 adhibuisset.
1470 4772 1574 4823 nisi
1615 4771 1911 4841 bibliopola
1948 4789 2076 4827 eum
2109 4774 2481 4829 destituisset:
2519 4792 2709 4830 verum
2745 4776 2796 4828 id
2829 4775 2996 4829 nitori
3033 4778 3218 4845 potius
3249 4794 3422 4847 quam.

187 4865 344 4928 pretio
375 4861 558 4930 operis
587 4861 764 4914 obest.

245 4947 495 5002 Codicem
528 4948 727 5017 ipsum.
775 4957 831 5001 ut
865 4947 1060 5016 inspici
1085 4957 1267 5016 posset
1299 4947 1390 5001 ubi
1425 4962 1564 5016 opus
1598 4946 1757 5009 foret,
1791 4946 1971 5016 Lipsia
1999 4949 2380 5004 transmissum
2424 4967 2572 5011 esse.
2604 4952 2902 5014 Bluumeri.
2939 4969 2990 5006 ν.
3027 4955 3122 5014 c|..
3157 4953 3420 5009 humani—

187 5039 267 5088 tati
299 5037 714 5103 litterarumque
751 5036 946 5098 amori,
978 5045 1054 5099 et,
1081 5035 1188 5089 nisi
1220 5050 1302 5088 me
1334 5037 1647 5104 conjectura
1677 5035 1900 5103 decipit.
1927 5037 2182 5089 amicitia:
2210 5039 2624 5107 patrocinioque
2658 5040 2958 5094 llermanni
2998 5041 3194 5095 debeo.

246 5124 365 5177 Seio
402 5140 524 5193 ego.
558 5123 728 5175 libros
759 5121 1220 5176 Contantinianos
1249 5121 1316 5177 de
1357 5123 1699 5185 cerimoniis,
1734 5138 1872 5189 quos
1896 5124 2181 5192 inscriptio
2218 5127 2332 5193 ipsa
2364 5127 2512 5180 circa
2539 5143 2710 5196 nugas
2739 5128 2942 5181 versari
2974 5129 3182 5196 prodit.
3211 5145 3242 5183 a
3293 5130 3419 5198 plu--

186 5212 324 5262 rimis
351 5211 632 5264 contemni
665 5211 821 5278 plane
853 5225 916 5264 ac
946 5210 1226 5264 derideri:
1262 5225 1440 5278 neque
1476 5211 1684 5279 negabo
1720 5212 1978 5278 majorem
2003 5211 2201 5279 prioris
2228 5213 2353 5266 libri
2387 5224 2598 5281 partem
2650 5216 2721 5268 ita
2766 5230 2885 5268 esse
2934 5225 3305 5285 comparatam
3359 5231 3424 5271 us

185 5301 412 5368 ingenuo
453 5297 661 5350 homini
697 5313 956 5352 nauseam
1003 5310 1240 5353 moveat.
1269 5298 1373 5353 Sed
1407 5299 1490 5352 vel
1533 5301 1584 5351 in
1620 5299 1705 5351 his
1728 5297 2041 5366 quisquiliis
2071 5298 2259 5353 insunt
2300 5301 2659 5354 nihilominus
2698 5317 2787 5355 res
2817 5301 2884 5355 ad
2933 5303 3178 5357 historiae
3226 5307 3417 5374 cogni-

182 5385 373 5437 tionem
401 5385 624 5437 minime
662 5384 920 5438 inutiles:
955 5395 1066 5438 tum
1102 5401 1233 5439 vero
1259 5386 1345 5438 illa
1379 5386 1684 5454 praesertim
1730 5385 1782 5438 in
1813 5387 2172 5455 sequentibus
2197 5403 2319 5457 quae
2349 5405 2411 5442 cx
2447 5391 2606 5443 Petro
2651 5390 2918 5454 Patricio.
2955 5394 3155 5461 partim
3213 5397 3418 5448 omisso

183 5474 290 5538 ejus
323 5472 568 5533 nomine,
604 5472 796 5525 hausta
837 5481 988 5536 sunt,
1013 5488 1122 5527 non
1150 5473 1328 5527 solum
1369 5474 1658 5526 utilitatem
1695 5472 1903 5528 habent
1944 5475 2223 5539 eximiam.
2266 5476 2359 5530 sed
2397 5478 2722 5547 elegantiam
2755 5495 2974 5548 quoque
3007 5498 3022 5545 ;
3075 5497 3253 5551 neque
3304 5482 3418 5536 fere

183 5560 266 5613 alii
299 5561 462 5629 hujus
485 5559 736 5627 corporis
769 5559 914 5613 libro
945 5560 1259 5629 praestantia
1292 5560 1517 5614 cedunt.
1555 5559 1838 5616 Delitescit
1866 5564 1920 5617 in
1955 5563 2041 5628 iis,
2079 5573 2138 5618 ut
2169 5581 2282 5620 rem
2315 5569 2569 5637 exemplo
2598 5578 3052 5634 commonstrem,
3079 5570 3279 5627 Leonis
3305 5573 3418 5626 Au-

185 5647 318 5713 gusti
352 5647 615 5706 edictum.
647 5645 792 5714 quod
827 5662 924 5717 per
947 5663 1126 5702 annos
1157 5649 1321 5719 paulo
1372 5648 1554 5702 minus
1593 5648 1660 5702 80
1706 5649 1832 5705 inde
1889 5652 2212 5722 protrahere
2271 5655 2632 5725 neglexerunt
2656 5657 2747 5725 qui
2791 5657 3052 5726 augendzc
3107 5661 3417 5714 collectioni

185 5735 532 5804 reliquiarum
558 5735 702 5804 juris
729 5735 1227 5793 Ante-Justinianei
1266 5751 1489 5806 operam
1524 5736 1815 5791 dederunt.

242 5819 355 5875 Scr.
386 5822 587 5878 Bonna
628 5839 681 5879 a.
709 5823 763 5878 d.
797 5840 826 5871 ν
858 5824 935 5880 ω.
978 5825 1130 5878 Mart.
1170 5821 1584 5877 .‘llDCCCXXlX.
