4156 6440
704 432 777 496 35
1941 425 2152 485 JOAN.
2194 424 2340 485 JAC.
2388 422 2681 483 llElSKlI
2816 436 2817 439 ‘
3875 414 3943 479 36

1870 578 1935 585 ...υ
1982 576 2660 585 α--ν-α-κσς--η--ς--κο

3159 574 3323 582 ____.._
3368 575 3433 580 ..μ
3454 569 3828 585 _*—————-

1026 744 1423 859 JOAN.
1529 740 1824 855 JAC.
1918 738 2438 851 REISKII
2524 736 3597 851 PREFATIONES.

1685 1130 1832 1217 AD
1876 1124 2343 1218 TOMUM
2454 1127 2974 1217 PRIMUM.

785 1490 912 1562 (Ed.
932 1487 991 1541 L.
1016 1483 1085 1555 1.]
1109 1483 1244 1539 Cum
1276 1498 1359 1545 ea,
1396 1479 1461 1535 de
1487 1479 1687 1549 quibus
1718 1475 2002 1531 admoneri
2035 1473 2281 1529 futurum
2311 1476 2360 1533 Α
2387 1470 2611 1526 biennio
2637 1481 2779 1542 post.
2806 1469 2888 1526 Ab
2920 1487 2987 1526 eo
3034 1472 3158 1527 inde
3186 1482 3433 1542 tempore
3461 1471 3582 1545 [ΕΔ.
3623 1475 3684 1530 L.
3713 1476 3780 1548 ll]
3814 1494 3949 1547 pro.

719 1583 881 1650 hujus
924 1577 1050 1631 libri
1106 1576 1370 1629 lectorem
1431 1572 1509 1624 fas
1545 1580 1648 1632 est,
1704 1578 1783 1621 tot
1825 1568 1935 1621 sint
1968 1580 2199 1620 numero
2226 1572 2281 1617 et

716 1682 974 1727 enarratu
1009 1680 1117 1724 tam
1155 1667 1353 1735 ampla,
1391 1676 1448 1718 ut
1484 1680 1611 1724 una,
1641 1662 1851 1715 modica
1898 1668 2044 1713 certe
2075 1658 2280 1718 futura,

717 1764 1103 1818 dissertatione
1135 1756 1526 1826 comprehendi
1559 1761 1855 1823 nequeant,
1885 1752 2111 1819 aliasque
2143 1766 2282 1818 prm-

720 1869 868 1909 tnrea
902 1863 1085 1906 vetent
1117 1852 1356 1904 rationes
1388 1847 1570 1901 omnia
1611 1860 1732 1915 qua:
1778 1844 1831 1897 in
1868 1850 2118 1911 promptu
2155 1849 2283 1892 sunt

720 1949 880 2001 simul
912 1944 1193 1999 eifundere
1223 1961 1235 1994 :
1276 1942 1451 1994 visum
1486 1950 1567 1993 est
1598 1952 1817 2007 operam
1848 1934 2057 2005 partiri,
2098 1942 2153 1986 et
2182 1932 2285 1984 hoc

720 2039 938 2107 quidem
964 2037 1081 2087 loco
1115 2042 1321 2087 tantum
1350 2034 1415 2084 de
1444 2030 1567 2083 fatis
1598 2031 1779 2098 hujus,
1808 2027 1952 2096 quod
1986 2040 2129 2079 nunc
2163 2040 2286 2093 pro-

719 2132 819 2191 dit,
846 2130 1027 2197 operis
1049 2124 1509 2185 Constantiniani,
1532 2124 1657 2176 item
1682 2123 1748 2175 de
1772 2121 1918 2173 illius
1940 2130 2280 2187 argumento,

724 2222 883 2272 titulo
915 2230 969 2272 et
1001 2227 1226 2270 aut-tore
1260 2216 1568 2274 disserere;
1603 2212 1761 2266 alteri
1794 2220 1976 2263 autem
2015 2208 2282 2261 volumini

724 2329 845 2364 mox
886 2319 1144 2365 secuturo
1178 2308 1386 2376 reliqua
1424 2321 1729 2367 reservare,
1785 2303 1850 2357 de
1880 2301 2082 2371 quibus
2118 2316 2283 2370 expo-

721 2404 975 2456 sitionem
1012 2399 1259 2468 pr:efatio
1283 2398 1472 2451 lectori
1506 2398 1688 2450 debet.

794 2497 820 2564 ξ
857 2497 903 2547 Ι.
936 2493 1008 2546 De
1033 2494 1157 2559 {uiis
1180 2492 1332 2560 hujus
1365 2490 1556 2559 operis.
1580 2518 1647 2526 —
1674 2488 1822 2556 Opus
1853 2496 1959 2539 tam
2005 2486 2201 2539 scitum
2230 2495 2286 2538 ct

724 2588 875 2645 utile,
905 2596 1066 2652 atque
1112 2585 1213 2636 hoc
1240 2591 1342 2643 est,
1382 2582 1625 2650 potuisse
1658 2596 1754 2649 per
1802 2590 1880 2634 tot
1910 2580 2107 2633 s:ecula
2153 2578 2286 2633 scri-

722 2690 940 2749 ptorum
995 2678 1307 2730 Gneeorum
1364 2673 1825 2741 Latinorumque,
1884 2679 2157 2739 quotquot
2219 2669 2287 2721 ab

722 2771 841 2835 ejus
871 2766 1147 2819 natalibus
1179 2764 1303 2816 inde
1350 2764 1690 2822 claruerunt,
1724 2760 1967 2813 onmium
2033 2758 2283 2811 notitiam

720 2858 984 2927 effugere,
1013 2857 1257 2924 profecto
1280 2854 1477 2907 mirum
1499 2861 1602 2910 est.
1630 2853 1930 2920 pravsertim
1956 2852 2008 2903 in
2031 2851 2143 2904 acri
2174 2851 2283 2910 ilia,

721 2966 827 3019 qua
860 2950 1113 3017 superius
1144 2947 1399 3000 sreculum
1440 2944 1704 3006 fervebat,
1751 2944 2095 3013 indagatione
2132 2943 2290 2994 char-

725 3052 902 3092 tarum
932 3039 996 3091 ad
1034 3036 1385 3107 Byzantinam
1418 3035 1701 3089 historiam
1736 3034 2152 3104 pertinentium.
2176 3032 2289 3087 Pri-

724 3148 845 3184 mus
877 3140 1055 3184 autcm
1088 3128 1382 3182 Zacharias
1409 3128 1692 3183 Conradus
1733 3127 2151 3186 Uﬂ‘cnbachius.
2181 3127 2289 3179 rei-

724 3224 958 3291 publicae
988 3222 1426 3275 Francofurtance
1456 3220 1520 3274 ad
1550 3220 1783 3274 anum
1815 3220 2091 3289 quondam
2114 3220 2291 3273 scabi-

725 3328 829 3365 nus
867 3322 922 3365 et
972 3311 1297 3372 consularis,
1334 3311 1533 3364 librum
1566 3312 1712 3365 hunc
1766 3312 1819 3364 in
1862 3311 2059 3365 famam
2118 3312 2287 3371 misit,

723 3405 844 3472 ejus
894 3405 1143 3457 notitiam
1192 3405 1430 3465 edendo,
1476 3421 1597 3472 qua:
1637 3421 1702 3457 ex
1763 3404 2002 3457 celeber.
2056 3404 2287 3457 Fabricii

724 3494 1027 3549 Bibliothec.
1076 3496 1240 3551 Crwc.
1282 3507 1427 3549 torno
1464 3495 1551 3558 Vl,
1578 3496 1858 3549 iuferiusa
1883 3497 2083 3550 nostris
2107 3498 2291 3565 operis

729 3596 1033 3655 repetetur.
1080 3588 1155 3641 Ex
1193 3588 1529 3642 ljflenbachii
1578 3590 1923 3657 possessione
1959 3591 2203 3657 pervenit
2238 3590 2289 3642 in

727 3678 1114 3731 bibliothecam
1148 3681 1552 3748 ampl.senalus
1586 3680 1738 3733 urbis
1766 3689 1985 3739 nostra.
2006 3696 2126 3749 qua;
2152 3683 2291 3749 opti-

728 3769 829 3821 mis
884 3770 1037 3822 libris
1086 3771 1348 3823 instructa
1412 3770 1648 3824 eruditis
1702 3770 2041 3825 nostratibus
2099 3788 2293 3839 magno

729 3861 854 3915 usui
902 3871 1003 3913 est.
1060 3861 1135 3914 Ita
1188 3862 1411 3925 factum,
1450 3872 1507 3915 ut
1556 3863 1928 3931 amplissimus
1969 3863 2291 3922 Mascovins,

724 3956 844 4022 ejus
880 3953 1186 4022 przefcctus,
1218 3953 1300 4006 Jo.
1335 3954 1500 4006 llcnr.
1537 3952 1841 4011 I.e.icliium,
1871 3968 2045 4022 nuper
2078 3953 2129 4004 in
2162 3953 2201 4005 Α
2241 3970 2296 4004 a-

730 4043 907 4095 demia
939 4052 1123 4094 nostra
1160 4043 1557 4111 elegantiarum
1595 4044 1900 4095 litterarum
1931 4044 2295 4112 professorem

727 4132 1112 4194 clarissimum,
1168 4134 1259 4201 qui
1311 4150 1429 4185 eam
1480 4150 1506 4187 a
1544 4135 1717 4202 prima
1769 4135 2135 4187 adolescentia
2190 4138 2366 4229 irc—C

728 4232 996 4291 quentare
1027 4235 1414 4284 consueverat,
1442 4226 1507 4277 ad
1555 4225 1829 4279 edendum
1861 4243 2000 4295 Opus
2027 4226 2293 4282 hactenus

729 4313 995 4366 ineditum
1028 4316 1320 4367 excitaret.
1372 4316 1490 4367 ,1.ιιιι
1548 4327 1707 4369 antea
1765 4318 1815 4370 id
1878 4318 2019 4371 idem
2069 4320 2295 4372 molitus

730 4407 906 4454 fuerat
946 4404 1027 4456 Jo.
1068 4405 1289 4459 llenric.
1346 4407 1538 4468 .\l:i;us,
1586 4408 1636 4459 in
1694 4409 1985 4462 Academia
2035 4409 2291 4463 Giessaua

729 4496 1002 4561 quondam
1033 4496 1232 4549 erca:
1260 4508 1313 4551 et
1350 4500 1698 4552 orientalium
1745 4501 2050 4569 linguarum
2091 4502 2294 4570 profes-

729 4600 839 4637 sor.
881 4585 1136 4639 Testatur
1180 4587 1232 4638 in
1266 4587 1541 4658 Catalugo,
1574 4607 1733 4658 quem
1775 4593 2031 4653 confecit,
2063 4594 2293 4645 codicum

732 4679 1207 4744 marmscriplorum
1248 4680 1562 4733 bibliotheca’
1606 4681 2039 4749 L’ﬂ'eubacliiattw,
2072 4701 2129 4737 se
2169 4685 2293 4737 libri

732 4767 894 4835 hujus
942 4767 1187 4823 Latinam
1249 4770 1763 4838 interpretationem
1817 4775 2141 4836 confecisse,
2177 4792 2296 4829 cer-

732 4866 949 4924 tamque,
973 4859 1230 4912 editionis
1258 4876 1410 4927 spem
1441 4862 1687 4915 facit.-.~\t
1722 4879 1784 4916 ea
1809 4865 2031 4933 quidem
2063 4882 2186 4919 cum
2219 4868 2294 4935 ip-

732 4946 850 4998 sius
895 4946 1047 4998 obitu
1100 4948 1413 5010 decollavit,
1455 4967 1651 5020 neque,
1685 4968 1796 5021 quo
1849 4953 2133 5009 devenerit
2178 4960 2297 5027 ejus

733 5041 1138 5111 interpretatio,
1180 5055 1412 5099 constat.
1451 5046 1740 5115 Specimen
1789 5051 1928 5119 ejus,
1960 5052 2103 5106 unde
2146 5055 2291 5107 aesti-

733 5134 868 5187 mari
899 5144 1085 5203 queat,
1130 5136 1364 5189 habetur
1399 5139 1450 5191 in
1488 5141 1650 5193 modo
1683 5142 1904 5197 laudato
1946 5146 2209 5215 catalogo,
2240 5156 2295 5199 et

732 5226 874 5295 apud
909 5226 1233 5281 Fabricium.
1270 5230 1464 5284 Omine
1516 5233 1682 5301 igitur
1717 5235 2000 5304 aliquanto
2041 5239 2293 5307 auspica-

736 5319 871 5371 tiore
933 5318 1230 5373 editionem
1300 5322 1483 5388 operis
1538 5322 1994 5380 desideratissimi
2060 5330 2297 5397 suscepit

732 5411 863 5463 clar.
894 5410 1168 5475 Leichius,
1205 5414 1289 5465 vir
1310 5412 1496 5468 ϐτωερ
1523 5415 1826 5485 batineque
1852 5419 2224 5486 doctissimus,
2244 5432 2297 5473 et

2383 1563 2553 1616 cessit
2602 1562 2890 1631 impressio
2946 1563 3113 1616 variis
3155 1564 3457 1632 intercepta
3515 1566 3950 1635 impedimentis.

2384 1654 2560 1707 donec
2602 1653 2819 1707 tandem
2858 1654 3162 1721 superioris
3202 1657 3329 1708 anni
3369 1657 3591 1711 ineunte
3630 1668 3816 1712 astate
3851 1659 3953 1712 do-

2384 1746 2689 1798 ctissimum
2732 1744 3024 1807 editorem,
3084 1745 3192 1800 vita
3249 1746 3495 1811 longiore
3539 1749 3949 1818 dignissimum,

2386 1846 2438 1888 et
2470 1837 2685 1904 egregia
2721 1836 3155 1904 promittentem,
3187 1839 3333 1891 acuti
3367 1841 3541 1893 morbi
3571 1842 3653 1894 vis
3690 1843 3742 1894 in
3769 1844 3955 1897 aetatis

2384 1926 2518 1978 flore
2554 1927 2787 1981 tolleret.
2816 1927 3183 1982 Perveneram
3208 1937 3320 1982 tum
3349 1932 3609 1999 temporis
3631 1935 3954 2003 typographi

2387 2033 2559 2087 usque
2590 2017 2655 2071 ad
2716 2022 2964 2088 paginam
2997 2020 3162 2089 hujus
3213 2022 3474 2075 editionis
3512 2024 3632 2077 2H3.
3689 2025 3955 2078 Devolnta

2387 2110 2649 2180 deinceps
2676 2127 2743 2165 ex
2778 2127 3099 2181 magnorum
3132 2114 3376 2166 virormn
3413 2115 3479 2168 de
3509 2117 3643 2169 meis
3692 2118 3959 2185 profecti-

2389 2204 2490 2255 bus
2522 2204 2757 2273 beniguo
2785 2205 2994 2273 judicio
3027 2206 3288 2259 editionis
3335 2208 3675 2261 absolvenda:
3707 2225 3836 2260 cura
3886 2210 3956 2259 ad

2391 2311 2473 2349 me
2491 2294 2609 2348 fuit.
2639 2294 2768 2361 Quae
2796 2297 2959 2365 igitur
2980 2312 3064 2358 ea,
3085 2313 3246 2365 quam
3267 2298 3399 2360 dixi,
3426 2300 3617 2368 pagina
3644 2301 3951 2367 posteriora

2388 2396 2535 2449 sunt,
2560 2403 2759 2441 excusa
2798 2388 3019 2441 fuerunt
3050 2388 3154 2441 sub
3192 2390 3327 2441 meis
3365 2392 3562 2450 oculis,
3592 2401 3645 2443 et
3671 2407 3752 2443 eti
3774 2390 3922 2444 uden

2392 2491 2477 2533 tur
2510 2496 2691 2548 porro,
2727 2479 2938 2534 favente
2972 2480 3104 2543 Deo,
3137 2498 3256 2550 quae
3286 2492 3597 2549 supersunt.

2460 2570 2486 2641 §
2517 2573 2568 2625 2.
2609 2570 2682 2623 De
2723 2582 3032 2640 argumcnto
3063 2572 3203 2624 libri.
3232 2604 3299 2611 —
3325 2573 3379 2626 Si
3415 2576 3541 2643 quis
3586 2575 3687 2627 hoc
3732 2577 3957 2638 smculo,

2389 2671 2444 2715 ct
2475 2677 2612 2730 pene
2651 2660 2883 2716 dixerim
2921 2678 3181 2730 unquam,
3228 2664 3280 2716 in
3313 2665 3483 2716 lucem
3513 2665 3695 2717 editus
3725 2666 3827 2718 fuit
3857 2681 3958 2720 co-

2390 2754 2710 2821 gnosccnda:
2730 2755 2984 2823 Augusta:
3010 2755 3263 2809 Romanae
3279 2756 3692 2825 Byzantiumque
3716 2758 3962 2813 historiae

2394 2846 2543 2898 utilis
2569 2846 2730 2909 liber,
2771 2859 2855 2900 est
2885 2862 3015 2900 sane
3048 2848 3157 2901 hic.
3208 2846 3391 2916 Neque
3426 2849 3699 2903 immerito
3750 2853 3802 2904 in
3838 2854 3961 2920 ejus

2391 2942 2723 2995 desiderium
2747 2954 3069 2997 exarserunt
3091 2946 3313 3008 eruditi,
3344 2961 3408 2998 ex
3434 2963 3542 3014 quo
3570 2960 3955 3016 argumentum

2389 3044 2445 3087 et
2479 3036 2714 3103 pretium
2758 3036 3095 3089 intellexere.
3125 3036 3191 3089 Et
3221 3053 3373 3096 sane,
3402 3038 3445 3090 si
3478 3040 3601 3105 quis
3631 3054 3818 3091 secum
3872 3056 3960 3091 re-

2392 3132 2547 3193 putet
2596 3125 2741 3179 hunc
2772 3126 2969 3178 librum
3007 3126 3075 3181 de
3105 3127 3422 3181 cerimoniis
3460 3129 3597 3181 aula:
3647 3128 3960 3197 Byzantina:

2390 3232 2683 3287 exponere,
2714 3220 3024 3288 recolatque
3048 3220 3251 3283 animo,
3279 3230 3413 3288 quot
3439 3230 3495 3272 et
3538 3236 3700 3288 quam
3741 3222 3963 3276 diversa

2393 3312 2446 3363 in
2479 3311 2619 3363 aulis
2650 3326 2989 3363 summorum
3030 3312 3336 3380 principum
3368 3327 3466 3365 usu
3514 3313 3754 3372 veniant,
3795 3321 3847 3365 et
3904 3314 3961 3365 id

2391 3416 2609 3469 quoque
2651 3400 2865 3454 tandem
2902 3403 3185 3471 intelligat.
3212 3404 3389 3455 aulam
3418 3403 3792 3472 Byzantinam,
3821 3420 3961 3472 qua-

2390 3494 2459 3546 lis
2513 3505 2660 3548 certe
2722 3495 3311 3565 Porphyrogenitorum
3357 3506 3598 3563 tempore
3647 3504 3783 3559 erat,
3838 3512 3964 3550 um—

2394 3586 2487 3639 bra
2515 3605 2543 3637 ιι
2584 3587 2788 3641 veteris
2818 3589 3073 3656 Augusta:
3120 3589 3374 3641 Romana:
3430 3588 3632 3641 fuisse:
3676 3588 3834 3643 facile
3871 3591 3963 3643 ille

2393 3677 2679 3729 allirmanti
2713 3679 2922 3737 credat,
2948 3694 3125 3746 neque
3152 3693 3366 3731 sacrum
3400 3693 3540 3740 esse,
3575 3695 3751 3747 neque
3782 3680 3963 3747 profa-

2395 3785 2547 3833 num,
2579 3770 2823 3824 historia:
2851 3772 3052 3823 veteris
3076 3781 3481 3841 argumentum,
3518 3772 3660 3840 quod
3702 3773 3789 3825 hic
3823 3773 3967 3824 liber

2396 3876 2503 3913 non
2534 3862 2785 3929 attingat,
2822 3877 2928 3914 non
2958 3862 3215 3915 illustret.
3248 3862 3302 3915 Si
3344 3878 3508 3930 quem
3549 3852 3748 3914 rituum
3790 3864 3970 3915 eccle-

2397 3951 2740 4006 siasticarum
2775 3954 3020 4006 studium
3051 3955 3218 4021 capit,
3256 3962 3548 4021 cognoscat
3603 3953 3749 4009 hinc.
3789 3954 3968 4021 qualis

2397 4042 2562 4096 fuerit
2590 4043 2843 4097 Ecclesia:
2868 4044 3067 4096 Graeca:
3106 4036 3273 4096 facies
3297 4044 3508 4096 decimo
3539 4053 3658 4112 post
3686 4044 3723 4096 Ν
3764 4043 3825 4095 C.
3863 4059 3968 4095 δτι·-

2399 4136 2543 4198 culo,
2573 4150 2694 4204 qua:
2722 4136 3071 4203 legendorum
3113 4137 3553 4203 patriarcharum
3586 4137 3745 4195 ratio,
3787 4136 3969 4202 quaiis

2400 4245 2592 4281 eorum
2637 4243 2760 4281 cum
2806 4229 2919 4281 suis
2965 4228 3388 4296 imperatoribus
3436 4227 3797 4283 cmsuetudo.
3846 4243 3972 4293 qua:

2399 4320 2709 4375 Crtecarum
2762 4320 3119 4373 ecclesiarum
3170 4327 3351 4385 partes
3412 4327 3468 4369 et
3518 4328 3815 4377 Structura,
3846 4333 3971 4385 qua:

2404 4414 2653 4466 instituta
2676 4410 2989 4464 celebrandi
3026 4409 3197 4463 divini
3234 4411 3435 4467 cultus,
3492 4426 3585 4476 qui
3639 4410 3758 4476 ejus
3810 4409 3971 4459 mini-

2402 4506 2523 4563 stri.
2552 4504 2677 4572 quis
2705 4502 2841 4555 ordo
2879 4501 3142 4555 festorum
3190 4500 3428 4561 dierum,
3460 4516 3581 4567 quae
3630 4515 3798 4552 sacrae
3842 4514 3971 4567 pro.

2402 4596 2700 4656 cessiones,
2731 4609 2887 4662 quas.
2916 4593 3119 4660 quibus
3148 4591 3364 4645 diebus.
3412 4591 3476 4642 ad
3513 4591 3659 4642 :edes
3691 4599 3971 4642 monaste-

2404 4689 2547 4740 riave
2580 4686 2905 4740 celebriora.
2928 4685 3127 4737 Rerum
3158 4692 3339 4735 autem
3369 4683 3611 4734 civilium
3640 4682 3978 4750 contempla-

2405 4779 2479 4829 tio
2503 4777 2547 4830 si
2572 4791 2733 4845 quem
2760 4774 2930 4842 magis
2954 4772 3209 4830 delectat.
3232 4782 3417 4824 vastus
3445 4772 3521 4825 illi
3548 4786 3603 4824 se
3633 4786 3857 4838 campus
3882 4772 3974 4823 hic

2406 4870 2592 4938 pandit
2640 4877 2885 4937 spectato
2936 4867 3132 4937 dignus
3188 4869 3393 4936 pariter
3457 4877 3620 4935 atque
3673 4865 3971 4935 jucundus.

2402 4962 2669 5015 Creantur
2701 4959 2954 5029 Augusti,
2996 4958 3279 5013 celebrant
3305 4958 3544 5027 nuptias,
3575 4967 3973 5026 susceptosqoe.

2406 5054 2819 5108 recensliberos
2844 5063 3037 5107 curant
3092 5066 3250 5104 sacro
3272 5052 3489 5104 lavacro
3526 5050 3579 5101 in
3603 5050 3833 5102 ecclesia
3880 5066 3973 5101 cv-

2403 5148 2541 5216 piari
2561 5164 2574 5208 ;
2594 5143 3207 5211 conferuntdignitates,
3232 5142 3295 5194 ad
3324 5141 3634 5195 suburbana
3659 5140 3855 5209 palatia
3882 5156 3975 5191 ru-

2404 5236 2678 5297 sticatum,
2698 5234 3113 5294 vindemiatum,
3136 5232 3263 5285 item
3291 5230 3359 5284 ad
3387 5231 3579 5283 horrea
3609 5230 3845 5297 publica,
3868 5245 3938 5281 an
3964 5260 3970 5267 ~

2406 5342 2603 5379 nonam
2638 5324 2911 5379 conditam
2939 5333 3265 5392 spectatum,
3296 5322 3638 5389 procedunt;
3664 5320 3971 5386 excipiunt,

2406 5418 2561 5472 aliter
2578 5416 2924 5485 quotidianas
2941 5430 3226 5483 procerum
3247 5414 3601 5466 salutationes
3627 5413 3781 5464 aliter
3802 5421 3977 5465 statas

735 5503 790 5555 in
824 5501 972 5554 omni
1000 5512 1186 5557 vetere
1238 5518 1486 5573 novaque
1520 5506 1747 5560 historia
1791 5511 2212 5570 versatissitnus.
2246 5524 2300 5566 et
2328 5517 2379 5576 D
2406 5509 2801 5572 solemniores;
2829 5515 3087 5577 perorant
3128 5507 3181 5559 in
3207 5505 3722 5572 silentiis,spectant
3755 5503 3970 5567 circen-

733 5593 962 5660 primam
1003 5592 1221 5660 quidem
1265 5594 1384 5662 ejus
1427 5610 1577 5663 spem
1610 5596 1844 5651 faciebat
1891 5614 2035 5653 anno
2062 5600 2205 5655 1745
2240 5603 2292 5655 in

733 5684 916 5737 libello
943 5681 1015 5735 De
1049 5682 1306 5753 Diptyrlii:
1324 5696 1575 5745 veterum.
1604 5704 1725 5759 pag.
1749 5690 1814 5744 10
1833 5706 1976 5761 sqq.,
2007 5693 2100 5746 ubi
2121 5702 2291 5747 totum

732 5785 893 5841 caput
935 5774 1413 5844 quadragesimum
1468 5782 1693 5834 secundi
1735 5782 1861 5836 libri
1899 5792 2129 5854 utroque
2177 5801 2289 5837 ser-

736 5882 893 5918 mone
929 5868 1199 5936 vulgavit;
1249 5868 1417 5939 ipsam
1452 5886 1577 5925 vero
1626 5872 1925 5928 editionem
1973 5875 2291 5929 ordiebatur

2402 5614 2516 5653 sem
2545 5600 2835 5659 insaniam,
2873 5597 3105 5650 audiunt
3138 5596 3434 5650 factionum
3462 5594 3882 5647 acclamationes
3915 5605 3972 5645 et

2401 5690 2787 5761 “agitationes,
2808 5689 3027 5758 prtemia
3056 5688 3187 5741 dant
3214 5685 3419 5755 aurigis
3444 5684 3768 5741 victoribus.
3791 5682 3972 5735 mi~~i-

2398 5782 2469 5835 lia
2498 5788 2783 5849 spargunt,
2809 5781 3132 5850 pyrrhichas
3157 5788 3210 5833 et
3234 5780 3389 5832 ludos
3409 5777 3672 5833 Gothicos
3693 5786 3971 5846 speetant.

2400 5884 2544 5938 vota,
2564 5873 2852 5937 brumalia,
2874 5874 3081 5927 natales
3103 5883 3258 5926 ortus
3286 5871 3610 5941 imperiique
3633 5881 3688 5925 et
3710 5868 3974 5922 connubii
