4156 6440
115 415 173 473 3';
1442 404 2010 462 enrarrrnrves.
3295 408 3363 461 pg

114 526 187 578 sui
227 523 530 583 celebrant,
562 519 780 573 divinas
803 519 996 588 epulas
1018 517 1303 580 exhibent,
1333 527 1468 570 eunt
1497 517 1549 569 in
1575 516 1686 568 bel-
1720 533 1759 582 Α

114 618 241 674 lum,
265 620 431 680 agunt
464 609 518 662 in
543 609 759 671 castris,
791 608 1024 661 redeunt
1046 607 1100 660 in
1127 606 1317 660 urbem
1345 606 1688 675 triumphan-

113 716 210 764 tes,
234 704 514 771 victasque
535 701 746 754 calcant
770 715 958 768 regum
983 699 1259 761 cervices;
1280 697 1551 767 stipendia
1583 696 1654 748 mi
1677 724 1687 736 -

113 793 297 848 litibus
317 800 566 863 erogant,
600 791 884 844 instruunt
908 799 964 842 et
989 788 1291 857 expediunt
1320 791 1545 850 classes,
1586 787 1684 839 ad-

114 889 334 939 mittunt
387 886 596 952 legatos
638 892 959 936 exterorum
1008 881 1344 949 principum,
1397 895 1528 933 suos
1585 881 1684 947 ipsi

113 980 384 1045 ablegant,
436 989 688 1043 pompam
740 983 797 1026 et
830 973 1016 1025 luxum
1046 987 1267 1026 onmem
1322 986 1482 1024 suum
1518 972 1686 1039 expli-

115 1080 254 1129 cant,
284 1076 526 1136 egestate
554 1067 756 1134 passim
787 1066 1203 1126 transmicante,
1230 1063 1447 1116 tandem
1483 1065 1687 1117 abeunt

115 1160 176 1211 ad
209 1160 415 1227 plures,
441 1166 496 1209 et
521 1157 574 1209 in
602 1166 957 1210 monumenta
984 1170 1081 1208 sua
1110 1155 1437 1208 inferuntur.
1472 1157 1690 1208 l‘eram-

116 1251 264 1302 bules
301 1251 404 1302 hoc
461 1249 578 1318 ipso
627 1249 770 1301 libro
799 1248 938 1302 duce
976 1248 1065 1301 illa
1105 1263 1298 1302 eorum
1358 1248 1686 1316 sepulcralia

118 1352 488 1404 monumenta,
520 1353 577 1395 et
628 1342 833 1395 lustres
887 1344 1266 1411 cujuscunque
1316 1356 1508 1394 urnam
1559 1356 1682 1392 cum

118 1433 394 1502 inscriptis
431 1431 771 1494 nominibds,
801 1433 855 1486 in
891 1433 1093 1500 quibus
1140 1432 1324 1502 aliqua
1368 1442 1518 1494 sunt,
1567 1447 1686 1498 qua:

116 1525 314 1576 frustra
336 1524 392 1577 iu
417 1524 496 1577 Du
515 1524 699 1593 Cangii
729 1523 967 1576 Familiis
999 1522 1305 1592 Byzantini:
1331 1537 1561 1592 quaeras.
1592 1522 1685 1574 Pe-

114 1627 292 1669 netres
325 1631 542 1684 quoque
574 1615 677 1667 hoc
699 1616 890 1668 eodem
915 1616 1056 1669 duce
1089 1616 1143 1668 in
1175 1615 1289 1684 ipsa
1317 1614 1682 1682 pretiosorum

115 1715 162 1758 et
196 1706 492 1773 insignium
519 1703 812 1759 Orientalis
837 1706 1054 1774 Imperii
1084 1704 1684 1771 conditoria,arcasque

114 1796 396 1848 \estiarias
426 1805 483 1848 et
525 1797 690 1850 aliam
736 1796 1135 1864 supellectilem
1165 1797 1432 1850 excutias.
1489 1795 1682 1850 Melius

1794 516 1872 569 fit.
1934 517 2028 569 Est
2077 531 2162 578 ca,
2219 533 2380 586 quam
2443 517 2578 578 dixi,
2643 534 2768 586 pars
2829 519 3079 588 insignis,
3134 534 3364 587 eamque

1793 608 2009 662 edendo
2041 609 2230 661 videor
2263 610 2394 662 mihi
2432 609 2758 678 particulam
2801 611 2982 676 operis
3013 609 3366 661 desideratis-

1793 701 1938 759 simi.
1980 700 2073 753 sed
2109 701 2316 753 dudum
2361 718 2458 769 pro
2513 701 2803 770 deperdito
2847 703 3038 764 habiti,
3100 701 3359 754 edidisse.

1791 792 2216 845 Constantinum
2251 803 2498 846 nostrum
2541 793 2866 860 colligendis
2901 802 2953 844 et
2988 795 3038 844 in
3073 803 3256 846 certos
3293 806 3361 843 ιι-

1793 886 1936 937 Iulos
1966 886 2284 951 digerendis
2335 885 2490 938 scitis
2523 896 2683 952 atque
2726 885 3180 938 memorabilibus
3213 895 3362 936 vett--

1794 991 1913 1026 rum
1974 974 2109 1027 locis
2147 975 2465 1042 diligentem
2519 991 2742 1042 operam
2801 974 3158 1041 impendisse,
3206 989 3365 1025 nemo

1794 1069 1985 1120 nescit.
2015 1068 2184 1120 Erant
2219 1069 2348 1120 olim
2398 1069 2474 1121 illi
2528 1067 2669 1122 tituli
2706 1083 2935 1119 numero
2968 1066 3363 1134 quinquaginta

1795 1171 1921 1212 tres.
1956 1159 2035 1212 Ad
2069 1175 2169 1212 nos
2206 1169 2387 1212 autem
2417 1175 2522 1212 non
2564 1174 2886 1227 pervenere,
2919 1160 3017 1210 nisi
3059 1158 3248 1210 titulus
3281 1173 3361 1206 v.—

1791 1250 2029 1303 eesimus
2083 1251 2352 1318 septimus
2399 1251 2464 1302 de
2503 1250 2867 1318 legationibus
2921 1250 3151 1315 integer,
3197 1263 3364 1316 opera

1795 1343 1966 1395 Fulvii
2003 1343 2184 1396 Ursini
2215 1352 2270 1395 ct
2298 1343 2518 1395 Davidis
2551 1342 2846 1394 llmsclielii
2876 1358 2889 1401 ;
2919 1351 2972 1392 et
3010 1341 3152 1392 tituli
3194 1341 3360 1407 quiu-

1791 1435 2116 1501 quagesimi,
2147 1437 2305 1502 cujus
2333 1435 2616 1501 inscriptio
2639 1442 2721 1485 est
2755 1435 2820 1486 dc
2861 1433 3062 1486 indolis
3093 1432 3362 1497 probitate

1791 1536 1953 1593 atque
1995 1526 2284 1591 pravitate,
2319 1541 2415 1576 seu
2462 1525 2527 1577 de
2561 1524 2859 1576 virtutibus
2889 1531 2940 1574 et
2987 1522 3155 1577 vitiis.
3195 1523 3360 1590 parti-

1791 1617 1933 1674 cula,
1971 1615 2238 1667 benelicio
2269 1615 2525 1668 l’cirescii
2559 1621 2613 1666 et
2639 1613 2857 1665 Ileurici
2897 1612 3114 1664 Valesii.
3146 1612 3361 1678 lteliqui

1793 1715 1872 1757 tot
1900 1722 2128 1758 numero
2157 1707 2298 1759 tituli
2339 1706 2583 1772 grandis,
2619 1706 2711 1757 sed
2760 1713 2813 1756 et
2851 1703 3147 1764 utilissimi,
3181 1704 3367 1771 operis

1793 1798 2094 1852 creduntur
2113 1800 2325 1866 jactura
2354 1798 2692 1866 irrcparabili
2719 1797 2966 1864 periisse.
2993 1795 3133 1861 Quid
3167 1796 3209 1849 si
3233 1812 3364 1848 vero

115 1889 388 1957 linquam
417 1905 647 1958 usquam
669 1889 821 1946 alibi.
847 1903 1135 1958 procerum
1161 1901 1268 1944 tam
1299 1888 1684 1957 palatinorum,
1725 1877 1762 1934 Β
1792 1889 2120 1942 contendam
2155 1903 2238 1940 me
2268 1902 2392 1940 cum
2423 1889 2545 1948 hoc,
2580 1887 2723 1954 quod
2755 1903 2898 1939 nunc
2931 1885 3058 1947 edo,
3084 1886 3362 1938 volumine

113 1994 267 2045 quam
316 1980 664 2042 militarium,
713 1981 841 2033 item
880 1980 1294 2050 magistratuum
1347 1978 1680 2032 urbanorum

113 2073 455 2141 aliorumque
495 2073 771 2126 minorum
805 2072 1029 2126 ordines
1060 2072 1272 2133 videas,
1307 2071 1592 2141 longisque
1628 2072 1680 2123 in

113 2164 414 2231 porticibus
445 2163 566 2234 [Ed.
603 2164 663 2216 L.
709 2162 799 2233 Ill]
846 2163 1183 2216 excubantes
1221 2177 1543 2216 numerosos
1592 2179 1683 2214 va-

114 2259 324 2324 riosque
355 2271 550 2324 greges
580 2257 721 2308 sacri
764 2256 1015 2324 corporis
1064 2256 1328 2308 custodia:
1360 2255 1676 2324 deputatos.

113 2349 256 2400 Mitto
301 2356 521 2407 cetera,
555 2362 678 2400 cum
713 2363 743 2399 e
786 2347 1042 2414 superius
1082 2346 1244 2400 dictis
1275 2347 1494 2399 abunde
1543 2362 1679 2398 con-

113 2452 233 2500 stet,
262 2455 383 2493 eam
421 2455 541 2492 esse
579 2454 763 2491 rerum
817 2439 920 2490 hoc
980 2439 1031 2488 in
1084 2451 1249 2505 Opere
1309 2437 1680 2504 expositarum

115 2533 447 2592 varietatem,
474 2530 715 2595 leporem
745 2537 906 2595 atque
937 2526 1273 2594 dignitatem,
1310 2536 1366 2578 ut
1395 2526 1680 2578 hominum

113 2626 395 2676 doctormn
437 2621 615 2674 studia
654 2621 706 2672 in
731 2634 788 2672 se
819 2634 1156 2674 conversura
1191 2634 1255 2671 ea
1283 2628 1340 2672 et
1367 2618 1679 2671 exercitura

115 2718 234 2768 sint.
274 2716 376 2770 Uni
444 2714 705 2782 placebit,
739 2713 793 2763 ni
827 2712 1005 2771 fallor,
1053 2711 1369 2762 vestiarium
1420 2724 1555 2770 rem,
1587 2709 1680 2762 alii

115 2807 490 2862 nummariam,
517 2803 608 2854 alii
638 2803 836 2855 domus
887 2811 1134 2869 augusta:
1170 2800 1344 2854 oﬂicia
1380 2801 1510 2853 hinc
1553 2801 1678 2853 illu-

114 2905 299 2946 strarc.
321 2891 584 2956 Quamvis
605 2891 753 2943 enim
778 2905 862 2948 ea,
883 2905 1002 2956 quae
1032 2889 1231 2942 Leonis
1255 2897 1310 2941 et
1335 2887 1678 2941 Constantini

115 2985 273 3037 nostri
309 2993 556 3050 tempore
590 2982 643 3032 in
673 2997 772 3033 usu
808 2989 982 3039 erant,
1015 2996 1043 3032 a
1073 2979 1406 3046 superioribt
1436 2995 1458 3028 ς
1506 2978 1681 3031 Theo-

115 3075 242 3128 dosii
291 3083 344 3126 et
387 3071 684 3124 Justiniani
732 3069 1074 3138 temporibus
1120 3077 1332 3122 tantum
1394 3070 1677 3131 abludant,

114 3172 370 3232 quantum
431 3171 617 3214 secuta
681 3160 1085 3214 Coumenorum
1140 3167 1198 3215 et
1254 3160 1677 3230 Palaeologorum

1789 1982 2023 2049 primum
2058 1981 2261 2033 laudati
2305 1982 2487 2048 operis
2540 1980 2784 2041 titulum,
2836 1981 2880 2032 si
2918 1994 3025 2031 non
3063 1978 3358 2046 integrum,

1787 2084 1841 2127 at
1866 2075 2059 2126 saltem
2088 2089 2336 2142 magnam
2369 2074 2490 2136 ejus
2516 2083 2724 2140 partem
2761 2071 2811 2123 in
2851 2086 3046 2123 manus
3072 2070 3359 2122 doctormu

1787 2164 2074 2217 hominum
2133 2162 2392 2215 tradere?
2425 2162 2544 2228 Egit
2594 2161 2684 2213 ille
2719 2162 2847 2212 oliin
2911 2161 3032 2226 περὶ
3099 2159 3362 2227 βασιλέων

1784 2254 2220 2323 ἀναγορεύσεως,
2258 2254 2321 2303 de
2351 2253 2729 2319 imperatorum
2761 2267 3043 2319 regumque
3080 2252 3324 2303 renuntia

1787 2353 1946 2406 tione,
1991 2353 2102 2397 ute
2139 2342 2373 2396 Fabricii
2403 2341 2536 2393 Bibl.
2563 2342 2729 2395 Cra'c.
2773 2351 2904 2393 toni.
2948 2339 3032 2402 Vl,
3078 2357 3198 2408 pag.
3229 2341 3354 2397 499..

1785 2445 2019 2490 constat.
2051 2435 2212 2504 Atqui
2258 2434 2552 2487 voluminis
2589 2431 2752 2502 hujus
2795 2432 2972 2499 capita
3013 2431 3125 2486 XCI
3170 2443 3224 2484 et
3272 2448 3357 2484 se-

1784 2529 2029 2597 quentia,
2070 2545 2098 2580 a
2135 2543 2258 2596 pag.
2285 2527 2390 2579 9.58
2418 2541 2591 2593 usque
2629 2525 2692 2576 ad
2723 2541 2843 2593 pag.
2879 2525 2972 2578 ‘25l
3011 2540 3118 2577 non
3146 2534 3355 2578 tantmu

1789 2620 1839 2670 in
1869 2620 2184 2670 universum
2221 2615 2550 2669 cerimonias
2595 2614 2853 2666 distincte
2889 2614 3128 2674 tradunt,
3161 2616 3363 2682 quibus

1791 2710 1961 2776 pritua
2000 2708 2120 2777 [ΕιΙ.
2153 2706 2208 2760 L.
2252 2706 2344 2775 ιγ]
2371 2705 2647 2772 Cl’poleos
2683 2684 2840 2758 tctate
2894 2705 3252 2770 imperatores
3283 2706 3358 2758 ii.i

1787 2801 2035 2854 sole’bant
2070 2798 2394 2866 nuncupari,
2434 2797 2526 2849 sed
2557 2804 2611 2848 et
2634 2797 2682 2848 in
2720 2797 2899 2864 specie
2917 2795 3128 2847 {conis
3155 2797 3357 2864 magni,

1787 2889 1988 2942 Leonis
2018 2889 2267 2947 minoris,
2313 2886 2586 2940 Anastasii
2623 2886 2824 2947 l'icari,
2865 2887 3065 2940 Justini
3120 2889 3357 2938 senioris

1784 2991 1837 3034 et
1867 2979 2162 3035 Justiniani
2203 2979 2376 3048 Magni
2409 2979 2849 3032 renuntiationes
2894 2989 2999 3031 tam
3047 2979 3358 3032 luculenter

1783 3079 2275 3140 exsequuntur,‘ut
2330 3071 2464 3122 nihil
2497 3071 2803 3123 desiderari
2836 3081 3022 3138 queat.
3071 3073 3357 3140 lucemque

1787 3166 2100 3232 przeclaram
2156 3163 2230 3215 illi
2290 3157 2642 3215 historiarum
2682 3162 2819 3229 parti
2873 3165 3193 3215 accendant.
3246 3166 3358 3228 ligo

111 3266 456 3322 extremaque
490 3252 772 3322 Byzantini
808 3254 961 3322 regni
1005 3263 1138 3306 tetas
1161 3252 1230 3305 ab
1267 3261 1427 3306 atate
1461 3263 1676 3306 nostro-
1705 3223 1746 3283 Ε
1784 3255 2009 3324 quidem
2060 3270 2169 3307 non
2230 3254 2417 3316 credo,
2473 3268 2702 3320 usquam
2744 3255 3095 3321 antiquorum
3155 3271 3351 3307 monu-

114 3362 219 3398 rum
252 3345 904 3413 Porphyrogennetorum
963 3343 1196 3407 abludit,
1243 3342 1390 3410 quod
1452 3352 1666 3396 constat

111 3433 372 3488 Codinum
404 3450 528 3488 cum
572 3436 675 3486 hoc
716 3449 885 3502 opere
936 3435 1282 3496 conferenti;
1321 3443 1551 3502 possunt
1599 3443 1679 3487 ta-

116 3544 224 3578 men
255 3528 346 3579 illa
383 3535 598 3578 vetusta
629 3527 874 3578 ﬂorentis
911 3527 1142 3579 Romani
1167 3527 1400 3595 «imperii
1435 3535 1676 3595 tempora

114 3631 152 3666 II
186 3617 487 3686 Byzantina
523 3617 829 3684 primordia
854 3633 919 3669 ex
952 3617 1057 3670 hoc
1087 3633 1252 3686 opere
1284 3619 1458 3670 multo
1486 3617 1674 3686 magis,

112 3723 258 3774 quam
292 3708 397 3759 hoc
425 3721 563 3773 opus
593 3722 658 3759 ex
693 3707 926 3767 Codiuo,
958 3706 1244 3760 illustrari.
1284 3707 1461 3759 Erunt
1489 3723 1673 3774 porro,

111 3801 190 3865 qui
225 3814 289 3850 ex
323 3797 586 3850 indiculis
621 3811 1008 3864 rogarum,seu
1040 3813 1344 3850 annuorum
1377 3797 1679 3864 stipendio-

114 3906 220 3940 rum
256 3889 459 3941 ol’ﬁeiis
497 3890 750 3957 palatinis
779 3889 1104 3956 exterisque
1150 3889 1466 3942 debitorum
1496 3907 1509 3950 ;
1547 3891 1674 3942 item

110 3996 168 4033 ex
215 3980 480 4033 indiculis
531 3979 902 4047 impensarum
952 3980 1006 4032 in
1037 3981 1416 4048 expeditiones
1467 3982 1679 4049 aliquot

113 4077 406 4126 maritimas
460 4084 649 4126 contra
685 4073 985 4126 Saracenos
1033 4073 1323 4127 Cretenses
1368 4082 1674 4140 susceptas,

112 4163 452 4215 aestimabunt
478 4177 600 4214 cum
632 4163 896 4214 militares
929 4164 1144 4230 imperii
1177 4164 1481 4232 Byzantini,
1517 4165 1674 4232 quale

119 4266 235 4307 tunc
259 4265 402 4315 erat,
439 4263 734 4307 terrestres
767 4255 1177 4323 maritimasque
1204 4257 1412 4324 copias,
1449 4267 1562 4309 tum
1591 4273 1677 4325 pe-

119 4348 383 4396 cuniarias
407 4360 651 4411 quoque,
686 4345 1049 4414 institutaque
1085 4349 1496 4415 comparatione
1523 4349 1674 4401 Cra:-

118 4449 290 4488 corum
339 4436 790 4488 centenariorum
826 4447 880 4487 et
932 4437 1197 4489 librarum
1245 4439 1364 4490 auri
1413 4455 1535 4492 cum
1576 4456 1676 4491 no-

1781 3357 2090 3398 tncntorum
2114 3346 2294 3398 locum
2319 3355 2554 3408 exstare,
2573 3345 2665 3412 qui
2697 3347 2832 3397 ritus
2861 3347 3352 3413 nuncupandorum

1784 3439 2178 3507 Augustorum,
2212 3449 2429 3490 veteres
2467 3453 2662 3504 nempe
2709 3438 2830 3489 illos
2859 3454 3117 3505 mereque
3153 3439 3351 3491 Itonia.

1778 3543 1901 3590 nos,
1923 3543 2075 3596 teque
2107 3527 2390 3595 splendide
2418 3536 2672 3593 exponat.
2705 3536 2867 3593 atque
2891 3529 3154 3594 particula
3185 3527 3351 3578 nosui

1779 3621 1984 3688 operis,
2014 3619 2082 3672 de
2112 3634 2218 3687 qua
2251 3618 2384 3670 mihi
2419 3633 2600 3670 sermo
2635 3634 2780 3670 nunc
2811 3632 2912 3669 est.
2948 3620 3345 3684 Antiqttitnletu

1777 3713 1897 3779 ejus
1924 3711 2136 3780 spirant
2165 3715 2373 3772 omnia,
2405 3710 2690 3763 orationes
2718 3709 2782 3760 ad
2816 3710 3061 3762 forti~siu
3087 3725 3146 3762 os
3191 3726 3348 3761 exer-

1777 3807 1940 3866 citus,
1974 3804 2330 3872 Augustatica
2367 3802 2657 3870 promissa,
2689 3801 2922 3852 militum
2976 3810 3140 3867 atque
3174 3816 3350 3868 μορυ-

1779 3897 1954 3949 lorum
1996 3896 2440 3949 acclamationes.
2483 3893 2613 3958 Quae
2659 3893 2753 3960 qui
2803 3908 2927 3944 cum
2979 3892 3350 3959 scriptoribus

1779 3987 2030 4042 Historia:
2058 3989 2310 4056 Augustm
2362 3987 2524 4052 vulgo
2565 3985 2643 4037 sic
2694 3984 2854 4034 dictis
2905 3993 3201 4050 comparet.
3240 3999 3344 4034 non

1779 4076 1980 4142 p‘oterit
2007 4075 2053 4128 is
2083 4076 2288 4143 absque
2316 4074 2589 4141 voluptate
2622 4073 2907 4136 imaginem
2935 4073 3138 4123 veteris
3168 4073 3348 4122 Ilomm

1779 4167 1832 4219 iu
1884 4183 2020 4219 nova
2072 4166 2452 4234 contemplari.
2484 4163 2764 4231 Quidquid
2829 4162 3045 4214 tandem
3087 4162 3248 4214 fuerit
3279 4163 3346 4214 de

1778 4253 2093 4321 conjectura
2131 4268 2274 4315 mea,
2331 4252 2444 4304 sive
2478 4251 2746 4320 particula
2779 4265 2842 4302 ea
2875 4250 2941 4302 de
2989 4265 3092 4318 qua
3131 4251 3344 4318 loquor,

1777 4345 1906 4396 olim
1929 4344 1996 4396 ad
2025 4345 2244 4397 titulum
2279 4345 2513 4411 prituutn
2549 4341 2782 4409 ingentis
2815 4342 2960 4393 illius
2981 4351 3035 4394 et
3061 4343 3345 4394 celebrata-

1777 4437 2144 4497 bibliothecae,
2183 4445 2242 4486 ut
2269 4437 2342 4486 ita
2383 4435 2582 4496 dicam,
2615 4434 3104 4494 Constantiniatm,
3146 4441 3262 4494 aut,
3299 4435 3340 4484 si

119 4535 271 4579 strate
300 4526 556 4594 pecunia,
581 4527 883 4589 invenient,
911 4543 1017 4596 qua
1045 4527 1466 4596 Byzantinorum
1488 4545 1673 4598 regum
1711 4559 1750 4611 ο
1783 4528 1956 4586 malis,
2009 4527 2547 4586 Pentecontateuchi,
2577 4526 2922 4593 pertinuerit,
2964 4525 3079 4577 sive
3126 4526 3342 4582 minus:

120 4625 166 4667 et
201 4618 525 4669 nostratium
575 4619 858 4684 opulentia
911 4617 1147 4672 diﬂ'erat.
1193 4619 1369 4672 Erunt
1417 4621 1530 4682 alii,
1581 4623 1674 4689 qui

121 4707 400 4777 singularia
427 4707 676 4776 quedam
712 4709 1148 4777 disputationum
1181 4711 1358 4778 capita
1408 4711 1533 4763 hine
1565 4712 1673 4763 de-

119 4808 364 4864 cerpent;
399 4813 451 4852 e.
486 4815 560 4861 c.,
612 4801 790 4867 qualis
837 4801 1002 4852 fuerit
1041 4801 1296 4854 ludorum
1343 4801 1673 4855 circensium

119 4887 248 4954 apud
277 4888 606 4958 Byzantinos
628 4890 968 4954 constitutio,
991 4905 1079 4945 res
1100 4891 1393 4945 admodum
1416 4893 1672 4951 obscura;

116 4989 183 5039 et,
222 4995 354 5048 qua:
397 4997 508 5033 non
561 4983 745 5035 minus
803 4992 906 5046 est,
943 4985 1123 5052 qualis
1177 4985 1341 5038 l‘ucrit
1393 5002 1551 5054 pars,
1587 4988 1670 5038 vel

117 5068 417 5128 comitatus,
465 5069 836 5138 Augustarum
869 5072 1156 5140 Byzantii;
1196 5076 1420 5127 unctiue
1467 5074 1670 5126 fuerint

117 5156 184 5208 illi
218 5159 576 5227 imperatores
606 5160 673 5214 ad
729 5160 1050 5217 Latinorum
1086 5165 1432 5233 exemplum;
1462 5181 1668 5234 quous-

115 5263 210 5314 que
247 5265 429 5304 sermo
470 5251 698 5306 Latinus
730 5253 783 5306 in
815 5254 938 5307 aula
985 5254 1197 5310 CPtana
1244 5235 1567 5319 obtinuerit,
1615 5269 1670 5311 et

116 5338 208 5393 illa:
235 5342 518 5397 orationes
545 5357 576 5396 a
618 5360 813 5399 recens
839 5348 1171 5415 nuncupatis
1197 5349 1619 5417 imperatoribus
1638 5368 1667 5406 e

114 5434 363 5487 tribunali
397 5436 615 5490 circove
644 5436 710 5490 ad
745 5438 944 5491 milites
967 5437 1148 5502 dictae,
1179 5455 1298 5507 quze
1325 5450 1525 5494 nostra:
1553 5443 1669 5496 edi-

113 5521 264 5577 tionis
302 5541 330 5577 a
371 5541 492 5595 pag.
529 5528 639 5581 239
671 5528 795 5581 inde
828 5529 1106 5599 leguntur,
1154 5529 1432 5584 fuerintne
1465 5534 1666 5587 “necis

113 5612 292 5666 iisdem
340 5618 525 5671 verbis
557 5619 822 5680 recitatae,
851 5635 916 5672 an
958 5621 1139 5688 potius
1175 5621 1361 5676 Latine
1414 5624 1664 5690 primitus

110 5705 331 5772 dictataz,
361 5709 563 5765 deinde
593 5729 723 5766 vero
757 5728 784 5764 a
828 5713 988 5765 Petro
1038 5713 1298 5782 Magistro
1325 5716 1376 5768 in
1416 5717 1663 5770 Graecum

111 5810 404 5856 sermonem
427 5817 746 5868 conversae;
781 5805 925 5874 quod
967 5806 1097 5858 mihi
1133 5808 1352 5876 qizitlrm
1383 5811 1662 5878 probabile

1779 4635 1878 4687 ego
1918 4619 2140 4686 quidem
2176 4634 2284 4670 non
2311 4618 2526 4679 dubito,
2577 4634 2695 4670 eam
2731 4617 3040 4684 decerptam
3079 4617 3242 4669 fuisse
3277 4634 3339 4667 ex

1779 4712 1884 4762 alio
1915 4711 2155 4778 quodam
2199 4717 2413 4760 vetusto
2444 4709 2640 4775 insigni
2683 4709 2842 4770 libro,
2883 4709 3038 4774 cujus
3073 4708 3341 4775 jacturam

1777 4804 2006 4857 studiosi
2039 4805 2384 4871 antiquarum
2423 4817 2605 4854 rerum
2651 4803 2932 4868 aegerrime
2969 4801 3188 4859 ferunt;
3233 4803 3339 4851 sei-

1777 4896 1904 4945 Ilt‘t'l
1933 4909 1998 4945 ex
2031 4893 2176 4946 Petri
2212 4891 2477 4960 Magistri,
2507 4890 2609 4942 viri
2638 4888 3020 4944 illustrissimi.
3055 4902 3336 4940 sacrorum

1775 4985 2081 5036 ofticiorum
2114 4982 2258 5051 apud
2288 4983 2656 5037 Iustinianum
2692 4981 2939 5048 Magntun
2987 4979 3338 5046 magistri,'et

1774 5073 1837 5124 ad
1862 5074 2167 5125 Gothorum
2200 5073 2254 5124 in
2285 5072 2437 5125 Itatia
2469 5087 2642 5140 reges,
2669 5083 2722 5124 et
2750 5071 2814 5121 ad
2850 5070 3111 5121 Cosroem
3150 5068 3338 5120 Persa-

1776 5183 1896 5219 rum
1936 5181 2153 5234 quoque
2205 5166 2464 5234 deinceps
2513 5165 2696 5232 legati,
2745 5163 2920 5220 iibris,
2963 5177 3103 5229 quos
3142 5159 3337 5212 Suidas

1772 5257 1959 5310 laudat
2009 5257 2141 5323 [lsz
2187 5257 2469 5323 πολιτικῆς
2522 5256 2933 5315 καταστάςεως,
2972 5252 3046 5303 De
3085 5252 3334 5304 constitu-

1771 5352 1912 5402 tione
1967 5348 2128 5402 civilis
2187 5350 2600 5418 gubernationis.
2651 5347 2862 5413 Sa-pius
2926 5344 3028 5395 viri
3088 5344 3336 5395 meminit

1772 5443 2093 5511 Procopius,
2143 5442 2392 5494 meminit
2441 5454 2658 5508 quoque
2714 5437 3093 5491 Cassiodorus.
3149 5436 3333 5503 Neque

1773 5539 2014 5606 ignotum
2058 5537 2179 5604 ejus
2220 5549 2416 5586 nomen
2449 5542 2532 5584 est
2565 5533 2617 5584 in
2663 5531 2891 5583 historia
2923 5529 3231 5598 Byzantina.
3267 5543 3330 5579 ex

1772 5630 1932 5682 titulo
1963 5628 2359 5694 Exterptorum
2395 5622 2975 5677 Constantinianorum
3007 5621 3073 5673 de
3107 5619 3333 5688 legatio-

1771 5721 1953 5781 nibus,
1995 5719 2152 5786 cujus
2181 5716 2432 5784 superius
2474 5715 2811 5767 mentionem
2862 5713 3188 5780 iujiciebam.
3229 5711 3331 5762 Ev-

1768 5819 1912 5864 stazit
1947 5811 2000 5862 in
2031 5825 2098 5863 eo
2137 5809 2296 5862 titulo
2325 5805 2571 5864 ouardam
2600 5806 2719 5876 ejus
2757 5805 3080 5874 fragmenta,
3114 5801 3330 5857 nuliuzn
