  <div class='ocr_page' id='page_1' title='image "/cluster/home/n/w/nwhite01/storage/ocr_20150623/112/nnc1.0046980270/027.png"; bbox 0 0 4156 6440; ppageno 0'>
   <div class='ocr_carea' id='block_1_1' title="bbox 750 345 4007 424">
    <p class='ocr_par' dir='ltr' id='par_1_1' title="bbox 750 345 4007 424">
     <span class='ocr_line' id='line_1_1' title="bbox 750 345 4007 424; baseline -0.011 0"><span class='ocrx_word' id='word_1_1' title='bbox 750 364 819 424; x_wconf 69' lang='lat' dir='ltr'><strong>ss</strong></span> <span class='ocrx_word' id='word_1_2' title='bbox 2020 348 2221 409; x_wconf 74' lang='lat' dir='ltr'><strong>lOAN.</strong></span> <span class='ocrx_word' id='word_1_3' title='bbox 2265 348 2414 409; x_wconf 69' lang='lat' dir='ltr'><strong>uc.</strong></span> <span class='ocrx_word' id='word_1_4' title='bbox 2457 345 2752 407; x_wconf 80' lang='lat' dir='ltr'><strong>REISKlt</strong></span> <span class='ocrx_word' id='word_1_5' title='bbox 3932 345 4007 407; x_wconf 68' lang='grc' dir='ltr'>ω</span> 
     </span>
    </p>
   </div>
   <div class='ocr_carea' id='block_1_2' title="bbox 743 453 4000 533">
    <p class='ocr_par' dir='ltr' id='par_1_2' title="bbox 743 453 4000 533">
     <span class='ocr_line' id='line_1_2' title="bbox 743 453 4000 533; baseline -0.004 -13"><span class='ocrx_word' id='word_1_6' title='bbox 743 477 926 520; x_wconf 79' lang='lat' dir='ltr'><strong>tmten</strong></span> <span class='ocrx_word' id='word_1_7' title='bbox 963 464 1159 519; x_wconf 77' lang='lat' dir='ltr'><strong>.luLiaui</strong></span> <span class='ocrx_word' id='word_1_8' title='bbox 1212 472 1371 517; x_wconf 73' lang='lat' dir='ltr'><strong>:l‘tute</strong></span> <span class='ocrx_word' id='word_1_9' title='bbox 1442 463 1737 533; x_wconf 71' lang='lat' dir='ltr'><strong>posterius.</strong></span> <span class='ocrx_word' id='word_1_10' title='bbox 1795 462 1861 513; x_wconf 78' lang='lat' dir='ltr'><strong>At</strong></span> <span class='ocrx_word' id='word_1_11' title='bbox 1897 460 1949 512; x_wconf 87' lang='lat' dir='ltr'><strong>in</strong></span> <span class='ocrx_word' id='word_1_12' title='bbox 2004 470 2193 513; x_wconf 82' lang='lat' dir='ltr'><strong>nostro</strong></span> <span class='ocrx_word' id='word_1_13' title='bbox 2230 474 2325 512; x_wconf 91' lang='lat' dir='ltr'><strong>co-</strong></span> <span class='ocrx_word' id='word_1_14' title='bbox 2357 462 2400 517; x_wconf 68' lang='grc' dir='ltr'><strong>Α</strong></span> <span class='ocrx_word' id='word_1_15' title='bbox 2433 455 2592 510; x_wconf 85' lang='lat' dir='ltr'><strong>fidem</strong></span> <span class='ocrx_word' id='word_1_16' title='bbox 2637 472 2746 509; x_wconf 89' lang='lat' dir='ltr'><strong>non</strong></span> <span class='ocrx_word' id='word_1_17' title='bbox 2780 453 3012 509; x_wconf 79' lang='lat' dir='ltr'><strong>accedit.</strong></span> <span class='ocrx_word' id='word_1_18' title='bbox 3044 453 3219 513; x_wconf 85' lang='lat' dir='ltr'><strong>Patet.</strong></span> <span class='ocrx_word' id='word_1_19' title='bbox 3262 454 3587 529; x_wconf 84' lang='lat' dir='ltr'><strong>scriptorem</strong></span> <span class='ocrx_word' id='word_1_20' title='bbox 3639 455 3822 515; x_wconf 77' lang='lat' dir='ltr'><strong>relus.</strong></span> <span class='ocrx_word' id='word_1_21' title='bbox 3874 469 4000 509; x_wconf 86' lang='lat' dir='ltr'><strong>cum</strong></span> 
     </span>
    </p>
   </div>
   <div class='ocr_carea' id='block_1_3' title="bbox 743 551 2315 623">
    <p class='ocr_par' dir='ltr' id='par_1_3' title="bbox 743 551 2315 623">
     <span class='ocr_line' id='line_1_3' title="bbox 743 551 2315 623; baseline -0.006 -13"><span class='ocrx_word' id='word_1_22' title='bbox 743 560 863 612; x_wconf 80' lang='lat' dir='ltr'><strong>ilice</strong></span> <span class='ocrx_word' id='word_1_23' title='bbox 931 574 1049 623; x_wconf 84' lang='lat' dir='ltr'><strong>cap.</strong></span> <span class='ocrx_word' id='word_1_24' title='bbox 1110 555 1198 619; x_wconf 77' lang='lat'><strong>87,</strong></span> <span class='ocrx_word' id='word_1_25' title='bbox 1273 555 1368 607; x_wconf 71' lang='lat' dir='ltr'><strong>lib.</strong></span> <span class='ocrx_word' id='word_1_26' title='bbox 1427 572 1464 615; x_wconf 83' lang='grc' dir='ltr'>ι,</span> <span class='ocrx_word' id='word_1_27' title='bbox 1529 569 1648 621; x_wconf 82' lang='lat' dir='ltr'><strong>pag.</strong></span> <span class='ocrx_word' id='word_1_28' title='bbox 1706 551 1845 608; x_wconf 71' lang='lat'><strong>2&#39;29.</strong></span> <span class='ocrx_word' id='word_1_29' title='bbox 1911 566 2018 604; x_wconf 86' lang='lat' dir='ltr'><strong>non</strong></span> <span class='ocrx_word' id='word_1_30' title='bbox 2103 558 2315 602; x_wconf 90' lang='lat' dir='ltr'><strong>tantum</strong></span> 
     </span>
    </p>
   </div>
   <div class='ocr_carea' id='block_1_4' title="bbox 744 641 2315 713">
    <p class='ocr_par' dir='ltr' id='par_1_4' title="bbox 744 641 2315 713">
     <span class='ocr_line' id='line_1_4' title="bbox 744 641 2315 713; baseline -0.006 -10"><span class='ocrx_word' id='word_1_31' title='bbox 744 651 1003 707; x_wconf 62' lang='lat' dir='ltr'><strong>Theutiw,</strong></span> <span class='ocrx_word' id='word_1_32' title='bbox 1029 646 1244 699; x_wconf 75' lang='lat' dir='ltr'><strong>Gtttltiei</strong></span> <span class='ocrx_word' id='word_1_33' title='bbox 1276 646 1329 698; x_wconf 89' lang='lat' dir='ltr'><strong>in</strong></span> <span class='ocrx_word' id='word_1_34' title='bbox 1362 643 1620 713; x_wconf 86' lang='lat' dir='ltr'><strong>llispania</strong></span> <span class='ocrx_word' id='word_1_35' title='bbox 1652 642 1814 713; x_wconf 81' lang='lat' dir='ltr'><strong>regis.</strong></span> <span class='ocrx_word' id='word_1_36' title='bbox 1844 644 1912 696; x_wconf 81' lang='lat' dir='ltr'><strong>atl</strong></span> <span class='ocrx_word' id='word_1_37' title='bbox 1942 641 2315 696; x_wconf 85' lang='lat' dir='ltr'><strong>Justinianum</strong></span> 
     </span>
    </p>
   </div>
   <div class='ocr_carea' id='block_1_5' title="bbox 742 733 2315 809">
    <p class='ocr_par' dir='ltr' id='par_1_5' title="bbox 742 733 2315 809">
     <span class='ocr_line' id='line_1_5' title="bbox 742 733 2315 809; baseline -0.005 -15"><span class='ocrx_word' id='word_1_38' title='bbox 742 741 940 809; x_wconf 74' lang='lat' dir='ltr'><strong>l.-gutin</strong></span> <span class='ocrx_word' id='word_1_39' title='bbox 973 740 1123 792; x_wconf 87' lang='lat' dir='ltr'><strong>velut</strong></span> <span class='ocrx_word' id='word_1_40' title='bbox 1174 740 1226 792; x_wconf 89' lang='lat' dir='ltr'><strong>in</strong></span> <span class='ocrx_word' id='word_1_41' title='bbox 1290 738 1522 790; x_wconf 93' lang='lat' dir='ltr'><strong>transitu</strong></span> <span class='ocrx_word' id='word_1_42' title='bbox 1578 745 1931 796; x_wconf 80' lang='lat' dir='ltr'><strong>memoratur,</strong></span> <span class='ocrx_word' id='word_1_43' title='bbox 1962 733 2058 787; x_wconf 93' lang='lat' dir='ltr'><strong>sed</strong></span> <span class='ocrx_word' id='word_1_44' title='bbox 2113 733 2315 787; x_wconf 84' lang='lat' dir='ltr'><strong>ibidem</strong></span> 
     </span>
    </p>
   </div>
   <div class='ocr_carea' id='block_1_6' title="bbox 742 824 2317 900">
    <p class='ocr_par' dir='ltr' id='par_1_6' title="bbox 742 824 2317 900">
     <span class='ocr_line' id='line_1_6' title="bbox 742 824 2317 900; baseline -0.004 -18"><span class='ocrx_word' id='word_1_45' title='bbox 742 848 960 900; x_wconf 83' lang='lat' dir='ltr'><strong>quoque</strong></span> <span class='ocrx_word' id='word_1_46' title='bbox 993 848 1055 883; x_wconf 69' lang='lat' dir='ltr'><strong>ex</strong></span> <span class='ocrx_word' id='word_1_47' title='bbox 1091 830 1335 898; x_wconf 74' lang='lat' dir='ltr'><strong>professo</strong></span> <span class='ocrx_word' id='word_1_48' title='bbox 1368 828 1743 881; x_wconf 88' lang='lat' dir='ltr'><strong>memorabilis</strong></span> <span class='ocrx_word' id='word_1_49' title='bbox 1772 825 2051 879; x_wconf 68' lang='lat' dir='ltr'><strong>Anthemii</strong></span> <span class='ocrx_word' id='word_1_50' title='bbox 2082 824 2148 879; x_wconf 92' lang='lat' dir='ltr'><strong>ad</strong></span> <span class='ocrx_word' id='word_1_51' title='bbox 2178 824 2317 878; x_wconf 87' lang='lat' dir='ltr'><strong>Leo-</strong></span> 
     </span>
    </p>
   </div>
   <div class='ocr_carea' id='block_1_7' title="bbox 748 920 2322 992">
    <p class='ocr_par' dir='ltr' id='par_1_7' title="bbox 748 920 2322 992">
     <span class='ocr_line' id='line_1_7' title="bbox 748 920 2322 992; baseline -0.004 -16"><span class='ocrx_word' id='word_1_52' title='bbox 748 939 873 978; x_wconf 90' lang='lat' dir='ltr'><strong>nem</strong></span> <span class='ocrx_word' id='word_1_53' title='bbox 941 925 1188 992; x_wconf 76' lang='lat' dir='ltr'><strong>Magnum</strong></span> <span class='ocrx_word' id='word_1_54' title='bbox 1252 922 1452 991; x_wconf 84' lang='lat' dir='ltr'><strong>legatio</strong></span> <span class='ocrx_word' id='word_1_55' title='bbox 1490 920 1807 990; x_wconf 77' lang='lat' dir='ltr'><strong>exponitur,</strong></span> <span class='ocrx_word' id='word_1_56' title='bbox 1857 935 1963 987; x_wconf 89' lang='lat' dir='ltr'><strong>qua</strong></span> <span class='ocrx_word' id='word_1_57' title='bbox 2021 920 2322 986; x_wconf 88' lang='lat' dir='ltr'><strong>imperator</strong></span> 
     </span>
    </p>
   </div>
   <div class='ocr_carea' id='block_1_8' title="bbox 746 1008 2324 1080">
    <p class='ocr_par' dir='ltr' id='par_1_8' title="bbox 746 1008 2324 1080">
     <span class='ocr_line' id='line_1_8' title="bbox 746 1008 2324 1080; baseline -0.003 -13"><span class='ocrx_word' id='word_1_58' title='bbox 746 1016 1061 1071; x_wconf 78' lang='lat' dir='ltr'><strong>tlccidentis</strong></span> <span class='ocrx_word' id='word_1_59' title='bbox 1112 1016 1385 1068; x_wconf 86' lang='lat' dir='ltr'><strong>laureatas</strong></span> <span class='ocrx_word' id='word_1_60' title='bbox 1434 1028 1561 1066; x_wconf 88' lang='lat' dir='ltr'><strong>suas</strong></span> <span class='ocrx_word' id='word_1_61' title='bbox 1597 1010 1863 1080; x_wconf 81' lang='lat' dir='ltr'><strong>imagines</strong></span> <span class='ocrx_word' id='word_1_62' title='bbox 1911 1020 2075 1078; x_wconf 84' lang='lat' dir='ltr'><strong>atque</strong></span> <span class='ocrx_word' id='word_1_63' title='bbox 2111 1008 2324 1063; x_wconf 91' lang='lat' dir='ltr'><strong>litteras</strong></span> 
     </span>
    </p>
   </div>
   <div class='ocr_carea' id='block_1_9' title="bbox 749 1094 2322 1171">
    <p class='ocr_par' dir='ltr' id='par_1_9' title="bbox 749 1094 2322 1171">
     <span class='ocr_line' id='line_1_9' title="bbox 749 1094 2322 1171; baseline -0.002 -14"><span class='ocrx_word' id='word_1_64' title='bbox 749 1106 1009 1160; x_wconf 80' lang='lat' dir='ltr'><strong>Orientali</strong></span> <span class='ocrx_word' id='word_1_65' title='bbox 1046 1107 1322 1160; x_wconf 90' lang='lat' dir='ltr'><strong>mittebat.</strong></span> <span class='ocrx_word' id='word_1_66' title='bbox 1349 1106 1407 1159; x_wconf 89' lang='lat' dir='ltr'><strong>In</strong></span> <span class='ocrx_word' id='word_1_67' title='bbox 1438 1105 1756 1157; x_wconf 90' lang='lat' dir='ltr'><strong>universum</strong></span> <span class='ocrx_word' id='word_1_68' title='bbox 1785 1119 1848 1156; x_wconf 91' lang='lat' dir='ltr'><strong>ea</strong></span> <span class='ocrx_word' id='word_1_69' title='bbox 1884 1094 2090 1163; x_wconf 84' lang='lat' dir='ltr'><strong>omnia.</strong></span> <span class='ocrx_word' id='word_1_70' title='bbox 2126 1117 2249 1171; x_wconf 69' lang='lat' dir='ltr'><strong>quas</strong></span> <span class='ocrx_word' id='word_1_71' title='bbox 2294 1118 2322 1154; x_wconf 91' lang='lat' dir='ltr'><strong>a</strong></span> 
     </span>
    </p>
   </div>
   <div class='ocr_carea' id='block_1_10' title="bbox 942 1194 2322 1267">
    <p class='ocr_par' dir='ltr' id='par_1_10' title="bbox 942 1194 2322 1267">
     <span class='ocr_line' id='line_1_10' title="bbox 942 1194 2322 1267; baseline -0.004 -17"><span class='ocrx_word' id='word_1_72' title='bbox 942 1199 1072 1261; x_wconf 65' lang='lat'><strong>22:3,</strong></span> <span class='ocrx_word' id='word_1_73' title='bbox 1119 1215 1240 1267; x_wconf 91' lang='lat' dir='ltr'><strong>cap.</strong></span> <span class='ocrx_word' id='word_1_74' title='bbox 1317 1198 1407 1260; x_wconf 70' lang='grc'><strong>84,</strong></span> <span class='ocrx_word' id='word_1_75' title='bbox 1460 1210 1633 1265; x_wconf 85' lang='lat' dir='ltr'><strong>usque</strong></span> <span class='ocrx_word' id='word_1_76' title='bbox 1719 1195 1785 1248; x_wconf 80' lang='lat' dir='ltr'><strong>ad</strong></span> <span class='ocrx_word' id='word_1_77' title='bbox 1855 1210 1974 1263; x_wconf 77' lang='lat' dir='ltr'><strong>pag.</strong></span> <span class='ocrx_word' id='word_1_78' title='bbox 2019 1194 2146 1256; x_wconf 69' lang='lat'><strong>25!,</strong></span> <span class='ocrx_word' id='word_1_79' title='bbox 2204 1209 2322 1259; x_wconf 89' lang='lat' dir='ltr'><strong>cap.</strong></span> 
     </span>
    </p>
   </div>
   <div class='ocr_carea' id='block_1_11' title="bbox 751 1283 2325 1357">
    <p class='ocr_par' dir='ltr' id='par_1_11' title="bbox 751 1283 2325 1357">
     <span class='ocr_line' id='line_1_11' title="bbox 751 1283 2325 1357; baseline -0.004 -16"><span class='ocrx_word' id='word_1_80' title='bbox 751 1294 841 1354; x_wconf 74' lang='lat' dir='ltr'><strong>t-ti,</strong></span> <span class='ocrx_word' id='word_1_81' title='bbox 875 1293 1153 1357; x_wconf 72' lang='lat' dir='ltr'><strong>leguntur,</strong></span> <span class='ocrx_word' id='word_1_82' title='bbox 1208 1291 1332 1340; x_wconf 80' lang='lat' dir='ltr'><strong>item</strong></span> <span class='ocrx_word' id='word_1_83' title='bbox 1378 1296 1541 1355; x_wconf 83' lang='lat' dir='ltr'><strong>caput</strong></span> <span class='ocrx_word' id='word_1_84' title='bbox 1579 1286 1703 1339; x_wconf 87' lang='lat' dir='ltr'><strong>libri</strong></span> <span class='ocrx_word' id='word_1_85' title='bbox 1741 1304 1753 1339; x_wconf 93' lang='lat' dir='ltr'><strong>t</strong></span> <span class='ocrx_word' id='word_1_86' title='bbox 1784 1286 2059 1347; x_wconf 87' lang='lat' dir='ltr'><strong>ultimum,</strong></span> <span class='ocrx_word' id='word_1_87' title='bbox 2088 1293 2141 1336; x_wconf 89' lang='lat' dir='ltr'><strong>ct</strong></span> <span class='ocrx_word' id='word_1_88' title='bbox 2184 1283 2325 1336; x_wconf 80' lang='lat' dir='ltr'><strong>forte</strong></span> 
     </span>
    </p>
   </div>
   <div class='ocr_carea' id='block_1_12' title="bbox 749 1374 2326 1447">
    <p class='ocr_par' dir='ltr' id='par_1_12' title="bbox 749 1374 2326 1447">
     <span class='ocr_line' id='line_1_12' title="bbox 749 1374 2326 1447; baseline -0.004 -15"><span class='ocrx_word' id='word_1_89' title='bbox 749 1396 968 1447; x_wconf 79' lang='lat' dir='ltr'><strong>quoque</strong></span> <span class='ocrx_word' id='word_1_90' title='bbox 1030 1380 1133 1431; x_wconf 87' lang='lat' dir='ltr'><strong>alia</strong></span> <span class='ocrx_word' id='word_1_91' title='bbox 1164 1377 1340 1444; x_wconf 85' lang='lat' dir='ltr'><strong>plura,</strong></span> <span class='ocrx_word' id='word_1_92' title='bbox 1374 1386 1506 1444; x_wconf 90' lang='lat' dir='ltr'><strong>puto</strong></span> <span class='ocrx_word' id='word_1_93' title='bbox 1553 1376 1697 1429; x_wconf 86' lang='lat' dir='ltr'><strong>Petri</strong></span> <span class='ocrx_word' id='word_1_94' title='bbox 1752 1374 1993 1444; x_wconf 77' lang='lat' dir='ltr'><strong>Magistri</strong></span> <span class='ocrx_word' id='word_1_95' title='bbox 2058 1388 2203 1437; x_wconf 84' lang='lat' dir='ltr'><strong>esse,</strong></span> <span class='ocrx_word' id='word_1_96' title='bbox 2261 1389 2326 1425; x_wconf 75' lang='lat' dir='ltr'><strong>ex</strong></span> 
     </span>
    </p>
   </div>
   <div class='ocr_carea' id='block_1_13' title="bbox 748 1466 2324 1538">
    <p class='ocr_par' dir='ltr' id='par_1_13' title="bbox 748 1466 2324 1538">
     <span class='ocr_line' id='line_1_13' title="bbox 748 1466 2324 1538; baseline -0.004 -14"><span class='ocrx_word' id='word_1_97' title='bbox 748 1490 836 1533; x_wconf 83' lang='lat' dir='ltr'><strong>eo,</strong></span> <span class='ocrx_word' id='word_1_98' title='bbox 901 1489 1062 1538; x_wconf 91' lang='lat' dir='ltr'><strong>quetn</strong></span> <span class='ocrx_word' id='word_1_99' title='bbox 1120 1470 1256 1532; x_wconf 64' lang='lat' dir='ltr'><strong>disi,</strong></span> <span class='ocrx_word' id='word_1_100' title='bbox 1315 1469 1598 1537; x_wconf 88' lang='lat' dir='ltr'><strong>deperdito</strong></span> <span class='ocrx_word' id='word_1_101' title='bbox 1666 1468 1812 1521; x_wconf 88' lang='lat' dir='ltr'><strong>libro</strong></span> <span class='ocrx_word' id='word_1_102' title='bbox 1862 1467 1997 1537; x_wconf 68' lang='grc' dir='ltr'>Περὶ</span> <span class='ocrx_word' id='word_1_103' title='bbox 2051 1466 2324 1518; x_wconf 70' lang='grc' dir='ltr'><strong>καταπτά-</strong></span> 
     </span>
    </p>
   </div>
   <div class='ocr_carea' id='block_1_14' title="bbox 755 1558 2328 1631">
    <p class='ocr_par' dir='ltr' id='par_1_14' title="bbox 755 1558 2328 1631">
     <span class='ocr_line' id='line_1_14' title="bbox 755 1558 2328 1631; baseline -0.003 -17"><span class='ocrx_word' id='word_1_104' title='bbox 755 1582 887 1624; x_wconf 75' lang='grc' dir='ltr'><strong>σεως</strong></span> <span class='ocrx_word' id='word_1_105' title='bbox 908 1564 1167 1631; x_wconf 65' lang='lat' dir='ltr'><strong>decerpta</strong></span> <span class='ocrx_word' id='word_1_106' title='bbox 1206 1561 1485 1616; x_wconf 81' lang='lat' dir='ltr'><strong>Promittit</strong></span> <span class='ocrx_word' id='word_1_107' title='bbox 1510 1577 1609 1613; x_wconf 78' lang='lat' dir='ltr'><strong>vox</strong></span> <span class='ocrx_word' id='word_1_108' title='bbox 1635 1562 1988 1621; x_wconf 67' lang='grc' dir='ltr'><strong>κατάστασις,</strong></span> <span class='ocrx_word' id='word_1_109' title='bbox 2008 1558 2328 1618; x_wconf 76' lang='lat' dir='ltr'><strong>constitutio.</strong></span> 
     </span>
    </p>
   </div>
   <div class='ocr_carea' id='block_1_15' title="bbox 756 1648 2331 1722">
    <p class='ocr_par' dir='ltr' id='par_1_15' title="bbox 756 1648 2331 1722">
     <span class='ocr_line' id='line_1_15' title="bbox 756 1648 2331 1722; baseline -0.003 -16"><span class='ocrx_word' id='word_1_110' title='bbox 756 1670 862 1706; x_wconf 84' lang='lat' dir='ltr'><strong>non</strong></span> <span class='ocrx_word' id='word_1_111' title='bbox 918 1664 1130 1706; x_wconf 77' lang='lat' dir='ltr'><strong>Lutum</strong></span> <span class='ocrx_word' id='word_1_112' title='bbox 1189 1663 1461 1722; x_wconf 81' lang='lat' dir='ltr'><strong>praecepta</strong></span> <span class='ocrx_word' id='word_1_113' title='bbox 1530 1654 1810 1719; x_wconf 80' lang='lat' dir='ltr'><strong>sapienter</strong></span> <span class='ocrx_word' id='word_1_114' title='bbox 1878 1648 2331 1703; x_wconf 78' lang='lat' dir='ltr'><strong>administranda:</strong></span> 
     </span>
    </p>
   </div>
   <div class='ocr_carea' id='block_1_16' title="bbox 757 1740 2331 1814">
    <p class='ocr_par' dir='ltr' id='par_1_16' title="bbox 757 1740 2331 1814">
     <span class='ocr_line' id='line_1_16' title="bbox 757 1740 2331 1814; baseline -0.004 -16"><span class='ocrx_word' id='word_1_115' title='bbox 757 1747 1095 1814; x_wconf 65' lang='lat' dir='ltr'><strong>reipublicae,</strong></span> <span class='ocrx_word' id='word_1_116' title='bbox 1129 1745 1222 1796; x_wconf 80' lang='lat' dir='ltr'><strong>sed</strong></span> <span class='ocrx_word' id='word_1_117' title='bbox 1254 1744 1420 1797; x_wconf 89' lang='lat' dir='ltr'><strong>etiam</strong></span> <span class='ocrx_word' id='word_1_118' title='bbox 1454 1743 1682 1805; x_wconf 87' lang='lat' dir='ltr'><strong>rituum,</strong></span> <span class='ocrx_word' id='word_1_119' title='bbox 1711 1741 1916 1811; x_wconf 87' lang='lat' dir='ltr'><strong>quibus</strong></span> <span class='ocrx_word' id='word_1_120' title='bbox 1943 1740 2127 1794; x_wconf 78' lang='lat' dir='ltr'><strong>civilia</strong></span> <span class='ocrx_word' id='word_1_121' title='bbox 2162 1756 2331 1809; x_wconf 84' lang='lat' dir='ltr'><strong>nego-</strong></span> 
     </span>
    </p>
   </div>
   <div class='ocr_carea' id='block_1_17' title="bbox 752 1216 868 1267">
    <p class='ocr_par' dir='ltr' id='par_1_17' title="bbox 752 1216 868 1267">
     <span class='ocr_line' id='line_1_17' title="bbox 752 1216 868 1267; baseline -0.009 -17"><span class='ocrx_word' id='word_1_122' title='bbox 752 1216 868 1267; x_wconf 63' lang='lat' dir='ltr'><strong>pag.</strong></span> 
     </span>
    </p>
   </div>
   <div class='ocr_carea' id='block_1_18' title="bbox 2421 545 3997 617">
    <p class='ocr_par' dir='ltr' id='par_1_18' title="bbox 2421 545 3997 617">
     <span class='ocr_line' id='line_1_18' title="bbox 2421 545 3997 617; baseline -0.001 -16"><span class='ocrx_word' id='word_1_123' title='bbox 2421 555 2769 617; x_wconf 86' lang='lat' dir='ltr'><strong>gererentur,</strong></span> <span class='ocrx_word' id='word_1_124' title='bbox 2826 545 3166 600; x_wconf 79' lang='lat' dir='ltr'><strong>interfuisse.</strong></span> <span class='ocrx_word' id='word_1_125' title='bbox 3195 545 3300 611; x_wconf 82' lang='lat' dir='ltr'><strong>Qui</strong></span> <span class='ocrx_word' id='word_1_126' title='bbox 3341 547 3667 601; x_wconf 87' lang='lat' dir='ltr'><strong>orientalem</strong></span> <span class='ocrx_word' id='word_1_127' title='bbox 3709 547 3997 603; x_wconf 82' lang='lat' dir='ltr'><strong>historiam</strong></span> 
     </span>
    </p>
   </div>
   <div class='ocr_carea' id='block_1_19' title="bbox 2422 638 3999 708">
    <p class='ocr_par' dir='ltr' id='par_1_19' title="bbox 2422 638 3999 708">
     <span class='ocr_line' id='line_1_19' title="bbox 2422 638 3999 708; baseline 0.003 -19"><span class='ocrx_word' id='word_1_128' title='bbox 2422 648 2626 701; x_wconf 88' lang='lat' dir='ltr'><strong>amant,</strong></span> <span class='ocrx_word' id='word_1_129' title='bbox 2656 639 2930 708; x_wconf 88' lang='lat' dir='ltr'><strong>reperient</strong></span> <span class='ocrx_word' id='word_1_130' title='bbox 2963 640 3015 693; x_wconf 89' lang='lat' dir='ltr'><strong>in</strong></span> <span class='ocrx_word' id='word_1_131' title='bbox 3050 638 3292 693; x_wconf 88' lang='lat' dir='ltr'><strong>secundo</strong></span> <span class='ocrx_word' id='word_1_132' title='bbox 3324 640 3601 694; x_wconf 84' lang='lat' dir='ltr'><strong>volumine</strong></span> <span class='ocrx_word' id='word_1_133' title='bbox 3633 653 3999 696; x_wconf 86' lang='lat' dir='ltr'><strong>memoratum</strong></span> 
     </span>
    </p>
   </div>
   <div class='ocr_carea' id='block_1_20' title="bbox 2423 731 3994 799">
    <p class='ocr_par' dir='ltr' id='par_1_20' title="bbox 2423 731 3994 799">
     <span class='ocr_line' id='line_1_20' title="bbox 2423 731 3994 799; baseline 0.002 -17"><span class='ocrx_word' id='word_1_134' title='bbox 2423 731 2661 799; x_wconf 83' lang='lat' dir='ltr'><strong>aliquem</strong></span> <span class='ocrx_word' id='word_1_135' title='bbox 2703 732 3049 793; x_wconf 88' lang='lat' dir='ltr'><strong>Dilcmicum,</strong></span> <span class='ocrx_word' id='word_1_136' title='bbox 3095 732 3327 786; x_wconf 87' lang='lat' dir='ltr'><strong>emirum</strong></span> <span class='ocrx_word' id='word_1_137' title='bbox 3362 733 3589 795; x_wconf 64' lang='lat' dir='ltr'><strong>Amidie,</strong></span> <span class='ocrx_word' id='word_1_138' title='bbox 3625 734 3907 787; x_wconf 84' lang='lat' dir='ltr'><strong>hominem</strong></span> <span class='ocrx_word' id='word_1_139' title='bbox 3942 745 3994 785; x_wconf 82' lang='lat' dir='ltr'><strong>et</strong></span> 
     </span>
    </p>
   </div>
   <div class='ocr_carea' id='block_1_21' title="bbox 2423 824 3999 881">
    <p class='ocr_par' dir='ltr' id='par_1_21' title="bbox 2423 824 3999 881">
     <span class='ocr_line' id='line_1_21' title="bbox 2423 824 3999 881; baseline 0 -3"><span class='ocrx_word' id='word_1_140' title='bbox 2423 838 2695 881; x_wconf 87' lang='lat' dir='ltr'><strong>oratorem</strong></span> <span class='ocrx_word' id='word_1_141' title='bbox 2730 828 2847 880; x_wconf 78' lang='lat' dir='ltr'><strong>Abu</strong></span> <span class='ocrx_word' id='word_1_142' title='bbox 2878 825 3179 879; x_wconf 86' lang='lat' dir='ltr'><strong>Chamdani</strong></span> <span class='ocrx_word' id='word_1_143' title='bbox 3205 826 3271 879; x_wconf 89' lang='lat' dir='ltr'><strong>ad</strong></span> <span class='ocrx_word' id='word_1_144' title='bbox 3297 824 3714 881; x_wconf 82' lang='lat' dir='ltr'><strong>Constantinum</strong></span> <span class='ocrx_word' id='word_1_145' title='bbox 3748 837 3999 880; x_wconf 88' lang='lat' dir='ltr'><strong>nostrum</strong></span> 
     </span>
    </p>
   </div>
   <div class='ocr_carea' id='block_1_22' title="bbox 2424 917 4003 987">
    <p class='ocr_par' dir='ltr' id='par_1_22' title="bbox 2424 917 4003 987">
     <span class='ocr_line' id='line_1_22' title="bbox 2424 917 4003 987; baseline 0.001 -16"><span class='ocrx_word' id='word_1_146' title='bbox 2424 920 2670 972; x_wconf 86' lang='lat' dir='ltr'><strong>missum.</strong></span> <span class='ocrx_word' id='word_1_147' title='bbox 2708 918 2814 984; x_wconf 80' lang='lat' dir='ltr'><strong>Qui</strong></span> <span class='ocrx_word' id='word_1_148' title='bbox 2866 919 2986 973; x_wconf 84' lang='lat' dir='ltr'><strong>Abu</strong></span> <span class='ocrx_word' id='word_1_149' title='bbox 3035 917 3317 972; x_wconf 87' lang='lat' dir='ltr'><strong>Chamdan</strong></span> <span class='ocrx_word' id='word_1_150' title='bbox 3360 918 3461 987; x_wconf 77' lang='lat' dir='ltr'><strong>(sic</strong></span> <span class='ocrx_word' id='word_1_151' title='bbox 3504 918 3651 970; x_wconf 88' lang='lat' dir='ltr'><strong>enim</strong></span> <span class='ocrx_word' id='word_1_152' title='bbox 3698 934 3795 986; x_wconf 89' lang='lat' dir='ltr'><strong>pro</strong></span> <span class='ocrx_word' id='word_1_153' title='bbox 3845 934 4003 972; x_wconf 74' lang='lat' dir='ltr'><strong>more</strong></span> 
     </span>
    </p>
   </div>
   <div class='ocr_carea' id='block_1_23' title="bbox 2426 1009 4005 1079">
    <p class='ocr_par' dir='ltr' id='par_1_23' title="bbox 2426 1009 4005 1079">
     <span class='ocr_line' id='line_1_23' title="bbox 2426 1009 4005 1079; baseline 0 -15"><span class='ocrx_word' id='word_1_154' title='bbox 2426 1011 2643 1064; x_wconf 88' lang='lat' dir='ltr'><strong>illorum</strong></span> <span class='ocrx_word' id='word_1_155' title='bbox 2683 1020 3014 1079; x_wconf 83' lang='lat' dir='ltr'><strong>temporum,</strong></span> <span class='ocrx_word' id='word_1_156' title='bbox 3043 1009 3296 1079; x_wconf 75' lang='lat' dir='ltr'><strong>quamvis</strong></span> <span class='ocrx_word' id='word_1_157' title='bbox 3343 1025 3451 1062; x_wconf 90' lang='lat' dir='ltr'><strong>non</strong></span> <span class='ocrx_word' id='word_1_158' title='bbox 3498 1010 3629 1063; x_wconf 89' lang='lat' dir='ltr'><strong>satis</strong></span> <span class='ocrx_word' id='word_1_159' title='bbox 3679 1017 3848 1073; x_wconf 87' lang='lat' dir='ltr'><strong>recte,</strong></span> <span class='ocrx_word' id='word_1_160' title='bbox 3903 1027 4005 1079; x_wconf 89' lang='lat' dir='ltr'><strong>pro</strong></span> 
     </span>
    </p>
   </div>
   <div class='ocr_carea' id='block_1_24' title="bbox 2426 1099 4004 1168">
    <p class='ocr_par' dir='ltr' id='par_1_24' title="bbox 2426 1099 4004 1168">
     <span class='ocr_line' id='line_1_24' title="bbox 2426 1099 4004 1168; baseline -0.003 -13"><span class='ocrx_word' id='word_1_161' title='bbox 2426 1100 2522 1155; x_wconf 92' lang='lat' dir='ltr'><strong>lbn</strong></span> <span class='ocrx_word' id='word_1_162' title='bbox 2557 1099 2839 1154; x_wconf 76' lang='lat' dir='ltr'><strong>Chamdan</strong></span> <span class='ocrx_word' id='word_1_163' title='bbox 2868 1102 3200 1168; x_wconf 83' lang='lat' dir='ltr'><strong>appellatur)</strong></span> <span class='ocrx_word' id='word_1_164' title='bbox 3248 1099 3485 1153; x_wconf 85' lang='lat' dir='ltr'><strong>fueritne</strong></span> <span class='ocrx_word' id='word_1_165' title='bbox 3530 1099 4004 1166; x_wconf 74' lang='lat' dir='ltr'><strong>Naseroddaulah,</strong></span> 
     </span>
    </p>
   </div>
   <div class='ocr_carea' id='block_1_25' title="bbox 2427 1191 4007 1263">
    <p class='ocr_par' dir='ltr' id='par_1_25' title="bbox 2427 1191 4007 1263">
     <span class='ocr_line' id='line_1_25' title="bbox 2427 1191 4007 1263; baseline -0.003 -16"><span class='ocrx_word' id='word_1_166' title='bbox 2427 1210 2494 1247; x_wconf 89' lang='lat' dir='ltr'><strong>an</strong></span> <span class='ocrx_word' id='word_1_167' title='bbox 2541 1194 2659 1263; x_wconf 85' lang='lat' dir='ltr'><strong>ejus</strong></span> <span class='ocrx_word' id='word_1_168' title='bbox 2712 1193 2882 1246; x_wconf 82' lang='lat' dir='ltr'><strong>frater</strong></span> <span class='ocrx_word' id='word_1_169' title='bbox 2934 1191 3347 1257; x_wconf 82' lang='lat' dir='ltr'><strong>Saifoddaulah,</strong></span> <span class='ocrx_word' id='word_1_170' title='bbox 3382 1191 3542 1245; x_wconf 90' lang='lat' dir='ltr'><strong>ambo</strong></span> <span class='ocrx_word' id='word_1_171' title='bbox 3597 1202 3850 1259; x_wconf 90' lang='lat' dir='ltr'><strong>potentes</strong></span> <span class='ocrx_word' id='word_1_172' title='bbox 3902 1207 4007 1261; x_wconf 84' lang='lat' dir='ltr'><strong>per</strong></span> 
     </span>
    </p>
   </div>
   <div class='ocr_carea' id='block_1_26' title="bbox 2429 1282 4008 1355">
    <p class='ocr_par' dir='ltr' id='par_1_26' title="bbox 2429 1282 4008 1355">
     <span class='ocr_line' id='line_1_26' title="bbox 2429 1282 4008 1355; baseline -0.003 -16"><span class='ocrx_word' id='word_1_173' title='bbox 2429 1286 2637 1355; x_wconf 75' lang='lat' dir='ltr'><strong>Syriam</strong></span> <span class='ocrx_word' id='word_1_174' title='bbox 2664 1294 2827 1353; x_wconf 89' lang='lat' dir='ltr'><strong>atque</strong></span> <span class='ocrx_word' id='word_1_175' title='bbox 2860 1283 3301 1351; x_wconf 83' lang='lat' dir='ltr'><strong>Mesopotamiam</strong></span> <span class='ocrx_word' id='word_1_176' title='bbox 3329 1285 3622 1352; x_wconf 87' lang='lat' dir='ltr'><strong>principes,</strong></span> <span class='ocrx_word' id='word_1_177' title='bbox 3651 1292 3704 1335; x_wconf 89' lang='lat' dir='ltr'><strong>et</strong></span> <span class='ocrx_word' id='word_1_178' title='bbox 3743 1282 3797 1334; x_wconf 89' lang='lat' dir='ltr'><strong>in</strong></span> <span class='ocrx_word' id='word_1_179' title='bbox 3831 1284 4008 1336; x_wconf 88' lang='lat' dir='ltr'><strong>histo-</strong></span> 
     </span>
    </p>
   </div>
   <div class='ocr_carea' id='block_1_27' title="bbox 2431 1372 4003 1441">
    <p class='ocr_par' dir='ltr' id='par_1_27' title="bbox 2431 1372 4003 1441">
     <span class='ocr_line' id='line_1_27' title="bbox 2431 1372 4003 1441; baseline -0.004 -11"><span class='ocrx_word' id='word_1_180' title='bbox 2431 1379 2509 1430; x_wconf 91' lang='lat' dir='ltr'><strong>ria</strong></span> <span class='ocrx_word' id='word_1_181' title='bbox 2538 1377 2794 1431; x_wconf 90' lang='lat' dir='ltr'><strong>orientali</strong></span> <span class='ocrx_word' id='word_1_182' title='bbox 2828 1376 3099 1438; x_wconf 91' lang='lat' dir='ltr'><strong>celebres,</strong></span> <span class='ocrx_word' id='word_1_183' title='bbox 3142 1376 3198 1428; x_wconf 90' lang='lat' dir='ltr'><strong>in</strong></span> <span class='ocrx_word' id='word_1_184' title='bbox 3239 1374 3652 1428; x_wconf 89' lang='lat' dir='ltr'><strong>commentariis</strong></span> <span class='ocrx_word' id='word_1_185' title='bbox 3700 1372 4003 1441; x_wconf 90' lang='lat' dir='ltr'><strong>inquiram.</strong></span> 
     </span>
    </p>
   </div>
   <div class='ocr_carea' id='block_1_28' title="bbox 2431 1459 4005 1528">
    <p class='ocr_par' dir='ltr' id='par_1_28' title="bbox 2431 1459 4005 1528">
     <span class='ocr_line' id='line_1_28' title="bbox 2431 1459 4005 1528; baseline -0.004 -6"><span class='ocrx_word' id='word_1_186' title='bbox 2431 1468 2508 1522; x_wconf 74' lang='lat' dir='ltr'><strong>Ne</strong></span> <span class='ocrx_word' id='word_1_187' title='bbox 2554 1467 2759 1521; x_wconf 85' lang='lat' dir='ltr'><strong>leviora</strong></span> <span class='ocrx_word' id='word_1_188' title='bbox 2813 1467 2902 1520; x_wconf 90' lang='lat' dir='ltr'><strong>illa</strong></span> <span class='ocrx_word' id='word_1_189' title='bbox 2948 1482 3395 1528; x_wconf 83' lang='lat' dir='ltr'><strong>commemorem,</strong></span> <span class='ocrx_word' id='word_1_190' title='bbox 3452 1464 3505 1518; x_wconf 90' lang='lat' dir='ltr'><strong>in</strong></span> <span class='ocrx_word' id='word_1_191' title='bbox 3542 1459 3786 1518; x_wconf 83' lang='lat' dir='ltr'><strong>secundo</strong></span> <span class='ocrx_word' id='word_1_192' title='bbox 3832 1463 4005 1523; x_wconf 86' lang='lat' dir='ltr'><strong>libro.</strong></span> 
     </span>
    </p>
   </div>
   <div class='ocr_carea' id='block_1_29' title="bbox 2434 1555 4007 1627">
    <p class='ocr_par' dir='ltr' id='par_1_29' title="bbox 2434 1555 4007 1627">
     <span class='ocr_line' id='line_1_29' title="bbox 2434 1555 4007 1627; baseline -0.004 -14"><span class='ocrx_word' id='word_1_193' title='bbox 2434 1561 2567 1614; x_wconf 86' lang='lat' dir='ltr'><strong>alias</strong></span> <span class='ocrx_word' id='word_1_194' title='bbox 2597 1561 2740 1613; x_wconf 88' lang='lat' dir='ltr'><strong>inter</strong></span> <span class='ocrx_word' id='word_1_195' title='bbox 2766 1558 3154 1627; x_wconf 80' lang='lat' dir='ltr'><strong>inscriptiones</strong></span> <span class='ocrx_word' id='word_1_196' title='bbox 3181 1557 3495 1610; x_wconf 90' lang='lat' dir='ltr'><strong>litterarum</strong></span> <span class='ocrx_word' id='word_1_197' title='bbox 3531 1573 3559 1609; x_wconf 92' lang='lat' dir='ltr'><strong>a</strong></span> <span class='ocrx_word' id='word_1_198' title='bbox 3588 1555 3907 1626; x_wconf 77' lang='lat' dir='ltr'><strong>Byzantinis</strong></span> <span class='ocrx_word' id='word_1_199' title='bbox 3938 1556 4007 1607; x_wconf 89' lang='lat' dir='ltr'><strong>ad</strong></span> 
     </span>
    </p>
   </div>
   <div class='ocr_carea' id='block_1_30' title="bbox 2434 1646 4008 1721">
    <p class='ocr_par' dir='ltr' id='par_1_30' title="bbox 2434 1646 4008 1721">
     <span class='ocr_line' id='line_1_30' title="bbox 2434 1646 4008 1721; baseline -0.004 -16"><span class='ocrx_word' id='word_1_200' title='bbox 2434 1654 2575 1707; x_wconf 89' lang='lat' dir='ltr'><strong>alios</strong></span> <span class='ocrx_word' id='word_1_201' title='bbox 2600 1667 2752 1721; x_wconf 87' lang='lat' dir='ltr'><strong>reges</strong></span> <span class='ocrx_word' id='word_1_202' title='bbox 2778 1660 3162 1718; x_wconf 87' lang='lat' dir='ltr'><strong>terrarumque</strong></span> <span class='ocrx_word' id='word_1_203' title='bbox 3188 1649 3438 1701; x_wconf 89' lang='lat' dir='ltr'><strong>dominos</strong></span> <span class='ocrx_word' id='word_1_204' title='bbox 3469 1648 3777 1710; x_wconf 90' lang='lat' dir='ltr'><strong>missarum,</strong></span> <span class='ocrx_word' id='word_1_205' title='bbox 3812 1646 4008 1700; x_wconf 87' lang='lat' dir='ltr'><strong>haberi</strong></span> 
     </span>
    </p>
   </div>
   <div class='ocr_carea' id='block_1_31' title="bbox 2436 1739 4009 1813">
    <p class='ocr_par' dir='ltr' id='par_1_31' title="bbox 2436 1739 4009 1813">
     <span class='ocr_line' id='line_1_31' title="bbox 2436 1739 4009 1813; baseline -0.004 -17"><span class='ocrx_word' id='word_1_206' title='bbox 2436 1759 2657 1813; x_wconf 85' lang='lat' dir='ltr'><strong>quoque</strong></span> <span class='ocrx_word' id='word_1_207' title='bbox 2720 1744 3109 1812; x_wconf 86' lang='lat' dir='ltr'><strong>inscriptiones</strong></span> <span class='ocrx_word' id='word_1_208' title='bbox 3178 1743 3508 1799; x_wconf 83' lang='lat' dir='ltr'><strong>litterarum,</strong></span> <span class='ocrx_word' id='word_1_209' title='bbox 3558 1739 3643 1791; x_wconf 84' lang='lat' dir='ltr'><strong>vel</strong></span> <span class='ocrx_word' id='word_1_210' title='bbox 3706 1754 4009 1792; x_wconf 89' lang='lat' dir='ltr'><strong>aurearnm</strong></span> 
     </span>
    </p>
   </div>
   <div class='ocr_carea' id='block_1_32' title="bbox 758 1817 4011 1905">
    <p class='ocr_par' dir='ltr' id='par_1_32' title="bbox 758 1817 4011 1905">
     <span class='ocr_line' id='line_1_32' title="bbox 758 1817 4011 1905; baseline -0.001 -17"><span class='ocrx_word' id='word_1_211' title='bbox 758 1838 827 1889; x_wconf 86' lang='lat' dir='ltr'><strong>tia</strong></span> <span class='ocrx_word' id='word_1_212' title='bbox 862 1848 1214 1904; x_wconf 75' lang='lat' dir='ltr'><strong>peraguntur,</strong></span> <span class='ocrx_word' id='word_1_213' title='bbox 1247 1833 1650 1902; x_wconf 74' lang='lat' dir='ltr'><strong>expositionem</strong></span> <span class='ocrx_word' id='word_1_214' title='bbox 1678 1850 1691 1885; x_wconf 92' lang='lat'><strong>:</strong></span> <span class='ocrx_word' id='word_1_215' title='bbox 1721 1833 1968 1900; x_wconf 84' lang='lat' dir='ltr'><strong>adeoque</strong></span> <span class='ocrx_word' id='word_1_216' title='bbox 1997 1830 2238 1900; x_wconf 87' lang='lat' dir='ltr'><strong>pertinet</strong></span> <span class='ocrx_word' id='word_1_217' title='bbox 2260 1829 2327 1883; x_wconf 89' lang='lat' dir='ltr'><strong>ad</strong></span> <span class='ocrx_word' id='word_1_218' title='bbox 2362 1817 2402 1873; x_wconf 75' lang='grc' dir='ltr'><strong><em>Β</em></strong></span> <span class='ocrx_word' id='word_1_219' title='bbox 2434 1838 2728 1899; x_wconf 67' lang='lat' dir='ltr'><strong>bullat-um,</strong></span> <span class='ocrx_word' id='word_1_220' title='bbox 2758 1847 2817 1889; x_wconf 80' lang='lat' dir='ltr'><strong>ut</strong></span> <span class='ocrx_word' id='word_1_221' title='bbox 2845 1834 3211 1905; x_wconf 78' lang='lat' dir='ltr'><strong>appellabant,</strong></span> <span class='ocrx_word' id='word_1_222' title='bbox 3241 1833 3307 1885; x_wconf 89' lang='lat' dir='ltr'><strong>ad</strong></span> <span class='ocrx_word' id='word_1_223' title='bbox 3346 1832 3827 1902; x_wconf 69' lang='lat' dir='ltr'><strong>Protosymbulum</strong></span> <span class='ocrx_word' id='word_1_224' title='bbox 3859 1831 3976 1899; x_wconf 77' lang='lat' dir='ltr'><strong>Aga</strong></span> <span class='ocrx_word' id='word_1_225' title='bbox 3996 1856 4011 1867; x_wconf 92' lang='lat'><strong>-</strong></span> 
     </span>
    </p>
   </div>
   <div class='ocr_carea' id='block_1_33' title="bbox 755 1922 2333 1992">
    <p class='ocr_par' dir='ltr' id='par_1_33' title="bbox 755 1922 2333 1992">
     <span class='ocr_line' id='line_1_33' title="bbox 755 1922 2333 1992; baseline -0.001 -15"><span class='ocrx_word' id='word_1_226' title='bbox 755 1939 971 1980; x_wconf 77' lang='lat' dir='ltr'><strong>veteres</strong></span> <span class='ocrx_word' id='word_1_227' title='bbox 996 1928 1165 1980; x_wconf 85' lang='lat' dir='ltr'><strong>libros</strong></span> <span class='ocrx_word' id='word_1_228' title='bbox 1197 1927 1440 1987; x_wconf 72' lang='lat' dir='ltr'><strong>tat-tiens,</strong></span> <span class='ocrx_word' id='word_1_229' title='bbox 1468 1942 1563 1978; x_wconf 87' lang='lat' dir='ltr'><strong>seu</strong></span> <span class='ocrx_word' id='word_1_230' title='bbox 1611 1924 2014 1987; x_wconf 87' lang='lat' dir='ltr'><strong>cerimoniales,</strong></span> <span class='ocrx_word' id='word_1_231' title='bbox 2038 1924 2105 1977; x_wconf 86' lang='lat' dir='ltr'><strong>de</strong></span> <span class='ocrx_word' id='word_1_232' title='bbox 2132 1922 2333 1992; x_wconf 82' lang='lat' dir='ltr'><strong>quibus</strong></span> 
     </span>
    </p>
   </div>
   <div class='ocr_carea' id='block_1_34' title="bbox 757 2017 2334 2086">
    <p class='ocr_par' dir='ltr' id='par_1_34' title="bbox 757 2017 2334 2086">
     <span class='ocr_line' id='line_1_34' title="bbox 757 2017 2334 2086; baseline 0 -17"><span class='ocrx_word' id='word_1_233' title='bbox 757 2024 811 2071; x_wconf 76' lang='lat' dir='ltr'><strong>in</strong></span> <span class='ocrx_word' id='word_1_234' title='bbox 876 2036 1107 2071; x_wconf 75' lang='lat' dir='ltr'><strong>(&#39;tlllllllCl</strong></span> <span class='ocrx_word' id='word_1_235' title='bbox 1137 2021 1289 2070; x_wconf 75' lang='lat' dir='ltr'><strong>tui-iis</strong></span> <span class='ocrx_word' id='word_1_236' title='bbox 1331 2032 1576 2086; x_wconf 77' lang='lat' dir='ltr'><strong>agemus.</strong></span> <span class='ocrx_word' id='word_1_237' title='bbox 1614 2017 1891 2070; x_wconf 84' lang='lat' dir='ltr'><strong>Promittit</strong></span> <span class='ocrx_word' id='word_1_238' title='bbox 1941 2017 2084 2071; x_wconf 82' lang='lat' dir='ltr'><strong>idem</strong></span> <span class='ocrx_word' id='word_1_239' title='bbox 2114 2033 2334 2086; x_wconf 87' lang='lat' dir='ltr'><strong>quoque</strong></span> 
     </span>
    </p>
   </div>
   <div class='ocr_carea' id='block_1_35' title="bbox 756 2110 2332 2181">
    <p class='ocr_par' dir='ltr' id='par_1_35' title="bbox 756 2110 2332 2181">
     <span class='ocr_line' id='line_1_35' title="bbox 756 2110 2332 2181; baseline -0.001 -17"><span class='ocrx_word' id='word_1_240' title='bbox 756 2113 1012 2179; x_wconf 72' lang='lat' dir='ltr'><strong>dignitas,</strong></span> <span class='ocrx_word' id='word_1_241' title='bbox 1050 2128 1210 2181; x_wconf 85' lang='lat' dir='ltr'><strong>quam</strong></span> <span class='ocrx_word' id='word_1_242' title='bbox 1266 2112 1465 2164; x_wconf 70' lang='lat' dir='ltr'><strong>l‘etrus</strong></span> <span class='ocrx_word' id='word_1_243' title='bbox 1515 2110 1705 2179; x_wconf 86' lang='lat' dir='ltr'><strong>gessit,</strong></span> <span class='ocrx_word' id='word_1_244' title='bbox 1744 2110 1989 2178; x_wconf 76' lang='lat' dir='ltr'><strong>magistri</strong></span> <span class='ocrx_word' id='word_1_245' title='bbox 2047 2125 2332 2163; x_wconf 90' lang='lat' dir='ltr'><strong>sacrorum</strong></span> 
     </span>
    </p>
   </div>
   <div class='ocr_carea' id='block_1_36' title="bbox 756 2204 2333 2273">
    <p class='ocr_par' dir='ltr' id='par_1_36' title="bbox 756 2204 2333 2273">
     <span class='ocr_line' id='line_1_36' title="bbox 756 2204 2333 2273; baseline 0.001 -18"><span class='ocrx_word' id='word_1_246' title='bbox 756 2207 1087 2266; x_wconf 66' lang='lat' dir='ltr'><strong>()“lL‘lUl&#39;Ulll,</strong></span> <span class='ocrx_word' id='word_1_247' title='bbox 1119 2208 1183 2258; x_wconf 84' lang='lat' dir='ltr'><strong>al</strong></span> <span class='ocrx_word' id='word_1_248' title='bbox 1238 2206 1392 2271; x_wconf 81' lang='lat' dir='ltr'><strong>cujus</strong></span> <span class='ocrx_word' id='word_1_249' title='bbox 1425 2205 1669 2258; x_wconf 81' lang='lat' dir='ltr'><strong>officium</strong></span> <span class='ocrx_word' id='word_1_250' title='bbox 1712 2215 1875 2273; x_wconf 88' lang='lat' dir='ltr'><strong>atque</strong></span> <span class='ocrx_word' id='word_1_251' title='bbox 1916 2204 2333 2272; x_wconf 86' lang='lat' dir='ltr'><strong>dispositionem</strong></span> 
     </span>
    </p>
   </div>
   <div class='ocr_carea' id='block_1_37' title="bbox 757 2295 2334 2364">
    <p class='ocr_par' dir='ltr' id='par_1_37' title="bbox 757 2295 2334 2364">
     <span class='ocr_line' id='line_1_37' title="bbox 757 2295 2334 2364; baseline 0.001 -17"><span class='ocrx_word' id='word_1_252' title='bbox 757 2299 921 2348; x_wconf 81' lang='lat' dir='ltr'><strong>etiam</strong></span> <span class='ocrx_word' id='word_1_253' title='bbox 970 2296 1386 2348; x_wconf 81' lang='lat' dir='ltr'><strong>eerimoniarius</strong></span> <span class='ocrx_word' id='word_1_254' title='bbox 1457 2295 1784 2363; x_wconf 88' lang='lat' dir='ltr'><strong>pertinebat.</strong></span> <span class='ocrx_word' id='word_1_255' title='bbox 1825 2296 2008 2348; x_wconf 77' lang='lat' dir='ltr'><strong>Enitet</strong></span> <span class='ocrx_word' id='word_1_256' title='bbox 2043 2295 2225 2364; x_wconf 85' lang='lat' dir='ltr'><strong>itaque</strong></span> <span class='ocrx_word' id='word_1_257' title='bbox 2281 2297 2334 2349; x_wconf 91' lang='lat' dir='ltr'><strong>in</strong></span> 
     </span>
    </p>
   </div>
   <div class='ocr_carea' id='block_1_38' title="bbox 763 2383 2335 2453">
    <p class='ocr_par' dir='ltr' id='par_1_38' title="bbox 763 2383 2335 2453">
     <span class='ocr_line' id='line_1_38' title="bbox 763 2383 2335 2453; baseline 0.003 -19"><span class='ocrx_word' id='word_1_258' title='bbox 763 2386 862 2435; x_wconf 76' lang='lat' dir='ltr'><strong>huc</strong></span> <span class='ocrx_word' id='word_1_259' title='bbox 895 2389 1070 2450; x_wconf 87' lang='lat' dir='ltr'><strong>primo</strong></span> <span class='ocrx_word' id='word_1_260' title='bbox 1103 2383 1266 2452; x_wconf 90' lang='lat' dir='ltr'><strong>hujus</strong></span> <span class='ocrx_word' id='word_1_261' title='bbox 1294 2386 1478 2453; x_wconf 87' lang='lat' dir='ltr'><strong>operis</strong></span> <span class='ocrx_word' id='word_1_262' title='bbox 1504 2384 1784 2437; x_wconf 74' lang='lat' dir='ltr'><strong>volumine</strong></span> <span class='ocrx_word' id='word_1_263' title='bbox 1809 2384 2017 2453; x_wconf 82' lang='lat' dir='ltr'><strong>grande</strong></span> <span class='ocrx_word' id='word_1_264' title='bbox 2051 2384 2155 2438; x_wconf 85' lang='lat' dir='ltr'><strong>hoc</strong></span> <span class='ocrx_word' id='word_1_265' title='bbox 2188 2386 2335 2439; x_wconf 89' lang='lat' dir='ltr'><strong>Petri</strong></span> 
     </span>
    </p>
   </div>
   <div class='ocr_carea' id='block_1_39' title="bbox 764 2474 2340 2545">
    <p class='ocr_par' dir='ltr' id='par_1_39' title="bbox 764 2474 2340 2545">
     <span class='ocr_line' id='line_1_39' title="bbox 764 2474 2340 2545; baseline 0.003 -20"><span class='ocrx_word' id='word_1_266' title='bbox 764 2474 1002 2541; x_wconf 66' lang='lat' dir='ltr'><strong>filugistri</strong></span> <span class='ocrx_word' id='word_1_267' title='bbox 1058 2475 1445 2539; x_wconf 69' lang='lat' dir='ltr'><strong>fragmentum,</strong></span> <span class='ocrx_word' id='word_1_268' title='bbox 1498 2476 1646 2529; x_wconf 90' lang='lat' dir='ltr'><strong>velut</strong></span> <span class='ocrx_word' id='word_1_269' title='bbox 1698 2475 1992 2545; x_wconf 87' lang='lat' dir='ltr'><strong>gemmula.</strong></span> <span class='ocrx_word' id='word_1_270' title='bbox 2028 2476 2096 2529; x_wconf 78' lang='lat' dir='ltr'><strong>At</strong></span> <span class='ocrx_word' id='word_1_271' title='bbox 2144 2476 2200 2530; x_wconf 92' lang='lat' dir='ltr'><strong>in</strong></span> <span class='ocrx_word' id='word_1_272' title='bbox 2253 2492 2340 2529; x_wconf 81' lang='lat' dir='ltr'><strong>se-</strong></span> 
     </span>
    </p>
   </div>
   <div class='ocr_carea' id='block_1_40' title="bbox 760 2567 2337 2635">
    <p class='ocr_par' dir='ltr' id='par_1_40' title="bbox 760 2567 2337 2635">
     <span class='ocr_line' id='line_1_40' title="bbox 760 2567 2337 2635; baseline 0.001 -16"><span class='ocrx_word' id='word_1_273' title='bbox 760 2567 979 2625; x_wconf 74' lang='lat' dir='ltr'><strong>cundo.</strong></span> <span class='ocrx_word' id='word_1_274' title='bbox 1022 2568 1168 2634; x_wconf 88' lang='lat' dir='ltr'><strong>quod</strong></span> <span class='ocrx_word' id='word_1_275' title='bbox 1229 2567 1441 2620; x_wconf 85' lang='lat' dir='ltr'><strong>favente</strong></span> <span class='ocrx_word' id='word_1_276' title='bbox 1493 2568 1602 2620; x_wconf 91' lang='lat' dir='ltr'><strong>Deo</strong></span> <span class='ocrx_word' id='word_1_277' title='bbox 1648 2570 1979 2635; x_wconf 77' lang='lat' dir='ltr'><strong>quantocius</strong></span> <span class='ocrx_word' id='word_1_278' title='bbox 2028 2569 2337 2635; x_wconf 77' lang='lat' dir='ltr'><strong>expediam,</strong></span> 
     </span>
    </p>
   </div>
   <div class='ocr_carea' id='block_1_41' title="bbox 767 2656 2340 2725">
    <p class='ocr_par' dir='ltr' id='par_1_41' title="bbox 767 2656 2340 2725">
     <span class='ocr_line' id='line_1_41' title="bbox 767 2656 2340 2725; baseline 0.001 -18"><span class='ocrx_word' id='word_1_279' title='bbox 767 2657 911 2707; x_wconf 73' lang='lat' dir='ltr'><strong>inter</strong></span> <span class='ocrx_word' id='word_1_280' title='bbox 938 2659 1039 2708; x_wconf 80' lang='lat' dir='ltr'><strong>alta</strong></span> <span class='ocrx_word' id='word_1_281' title='bbox 1079 2656 1335 2723; x_wconf 71' lang='lat' dir='ltr'><strong>pneelara</strong></span> <span class='ocrx_word' id='word_1_282' title='bbox 1372 2656 1606 2709; x_wconf 89' lang='lat' dir='ltr'><strong>enitebit</strong></span> <span class='ocrx_word' id='word_1_283' title='bbox 1641 2656 1884 2724; x_wconf 76' lang='lat' dir='ltr'><strong>prolixus</strong></span> <span class='ocrx_word' id='word_1_284' title='bbox 1916 2666 1972 2709; x_wconf 91' lang='lat' dir='ltr'><strong>et</strong></span> <span class='ocrx_word' id='word_1_285' title='bbox 2018 2656 2248 2725; x_wconf 76' lang='lat' dir='ltr'><strong>insignis</strong></span> <span class='ocrx_word' id='word_1_286' title='bbox 2276 2658 2340 2709; x_wconf 84' lang='lat' dir='ltr'><strong>li-</strong></span> 
     </span>
    </p>
   </div>
   <div class='ocr_carea' id='block_1_42' title="bbox 767 2745 2341 2814">
    <p class='ocr_par' dir='ltr' id='par_1_42' title="bbox 767 2745 2341 2814">
     <span class='ocr_line' id='line_1_42' title="bbox 767 2745 2341 2814; baseline 0.003 -19"><span class='ocrx_word' id='word_1_287' title='bbox 767 2746 863 2798; x_wconf 53' lang='lat' dir='ltr'><strong>iter</strong></span> <span class='ocrx_word' id='word_1_288' title='bbox 896 2746 1128 2814; x_wconf 82' lang='lat' dir='ltr'><strong>alicujus</strong></span> <span class='ocrx_word' id='word_1_289' title='bbox 1176 2746 1469 2806; x_wconf 73' lang='lat' dir='ltr'><strong>l‘hilothei,</strong></span> <span class='ocrx_word' id='word_1_290' title='bbox 1499 2745 1924 2813; x_wconf 77' lang='lat' dir='ltr'><strong>protospatltarii</strong></span> <span class='ocrx_word' id='word_1_291' title='bbox 1958 2755 2015 2800; x_wconf 87' lang='lat' dir='ltr'><strong>et</strong></span> <span class='ocrx_word' id='word_1_292' title='bbox 2062 2748 2341 2800; x_wconf 62' lang='lat' dir='ltr'><strong>artocliim</strong></span> 
     </span>
    </p>
   </div>
   <div class='ocr_carea' id='block_1_43' title="bbox 768 2833 2342 2904">
    <p class='ocr_par' dir='ltr' id='par_1_43' title="bbox 768 2833 2342 2904">
     <span class='ocr_line' id='line_1_43' title="bbox 768 2833 2342 2904; baseline -0.001 -18"><span class='ocrx_word' id='word_1_293' title='bbox 768 2838 923 2904; x_wconf 65' lang='lat' dir='ltr'><strong>regii,</strong></span> <span class='ocrx_word' id='word_1_294' title='bbox 959 2851 1069 2903; x_wconf 88' lang='lat' dir='ltr'><strong>quo</strong></span> <span class='ocrx_word' id='word_1_295' title='bbox 1109 2852 1216 2889; x_wconf 90' lang='lat' dir='ltr'><strong>non</strong></span> <span class='ocrx_word' id='word_1_296' title='bbox 1262 2844 1472 2887; x_wconf 86' lang='lat' dir='ltr'><strong>tantum</strong></span> <span class='ocrx_word' id='word_1_297' title='bbox 1504 2834 1814 2886; x_wconf 77' lang='lat' dir='ltr'><strong>divinarum</strong></span> <span class='ocrx_word' id='word_1_298' title='bbox 1859 2834 2148 2902; x_wconf 86' lang='lat' dir='ltr'><strong>epularum</strong></span> <span class='ocrx_word' id='word_1_299' title='bbox 2193 2833 2342 2886; x_wconf 84' lang='lat' dir='ltr'><strong>ordi-</strong></span> 
     </span>
    </p>
   </div>
   <div class='ocr_carea' id='block_1_44' title="bbox 768 2924 2341 2994">
    <p class='ocr_par' dir='ltr' id='par_1_44' title="bbox 768 2924 2341 2994">
     <span class='ocr_line' id='line_1_44' title="bbox 768 2924 2341 2994; baseline -0.003 -15"><span class='ocrx_word' id='word_1_300' title='bbox 768 2944 891 2979; x_wconf 82' lang='lat' dir='ltr'><strong>nem</strong></span> <span class='ocrx_word' id='word_1_301' title='bbox 927 2928 1085 2994; x_wconf 84' lang='lat' dir='ltr'><strong>plene</strong></span> <span class='ocrx_word' id='word_1_302' title='bbox 1118 2926 1514 2994; x_wconf 78' lang='lat' dir='ltr'><strong>distincteque,</strong></span> <span class='ocrx_word' id='word_1_303' title='bbox 1544 2935 1601 2978; x_wconf 94' lang='lat' dir='ltr'><strong>ut</strong></span> <span class='ocrx_word' id='word_1_304' title='bbox 1636 2926 1709 2978; x_wconf 92' lang='lat' dir='ltr'><strong>nil</strong></span> <span class='ocrx_word' id='word_1_305' title='bbox 1738 2940 1928 2992; x_wconf 88' lang='lat' dir='ltr'><strong>supra,</strong></span> <span class='ocrx_word' id='word_1_306' title='bbox 1965 2924 2341 2993; x_wconf 86' lang='lat' dir='ltr'><strong>persequitur,</strong></span> 
     </span>
    </p>
   </div>
   <div class='ocr_carea' id='block_1_45' title="bbox 768 3015 2343 3085">
    <p class='ocr_par' dir='ltr' id='par_1_45' title="bbox 768 3015 2343 3085">
     <span class='ocr_line' id='line_1_45' title="bbox 768 3015 2343 3085; baseline -0.002 -15"><span class='ocrx_word' id='word_1_307' title='bbox 768 3018 863 3070; x_wconf 80' lang='lat' dir='ltr'><strong>sed</strong></span> <span class='ocrx_word' id='word_1_308' title='bbox 896 3018 1082 3079; x_wconf 89' lang='lat' dir='ltr'><strong>etiam,</strong></span> <span class='ocrx_word' id='word_1_309' title='bbox 1114 3016 1258 3085; x_wconf 89' lang='lat' dir='ltr'><strong>quod</strong></span> <span class='ocrx_word' id='word_1_310' title='bbox 1286 3026 1609 3085; x_wconf 88' lang='lat' dir='ltr'><strong>argumento</strong></span> <span class='ocrx_word' id='word_1_311' title='bbox 1630 3015 1708 3068; x_wconf 90' lang='lat' dir='ltr'><strong>illi</strong></span> <span class='ocrx_word' id='word_1_312' title='bbox 1734 3015 1993 3073; x_wconf 72' lang='lat' dir='ltr'><strong>cohaeret.</strong></span> <span class='ocrx_word' id='word_1_313' title='bbox 2019 3015 2343 3084; x_wconf 73' lang='lat' dir='ltr'><strong>dignitatum</strong></span> 
     </span>
    </p>
   </div>
   <div class='ocr_carea' id='block_1_46' title="bbox 771 3104 2345 3177">
    <p class='ocr_par' dir='ltr' id='par_1_46' title="bbox 771 3104 2345 3177">
     <span class='ocr_line' id='line_1_46' title="bbox 771 3104 2345 3177; baseline -0.001 -16"><span class='ocrx_word' id='word_1_314' title='bbox 771 3118 882 3161; x_wconf 74' lang='lat' dir='ltr'><strong>tam</strong></span> <span class='ocrx_word' id='word_1_315' title='bbox 916 3107 1303 3175; x_wconf 84' lang='lat' dir='ltr'><strong>palatinarum,</strong></span> <span class='ocrx_word' id='word_1_316' title='bbox 1341 3122 1505 3175; x_wconf 88' lang='lat' dir='ltr'><strong>quam</strong></span> <span class='ocrx_word' id='word_1_317' title='bbox 1540 3106 1880 3166; x_wconf 87' lang='lat' dir='ltr'><strong>militarium.</strong></span> <span class='ocrx_word' id='word_1_318' title='bbox 1905 3116 1959 3159; x_wconf 95' lang='lat' dir='ltr'><strong>et</strong></span> <span class='ocrx_word' id='word_1_319' title='bbox 2003 3106 2128 3177; x_wconf 81' lang='lat' dir='ltr'><strong>|Ed.</strong></span> <span class='ocrx_word' id='word_1_320' title='bbox 2171 3106 2234 3159; x_wconf 88' lang='lat' dir='ltr'><strong>L.</strong></span> <span class='ocrx_word' id='word_1_321' title='bbox 2278 3104 2345 3177; x_wconf 62' lang='grc' dir='ltr'><strong>Υ]</strong></span> 
     </span>
    </p>
   </div>
   <div class='ocr_carea' id='block_1_47' title="bbox 776 3198 2349 3268">
    <p class='ocr_par' dir='ltr' id='par_1_47' title="bbox 776 3198 2349 3268">
     <span class='ocr_line' id='line_1_47' title="bbox 776 3198 2349 3268; baseline 0 -17"><span class='ocrx_word' id='word_1_322' title='bbox 776 3200 1109 3251; x_wconf 86' lang='lat' dir='ltr'><strong>urbanarum</strong></span> <span class='ocrx_word' id='word_1_323' title='bbox 1143 3214 1386 3266; x_wconf 88' lang='lat' dir='ltr'><strong>quoque,</strong></span> <span class='ocrx_word' id='word_1_324' title='bbox 1421 3214 1449 3251; x_wconf 92' lang='lat' dir='ltr'><strong>a</strong></span> <span class='ocrx_word' id='word_1_325' title='bbox 1493 3199 1722 3252; x_wconf 85' lang='lat' dir='ltr'><strong>summis</strong></span> <span class='ocrx_word' id='word_1_326' title='bbox 1751 3198 1817 3252; x_wconf 90' lang='lat' dir='ltr'><strong>ad</strong></span> <span class='ocrx_word' id='word_1_327' title='bbox 1850 3199 2006 3268; x_wconf 85' lang='lat' dir='ltr'><strong>imas,</strong></span> <span class='ocrx_word' id='word_1_328' title='bbox 2040 3201 2261 3253; x_wconf 90' lang='lat' dir='ltr'><strong>nomina</strong></span> <span class='ocrx_word' id='word_1_329' title='bbox 2292 3209 2349 3252; x_wconf 91' lang='lat' dir='ltr'><strong>et</strong></span> 
     </span>
    </p>
   </div>
   <div class='ocr_carea' id='block_1_48' title="bbox 774 3289 2351 3359">
    <p class='ocr_par' dir='ltr' id='par_1_48' title="bbox 774 3289 2351 3359">
     <span class='ocr_line' id='line_1_48' title="bbox 774 3289 2351 3359; baseline 0.001 -18"><span class='ocrx_word' id='word_1_330' title='bbox 774 3289 1099 3356; x_wconf 81' lang='lat' dir='ltr'><strong>pra:sidendi</strong></span> <span class='ocrx_word' id='word_1_331' title='bbox 1144 3291 1290 3359; x_wconf 91' lang='lat' dir='ltr'><strong>jura,</strong></span> <span class='ocrx_word' id='word_1_332' title='bbox 1326 3290 1455 3343; x_wconf 90' lang='lat' dir='ltr'><strong>item</strong></span> <span class='ocrx_word' id='word_1_333' title='bbox 1484 3305 1605 3359; x_wconf 68' lang='lat' dir='ltr'><strong>qua:</strong></span> <span class='ocrx_word' id='word_1_334' title='bbox 1635 3290 1746 3343; x_wconf 88' lang='lat' dir='ltr'><strong>sint</strong></span> <span class='ocrx_word' id='word_1_335' title='bbox 1790 3290 2085 3354; x_wconf 79' lang='lat' dir='ltr'><strong>axiomata,</strong></span> <span class='ocrx_word' id='word_1_336' title='bbox 2125 3306 2222 3345; x_wconf 90' lang='lat' dir='ltr'><strong>seu</strong></span> <span class='ocrx_word' id='word_1_337' title='bbox 2268 3291 2351 3344; x_wconf 90' lang='lat' dir='ltr'><strong>di-</strong></span> 
     </span>
    </p>
   </div>
   <div class='ocr_carea' id='block_1_49' title="bbox 773 3381 2349 3451">
    <p class='ocr_par' dir='ltr' id='par_1_49' title="bbox 773 3381 2349 3451">
     <span class='ocr_line' id='line_1_49' title="bbox 773 3381 2349 3451; baseline 0.002 -19"><span class='ocrx_word' id='word_1_338' title='bbox 773 3382 1027 3450; x_wconf 77' lang='lat' dir='ltr'><strong>gnitates,</strong></span> <span class='ocrx_word' id='word_1_339' title='bbox 1071 3397 1193 3451; x_wconf 72' lang='lat' dir='ltr'><strong>qua:</strong></span> <span class='ocrx_word' id='word_1_340' title='bbox 1225 3382 1424 3443; x_wconf 88' lang='lat' dir='ltr'><strong>officia,</strong></span> <span class='ocrx_word' id='word_1_341' title='bbox 1458 3381 1659 3450; x_wconf 85' lang='lat' dir='ltr'><strong>quibus</strong></span> <span class='ocrx_word' id='word_1_342' title='bbox 1703 3397 1827 3434; x_wconf 92' lang='lat' dir='ltr'><strong>cum</strong></span> <span class='ocrx_word' id='word_1_343' title='bbox 1863 3381 2106 3443; x_wconf 89' lang='lat' dir='ltr'><strong>brabeis,</strong></span> <span class='ocrx_word' id='word_1_344' title='bbox 2138 3382 2221 3435; x_wconf 79' lang='lat' dir='ltr'><strong>vel</strong></span> <span class='ocrx_word' id='word_1_345' title='bbox 2264 3382 2349 3435; x_wconf 92' lang='lat' dir='ltr'><strong>in-</strong></span> 
     </span>
    </p>
   </div>
   <div class='ocr_carea' id='block_1_50' title="bbox 774 3461 2353 3542">
    <p class='ocr_par' dir='ltr' id='par_1_50' title="bbox 774 3461 2353 3542">
     <span class='ocr_line' id='line_1_50' title="bbox 774 3461 2353 3542; baseline 0.002 -17"><span class='ocrx_word' id='word_1_346' title='bbox 774 3474 1041 3541; x_wconf 85' lang='lat' dir='ltr'><strong>signibus,</strong></span> <span class='ocrx_word' id='word_1_347' title='bbox 1071 3473 1450 3537; x_wconf 90' lang='lat' dir='ltr'><strong>conferantur,</strong></span> <span class='ocrx_word' id='word_1_348' title='bbox 1482 3489 1695 3527; x_wconf 90' lang='lat' dir='ltr'><strong>necnon</strong></span> <span class='ocrx_word' id='word_1_349' title='bbox 1740 3490 1850 3541; x_wconf 91' lang='lat' dir='ltr'><strong>quo</strong></span> <span class='ocrx_word' id='word_1_350' title='bbox 1876 3461 2125 3542; x_wconf 36' lang='lat' dir='ltr'><strong>quicque.</strong></span> <span class='ocrx_word' id='word_1_351' title='bbox 2161 3475 2353 3528; x_wconf 87' lang='lat' dir='ltr'><strong>ordine</strong></span> 
     </span>
    </p>
   </div>
   <div class='ocr_carea' id='block_1_51' title="bbox 773 3564 2352 3632">
    <p class='ocr_par' dir='ltr' id='par_1_51' title="bbox 773 3564 2352 3632">
     <span class='ocr_line' id='line_1_51' title="bbox 773 3564 2352 3632; baseline 0.001 -16"><span class='ocrx_word' id='word_1_352' title='bbox 773 3574 829 3616; x_wconf 90' lang='lat' dir='ltr'><strong>et</strong></span> <span class='ocrx_word' id='word_1_353' title='bbox 876 3565 1079 3632; x_wconf 88' lang='lat' dir='ltr'><strong>quibus</strong></span> <span class='ocrx_word' id='word_1_354' title='bbox 1110 3564 1305 3616; x_wconf 89' lang='lat' dir='ltr'><strong>diebus</strong></span> <span class='ocrx_word' id='word_1_355' title='bbox 1353 3564 1418 3617; x_wconf 89' lang='lat' dir='ltr'><strong>ad</strong></span> <span class='ocrx_word' id='word_1_356' title='bbox 1468 3580 1678 3618; x_wconf 82' lang='lat' dir='ltr'><strong>sacram</strong></span> <span class='ocrx_word' id='word_1_357' title='bbox 1732 3580 1974 3618; x_wconf 87' lang='lat' dir='ltr'><strong>mensam</strong></span> <span class='ocrx_word' id='word_1_358' title='bbox 2032 3564 2352 3629; x_wconf 72' lang='lat' dir='ltr'><strong>advocatur,</strong></span> 
     </span>
    </p>
   </div>
   <div class='ocr_carea' id='block_1_52' title="bbox 782 3656 2356 3715">
    <p class='ocr_par' dir='ltr' id='par_1_52' title="bbox 782 3656 2356 3715">
     <span class='ocr_line' id='line_1_52' title="bbox 782 3656 2356 3715; baseline 0.002 -7"><span class='ocrx_word' id='word_1_359' title='bbox 782 3657 1025 3708; x_wconf 84' lang='lat' dir='ltr'><strong>assideat</strong></span> <span class='ocrx_word' id='word_1_360' title='bbox 1055 3663 1109 3708; x_wconf 92' lang='lat' dir='ltr'><strong>et</strong></span> <span class='ocrx_word' id='word_1_361' title='bbox 1147 3656 1295 3709; x_wconf 92' lang='lat' dir='ltr'><strong>illinc</strong></span> <span class='ocrx_word' id='word_1_362' title='bbox 1328 3671 1520 3709; x_wconf 87' lang='lat' dir='ltr'><strong>rursus</strong></span> <span class='ocrx_word' id='word_1_363' title='bbox 1546 3656 1849 3715; x_wconf 88' lang='lat' dir='ltr'><strong>emittatur.</strong></span> <span class='ocrx_word' id='word_1_364' title='bbox 1884 3666 2156 3710; x_wconf 87' lang='lat' dir='ltr'><strong>recenset.</strong></span> <span class='ocrx_word' id='word_1_365' title='bbox 2181 3656 2356 3712; x_wconf 89' lang='lat' dir='ltr'><strong>Habet</strong></span> 
     </span>
    </p>
   </div>
   <div class='ocr_carea' id='block_1_53' title="bbox 783 3746 2355 3814">
    <p class='ocr_par' dir='ltr' id='par_1_53' title="bbox 783 3746 2355 3814">
     <span class='ocr_line' id='line_1_53' title="bbox 783 3746 2355 3814; baseline 0.003 -19"><span class='ocrx_word' id='word_1_366' title='bbox 783 3757 1045 3813; x_wconf 54' lang='lat' dir='ltr'><strong>praeterea</strong></span> <span class='ocrx_word' id='word_1_367' title='bbox 1104 3756 1395 3814; x_wconf 83' lang='lat' dir='ltr'><strong>utrumque</strong></span> <span class='ocrx_word' id='word_1_368' title='bbox 1453 3746 1705 3799; x_wconf 81' lang='lat' dir='ltr'><strong>volumen</strong></span> <span class='ocrx_word' id='word_1_369' title='bbox 1754 3747 1859 3798; x_wconf 89' lang='lat' dir='ltr'><strong>alia</strong></span> <span class='ocrx_word' id='word_1_370' title='bbox 1911 3756 2288 3807; x_wconf 76' lang='lat' dir='ltr'><strong>monumenta.</strong></span> <span class='ocrx_word' id='word_1_371' title='bbox 2325 3762 2355 3800; x_wconf 83' lang='lat' dir='ltr'><strong>e</strong></span> 
     </span>
    </p>
   </div>
   <div class='ocr_carea' id='block_1_54' title="bbox 782 3836 2357 3906">
    <p class='ocr_par' dir='ltr' id='par_1_54' title="bbox 782 3836 2357 3906">
     <span class='ocr_line' id='line_1_54' title="bbox 782 3836 2357 3906; baseline 0 -17"><span class='ocrx_word' id='word_1_372' title='bbox 782 3839 983 3904; x_wconf 78' lang='lat' dir='ltr'><strong>quibus</strong></span> <span class='ocrx_word' id='word_1_373' title='bbox 1018 3839 1094 3890; x_wconf 80' lang='lat' dir='ltr'><strong>Du</strong></span> <span class='ocrx_word' id='word_1_374' title='bbox 1128 3837 1315 3905; x_wconf 87' lang='lat' dir='ltr'><strong>Cangii</strong></span> <span class='ocrx_word' id='word_1_375' title='bbox 1361 3837 1598 3890; x_wconf 81' lang='lat' dir='ltr'><strong>Familia&#39;</strong></span> <span class='ocrx_word' id='word_1_376' title='bbox 1632 3836 1937 3905; x_wconf 77' lang='lat' dir='ltr'><strong>Byzantina:</strong></span> <span class='ocrx_word' id='word_1_377' title='bbox 1967 3838 2177 3906; x_wconf 83' lang='lat' dir='ltr'><strong>augeri,</strong></span> <span class='ocrx_word' id='word_1_378' title='bbox 2221 3836 2357 3889; x_wconf 84' lang='lat' dir='ltr'><strong>Con-</strong></span> 
     </span>
    </p>
   </div>
   <div class='ocr_carea' id='block_1_55' title="bbox 782 3924 2356 3994">
    <p class='ocr_par' dir='ltr' id='par_1_55' title="bbox 782 3924 2356 3994">
     <span class='ocr_line' id='line_1_55' title="bbox 782 3924 2356 3994; baseline 0.001 -18"><span class='ocrx_word' id='word_1_379' title='bbox 782 3926 1155 3994; x_wconf 67' lang='lat' dir='ltr'><strong>stantinopolis</strong></span> <span class='ocrx_word' id='word_1_380' title='bbox 1184 3927 1481 3979; x_wconf 74' lang='lat' dir='ltr'><strong>Christiana</strong></span> <span class='ocrx_word' id='word_1_381' title='bbox 1519 3926 1739 3994; x_wconf 85' lang='lat' dir='ltr'><strong>corrigi.</strong></span> <span class='ocrx_word' id='word_1_382' title='bbox 1768 3924 2191 3992; x_wconf 77' lang='lat' dir='ltr'><strong>Byzantinorum</strong></span> <span class='ocrx_word' id='word_1_383' title='bbox 2220 3942 2356 3994; x_wconf 88' lang='lat' dir='ltr'><strong>quo-</strong></span> 
     </span>
    </p>
   </div>
   <div class='ocr_carea' id='block_1_56' title="bbox 786 4017 2358 4085">
    <p class='ocr_par' dir='ltr' id='par_1_56' title="bbox 786 4017 2358 4085">
     <span class='ocr_line' id='line_1_56' title="bbox 786 4017 2358 4085; baseline 0 -16"><span class='ocrx_word' id='word_1_384' title='bbox 786 4021 1033 4070; x_wconf 86' lang='lat' dir='ltr'><strong>tumdam</strong></span> <span class='ocrx_word' id='word_1_385' title='bbox 1066 4018 1455 4070; x_wconf 87' lang='lat' dir='ltr'><strong>historicorum</strong></span> <span class='ocrx_word' id='word_1_386' title='bbox 1489 4018 1672 4070; x_wconf 88' lang='lat' dir='ltr'><strong>hiatus</strong></span> <span class='ocrx_word' id='word_1_387' title='bbox 1703 4017 1933 4085; x_wconf 78' lang='lat' dir='ltr'><strong>expleri,</strong></span> <span class='ocrx_word' id='word_1_388' title='bbox 1973 4026 2029 4071; x_wconf 87' lang='lat' dir='ltr'><strong>et</strong></span> <span class='ocrx_word' id='word_1_389' title='bbox 2061 4018 2358 4071; x_wconf 70' lang='lat' dir='ltr'><strong>cltronolo~</strong></span> 
     </span>
    </p>
   </div>
   <div class='ocr_carea' id='block_1_57' title="bbox 788 4106 2358 4176">
    <p class='ocr_par' dir='ltr' id='par_1_57' title="bbox 788 4106 2358 4176">
     <span class='ocr_line' id='line_1_57' title="bbox 788 4106 2358 4176; baseline 0.003 -17"><span class='ocrx_word' id='word_1_390' title='bbox 788 4109 902 4175; x_wconf 74' lang='lat' dir='ltr'><strong>gica</strong></span> <span class='ocrx_word' id='word_1_391' title='bbox 956 4108 1204 4175; x_wconf 66' lang='lat' dir='ltr'><strong>qumdam</strong></span> <span class='ocrx_word' id='word_1_392' title='bbox 1258 4115 1533 4159; x_wconf 89' lang='lat' dir='ltr'><strong>momenta</strong></span> <span class='ocrx_word' id='word_1_393' title='bbox 1602 4115 1749 4159; x_wconf 80' lang='lat' dir='ltr'><strong>recte</strong></span> <span class='ocrx_word' id='word_1_394' title='bbox 1803 4106 2070 4160; x_wconf 89' lang='lat' dir='ltr'><strong>constitui</strong></span> <span class='ocrx_word' id='word_1_395' title='bbox 2107 4120 2358 4176; x_wconf 89' lang='lat' dir='ltr'><strong>possunt.</strong></span> 
     </span>
    </p>
   </div>
   <div class='ocr_carea' id='block_1_58' title="bbox 791 4199 2361 4268">
    <p class='ocr_par' dir='ltr' id='par_1_58' title="bbox 791 4199 2361 4268">
     <span class='ocr_line' id='line_1_58' title="bbox 791 4199 2361 4268; baseline 0.001 -17"><span class='ocrx_word' id='word_1_396' title='bbox 791 4204 911 4263; x_wconf 72' lang='lat' dir='ltr'><strong>Quo</strong></span> <span class='ocrx_word' id='word_1_397' title='bbox 959 4201 1233 4266; x_wconf 77' lang='lat' dir='ltr'><strong>pertinent</strong></span> <span class='ocrx_word' id='word_1_398' title='bbox 1263 4199 1609 4251; x_wconf 87' lang='lat' dir='ltr'><strong>narrationes</strong></span> <span class='ocrx_word' id='word_1_399' title='bbox 1637 4199 1704 4252; x_wconf 87' lang='lat' dir='ltr'><strong>de</strong></span> <span class='ocrx_word' id='word_1_400' title='bbox 1753 4199 2047 4268; x_wconf 85' lang='lat' dir='ltr'><strong>Theophili</strong></span> <span class='ocrx_word' id='word_1_401' title='bbox 2086 4207 2143 4252; x_wconf 89' lang='lat' dir='ltr'><strong>et</strong></span> <span class='ocrx_word' id='word_1_402' title='bbox 2176 4199 2361 4253; x_wconf 86' lang='lat' dir='ltr'><strong>Basilii</strong></span> 
     </span>
    </p>
   </div>
   <div class='ocr_carea' id='block_1_59' title="bbox 793 4289 2359 4360">
    <p class='ocr_par' dir='ltr' id='par_1_59' title="bbox 793 4289 2359 4360">
     <span class='ocr_line' id='line_1_59' title="bbox 793 4289 2359 4360; baseline 0.001 -17"><span class='ocrx_word' id='word_1_403' title='bbox 793 4291 1103 4343; x_wconf 80' lang='lat' dir='ltr'><strong>Macedonis</strong></span> <span class='ocrx_word' id='word_1_404' title='bbox 1141 4290 1457 4357; x_wconf 88' lang='lat' dir='ltr'><strong>triumphis,</strong></span> <span class='ocrx_word' id='word_1_405' title='bbox 1510 4289 1563 4343; x_wconf 89' lang='lat' dir='ltr'><strong>in</strong></span> <span class='ocrx_word' id='word_1_406' title='bbox 1622 4291 1925 4359; x_wconf 88' lang='lat' dir='ltr'><strong>appendice</strong></span> <span class='ocrx_word' id='word_1_407' title='bbox 1978 4292 2107 4345; x_wconf 91' lang='lat' dir='ltr'><strong>libri</strong></span> <span class='ocrx_word' id='word_1_408' title='bbox 2155 4292 2359 4360; x_wconf 84' lang='lat' dir='ltr'><strong>primi;</strong></span> 
     </span>
    </p>
   </div>
   <div class='ocr_carea' id='block_1_60' title="bbox 789 4379 2365 4447">
    <p class='ocr_par' dir='ltr' id='par_1_60' title="bbox 789 4379 2365 4447">
     <span class='ocr_line' id='line_1_60' title="bbox 789 4379 2365 4447; baseline 0.001 -14"><span class='ocrx_word' id='word_1_409' title='bbox 789 4386 919 4434; x_wconf 84' lang='lat' dir='ltr'><strong>item</strong></span> <span class='ocrx_word' id='word_1_410' title='bbox 955 4380 1022 4433; x_wconf 90' lang='lat' dir='ltr'><strong>de</strong></span> <span class='ocrx_word' id='word_1_411' title='bbox 1068 4379 1418 4447; x_wconf 76' lang='lat' dir='ltr'><strong>expeditione</strong></span> <span class='ocrx_word' id='word_1_412' title='bbox 1474 4380 1701 4433; x_wconf 87' lang='lat' dir='ltr'><strong>llimcrii</strong></span> <span class='ocrx_word' id='word_1_413' title='bbox 1753 4381 2021 4435; x_wconf 89' lang='lat' dir='ltr'><strong>adversus</strong></span> <span class='ocrx_word' id='word_1_414' title='bbox 2070 4381 2365 4436; x_wconf 86' lang='lat' dir='ltr'><strong>Cretenses</strong></span> 
     </span>
    </p>
   </div>
   <div class='ocr_carea' id='block_1_61' title="bbox 2436 1921 4013 1997">
    <p class='ocr_par' dir='ltr' id='par_1_61' title="bbox 2436 1921 4013 1997">
     <span class='ocr_line' id='line_1_61' title="bbox 2436 1921 4013 1997; baseline -0.006 -14"><span class='ocrx_word' id='word_1_415' title='bbox 2436 1944 2717 1991; x_wconf 88' lang='lat' dir='ltr'><strong>renorum,</strong></span> <span class='ocrx_word' id='word_1_416' title='bbox 2768 1929 2980 1997; x_wconf 87' lang='lat' dir='ltr'><strong>quiest</strong></span> <span class='ocrx_word' id='word_1_417' title='bbox 3039 1926 3378 1995; x_wconf 86' lang='lat' dir='ltr'><strong>Bagdadicus</strong></span> <span class='ocrx_word' id='word_1_418' title='bbox 3422 1924 3694 1987; x_wconf 87' lang='lat' dir='ltr'><strong>Chalifah,</strong></span> <span class='ocrx_word' id='word_1_419' title='bbox 3752 1925 3881 1976; x_wconf 91' lang='lat' dir='ltr'><strong>item</strong></span> <span class='ocrx_word' id='word_1_420' title='bbox 3944 1921 4013 1975; x_wconf 87' lang='lat' dir='ltr'><strong>ad</strong></span> 
     </span>
    </p>
   </div>
   <div class='ocr_carea' id='block_1_62' title="bbox 2436 2014 4015 2087">
    <p class='ocr_par' dir='ltr' id='par_1_62' title="bbox 2436 2014 4015 2087">
     <span class='ocr_line' id='line_1_62' title="bbox 2436 2014 4015 2087; baseline -0.006 -12"><span class='ocrx_word' id='word_1_421' title='bbox 2436 2021 2604 2075; x_wconf 69' lang='lat' dir='ltr'><strong>ludite</strong></span> <span class='ocrx_word' id='word_1_422' title='bbox 2663 2021 2946 2075; x_wconf 88' lang='lat' dir='ltr'><strong>dominum</strong></span> <span class='ocrx_word' id='word_1_423' title='bbox 3001 2020 3169 2087; x_wconf 77' lang='lat' dir='ltr'><strong>(quze</strong></span> <span class='ocrx_word' id='word_1_424' title='bbox 3245 2017 3529 2086; x_wconf 88' lang='lat' dir='ltr'><strong>inscriptio</strong></span> <span class='ocrx_word' id='word_1_425' title='bbox 3590 2016 3722 2067; x_wconf 90' lang='lat' dir='ltr'><strong>mihi</strong></span> <span class='ocrx_word' id='word_1_426' title='bbox 3784 2014 4015 2082; x_wconf 91' lang='lat' dir='ltr'><strong>quidem</strong></span> 
     </span>
    </p>
   </div>
   <div class='ocr_carea' id='block_1_63' title="bbox 2439 2107 4016 2180">
    <p class='ocr_par' dir='ltr' id='par_1_63' title="bbox 2439 2107 4016 2180">
     <span class='ocr_line' id='line_1_63' title="bbox 2439 2107 4016 2180; baseline -0.003 -16"><span class='ocrx_word' id='word_1_427' title='bbox 2439 2126 2704 2180; x_wconf 89' lang='lat' dir='ltr'><strong>perquam</strong></span> <span class='ocrx_word' id='word_1_428' title='bbox 2737 2111 2873 2163; x_wconf 88' lang='lat' dir='ltr'><strong>mira</strong></span> <span class='ocrx_word' id='word_1_429' title='bbox 2930 2109 3168 2165; x_wconf 71' lang='lat' dir='ltr'><strong>accidit:</strong></span> <span class='ocrx_word' id='word_1_430' title='bbox 3204 2124 3313 2161; x_wconf 90' lang='lat' dir='ltr'><strong>non</strong></span> <span class='ocrx_word' id='word_1_431' title='bbox 3353 2109 3501 2163; x_wconf 90' lang='lat' dir='ltr'><strong>enim</strong></span> <span class='ocrx_word' id='word_1_432' title='bbox 3542 2107 3703 2160; x_wconf 91' lang='lat' dir='ltr'><strong>video</strong></span> <span class='ocrx_word' id='word_1_433' title='bbox 3745 2107 3877 2175; x_wconf 86' lang='lat' dir='ltr'><strong>quid</strong></span> <span class='ocrx_word' id='word_1_434' title='bbox 3935 2108 4016 2159; x_wconf 85' lang='lat' dir='ltr'><strong>rei</strong></span> 
     </span>
    </p>
   </div>
   <div class='ocr_carea' id='block_1_64' title="bbox 2438 2198 4018 2272">
    <p class='ocr_par' dir='ltr' id='par_1_64' title="bbox 2438 2198 4018 2272">
     <span class='ocr_line' id='line_1_64' title="bbox 2438 2198 4018 2272; baseline -0.003 -17"><span class='ocrx_word' id='word_1_435' title='bbox 2438 2201 2753 2272; x_wconf 78' lang='lat' dir='ltr'><strong>Byzantinis</strong></span> <span class='ocrx_word' id='word_1_436' title='bbox 2776 2200 3224 2269; x_wconf 87' lang='lat' dir='ltr'><strong>imperatoribus,</strong></span> <span class='ocrx_word' id='word_1_437' title='bbox 3246 2208 3435 2252; x_wconf 90' lang='lat' dir='ltr'><strong>nostro</strong></span> <span class='ocrx_word' id='word_1_438' title='bbox 3460 2209 3608 2252; x_wconf 88' lang='lat' dir='ltr'><strong>certe</strong></span> <span class='ocrx_word' id='word_1_439' title='bbox 3629 2198 4018 2260; x_wconf 88' lang='lat' dir='ltr'><strong>Constantino,</strong></span> 
     </span>
    </p>
   </div>
   <div class='ocr_carea' id='block_1_65' title="bbox 2438 2290 4020 2362">
    <p class='ocr_par' dir='ltr' id='par_1_65' title="bbox 2438 2290 4020 2362">
     <span class='ocr_line' id='line_1_65' title="bbox 2438 2290 4020 2362; baseline -0.004 -12"><span class='ocrx_word' id='word_1_440' title='bbox 2438 2310 2561 2350; x_wconf 91' lang='lat' dir='ltr'><strong>cum</strong></span> <span class='ocrx_word' id='word_1_441' title='bbox 2592 2294 2759 2347; x_wconf 71' lang='lat' dir='ltr'><strong>ludite</strong></span> <span class='ocrx_word' id='word_1_442' title='bbox 2789 2309 2935 2362; x_wconf 73' lang='lat' dir='ltr'><strong>rege.</strong></span> <span class='ocrx_word' id='word_1_443' title='bbox 2967 2293 3022 2345; x_wconf 92' lang='lat' dir='ltr'><strong>id</strong></span> <span class='ocrx_word' id='word_1_444' title='bbox 3053 2304 3137 2347; x_wconf 88' lang='lat' dir='ltr'><strong>est</strong></span> <span class='ocrx_word' id='word_1_445' title='bbox 3159 2291 3372 2346; x_wconf 71' lang='lat' dir='ltr'><strong>Arabia:</strong></span> <span class='ocrx_word' id='word_1_446' title='bbox 3403 2290 3619 2349; x_wconf 79' lang='lat' dir='ltr'><strong>Felicis,</strong></span> <span class='ocrx_word' id='word_1_447' title='bbox 3654 2298 3710 2342; x_wconf 94' lang='lat' dir='ltr'><strong>ut</strong></span> <span class='ocrx_word' id='word_1_448' title='bbox 3732 2306 3832 2359; x_wconf 88' lang='lat' dir='ltr'><strong>ego</strong></span> <span class='ocrx_word' id='word_1_449' title='bbox 3858 2295 4020 2360; x_wconf 86' lang='lat' dir='ltr'><strong>equi-</strong></span> 
     </span>
    </p>
   </div>
   <div class='ocr_carea' id='block_1_66' title="bbox 2440 2382 4018 2450">
    <p class='ocr_par' dir='ltr' id='par_1_66' title="bbox 2440 2382 4018 2450">
     <span class='ocr_line' id='line_1_66' title="bbox 2440 2382 4018 2450; baseline -0.002 -12"><span class='ocrx_word' id='word_1_450' title='bbox 2440 2387 2563 2439; x_wconf 91' lang='lat' dir='ltr'><strong>dem</strong></span> <span class='ocrx_word' id='word_1_451' title='bbox 2585 2385 2861 2444; x_wconf 77' lang='lat' dir='ltr'><strong>existimo,</strong></span> <span class='ocrx_word' id='word_1_452' title='bbox 2894 2399 3184 2437; x_wconf 88' lang='lat' dir='ltr'><strong>commune</strong></span> <span class='ocrx_word' id='word_1_453' title='bbox 3215 2383 3434 2449; x_wconf 80' lang='lat' dir='ltr'><strong>fuerit);</strong></span> <span class='ocrx_word' id='word_1_454' title='bbox 3462 2392 3778 2450; x_wconf 89' lang='lat' dir='ltr'><strong>comparent</strong></span> <span class='ocrx_word' id='word_1_455' title='bbox 3810 2382 4018 2435; x_wconf 84' lang='lat' dir='ltr'><strong>ibidem</strong></span> 
     </span>
    </p>
   </div>
   <div class='ocr_carea' id='block_1_67' title="bbox 2441 2475 4021 2545">
    <p class='ocr_par' dir='ltr' id='par_1_67' title="bbox 2441 2475 4021 2545">
     <span class='ocr_line' id='line_1_67' title="bbox 2441 2475 4021 2545; baseline -0.003 -14"><span class='ocrx_word' id='word_1_456' title='bbox 2441 2477 2545 2531; x_wconf 90' lang='lat' dir='ltr'><strong>loci</strong></span> <span class='ocrx_word' id='word_1_457' title='bbox 2590 2477 2898 2530; x_wconf 89' lang='lat' dir='ltr'><strong>litterarum</strong></span> <span class='ocrx_word' id='word_1_458' title='bbox 2951 2477 3341 2545; x_wconf 86' lang='lat' dir='ltr'><strong>inscriptiones</strong></span> <span class='ocrx_word' id='word_1_459' title='bbox 3389 2476 3455 2528; x_wconf 90' lang='lat' dir='ltr'><strong>ad</strong></span> <span class='ocrx_word' id='word_1_460' title='bbox 3493 2475 3711 2544; x_wconf 89' lang='lat' dir='ltr'><strong>regulos</strong></span> <span class='ocrx_word' id='word_1_461' title='bbox 3748 2475 4021 2530; x_wconf 85' lang='lat' dir='ltr'><strong>obscuros</strong></span> 
     </span>
    </p>
   </div>
   <div class='ocr_carea' id='block_1_68' title="bbox 2443 2567 4024 2637">
    <p class='ocr_par' dir='ltr' id='par_1_68' title="bbox 2443 2567 4024 2637">
     <span class='ocr_line' id='line_1_68' title="bbox 2443 2567 4024 2637; baseline -0.003 -14"><span class='ocrx_word' id='word_1_462' title='bbox 2443 2570 2657 2632; x_wconf 77' lang='lat' dir='ltr'><strong>lberi-.e,</strong></span> <span class='ocrx_word' id='word_1_463' title='bbox 2691 2570 2955 2631; x_wconf 74' lang='lat' dir='ltr'><strong>Albaniae,</strong></span> <span class='ocrx_word' id='word_1_464' title='bbox 2995 2576 3050 2621; x_wconf 90' lang='lat' dir='ltr'><strong>et</strong></span> <span class='ocrx_word' id='word_1_465' title='bbox 3077 2568 3363 2637; x_wconf 67' lang='lat' dir='ltr'><strong>Abasgiaz;</strong></span> <span class='ocrx_word' id='word_1_466' title='bbox 3401 2567 3546 2621; x_wconf 89' lang='lat' dir='ltr'><strong>unde</strong></span> <span class='ocrx_word' id='word_1_467' title='bbox 3586 2567 3651 2620; x_wconf 88' lang='lat' dir='ltr'><strong>ad</strong></span> <span class='ocrx_word' id='word_1_468' title='bbox 3688 2568 4024 2637; x_wconf 63' lang='lat' dir='ltr'><strong>geographi-</strong></span> 
     </span>
    </p>
   </div>
   <div class='ocr_carea' id='block_1_69' title="bbox 2444 2660 4020 2730">
    <p class='ocr_par' dir='ltr' id='par_1_69' title="bbox 2444 2660 4020 2730">
     <span class='ocr_line' id='line_1_69' title="bbox 2444 2660 4020 2730; baseline -0.001 -17"><span class='ocrx_word' id='word_1_469' title='bbox 2444 2677 2561 2714; x_wconf 90' lang='lat' dir='ltr'><strong>cam</strong></span> <span class='ocrx_word' id='word_1_470' title='bbox 2616 2663 2868 2714; x_wconf 92' lang='lat' dir='ltr'><strong>notitiam</strong></span> <span class='ocrx_word' id='word_1_471' title='bbox 2920 2670 3130 2713; x_wconf 81' lang='lat' dir='ltr'><strong>tractus</strong></span> <span class='ocrx_word' id='word_1_472' title='bbox 3179 2675 3374 2714; x_wconf 84' lang='lat' dir='ltr'><strong>versus</strong></span> <span class='ocrx_word' id='word_1_473' title='bbox 3407 2660 3683 2730; x_wconf 72' lang='lat' dir='ltr'><strong>Scythiam</strong></span> <span class='ocrx_word' id='word_1_474' title='bbox 3720 2660 4020 2712; x_wconf 81' lang='lat' dir='ltr'><strong>Asiaticam</strong></span> 
     </span>
    </p>
   </div>
   <div class='ocr_carea' id='block_1_70' title="bbox 2449 2751 4021 2820">
    <p class='ocr_par' dir='ltr' id='par_1_70' title="bbox 2449 2751 4021 2820">
     <span class='ocr_line' id='line_1_70' title="bbox 2449 2751 4021 2820; baseline 0.001 -19"><span class='ocrx_word' id='word_1_475' title='bbox 2449 2752 2722 2820; x_wconf 77' lang='lat' dir='ltr'><strong>vergentis</strong></span> <span class='ocrx_word' id='word_1_476' title='bbox 2749 2752 2991 2805; x_wconf 83' lang='lat' dir='ltr'><strong>accessio</strong></span> <span class='ocrx_word' id='word_1_477' title='bbox 3021 2751 3131 2803; x_wconf 83' lang='lat' dir='ltr'><strong>fiat.</strong></span> <span class='ocrx_word' id='word_1_478' title='bbox 3161 2751 3533 2804; x_wconf 74' lang='lat' dir='ltr'><strong>Memorantur</strong></span> <span class='ocrx_word' id='word_1_479' title='bbox 3561 2767 3778 2819; x_wconf 89' lang='lat' dir='ltr'><strong>quoque</strong></span> <span class='ocrx_word' id='word_1_480' title='bbox 3806 2751 4021 2818; x_wconf 89' lang='lat' dir='ltr'><strong>princi-</strong></span> 
     </span>
    </p>
   </div>
   <div class='ocr_carea' id='block_1_71' title="bbox 2447 2838 4025 2910">
    <p class='ocr_par' dir='ltr' id='par_1_71' title="bbox 2447 2838 4025 2910">
     <span class='ocr_line' id='line_1_71' title="bbox 2447 2838 4025 2910; baseline -0.004 -14"><span class='ocrx_word' id='word_1_481' title='bbox 2447 2858 2543 2910; x_wconf 89' lang='lat' dir='ltr'><strong>pes</strong></span> <span class='ocrx_word' id='word_1_482' title='bbox 2568 2842 2778 2910; x_wconf 85' lang='lat' dir='ltr'><strong>aliquot</strong></span> <span class='ocrx_word' id='word_1_483' title='bbox 2811 2841 3101 2909; x_wconf 83' lang='lat' dir='ltr'><strong>Bulgariei.</strong></span> <span class='ocrx_word' id='word_1_484' title='bbox 3124 2856 3263 2909; x_wconf 90' lang='lat' dir='ltr'><strong>quos</strong></span> <span class='ocrx_word' id='word_1_485' title='bbox 3298 2841 3355 2893; x_wconf 90' lang='lat' dir='ltr'><strong>in</strong></span> <span class='ocrx_word' id='word_1_486' title='bbox 3379 2855 3540 2893; x_wconf 88' lang='lat' dir='ltr'><strong>onmc</strong></span> <span class='ocrx_word' id='word_1_487' title='bbox 3603 2839 3838 2891; x_wconf 84' lang='lat' dir='ltr'><strong>historia</strong></span> <span class='ocrx_word' id='word_1_488' title='bbox 3894 2838 4025 2890; x_wconf 87' lang='lat' dir='ltr'><strong>hac—</strong></span> 
     </span>
    </p>
   </div>
   <div class='ocr_carea' id='block_1_72' title="bbox 2450 2927 4022 3000">
    <p class='ocr_par' dir='ltr' id='par_1_72' title="bbox 2450 2927 4022 3000">
     <span class='ocr_line' id='line_1_72' title="bbox 2450 2927 4022 3000; baseline -0.004 -13"><span class='ocrx_word' id='word_1_489' title='bbox 2450 2945 2608 2987; x_wconf 85' lang='lat' dir='ltr'><strong>tenus</strong></span> <span class='ocrx_word' id='word_1_490' title='bbox 2639 2933 2839 2985; x_wconf 85' lang='lat' dir='ltr'><strong>frustra</strong></span> <span class='ocrx_word' id='word_1_491' title='bbox 2884 2932 3168 3000; x_wconf 86' lang='lat' dir='ltr'><strong>requisivi.</strong></span> <span class='ocrx_word' id='word_1_492' title='bbox 3199 2930 3397 2996; x_wconf 74' lang='lat' dir='ltr'><strong>Quzero</strong></span> <span class='ocrx_word' id='word_1_493' title='bbox 3428 2932 3633 2999; x_wconf 90' lang='lat' dir='ltr'><strong>pariter</strong></span> <span class='ocrx_word' id='word_1_494' title='bbox 3680 2927 4022 2986; x_wconf 87' lang='lat' dir='ltr'><strong>adhucdum.</strong></span> 
     </span>
    </p>
   </div>
   <div class='ocr_carea' id='block_1_73' title="bbox 2448 3021 4024 3093">
    <p class='ocr_par' dir='ltr' id='par_1_73' title="bbox 2448 3021 4024 3093">
     <span class='ocr_line' id='line_1_73' title="bbox 2448 3021 4024 3093; baseline -0.003 -16"><span class='ocrx_word' id='word_1_495' title='bbox 2448 3025 2673 3093; x_wconf 88' lang='lat' dir='ltr'><strong>quinam</strong></span> <span class='ocrx_word' id='word_1_496' title='bbox 2699 3024 2924 3087; x_wconf 88' lang='lat' dir='ltr'><strong>fuerint,</strong></span> <span class='ocrx_word' id='word_1_497' title='bbox 2949 3033 3003 3077; x_wconf 88' lang='lat' dir='ltr'><strong>et</strong></span> <span class='ocrx_word' id='word_1_498' title='bbox 3028 3040 3059 3076; x_wconf 90' lang='lat' dir='ltr'><strong>a</strong></span> <span class='ocrx_word' id='word_1_499' title='bbox 3087 3039 3196 3093; x_wconf 92' lang='lat' dir='ltr'><strong>quo</strong></span> <span class='ocrx_word' id='word_1_500' title='bbox 3226 3022 3291 3075; x_wconf 90' lang='lat' dir='ltr'><strong>ad</strong></span> <span class='ocrx_word' id='word_1_501' title='bbox 3329 3035 3574 3076; x_wconf 89' lang='lat' dir='ltr'><strong>nostrum</strong></span> <span class='ocrx_word' id='word_1_502' title='bbox 3601 3021 4024 3075; x_wconf 81' lang='lat' dir='ltr'><strong>Constantinum</strong></span> 
     </span>
    </p>
   </div>
   <div class='ocr_carea' id='block_1_74' title="bbox 2455 3111 4025 3186">
    <p class='ocr_par' dir='ltr' id='par_1_74' title="bbox 2455 3111 4025 3186">
     <span class='ocr_line' id='line_1_74' title="bbox 2455 3111 4025 3186; baseline -0.003 -16"><span class='ocrx_word' id='word_1_503' title='bbox 2455 3116 2622 3186; x_wconf 79' lang='lat' dir='ltr'><strong>legati</strong></span> <span class='ocrx_word' id='word_1_504' title='bbox 2664 3116 2741 3171; x_wconf 91' lang='lat' dir='ltr'><strong>illi</strong></span> <span class='ocrx_word' id='word_1_505' title='bbox 2771 3114 3018 3183; x_wconf 84' lang='lat' dir='ltr'><strong>Hispani,</strong></span> <span class='ocrx_word' id='word_1_506' title='bbox 3052 3130 3285 3184; x_wconf 90' lang='lat' dir='ltr'><strong>quorum</strong></span> <span class='ocrx_word' id='word_1_507' title='bbox 3320 3117 3492 3168; x_wconf 89' lang='lat' dir='ltr'><strong>altero</strong></span> <span class='ocrx_word' id='word_1_508' title='bbox 3520 3114 3664 3167; x_wconf 92' lang='lat' dir='ltr'><strong>libro</strong></span> <span class='ocrx_word' id='word_1_509' title='bbox 3694 3113 3905 3165; x_wconf 87' lang='lat' dir='ltr'><strong>mentio</strong></span> <span class='ocrx_word' id='word_1_510' title='bbox 3941 3111 4025 3166; x_wconf 78' lang='lat' dir='ltr'><strong>ﬁt.</strong></span> 
     </span>
    </p>
   </div>
   <div class='ocr_carea' id='block_1_75' title="bbox 2455 3203 4027 3275">
    <p class='ocr_par' dir='ltr' id='par_1_75' title="bbox 2455 3203 4027 3275">
     <span class='ocr_line' id='line_1_75' title="bbox 2455 3203 4027 3275; baseline -0.002 -16"><span class='ocrx_word' id='word_1_511' title='bbox 2455 3206 2528 3259; x_wconf 81' lang='lat' dir='ltr'><strong>Ea</strong></span> <span class='ocrx_word' id='word_1_512' title='bbox 2566 3220 2784 3275; x_wconf 87' lang='lat' dir='ltr'><strong>quoque</strong></span> <span class='ocrx_word' id='word_1_513' title='bbox 2818 3205 3087 3274; x_wconf 89' lang='lat' dir='ltr'><strong>particula</strong></span> <span class='ocrx_word' id='word_1_514' title='bbox 3148 3203 3283 3258; x_wconf 89' lang='lat' dir='ltr'><strong>scita</strong></span> <span class='ocrx_word' id='word_1_515' title='bbox 3323 3212 3428 3266; x_wconf 89' lang='lat' dir='ltr'><strong>est,</strong></span> <span class='ocrx_word' id='word_1_516' title='bbox 3456 3219 3576 3272; x_wconf 71' lang='lat' dir='ltr'><strong>qure</strong></span> <span class='ocrx_word' id='word_1_517' title='bbox 3613 3219 3722 3272; x_wconf 92' lang='lat' dir='ltr'><strong>quo</strong></span> <span class='ocrx_word' id='word_1_518' title='bbox 3754 3205 4027 3257; x_wconf 87' lang='lat' dir='ltr'><strong>comitatu</strong></span> 
     </span>
    </p>
   </div>
   <div class='ocr_carea' id='block_1_76' title="bbox 2454 3293 4021 3354">
    <p class='ocr_par' dir='ltr' id='par_1_76' title="bbox 2454 3293 4021 3354">
     <span class='ocr_line' id='line_1_76' title="bbox 2454 3293 4021 3354; baseline -0.001 -5"><span class='ocrx_word' id='word_1_519' title='bbox 2454 3294 2693 3349; x_wconf 89' lang='lat' dir='ltr'><strong>celebris</strong></span> <span class='ocrx_word' id='word_1_520' title='bbox 2727 3295 2816 3348; x_wconf 91' lang='lat' dir='ltr'><strong>illa</strong></span> <span class='ocrx_word' id='word_1_521' title='bbox 2875 3293 3179 3348; x_wconf 79' lang='lat' dir='ltr'><strong>Russorum</strong></span> <span class='ocrx_word' id='word_1_522' title='bbox 3232 3294 3573 3347; x_wconf 86' lang='lat' dir='ltr'><strong>archontissa</strong></span> <span class='ocrx_word' id='word_1_523' title='bbox 3624 3309 3719 3346; x_wconf 89' lang='lat' dir='ltr'><strong>seu</strong></span> <span class='ocrx_word' id='word_1_524' title='bbox 3774 3294 4021 3354; x_wconf 84' lang='lat' dir='ltr'><strong>ducissa.</strong></span> 
     </span>
    </p>
   </div>
   <div class='ocr_carea' id='block_1_77' title="bbox 2456 3381 4026 3453">
    <p class='ocr_par' dir='ltr' id='par_1_77' title="bbox 2456 3381 4026 3453">
     <span class='ocr_line' id='line_1_77' title="bbox 2456 3381 4026 3453; baseline -0.001 -16"><span class='ocrx_word' id='word_1_525' title='bbox 2456 3383 2606 3453; x_wconf 83' lang='lat' dir='ltr'><strong>Elga,</strong></span> <span class='ocrx_word' id='word_1_526' title='bbox 2642 3383 2727 3436; x_wconf 85' lang='lat' dir='ltr'><strong>vel</strong></span> <span class='ocrx_word' id='word_1_527' title='bbox 2782 3381 2935 3452; x_wconf 84' lang='lat' dir='ltr'><strong>Olga,</strong></span> <span class='ocrx_word' id='word_1_528' title='bbox 2974 3394 3033 3437; x_wconf 93' lang='lat' dir='ltr'><strong>ut</strong></span> <span class='ocrx_word' id='word_1_529' title='bbox 3076 3383 3166 3436; x_wconf 89' lang='lat' dir='ltr'><strong>alii</strong></span> <span class='ocrx_word' id='word_1_530' title='bbox 3220 3384 3515 3452; x_wconf 81' lang='lat' dir='ltr'><strong>appellant,</strong></span> <span class='ocrx_word' id='word_1_531' title='bbox 3564 3383 3728 3437; x_wconf 88' lang='lat' dir='ltr'><strong>CPlin</strong></span> <span class='ocrx_word' id='word_1_532' title='bbox 3784 3385 4026 3449; x_wconf 87' lang='lat' dir='ltr'><strong>venerit,</strong></span> 
     </span>
    </p>
   </div>
   <div class='ocr_carea' id='block_1_78' title="bbox 2454 3474 4029 3545">
    <p class='ocr_par' dir='ltr' id='par_1_78' title="bbox 2454 3474 4029 3545">
     <span class='ocr_line' id='line_1_78' title="bbox 2454 3474 4029 3545; baseline 0.001 -16"><span class='ocrx_word' id='word_1_533' title='bbox 2454 3487 2695 3537; x_wconf 85' lang='lat' dir='ltr'><strong>enarrat,</strong></span> <span class='ocrx_word' id='word_1_534' title='bbox 2732 3484 2788 3529; x_wconf 91' lang='lat' dir='ltr'><strong>ct</strong></span> <span class='ocrx_word' id='word_1_535' title='bbox 2824 3476 3024 3544; x_wconf 87' lang='lat' dir='ltr'><strong>quibus</strong></span> <span class='ocrx_word' id='word_1_536' title='bbox 3056 3474 3181 3545; x_wconf 77' lang='lat' dir='ltr'><strong>[Et].</strong></span> <span class='ocrx_word' id='word_1_537' title='bbox 3212 3474 3275 3528; x_wconf 87' lang='lat' dir='ltr'><strong>L.</strong></span> <span class='ocrx_word' id='word_1_538' title='bbox 3307 3474 3397 3545; x_wconf 72' lang='lat' dir='ltr'><strong>Vl]</strong></span> <span class='ocrx_word' id='word_1_539' title='bbox 3431 3475 3730 3529; x_wconf 89' lang='lat' dir='ltr'><strong>honoribus</strong></span> <span class='ocrx_word' id='word_1_540' title='bbox 3754 3476 4029 3545; x_wconf 84' lang='lat' dir='ltr'><strong>donisque</strong></span> 
     </span>
    </p>
   </div>
   <div class='ocr_carea' id='block_1_79' title="bbox 2456 3566 4027 3635">
    <p class='ocr_par' dir='ltr' id='par_1_79' title="bbox 2456 3566 4027 3635">
     <span class='ocr_line' id='line_1_79' title="bbox 2456 3566 4027 3635; baseline -0.001 -13"><span class='ocrx_word' id='word_1_541' title='bbox 2456 3584 2575 3623; x_wconf 90' lang='lat' dir='ltr'><strong>eam</strong></span> <span class='ocrx_word' id='word_1_542' title='bbox 2608 3578 2663 3621; x_wconf 91' lang='lat' dir='ltr'><strong>et</strong></span> <span class='ocrx_word' id='word_1_543' title='bbox 2691 3568 3009 3621; x_wconf 89' lang='lat' dir='ltr'><strong>comitatum</strong></span> <span class='ocrx_word' id='word_1_544' title='bbox 3037 3567 3262 3635; x_wconf 83' lang='lat' dir='ltr'><strong>Augusti</strong></span> <span class='ocrx_word' id='word_1_545' title='bbox 3288 3567 3461 3619; x_wconf 92' lang='lat' dir='ltr'><strong>nostri</strong></span> <span class='ocrx_word' id='word_1_546' title='bbox 3500 3566 3805 3627; x_wconf 75' lang='lat' dir='ltr'><strong>affecerint,</strong></span> <span class='ocrx_word' id='word_1_547' title='bbox 3832 3583 3945 3635; x_wconf 89' lang='lat' dir='ltr'><strong>quo</strong></span> <span class='ocrx_word' id='word_1_548' title='bbox 3975 3569 4027 3620; x_wconf 89' lang='lat' dir='ltr'><strong>in</strong></span> 
     </span>
    </p>
   </div>
   <div class='ocr_carea' id='block_1_80' title="bbox 2458 3656 4027 3727">
    <p class='ocr_par' dir='ltr' id='par_1_80' title="bbox 2458 3656 4027 3727">
     <span class='ocr_line' id='line_1_80' title="bbox 2458 3656 4027 3727; baseline 0.002 -18"><span class='ocrx_word' id='word_1_549' title='bbox 2458 3657 2702 3711; x_wconf 82' lang='lat' dir='ltr'><strong>conclavi</strong></span> <span class='ocrx_word' id='word_1_550' title='bbox 2733 3656 3126 3711; x_wconf 78' lang='lat' dir='ltr'><strong>Constantinus</strong></span> <span class='ocrx_word' id='word_1_551' title='bbox 3157 3666 3213 3711; x_wconf 88' lang='lat' dir='ltr'><strong>et</strong></span> <span class='ocrx_word' id='word_1_552' title='bbox 3249 3656 3527 3711; x_wconf 83' lang='lat' dir='ltr'><strong>llomanus</strong></span> <span class='ocrx_word' id='word_1_553' title='bbox 3566 3656 3731 3719; x_wconf 84' lang='lat' dir='ltr'><strong>filius,</strong></span> <span class='ocrx_word' id='word_1_554' title='bbox 3757 3673 3869 3727; x_wconf 91' lang='lat' dir='ltr'><strong>quo</strong></span> <span class='ocrx_word' id='word_1_555' title='bbox 3901 3674 4027 3712; x_wconf 90' lang='lat' dir='ltr'><strong>rur-</strong></span> 
     </span>
    </p>
   </div>
   <div class='ocr_carea' id='block_1_81' title="bbox 2459 3748 4029 3819">
    <p class='ocr_par' dir='ltr' id='par_1_81' title="bbox 2459 3748 4029 3819">
     <span class='ocr_line' id='line_1_81' title="bbox 2459 3748 4029 3819; baseline 0.002 -19"><span class='ocrx_word' id='word_1_556' title='bbox 2459 3764 2555 3801; x_wconf 86' lang='lat' dir='ltr'><strong>sus</strong></span> <span class='ocrx_word' id='word_1_557' title='bbox 2593 3748 2796 3801; x_wconf 86' lang='lat' dir='ltr'><strong>Helena</strong></span> <span class='ocrx_word' id='word_1_558' title='bbox 2836 3752 3075 3816; x_wconf 83' lang='lat' dir='ltr'><strong>Augusta</strong></span> <span class='ocrx_word' id='word_1_559' title='bbox 3098 3759 3153 3801; x_wconf 91' lang='lat' dir='ltr'><strong>et</strong></span> <span class='ocrx_word' id='word_1_560' title='bbox 3179 3750 3299 3816; x_wconf 85' lang='lat' dir='ltr'><strong>ejus</strong></span> <span class='ocrx_word' id='word_1_561' title='bbox 3330 3764 3501 3802; x_wconf 90' lang='lat' dir='ltr'><strong>nurus</strong></span> <span class='ocrx_word' id='word_1_562' title='bbox 3527 3764 3646 3802; x_wconf 85' lang='lat' dir='ltr'><strong>eam</strong></span> <span class='ocrx_word' id='word_1_563' title='bbox 3684 3751 4029 3819; x_wconf 82' lang='lat' dir='ltr'><strong>exceperint,</strong></span> 
     </span>
    </p>
   </div>
   <div class='ocr_carea' id='block_1_82' title="bbox 2459 3840 4031 3908">
    <p class='ocr_par' dir='ltr' id='par_1_82' title="bbox 2459 3840 4031 3908">
     <span class='ocr_line' id='line_1_82' title="bbox 2459 3840 4031 3908; baseline 0.002 -16"><span class='ocrx_word' id='word_1_564' title='bbox 2459 3849 2513 3893; x_wconf 90' lang='lat' dir='ltr'><strong>et</strong></span> <span class='ocrx_word' id='word_1_565' title='bbox 2540 3840 2606 3892; x_wconf 88' lang='lat' dir='ltr'><strong>ad</strong></span> <span class='ocrx_word' id='word_1_566' title='bbox 2639 3840 2998 3907; x_wconf 88' lang='lat' dir='ltr'><strong>colloquium,</strong></span> <span class='ocrx_word' id='word_1_567' title='bbox 3026 3848 3121 3893; x_wconf 88' lang='lat' dir='ltr'><strong>aut</strong></span> <span class='ocrx_word' id='word_1_568' title='bbox 3153 3850 3209 3893; x_wconf 91' lang='lat' dir='ltr'><strong>et</strong></span> <span class='ocrx_word' id='word_1_569' title='bbox 3233 3840 3301 3893; x_wconf 89' lang='lat' dir='ltr'><strong>ad</strong></span> <span class='ocrx_word' id='word_1_570' title='bbox 3345 3841 3557 3908; x_wconf 86' lang='lat' dir='ltr'><strong>epulas,</strong></span> <span class='ocrx_word' id='word_1_571' title='bbox 3586 3850 3641 3893; x_wconf 90' lang='lat' dir='ltr'><strong>et</strong></span> <span class='ocrx_word' id='word_1_572' title='bbox 3674 3841 3880 3907; x_wconf 78' lang='lat' dir='ltr'><strong>quibus</strong></span> <span class='ocrx_word' id='word_1_573' title='bbox 3911 3840 4031 3895; x_wconf 85' lang='lat' dir='ltr'><strong>die-</strong></span> 
     </span>
    </p>
   </div>
   <div class='ocr_carea' id='block_1_83' title="bbox 2461 3930 4032 4000">
    <p class='ocr_par' dir='ltr' id='par_1_83' title="bbox 2461 3930 4032 4000">
     <span class='ocr_line' id='line_1_83' title="bbox 2461 3930 4032 4000; baseline 0.002 -18"><span class='ocrx_word' id='word_1_574' title='bbox 2461 3931 2585 3992; x_wconf 88' lang='lat' dir='ltr'><strong>bus,</strong></span> <span class='ocrx_word' id='word_1_575' title='bbox 2637 3932 2980 3993; x_wconf 87' lang='lat' dir='ltr'><strong>admiserint,</strong></span> <span class='ocrx_word' id='word_1_576' title='bbox 3039 3931 3259 4000; x_wconf 90' lang='lat' dir='ltr'><strong>quando</strong></span> <span class='ocrx_word' id='word_1_577' title='bbox 3298 3930 3492 3984; x_wconf 65' lang='lat' dir='ltr'><strong>iceram</strong></span> <span class='ocrx_word' id='word_1_578' title='bbox 3548 3932 3806 3999; x_wconf 79' lang='lat' dir='ltr'><strong>Augustis</strong></span> <span class='ocrx_word' id='word_1_579' title='bbox 3859 3942 4032 3992; x_wconf 85' lang='lat' dir='ltr'><strong>stare,</strong></span> 
     </span>
    </p>
   </div>
   <div class='ocr_carea' id='block_1_84' title="bbox 2462 4021 4032 4090">
    <p class='ocr_par' dir='ltr' id='par_1_84' title="bbox 2462 4021 4032 4090">
     <span class='ocr_line' id='line_1_84' title="bbox 2462 4021 4032 4090; baseline 0 -16"><span class='ocrx_word' id='word_1_580' title='bbox 2462 4022 2685 4089; x_wconf 90' lang='lat' dir='ltr'><strong>quando</strong></span> <span class='ocrx_word' id='word_1_581' title='bbox 2711 4022 2998 4075; x_wconf 84' lang='lat' dir='ltr'><strong>considere</strong></span> <span class='ocrx_word' id='word_1_582' title='bbox 3038 4022 3323 4090; x_wconf 87' lang='lat' dir='ltr'><strong>jusserint.</strong></span> <span class='ocrx_word' id='word_1_583' title='bbox 3365 4021 3503 4086; x_wconf 88' lang='lat' dir='ltr'><strong>Quid</strong></span> <span class='ocrx_word' id='word_1_584' title='bbox 3536 4021 3773 4090; x_wconf 90' lang='lat' dir='ltr'><strong>denique</strong></span> <span class='ocrx_word' id='word_1_585' title='bbox 3805 4022 4032 4076; x_wconf 59' lang='lat' dir='ltr'><strong>aderam</strong></span> 
     </span>
    </p>
   </div>
   <div class='ocr_carea' id='block_1_85' title="bbox 2464 4113 4034 4182">
    <p class='ocr_par' dir='ltr' id='par_1_85' title="bbox 2464 4113 4034 4182">
     <span class='ocr_line' id='line_1_85' title="bbox 2464 4113 4034 4182; baseline 0 -15"><span class='ocrx_word' id='word_1_586' title='bbox 2464 4113 2619 4167; x_wconf 89' lang='lat' dir='ltr'><strong>urbis</strong></span> <span class='ocrx_word' id='word_1_587' title='bbox 2646 4113 3266 4182; x_wconf 59' lang='lat' dir='ltr'><strong>Constantinopolitanae</strong></span> <span class='ocrx_word' id='word_1_588' title='bbox 3299 4114 3463 4166; x_wconf 91' lang='lat' dir='ltr'><strong>situm</strong></span> <span class='ocrx_word' id='word_1_589' title='bbox 3493 4124 3547 4166; x_wconf 92' lang='lat' dir='ltr'><strong>et</strong></span> <span class='ocrx_word' id='word_1_590' title='bbox 3579 4113 3793 4171; x_wconf 85' lang='lat' dir='ltr'><strong>faciem.</strong></span> <span class='ocrx_word' id='word_1_591' title='bbox 3822 4114 3927 4178; x_wconf 86' lang='lat' dir='ltr'><strong>vel,</strong></span> <span class='ocrx_word' id='word_1_592' title='bbox 3974 4126 4034 4167; x_wconf 83' lang='lat' dir='ltr'><strong>ut</strong></span> 
     </span>
    </p>
   </div>
   <div class='ocr_carea' id='block_1_86' title="bbox 2464 4202 4035 4271">
    <p class='ocr_par' dir='ltr' id='par_1_86' title="bbox 2464 4202 4035 4271">
     <span class='ocr_line' id='line_1_86' title="bbox 2464 4202 4035 4271; baseline 0.001 -16"><span class='ocrx_word' id='word_1_593' title='bbox 2464 4204 2758 4271; x_wconf 87' lang='lat' dir='ltr'><strong>appellant,</strong></span> <span class='ocrx_word' id='word_1_594' title='bbox 2793 4202 3229 4271; x_wconf 83' lang='lat' dir='ltr'><strong>topographiam.</strong></span> <span class='ocrx_word' id='word_1_595' title='bbox 3276 4204 3454 4270; x_wconf 90' lang='lat' dir='ltr'><strong>qualis</strong></span> <span class='ocrx_word' id='word_1_596' title='bbox 3486 4219 3550 4257; x_wconf 88' lang='lat' dir='ltr'><strong>ea</strong></span> <span class='ocrx_word' id='word_1_597' title='bbox 3580 4213 3739 4257; x_wconf 70' lang='lat' dir='ltr'><strong>aitate</strong></span> <span class='ocrx_word' id='word_1_598' title='bbox 3781 4213 3922 4266; x_wconf 89' lang='lat' dir='ltr'><strong>erat,</strong></span> <span class='ocrx_word' id='word_1_599' title='bbox 3977 4205 4035 4257; x_wconf 85' lang='lat' dir='ltr'><strong>iii</strong></span> 
     </span>
    </p>
   </div>
   <div class='ocr_carea' id='block_1_87' title="bbox 2466 4296 4037 4365">
    <p class='ocr_par' dir='ltr' id='par_1_87' title="bbox 2466 4296 4037 4365">
     <span class='ocr_line' id='line_1_87' title="bbox 2466 4296 4037 4365; baseline 0.003 -17"><span class='ocrx_word' id='word_1_600' title='bbox 2466 4296 2654 4348; x_wconf 91' lang='lat' dir='ltr'><strong>multis</strong></span> <span class='ocrx_word' id='word_1_601' title='bbox 2712 4298 2919 4347; x_wconf 91' lang='lat' dir='ltr'><strong>rectius</strong></span> <span class='ocrx_word' id='word_1_602' title='bbox 2953 4311 3017 4350; x_wconf 83' lang='lat' dir='ltr'><strong>cx</strong></span> <span class='ocrx_word' id='word_1_603' title='bbox 3056 4296 3163 4350; x_wconf 87' lang='lat' dir='ltr'><strong>hoc</strong></span> <span class='ocrx_word' id='word_1_604' title='bbox 3206 4296 3347 4348; x_wconf 91' lang='lat' dir='ltr'><strong>libro</strong></span> <span class='ocrx_word' id='word_1_605' title='bbox 3395 4296 3627 4365; x_wconf 85' lang='lat' dir='ltr'><strong>percipi,</strong></span> <span class='ocrx_word' id='word_1_606' title='bbox 3660 4311 3821 4364; x_wconf 90' lang='lat' dir='ltr'><strong>quam</strong></span> <span class='ocrx_word' id='word_1_607' title='bbox 3868 4312 3898 4351; x_wconf 86' lang='lat' dir='ltr'><strong>e</strong></span> <span class='ocrx_word' id='word_1_608' title='bbox 3950 4297 4037 4352; x_wconf 91' lang='lat' dir='ltr'><strong>Du</strong></span> 
     </span>
    </p>
   </div>
   <div class='ocr_carea' id='block_1_88' title="bbox 2466 4385 4038 4455">
    <p class='ocr_par' dir='ltr' id='par_1_88' title="bbox 2466 4385 4038 4455">
     <span class='ocr_line' id='line_1_88' title="bbox 2466 4385 4038 4455; baseline 0.002 -17"><span class='ocrx_word' id='word_1_609' title='bbox 2466 4386 2651 4454; x_wconf 86' lang='lat' dir='ltr'><strong>Caogii</strong></span> <span class='ocrx_word' id='word_1_610' title='bbox 2676 4385 2802 4439; x_wconf 84' lang='lat' dir='ltr'><strong>CPli</strong></span> <span class='ocrx_word' id='word_1_611' title='bbox 2828 4386 3148 4451; x_wconf 78' lang='lat' dir='ltr'><strong>Christiana,</strong></span> <span class='ocrx_word' id='word_1_612' title='bbox 3182 4389 3444 4455; x_wconf 63' lang='lat' dir='ltr'><strong>pra-claro</strong></span> <span class='ocrx_word' id='word_1_613' title='bbox 3483 4389 3617 4441; x_wconf 90' lang='lat' dir='ltr'><strong>alias</strong></span> <span class='ocrx_word' id='word_1_614' title='bbox 3649 4398 3703 4441; x_wconf 89' lang='lat' dir='ltr'><strong>et</strong></span> <span class='ocrx_word' id='word_1_615' title='bbox 3737 4390 4038 4443; x_wconf 90' lang='lat' dir='ltr'><strong>utilissimo</strong></span> 
     </span>
    </p>
   </div>
   <div class='ocr_carea' id='block_1_89' title="bbox 789 4470 4039 4554">
    <p class='ocr_par' dir='ltr' id='par_1_89' title="bbox 789 4470 4039 4554">
     <span class='ocr_line' id='line_1_89' title="bbox 789 4470 4039 4554; baseline 0.002 -24"><span class='ocrx_word' id='word_1_616' title='bbox 789 4474 1089 4523; x_wconf 69' lang='lat' dir='ltr'><strong>Saracenos</strong></span> <span class='ocrx_word' id='word_1_617' title='bbox 1140 4471 1243 4523; x_wconf 72' lang='lat' dir='ltr'><strong>sub</strong></span> <span class='ocrx_word' id='word_1_618' title='bbox 1292 4470 1474 4522; x_wconf 68' lang='lat' dir='ltr'><strong>Leone</strong></span> <span class='ocrx_word' id='word_1_619' title='bbox 1524 4473 1780 4538; x_wconf 58' lang='lat' dir='ltr'><strong>Septem!)</strong></span> <span class='ocrx_word' id='word_1_620' title='bbox 1839 4472 2028 4530; x_wconf 80' lang='lat' dir='ltr'><strong>diClo;</strong></span> <span class='ocrx_word' id='word_1_621' title='bbox 2077 4487 2241 4540; x_wconf 88' lang='lat' dir='ltr'><strong>porro</strong></span> <span class='ocrx_word' id='word_1_622' title='bbox 2290 4474 2358 4527; x_wconf 89' lang='lat' dir='ltr'><strong>de</strong></span> <span class='ocrx_word' id='word_1_623' title='bbox 2392 4497 2435 4550; x_wconf 79' lang='grc' dir='ltr'><strong>υ</strong></span> <span class='ocrx_word' id='word_1_624' title='bbox 2467 4480 2627 4540; x_wconf 90' lang='lat' dir='ltr'><strong>libro,</strong></span> <span class='ocrx_word' id='word_1_625' title='bbox 2664 4479 2765 4531; x_wconf 88' lang='lat' dir='ltr'><strong>viri</strong></span> <span class='ocrx_word' id='word_1_626' title='bbox 2802 4478 3103 4533; x_wconf 88' lang='lat' dir='ltr'><strong>doctissimi</strong></span> <span class='ocrx_word' id='word_1_627' title='bbox 3140 4490 3190 4531; x_wconf 85' lang='lat' dir='ltr'><strong>et</strong></span> <span class='ocrx_word' id='word_1_628' title='bbox 3220 4480 3272 4531; x_wconf 90' lang='lat' dir='ltr'><strong>in</strong></span> <span class='ocrx_word' id='word_1_629' title='bbox 3302 4479 3527 4531; x_wconf 89' lang='lat' dir='ltr'><strong>historia</strong></span> <span class='ocrx_word' id='word_1_630' title='bbox 3556 4480 3719 4533; x_wconf 89' lang='lat' dir='ltr'><strong>medii</strong></span> <span class='ocrx_word' id='word_1_631' title='bbox 3757 4481 3880 4543; x_wconf 65' lang='lat' dir='ltr'><strong>eri,</strong></span> <span class='ocrx_word' id='word_1_632' title='bbox 3929 4482 4039 4554; x_wconf 64' lang='lat' dir='ltr'><strong>Byo</strong></span> 
     </span>
    </p>
   </div>
   <div class='ocr_carea' id='block_1_90' title="bbox 791 4560 2360 4631">
    <p class='ocr_par' dir='ltr' id='par_1_90' title="bbox 791 4560 2360 4631">
     <span class='ocr_line' id='line_1_90' title="bbox 791 4560 2360 4631; baseline 0.004 -19"><span class='ocrx_word' id='word_1_633' title='bbox 791 4563 1068 4629; x_wconf 83' lang='lat' dir='ltr'><strong>legatione</strong></span> <span class='ocrx_word' id='word_1_634' title='bbox 1103 4561 1334 4613; x_wconf 75' lang='lat' dir='ltr'><strong>Romani</strong></span> <span class='ocrx_word' id='word_1_635' title='bbox 1369 4560 1638 4629; x_wconf 89' lang='lat' dir='ltr'><strong>Lecapcni</strong></span> <span class='ocrx_word' id='word_1_636' title='bbox 1672 4563 1738 4614; x_wconf 85' lang='lat' dir='ltr'><strong>ad</strong></span> <span class='ocrx_word' id='word_1_637' title='bbox 1769 4560 2049 4631; x_wconf 84' lang='lat' dir='ltr'><strong>Ilugonem</strong></span> <span class='ocrx_word' id='word_1_638' title='bbox 2080 4563 2246 4618; x_wconf 72' lang='lat' dir='ltr'><strong>Italia:</strong></span> <span class='ocrx_word' id='word_1_639' title='bbox 2271 4581 2360 4618; x_wconf 82' lang='lat' dir='ltr'><strong>re-</strong></span> 
     </span>
    </p>
   </div>
   <div class='ocr_carea' id='block_1_91' title="bbox 789 4653 2365 4722">
    <p class='ocr_par' dir='ltr' id='par_1_91' title="bbox 789 4653 2365 4722">
     <span class='ocr_line' id='line_1_91' title="bbox 789 4653 2365 4722; baseline 0.004 -18"><span class='ocrx_word' id='word_1_640' title='bbox 789 4670 931 4721; x_wconf 68' lang='lat' dir='ltr'><strong>gem,</strong></span> <span class='ocrx_word' id='word_1_641' title='bbox 987 4653 1419 4721; x_wconf 83' lang='lat' dir='ltr'><strong>muneribusque</strong></span> <span class='ocrx_word' id='word_1_642' title='bbox 1471 4653 1546 4705; x_wconf 84' lang='lat' dir='ltr'><strong>illi</strong></span> <span class='ocrx_word' id='word_1_643' title='bbox 1584 4670 1707 4706; x_wconf 92' lang='lat' dir='ltr'><strong>cum</strong></span> <span class='ocrx_word' id='word_1_644' title='bbox 1760 4656 2204 4722; x_wconf 89' lang='lat' dir='ltr'><strong>protospathario</strong></span> <span class='ocrx_word' id='word_1_645' title='bbox 2263 4656 2365 4709; x_wconf 81' lang='lat' dir='ltr'><strong>l’a-</strong></span> 
     </span>
    </p>
   </div>
   <div class='ocr_carea' id='block_1_92' title="bbox 790 4743 2367 4811">
    <p class='ocr_par' dir='ltr' id='par_1_92' title="bbox 790 4743 2367 4811">
     <span class='ocr_line' id='line_1_92' title="bbox 790 4743 2367 4811; baseline 0.001 -13"><span class='ocrx_word' id='word_1_646' title='bbox 790 4746 999 4798; x_wconf 51' lang='lat' dir='ltr'><strong>schalio</strong></span> <span class='ocrx_word' id='word_1_647' title='bbox 1037 4745 1089 4796; x_wconf 84' lang='lat' dir='ltr'><strong>iit</strong></span> <span class='ocrx_word' id='word_1_648' title='bbox 1123 4760 1246 4796; x_wconf 88' lang='lat' dir='ltr'><strong>eum</strong></span> <span class='ocrx_word' id='word_1_649' title='bbox 1288 4743 1450 4796; x_wconf 88' lang='lat' dir='ltr'><strong>liuent</strong></span> <span class='ocrx_word' id='word_1_650' title='bbox 1504 4746 1708 4806; x_wconf 87' lang='lat' dir='ltr'><strong>missis,</strong></span> <span class='ocrx_word' id='word_1_651' title='bbox 1755 4755 1813 4797; x_wconf 93' lang='lat' dir='ltr'><strong>ut</strong></span> <span class='ocrx_word' id='word_1_652' title='bbox 1866 4746 2101 4799; x_wconf 87' lang='lat' dir='ltr'><strong>rebelles</strong></span> <span class='ocrx_word' id='word_1_653' title='bbox 2152 4746 2367 4811; x_wconf 77' lang='lat' dir='ltr'><strong>Longo-</strong></span> 
     </span>
    </p>
   </div>
   <div class='ocr_carea' id='block_1_93' title="bbox 795 4835 2368 4904">
    <p class='ocr_par' dir='ltr' id='par_1_93' title="bbox 795 4835 2368 4904">
     <span class='ocr_line' id='line_1_93' title="bbox 795 4835 2368 4904; baseline 0.003 -17"><span class='ocrx_word' id='word_1_654' title='bbox 795 4836 995 4887; x_wconf 76' lang='lat' dir='ltr'><strong>!iartlos</strong></span> <span class='ocrx_word' id='word_1_655' title='bbox 1024 4835 1375 4898; x_wconf 87' lang='lat' dir='ltr'><strong>Landulfutu,</strong></span> <span class='ocrx_word' id='word_1_656' title='bbox 1412 4836 1851 4904; x_wconf 82' lang='lat' dir='ltr'><strong>Atheuulphum.</strong></span> <span class='ocrx_word' id='word_1_657' title='bbox 1886 4836 2103 4899; x_wconf 87' lang='lat' dir='ltr'><strong>fratres,</strong></span> <span class='ocrx_word' id='word_1_658' title='bbox 2136 4849 2192 4892; x_wconf 91' lang='lat' dir='ltr'><strong>et</strong></span> <span class='ocrx_word' id='word_1_659' title='bbox 2220 4839 2368 4892; x_wconf 88' lang='lat' dir='ltr'><strong>aliud</strong></span> 
     </span>
    </p>
   </div>
   <div class='ocr_carea' id='block_1_94' title="bbox 793 4930 2368 5001">
    <p class='ocr_par' dir='ltr' id='par_1_94' title="bbox 793 4930 2368 5001">
     <span class='ocr_line' id='line_1_94' title="bbox 793 4930 2368 5001; baseline 0.001 -17"><span class='ocrx_word' id='word_1_660' title='bbox 793 4933 1025 4984; x_wconf 76' lang='lat' dir='ltr'><strong>fratrum</strong></span> <span class='ocrx_word' id='word_1_661' title='bbox 1056 4946 1173 4998; x_wconf 90' lang='lat' dir='ltr'><strong>par,</strong></span> <span class='ocrx_word' id='word_1_662' title='bbox 1201 4930 1537 4983; x_wconf 84' lang='lat' dir='ltr'><strong>Gaimarium</strong></span> <span class='ocrx_word' id='word_1_663' title='bbox 1567 4943 1623 4985; x_wconf 89' lang='lat' dir='ltr'><strong>et</strong></span> <span class='ocrx_word' id='word_1_664' title='bbox 1654 4932 1980 4998; x_wconf 82' lang='lat' dir='ltr'><strong>Gaiferium,</strong></span> <span class='ocrx_word' id='word_1_665' title='bbox 2012 4934 2134 4986; x_wconf 77' lang='lat' dir='ltr'><strong>illus</strong></span> <span class='ocrx_word' id='word_1_666' title='bbox 2170 4933 2368 5001; x_wconf 73' lang='lat' dir='ltr'><strong>Capua:</strong></span> 
     </span>
    </p>
   </div>
   <div class='ocr_carea' id='block_1_95' title="bbox 794 5022 2368 5092">
    <p class='ocr_par' dir='ltr' id='par_1_95' title="bbox 794 5022 2368 5092">
     <span class='ocr_line' id='line_1_95' title="bbox 794 5022 2368 5092; baseline 0 -18"><span class='ocrx_word' id='word_1_667' title='bbox 794 5033 849 5074; x_wconf 81' lang='lat' dir='ltr'><strong>et</strong></span> <span class='ocrx_word' id='word_1_668' title='bbox 883 5022 1203 5081; x_wconf 76' lang='lat' dir='ltr'><strong>Beneventi,</strong></span> <span class='ocrx_word' id='word_1_669' title='bbox 1234 5023 1333 5075; x_wconf 89' lang='lat' dir='ltr'><strong>hos</strong></span> <span class='ocrx_word' id='word_1_670' title='bbox 1376 5024 1588 5076; x_wconf 58' lang='lat' dir='ltr'><strong>Salerni</strong></span> <span class='ocrx_word' id='word_1_671' title='bbox 1621 5025 1858 5092; x_wconf 84' lang='lat' dir='ltr'><strong>regulos,</strong></span> <span class='ocrx_word' id='word_1_672' title='bbox 1891 5025 1944 5077; x_wconf 90' lang='lat' dir='ltr'><strong>in</strong></span> <span class='ocrx_word' id='word_1_673' title='bbox 1993 5024 2243 5076; x_wconf 91' lang='lat' dir='ltr'><strong>ordinem</strong></span> <span class='ocrx_word' id='word_1_674' title='bbox 2277 5038 2368 5075; x_wconf 81' lang='lat' dir='ltr'><strong>co-</strong></span> 
     </span>
    </p>
   </div>
   <div class='ocr_carea' id='block_1_96' title="bbox 800 5112 2364 5183">
    <p class='ocr_par' dir='ltr' id='par_1_96' title="bbox 800 5112 2364 5183">
     <span class='ocr_line' id='line_1_96' title="bbox 800 5112 2364 5183; baseline 0 -19"><span class='ocrx_word' id='word_1_675' title='bbox 800 5123 970 5173; x_wconf 66' lang='lat' dir='ltr'><strong>geret.</strong></span> <span class='ocrx_word' id='word_1_676' title='bbox 1003 5112 1153 5165; x_wconf 64' lang='lat' dir='ltr'><strong>Nitet</strong></span> <span class='ocrx_word' id='word_1_677' title='bbox 1184 5129 1401 5180; x_wconf 86' lang='lat' dir='ltr'><strong>quoque</strong></span> <span class='ocrx_word' id='word_1_678' title='bbox 1444 5114 1496 5166; x_wconf 92' lang='lat' dir='ltr'><strong>in</strong></span> <span class='ocrx_word' id='word_1_679' title='bbox 1548 5114 1726 5181; x_wconf 86' lang='lat' dir='ltr'><strong>primo</strong></span> <span class='ocrx_word' id='word_1_680' title='bbox 1777 5116 1881 5167; x_wconf 92' lang='lat' dir='ltr'><strong>hoc</strong></span> <span class='ocrx_word' id='word_1_681' title='bbox 1928 5116 2207 5167; x_wconf 82' lang='lat' dir='ltr'><strong>volumine</strong></span> <span class='ocrx_word' id='word_1_682' title='bbox 2244 5130 2364 5183; x_wconf 87' lang='lat' dir='ltr'><strong>cap.</strong></span> 
     </span>
    </p>
   </div>
   <div class='ocr_carea' id='block_1_97' title="bbox 799 5202 2369 5272">
    <p class='ocr_par' dir='ltr' id='par_1_97' title="bbox 799 5202 2369 5272">
     <span class='ocr_line' id='line_1_97' title="bbox 799 5202 2369 5272; baseline 0.002 -18"><span class='ocrx_word' id='word_1_683' title='bbox 799 5206 887 5263; x_wconf 65' lang='lat' dir='ltr'><strong>‘Jti,</strong></span> <span class='ocrx_word' id='word_1_684' title='bbox 941 5220 1060 5272; x_wconf 85' lang='lat' dir='ltr'><strong>pag.</strong></span> <span class='ocrx_word' id='word_1_685' title='bbox 1112 5203 1237 5265; x_wconf 67' lang='grc'><strong>253,</strong></span> <span class='ocrx_word' id='word_1_686' title='bbox 1288 5204 1434 5256; x_wconf 85' lang='lat' dir='ltr'><strong>edita</strong></span> <span class='ocrx_word' id='word_1_687' title='bbox 1494 5205 1729 5257; x_wconf 80' lang='lat' dir='ltr'><strong>sollicita</strong></span> <span class='ocrx_word' id='word_1_688' title='bbox 1777 5205 1865 5258; x_wconf 88' lang='lat' dir='ltr'><strong>illa</strong></span> <span class='ocrx_word' id='word_1_689' title='bbox 1897 5214 1953 5259; x_wconf 87' lang='lat' dir='ltr'><strong>et</strong></span> <span class='ocrx_word' id='word_1_690' title='bbox 2003 5205 2150 5257; x_wconf 92' lang='lat' dir='ltr'><strong>velut</strong></span> <span class='ocrx_word' id='word_1_691' title='bbox 2194 5202 2369 5258; x_wconf 85' lang='lat' dir='ltr'><strong>diaria</strong></span> 
     </span>
    </p>
   </div>
   <div class='ocr_carea' id='block_1_98' title="bbox 799 5298 2367 5368">
    <p class='ocr_par' dir='ltr' id='par_1_98' title="bbox 799 5298 2367 5368">
     <span class='ocr_line' id='line_1_98' title="bbox 799 5298 2367 5368; baseline -0.001 -18"><span class='ocrx_word' id='word_1_692' title='bbox 799 5300 1040 5351; x_wconf 86' lang='lat' dir='ltr'><strong>narratio</strong></span> <span class='ocrx_word' id='word_1_693' title='bbox 1069 5300 1371 5361; x_wconf 89' lang='lat' dir='ltr'><strong>seditionis,</strong></span> <span class='ocrx_word' id='word_1_694' title='bbox 1399 5315 1495 5367; x_wconf 88' lang='lat' dir='ltr'><strong>per</strong></span> <span class='ocrx_word' id='word_1_695' title='bbox 1519 5316 1681 5368; x_wconf 90' lang='lat' dir='ltr'><strong>quam</strong></span> <span class='ocrx_word' id='word_1_696' title='bbox 1724 5316 1773 5353; x_wconf 92' lang='lat' dir='ltr'><strong>a.</strong></span> <span class='ocrx_word' id='word_1_697' title='bbox 1795 5299 1855 5353; x_wconf 89' lang='lat' dir='ltr'><strong>C.</strong></span> <span class='ocrx_word' id='word_1_698' title='bbox 1881 5300 1985 5353; x_wconf 80' lang='lat'><strong>965</strong></span> <span class='ocrx_word' id='word_1_699' title='bbox 2010 5307 2132 5368; x_wconf 90' lang='lat' dir='ltr'><strong>post</strong></span> <span class='ocrx_word' id='word_1_700' title='bbox 2158 5298 2367 5351; x_wconf 88' lang='lat' dir='ltr'><strong>obitum</strong></span> 
     </span>
    </p>
   </div>
   <div class='ocr_carea' id='block_1_99' title="bbox 802 5390 2370 5461">
    <p class='ocr_par' dir='ltr' id='par_1_99' title="bbox 802 5390 2370 5461">
     <span class='ocr_line' id='line_1_99' title="bbox 802 5390 2370 5461; baseline 0.001 -20"><span class='ocrx_word' id='word_1_701' title='bbox 802 5390 1031 5444; x_wconf 62' lang='lat' dir='ltr'><strong>Romani</strong></span> <span class='ocrx_word' id='word_1_702' title='bbox 1057 5392 1294 5458; x_wconf 89' lang='lat' dir='ltr'><strong>junioris</strong></span> <span class='ocrx_word' id='word_1_703' title='bbox 1331 5393 1384 5443; x_wconf 92' lang='lat' dir='ltr'><strong>in</strong></span> <span class='ocrx_word' id='word_1_704' title='bbox 1432 5392 1567 5443; x_wconf 89' lang='lat' dir='ltr'><strong>urbe</strong></span> <span class='ocrx_word' id='word_1_705' title='bbox 1606 5393 1755 5461; x_wconf 79' lang='lat' dir='ltr'><strong>regia</strong></span> <span class='ocrx_word' id='word_1_706' title='bbox 1790 5394 2067 5454; x_wconf 85' lang='lat' dir='ltr'><strong>obortam,</strong></span> <span class='ocrx_word' id='word_1_707' title='bbox 2100 5392 2370 5458; x_wconf 83' lang='lat' dir='ltr'><strong>Nicepho-</strong></span> 
     </span>
    </p>
   </div>
   <div class='ocr_carea' id='block_1_100' title="bbox 802 5480 2371 5552">
    <p class='ocr_par' dir='ltr' id='par_1_100' title="bbox 802 5480 2371 5552">
     <span class='ocr_line' id='line_1_100' title="bbox 802 5480 2371 5552; baseline 0.001 -19"><span class='ocrx_word' id='word_1_708' title='bbox 802 5496 899 5535; x_wconf 85' lang='lat' dir='ltr'><strong>rus</strong></span> <span class='ocrx_word' id='word_1_709' title='bbox 938 5480 1147 5534; x_wconf 84' lang='lat' dir='ltr'><strong>l’hocas</strong></span> <span class='ocrx_word' id='word_1_710' title='bbox 1181 5483 1411 5551; x_wconf 90' lang='lat' dir='ltr'><strong>imperio</strong></span> <span class='ocrx_word' id='word_1_711' title='bbox 1455 5484 1662 5552; x_wconf 89' lang='lat' dir='ltr'><strong>potitus</strong></span> <span class='ocrx_word' id='word_1_712' title='bbox 1690 5494 1793 5537; x_wconf 80' lang='lat' dir='ltr'><strong>est.</strong></span> <span class='ocrx_word' id='word_1_713' title='bbox 1826 5482 1998 5548; x_wconf 87' lang='lat' dir='ltr'><strong>Quam</strong></span> <span class='ocrx_word' id='word_1_714' title='bbox 2039 5498 2177 5545; x_wconf 89' lang='lat' dir='ltr'><strong>rem,</strong></span> <span class='ocrx_word' id='word_1_715' title='bbox 2216 5492 2277 5535; x_wconf 91' lang='lat' dir='ltr'><strong>ut</strong></span> <span class='ocrx_word' id='word_1_716' title='bbox 2312 5493 2371 5535; x_wconf 90' lang='grc' dir='ltr'><strong>ιιι</strong></span> 
     </span>
    </p>
   </div>
   <div class='ocr_carea' id='block_1_101' title="bbox 800 5573 2368 5646">
    <p class='ocr_par' dir='ltr' id='par_1_101' title="bbox 800 5573 2368 5646">
     <span class='ocr_line' id='line_1_101' title="bbox 800 5573 2368 5646; baseline 0.002 -19"><span class='ocrx_word' id='word_1_717' title='bbox 800 5573 1083 5629; x_wconf 84' lang='lat' dir='ltr'><strong>Cedrenus</strong></span> <span class='ocrx_word' id='word_1_718' title='bbox 1110 5590 1329 5643; x_wconf 89' lang='lat' dir='ltr'><strong>quoque</strong></span> <span class='ocrx_word' id='word_1_719' title='bbox 1362 5576 1504 5629; x_wconf 82' lang='lat' dir='ltr'><strong>haud</strong></span> <span class='ocrx_word' id='word_1_720' title='bbox 1532 5577 1905 5646; x_wconf 86' lang='lat' dir='ltr'><strong>perfunctorie</strong></span> <span class='ocrx_word' id='word_1_721' title='bbox 1929 5579 2262 5636; x_wconf 83' lang='lat' dir='ltr'><strong>narraverit,</strong></span> <span class='ocrx_word' id='word_1_722' title='bbox 2301 5578 2368 5630; x_wconf 91' lang='lat' dir='ltr'><strong>ad</strong></span> 
     </span>
    </p>
   </div>
   <div class='ocr_carea' id='block_1_102' title="bbox 808 5667 2369 5742">
    <p class='ocr_par' dir='ltr' id='par_1_102' title="bbox 808 5667 2369 5742">
     <span class='ocr_line' id='line_1_102' title="bbox 808 5667 2369 5742; baseline 0.004 -25"><span class='ocrx_word' id='word_1_723' title='bbox 808 5667 1045 5721; x_wconf 71' lang='lat' dir='ltr'><strong>luminis</strong></span> <span class='ocrx_word' id='word_1_724' title='bbox 1093 5678 1296 5729; x_wconf 90' lang='lat' dir='ltr'><strong>tamen,</strong></span> <span class='ocrx_word' id='word_1_725' title='bbox 1331 5685 1358 5721; x_wconf 88' lang='lat' dir='ltr'><strong>a</strong></span> <span class='ocrx_word' id='word_1_726' title='bbox 1411 5686 1520 5738; x_wconf 87' lang='lat' dir='ltr'><strong>quo</strong></span> <span class='ocrx_word' id='word_1_727' title='bbox 1555 5680 1720 5740; x_wconf 85' lang='lat' dir='ltr'><strong>caput</strong></span> <span class='ocrx_word' id='word_1_728' title='bbox 1769 5671 1901 5725; x_wconf 88' lang='lat' dir='ltr'><strong>illttd</strong></span> <span class='ocrx_word' id='word_1_729' title='bbox 1959 5671 2369 5742; x_wconf 82' lang='lat' dir='ltr'><strong>nonagesimum</strong></span> 
     </span>
    </p>
   </div>
   <div class='ocr_carea' id='block_1_103' title="bbox 806 5761 2370 5832">
    <p class='ocr_par' dir='ltr' id='par_1_103' title="bbox 806 5761 2370 5832">
     <span class='ocr_line' id='line_1_103' title="bbox 806 5761 2370 5832; baseline 0.003 -19"><span class='ocrx_word' id='word_1_730' title='bbox 806 5769 1018 5813; x_wconf 62' lang='lat' dir='ltr'><strong>sextum</strong></span> <span class='ocrx_word' id='word_1_731' title='bbox 1050 5761 1350 5828; x_wconf 88' lang='lat' dir='ltr'><strong>profectum</strong></span> <span class='ocrx_word' id='word_1_732' title='bbox 1380 5773 1481 5824; x_wconf 77' lang='lat' dir='ltr'><strong>est,</strong></span> <span class='ocrx_word' id='word_1_733' title='bbox 1523 5764 1880 5830; x_wconf 79' lang='lat' dir='ltr'><strong>diligentiam,</strong></span> <span class='ocrx_word' id='word_1_734' title='bbox 1918 5765 2165 5832; x_wconf 85' lang='lat' dir='ltr'><strong>peritiam</strong></span> <span class='ocrx_word' id='word_1_735' title='bbox 2207 5773 2370 5831; x_wconf 89' lang='lat' dir='ltr'><strong>atque</strong></span> 
     </span>
    </p>
   </div>
   <div class='ocr_carea' id='block_1_104' title="bbox 2469 4572 4035 4638">
    <p class='ocr_par' dir='ltr' id='par_1_104' title="bbox 2469 4572 4035 4638">
     <span class='ocr_line' id='line_1_104' title="bbox 2469 4572 4035 4638; baseline 0.003 -16"><span class='ocrx_word' id='word_1_736' title='bbox 2469 4572 2683 4623; x_wconf 67' lang='lat' dir='ltr'><strong>rantina</strong></span> <span class='ocrx_word' id='word_1_737' title='bbox 2736 4572 3029 4638; x_wconf 62' lang='lat' dir='ltr'><strong>pra-cipue,</strong></span> <span class='ocrx_word' id='word_1_738' title='bbox 3079 4572 3559 4636; x_wconf 71' lang='lat' dir='ltr'><strong>exercitatissimi;</strong></span> <span class='ocrx_word' id='word_1_739' title='bbox 3612 4584 3665 4627; x_wconf 89' lang='lat' dir='ltr'><strong>at</strong></span> <span class='ocrx_word' id='word_1_740' title='bbox 3720 4574 3795 4626; x_wconf 92' lang='lat' dir='ltr'><strong>illi</strong></span> <span class='ocrx_word' id='word_1_741' title='bbox 3849 4584 4035 4627; x_wconf 82' lang='lat' dir='ltr'><strong>tamen</strong></span> 
     </span>
    </p>
   </div>
   <div class='ocr_carea' id='block_1_105' title="bbox 2469 4662 4035 4731">
    <p class='ocr_par' dir='ltr' id='par_1_105' title="bbox 2469 4662 4035 4731">
     <span class='ocr_line' id='line_1_105' title="bbox 2469 4662 4035 4731; baseline 0.002 -18"><span class='ocrx_word' id='word_1_742' title='bbox 2469 4663 2608 4714; x_wconf 88' lang='lat' dir='ltr'><strong>libro</strong></span> <span class='ocrx_word' id='word_1_743' title='bbox 2660 4662 2945 4724; x_wconf 89' lang='lat' dir='ltr'><strong>nonnulla,</strong></span> <span class='ocrx_word' id='word_1_744' title='bbox 2998 4677 3117 4731; x_wconf 70' lang='lat' dir='ltr'><strong>qua:</strong></span> <span class='ocrx_word' id='word_1_745' title='bbox 3175 4662 3371 4715; x_wconf 86' lang='lat' dir='ltr'><strong>abesse</strong></span> <span class='ocrx_word' id='word_1_746' title='bbox 3432 4663 3609 4721; x_wconf 88' lang='lat' dir='ltr'><strong>malis.</strong></span> <span class='ocrx_word' id='word_1_747' title='bbox 3659 4662 4035 4724; x_wconf 63' lang='lat' dir='ltr'><strong>adhaeserunt,</strong></span> 
     </span>
    </p>
   </div>
   <div class='ocr_carea' id='block_1_106' title="bbox 2468 4752 4040 4821">
    <p class='ocr_par' dir='ltr' id='par_1_106' title="bbox 2468 4752 4040 4821">
     <span class='ocr_line' id='line_1_106' title="bbox 2468 4752 4040 4821; baseline 0.004 -20"><span class='ocrx_word' id='word_1_748' title='bbox 2468 4768 2701 4820; x_wconf 87' lang='lat' dir='ltr'><strong>quorum</strong></span> <span class='ocrx_word' id='word_1_749' title='bbox 2739 4752 2806 4805; x_wconf 92' lang='lat' dir='ltr'><strong>de</strong></span> <span class='ocrx_word' id='word_1_750' title='bbox 2835 4762 3033 4805; x_wconf 64' lang='lat' dir='ltr'><strong>ctetero</strong></span> <span class='ocrx_word' id='word_1_751' title='bbox 3066 4754 3280 4805; x_wconf 85' lang='lat' dir='ltr'><strong>veniam</strong></span> <span class='ocrx_word' id='word_1_752' title='bbox 3325 4768 3514 4821; x_wconf 57' lang='lat' dir='ltr'><strong>equus</strong></span> <span class='ocrx_word' id='word_1_753' title='bbox 3545 4755 3776 4821; x_wconf 88' lang='lat' dir='ltr'><strong>quisque</strong></span> <span class='ocrx_word' id='word_1_754' title='bbox 3814 4754 3936 4807; x_wconf 86' lang='lat' dir='ltr'><strong>viro</strong></span> <span class='ocrx_word' id='word_1_755' title='bbox 3966 4754 4040 4808; x_wconf 85' lang='lat' dir='ltr'><strong>de</strong></span> 
     </span>
    </p>
   </div>
   <div class='ocr_carea' id='block_1_107' title="bbox 2468 4842 4037 4912">
    <p class='ocr_par' dir='ltr' id='par_1_107' title="bbox 2468 4842 4037 4912">
     <span class='ocr_line' id='line_1_107' title="bbox 2468 4842 4037 4912; baseline 0.001 -17"><span class='ocrx_word' id='word_1_756' title='bbox 2468 4844 2554 4897; x_wconf 92' lang='lat' dir='ltr'><strong>his</strong></span> <span class='ocrx_word' id='word_1_757' title='bbox 2603 4844 2801 4897; x_wconf 84' lang='lat' dir='ltr'><strong>litteris</strong></span> <span class='ocrx_word' id='word_1_758' title='bbox 2834 4844 3188 4897; x_wconf 85' lang='lat' dir='ltr'><strong>meritissimo</strong></span> <span class='ocrx_word' id='word_1_759' title='bbox 3214 4842 3375 4896; x_wconf 86' lang='lat' dir='ltr'><strong>facile</strong></span> <span class='ocrx_word' id='word_1_760' title='bbox 3414 4842 3596 4896; x_wconf 89' lang='lat' dir='ltr'><strong>faciat.</strong></span> <span class='ocrx_word' id='word_1_761' title='bbox 3647 4842 3724 4897; x_wconf 85' lang='lat' dir='ltr'><strong>Eo</strong></span> <span class='ocrx_word' id='word_1_762' title='bbox 3770 4844 4037 4912; x_wconf 80' lang='lat' dir='ltr'><strong>pertinet,</strong></span> 
     </span>
    </p>
   </div>
   <div class='ocr_carea' id='block_1_108' title="bbox 2472 4936 4037 5006">
    <p class='ocr_par' dir='ltr' id='par_1_108' title="bbox 2472 4936 4037 5006">
     <span class='ocr_line' id='line_1_108' title="bbox 2472 4936 4037 5006; baseline 0.003 -19"><span class='ocrx_word' id='word_1_763' title='bbox 2472 4946 2528 4988; x_wconf 93' lang='lat' dir='ltr'><strong>ut</strong></span> <span class='ocrx_word' id='word_1_764' title='bbox 2561 4937 2614 4989; x_wconf 91' lang='lat' dir='ltr'><strong>id</strong></span> <span class='ocrx_word' id='word_1_765' title='bbox 2674 4937 2853 4989; x_wconf 89' lang='lat' dir='ltr'><strong>obiter</strong></span> <span class='ocrx_word' id='word_1_766' title='bbox 2899 4938 3181 5005; x_wconf 77' lang='lat' dir='ltr'><strong>attingam,</strong></span> <span class='ocrx_word' id='word_1_767' title='bbox 3226 4937 3369 5003; x_wconf 90' lang='lat' dir='ltr'><strong>quod</strong></span> <span class='ocrx_word' id='word_1_768' title='bbox 3405 4939 3665 5006; x_wconf 87' lang='lat' dir='ltr'><strong>palatium</strong></span> <span class='ocrx_word' id='word_1_769' title='bbox 3708 4936 4037 5005; x_wconf 70' lang='lat' dir='ltr'><strong>Magnaurtc,</strong></span> 
     </span>
    </p>
   </div>
   <div class='ocr_carea' id='block_1_109' title="bbox 2471 5028 4038 5096">
    <p class='ocr_par' dir='ltr' id='par_1_109' title="bbox 2471 5028 4038 5096">
     <span class='ocr_line' id='line_1_109' title="bbox 2471 5028 4038 5096; baseline 0.001 -16"><span class='ocrx_word' id='word_1_770' title='bbox 2471 5030 2524 5080; x_wconf 92' lang='lat' dir='ltr'><strong>in</strong></span> <span class='ocrx_word' id='word_1_771' title='bbox 2552 5043 2661 5096; x_wconf 89' lang='lat' dir='ltr'><strong>quo</strong></span> <span class='ocrx_word' id='word_1_772' title='bbox 2694 5029 2852 5094; x_wconf 82' lang='lat' dir='ltr'><strong>legati</strong></span> <span class='ocrx_word' id='word_1_773' title='bbox 2881 5028 3053 5096; x_wconf 76' lang='lat' dir='ltr'><strong>rxcipi</strong></span> <span class='ocrx_word' id='word_1_774' title='bbox 3083 5037 3136 5081; x_wconf 89' lang='lat' dir='ltr'><strong>et</strong></span> <span class='ocrx_word' id='word_1_775' title='bbox 3163 5029 3339 5081; x_wconf 89' lang='lat' dir='ltr'><strong>audiri</strong></span> <span class='ocrx_word' id='word_1_776' title='bbox 3385 5029 3652 5089; x_wconf 84' lang='lat' dir='ltr'><strong>solebant,</strong></span> <span class='ocrx_word' id='word_1_777' title='bbox 3687 5030 3738 5081; x_wconf 93' lang='lat' dir='ltr'><strong>in</strong></span> <span class='ocrx_word' id='word_1_778' title='bbox 3788 5038 4038 5082; x_wconf 75' lang='lat' dir='ltr'><strong>extrema</strong></span> 
     </span>
    </p>
   </div>
   <div class='ocr_carea' id='block_1_110' title="bbox 2471 5117 4040 5186">
    <p class='ocr_par' dir='ltr' id='par_1_110' title="bbox 2471 5117 4040 5186">
     <span class='ocr_line' id='line_1_110' title="bbox 2471 5117 4040 5186; baseline 0 -17"><span class='ocrx_word' id='word_1_779' title='bbox 2471 5117 2626 5170; x_wconf 88' lang='lat' dir='ltr'><strong>urbis</strong></span> <span class='ocrx_word' id='word_1_780' title='bbox 2674 5125 2827 5185; x_wconf 87' lang='lat' dir='ltr'><strong>parte</strong></span> <span class='ocrx_word' id='word_1_781' title='bbox 2865 5118 3203 5171; x_wconf 89' lang='lat' dir='ltr'><strong>occidentale</strong></span> <span class='ocrx_word' id='word_1_782' title='bbox 3240 5118 3506 5186; x_wconf 89' lang='lat' dir='ltr'><strong>posuerit,</strong></span> <span class='ocrx_word' id='word_1_783' title='bbox 3543 5132 3667 5169; x_wconf 89' lang='lat' dir='ltr'><strong>cum</strong></span> <span class='ocrx_word' id='word_1_784' title='bbox 3725 5119 3903 5186; x_wconf 87' lang='lat' dir='ltr'><strong>magni</strong></span> <span class='ocrx_word' id='word_1_785' title='bbox 3942 5133 4040 5186; x_wconf 84' lang='lat' dir='ltr'><strong>pa-</strong></span> 
     </span>
    </p>
   </div>
   <div class='ocr_carea' id='block_1_111' title="bbox 2472 5210 4041 5279">
    <p class='ocr_par' dir='ltr' id='par_1_111' title="bbox 2472 5210 4041 5279">
     <span class='ocr_line' id='line_1_111' title="bbox 2472 5210 4041 5279; baseline -0.001 -17"><span class='ocrx_word' id='word_1_786' title='bbox 2472 5210 2585 5262; x_wconf 91' lang='lat' dir='ltr'><strong>latii</strong></span> <span class='ocrx_word' id='word_1_787' title='bbox 2614 5210 2678 5262; x_wconf 93' lang='lat' dir='ltr'><strong>ad</strong></span> <span class='ocrx_word' id='word_1_788' title='bbox 2714 5210 2945 5262; x_wconf 84' lang='lat' dir='ltr'><strong>Stenum</strong></span> <span class='ocrx_word' id='word_1_789' title='bbox 2974 5210 3087 5266; x_wconf 88' lang='lat' dir='ltr'><strong>siti,</strong></span> <span class='ocrx_word' id='word_1_790' title='bbox 3122 5210 3173 5262; x_wconf 94' lang='lat' dir='ltr'><strong>in</strong></span> <span class='ocrx_word' id='word_1_791' title='bbox 3209 5225 3323 5279; x_wconf 91' lang='lat' dir='ltr'><strong>quo</strong></span> <span class='ocrx_word' id='word_1_792' title='bbox 3364 5210 3636 5262; x_wconf 88' lang='lat' dir='ltr'><strong>ordinarie</strong></span> <span class='ocrx_word' id='word_1_793' title='bbox 3668 5212 4041 5277; x_wconf 80' lang='lat' dir='ltr'><strong>imperatores</strong></span> 
     </span>
    </p>
   </div>
   <div class='ocr_carea' id='block_1_112' title="bbox 2472 5298 4042 5367">
    <p class='ocr_par' dir='ltr' id='par_1_112' title="bbox 2472 5298 4042 5367">
     <span class='ocr_line' id='line_1_112' title="bbox 2472 5298 4042 5367; baseline 0 -16"><span class='ocrx_word' id='word_1_794' title='bbox 2472 5299 2819 5361; x_wconf 87' lang='lat' dir='ltr'><strong>habitabant,</strong></span> <span class='ocrx_word' id='word_1_795' title='bbox 2853 5313 2981 5367; x_wconf 87' lang='lat' dir='ltr'><strong>pars</strong></span> <span class='ocrx_word' id='word_1_796' title='bbox 3009 5310 3175 5352; x_wconf 90' lang='lat' dir='ltr'><strong>esset.</strong></span> <span class='ocrx_word' id='word_1_797' title='bbox 3208 5299 3261 5351; x_wconf 91' lang='lat' dir='ltr'><strong>ln</strong></span> <span class='ocrx_word' id='word_1_798' title='bbox 3296 5314 3361 5352; x_wconf 91' lang='lat' dir='ltr'><strong>eo</strong></span> <span class='ocrx_word' id='word_1_799' title='bbox 3393 5314 3609 5367; x_wconf 85' lang='lat' dir='ltr'><strong>quoque</strong></span> <span class='ocrx_word' id='word_1_800' title='bbox 3649 5298 3787 5351; x_wconf 89' lang='lat' dir='ltr'><strong>ratio</strong></span> <span class='ocrx_word' id='word_1_801' title='bbox 3816 5298 4042 5352; x_wconf 89' lang='lat' dir='ltr'><strong>Bandu-</strong></span> 
     </span>
    </p>
   </div>
   <div class='ocr_carea' id='block_1_113' title="bbox 2474 5388 4041 5459">
    <p class='ocr_par' dir='ltr' id='par_1_113' title="bbox 2474 5388 4041 5459">
     <span class='ocr_line' id='line_1_113' title="bbox 2474 5388 4041 5459; baseline -0.001 -16"><span class='ocrx_word' id='word_1_802' title='bbox 2474 5391 2612 5443; x_wconf 78' lang='lat' dir='ltr'><strong>riura</strong></span> <span class='ocrx_word' id='word_1_803' title='bbox 2642 5390 2801 5459; x_wconf 84' lang='lat' dir='ltr'><strong>fugit,</strong></span> <span class='ocrx_word' id='word_1_804' title='bbox 2830 5389 2975 5457; x_wconf 91' lang='lat' dir='ltr'><strong>quod</strong></span> <span class='ocrx_word' id='word_1_805' title='bbox 3000 5390 3271 5443; x_wconf 89' lang='lat' dir='ltr'><strong>celebrem</strong></span> <span class='ocrx_word' id='word_1_806' title='bbox 3304 5390 3447 5442; x_wconf 88' lang='lat' dir='ltr'><strong>illam</strong></span> <span class='ocrx_word' id='word_1_807' title='bbox 3476 5392 3705 5441; x_wconf 76' lang='lat' dir='ltr'><strong>Auream</strong></span> <span class='ocrx_word' id='word_1_808' title='bbox 3728 5389 3806 5442; x_wconf 90' lang='lat' dir='ltr'><strong>sic</strong></span> <span class='ocrx_word' id='word_1_809' title='bbox 3835 5388 4041 5459; x_wconf 81' lang='lat' dir='ltr'><strong>dictant</strong></span> 
     </span>
    </p>
   </div>
   <div class='ocr_carea' id='block_1_114' title="bbox 2474 5470 4045 5553">
    <p class='ocr_par' dir='ltr' id='par_1_114' title="bbox 2474 5470 4045 5553">
     <span class='ocr_line' id='line_1_114' title="bbox 2474 5470 4045 5553; baseline -0.001 -17"><span class='ocrx_word' id='word_1_810' title='bbox 2474 5493 2684 5553; x_wconf 87' lang='lat' dir='ltr'><strong>portam</strong></span> <span class='ocrx_word' id='word_1_811' title='bbox 2724 5483 2777 5535; x_wconf 87' lang='lat' dir='ltr'><strong>in</strong></span> <span class='ocrx_word' id='word_1_812' title='bbox 2824 5482 3020 5535; x_wconf 88' lang='lat' dir='ltr'><strong>mediis</strong></span> <span class='ocrx_word' id='word_1_813' title='bbox 3057 5470 3330 5535; x_wconf 69' lang='lat' dir='ltr'><strong>montibus</strong></span> <span class='ocrx_word' id='word_1_814' title='bbox 3362 5482 3478 5535; x_wconf 86' lang='lat' dir='ltr'><strong>urbi</strong></span> <span class='ocrx_word' id='word_1_815' title='bbox 3509 5497 3572 5533; x_wconf 77' lang='lat' dir='ltr'><strong>ex</strong></span> <span class='ocrx_word' id='word_1_816' title='bbox 3604 5490 3755 5551; x_wconf 91' lang='lat' dir='ltr'><strong>parte</strong></span> <span class='ocrx_word' id='word_1_817' title='bbox 3791 5479 4045 5534; x_wconf 83' lang='lat' dir='ltr'><strong>terrestri</strong></span> 
     </span>
    </p>
   </div>
   <div class='ocr_carea' id='block_1_115' title="bbox 2474 5572 4045 5645">
    <p class='ocr_par' dir='ltr' id='par_1_115' title="bbox 2474 5572 4045 5645">
     <span class='ocr_line' id='line_1_115' title="bbox 2474 5572 4045 5645; baseline 0.001 -18"><span class='ocrx_word' id='word_1_818' title='bbox 2474 5575 2558 5628; x_wconf 87' lang='lat' dir='ltr'><strong>vel</strong></span> <span class='ocrx_word' id='word_1_819' title='bbox 2577 5575 2902 5629; x_wconf 83' lang='lat' dir='ltr'><strong>occidentali</strong></span> <span class='ocrx_word' id='word_1_820' title='bbox 2935 5576 3211 5645; x_wconf 64' lang='lat' dir='ltr'><strong>praetentis</strong></span> <span class='ocrx_word' id='word_1_821' title='bbox 3241 5574 3489 5628; x_wconf 87' lang='lat' dir='ltr'><strong>collocat.</strong></span> <span class='ocrx_word' id='word_1_822' title='bbox 3511 5574 3583 5628; x_wconf 82' lang='lat' dir='ltr'><strong>Ea</strong></span> <span class='ocrx_word' id='word_1_823' title='bbox 3608 5588 3734 5627; x_wconf 88' lang='lat' dir='ltr'><strong>vero</strong></span> <span class='ocrx_word' id='word_1_824' title='bbox 3765 5572 3831 5626; x_wconf 87' lang='lat' dir='ltr'><strong>ad</strong></span> <span class='ocrx_word' id='word_1_825' title='bbox 3860 5573 4045 5628; x_wconf 79' lang='lat' dir='ltr'><strong>sinum</strong></span> 
     </span>
    </p>
   </div>
   <div class='ocr_carea' id='block_1_116' title="bbox 2476 5668 4043 5740">
    <p class='ocr_par' dir='ltr' id='par_1_116' title="bbox 2476 5668 4043 5740">
     <span class='ocr_line' id='line_1_116' title="bbox 2476 5668 4043 5740; baseline -0.002 -18"><span class='ocrx_word' id='word_1_826' title='bbox 2476 5669 2825 5738; x_wconf 79' lang='lat' dir='ltr'><strong>Propontidis</strong></span> <span class='ocrx_word' id='word_1_827' title='bbox 2872 5671 2951 5724; x_wconf 89' lang='lat' dir='ltr'><strong>sic</strong></span> <span class='ocrx_word' id='word_1_828' title='bbox 2996 5678 3114 5723; x_wconf 88' lang='lat' dir='ltr'><strong>erat</strong></span> <span class='ocrx_word' id='word_1_829' title='bbox 3163 5671 3357 5740; x_wconf 86' lang='lat' dir='ltr'><strong>posita,</strong></span> <span class='ocrx_word' id='word_1_830' title='bbox 3408 5679 3469 5723; x_wconf 91' lang='grc' dir='ltr'><strong>ιιι</strong></span> <span class='ocrx_word' id='word_1_831' title='bbox 3520 5669 3751 5721; x_wconf 88' lang='lat' dir='ltr'><strong>navibus</strong></span> <span class='ocrx_word' id='word_1_832' title='bbox 3798 5668 3863 5720; x_wconf 89' lang='lat' dir='ltr'><strong>ad</strong></span> <span class='ocrx_word' id='word_1_833' title='bbox 3921 5683 4043 5720; x_wconf 82' lang='lat' dir='ltr'><strong>eant</strong></span> 
     </span>
    </p>
   </div>
   <div class='ocr_carea' id='block_1_117' title="bbox 2478 5759 4047 5834">
    <p class='ocr_par' dir='ltr' id='par_1_117' title="bbox 2478 5759 4047 5834">
     <span class='ocr_line' id='line_1_117' title="bbox 2478 5759 4047 5834; baseline -0.002 -19"><span class='ocrx_word' id='word_1_834' title='bbox 2478 5764 2674 5830; x_wconf 82' lang='lat' dir='ltr'><strong>appelli</strong></span> <span class='ocrx_word' id='word_1_835' title='bbox 2709 5774 2910 5832; x_wconf 84' lang='lat' dir='ltr'><strong>posset.</strong></span> <span class='ocrx_word' id='word_1_836' title='bbox 2943 5764 3057 5817; x_wconf 80' lang='lat' dir='ltr'><strong>Alia</strong></span> <span class='ocrx_word' id='word_1_837' title='bbox 3092 5773 3379 5834; x_wconf 54' lang='lat' dir='ltr'><strong>praetereo,</strong></span> <span class='ocrx_word' id='word_1_838' title='bbox 3414 5778 3531 5829; x_wconf 65' lang='grc' dir='ltr'><strong>ασιιιτι⁵</strong></span> <span class='ocrx_word' id='word_1_839' title='bbox 3560 5759 3783 5828; x_wconf 69' lang='lat' dir='ltr'><strong>gratiam</strong></span> <span class='ocrx_word' id='word_1_840' title='bbox 3818 5768 3870 5813; x_wconf 89' lang='lat' dir='ltr'><strong>et</strong></span> <span class='ocrx_word' id='word_1_841' title='bbox 3896 5759 4047 5813; x_wconf 73' lang='lat' dir='ltr'><strong>favo-</strong></span> 
     </span>
    </p>
   </div>
  </div>
