4156 6440
124 405 179 467 £3
1437 404 2013 471 PREFATIONES.
3289 402 3361 467 ω

119 529 456 577 decreveram
522 518 874 589 particulam,
919 532 1043 587 qua:
1099 518 1244 573 idem
1289 531 1679 588 argumentum
1707 527 1753 581 Α
1782 531 1909 570 cum
1941 532 1970 569 a
2001 515 2095 570 tali
2121 514 2354 569 consilio
2380 514 2595 570 alienus
2623 514 2743 576 sim.
2775 526 2831 572 et
2862 532 2959 588 per
2990 532 3233 572 mearum
3271 537 3361 577 τος

116 610 441 678 exsequitur.
478 624 509 662 e
540 608 612 662 cl.
657 607 894 662 Fabricii
951 607 1271 662 Bibliotheca
1301 608 1484 664 (.mca
1522 620 1677 676 repe-

122 716 236 757 tere.
279 700 389 755 Sed
417 715 542 755 cum
571 700 713 753 liber
740 700 793 752 in
818 700 1067 753 omnium
1100 716 1264 755 manu
1298 701 1389 763 sit,
1430 699 1564 752 satis
1596 704 1681 751 est

120 798 228 849 illuc
263 794 493 862 cupidus
511 793 790 862 ablegare.
818 792 1032 861 Repetii
1062 801 1241 845 tamen
1269 791 1395 846 inde
1428 790 1679 844 netitiam

122 888 262 954 hujus
286 884 508 939 Codieis
536 884 605 937 ab
636 882 997 937 lili‘enbachio
1045 882 1349 936 conditam.
1413 878 1680 948 Sequitur

120 977 191 1028 ilia
213 975 493 1044 pnemissa
565 976 681 1041 ipse
729 972 942 1041 primus
989 968 1681 1025 ConstantinianiCodieis

119 1065 501 1119 tLuriuzonialis
550 1064 714 1125 liber,
750 1079 874 1116 eum
940 1062 1395 1131 interpretatione
1441 1060 1678 1129 primum

118 1158 318 1225 quidem
355 1156 676 1215 Leicliiana,
722 1169 844 1222 qua:
884 1168 1057 1223 usque
1098 1152 1163 1206 ad
1194 1168 1295 1222 pag
1345 1151 1443 1204 921
1482 1165 1678 1220 proce-

119 1252 205 1311 dit,
244 1250 448 1303 deinde
470 1264 601 1302 vero
624 1262 743 1300 mea
770 1261 941 1315 usque
967 1246 1035 1299 ad
1062 1246 1246 1298 finem.
1275 1243 1472 1301 Addidi
1498 1242 1679 1311 primo

120 1344 241 1394 libro
291 1341 445 1395 velut
494 1339 859 1410 appendicem
922 1338 1012 1390 illa
1076 1345 1344 1405 przceepta
1398 1334 1675 1394 militaria.

113 1449 220 1501 qua:
247 1434 299 1484 in
327 1431 519 1485 codice
552 1442 743 1483 nostro
777 1428 1157 1497 manus-:ripto
1184 1426 1399 1480 initium
1422 1424 1677 1479 facientia

118 1541 199 1592 per
226 1523 430 1592 primas
482 1523 674 1592 viginti
714 1521 1064 1575 membranas
1116 1519 1514 1573 decurrebant.
1572 1517 1677 1571 Po-

120 1627 314 1667 tuleram
359 1630 479 1668 eam
509 1613 830 1683 particulam
861 1612 1103 1666 secundo
1142 1611 1283 1663 libro
1307 1610 1674 1679 subiungere;

116 1707 197 1758 sed
229 1705 537 1759 cavendum
595 1705 729 1758 mihi
767 1713 906 1769 erat,
972 1720 1043 1757 ne.
1094 1703 1371 1773 posterius
1417 1702 1675 1756 volumen

116 1796 238 1850 mole
263 1797 407 1849 ultra
465 1795 622 1864 prius
676 1794 990 1847 excederet.
1032 1790 1115 1845 Cl.
1159 1789 1419 1843 Leichius
1464 1788 1516 1842 id
1551 1788 1675 1842 ideo

1785 622 1905 659 rum
1938 606 2315 661 conditionem
2370 622 2641 677 nequeam
2692 624 2802 664 non
2860 626 3003 674 esse,
3039 611 3206 665 debui
3246 628 3366 669 om-

1783 703 1915 754 nino
1941 701 2121 754 locum
2170 698 2224 755 in
2250 699 2353 754 bac
2383 700 2630 756 editione
2660 703 2928 771 opusculo
2983 703 3139 767 dare,
3193 704 3364 760 inter-

1783 796 1998 857 pretatu
2025 788 2249 857 quidem
2279 787 2508 852 dillicili,
2534 790 2680 844 lectu
2735 800 2915 845 tamen
2941 790 3207 860 iucundo,
3243 795 3363 862 ple-

1780 890 1963 944 noque
1983 891 2166 929 rerum
2192 876 2333 930 scitu
2351 876 2816 946 dignissimarum.
2837 879 3036 933 Parum
3064 882 3358 945 referebat.

1782 967 1878 1021 ubi
1907 968 1996 1022 ubi
2020 969 2421 1035 collocaretur;
2456 970 2622 1024 modo
2642 972 2820 1025 locum
2845 971 3076 1025 haberet
3101 989 3211 1027 non
3237 975 3364 1029 nul-

1782 1060 1919 1114 lum.

1856 1152 2172 1207 Secundum
2190 1154 2447 1209 volumen
2480 1153 2635 1208 dabit
2657 1156 2957 1210 secundum
2985 1156 3159 1212 Graeci
3188 1157 3362 1229 hujus

1782 1245 2166 1298 (arimonialis
2192 1244 2420 1310 librum,
2471 1261 2597 1301 cum
2630 1247 2885 1318 adjuncta
2917 1234 3109 1303 Latina
3135 1265 3254 1304 mea
3287 1251 3365 1305 in-

1784 1337 2203 1407 terpretatione.
2263 1338 2516 1393 Proxime
2563 1356 2834 1410 apponam
2898 1353 3057 1397 notas
3116 1344 3359 1409 criticas,

1779 1444 1901 1498 quae
1928 1429 2177 1484 codicem
2221 1428 2471 1484 Grazcum
2499 1434 2639 1502 typis
2664 1448 2988 1501 expressum
3017 1449 3084 1488 ex
3117 1434 3360 1503 ipsarum

1781 1519 2225 1574 membranarum
2252 1520 2437 1576 denuo
2465 1538 2495 1576 a
2519 1538 2604 1576 me
2658 1523 2950 1593 diligenter
2982 1524 3357 1595 inspectarum

1782 1610 1887 1663 iide
1919 1618 1973 1663 et
2002 1612 2336 1681 eonjecturis
2358 1615 2495 1668 meis
2517 1613 2914 1669 emendabunt.
2946 1615 3239 1685 Excipient
3265 1632 3360 1671 eas

1779 1703 2289 1760 animadversiones
2317 1706 2595 1762 historica
2629 1708 2683 1761 in
2706 1717 2879 1762 totum
2906 1724 3045 1778 Opus
3071 1724 3195 1764 cum
3223 1709 3358 1763 Lei-

1780 1794 1993 1848 cbiauis
2027 1810 2198 1860 meae;
2229 1795 2393 1850 ﬁnem
2422 1796 2585 1851 faciet
2615 1797 2774 1852 index
2800 1797 3131 1854 Grzeeitatis.
3159 1798 3354 1853 Latina

116 1900 325 1953 prorsus
360 1884 650 1946 omiserat,
708 1885 837 1953 quia
895 1883 965 1936 ab
997 1883 1103 1937 hoc
1134 1898 1318 1959 opere_
1352 1882 1676 1936 decreverat
1709 1871 1748 1923 Β
1779 1883 2002 1952 quidem
2036 1884 2418 1954 interpretatio
2443 1886 2497 1939 in
2530 1886 2738 1941 mundo
2768 1896 2875 1950 est,
2910 1899 2969 1941 ut
2999 1889 3156 1942 facile
3181 1890 3356 1958 possit

112 1991 305 2039 arcere,
336 1985 395 2029 et
448 1976 503 2029 in
559 1976 888 2030 collectione
929 1974 1281 2029 Tacticorum
1328 1971 1671 2037 Graecorum,

112 2082 257 2134 quam
301 2066 695 2126 meditabatur.
747 2065 1028 2121 exhibere.
1094 2064 1278 2119 llabeo
1332 2063 1677 2117 inmanibus

108 2159 378 2230 exemplar
444 2158 839 2229 Opusculorum
912 2154 1283 2219 Constantini,
1342 2170 1379 2218 ε
1436 2153 1677 2208 Meursio

109 2257 267 2327 Lugd.
307 2258 501 2311 Batav.
526 2254 623 2309 'an.
660 2253 1112 2315 lGileditorum,
1140 2254 1194 2306 in
1228 2251 1433 2320 quibus
1456 2250 1675 2305 Tactiea

111 2354 182 2400 vir
216 2351 284 2403 cl.
315 2351 520 2419 passim
561 2350 957 2403 emendaverat
1000 2360 1097 2399 sua
1132 2359 1295 2398 manu
1339 2351 1503 2411 atque
1554 2358 1677 2411 sup-

109 2442 361 2511 pleverat.
390 2458 419 2495 e
441 2442 658 2502 codice,
697 2449 757 2495 ut
787 2440 1042 2511 conjicio,
1090 2439 1437 2507 Augustano.
1484 2434 1674 2489 Inveni

106 2535 298 2604 ineius
352 2533 705 2588 Adversariis
753 2533 858 2586 alia
912 2530 1295 2600 supplementa
1354 2527 1675 2583 earumdem

110 2626 472 2691 'l'articorum,
523 2636 585 2679 ut
641 2634 701 2681 et
750 2625 973 2688 Leonis,
1020 2637 1051 2676 e
1098 2622 1291 2677 codice
1335 2621 1673 2690 Augustam,

105 2728 215 2787 quae
235 2734 265 2771 a
308 2718 681 2773 celeberrimo
714 2716 994 2772 Bruckero
1032 2721 1344 2782 acceperat.
1376 2710 1491 2782 Ego
1518 2725 1673 2773 vero,

116 2940 343 2951 σ’ς’-
350 2935 1431 2951 Μ.-

1782 1992 1886 2030 una
1919 1992 2043 2031 cum
2072 1976 2281 2032 Graecis
2324 1977 2466 2032 intra
2495 1979 2661 2035 breve
2689 1988 2903 2049 tempus
2926 1979 3081 2049 prelo
3119 1980 3353 2035 absolvi.

1730 2114 1735 2117 _
1782 2067 2011 2139 Reliqua
2034 2072 2286 2139 quamvis
2304 2070 2563 2140 expeditu
2590 2071 2758 2126 ardua
2783 2079 2839 2126 et
2859 2086 3164 2127 aerumnosa
3184 2088 3354 2141 pensa

1781 2164 1911 2224 sint,
1949 2178 2109 2233 spero
2146 2172 2331 2218 tamen
2357 2163 2495 2227 fore,
2538 2164 2581 2217 si
2610 2162 2907 2234 propitium
2932 2177 3135 2217 numen
3160 2164 3356 2233 coeptis

1781 2255 1919 2308 meis
1959 2253 2185 2324 aspiret,
2223 2263 2280 2309 ut
2311 2263 2547 2309 exeunte
2601 2254 2823 2309 biennio
2864 2255 3097 2309 alterum
3133 2268 3355 2325 quoque

1781 2347 2061 2408 volumen,
2086 2346 2369 2416 aliquanto
2408 2347 2661 2417 spissius,
2692 2362 2856 2417 quam
2893 2346 2999 2401 hoc
3044 2357 3150 2411 cst,
3205 2346 3355 2402 futu-

1779 2452 1923 2495 rum.
1968 2438 2023 2490 in
2056 2437 2345 2491 doctorum
2381 2437 2667 2491 hominum
2699 2453 2896 2492 manus
2933 2439 3138 2493 veniat.

1851 2527 1996 2584 Vale.
2049 2527 2276 2583 Erudite
2337 2527 2557 2594 Lector,
2597 2538 2651 2584 et
2701 2529 2992 2585 conatibus
3045 2529 3355 2586 decessoris

1777 2617 1881 2671 ιιιοί
1906 2626 2068 2686 atque
2095 2618 2234 2670 meis
2265 2615 2406 2671 fave.
2436 2614 2616 2671 Scrib.
2643 2615 2842 2687 Lipsia
2869 2630 3057 2671 mense
3099 2615 3353 2686 Septem-

1778 2709 1861 2763 bri
1900 2709 2057 2763 l75l.

1006 3119 1157 3207 AD
1233 3113 1668 3206 TOMUM
1746 3112 2441 3202 SECUNDUM.

158 3471 285 3544 18d.
317 3470 388 3527 L.
414 3468 620 3526 Xl-Xll
650 3465 671 3538 1
721 3466 796 3521 Ea
834 3470 925 3519 est
958 3471 1408 3534 argumentorum
1434 3457 1678 3515 secundo

1793 3459 1799 3467 ’
1854 3464 1913 3519 ln
1948 3464 2051 3518 hac
2084 3465 2250 3535 igitur
2270 3461 2480 3517 edenda
2514 3472 2693 3532 parte,
2720 3478 2828 3519 non
2865 3466 3049 3521 minus
3066 3477 3232 3534 atque
3265 3467 3353 3522 illa

102 3565 215 3628 hoc,
234 3562 391 3633 quod
422 3576 570 3615 nunc
594 3557 832 3617 edimus,
850 3555 1135 3608 volumine
1157 3550 1502 3607 Constantini
1532 3548 1681 3604 Ceri-

102 3656 349 3710 monialis
389 3652 777 3721 expositorum
823 3646 1085 3716 dignitas,
1122 3655 1183 3699 ut
1226 3644 1460 3714 palmam
1508 3640 1679 3711 priori

100 3748 312 3801 dubiam
367 3746 556 3799 facere
604 3755 766 3812 posse
815 3739 1088 3793 videatur.
1146 3735 1389 3801 Quorum
1431 3730 1684 3803 quamvis

99 3856 301 3895 summa
344 3838 536 3907 capita
581 3832 835 3903 superior
858 3831 964 3902 iam
1002 3827 1248 3899 praefatio
1275 3825 1538 3896 attigerit,
1570 3836 1681 3876 non

102 3935 280 3989 inutile
310 3942 507 3987 tamen
544 3926 677 3981 duxi
729 3924 821 3977 illa
867 3923 974 3976 hoc
1005 3933 1226 3989 quoque
1260 3918 1384 3971 loco
1412 3922 1681 3985 repetere.

98 4027 307 4081 Eminet
343 4024 522 4095 igitur
545 4020 711 4088 hujus
734 4013 962 4071 secundi
996 4012 1124 4066 libri
1154 4026 1216 4064 ea
1264 4023 1393 4080 pars
1429 4022 1551 4076 qua:
1576 4021 1679 4059 no-

99 4117 232 4172 mine
261 4111 752 4184 xithpo‘tdytov,
804 4121 899 4160 seu
943 4102 1196 4157 doctrina
1227 4100 1432 4153 rituum
1461 4098 1680 4151 illorum

96 4218 188 4268 cst,
220 4205 442 4275 quibus
466 4201 751 4256 solemnes
776 4195 953 4266 epulze
984 4192 1159 4261 lmpp.
1182 4189 1523 4245 CPtanorum
1540 4186 1685 4241 cele-

98 4298 236 4353 brari
266 4296 557 4353 solebant,
582 4292 697 4361 ipsa
725 4303 785 4343 re
814 4296 983 4356 atque
1010 4282 1352 4355 professione
1383 4279 1577 4335 notitia
1599 4286 1684 4333 est

96 4390 427 4461 dignitatum
486 4382 707 4454 Imperii
756 4378 1105 4446 Orientalis,
1154 4376 1315 4447 quale
1373 4374 1574 4429 sacculo
1628 4389 1683 4429 ix

96 4488 322 4535 exeunte
346 4470 503 4534 erat.
548 4472 780 4530 Minoris
806 4469 1104 4533 momenti,
1136 4482 1316 4537 neque
1342 4475 1520 4519 tamen
1553 4479 1686 4519 con-

98 4571 400 4635 temnendi,
444 4575 579 4623 sunt
603 4565 680 4619 illi
712 4562 839 4625 luci,
870 4560 966 4631 qui
1001 4560 1306 4630 legatorum
1330 4554 1683 4627 excipiendo.

98 4680 206 4716 rum
239 4656 976 4729 rationem,titulorumque
1004 4649 1371 4730 praescribunt
1402 4647 1685 4706 formuias.

98 4758 286 4825 quibus
332 4762 444 4809 aut
492 4748 670 4805 exteri
717 4742 882 4815 legati
936 4735 1257 4802 CPlitanu’m
1298 4738 1683 4808 imperatorem

1780 3555 2087 3623 superiore,
2132 3563 2277 3609 tanta
2327 3562 2576 3608 versatus
2616 3553 2692 3607 fui
2736 3556 3022 3626 religione,
3068 3567 3129 3613 ut
3182 3576 3356 3615 mem-

1782 3646 2073 3700 branarum
2099 3645 2466 3715 Lipsiensium
2501 3646 2788 3715 plerasque
2808 3648 3036 3705 mendas
3069 3660 3125 3707 et
3176 3652 3354 3721 ipsum

1780 3738 1932 3791 illum
1956 3736 2299 3807 antiquitatis
2327 3737 2479 3792 velut
2508 3739 2660 3789 πϊνον
2686 3738 2914 3796 reddere
2937 3756 3045 3805 non
3065 3742 3358 3799 dubitave-

1782 3829 1908 3890 rim,
1955 3829 2090 3883 satis
2134 3828 2343 3883 habens
2397 3829 2728 3884 emendandi
2785 3833 3053 3887 rationetu
3089 3835 3141 3888 in
3201 3851 3356 3891 eom-

1783 3919 2070 3973 mentariis
2101 3918 2399 3974 indicasse.
2433 3919 2490 3973 ln
2523 3912 2842 3976 adornanda
2866 3922 3059 3979 Latina
3084 3926 3355 3997 interpre-

1784 4011 1990 4063 tatione
2034 4009 2149 4063 cavi
2203 4009 2419 4073 sedulo,
2465 4020 2732 4080 quantum
2758 4021 2813 4065 et
2843 4028 2942 4082 per
2981 4030 3165 4070 rerum
3221 4032 3357 4085 quas

1782 4110 1977 4156 auctor
2035 4109 2261 4166 tiaetat,
2320 4111 2378 4156 et
2428 4116 2528 4171 per
2576 4101 2839 4157 dictionis
2907 4120 3014 4174 qua
3074 4105 3166 4162 ille
3219 4109 3356 4162 satis

1781 4198 2029 4262 horrida,
2067 4212 2133 4250 ex
2161 4212 2313 4250 more
2352 4196 2436 4250 sui
2478 4197 2683 4261 seculi,
2722 4197 2917 4261 utitur,
2959 4198 3354 4257 obscuritatem

1783 4291 1970 4352 licuit,
2024 4300 2087 4344 ut
2130 4304 2311 4359 neque
2358 4303 2388 4341 a
2442 4290 2738 4342 verborum
2799 4292 3072 4345 sententia
3121 4292 3355 4356 abirem.

1783 4398 1965 4452 neque
2010 4382 2337 4452 perspicuus
2390 4395 2574 4435 sermo
2610 4380 3041 4437 desideraretur.
3094 4384 3154 4439 lu
3193 4384 3361 4441 Com-

1785 4472 2075 4528 mentariis
2120 4488 2246 4527 cum
2292 4471 2461 4526 verba
2504 4472 2754 4551 ritusque
2800 4482 3021 4529 veteres
3060 4475 3357 4544 illustrare.

1785 4567 2050 4629 quantum
2094 4557 2242 4612 valui
2285 4565 2344 4613 et
2382 4557 2516 4611 satis
2560 4557 2651 4620 sit,
2690 4558 2898 4623 studui,
2941 4568 3055 4615 tum
3098 4561 3169 4617 de
3209 4563 3359 4621 varis

1787 4665 2005 4722 quoque
2035 4649 2482 4706 membranarum
2511 4640 2864 4714 lectionibus,
2894 4650 2988 4707 ubi
3023 4666 3165 4723 opus
3184 4664 3355 4722 esset,

1790 4742 2099 4811 significare
2128 4756 2239 4797 non
2267 4727 2505 4811 neglexi.
2544 4740 2603 4797 ln
2640 4740 2839 4796 breves
2872 4743 3261 4800 aunoutiones
3281 4745 3355 4806 cl.

96 4816 151 4900 ex
176 4860 329 4901 more
362 4837 824 4909 alloquebantur,
860 4842 956 4889 aut
987 4834 1103 4903 ipse
1132 4830 1376 4886 vicissim
1397 4829 1453 4883 in
1487 4828 1686 4883 litteris
1718 4816 1761 4869 ι’)
1788 4833 2097 4889 decessoris
2127 4833 2260 4889 mibi
2301 4839 2503 4901 praeter
2534 4832 2859 4901 digestionis
2900 4832 3191 4889 arbitrium
3218 4830 3357 4895 nihil

98 4939 153 4989 ad
175 4947 403 4992 exteros
437 4930 727 5003 principes
749 4926 1171 4984 suisutebatur.
1219 4923 1350 4989 Quae
1375 4921 1441 4976 ad
1464 4935 1685 4991 proces—

100 5046 122 5083 s
139 5045 267 5086 ones
288 5029 732 5097 imperatorum,
762 5020 818 5074 in
840 5018 1039 5072 balnea
1063 5023 1115 5071 et
1151 5014 1347 5071 horrea
1376 5011 1682 5071 lustranda.

100 5135 211 5186 iam
236 5118 306 5174 ad
336 5113 673 5183 triumphos
689 5112 757 5168 de
789 5109 1046 5164 hostibus
1063 5104 1298 5162 devictis
1314 5104 1581 5175 agendos,
1614 5102 1681 5156 ad

101 5212 384 5273 brumalia,
431 5213 736 5276 spectant;
781 5203 910 5258 item
954 5214 1077 5269 qua
1110 5198 1178 5252 do
1208 5196 1401 5251 liberis
1427 5193 1687 5265 Augustis

103 5318 279 5360 recens
314 5301 504 5361 natis,
537 5304 596 5351 et
638 5293 784 5349 unda
820 5289 1051 5348 salutari
1078 5286 1407 5345 lustrandis.
1435 5295 1530 5339 aut
1564 5292 1688 5338 ton-

102 5395 308 5459 dendis,
345 5395 431 5448 de
478 5386 922 5460 patriarcharum
970 5381 1276 5444 electione,
1317 5378 1387 5434 de
1424 5386 1688 5449 apparatu

104 5486 268 5541 navali
296 5486 357 5539 in
382 5480 672 5553 geminam
694 5473 1130 5545 expeditionem.
1155 5469 1473 5528 Cretensem
1499 5481 1687 5529 unam,

106 5577 320 5630 alteram
355 5565 869 5639 Longobadicam,
906 5561 1223 5625 traduntur,
1252 5560 1382 5623 alia,
1421 5573 1543 5628 qua:
1565 5572 1689 5627 per-

106 5682 318 5722 censere
364 5657 597 5730 singula
642 5656 867 5725 longum
911 5653 1100 5708 foret:
1145 5667 1211 5706 ea
1268 5648 1453 5705 omnia
1502 5647 1689 5703 multi-

109 5761 289 5829 plicem
336 5764 396 5811 et
453 5765 623 5807 usum
678 5757 736 5802 et
776 5746 1199 5801 delectationem
1250 5742 1491 5806 habere,
1545 5741 1691 5795 ultro

114 5861 266 5921 patet.

1789 4924 2063 4993 arrogavi.
2109 4922 2257 4988 Quas
2303 4923 2396 4978 ille
2441 4923 2615 4978 titulis
2645 4923 2900 4978 undecim
2946 4923 3265 4994 complexus
3300 4926 3357 4981 in

1792 5014 2100 5071 adversaria
2133 5029 2221 5077 eo,
2261 5029 2373 5084 quo
2397 5013 2574 5070 libros
2598 5029 2847 5084 quosque
2880 5014 3124 5086 legisset,
3166 5016 3362 5074 ordine

1794 5108 2105 5177 coniecerat
2121 5105 2557 5168 observationes,
2576 5121 2689 5168 eas,
2710 5114 2774 5161 ut
2789 5106 2944 5161 locus
2956 5108 3201 5176 quisque
3213 5107 3361 5163 ferre

1796 5208 1960 5265 atque
1988 5197 2269 5267 postulare
2309 5196 2622 5260 videbatur,
2653 5196 2735 5251 sic
2761 5196 2812 5251 ei
2840 5197 3274 5270 accommodavi.
3306 5207 3363 5253 et

1792 5288 1911 5341 tel;e
1938 5301 2073 5341 mea:
2098 5287 2326 5342 intexui.
2375 5286 2624 5355 Quorum
2665 5288 2949 5342 titulorum
2975 5286 3137 5351 duos,
3166 5302 3357 5354 unum,

1789 5377 2067 5447 quintum,
2104 5394 2157 5448 p.
2191 5379 2260 5431 28
2290 5388 2604 5433 nostrorum
2644 5377 3190 5439 commentariorum,
3221 5378 3361 5433 alteé

1791 5484 1938 5535 rum,
1983 5480 2262 5537 octavum,
2294 5484 2350 5541 p.
2377 5468 2449 5524 θι
2478 5468 2801 5540 speciminis
2838 5483 3003 5522 causa
3038 5468 3289 5533 exhibui.
3328 5482 3361 5524 ο

1793 5575 1927 5629 quo,
1972 5559 2104 5630 quid
2140 5568 2196 5613 et
2227 5560 2318 5615 ille
2349 5560 2403 5615 in
2434 5561 2653 5615 schedis
2677 5560 2989 5630 reliquerit.
3014 5570 3071 5615 et
3099 5575 3168 5615 co
3194 5576 3362 5631 appa-

1798 5659 1919 5705 ratu
1946 5650 2225 5721 quomodo
2253 5667 2353 5705 nos
2384 5652 2465 5705 usi
2504 5651 2793 5713 fuerimus,
2820 5659 3055 5706 constet.

1869 5742 1947 5797 Ad
2011 5742 2174 5797 linem
2230 5744 2355 5797 libri
2409 5744 2569 5812 primi
2628 5742 3147 5797 commentariorum
3199 5740 3360 5796 telam

1802 5833 2016 5902 abrupi.
2065 5832 2196 5899 Quae
2242 5833 2307 5887 ad
2361 5833 2661 5888 secundum
2702 5842 2755 5888 et
2802 5834 2962 5903 primi
3002 5833 3362 5903 appendicem
