4156 6440
743 408 811 470 47
1799 392 1853 448 J.
1910 391 1977 447 ll.
2040 388 2327 447 LEICHII
2389 388 2934 446 COMMENTATIU
3912 387 3982 449 43

746 515 980 574 dicenda
1033 517 1334 580 superant,
1392 521 1517 559 cum
1555 502 1864 560 indicibus,
1913 499 2057 551 forte
2096 514 2315 566 quoque
2349 512 2385 559 Α
2423 502 2555 561 tini,
2616 502 2703 552 cui
2760 502 2917 567 vulgo
2982 500 3152 552 tribui
3194 499 3330 551 solet
3357 538 3371 559 ,
3418 508 3662 567 tempora
3699 499 3985 553 conditum

747 607 1021 674 excerptis
1047 601 1305 657 Clirouici
1331 598 1505 650 Grzeci
1533 593 1723 647 incditi
1749 592 1966 659 Georgii
1992 590 2313 652 llaniartuli,
2419 592 2601 646 fuisse.
2628 593 2735 643 duo
2767 593 2879 644 hzec
2910 592 3013 643 alia
3048 591 3209 645 velim
3232 590 3388 649 addi;
3416 606 3609 648 unum.
3637 592 3985 643 tionstantiri

749 699 891 769 quod
923 698 973 748 in
1013 694 1177 760 atttpl.
1218 699 1443 744 senatus
1472 684 1776 754 Lipsiensis
1810 681 2143 735 bibliotheca
2170 681 2314 732 ittier
2419 686 2653 737 seniori;
2696 696 2853 736 ςιιικίρ
2898 685 2949 736 in
3016 699 3115 736 usu
3179 699 3287 735 non
3343 682 3510 734 fuisse
3560 683 3986 749 pruhedrnrmei,

749 790 966 844 codices
1001 784 1221 838 Griecos
1266 794 1429 834 manu
1460 784 1713 831 exaratos
1749 774 2043 843 reperitur,
2088 773 2311 835 dignum
2418 793 2579 844 quazn
2628 778 2819 829 titulus
2864 777 3059 844 capitis
3100 774 3278 827 ultimi
3335 775 3459 826 libri
3494 774 3652 840 primi
3698 784 3989 831 memorat,

748 878 1041 949 aliquando
1063 877 1230 929 Leoni
1255 872 1451 927 Allatio
1480 871 1679 928 visum,
1714 866 1859 935 quod
1887 866 2141 918 Latinum
2168 866 2312 915 t’ai-e-
2419 868 2760 930 dignitatem,
2790 884 2817 919 a
2847 867 3055 920 Joanne
3088 866 3357 917 Tzimisee
3399 866 3618 917 demum
3670 879 3766 915 seu
3803 864 3992 914 imen.

750 986 832 1026 ret
869 980 924 1023 et
968 986 996 1021 a
1048 984 1104 1020 se
1156 964 1429 1020 edendum
1483 961 1860 1031 promitteret,
1917 956 2031 1008 vid.
2096 956 2312 1008 Fabric.
2425 971 2562 1016 tum.
2597 975 2692 1010 seu
2744 968 3087 1010 revocatam:
3138 958 3404 1011 alterum.
3457 973 3509 1024 p.
3558 956 3663 1009 575
3726 956 3995 1006 (Lotistan-

750 1063 884 1117 l3.bl.
913 1063 1079 1115 (ἶνα-ε.
1110 1070 1145 1110 t.
1184 1058 1268 1117 Vl,
1301 1073 1352 1123 p.
1381 1057 1497 1115 liii,
1519 1065 1568 1106 ct
1598 1064 1637 1105 t.
1660 1052 1726 1113 Χ,
1754 1066 1803 1117 p.
1838 1049 1962 1109 (iii,
1989 1064 2073 1107 ca,
2102 1048 2145 1098 si
2184 1046 2317 1097 tanti

2430 1050 2601 1101 tinum
2667 1049 2864 1101 Leonis
2915 1048 3106 1109 lilium,
3189 1049 3455 1116 μακάριον
3511 1049 3801 1115 appellari.
3844 1046 3990 1113 quod

752 1156 1122 1213 videbuntur,
1178 1150 1398 1201 tertium
1448 1147 1699 1197 volumen
1752 1141 1979 1209 implere
2038 1146 2317 1207 poterunt.
2422 1138 2658 1204 elogium
2685 1153 2793 1188 non
2830 1138 2969 1190 Solet
3009 1137 3114 1190 nisi
3158 1139 3269 1191 vita
3315 1136 3588 1190 defunctis
3622 1136 3810 1188 tribui.
3842 1136 3992 1194 Vale,

749 1247 830 1301 Ad
861 1253 1181 1314 argumenta
1208 1241 1489 1308 superiore
1531 1234 1850 1304 praefatione
1879 1231 2121 1299 exposita
2142 1270 2156 1289 ,
2201 1243 2322 1296 qua:
2424 1229 2614 1282 lector.
2644 1238 2696 1278 et
2722 1227 2923 1279 studiis
2945 1228 3145 1281 nostris
3174 1230 3313 1281 fave.

752 1339 1131 1391 demonstrant
1158 1329 1536 1388 Cieriinoniale
1569 1328 1671 1379 hoc
1712 1334 1833 1393 post
1859 1324 2004 1375 illius
2034 1321 2304 1375 Constan-
2500 1322 2615 1371 Scr.
2658 1334 2843 1371 mense
2870 1320 3131 1374 Januario
3164 1323 3225 1373 Δ.
3253 1320 3311 1372 (ἰ.
3354 1323 3505 1375 ιτῖι.

764 1547 3527 1579 ῤ-ᾙΜ-ΑΜ

1415 1721 2013 1836 JOANNlS
2094 1715 2683 1827 HENRICI
2778 1714 3309 1827 LElCllll

2103 1946 2648 2007 (ῘΠΜΜΕΧΤΑΤΙΟ

1038 2130 1154 2189 DE
1202 2127 1387 2186 l'IT.l
1438 2125 1551 2183 ET
1595 2120 1868 2179 RL’BITS
1909 2119 2069 2179 Glz‘S
2088 2120 2212 2178 TIS
2251 2116 2459 2175 (Ἰ).Υὸ
2479 2114 2679 2173 ΤΛΝἹ

2088 2120 2212 2178 TIS
2251 2116 2459 2175 (Ὢ.γᾶ
2479 2112 2826 2199 ΤΛΝΤΙ
2872 2110 3151 2171 PURPI.’
3170 2108 3627 2169 l'ROGENNE
3643 2108 3721 2165 TI

1928 2280 2384 2329 HIPIIRATORIS
2428 2279 2634 2328 Bl'l.i.\
2662 2278 2812 2323 ΤΙΝΙ

837 2598 964 2673 [Εὐ.
991 2596 1047 2651 L.
1073 2593 1239 2665 XllH
1258 2591 1597 2647 Constantini
1623 2589 2145 2660 Porpnyrogenneti,
2176 2588 2330 2651 cujus
2349 2601 2436 2639 res
2455 2601 2583 2654 pace
2609 2585 2860 2652 belloque
2884 2591 3061 2651 gestas
3087 2580 3331 2634 scribere
3359 2595 3647 2651 aggressus
3682 2595 3825 2640 sum,
3852 2579 3905 2633 in
3938 2595 4006 2633 ea

770 2668 885 2744 fere
925 2698 1170 2752 tempora
1207 2692 1337 2735 retas
1378 2679 1591 2742 incidit,
1636 2678 1838 2746 quibus
1886 2676 2122 2744 imperii,
2164 2674 2382 2728 maximi
2416 2673 2715 2741 quondam,
2751 2682 2807 2724 et
2841 2678 2964 2739 post
2993 2669 3221 2722 deorum
3256 2683 3388 2736 Opes
3414 2668 3753 2736 amplissimi,
3791 2677 4006 2721 tantum

770 2776 968 2831 umbra
1006 2770 1254 2841 quaedam
1286 2776 1343 2822 et
1374 2770 1550 2835 imago
1575 2775 1879 2835 supererat.
1937 2765 2228 2832 Postquam
2270 2762 2479 2815 scilicet
2509 2776 2575 2812 eo
2605 2770 2932 2827 perventum
2978 2768 3119 2815 erat,
3175 2766 3233 2808 ut
3273 2755 3653 2823 largitionibus
3705 2765 3791 2807 aut
3840 2756 4013 2809 armis

772 2864 917 2917 viam
969 2862 1073 2914 sibi
1104 2858 1171 2911 ad
1216 2871 1442 2925 regnum
1467 2854 1689 2921 plurimi
1730 2861 2007 2921 pararent,
2043 2851 2247 2903 scelere
2277 2858 2490 2916 partum
2526 2847 2759 2913 pessime
2792 2857 2846 2898 et
2874 2844 3252 2897 crudelissime
3282 2852 3557 2911 gererent,
3591 2841 3853 2894 ﬂuctuare
3887 2858 4011 2892 res-

772 2944 1014 3013 publica.
1043 2952 1097 2995 et
1136 2956 1164 2992 a
1196 2939 1311 2993 suis
1331 2936 1645 2990 rectoribus
1670 2935 1934 2988 destituta
1966 2934 2018 2985 in
2050 2934 2296 2985 ultimam
2338 2934 2638 3002 perniciem
2680 2932 2877 2986 adduci
2928 2932 3116 2999 cmpit.
3190 2930 3395 2984 Civiles
3433 2930 3580 2982 enim
3618 2928 3905 2981 discordiae
3953 2937 4011 2980 et

778 3040 1027 3097 patentes
1058 3040 1345 3095 procerum
1384 3024 1670 3083 factiones,
1726 3037 1848 3075 cum
1879 3035 2146 3072 summam
2205 3030 2527 3087 potestatem
2566 3021 2629 3072 ad
2684 3036 2741 3073 se
2799 3035 2987 3087 rapere
3043 3018 3240 3085 singuli
3297 3018 3517 3078 vellent,
3574 3016 3754 3067 omnia
3809 3017 4011 3067 misere

783 3116 1084 3170 turbarunt
1116 3132 1127 3165 :
1162 3124 1215 3165 at
1255 3112 1520 3171 caedibus,
1558 3121 1649 3163 aut
1681 3110 1907 3178 rapinis,
1957 3119 2052 3161 aut
2098 3108 2399 3165 veneficiis.
2450 3124 2568 3175 qua:
2611 3109 2841 3159 lectores
2879 3121 3097 3173 quoque
3145 3104 3303 3156 taedio
3339 3102 3601 3161 afﬁciunt.
3635 3102 4011 3162 obscuratam,

775 3217 907 3259 raro
938 3202 1005 3255 ad
1051 3210 1276 3268 nepotes
1302 3199 1703 3252 transtulerint.
1759 3197 1848 3250 Sic
1878 3196 1985 3249 Leo
2009 3196 2137 3247 olim
2174 3194 2465 3253 lsauricus,
2508 3195 2583 3246 sic
2611 3192 2975 3259 Nieephorus.
3009 3192 3087 3241 sic
3116 3190 3344 3242 Michael
3394 3190 3610 3248 Balbus,
3657 3191 3735 3241 sic
3779 3188 4016 3241 Basilius

776 3298 1019 3352 Mai-min,
1052 3288 1399 3343 Constantini
1440 3302 1593 3346 avus,
1651 3286 1718 3338 ab
1774 3286 2000 3353 ignobili
2061 3284 2272 3352 origine
2311 3282 2376 3333 ad
2417 3295 2732 3347 supremum
2760 3280 3032 3345 fastigium
3064 3277 3308 3345 prm'ecti
3364 3285 3759 3329 memorantur.
3826 3274 4015 3328 Virtus

776 3392 944 3445 porro
975 3387 1028 3425 et
1057 3376 1227 3442 gloria
1262 3373 1631 3425 Romanorum
1659 3373 2021 3431 exercituum,
2057 3370 2298 3421 numinis
2327 3381 2383 3421 et
2414 3368 2649 3436 publicis
2692 3365 3060 3417 monumentis
3090 3364 3362 3427 quondam
3389 3362 3679 3423 celebrata,
3709 3362 3921 3415 desidia
3958 3373 4015 3415 et.

780 3464 980 3517 inertia
1008 3472 1118 3513 tum
1148 3461 1306 3527 plane
1334 3469 1657 3521 cvanuerat,
1696 3459 1944 3527 praesidia
1978 3458 2290 3523 regionibus
2328 3456 2602 3523 imposita,
2638 3453 2779 3505 haud
2812 3452 3047 3505 invalida
3083 3452 3171 3503 illa
3212 3451 3456 3518 quidem,
3490 3459 3583 3503 aut
3613 3452 3826 3519 exigua,
3868 3452 4011 3504 hosti

781 3552 952 3623 feroci
989 3560 1043 3601 et
1084 3548 1282 3601 callido
1323 3562 1431 3599 non
1463 3545 1823 3608 sulﬁciebant,
1858 3561 1956 3597 nec.
1985 3546 2089 3596 tilla
2120 3560 2243 3612 ερας
2275 3545 2327 3595 in
2355 3544 2574 3594 amiliis
2608 3541 2963 3593 linitiniarum
2998 3540 3244 3606 gentium
3278 3546 3415 3599 erat,
3450 3538 3576 3590 licet
3610 3538 3663 3591 in
3703 3538 4019 3607 provincias

780 3638 1067 3704 descripta:
1111 3634 1274 3686 urbes
1330 3631 1607 3700 przel‘ectis
1656 3631 1917 3699 subjecue
1946 3639 2149 3681 essent.
2209 3629 2345 3681 llinc
2399 3630 2862 3697 opportunitatem
2917 3627 3247 3678 contermini
3282 3626 3466 3692 populi
3503 3626 3666 3689 nacti,
3700 3628 3836 3679 lines
3866 3627 4017 3694 regni

784 3726 953 3793 magis
996 3722 1277 3789 magisque
1311 3719 1730 3779 imminuerunt,
1784 3734 1892 3770 non
1939 3718 2239 3769 ambitione
2276 3724 2370 3768 aut
2401 3715 2747 3767 :rmnlatione
2784 3712 2990 3780 gloria.
3031 3712 3124 3764 sed
3172 3713 3317 3779 quod
3351 3714 3598 3779 angustis
3631 3713 3885 3766 terminis
3919 3715 4024 3766 im-

770 3826 970 3865 mensa
1000 3808 1294 3862 multitudo
1326 3806 1597 3859 contineri
1624 3820 1731 3857 non
1764 3814 1997 3873 poterat.
2049 3803 2115 3856 ad
2147 3819 2297 3855 arma
2326 3798 2723 3855 commovenda
2760 3796 3001 3849 excitati.
3054 3796 3294 3849 Turba.a
3338 3798 3447 3865 jam
3488 3796 3695 3849 dudum
3736 3798 3933 3865 Apulia
3967 3807 4023 3850 et

780 3898 1031 3952 Calabria
1078 3904 1216 3955 erat,
1249 3894 1433 3947 Sicilia
1465 3891 1712 3954 nutabat,
1746 3906 1864 3959 qua:
1908 3890 2258 3945 Occidentem
2292 3906 2486 3944 versus
2515 3891 2687 3944 unica:
2717 3890 2865 3957 regni
2897 3889 3215 3955 amplissimi
3251 3888 3499 3955 reliquie
3536 3897 3717 3949 erant,
3763 3891 3966 3957 partim
3992 3906 4021 3942 a

785 3982 1156 4053 Longobardis
1178 3988 1478 4047 occumtae,
1528 3978 1725 4046 partim
1767 3977 2147 4046 frequentibus
2176 3978 2576 4031 Saracenorum
2605 3994 2670 4032 ex
2710 3977 2890 4030 Africa
2941 3976 3352 4028 incursionibus
3391 3977 3609 4028 attritas.
3666 3976 3777 4029 Nec
3822 3975 4023 4031 Oriens

785 4071 1043 4121 immotus
1080 4076 1216 4127 erat,
1264 4080 1389 4118 cum
1436 4064 1707 4134 Scythicis
1735 4075 1791 4118 et
1840 4065 2087 4118 Arabicis
2118 4066 2373 4133 gentibus
2404 4068 2640 4119 inermes
2666 4066 2981 4133 pr0vineize,
3020 4073 3076 4117 et
3102 4079 3319 4130 Semper
3345 4064 3597 4116 hostibus
3629 4066 3910 4131 expositas.
3968 4069 4021 4118 in

788 4157 1028 4223 pretium
1079 4154 1210 4206 belli
1261 4152 1580 4211 cessissent,
1638 4167 1773 4218 quas
1828 4152 2028 4204 frustra
2065 4152 2237 4205 Graeci
2274 4154 2441 4205 armis
2482 4154 2821 4220 repetebant.
2868 4151 3015 4203 lnter
3052 4152 3165 4202 hac
3213 4152 3411 4201 mirum
3438 4161 3543 4211 est,
3585 4162 3790 4218 quanto
3835 4152 4025 4204 studio

786 4244 1146 4310 imperatores
1171 4238 1355 4292 adnisi
1389 4239 1519 4299 sint,
1547 4249 1607 4290 ut
1640 4240 1893 4307 majestas
1921 4255 2016 4291 sua
2042 4249 2098 4292 et
2134 4242 2379 4307 potentia
2416 4239 2727 4292 veneranda
2761 4239 2979 4306 populis
3001 4254 3061 4290 ac
3088 4236 3352 4291 terribilis
3378 4248 3542 4300 esset,
3595 4254 3693 4291 nec
3744 4238 3914 4290 fracta
3944 4250 4027 4292 tot

785 4329 1214 4388 calamitatibus,
1266 4336 1360 4379 aut
1386 4328 1695 4385 imminuta,
1737 4327 2038 4380 videretur.
2092 4326 2227 4379 Hinc
2262 4328 2349 4379 ille
2373 4328 2749 4381 ministrorum
2786 4328 2937 4394 regni
2976 4342 3257 4385 numerus,
3300 4327 3427 4379 hinc
3468 4327 3818 4395 triumphalia
3853 4343 4027 4380 orna-

790 4427 971 4471 menta
997 4428 1052 4471 et
1074 4432 1306 4487 pompm,
1342 4416 1469 4468 hinc
1498 4418 1772 4469 circenses
1801 4416 1914 4467 ludi
1956 4427 2011 4469 et
2034 4417 2343 4484 spectacula
2363 4419 2576 4470 civibus
2607 4417 2773 4479 edita,
2838 4417 2965 4469 hinc
3021 4431 3314 4467 munerum
3346 4416 3618 4467 solemnes
3654 4417 4021 4483 erogationes,

787 4514 845 4559 et
878 4506 927 4559 si
962 4519 1083 4572 qua
1112 4504 1217 4556 alia
1246 4512 1340 4556 aut
1364 4504 1597 4572 principi
1629 4501 1827 4555 decora
1852 4512 1946 4555 aut
1974 4512 2195 4570 accepta
2232 4503 2413 4571 vulgo,
2444 4504 2798 4571 putabantur.
2853 4502 2943 4556 Sic
2964 4517 3095 4556 vero
3128 4513 3435 4570 temporum
3475 4516 3731 4554 successu
3766 4504 4028 4556 aerarium

788 4591 1113 4645 exhaustam
1142 4600 1246 4653 εει,
1286 4599 1342 4642 et
1390 4590 1626 4642 mollitie
1676 4604 1737 4641 ac
1781 4588 1895 4642 otio
1936 4590 2265 4657 imperantes
2298 4600 2353 4643 et
2394 4591 2626 4659 subjecti
2679 4591 3103 4644 contabucrunt.
3173 4590 3289 4643 Non
3336 4590 3474 4641 adeo
3522 4598 3703 4641 tamen
3756 4590 4027 4644 virtutum

793 4680 1001 4734 sterilia
1035 4679 1152 4731 hac
1179 4677 1378 4731 saecula
1409 4677 1584 4737 luere,
1618 4686 1678 4728 ut
1700 4692 1807 4730 non
1833 4687 1883 4729 et
1913 4678 2052 4729 bona
2090 4678 2334 4745 exempla
2362 4678 2727 4746 prodiderint.
2763 4681 2870 4731 imo
2898 4680 3081 4747 plures
3106 4679 3419 4746 Byzantium
3448 4678 3656 4739 habuit,
3678 4692 3813 4745 quos
3835 4678 4026 4741 ltaliar,

792 4765 994 4820 studiis
1018 4764 1326 4817 litterarum
1372 4764 1645 4830 quondam
1678 4763 2099 4823 ﬂorentissimae,
2130 4775 2240 4816 tum
2270 4766 2360 4817 illo
2384 4768 2589 4818 lumine
2623 4766 2919 4825 destituta‘,
2948 4777 3269 4835 opponeret.
3309 4764 3445 4817 Cum
3472 4765 3639 4821 enim,
3676 4779 3703 4815 a
3727 4764 4028 4819 Justiniani

789 4859 971 4912 atate,
1001 4860 1148 4903 artes
1178 4852 1403 4918 antiqua
1438 4851 1701 4919 religione
1743 4852 1899 4917 pauci
1933 4868 2031 4919 per
2060 4852 2267 4904 Italiam
2299 4854 2637 4911 excolerent.
2666 4853 2810 4921 quod
2839 4853 3087 4915 Barbari,
3111 4852 3311 4920 quibus
3337 4862 3448 4903 tum
3476 4866 3671 4919 parere
3701 4852 4028 4921 cogebatur,

792 4938 862 4990 iis
899 4939 1113 4989 animos
1147 4936 1475 4997 eﬂ‘eminari,
1508 4950 1569 4988 ac
1617 4936 1868 4989 bellicam
1919 4939 2175 4991 virtutem
2210 4939 2466 5006 opprimi,
2516 4939 2833 4997 credebant,
2886 4938 3089 4993 Graecia
3128 4938 3472 5006 Procopium,
3504 4938 3808 5007 Agathiam,
3847 4939 4031 4993 Then-

794 5023 1055 5092 pbanem,
1092 5023 1371 5091 prastanti
1409 5022 1723 5075 eruditione
1757 5023 1926 5083 viros,
1965 5025 2178 5077 extulit.
2226 5024 2320 5076 His
2346 5040 2453 5076 non
2497 5026 2670 5091 impar
2699 5024 2801 5076 fuit
2834 5024 3034 5077 Paulus
3062 5024 3429 5084 Silentiarius,
3464 5025 3708 5092 pulchris
3734 5025 4029 5094 doctisque

794 5111 1136 5163 carminibus
1175 5110 1418 5170 inclitus,
1462 5124 1587 5161 cum
1626 5124 1818 5178 magna
1849 5111 1938 5162 illa
1971 5111 2186 5178 ingenia
2216 5112 2427 5164 dudum
2466 5113 2517 5163 in
2564 5112 2714 5164 Italia
2741 5112 3052 5171 cessissent,
3083 5121 3138 5163 et
3167 5113 3455 5180 strepitum
3481 5120 3767 5180 poetarum
3799 5112 4031 5166 Latino-

795 5211 918 5248 rum
969 5197 1055 5248 vix
1087 5211 1149 5248 ea
1183 5206 1444 5263 tempora,
1484 5196 1684 5263 quibus
1722 5196 2035 5263 prodibant,
2075 5198 2217 5250 ferre
2267 5208 2516 5266 possent.
2548 5198 2675 5259 Sed,
2703 5210 2762 5251 ut
2790 5198 2854 5251 ad
2882 5199 3137 5266 propiora
3188 5200 3492 5259 veniamus,
3522 5200 3647 5266 quis
3677 5200 3892 5261 Photio,
3930 5204 4029 5269 qui

798 5284 986 5337 Basilii
1024 5284 1333 5337 Macedonis
1354 5294 1567 5337 aetatem
1606 5286 1917 5347 illustravit,
1950 5288 2072 5354 quis
2106 5290 2349 5339 omnium
2387 5289 2703 5356 principum
2739 5288 2929 5346 Leoni,
2981 5289 3067 5339 cui
3102 5289 3347 5340 doctrina
3369 5297 3423 5341 et.
3456 5297 3714 5356 paternus
3752 5290 3804 5341 in
3847 5290 4033 5343 Musas

799 5372 1015 5421 animus
1041 5370 1315 5437 Sapientis
1340 5386 1639 5437 cognomen
1675 5372 1904 5429 addidit.
1928 5375 2051 5441 jure
2076 5386 2256 5442 posset
2278 5376 2646 5443 atquiparari?
2697 5374 2753 5426 In
2787 5375 2869 5443 1L.
2909 5374 3047 5443 .\'|\']
3086 5377 3203 5442 ejus
3222 5376 3440 5442 quidem
3472 5376 3667 5428 edictis
3696 5376 4032 5429 declamate-

802 5457 944 5507 rium
977 5458 1157 5523 potius
1176 5457 1393 5509 dicendi
1427 5473 1617 5523 genus,
1659 5475 1819 5526 quam
1858 5461 1946 5512 illa
1978 5463 2216 5527 gravitas
2243 5471 2297 5513 et
2342 5465 2605 5528 majestas
2636 5464 2922 5521 orationis,
2951 5478 3070 5528 qua:
3096 5464 3335 5529 antiquis
3364 5464 3526 5521 inest,
3557 5462 4027 5530 deprehenditur:

799 5542 893 5594 sed
923 5543 1037 5593 bzec
1064 5542 1292 5595 fortasse
1326 5552 1629 5609 temporum
1650 5546 1826 5611 culpa,
1847 5557 1901 5599 et
1922 5553 2075 5615 quasi
2103 5549 2294 5616 genius
2314 5549 2541 5615 quidam
2568 5548 2689 5601 fuit.
2712 5548 3072 5602 Constantino
3096 5549 3635 5617 Porphvrogcnneto.
3665 5549 3861 5602 Leonis
3890 5550 4027 5610 ﬁlio,

799 5638 1082 5695 acceptum
1114 5628 1357 5690 ferimus,
1393 5629 1538 5697 quod
1578 5643 1788 5685 vetusta
1820 5637 2077 5686 memoria
2114 5652 2221 5687 non
2246 5636 2406 5703 plane
2436 5637 2724 5695 interierit,
2758 5652 2882 5689 cum
2911 5636 3129 5688 Diodori
3162 5638 3352 5695 Shuli,
3408 5638 3594 5688 Dionis
3644 5636 3841 5695 Cassii,
3893 5638 4033 5689 alio-

803 5730 945 5773 rum,
978 5726 1348 5773 monumenta,
1386 5716 1581 5767 litteris
1632 5719 1850 5782 tradita,
1896 5736 1959 5773 ex
1990 5722 2076 5773 illa
2102 5722 2342 5775 Palatina
2380 5722 2709 5776 bibliotheca
2745 5724 2799 5775 in
2830 5724 3008 5776 lucem
3044 5734 3319 5789 utcunque
3349 5726 3658 5791 protulerit,
3695 5726 3951 5792 princeps
3975 5738 4033 5776 et

799 5798 915 5868 ipse
962 5803 1173 5871 egregie
1213 5802 1407 5855 ductus
1450 5814 1502 5856 et
1541 5805 1879 5860 eruditorum
1912 5810 2089 5862 cultor
2110 5819 2164 5862 et
2196 5811 2423 5863 antistes
2456 5809 2743 5863 ma\inius.
2802 5810 2907 5863 Sed
2949 5811 3013 5861 de
3040 5810 3382 5864 Constantini
3435 5813 3650 5879 scripis
3681 5821 3733 5864 et
3770 5813 3819 5863 in
3860 5811 4032 5865 bonas
