4156 6440
124 343 187 403 05
681 339 776 399 DE
815 340 987 399 VlTA
1035 340 1130 397 ET
1168 338 1422 398 REllUS
1463 335 1733 396 GES’fIS
1770 333 2281 393 COXSTANTINI
2325 334 2817 396 l'OiiPIlYIiOG.
3308 337 3381 401 66

126 452 371 511 ﬁliorum,
402 450 576 503 fuere.
606 450 733 514 Qui,
767 465 891 503 cum
944 458 1121 517 pater,
1156 448 1317 501 annis
1366 446 1686 513 morbisque
1720 454 1760 506 Α
1796 444 1849 494 in
1877 443 2095 496 Grrecos
2121 453 2176 496 et
2202 443 2508 497 Germanos
2539 446 2893 512 suscepisset.
2927 445 2996 498 ab
3015 444 3214 500 Ottone
3245 449 3375 518 imp.

123 541 315 609 gravis,
347 540 489 593 bosti
525 550 633 592 tam
675 539 866 599 feroci,
925 548 1032 592 tam
1072 538 1292 601 callido,
1322 539 1499 608 impar
1521 545 1689 601 esset,

127 629 565 683 bellidiscrimen
606 628 851 690 subiere,
906 638 963 681 et
1012 628 1224 682 domito
1278 628 1503 682 Chalehi
1557 644 1694 697 pra:-

126 722 280 783 fecto,
306 720 499 773 urbem
524 719 930 788 triumphantes
977 719 1257 773 intrarunt
1282 720 1415 789 (7'5).
1437 718 1694 774 Victoriae

124 810 329 863 fructus
364 810 497 863 urbs
532 808 815 862 Samosata
853 808 977 874 fuit,
1010 824 1039 863 a
1080 808 1279 863 Basilio
1327 811 1381 862 in
1423 811 1691 869 ditionem

125 901 359 953 redacta.
392 899 596 953 Eodem
619 908 883 968 tempore,
906 915 963 954 rc
982 900 1212 954 feliciter
1235 902 1288 953 in
1322 902 1500 955 Africa
1519 913 1691 971 gesta,

127 1009 181 1043 ix
210 990 448 1059 [Ἑρ-βω
471 1001 527 1044 et
554 990 738 1043 Persia
768 989 953 1059 legati,
1003 1006 1266 1044 renovare
1318 992 1564 1055 dextras,
1636 1002 1696 1046 ut

140 1097 254 1134 mva
288 1081 497 1135 foedera
545 1095 879 1149 componere
924 1082 1232 1150 cupientes,
1293 1098 1518 1146 venere,
1546 1082 1693 1152 quod

121 1174 216 1225 sibi
279 1174 653 1242 magniﬁcum,
718 1182 779 1227 ut
813 1181 950 1236 erat,
1004 1173 1305 1243 imperator
1357 1175 1515 1229 duxit
1559 1176 1691 1245 (74).

122 1264 310 1320 l‘ostea
337 1266 564 1321 turbare
587 1266 808 1320 fortuna
842 1266 1029 1336 carpit.
1062 1269 1103 1323 Ε
1133 1266 1293 1322 Creta
1316 1269 1461 1321 enim
1491 1269 1691 1333 insula,

122 1376 310 1428 magna
350 1360 750 1414 Saracenorum
786 1361 943 1413 turba
972 1376 1289 1430 erumpens,
1319 1363 1695 1431 navigia,qu

118 1452 288 1505 Graeci
319 1453 655 1507 validissima
692 1455 746 1509 in
772 1471 919 1509 mare
957 1455 1321 1516 deduxerant,
1357 1465 1451 1507 aut
1477 1454 1687 1516 mersit,

120 1555 210 1597 aut
242 1545 512 1598 cremavit
542 1562 552 1595 :
585 1562 749 1600 causa
803 1548 1133 1601 calamitatis
1175 1547 1378 1602 ducum
1415 1548 1696 1617 negligen-

121 1638 191 1689 tia
243 1647 299 1691 et
371 1639 649 1707 imperitia
697 1639 819 1693 fuit.
867 1640 979 1695 Nec
1042 1640 1241 1695 amissa
1299 1642 1697 1694 Constantinus

122 1726 392 1797 Gongylas
418 1731 710 1797 reparavit,
745 1732 877 1800 quin
912 1732 1092 1800 potius
1113 1734 1166 1786 in
1192 1749 1465 1787 summum
1495 1734 1696 1788 discri-

1801 542 2015 600 captus.
2044 547 2257 600 pmnam
2283 534 2461 602 capite
2493 534 2761 602 persolvit
2788 536 2921 603 (78).
2988 536 3258 591 Caeterum
3288 556 3382 593 ea-

1801 626 1922 678 dem
1958 625 2149 690 religio
2180 626 2386 680 llussos
2415 627 2709 679 incesserat
2735 645 2748 691 ;
2776 629 2979 696 quibus
3010 630 3141 683 olim
3170 648 3197 683 a
3230 632 3380 685 Itasi-

1803 714 1876 768 Iio
1911 715 2227 777 Macedone,
2254 734 2354 771 avo
2386 716 2469 787 [L
2520 716 2666 788 XXI]
2719 716 3085 780 Constantini,
3139 722 3248 773 icto
3280 722 3379 775 ltr-

1801 810 1955 871 derc,
2012 808 2196 863 aditus
2236 809 2302 862 ad
2352 826 2537 864 sacros
2572 812 2771 873 fontes,
2808 814 3005 880 praesul
3040 815 3110 866 ab
3164 814 3375 882 lgnatio

1802 901 2132 968 patriarcha,
2169 900 2330 954 datus
2376 901 2552 955 fuerat
2586 906 2719 969 (79).
2776 905 2929 971 Elga,
2965 922 3130 973 quam
3200 907 3375 959 Grairi

1802 992 2049 1045 nonnulli
2091 991 2346 1045 llelenam
2368 1004 2584 1054 vocant,
2611 995 2835 1063 lngoris,
2886 996 3060 1049 hostis
3092 1000 3369 1064 quondam

1803 1082 2171 1150 imperatoris.
2231 1094 2351 1150 post
2392 1085 2551 1136 amici
2611 1094 2665 1137 et
2722 1086 2883 1146 socii,
2938 1087 3125 1151 vidua,
3176 1090 3373 1154 stipata

1801 1175 2147 1243 principibus
2176 1177 2372 1243 gentis,
2419 1175 2763 1246 Byzantium,
2820 1186 2876 1229 ut
2920 1180 2973 1232 in
3034 1180 3373 1233 consortium

1802 1279 2084 1317 sacrorum
2123 1265 2485 1333 reciperetur,
2516 1266 2767 1320 accessit.
2820 1268 3117 1335 Splendide
3144 1285 3173 1323 a
3225 1270 3375 1324 Con-

1802 1360 2041 1409 stantino
2066 1368 2310 1425 excepta,
2328 1370 2392 1425 ct_
2410 1361 2730 1413 muneribus
2754 1371 2909 1413 aucta
2944 1370 3026 1414 est
3051 1363 3105 1431 (8
3129 1372 3160 1431 τ)
3185 1381 3197 1427 ;
3222 1365 3377 1417 addit

1803 1449 2149 1503 Theodosius
2179 1450 2507 1512 liioviensis,
2538 1452 2922 1519 imperatorem
2954 1453 3172 1508 femina:
3202 1454 3377 1509 forma

1804 1543 2094 1596 excellenti
2137 1544 2495 1597 matrimonio
2552 1544 2705 1614 jungi
2750 1546 3008 1609 voluisse,
3052 1549 3145 1601 sed
3188 1549 3379 1602 tulisse.

1805 1650 2130 1701 restionsum
2166 1653 2178 1688 :
2208 1653 2314 1690 non
2347 1652 2507 1705 posse
2532 1652 2590 1689 se
2623 1652 2849 1691 uxorem
2890 1642 3010 1707 ejus
3032 1653 3175 1701 esse,
3199 1642 3290 1708 qui
3317 1657 3377 1694 se

1808 1726 1951 1780 inter
2002 1728 2246 1781 lustralia
2306 1742 2459 1782 sacra
2519 1729 2572 1781 in
2625 1729 2790 1781 tiliam
2820 1730 3133 1798 adoptasset
3160 1732 3291 1799 (8|).
3328 1731 3380 1785 ls

125 1833 242 1875 men
281 1838 398 1875 rem
422 1822 738 1876 Graecorum
770 1826 934 1879 nam
966 1826 1077 1896 (75)
1120 1825 1404 1881 Postremo
1426 1828 1699 1897 Νίρρριιο-
1730 1811 1774 1869 Β
1807 1835 1994 1872 rumor
2052 1836 2245 1873 eorum
2304 1832 2611 1888 temporum
2667 1821 2791 1884 fuit,
2819 1823 2903 1875 cui
2951 1822 3111 1877 Iidem
3159 1822 3374 1888 adimit,

124 1930 215 1969 rus
236 1912 471 1977 Phocas,
506 1930 703 1968 novam
733 1917 963 1970 classem
986 1917 1234 1977 molitus,
1269 1917 1323 1970 in
1352 1916 1567 1971 Cretam
1598 1916 1701 1970 sol-

124 2008 217 2067 vit,
272 2004 413 2059 fusis
472 2005 743 2068 hostibus,
801 2022 955 2063 arces
1020 2009 1450 2073 munitissimas,
1508 2010 1561 2061 in
1615 2009 1701 2061 his

124 2097 477 2161 Chandacen,
504 2099 838 2153 tutissimum
882 2103 1061 2171 gentis
1092 2101 1431 2171 praesidium,
1466 2102 1690 2164 excidit,

127 2192 310 2251 urbes.
350 2190 626 2261 praefectis
651 2193 753 2247 sub
782 2194 972 2263 jugum
1008 2194 1211 2255 missis,
1244 2194 1472 2261 recepit,
1502 2203 1560 2247 ut
1588 2210 1698 2248 mc-

124 2283 391 2336 tuendum
430 2294 599 2345 esset.
638 2300 728 2346 ne,
764 2293 916 2338 tanto
968 2300 1228 2339 successu
1266 2301 1449 2339 rerum
1494 2287 1695 2348 elatus,

126 2390 351 2444 regnum
393 2375 679 2430 affectarat
716 2376 829 2446 {76)
868 2396 878 2429 :
918 2376 1063 2445 quod
1094 2385 1298 2441 tamen,
1334 2379 1415 2432 sic
1469 2379 1701 2431 volenti-

127 2465 222 2519 hus
257 2466 408 2530 fatis,
458 2468 611 2521 brevi
668 2478 997 2524 consecutus
1038 2477 1141 2523 est.
1197 2469 1343 2531 "me,
1384 2487 1697 2539 quanquam

124 2558 308 2625 plures
337 2573 437 2626 per
471 2573 645 2613 annos
678 2568 847 2628 gesta,
895 2560 1176 2629 conjunxi,
1214 2576 1284 2614 ne
1326 2559 1498 2613 divisa
1540 2561 1699 2614 tmdio

126 2647 264 2702 forte
297 2650 564 2703 lectorem
598 2651 895 2705 adicerent.

191 2737 260 2792 Χ.
287 2739 429 2793 Atin
465 2739 700 2794 Thracia
732 2740 939 2811 dispari
984 2751 1185 2797 eventu
1243 2753 1541 2813 pugnatum
1587 2753 1696 2808 est,

127 2829 341 2893 Turcis,
374 2830 471 2899 qui
491 2841 547 2885 et
572 2832 793 2901 Ungari,
821 2832 1100 2901 proximos
1121 2850 1218 2903 per
1246 2835 1695 2905 campazeffusis,

127 2936 187 2975 eo
224 2922 548 2987 violentius,
598 2924 768 2994 quod,
812 2925 1087 2982 distractis
1119 2936 1233 2980 tum
1272 2928 1466 2996 eopi’s,
1501 2927 1697 2980 ducem

127 3020 416 3067 strenuum
442 3014 547 3068 sibi
570 3015 789 3069 obviam
810 3017 1038 3082 iturum,
1064 3032 1174 3070 nou
1194 3016 1475 3071 rebantur.
1500 3016 1697 3071 Missus

130 3103 179 3155 in
204 3104 309 3157 hos
332 3105 541 3160 Pothus
590 3108 857 3178 Argyrus,
889 3109 1175 3177 patricius,
1226 3118 1456 3163 onustos
1485 3110 1694 3179 praeda,

126 3210 296 3264 eoque
356 3197 710 3266 impeditiore
758 3201 972 3269 agmine
1015 3207 1229 3261 euntes,
1276 3200 1694 3266 subitoinvasit,

127 3290 372 3356 captivos
396 3301 452 3343 et
488 3292 685 3359 praeda:
709 3302 917 3360 partem
968 3294 1177 3362 recepit
1202 3293 1336 3362 (Π).
1372 3292 1540 3347 Paulo
1571 3304 1696 3349 ante

124 3380 229 3430 duo
256 3395 326 3433 ex
350 3380 690 3448 primoribus
718 3384 918 3453 gentis,
940 3385 1032 3452 qui
1058 3398 1183 3437 eum
1216 3383 1376 3437 turba
1419 3400 1694 3439 convena-

128 3486 265 3534 rum,
304 3473 478 3525 autin
508 3473 738 3538 Gracia,
766 3483 861 3528 aut
905 3475 958 3528 in
990 3475 1258 3545 Bulgaris,
1308 3476 1449 3528 forte
1499 3491 1694 3529 conse-

128 3562 345 3627 derant,
375 3580 509 3633 pace
540 3566 592 3619 in
640 3575 967 3636 perpetuum
1022 3584 1146 3622 cum
1206 3568 1536 3637 imperatore
1600 3568 1694 3621 ﬁr-

129 3664 300 3719 mata,
329 3670 482 3709 sacra
508 3657 840 3719 Christiana,
884 3667 1052 3727 utque
1089 3657 1302 3712 lustrali
1343 3673 1481 3726 aqua
1508 3660 1696 3729 expia-

130 3754 337 3804 rentur,
372 3744 740 3813 postularunt.
792 3745 972 3815 Gylas,
1037 3745 1337 3806 llierothei,
1383 3762 1545 3814 quem
1599 3761 1695 3814 pa-

133 3836 364 3888 triarcha
404 3850 683 3889 sacrorum
719 3852 815 3906 per
846 3836 1102 3890 Turciam
1137 3836 1440 3890 antistitem
1460 3837 1693 3901 dixerat,

133 3929 414 3997 praeceptis
441 3929 743 3989 institutus,
783 3929 836 3982 in
888 3928 992 3984 fide
1030 3930 1352 3998 permansit,
1386 3930 1589 3999 pietate
1642 3937 1699 3982 et

131 4020 327 4072 ceteris
357 4021 624 4073 virtutum
646 4020 987 4074 ornamentis
1017 4020 1241 4088 insignis
1268 4037 1280 4071 :
1321 4020 1460 4073 alter
1486 4034 1606 4073 mox
1629 4019 1695 4073 ad

133 4114 325 4166 avitam
355 4115 804 4182 superstitionem
840 4115 1103 4183 relapsus,
1134 4128 1261 4166 cum
1292 4113 1697 4182 expeditionem

1803 1912 1947 1980 quod
1983 1913 2034 1964 in
2066 1912 2203 1965 vivis
2224 1922 2369 1965 esset
2395 1912 2597 1966 llelena
2640 1913 2905 1979 Augusta.
2936 1923 2991 1967 et
3016 1914 3380 1968 abhorrerent
3464 1978 3467 1979 ν

1803 2018 1831 2055 a
1858 2002 2161 2071 peregrinis
2188 2002 2483 2056 eonnubiis
2522 2004 2901 2072 imperatores,
2945 2014 3003 2057 ut
3050 2006 3168 2073 ipse
3229 2005 3377 2060 Con-

1802 2096 2100 2151 stantinus.
2146 2098 2286 2147 inter
2313 2107 2495 2148 cetera
2533 2096 2599 2148 de
2624 2097 2889 2150 servanda
2925 2099 3206 2166 majestate
3234 2114 3377 2168 prae-

1802 2196 1980 2255 cepta.
2021 2187 2212 2245 lilium,
2242 2202 2310 2239 ne
2336 2187 2423 2239 illa
2457 2203 2696 2256 unquam
2732 2198 3036 2256 expeteret,
3067 2190 3379 2242 admonue-

1803 2279 1875 2330 rit
1910 2278 2043 2337 (82l.
2082 2277 2227 2330 Missi
2263 2294 2386 2333 cum
2422 2278 2547 2348 Elga
2598 2279 2931 2342 sacerdotes,
2979 2280 3072 2349 qui
3107 2280 3376 2336 deformia

1802 2368 2093 2421 simulacra
2120 2370 2443 2436 cultumque
2490 2368 2709 2437 penitus
2791 2370 3101 2424 abolerent.
3149 2374 3228 2425 An
3283 2373 3378 2428 diu

1802 2475 1934 2529 gens
1984 2462 2273 2529 promissis
2313 2463 2554 2520 steterit.
2601 2463 2893 2515 incertum.
2928 2463 3188 2518 Traditur
3214 2466 3378 2530 fama,

1803 2553 2017 2606 venisse
2050 2552 2338 2623 interiecto
2371 2563 2617 2622 tempore
2648 2554 2715 2608 ad
2735 2554 2990 2609 Ottonem
3029 2556 3158 2625 imp.
3201 2572 3228 2611 a
3263 2553 3378 2612 Ru-

1803 2646 1906 2710 gis,
1937 2661 2032 2699 seu
2073 2647 2285 2706 “tussis.
2320 2657 2589 2705 oratores.
2614 2649 2705 2715 qui
2735 2647 3003 2703 doctrina:
3052 2649 3382 2706 Christianae

1803 2734 2135 2803 interpretes
2164 2738 2365 2806 popqu
2408 2749 2766 2806 expeterent:
2795 2738 2956 2793 facile
2977 2742 3240 2795 annuisse
3279 2745 3381 2796 0t-

1806 2837 2010 2888 tonem,
2066 2836 2120 2880 et
2170 2828 2529 2882 Adelbertum
2605 2830 2852 2897 aliosque
2904 2831 3214 2897 ablegasse,
3282 2834 3381 2889 sed

1803 2933 1994 2971 omnes
2021 2935 2052 2972 a
2089 2920 2295 2988 perfida
2332 2933 2492 2989 gente
2520 2929 2826 2984 autcmsos,
2863 2931 2955 2975 aut
2990 2923 3139 2975 omni
3185 2933 3383 2978 contu-

1804 3016 1965 3069 tnclia
2010 3017 2236 3070 atfeetos
2284 3031 2425 3081 esse,
2480 3017 2655 3070 solum
2709 3016 3064 3070 Adelbertum
3114 3020 3375 3074 evasisse.

1804 3107 1953 3171 Quae.
1990 3108 2116 3161 licet
2153 3125 2179 3161 a
2228 3089 2532 3177 Beizinone,
2599 3118 2824 3162 auctore
2882 3125 2989 3161 non
3040 3108 3377 3178 indiligenti,

1807 3208 2111 3250 memorata
2148 3197 2285 3264 (85),
2340 3198 2515 3251 aliena
2547 3213 2573 3250 a
2626 3212 2771 3251 vero.
2823 3210 2919 3253 aut
2950 3200 3209 3253 conlo-as
3262 3214 3380 3254 e553

1805 3291 2055 3343 nationes
2083 3291 2301 3344 dissitas
2330 3305 2392 3343 ac
2440 3290 2688 3344 diversas
2740 3291 3000 3344 arbitror.
3050 3292 3164 3346 Cur
3228 3293 3377 3344 enim

1802 3397 1912 3435 non
1945 3398 1972 3436 a
2002 3382 2205 3437 (ἱππεῖς
2235 3383 2417 3450 potius
2451 3397 2613 3449 quam
2646 3397 2674 3435 a
2704 3381 2935 3443 Latinis,
2994 3384 3154 3437 [tussi
3191 3401 3380 3439 sacer-

1804 3474 1961 3528 dotes
2029 3474 2429 3543 postulassent?
2488 3482 2583 3526 aut
2636 3474 2762 3542 quis
2812 3485 3057 3528 veterum
3088 3487 3377 3531 auctorum

1802 3567 1927 3620 illos
1954 3565 2136 3632 Rugos
2167 3564 2492 3633 appellavit?
2514 3563 2625 3616 Hos
2653 3565 2769 3617 loca
2810 3566 2955 3618 inter
3005 3566 3263 3620 Viadrum
3322 3578 3380 3621 et

1806 3654 2075 3709 V'istulam
2098 3654 2316 3717 ﬂuvios,
2358 3654 2424 3706 ad
2449 3653 2628 3707 sinum
2663 3653 2947 3707 Codanum
2976 3666 3250 3723 porrecta.
3278 3672 3377 3711 co-

1806 3748 1973 3801 luisse
2007 3748 2357 3814 accepimus:
2394 3745 2459 3799 ad
2496 3747 2594 3799 hos
2620 3746 2966 3806 Adalbertus,
2990 3748 3035 3800 is
3060 3748 3153 3817 qui
3187 3759 3378 3817 postea

1806 3838 2261 3909 Magdeburgicus
2287 3838 2487 3906 prtesul
2534 3839 2659 3899 fuit,
2716 3847 2773 3891 ut
2806 3840 3258 3907 superstitionem
3280 3842 3379 3896 fm-

1806 3930 1930 3984 dam
1962 3939 2017 3984 et
2052 3932 2306 3985 inlamen‘
2337 3932 2739 4001 exstingueret,
2772 3934 3021 3987 accessit.
3049 3934 3235 4003 Neque
3290 3950 3378 3989 nte

1803 4018 2155 4094 scriptorum,
2192 4026 2283 4093 qui
2318 4024 2493 4078 secuti
2568 4024 2906 4093 Reginonem
2930 4034 3058 4078 sunt
3086 4026 3217 4091 (84),
3275 4042 3377 4080 nec

1803 4117 2026 4170 Joannis
2082 4117 2399 4179 Mabillonii,
2448 4117 2627 4185 magni
2660 4117 2757 4169 viri
2826 4117 3118 4182 imprimis,
3169 4119 3377 4175 Russos

1629 4269 1855 4328 ΝΟΤᾸΞ.

200 4390 311 4462 (ἷὸ)
348 4392 645 4462 Avaritiam
674 4392 857 4446 Bardaa
881 4393 1097 4456 Phoete,
1130 4393 1368 4461 supremi
1389 4390 1690 4462 exercitus

1798 4408 1917 4460 pag.
1955 4391 2076 4452 656,
2117 4392 2207 4444 ubi
2235 4408 2334 4460 pro
2356 4391 2564 4444 Joanne
2598 4391 2927 4443 Francorum
2985 4406 3111 4458 rege
3176 4392 3369 4457 legen-

135 4458 330 4523 ducis',
397 4461 452 4530 in
524 4463 769 4515 ultimam
835 4463 1131 4530 perniciem
1199 4458 1312 4514 rem
1375 4459 1687 4513 Graecorum
1724 4463 1767 4518 ι)
1800 4458 1927 4513 dum
1968 4480 1979 4513 :
2018 4458 2419 4514 OttonefAddc
2469 4461 2738 4513 Inchoferi
2766 4460 2961 4513 Πέδιον.
2994 4461 3192 4514 Eri-les.
3224 4460 3373 4513 Hnn-

136 4530 385 4600 t_ra1isse,
408 4528 691 4585 Cedrenus
725 4528 893 4600 ait.p.
922 4532 1023 4586 657
1047 4550 1059 4592 ;
1083 4532 1150 4585 de
1172 4547 1281 4600 quo
1304 4531 1465 4585 silent
1482 4531 1701 4588 Contin.

136 4597 504 4671 Theophanis,
564 4597 913 4671 Logothetés,
946 4670 955 4671 ί
982 4597 1203 4659 επις-τί(
1236 4602 1357 4671 (ιυὶί
1392 4599 1699 4668 Nicephoro

136 4668 486 4738 triumphalia
521 4668 839 4738 ornamenta
863 4686 890 4723 a
927 4668 1285 4725 Constantino
1328 4670 1545 4723 decreta
1579 4685 1699 4726 esse

134 4737 501 4809 tradiderunt.
562 4737 889 4809 Cedrenus,
947 4741 1123 4809 ipsum
1181 4742 1563 4808 imperatorem
1634 4741 1700 4796 de

131 4804 429 4879 Chabdano
462 4818 517 4879 et
546 4810 778 4878 captivis
814 4804 1101 4863 Saracenis
1142 4804 1483 4879 triumphum
1525 4809 1700 4878 egisse

133 4878 318 4939 refert,
345 4878 494 4947 quod
524 4894 733 4942 verum,
774 4888 831 4932 et
864 4880 916 4931 in
960 4894 1126 4947 opere
1172 4878 1245 4931 De
1268 4878 1562 4939 «crimen,
1608 4881 1700 4933 ubi

130 4960 293 5014 supra
332 4948 610 5015 proditum
633 4958 717 5003 est
748 4949 1041 5002 memorize.
1085 4947 1241 5002 Conf.
1273 4948 1521 5015 Theoph.
1557 4948 1699 5003 Con—

135 5017 226 5067 tin.
246 5032 298 5070 n.
320 5017 449 5070 288.

201 5032 563 5151 i'ipffggnﬁn.
613 5087 861 5157 Theoph.
908 5104 960 5156 p.
1003 5088 1127 5142 284.
1193 5088 1368 5141 Etiam
1421 5086 1605 5141 Gallos
1632 5089 1698 5142 ad

132 5152 554 5227 Constantinum
586 5152 793 5227 legatos
819 5152 1111 5227 etobsidcs
1140 5162 1373 5220 misisse,
1408 5157 1549 5227 idem
1575 5176 1701 5224 pro-

135 5224 231 5286 dit,
264 5242 321 5295 p.
351 5227 479 5282 283.
511 5230 594 5281 Ab
633 5224 795 5280 Italia:
841 5225 987 5294 rege,
1023 5228 1371 5294 Berengario,
1408 5226 1692 5295 Luitprair

136 5296 234 5347 dus
269 5297 601 5363 :l'icinensis.
640 5308 841 5359 orator,
876 5298 1389 5365 Constantinopolin
1421 5300 1701 5364 profectus

136 5374 234 5415 est.
272 5366 329 5418 ν.
366 5368 461 5422 lib.
502 5386 580 5431 vn,
606 5383 655 5420 c.
691 5371 734 5419 t.

203 5435 601 5501 (75)Zonaras.
638 5452 691 5505 p.
731 5437 847 5491 195.
883 5436 1183 5501 Cedrenus,
1221 5451 1276 5504 p.
1319 5435 1441 5489 640.
1476 5436 1693 5489 Contin.

142 5499 381 5577 τιιςομιι.
411 5525 461 5577 ρ.
498 5499 624 5562 297.

152 5573 547 5647 '___7ti)Contin.
588 5576 1264 5647 'l'heoplian.‘ininomano
1295 5575 1543 5641 Juniore,
1571 5590 1694 5647 pag.

146 5641 260 5695 290.
293 5648 476 5716 Lupus
505 5641 865 5716 Protospatha
901 5647 953 5699 in
992 5646 1196 5700 Chron.
1230 5661 1319 5699 an.
1361 5647 1483 5700 961.

217 5716 321 5787 (77)
358 5722 581 5772 Simeon
608 5718 907 5787 Legotbeta
938 5732 992 5787 p.
1026 5718 1147 5776 496,
1182 5717 1388 5769 eteteri.

210 5785 312 5853 (τό)
346 5790 546 5843 Zonar.
611 5804 663 5855 p.
698 5785 816 5842 illi.
870 5786 1165 5855 Bologuden
1236 5795 1408 5839 vocat.
1453 5785 1691 5840 Cedrcn.

1799 4548 1917 4600 ger.
1946 4548 2013 4583 an
2062 4532 2184 4583 958.

1877 4602 1987 4662 (79)
2042 4600 2388 4653 Cousmntin.
2446 4598 2855 4668 Porphyrogen.
2916 4598 2969 4651 in
3012 4600 3131 4652 Vita
3186 4598 3369 4653 Basilii

1806 4671 2010 4723 Maccd.
2034 4672 2093 4722 ‘Zl
2116 4673 2155 4723 l.
2179 4670 2373 4722 Zonar.
2412 4685 2511 4737 pag
2569 4670 2686 4721 175.
2720 4671 3098 4735 Fragmentum
3130 4669 3197 4721 de
3226 4670 3369 4722 ltus-

1806 4756 1988 4793 sorum
2036 4742 2417 4797 conversione,
2465 4756 2492 4790 a
2543 4737 2820 4789 Bandurio
2854 4740 2904 4789 in
2953 4739 3242 4791 Animadv.
3302 4738 3370 4791 ad

1802 4810 2144 4863 Constantin.
2173 4809 2245 4861 De
2290 4809 2489 4860 admin.
2546 4811 2673 4873 imp.
2706 4824 2755 4871 p.
2798 4809 2894 4860 llr!
2924 4809 3153 4861 editum.
3194 4808 3367 4860 Etiam

1805 4880 2063 4933 Michaele
2100 4880 2423 4947 imperante,
2460 4879 2633 4930 sacris
2670 4876 3105 4930 Christianorum
3170 4877 3370 4929 initiati

1804 4949 2219 5001 suntnonnulli.
2271 4948 2491 4999 Contin.
2542 4950 2826 4999 Constant.
2892 4947 2987 4999 lib.
3052 4963 3120 5001 iv.
3162 4962 3195 5015 p
3250 4948 3367 5007 P210,

1802 5034 1911 5087 quo
1937 5019 2161 5071 Photius
2188 5018 2409 5084 respicit
2438 5018 2493 5069 in
2522 5017 2751 5087 epistola
2783 5017 3080 5087 eiievelica.
3108 5032 3162 5087 ρ.
3199 5015 3285 5067 16.

1875 5090 1982 5153 (80)
2015 5089 2166 5152 Quod
2198 5088 2309 5155 ipse
2340 5086 2613 5138 memoriae
2643 5085 2900 5154 prodidit
2934 5088 2969 5139 l.
3005 5102 3061 5138 tt.
3110 5086 3187 5138 De
3220 5086 3372 5137 ω’τὶ-

1803 5176 1941 5210 mon.
1979 5158 2116 5210 aula:
2145 5157 2361 5224 Byzant.
2389 5173 2438 5225 p.
2467 5156 2589 5209 345.

1878 5230 1985 5294 (8³)
2024 5229 2122 5280 Au.
2155 5230 2281 5291 9.35,
2316 5244 2367 5295 p.
2392 5223 2496 5280 '96.
2541 5225 2732 5277 Obiter
2764 5225 3038 5279 notandus
3090 5236 3176 5278 est
3208 5223 3370 5277 Orbi-

1803 5314 1903 5349 nus
1964 5299 2276 5365 Itagusa'us,
2332 5297 2499 5361 quiin
2545 5310 2711 5365 regno
2769 5295 2978 5348 SLavor.
3040 5311 3090 5362 p.
3138 5297 3208 5347 92’.
3255 5308 3363 5359 sq.,

1802 5367 2007 5433 libram,
2041 5363 2200 5433 quam
2248 5376 2300 5418 et
2332 5369 2542 5433 Ulgam.
2606 5363 2815 5433 μισθίων»
2862 5365 3143 5425 Helenam,
3185 5373 3363 5425 vorat,

1798 5432 2004 5489 Joanne
2039 5431 2265 5487 Zimisee
2316 5431 2574 5502 regnante
2608 5431 2849 5501 Byzantii
2875 5435 2939 5485 ad
3004 5448 3158 5488 sacra
3196 5433 3361 5486 Chii-

1800 5508 1970 5558 stiana
2010 5506 2299 5559 acrcssisse
2333 5507 2543 5558 scribit.

1875 5577 1983 5643 (δέ)
2014 5576 2086 5627 De
2118 5575 2414 5628 administr.
2448 5576 2636 5643 imper.
2688 5588 2808 5641 cap.
2842 5572 2926 5636 l5,
2984 5590 3035 5641 Γ.
3090 5574 3179 5636 ('5,
3227 5572 3362 5628 edit.

1800 5645 1967 5697 Batiil.

1871 5716 1979 5782 (83,)
2019 5715 2094 5768 Ad
2130 5730 2217 5767 an.
2250 5714 2373 5773 9-39,
2400 5729 2450 5780 p.
2486 5714 2573 5772 S-l,
2603 5712 2739 5765 edit.
2779 5712 3009 5765 Seharil.

1871 5786 1981 5852 (84)
2007 5786 2342 5853 tiompilzitor
2369 5784 2569 5841 Chron.
2596 5783 2838 5853 .‘llagileh.
