4170 6436
761 394 859 457 ,⁸211

1786 392 2200 451 CONSTANTI
2331 391 3008 451 PORPIIYROGENITI

3908 395 4017 458 212

830 512 896 564 Il.
918 508 1167 564 Secunda
1192 506 1431 575 receptio
1462 514 1584 559 ante
1609 512 1792 573 portas
1820 504 2148 559 Sani-torum
2186 504 2330 574 Apo-

2508 504 2579 558 B’.
2600 505 2737 575 Δοχὴ
2756 504 2799 575 ῤ’
2817 505 2921 575 πρὸ
2950 504 3056 557 τῶν
3074 504 3255 557 πυλῶν
3282 505 3389 558 τῶν
3418 504 3611 573 Ἀγίων
3649 504 3995 559 Ἀποστόλων

764 604 1032 657 stolorum
1066 615 1161 653 seu
1206 600 1257 652 in
1288 597 1524 653 scholis:
1552 604 1659 649 stat
1692 596 1763 648 ibi
1794 598 2049 651 tribunus
2069 594 2328 651 Prasino-

764 711 880 749 rum
907 709 1000 747 seu
1032 691 1321 747 excubitor
1347 704 1470 742 eum
1498 688 1730 742 factione
1749 688 1993 753 Prasina,
2017 698 2070 741 et
2094 689 2333 743 nondum

765 802 826 839 eo
850 784 1155 853 progressis
1181 781 1705 846 dominis,cantores
1734 795 1864 835 voce
1895 780 2087 834 tonilll
2109 781 2331 835 dicunt:

772 896 789 926 ι
820 876 921 942 Qui
965 877 1083 929 sine
1116 881 1287 927 matre
1334 872 1387 925 in
1429 873 1570 925 caelo
1599 879 1704 933 est,
1735 873 1853 925 sine
1903 882 2056 941 patre
2101 873 2154 926 in
2191 883 2334 926 terra

768 969 1035 1022 nascitur.
1082 987 1098 1017 ι
1165 964 1365 1017 Aliud:
1424 982 1442 1015 ι
1482 963 1643 1017 Sator
1691 972 1744 1018 et
1791 963 2001 1019 amicus
2051 965 2336 1017 hominum

767 1069 927 1114 homo
956 1056 1106 1110 nasci
1140 1064 1305 1109 amat.
1351 1075 1369 1105 ›
1411 1055 1662 1110 Dominis
1692 1064 1871 1108 autem
1913 1056 2339 1110 venientibuset

768 1153 818 1203 in
870 1150 1029 1204 solita
1074 1149 1308 1203 statione
1347 1162 1443 1201 sua
1477 1162 1572 1201 seu
1620 1161 1835 1199 camera
1884 1145 2335 1209 subsistentibus,

766 1251 1016 1295 cantores
1045 1241 1234 1293 dicunt
1269 1256 1283 1293 τ
1322 1258 1339 1291 ι
1379 1238 1599 1301 Multos,
1633 1238 1854 1301 multos,
1886 1239 2089 1291 multos
2130 1240 2142 1291 !
2190 1259 2205 1290 ι
2237 1239 2337 1291 Po-

769 1333 930 1401 pulus
963 1352 976 1384 :
1047 1350 1065 1381 ‹
1103 1332 1304 1384 Multos
1351 1345 1524 1382 annos
1563 1330 1615 1382 in
1664 1330 1905 1382 multos!
1958 1349 1976 1380 ι
2019 1330 2284 1382 Cantores
2320 1346 2334 1382 :

772 1442 789 1472 ι
825 1422 1007 1490 Longa
1048 1421 1200 1473 vobis
1242 1431 1510 1489 tempora,
1537 1434 1564 1471 a
1590 1417 1857 1471 Trinitate
1889 1416 2049 1471 electi
2082 1417 2092 1468 l
2147 1435 2165 1465 ι
2213 1418 2339 1470 Cla~

770 1521 879 1566 mat
902 1524 954 1567 et
982 1512 1218 1582 populus
1247 1520 1360 1565 ter:
1403 1530 1421 1561 ‹
1460 1509 1674 1563 Sancte.
1714 1526 1731 1559 ι
1760 1509 2063 1561 Cantores:
2110 1528 2127 1558 ‹
2160 1508 2338 1577 Longa

769 1602 922 1655 vobis
970 1611 1213 1669 tempora
1268 1598 1331 1652 N.
1384 1597 1449 1651 N.
1498 1600 1794 1665 imperator
1835 1597 2255 1651 Romanorum!
2316 1617 2333 1648 ι

770 1691 981 1745 Clamat
1016 1701 1065 1743 ct
1094 1690 1324 1759 populus
1355 1696 1436 1743 ter
1468 1705 1481 1741 :
1515 1706 1533 1737 ι
1574 1688 1793 1741 Sancte.
1828 1706 1846 1739 ι
1893 1687 2158 1741 Cantores
2190 1707 2202 1742 :
2235 1688 2339 1758 23

774 1804 793 1834 ‹
832 1782 1014 1852 Longa
1046 1782 1198 1836 vobis
1232 1789 1500 1850 tempora,
1522 1778 1707 1832 famuli
1738 1778 1980 1831 Domini!
2018 1778 2264 1833 iClamat
2288 1790 2343 1833 et

771 1877 1004 1947 pepnlus
1034 1886 1115 1929 ter
1152 1893 1165 1930 :
1212 1893 1230 1925 ι
1272 1874 1489 1928 Sancte.
1524 1892 1540 1923 ι
1569 1874 1831 1926 Cantores
1869 1891 1880 1924 :
1931 1890 1949 1922 ι
1980 1870 2164 1939 Longa
2188 1872 2343 1927 vobis

771 1978 1042 2038 tempora,
1073 1967 1138 2021 N.
1173 1967 1238 2021 N.
1268 1970 1525 2036 Augusta:
1554 1964 1926 2019 Romanorum
1954 1966 1968 2017 !
2013 1984 2029 2015 ι
2054 1964 2263 2018 Clamat
2296 1973 2345 2017 ct

769 2061 1003 2130 populus
1036 2068 1119 2113 ter
1151 2076 1165 2111 :
1207 2077 1223 2109 ι
1257 2058 1476 2112 Sancte.
1506 2076 1523 2107 ι
1566 2056 1833 2111 Cantores
1869 2074 1882 2110 :
1915 2044 1952 2107 ἰ
1986 2055 2168 2125 Longa
2196 2058 2347 2109 vobis

770 2162 1037 2218 tempora,
1060 2149 1295 2211 Domini,
1316 2164 1440 2202 cum
1467 2148 1803 2217 angustabus
1830 2156 1884 2201 et
1934 2148 2343 2217 porpbyrogen-

772 2245 943 2299 netis!
976 2264 993 2295 ι
1017 2244 1225 2297 Clamat
1259 2249 1312 2296 et
1344 2240 1615 2311 populus:
1648 2259 1666 2291 ι
1698 2238 2016 2293 Diuturnam
2056 2239 2194 2294 Deus
2227 2255 2347 2295 san-

770 2345 939 2404 ctam,
979 2345 1083 2391 etc.
1122 2354 1141 2387 ι

2439 600 2605 668 {Wo-av
2640 598 2716 660 sl;
2749 597 2846 659 τὰς
2877 596 3090 667 σχολὰς.
3135 596 3360 666 Δέχεται
3396 598 3574 649 ἐκεῖσε
3609 599 3637 649 6
3659 596 4018 667 δημοκράτης

2439 688 2548 740 τῶν
2600 688 2904 759 Πρασίνων,
2954 688 3120 756 ἤγουν
3181 689 3209 739 6
3269 686 3637 749 ὲκσκούὸιτος,
3721 687 3857 754 μετὰ
3920 686 4017 739 τοῦ

2439 779 2738 849 περατικοῦ
2799 780 2969 849 δήμου
3032 778 3138 829 τῶν
3197 778 3502 849 Πρασίνων,
3561 779 3650 830 καὶ
3679 780 3848 848 μήπω
3909 778 4018 829 τῶν

2438 872 2711 925 δεσποτῶν
2771 871 3092 939 φθασάντων
3172 872 3369 933 ὲκεῖσε,
3446 871 3693 937 λέγουσιν
3768 873 3819 922 οἱ
3880 871 4020 939 κρα-

2440 982 2564 1017 κται
2622 964 2718 1031 τὴν
2783 964 2963 1034 φωνὴν
3022 965 3067 994 ⁷¹
3106 962 3214 1033 (56)
3440 970 3487 1030 γ’
3526 980 3538 993 ’
3602 982 3619 1012 ι
3675 963 3735 1014 Ὀ
3784 963 4023 1031 ἀμήτωρ

2441 1058 2497 1107 ὲν
2558 1058 2845 1124 οὐρανοῖς,
2921 1056 3149 1124 ἀπάτωρ
3223 1056 3463 1107 τέκτεται
3520 1056 3612 1107 ἐπὶ
3657 1054 3755 1123 τῆς
3826 1054 3955 1119 γῆς.
3999 1072 4016 1102 ι

2442 1145 2632 1196 Ἀλλο·
2672 1164 2689 1195 ι
2728 1144 2786 1197 'U
2821 1146 3123 1213 φυτουργὸς
3153 1146 3262 1197 τῶν
3289 1144 3589 1215 ἀνθρώπων
3634 1143 4024 1213 φιλάνθρωπος

2442 1236 2794 1305 καταδέχεται
2852 1236 3133 1306 ἄνθρωπος
3198 1238 3592 1307 γεννηθῆναι.»
3644 1236 3755 1288 Καὶ
3796 1235 3861 1303 δὴ
3910 1234 4025 1285 τῶν

2439 1328 2712 1381 δεσποτῶν
2740 1329 3045 1396 ἐρχομένων
3077 1328 3170 1381 καὶ
3208 1328 3515 1397 ἱσταμένων
3551 1330 3631 1388 εἰς
3667 1327 3757 1379 τὸν
3784 1325 4023 1378 εἰωθότα

2444 1423 2606 1473 τόπον
2638 1421 2737 1489 τῆς
2761 1419 2937 1471 αὐτῶν
2973 1420 3213 1481 στάσεως
3239 1419 3486 1487 ⁷³,ἥγουν
3516 1420 3590 1481 εἰς
3620 1416 3715 1487 τὴν
3736 1417 4022 1485 καμάραν,

2440 1514 2688 1581 λέγουσιν
2745 1514 2792 1565 οἰ
2848 1512 3111 1581 κρακται·
3178 1529 3195 1561 ι
3224 1512 3421 1574 Πολλὰ,
3475 1512 3663 1573 πολλὰ,
3699 1510 3902 1561 πολλὰ·
3943 1528 3962 1558 ι
3998 1511 4026 1560 6

2440 1606 2587 1667 λαόςθ
2626 1623 2643 1654 ι
2671 1604 2847 1656 Πολλὰ
2880 1604 2972 1672 ἔτη
3001 1606 3077 1665 εἰς
3099 1603 3287 1655 πολλά.
3331 1622 3348 1653 ι
3383 1605 3447 1655 Οἱ
3484 1604 3747 1673 κράκται·
3785 1621 3803 1651 ι
3827 1600 4027 1653 Πολλοὶ

2442 1696 2568 1764 ὑμῖν
2596 1693 2796 1763 χρόνοι,
2829 1695 2861 1762 ἡ
2891 1693 3087 1761 ἐκλογὴ
3117 1692 3214 1762 τῆς
3247 1692 3502 1762 Τριάοόος.
3560 1694 3792 1759 Φοογγεῖ
3850 1692 3948 1743 καὶ
3998 1694 4027 1740 ri

2443 1785 2568 1848 λαὸς
2601 1788 2663 1837 ἐκ
2686 1791 2754 1853 γ’,
2791 1785 3003 1851 ι”Αγιε.
3030 1802 3048 1835 ι
3086 1786 3147 1836 Ol
3174 1785 3408 1853 κρακται
3430 1801 3442 1814 ⁸
3482 1804 3500 1835 ι
3526 1784 3715 1836 Πολλοὶ
3739 1784 3869 1851 ὑμῖν
3894 1783 4026 1851 χρό-

2444 1893 2545 1941 νοι,
2570 1879 2597 1929 6
2628 1876 2773 1929 δεῖνα
2816 1878 2909 1928 καὶ
2948 1878 2976 1928 6
3001 1876 3149 1929 δεῖνα
3172 1877 3529 1947 αὐτοκράτωρ
3554 1877 3599 1907 ⁷⁸
3641 1876 3933 1946 Ῥωμαίων
3951 1892 3964 1903 ·
4001 1893 4020 1925 ι

2441 1968 2673 2035 Φοογγεῖ
2690 1970 2783 2021 καὶ
2812 1970 2840 2021 6
2864 1969 2988 2033 λαὸς
3015 1971 3078 2022 ὲκ
3102 1969 3284 2038 τρίτου
3308 1988 3353 2020 οι
3395 1971 3605 2037 ’Λγιε.›
3646 1972 3706 2021 ΟΞ
3743 1970 3987 2039 κράκται
4011 1985 4023 1997 '

2449 2081 2466 2112 ι
2501 2060 2691 2114 Πολλοὶ
2722 2061 2850 2130 ὑμῖν
2896 2061 3100 2130 χρόνοι,
3133 2063 3181 2114 οἱ
3227 2062 3559 2131 θεράποντες
3588 2061 3680 2114 τοῦ
3714 2062 3955 2130 Κυρεου.
4003 2079 4020 2109 ι

2441 2152 2673 2218 Φοογγεῖ
2717 2152 2809 2204 καὶ
2853 2152 2881 2203 6
2926 2151 3053 2215 λαὸς
3087 2154 3150 2205 ἐκ
3205 2160 3252 2221 γ’
3294 2154 3517 2221 (Ἀγιε.
3564 2173 3581 2205 ι
3620 2154 3682 2205 ΟΞ
3742 2152 4022 2221 κρακται·

2449 2263 2466 2294 ι
2499 2243 2687 2297 Πολλοὶ
2718 2244 2846 2314 ὑμῖν
2872 2246 3072 2314 χρόνοι,
3098 2247 3127 2299 6
3159 2246 3303 2299 δεῖνα
3330 2246 3423 2299 καὶ
3463 2247 3489 2298 6
3533 2246 3677 2298 δεῖνα
3710 2243 4027 2312 Αὐγοῦσται

2443 2334 2550 2387 τῶν
2594 2333 2902 2405 Ῥωμαίων.
2942 2336 3176 2405 Φθογγεῖ
3198 2338 3291 2391 καὶ
3320 2340 3346 2390 6
3378 2338 3501 2401 λαὸς
3533 2340 3593 2389 ἐκ
3624 2336 3701 2404 γ’·
3740 2358 3757 2389 ι
3787 2339 3975 2402 Ἀγιε.
4004 2355 4022 2383 ι

770 2435 833 2486 Οἱ
868 2435 1099 2504 κράκται
1122 2447 1134 2459 ·
1172 2449 1188 2481 ι
1213 2429 1402 2482 Πολλοὶ
1424 2431 1551 2500 ὑμῖν
1581 2430 1782 2500 χρόνοι,
1811 2428 2090 2492 δεσπόται,
2127 2428 2223 2481 σὺν
2245 2432 2363 2492 ταῖς
2419 2430 2746 2498 αὐγούσταις
2821 2432 2915 2486 καὶ
2965 2434 3076 2496 τοῖς
3132 2433 3677 2503 προφυρογεννήτσις.
3711 2450 3727 2483 ι
3788 2431 4033 2499 Φοογγεῖ

772 2527 867 2579 καὶ
893 2528 920 2578 6
945 2526 1070 2587 λαός
1090 2543 1101 2553 ·
1142 2543 1158 2574 ι
1186 2522 1540 2591 Πολυχρόνιον
1584 2520 1797 2591 ποιήσει
1823 2523 1849 2573 6
1879 2520 2011 2584 Θεὸς
2044 2521 2143 2591 τὴν
2177 2522 2336 2589 ἁγίαν
2376 2520 2655 2590 βασιλείαν
2688 2540 2785 2586 σας
2808 2526 2886 2587 εἰς
2918 2523 3085 2577 πολλὰ
3115 2524 3232 2595 ἐτη.
3269 2543 3285 2574 ι

848 2618 934 2671 Ill.
970 2616 1229 2685 Receptio
1264 2616 1418 2670 tertia
1489 2614 1631 2667 intra
1667 2614 1893 2668 cbalcen
1926 2631 1939 2667 :
1996 2623 2102 2669 stat
2135 2615 2209 2668 ibi
2250 2615 2345 2667 Iri-

778 2714 960 2763 lnmus
995 2709 1324 2763 Venetorum
1357 2723 1451 2761 seu
1484 2707 1821 2761 domesticus
1856 2706 2168 2760 scholarum
2225 2723 2346 2759 cum

776 2800 1014 2854 factione
1040 2798 1267 2863 Veneta,
1307 2807 1360 2852 et
1396 2799 1634 2852 nondum
1655 2814 1720 2853 eo
1744 2800 2055 2865 progressis
2091 2800 2351 2863 dominis,

777 2899 1035 2943 cantores
1072 2905 1203 2943 voce
1259 2889 1370 2942 toni
1421 2888 1487 2941 IlI
1528 2888 1760 2942 dicunt:
1808 2908 1824 2939 ι
1861 2888 2075 2943 Peccati
2131 2900 2352 2943 catenas

780 2983 872 3051 qui
912 2982 1072 3050 fregit
1118 2980 1283 3044 Deus,
1334 2980 1517 3033 fasciis
1554 2980 1605 3033 in
1640 2977 1887 3049 pra‘sepi'
1934 2980 2229 3033 involvitur
2264 2996 2276 3030 :
2328 2998 2345 3029 ι

778 3075 915 3126 lata:
969 3080 1149 3124 autem
1199 3070 1619 3124 acclamationes
1648 3086 1674 3123 a
1707 3070 2025 3123 cantoribus
2064 3078 2116 3123 et
2152 3069 2351 3138 populo

2516 2616 2589 2669 Γ.
2623 2615 2760 2685 Δοχὴ
2792 2623 2839 2683 γ’
2884 2617 3094 2669 ἔνδοθεν
3142 2616 3239 2687 τῆς
3284 2616 3522 2685 χαλκῆς·
3572 2617 3785 2686 δέχεται
3837 2618 4026 2671 ὲκεῖσε

2447 2709 2475 2760 6
2508 2709 2856 2778 δημοκράτης
2880 2709 2987 2760 τῶν
3022 2709 3281 2773 Βενέτων,
3316 2710 3482 2779 ἤγουν
3518 2712 3543 2762 6
3572 2710 3898 2779 δομέστικος
3918 2711 4029 2762 τῶν

2450 2800 2673 2868 σχολῶν,
2725 2799 2862 2868 μετὰ
2912 2800 3004 2851 τοῦ
3055 2800 3351 2869 περατικοῦ
3395 2800 3567 2869 δήμου
3600 2801 3706 2853 τῶν
3755 2802 4028 2864 Βενὲτων,

2448 2891 2541 2941 καὶ
2570 2890 2736 2959 μήπω
2765 2892 2872 2942 τῶν
2901 2890 3175 2943 δεσποτῶν
3226 2890 3547 2957 φθασάντων
3593 2893 3789 2954 ἐκεῖσε,
3832 2892 4032 2959 λέγου·

2450 2998 2533 3033 σιν
2561 2982 2608 3033 οἱ
2642 2980 2878 3050 κράκται
2909 2982 3006 3048 τὴν
3046 2980 3227 3048 φωνὴν
3382 2988 3458 3048 γ’·
3498 3000 3515 3033 ι
3550 2983 3741 3052 Σειρὰς
3768 2984 4032 3051 ρηγνέων

2455 3072 2554 3139 τῆς
2586 3072 2860 3141 ἁμαρτίας
2894 3072 3300 3141 σπαργανοῦται
3330 3072 3461 3135 Θεὸς
3488 3075 3544 3125 ἐν
3575 3074 3743 3143 φάτνῃ
3765 3092 3777 3103 ·
3812 3092 3829 3124 ι
3872 3074 3941 3125 τα
3972 3074 4032 3125 δὲ

784 3178 841 3220 ιιι
891 3166 943 3219 in
1001 3165 1216 3219 caeteris
1271 3164 1676 3232 reccptionibus
1723 3164 2041 3218 recitantur.
2092 3161 2345 3233 Receplio

2455 3162 2553 3230 τῆς
2585 3163 2858 3231 εὐφημίας
2909 3162 3048 3215 ἄκτα
3084 3162 3295 3232 ᾅδονται
3335 3164 3485 3234 παρά
3520 3180 3579 3215 τε
3629 3164 3734 3216 τῶν
3767 3165 4033 3234 κρακτῶν

780 3268 973 3327 quarta
1022 3265 1174 3310 extra
1223 3255 1446 3309 cbalcen
1485 3274 1498 3309 :
1558 3263 1666 3309 stat
1719 3256 1970 3310 tribunus
2017 3254 2348 3311 Venetorum

780 3363 904 3402 cum
956 3347 1193 3400 factione
1237 3347 1377 3407 alba,
1440 3347 1737 3416 dicuntque
1771 3356 2024 3403 cantores
2068 3363 2199 3402 voce
2239 3348 2352 3402 toni

780 3440 926 3494 tertii
960 3458 971 3492 :
1031 3458 1049 3489 ι
1091 3439 1257 3493 Stella
1292 3440 1572 3508 praecurrit
1605 3446 1658 3492 et
1706 3440 1853 3493 lucet
1883 3440 1935 3493 in
1978 3442 2259 3510 spelunca,
2298 3450 2355 3495 ut

784 3531 955 3601 Magis
998 3530 1283 3582 Dominum
1321 3529 1453 3583 solis
1499 3529 1773 3584 ostendat.
1824 3530 1965 3586 Puer
2010 3532 2154 3586 enim
2188 3548 2355 3603 appa-

781 3623 915 3676 ruit,
940 3630 993 3677 et
1024 3636 1153 3675 caro
1182 3636 1211 3673 e
1237 3618 1459 3689 Virgine
1497 3620 1785 3687 pristinam’
1811 3621 2004 3675 Adami
2036 3622 2356 3677 inobedien-

784 3712 920 3764 tiam
948 3709 1233 3763 exstinxit.
1280 3707 1403 3777 Ipse
1436 3708 1772 3775 maiestatem
1817 3718 2075 3773 vestram,
2121 3710 2354 3775 Domini,

785 3820 880 3873 per
907 3804 1120 3872 longam
1161 3810 1463 3870 temporum
1502 3802 1697 3856 seriem
1725 3802 1790 3855 ad
1819 3803 2047 3857 salutem
2082 3802 2357 3859 Romano-

785 3908 907 3945 rum
967 3892 1222 3945 servabit.
1272 3909 1289 3941 ι
1338 3891 1548 3946 Faustae
1603 3899 1786 3945 autent
1844 3893 2267 3948 acclamationes
2325 3910 2354 3948 a

787 3984 1106 4037 cantoribus
1137 3991 1189 4036 et
1224 3984 1421 4051 popqu
1443 4024 1457 4048 ,
1492 3992 1548 4036 ut
1581 3983 1632 4036 in
1681 3984 1853 4053 prima
1903 3986 2211 4055 rcccptione
2270 3987 2354 4042 di-

790 4083 937 4129 ctum
966 4072 1086 4139 fuit,
1117 4075 1434 4126 recitantur.

858 4335 948 4389 IV.
1009 4334 1267 4405 IIeccptio
1300 4334 1489 4404 quinta
1544 4332 1606 4386 ad
1665 4333 1926 4386 Achillem
1969 4348 2127 4402 quem
2166 4347 2362 4389 vocant

789 4443 961 4500 prope
1000 4442 1250 4497 magnam
1292 4434 1503 4495 portam
1539 4424 1755 4479 Meletii.
1787 4425 1864 4479 Ibi
1897 4426 2151 4479 tribunus
2183 4426 2361 4482 Prasi-

2450 3254 2542 3304 καὶ
2576 3251 2666 3303 τοῦ
2692 3250 2843 3314 λαοῦ,
2870 3251 3049 3315 καθὼς
3075 3253 3166 3303 καὶ
3192 3253 3247 3302 ὲν
3274 3254 3390 3314 ταῖς
3408 3252 3619 3314 λοιπαῖς
3645 3252 3845 3321 δοχαῖς.
3881 3253 4030 3321 Aegi]

2448 3343 2490 3396 δ’
2518 3343 2716 3407 ἔξωθεν
2760 3344 2858 3412 τῆς
2900 3343 3137 3412 χαλκῆς·
3193 3344 3410 3412 δέχεται
3463 3345 3637 3396 ἐκεῖσε
3667 3345 3694 3394 6
3743 3344 4031 3413 δήμαρχος

2449 3433 2557 3486 τῶν
2584 3433 2820 3485 Βενέτων
2856 3433 2992 3501 μετᾶ
3023 3434 3115 3485 τοῦ
3145 3433 3319 3501 δήμου
3346 3433 3439 3487 τοῦ
3464 3434 3677 3499 λευκοῦ,
3709 3434 3802 3487 καὶ
3831 3433 4032 3500 λέγου-

2454 3542 2536 3577 σιν
2566 3526 2613 3575 οἱ
2637 3525 2872 3593 κρακται
2906 3524 3001 3593 τὴν
3039 3524 3221 3594 φωνὴν
3248 3526 3337 3593 ἦχ.
3369 3530 3416 3593 γ’
3442 3540 3455 3553 ⁸
3499 3544 3515 3575 ι
3566 3526 3764 3593 Ἀστὴρ
3791 3524 4033 3593 προτρέ-

2451 3630 2534 3683 χει
2559 3614 2651 3664 καὶ
2691 3613 2893 3681 λάμπει
2924 3615 2979 3665 ἐν
3009 3612 3275 3681 σπηλαίῳ,
3306 3612 3396 3663 τὸν
3432 3612 3707 3680 Δεσπότην
3738 3612 3829 3663 τοῦ
3868 3612 4030 3681 ἡλίου

2452 3709 2564 3767 τοῖς
2588 3705 2801 3772 Μάγοις
2862 3703 3275 3773 καταμηνῦσαι·
3329 3702 3527 3772 βρέφος
3560 3704 3666 3773 γὰρ
3719 3701 3895 3771 ὤφθη,
3933 3704 4034 3753 κ;“ι

2456 3794 2592 3864 σὰρξ
2636 3797 2699 3847 ἐκ
2741 3796 2837 3863 τῆς
2872 3794 3147 3863 Παρθένου
3191 3794 3287 3862 τὴν
3321 3793 3553 3845 παλαιὰν
3601 3792 3881 3861 παρακοὴν
3931 3791 4030 3844 τοῦ

2467 3888 2639 3957 Ἀδὰμ
2670 3887 2991 3956 ὲξηφάνιζεν
3021 3888 3085 3941 ⁷⁵.
3117 3887 3301 3950 ,Αὐτὸς
3333 3886 3396 3937 τὸ
3416 3886 3463 3916 ⁷⁵
3496 3887 3693 3953 κράτος
3725 3884 3899 3953 ὑμῶν,
3942 3885 4034 3936 δε·

2455 3976 2672 4039 σπόται,
2723 3977 2803 4039 εἰς
2850 3976 3023 4044 μῆκος
3075 3976 3280 4045 χρόνων
3337 3975 3556 4041 φυλάξει
3607 3977 3686 4037 εἰς
3737 3975 4035 4043 ἀνέγερσιν

2465 4068 2772 4137 Ῥωμαίων.
2812 4087 2828 4117 ι
2865 4068 2945 4120 Τὰ
2974 4068 3026 4120 δὲ
3057 4070 3153 4135 τῆς
3171 4066 3443 4137 εὐφημίας
3472 4066 3610 4119 ἅκτα
3639 4067 3850 4137 ᾅδονται
3872 4068 4034 4134 ’παρὰ

2453 4175 2513 4209 τε
2550 4158 2657 4210 τῶν
2692 4158 2942 4227 κρακτῶν
2975 4158 3066 4211 καὶ
3094 4157 3187 4209 τοῦ
3237 4157 3389 4221 λαοῦ,
3415 4156 3597 4219 καθὼς
3630 4159 3723 4211 καὶ
3768 4160 3823 4209 ἐν
3854 4160 3918 4226 τῇ
3976 4145 4032 4211 α’

2456 4250 2581 4319 δοχῇ
2620 4249 2852 4320 εἴρηται.

2530 4340 2601 4391 Δ’.
2642 4342 2781 4410 Δοχὴ
2826 4341 2866 4393 ε’
2910 4344 2988 4403 εἰς
3030 4341 3121 4393 τόν
3164 4340 3453 4407 λεγόμενον
3498 4340 3740 4408 Ἀχιλλέα
3795 4341 4032 4409 πλησίον

2461 4432 2558 4499 τῆς
2591 4432 2828 4501 μεγάλης
2859 4432 3031 4502 πύλης
3085 4432 3185 4499 τῆς
3233 4432 3564 4483 Maurico”
3609 4432 3751 4499 (47)·
3806 4432 4031 4501 δέχεται

2121 4564 2356 4633 VARI/IS
2389 4566 2789 4622 LECTIONL‘S.

858 4684 904 4716 ”
927 4684 991 4750 τῇ
1032 4682 1178 4748 φωνῇ
1209 4680 1293 4750 uti.

788 4752 846 4805 τδ
874 4737 1033 4808 οιι.”ὁ.

1388 4677 1430 4706 ⁷³
1457 4678 1752 4730 καταστάς.
1784 4678 1868 4731 ed.
1926 4679 1973 4749 _"'
1996 4678 2330 4749 αὐτοκρατορ
2355 4682 2475 4734 cod.

1109 4751 1151 4781 ⁷⁷
1190 4749 1330 4800 Mals
1372 4749 1747 4803 superscripto
1777 4764 1806 4799 τ
1840 4747 1984 4809 cod.,
2018 4748 2261 4818 Μελέτης
2291 4747 2437 4819 conj.
2469 4751 2531 4804 II.

2582 4682 2621 4712 ’°
2646 4678 2963 4749 ὲξαφανίζον
2990 4684 3133 4747 οοι1.,
3165 4682 3502 4750 ἑξαφανίσων
3524 4681 3671 4751 conj.
3699 4680 3765 4733 ῐῖ.
3843 4682 3885 4711 τε
3914 4683 4028 4736 Pro

1006 4934 1015 4939 ν
1771 4859 1959 4947 ΙΟᾼΝ.
1998 4860 2138 4912 JAC.
2170 4860 2420 4917 ltElSKll
2442 4864 3009 4925 COMMENTARIUS.

882 4957 973 5025 4-6)
1008 4953 1189 5008 Pliona
1222 4961 1303 5028 est
1334 4952 1421 5005 ille
1453 4951 1717 5020 hymnus,
1749 4951 1839 5028 oui
1873 4952 2105 5008 citatur,
2200 4950 2343 5017 ἁμή-

2460 4957 2639 5011 Smdii
2674 4960 2812 5012 idem
2844 4962 2972 5021 sint,
3006 4960 3175 5028 liquet
3201 4960 3346 5013 illam
3372 4962 3609 5014 tabulam
3652 4969 3811 5014 actate
3846 4960 4030 5016 Theo-

788 5044 927 5096 τωρ,
951 5022 1099 5089 .'etc.,
1125 5032 1176 5076 ct
1196 5023 1389 5096 _cchus
1418 5036 1542 5096 Se_u_
1564 5031 1724 5074 tonus
1754 5022 1987 5096 rjus__csl
2028 5027 2345 5075 modulatio.

791 5090 991 5150 I’bonze
1016 5092 1341 5147 succedebat
1376 5090 1669 5157 antipbona
1714 5092 1918 5157 populi.

861 5165 973 5231 (Π)
1010 5162 1365 5231 Subintellige
1398 5162 1581 5231 μονῆς.
1619 5157 1691 5231 D‘e
1724 5162 1822 5211 hoc
1852 5159 2184 5231 monasterio
2214 5159 2349 5212 nilnil

791 5227 1008 5289 imienio
1047 5231 1185 5299 apud
1220 5229 1294 5282 Du
1328 5229 1511 5296 Cangc
1544 5227 1596 5279 in
1633 5227 1811 5281 Const.
1847 5228 2039 5281 Christ.
2074 5228 2130 5281 lu
2162 5231 2350 5283 codice

792 5313 875 5356 est
904 5301 1048 5355 Μελε
1080 5315 1204 5353 cum
1240 5300 1419 5351 littera
1468 5314 1497 5349 τ
1552 5300 1994 5365 superimposita,
2044 5300 2185 5351 unde
2238 5300 2348 5351 fieri

793 5386 1009 5441 quoque
1041 5377 1251 5441 poterat
1274 5367 1539 5441 Μελέτης,
1580 5367 1773 5429 Studii.
1809 5368 1867 5419 Et
1904 5383 2034 5441 sane
2064 5368 2143 5441 sic
2165 5376 2349 5441 exstat

791 5438 847 5511 p.
881 5440 971 5511 3i,
1001 5438 1107 5511 tam
1142 5438 1193 5490 in
1219 5439 1477 5500 editione,
1505 5452 1671 5511 qttain
1696 5442 1746 5489 in
1780 5438 2127 5511 membranis,
2164 5439 2357 5491 litteris

794 5506 1054 5570 omnibus
1092 5508 1300 5575 integre
1337 5509 1597 5575 exaratis.
1635 5506 1834 5559 Eratue
1869 5522 1998 5575 ergo
2026 5508 2126 5558 hoc
2164 5522 2355 5559 mona-

794 5579 1021 5633 sterium
1061 5574 1271 5630 celebre
1310 5574 1440 5628 iliud
1472 5576 1667 5636 studii:
1693 5577 1834 5629 unde
1868 5574 2189 5629 Theodorus
2224 5578 2354 5628 Stu-

797 5651 907 5700 tlita
946 5656 998 5699 et
1042 5646 1130 5699 alii
1188 5645 1545 5713 prodierunt?
1601 5646 1811 5699 Suntne
1859 5646 1996 5698 idetn
2042 5644 2350 5709 Meletiuna,

794 5731 913 5785 quas
947 5717 998 5768 in
1037 5716 1235 5785 tabula,
1270 5714 1678 5782 Peutiugcriaua
1729 5731 1891 5782 prope
1930 5715 2091 5785 Cl’iin
2132 5721 2351 5783 conspi-

792 5784 1049 5843 t'illlllllf?
1093 5787 1147 5840 Si
1185 5784 1471 5839 Melctiunn
1519 5794 1567 5840 Cl
1600 5785 1665 5837 τὰ
1697 5785 1944 5856 Μξλέττλς
1968 5794 2017 5836 Pl,
2052 5784 2350 5839 C(t‘tmbium

2454 5032 2594 5101 desii
2636 5030 2805 5083 multo
2844 5032 3201 5084 recentiorem
3244 5046 3388 5101 csse.
3442 5034 3682 5101 allegavi
3723 5034 3866 5082 inter
3920 5040 4033 5085 alia

2456 5098 2559 5149 hoc
2596 5112 2812 5167 quoque
2856 5108 3236 5167 argumentum
3273 5098 3585 5156 evincetrdai
3628 5102 4032 5157 recentissima:

2454 5170 2597 5220 aetati
2644 5170 2787 5221 illius
2843 5172 3042 5223 tabula:
3082 5170 3133 5222 in
3196 5171 3513 5222 recensione
3554 5186 3707 5223 noue
3758 5171 4035 5225 editionis

2457 5237 2776 5308 Viennensis
2792 5240 2844 5290 in
2861 5240 3039 5293 libello
3057 5248 3334 5291 menstruo
3354 5241 3641 5294 vcrnacole
3656 5239 3819 5291 edito.
3857 5240 4037 5308 Ἀχελ-

2454 5306 2577 5377 λεύς
2611 5320 2728 5360 erat
2761 5324 2957 5361 nomen
2989 5310 3344 5367 thermarum,
3384 5309 3525 5360 hand
3571 5310 3757 5377 procul
3785 5306 4036 5364 tibalcc-u

2454 5386 2506 5428 ct
2530 5376 2789 5429 Sanctam
2810 5378 3086 5446 Sopltiam.
3105 5377 3252 5430 V.Du
3271 5379 3454 5445 Cange
3480 5376 3626 5433 CPI.
3642 5377 3835 5432 Christ.
3858 5393 3913 5445 p.
3938 5382 4033 5435 88.

2458 5446 2547 5499 Sic
2570 5446 2726 5499 dictze
2749 5448 2864 5499 illae
2897 5449 3122 5501 thermae
3154 5463 3181 5498 a
3216 5449 3415 5500 celebri
3462 5459 3639 5502 statua
3678 5450 3827 5499 Aclnt
3856 5448 3907 5501 ῖς
3958 5452 4033 5503 ibi

2455 5519 2766 5584 conspicua.
2802 5516 2916 5570 Mos
2962 5533 3154 5584 nempe
3179 5528 3295 5570 erat
3330 5518 3436 5571 illis
3484 5519 3817 5586 temporibus
3877 5520 4035 5570 tbcr-

2456 5601 2572 5638 mas
2606 5587 2850 5655 publicas
2881 5603 2908 5639 a
2956 5597 3154 5641 staturs
3203 5588 3273 5639 ibi
3322 5591 3518 5642 erectis
3552 5585 3894 5641 iiotninandi.
3948 5590 4032 5642 lia

2454 5656 2593 5724 apud
2645 5655 2885 5724 Tripolin
2939 5667 3054 5709 erat
3102 5657 3353 5709 balneum
3400 5660 3425 5708 6
3464 5661 3681 5725 Ἴκαρος
3730 5658 3943 5709 ιΙὶςιιι.ιι
4001 5676 4030 5711 a

2456 5735 2635 5797 statua
2669 5725 2801 5781 Icari
2838 5728 2906 5781 tbi
2944 5728 3142 5796 posita,
3180 5737 3314 5781 teste
3351 5727 3535 5780 )Ialalri
3567 5738 3603 5780 ι.
3642 5728 3703 5781 Il.
3742 5744 3792 5795 p.
3833 5727 3925 5780 73.
