4170 6436
785 397 890 458 227

781 509 910 578 pulo
940 522 1040 562 suo
1073 506 1296 570 Veneto,
1335 513 1390 560 et
1434 504 1627 558 dicunt
1681 514 2050 573 praecentores

779 601 921 654 citer
953 599 1101 651 venit
1134 597 1321 648 divina
1350 596 1625 663 majestas.
1663 613 1682 646 ι
1729 594 1943 648 Clamat
1999 605 2052 648 ct
2111 597 2346 664 populus

783 699 865 743 ter
905 704 919 742 :
953 707 971 739 ι
1014 688 1270 741 Felieiter
1329 685 1579 739 venistis.
1618 704 1636 736 ι
1688 686 2114 738 Acclamationis
2168 697 2345 738 autem

782 786 902 832 acta
931 792 959 828 a
999 776 1430 844 prmeentoribus
1463 783 1517 826 ct
1548 777 1751 844 populo
1784 783 1842 827 ut
1891 775 1944 828 in
1998 777 2225 844 reliquis
2261 792 2348 830 re-

781 869 1131 936 ceptionibus
1156 875 1472 933 cantantur.
1506 869 1850 921 Abeuntibus
1886 868 2148 931 dominis,
2177 882 2350 936 popu-

780 960 867 1012 lus
913 960 1162 1014 cursoria
1193 958 1328 1011 dicit
1370 977 1381 1012 :
1428 979 1445 1010 ι
1480 960 1662 1022 Salve,
1695 960 2079 1028 potentissime
2114 960 2351 1027 impera-

781 1057 892 1113 tor,
955 1051 1215 1119 gaudium
1279 1050 1458 1112 orbis,
1526 1050 1725 1104 [animle
1797 1048 1916 1111 Dei,
1977 1048 2348 1101 Romanorum

781 1141 1035 1206 felicitas,
1073 1141 1254 1193 laetitia
1290 1139 1646 1204 Venetorum,
1698 1141 1955 1210 voluptas
1985 1150 2039 1194 et
2076 1141 2268 1202 decus,
2301 1149 2351 1194 te

779 1232 1023 1286 divinum
1062 1248 1263 1286 numen
1297 1242 1517 1287 centum
1558 1247 1734 1285 annos
1764 1234 1962 1301 pepulo
1992 1247 2092 1287 suo
2117 1247 2352 1300 praeesse

781 1326 947 1379 sinat.
1010 1343 1028 1376 ι
1070 1325 1229 1378 Aliud
1265 1344 1276 1375 :
1315 1347 1330 1376 ι
1363 1324 1632 1378 Gaudium
1671 1325 1852 1388 hodie,
1895 1325 2266 1393 tranquillitas
2297 1331 2350 1376 et

778 1413 938 1481 quies
980 1413 1214 1480 ingens!
1262 1413 1478 1466 Domini
1535 1414 1681 1467 enim
1741 1415 1998 1483 gaudium
2047 1414 2241 1476 induti,
2296 1422 2352 1466 ut

780 1503 1104 1571 phospliori,
1134 1503 1187 1554 in
1219 1505 1509 1571 majestate
1540 1504 1849 1576 splendent,
1891 1512 1943 1559 et
1970 1505 2090 1557 orbi
2121 1504 2352 1558 felicitas

778 1590 1065 1656 contingit.
1133 1589 1314 1659 Ipsum
1362 1593 1508 1646 enim
1558 1592 1819 1661 gaudium
1882 1601 2135 1646 nostrum
2199 1593 2352 1648 orbis

779 1682 941 1734 etiam
975 1681 1162 1734 laetitia
1207 1690 1312 1737 est.
1362 1701 1380 1733 ι
1419 1684 1628 1737 Aliud:
1669 1700 1686 1734 ι
1741 1683 1948 1737 Dextra
2003 1683 2096 1736 Dei
2152 1685 2348 1748 nostri,

791 1773 1024 1837 domini,
1077 1775 1377 1843 potentiam
1407 1773 1560 1837 fecit,
1600 1790 1701 1844 pax
1750 1776 1804 1828 in
1849 1777 2070 1845 proprio
2120 1775 2350 1844 imperio

1841 392 2348 453 CONSTANTINI
2377 390 3049 458 PORPHYROGENITI

3853 393 4029 464 .228

2095 521 2107 556 :
2143 523 2160 555 ι
2196 502 2346 560 Feli-
2374 513 2420 570 Α
2453 504 2676 573 σχολῶν,
2711 505 2846 574 μετὰ
2863 505 2953 557 καὶ
2977 503 3068 556 τοῦ
3098 504 3397 574 περατικοῦ
3417 505 3589 575 δήμου
3623 508 3726 560 τῶν
3756 511 4027 575 Βενέτων,

2452 596 2545 645 καὶ
2578 594 2828 661 λέγουσιν
2858 596 2905 646 οἱ
2950 594 3187 665 κρὰκται
3212 611 3225 624 ο
3273 614 3291 646 ι
3339 596 3534 658 Καὶῶς
3578 593 3800 668 ἦλθενή
3839 600 4029 664 ἔνθεος

2454 685 2716 754 βασιλεία.
2763 705 2781 736 ι
2815 687 3047 754 Φοογγεῖ
3077 688 3168 738 καὶ
3196 688 3223 738 6
3269 687 3396 748 λαὸς
3427 689 3488 738 ὲκ
3519 691 3700 756 τρίτου
3721 708 3733 720 °
3768 711 3785 740 ι
3826 695 4030 754 Καλῶς

2451 777 2640 846 ἤλθετε
2666 780 2704 831 ¹.
2741 797 2758 829 ι
2789 778 2868 830 Τὰ
2885 779 2940 830 δὲ
2969 780 3063 846 τῆς
3084 780 3358 848 εὐφημίας
3385 781 3524 834 ἄκτα
3544 782 3758 852 ᾅδονται
3786 787 3944 854 παρά
3971 803 4029 836 τε

2451 868 2559 919 τῶν
2583 870 2839 938 κρακτῶν
2876 871 2971 923 καὶ
2995 871 3086 923 τοῦ
3113 871 3267 935 λαοῦ,
3298 871 3476 934 καθὼς
3499 875 3518 903 ²
3548 875 3640 926 καὶ
3666 877 3722 926 ὲν
3755 880 3880 940 ταῖς
3924 878 4035 930 λοι-

2454 961 2580 1020 παῖς
2609 960 2814 1029 δοχαῖς,
2847 965 2942 1015 καὶ
2982 964 3118 1030 μετὰ
3152 965 3214 1014 τὸ
3239 965 3567 1033 ἀποκινῆσαι
3605 967 3732 1029 τοὺς
3758 967 4032 1030 δεσπότας

2452 1048 2598 1116 λέγει
2622 1052 2649 1100 6
2675 1052 2845 1119 δῆμος
2879 1051 2950 1103 τὰ
2974 1051 3208 1121 δρομικὰ
3247 1052 3356 1122 (71)
3383 1069 3395 1081 ⁸
3436 1072 3452 1102 ι
3490 1055 3733 1123 Χαεροις,
3768 1062 4035 1125 κραταιό-

2451 1159 2580 1193 τατε
2604 1144 2967 1214 αὐτόκρατορ,
2999 1146 3142 1213 χαρὰ
3183 1149 3283 1214 τῆς
3330 1147 3674 1215 οἰκουμένης,
3703 1149 3794 1200 τοῦ
3830 1149 3974 1201 Θεοῦ
4011 1154 4036 1201 ὁ

2453 1229 2724 1296 Θεράπων,
2774 1232 3061 1301 Ῥωμαίων
3094 1235 3340 1303 εὐτυχία,
3402 1236 3716 1300 ἀγαλλίασις
3758 1239 4031 1302 Βενέτων,

2454 1323 2762 1393 εὐφροσύνη
2793 1326 2884 1376 καὶ
2915 1327 3233 1394 κοσμιότης,
3269 1329 3325 1379 σὲ
3374 1330 3407 1397 ἡ
3443 1329 3631 1398 θεότης
3667 1332 3758 1381 ἐπὶ
3800 1307 4035 1399 χρόνους

2454 1415 2645 1466 ἑκατὸν
2677 1414 2881 1485 ἀξιώσῃ
2910 1417 3004 1485 τὴν
3028 1417 3220 1469 ἑαυτοῦ
3243 1418 3446 1470 διέπειν
3474 1419 3765 1473 πολιτείαν.
3793 1423 3997 1474 »Ἀλλο
4021 1440 4034 1450 ·

2459 1523 2476 1554 ι
2522 1507 2681 1574 Χαρὰ
2716 1501 2816 1558 ὦδε
2844 1508 3104 1577 σήμερον,
3140 1509 3346 1579 γαλήνη
3379 1511 3472 1562 καὶ
3509 1512 3748 1580 πραότης
3780 1514 4035 1582 μεγάλης

2452 1600 2498 1649 οἱ
2566 1600 2674 1666 γὰρ
2705 1597 2960 1650 δεσπόται
2994 1599 3168 1670 χαρὰν
3228 1602 3591 1670 ἠμφιεσμένοι
3629 1604 3704 1664 ὡς
3760 1605 4036 1671 ἑωσφόροι

2456 1690 2831 1757 ἐκλάμπουσιν
2869 1692 2925 1740 ὲν
2951 1691 3025 1760 τῷ
3073 1693 3285 1762 κράτει,
3315 1695 3407 1743 καὶ
3436 1693 3700 1755 δεξιοῦται
3737 1693 3812 1763 τῷ
3839 1695 4037 1763 κόσμῳ

2458 1784 2702 1852 εὐτυχία.
2738 1785 2884 1855 Αὐτὴ
2931 1785 3038 1855 γὰρ
3067 1786 3210 1856 χαρὰ
3237 1787 3392 1855 ἡμῶν
3424 1790 3518 1841 καὶ
3563 1790 3887 1854 ἀγαλλίασις
3949 1793 4038 1842 κδ-

779 1865 945 1933 viget,
979 1865 1140 1934 idque
1191 1867 1242 1919 in
1273 1867 1413 1935 ipso,
1451 1868 1515 1919 ad
1542 1868 1910 1932 clementiam,
1947 1867 2002 1921 in
2037 1868 2138 1922 [ide
2193 1869 2344 1920 exal-

2467 1893 2629 1944 σμου.
2665 1893 2682 1926 ι
2718 1877 2910 1930 Ἀλλο·
2944 1898 2962 1929 ι
3012 1879 3263 1948 Ἐποίησε
3295 1880 3525 1950 δύναμιν
3555 1881 3756 1949 gazae
3779 1883 3871 1934 τοῦ
3891 1883 4036 1935 Θεοῦ

779 1958 937 2011 tavit.
970 1956 1251 2010 Gandeant
1282 1959 1536 2014 cmlestes
1569 1960 1862 2028 spirituum
1889 1962 2188 2023 exercitus,
2219 1975 2352 2030 gau-

778 2043 944 2097 deant
965 2045 1135 2112 c0pia:
1159 2043 1557 2113 Romanorum,
1584 2048 1887 2102 Christiani
1913 2064 2124 2117 omnes,
2151 2054 2350 2106 iestum

779 2133 892 2189 Deo
917 2137 1274 2203 celebraturi,
1304 2139 1467 2194 simul
1501 2139 1776 2209 gaudeant
1804 2141 1818 2194 ί
1863 2160 1880 2191 ι
1918 2142 2212 2196 Sciendum
2245 2154 2349 2208 est,

777 2229 894 2283 haec
922 2232 1169 2286 cursoria
1195 2233 1249 2287 in
1278 2234 1491 2289 ceteris
1526 2249 1746 2305 quoque
1777 2237 2229 2305 processionibus
2261 2251 2350 2295 re-

775 2322 959 2378 citari.

845 2614 908 2669 ll.
927 2615 1184 2686 Receptio
1199 2617 1444 2671 secunda
1461 2617 1513 2672 in
1533 2618 1678 2673 :edes
1701 2618 1886 2675 Sancti
1907 2619 2203 2692 Polyeucti.
2227 2622 2347 2678 Stat

775 2707 850 2761 ibi
887 2709 1143 2762 tribunus
1208 2709 1539 2763 Venetorum
1577 2727 1700 2764 cum
1737 2711 1977 2766 factione
2013 2713 2157 2776 alba,
2185 2723 2238 2766 ct
2267 2714 2349 2767 di-

774 2808 910 2852 cunt
936 2808 1191 2856 cantores
1220 2818 1232 2852 :
1271 2819 1288 2850 ι
1333 2799 1586 2854 Felieiter
1612 2803 1761 2856 venit
1791 2803 1973 2856 divina
2006 2803 2287 2869 majestas.
2323 2824 2340 2855 ι

773 2882 1208 2944 Acclamationis
1261 2907 1390 2944 vero
1446 2903 1566 2944 acta
1595 2909 1622 2944 a
1654 2895 1978 2947 cantoribus
2018 2903 2070 2948 et
2124 2896 2346 2963 populo,

773 2975 961 3044 31m
989 2979 1040 3029 in
1075 2977 1288 3031 caeteris
1323 2994 1542 3047 quoque
1569 2981 1998 3048 reCcptioriibus.
2031 2990 2344 3037 cantantur.

775 3067 1040 3136 Receptio
1074 3071 1234 3122 tertia
1289 3071 1354 3122 ad
1417 3070 1675 3124 Sanctam
1709 3071 2069 3140 Euphemiam
2106 3073 2340 3144 Olybrii.

2454 1968 2628 2036 ἡμῶν,
2660 1967 2938 2033 δεσπὸται,
2963 1970 3285 2023 ἀντελάϐετο
3323 1973 3515 2041 εἰρήνη
3577 1975 3672 2042 τῆς
3707 1975 3841 2036 ῐδῖας
3875 1976 4036 2027 πολι-

2451 2058 2623 2121 τείας.
2676 2059 2768 2110 καὶ
2795 2062 2851 2111 ὲν
2879 2060 3026 2130 αὐτῷ
3061 2063 3117 2113 ἐν
3167 2065 3232 2131 τῇ
3262 2061 3440 2115 πίστει
3476 2062 3655 2131 ὐφωσε
3699 2066 3830 2132 πρὸς
3859 2066 4036 2134 εὐμέ-

2451 2168 2619 2205 νειαν.
2639 2151 2959 2218 Ἀγάλλεσϐε
3001 2152 3252 2221 οὐράνιαι
3276 2157 3527 2222 στρατιαὶ
3557 2155 3663 2205 τῶν
3691 2156 4033 2225 ἀσωμάτων.

2456 2244 2794 2312 συναγάλλου
2829 2245 3192 2312 στρατόπεδον
3239 2246 3347 2320 τῶν
3389 2247 3693 2325 Ῥωμαίων,
3763 2253 3858 2302 καὶ
3932 2253 4035 2303 ἑπ-

2453 2335 2752 2403 αγάλλεσθε
2797 2337 2816 2368 ³
2851 2339 3050 2400 πάντες
3078 2331 3692 2408 Χριστιανοῖὲψτάζειν
3746 2342 3962 2411 Κυρίῳ.
4009 2363 4027 2392 ι

2465 2429 2679 2492 Ίσεέον,
2710 2430 2790 2482 ὅτι
2823 2430 2994 2482 ταῦτα
3028 2430 3094 2483 τὰ
3119 2430 3354 2501 δρομικᾶ
3399 2433 3644 2500 Λέγονται
3684 2434 3773 2486 καὶ
3807 2436 3866 2486 ὲν
3905 2439 4033 2497 ταῖς

2451 2521 2661 2584 λοιπαῖς
2681 2521 2973 2591 προελεύσε
2984 2540 3054 2576 σι.

2525 2613 2598 2666 B'.
2634 2612 2772 2681 Δοχὴ
2826 2612 2871 2681 β’
2927 2615 3006 2674 εἰς
3049 2613 3140 2665 τὸν
3196 2614 3349 2680 ἅγιον
3402 2613 3755 2671 Πολύευκτον.
3796 2617 4032 2686 Δέχεται

2452 2706 2628 2756 ἐκεῖσε
2659 2707 2686 2757 ὁ
2715 2705 2997 2775 δήμαρχος
3041 2706 3148 2757 τῶν
3182 2707 3422 2760 Βενέτων
3451 2710 3586 2776 μετὰ
3608 2709 3699 2760 τοῦ
3726 2710 3898 2776 δήμου
3932 2711 4030 2762 τοῦ

2450 2797 2665 2860 λευκοῦ,
2697 2800 2790 2849 καὶ
2822 2798 3072 2862 λέγουσιν
3107 2800 3156 2850 οἱ
3198 2808 3466 2867 κρακται·
3510 2804 3527 2850 ι
3564 2799 3759 2862 Καλῶς
3795 2797 3965 2872 ἦλθεν
3996 2803 4029 2870 ἡ

2452 2887 2630 2949 ἔνθεος
2662 2887 2930 2955 βασιλεία.
2960 2907 2976 2937 ι
3014 2888 3092 2939 Τᾶ
3125 2888 3180 2938 δὲ
3213 2890 3310 2956 τῆς
3340 2889 3614 2956 εὐφημίαι,
3644 2890 3782 2942 ἄκτα
3805 2892 4029 2962 ᾅδονται

2452 2981 2604 3050 παρὰ
2630 2997 2686 3032 τε
2710 2979 2815 3030 τῶν
2847 2979 3103 3046 κρακτῶν
3136 2979 3230 3030 καὶ
3261 2980 3352 3031 τοῦ
3405 2979 3555 3043 λαοῦ,
3597 2982 3778 3042 acu-Cio;
3822 2985 3916 3034 καὶ
3970 2985 4036 3035 ἐν

2449 3073 2566 3132 ταῖς
2595 3069 2809 3130 λοιπαῖς
2832 3069 3035 3136 δοχαῖς.
3073 3070 3213 3137 Δοχὴ
3246 3076 3294 3136 γ’
3327 3071 3405 3131 είς
3427 3069 3524 3140 τὴν
3559 3071 3720 3137 ἁγίαν
3745 3073 4029 3140 εὐφημίαν

778 3156 900 3211 Stat
928 3159 1000 3209 ibi
1043 3157 1304 3211 tribunus
1333 3157 1686 3211 Prasinorum
1731 3175 1827 3212 seu
1875 3161 2161 3214 cxcubitor
2216 3176 2339 3214 cum

2454 3159 2544 3212 τοῦ
2599 3159 2899 3226 Ὀλυϐρίου.
2941 3159 3165 3227 Δέχεται
3215 3152 3392 3210 ἐκεῖσε
3445 3163 3471 3211 6
3521 3161 3874 3230 δημοκράτης
3918 3162 4031 3213 τῶν

779 3249 1101 3302 transitorio
1127 3249 1482 3302 Prasinorum
1539 3251 1760 3320 populo,
1792 3261 1847 3303 et
1900 3253 2149 3305 cursoria
2178 3255 2290 3305 toni
2328 3253 2346 3306 l

775 3341 911 3394 dicit
953 3358 965 3392 :
1003 3359 1020 3390 ι
1057 3339 1160 3404 Qui
1199 3349 1465 3392 aeternum
1499 3341 1665 3405 Patri,
1715 3362 1732 3392 ο
1771 3354 1876 3395 etc.
1910 3343 2045 3395 Acta
2088 3360 2218 3397 vero
2251 3360 2347 3397 ac—

774 3431 1126 3484 clamationis
1170 3445 1198 3482 a
1234 3432 1558 3485 cantoribus
1591 3432 1661 3484 et
1687 3435 1910 3501 pepulo,
1952 3442 2003 3486 ιιι
2037 3434 2089 3487 in
2138 3436 2349 3489 caneris

776 3524 1183 3591 receptionibns
1224 3539 1339 3575 mos
1384 3534 1489 3587 est,
1524 3533 1802 3577 cantatur.
1851 3523 2114 3594 lieccptio
2149 3535 2346 3594 quarta

778 3617 844 3670 ad
878 3615 1335 3684 Philadelphiam.
1370 3617 1489 3668 Stat
1512 3615 1584 3669 ibi
1619 3617 2208 3684 princepsVenetorum
2248 3633 2345 3671 seu

774 3708 1114 3761 domesticus
1147 3706 1460 3759 scholarum
1486 3722 1609 3758 cum
1641 3705 1968 3760 Venetorum
1996 3709 2213 3776 populo.
2244 3708 2348 3760 Ac-

775 3798 1122 3853 clamationis
1175 3806 1354 3850 autem
1412 3805 1532 3849 acta
1578 3812 1606 3848 a
1646 3799 1964 3851 cantoribus
2006 3807 2062 3851 et
2123 3799 2346 3867 populo,

776 3897 836 3943 ut
884 3891 937 3942 in
1003 3888 1215 3942 caeteris
1266 3889 1677 3958 receptionibus
1729 3889 1959 3952 obtinet,
2024 3898 2338 3942 cantantur.

777 3981 978 4046 Quinta
1009 3979 1077 4032 ad
1119 3979 1358 4031 Taurunl
1388 3997 1401 4032 :
1428 3986 1538 4032 stat
1567 3979 1639 4032 ibi
1692 3979 1947 4032 tribunus
1990 3978 2344 4032 Prasinorum

778 4088 903 4126 cum
944 4070 1192 4122 [actione
1229 4084 1423 4133 russa;
1485 4079 1603 4121 acta
1659 4084 1788 4122 vero
1847 4071 2261 4124 acclamationis
2317 4086 2345 4122 a

778 4161 1097 4216 cantoribus
1138 4167 1192 4212 et
1225 4158 1422 4227 populo
1466 4168 1524 4210 ut
1571 4161 1625 4212 in
1673 4161 1884 4213 caeteris
1938 4162 2349 4230 receptionibus

780 4253 1104 4307 recitantur.
1139 4249 1305 4303 Sexta
1341 4249 1406 4302 ad
1447 4249 1710 4303 fornicem
1743 4251 2011 4319 pistorum
2048 4268 2060 4303 :
2095 4267 2349 4306 reversus

783 4345 926 4398 idem
980 4343 1236 4396 tribunus
1288 4358 1410 4395 cum
1467 4343 1664 4407 russis,
1718 4343 1969 4396 dominos
2017 4342 2089 4395 ibi
2124 4345 2350 4414 excipit.

788 4433 1214 4487 Acc'lamationis
1255 4442 1435 4484 autem
1471 4442 1590 4485 acta
1621 4447 1646 4483 a
1681 4435 2108 4500 praecentorihus
2147 4444 2200 4488 et
2257 4451 2353 4504 po-

2455 3249 2755 3321 Πρασίνων,
2781 3251 2948 3320 ἤγουν
2968 3252 2994 3301 6
3015 3249 3367 3310 ὲκσκούὃιτος
3408 3249 3546 3319 μετὰ
3569 3251 3660 3302 καὶ
3683 3251 3774 3302 τοῦ
3797 3269 4027 3322 περατι-

2452 3345 2546 3395 κοῦ
2576 3344 2748 3410 δήμου
2781 3342 2887 3393 τῶν
2916 3342 3224 3410 Πρασίνων,
3253 3343 3345 3393 καὶ
3378 3341 3525 3408 λέγει
3551 3343 3785 3411 δρομικᾶ
3817 3346 3909 3412 ἤχ.
3942 3343 3988 3397 α’
4013 3362 4027 3375 ·

2458 3455 2475 3485 ι
2513 3436 2572 3486 Ὀ
2603 3434 2846 3503 ἀχρόνως
2891 3433 2967 3501 τῷ
2995 3432 3172 3500 Πατρὶ
3231 3451 3249 3482 ι
3313 3432 3408 3484 καὶ
3434 3432 3499 3483 τα
3531 3432 3675 3501 ἑξῆς.
3707 3433 3786 3485 Τὰ
3816 3434 3873 3485 δὲ
3927 3435 4030 3502 τῆς

2450 3522 2725 3592 εὐφημίας
2764 3523 2903 3575 ἀκτα
2963 3520 3174 3590 ᾅδονται
3223 3519 3377 3587 παρά
3425 3535 3484 3570 τε
3517 3520 3624 3571 τῶν
3649 3519 3905 3586 κρακτῶν
3935 3521 4030 3570 καί

2448 3614 2545 3667 τοῦ
2590 3612 2748 3676 λαοῦ,
2785 3609 2968 3672 καθὼς
2997 3610 3091 3662 καὶ
3117 3611 3172 3661 ὲν
3197 3611 3317 3670 ταῖς
3345 3609 3556 3670 λοιπαῖς
3593 3609 3789 3676 δοχαῖς,
3816 3611 3958 3677 Aelii
3986 3609 4030 3660 δ.

2449 3711 2527 3769 είς
2559 3706 2620 3758 τὸ
2649 3703 3016 3770 Φιλαδέλφιον.
3054 3701 3281 3770 Δέχεται
3332 3702 3556 3753 κάκεῖσε
3607 3704 3634 3752 ὁ
3671 3701 4028 3770 δημοκρατης

2448 3802 2556 3853 τῶν
2583 3799 2845 3860 Βενὲτων,
2880 3797 3047 3865 ἧγουν
3064 3795 3083 3826 ⁸
3109 3798 3138 3848 6
3157 3794 3475 3863 δομέστικος
3495 3793 3602 3845 τῶν
3633 3793 3856 3862 σχολῶν,
3887 3793 4027 3862 μετᾶ

2453 3893 2549 3946 καὶ
2597 3890 2693 3944 τοῦ
2729 3889 3029 3958 περατικοῦ
3072 3887 3245 3956 δήμου
3277 3885 3384 3938 τῶν
3415 3885 3672 3937 Βενὲτων.
3706 3885 3784 3936 Τὰ
3831 3884 3891 3936 δὲ
3933 3885 4029 3951 τῆς

2450 3981 2721 4051 εὐφημίας
2755 3979 2895 4032 ἄκτα
2939 3979 3156 4049 ᾅδονται
3203 3977 3355 4045 παρὰ
3397 3993 3453 4028 τε
3505 3976 3613 4028 τῶν
3641 3975 3902 4045 κρακτῶν
3935 3977 4028 4027 καὶ

2449 4075 2542 4128 τοῦ
2570 4073 2720 4136 λαοῦ,
2749 4070 2932 4134 καθὼς
2963 4071 3058 4124 καὶ
3095 4071 3153 4122 ὲν
3173 4072 3292 4132 ταῖς
3328 4069 3540 4129 λοιπαῖς
3568 4067 3770 4136 δοχαῖς.
3806 4067 3951 4136 Δοχὴ
3987 4055 4030 4116 ε’

2450 4169 2527 4228 εἰς
2552 4165 2642 4216 τὸν
2669 4162 2903 4231 Ταῦρον.
2928 4162 3153 4229 Δέχεται
3183 4161 3360 4211 ἐκεῖσε
3383 4160 3410 4210 ὁ
3438 4159 3717 4224 δήμαρχος
3739 4156 3847 4208 τῶν
3882 4157 4031 4224 Πρα-

2454 4255 2614 4307 σίνων
2660 4249 2799 4320 μετὰ
2837 4248 2929 4301 τοῦ
2957 4249 3128 4317 δήμου
3151 4246 3244 4299 τοῦ
3278 4246 3516 4317 ρουσίου.
3544 4245 3623 4296 Τὰ
3656 4244 3710 4296 δὲ
3737 4244 3833 4310 τῆς
3857 4247 4031 4312 sapa-

2458 4344 2585 4413 μίας
2637 4341 2777 4394 ἄκτα
2819 4339 3034 4409 ᾅδονται
3092 4337 3243 4404 παρά
3269 4353 3328 4387 τε
3383 4336 3489 4387 τῶν
3519 4334 3775 4402 κρακτῶν
3809 4334 4029 4386 καὶτοῦ

2456 4439 2484 4488 6
2508 4435 2659 4498 λαοῦ,
2694 4430 2872 4493 καθὼς
2903 4432 2996 4483 καὶ
3023 4431 3078 4480 ὲν
3111 4431 3231 4489 ταῖς
3256 4428 3464 4487 λοιπαῖς
3486 4427 3686 4494 δοχαῖς.
3721 4426 3859 4492 Δοχὴ
3891 4421 3948 4487 ς’
3978 4430 4034 4476 ἐν

787 4529 917 4594 pulo
956 4535 1013 4578 ut
1069 4525 1121 4576 in
1164 4525 1380 4578 caeteris
1422 4524 1827 4586 receptionibus
1871 4533 2188 4588 cantantur.
2257 4527 2348 4582 Se-

2457 4527 2533 4596 τῷ
2557 4524 2832 4594 φουρνικῷ
2862 4523 2970 4574 τῶν
2997 4519 3327 4590 ἀρτοπωλῶν
3345 4517 3504 4584 8('79.).
3522 4517 4034 4584 'l‘:octpa',:6p.avo;

785 4618 953 4687 ptima
1001 4617 1054 4670 in
1087 4616 1248 4669 foro:
1283 4624 1392 4668 stat
1434 4615 1505 4667 ibi
1557 4615 1810 4682 princeps
1857 4612 2210 4668 Prasinorum
2255 4633 2350 4671 seu

785 4708 1073 4762 excubitor
1100 4723 1223 4760 cum
1258 4707 1458 4774 populo
1493 4707 1740 4761 Prasiae.
1769 4706 2197 4761 Acclamationis
2222 4725 2351 4764 vero

789 4807 909 4852 acta
939 4813 966 4850 a
999 4799 1321 4852 cantoribus
1347 4805 1399 4850 et
1434 4798 1634 4866 popqu
1660 4805 1716 4848 ut
1745 4799 1798 4850 in
1826 4800 2041 4851 cteteris
2086 4800 2355 4868 receptio-

794 4891 959 4944 nibus
989 4897 1304 4942 cantantur.
1333 4886 1538 4941 Octava
1579 4889 1632 4941 in
1663 4890 1929 4942 Praetorio
1961 4899 2115 4943 :stat
2149 4891 2222 4943 ibi
2255 4891 2356 4944 tri-

789 4984 969 5038 bunus
995 4981 1325 5035 Venetorum
1357 4995 1479 5034 cum
1507 4981 1707 5050 populo
1740 4980 1884 5033 albo.
1922 4980 2347 5035 Acclamationis

2461 4619 2620 4680 αὐτὸς
2649 4617 2928 4683 δήμαρχος
2953 4613 3089 4682 μετὰ
3111 4612 3204 4663 τοῦ
3231 4611 3402 4680 δήμου
3439 4608 3531 4660 τοῦ
3570 4609 3806 4677 ρουσίου,
3839 4607 4033 4659 ποιοῦ-

2459 4725 2543 4761 σιν
2579 4711 2598 4738 ⁶
2632 4707 2746 4777 (75)
2810 4707 2926 4758 ἐκεῖ
2962 4704 3143 4772 δοχήν.
3188 4701 3268 4752 Τὰ
3321 4701 3374 4751 δὲ
3422 4702 3519 4766 τῆς
3551 4699 3824 4765 εὐφημίας
3887 4697 4034 4749 ἄκτα

2461 4800 2674 4870 ᾅδονται
2706 4798 2856 4866 παρά
2902 4813 2962 4847 τε
2993 4795 3102 4847 τῶν
3132 4791 3386 4864 κρακτῶν
3417 4789 3619 4842 καὶτοῦ
3648 4787 3801 4850 λαοῦ,
3845 4788 4034 4848 καθὼς

2460 4892 2555 4943 καὶ
2578 4892 2634 4941 ἐν
2663 4893 2781 4950 ταῖς
2809 4889 3022 4948 λοιπαῖς
3050 4887 3253 4954 δοχαῖς.
3289 4883 3428 4950 Δοχὴ
3460 4880 3501 4943 ζ’
3533 4883 3589 4932 ἐν
3617 4880 3692 4948 τῷ
3734 4883 3904 4949 φέρῃ.
3935 4883 4035 4932 Δέ-

2460 4999 2614 5051 χεται
2643 4983 2820 5033 ἐκεῖσε
2855 4980 2883 5030 6
2911 4977 3260 5048 δημοκρατης
3302 4973 3410 5026 τῶν
3454 4968 3761 5044 Ιίρασίνων,
3801 4973 3974 5039 ἣ-ίουν
4008 4976 4035 5026 ὁ

2065 5077 2297 5181 νΑιιιιὲ
2338 5124 2629 5210 ιεετιοΝ
2641 5123 2737 5178 es.

858 5240 890 5314 ’_
918 5240 1005 5307 ὴλ.
1052 5239 1502 5314 superscripto
1534 5239 1680 5314 cod.,
1714 5235 1874 5314 ἦλθες
1904 5241 2018 5314 sive
2038 5239 2225 5314 ἤλθετε
2259 5240 2326 5293 R.

2456 5238 2636 5300 καθὼς
2661 5239 2717 5289 ὲν
2743 5237 2830 5290 ed.

791 5310 914 5364 add.
945 5315 1030 5363 ed.
1109 5311 1128 5340 '
1153 5310 1511 5377 ὰφτοπουλῶν
1558 5311 1679 5362 cod.
1767 5311 2034 5361 δποιῶσιν
2051 5311 2174 5363 eod.

2913 5236 2932 5266 ³
2963 5232 3359 5301 συναγάλλεσοε
3388 5232 3472 5285 ed.
3554 5233 3573 5261 ’⁵
3602 5231 3630 5282 6
3659 5243 3784 5283 ante
3805 5229 4036 5296 δομέστ.

1765 5424 1949 5480 1οΑΝ.
1981 5423 2123 5491 JAC.
2158 5423 2406 5478 REISKII
2430 5420 3010 5479 COMMENTARIUS.

855 5543 968 5614 (7|)
1001 5543 1229 5598 Videtur
1280 5544 1541 5599 carminis
1595 5525 1997 5615 concitatioris.
2065 5543 2342 5615 dactylici,

784 5613 1038 5669 celeriter
1084 5615 1356 5668 currentis
1387 5629 1531 5675 esse,
1590 5615 1749 5683 quale
1780 5613 2000 5668 abeunti
2034 5613 2344 5679 aecinitur;

788 5695 1061 5738 nostrates
1097 5685 1342 5753 dicerent
1367 5686 1447 5737 ein
1480 5683 1711 5736 Marsclt.
1741 5683 1900 5736 Conf.
1929 5699 1981 5751 p.
2007 5684 2096 5736 5i.

858 5755 1059 5816 (72);“.
1094 5754 1467 5822 ἀρτοπουλῶν,
1532 5763 1780 5806 neutrum
1821 5756 1980 5817 male,
2041 5755 2142 5807 hoc
2199 5769 2351 5806 novze

793 5826 1139 5887 (ἑικιιιηιλιὶοά,
1213 5826 1341 5878 illud
1412 5823 1893 5892 grammaticorum
1967 5825 2352 5878 sanctionibus

2458 5551 2666 5596 abtum.

2697 5609 2764 5663 M.
2818 5610 3066 5662 ποιῶσιν.
3112 5608 3580 5678 Frequentissitre
3623 5617 3715 5682 ant
3769 5609 4039 5682 librarius

2461 5679 2668 5742 noster,
2694 5689 2791 5759 aut
2823 5691 3016 5732 auctor
3073 5681 3188 5744 ipse
3219 5697 3282 5732 ex
3328 5694 3476 5731 more
3505 5681 3688 5759 srecpji
3719 5679 4037 5747 subiuncti-

2460 5767 2585 5804 vum
2620 5753 2717 5818 pro
2765 5753 3336 5815 indicativousurpat,
3382 5760 3475 5801 aut
3528 5753 3705 5817 potius
3759 5768 3803 5798 ω
3855 5762 3909 5801 et
3975 5767 4036 5802 ου

2463 5822 2773 5891 promiscue
2802 5822 3026 5885 habnzt,
3054 5831 3108 5873 ut
3147 5822 3320 5890 patuit
3360 5819 3520 5873 modo
3563 5820 3613 5874 in
3657 5821 4037 5888 ἀρτοπςυλῶν.
