  <div class='ocr_page' id='page_1' title='image "/cluster/home/n/w/nwhite01/storage/ocr_20150623/112/nnc1.0046980270/129.png"; bbox 0 0 4170 6436; ppageno 0'>
   <div class='ocr_carea' id='block_1_1' title="bbox 737 410 4007 485">
    <p class='ocr_par' dir='ltr' id='par_1_1' title="bbox 737 410 4007 485">
     <span class='ocr_line' id='line_1_1' title="bbox 737 410 4007 485; baseline 0.004 -13"><span class='ocrx_word' id='word_1_1' title='bbox 737 410 837 472; x_wconf 72' lang='grc' dir='ltr'><strong>ΞΜ</strong></span> <span class='ocrx_word' id='word_1_2' title='bbox 1758 415 2266 475; x_wconf 70' lang='lat' dir='ltr'><strong>CONSTANTINI</strong></span> <span class='ocrx_word' id='word_1_3' title='bbox 2332 418 2898 480; x_wconf 78' lang='lat' dir='ltr'><strong>PORPIIYROGEN</strong></span> <span class='ocrx_word' id='word_1_4' title='bbox 2913 421 3018 481; x_wconf 88' lang='lat' dir='ltr'><strong>[TI</strong></span> <span class='ocrx_word' id='word_1_5' title='bbox 3904 424 4007 485; x_wconf 69' lang='lat'><strong>252</strong></span> 
     </span>
    </p>
   </div>
   <div class='ocr_carea' id='block_1_2' title="bbox 723 527 2309 613">
    <p class='ocr_par' dir='ltr' id='par_1_2' title="bbox 723 527 2298 598">
     <span class='ocr_line' id='line_1_2' title="bbox 723 527 2298 598; baseline 0.003 -17"><span class='ocrx_word' id='word_1_6' title='bbox 723 529 981 596; x_wconf 85' lang='lat' dir='ltr'><strong>stipatus,</strong></span> <span class='ocrx_word' id='word_1_7' title='bbox 1005 543 1099 596; x_wconf 83' lang='lat' dir='ltr'><strong>per</strong></span> <span class='ocrx_word' id='word_1_8' title='bbox 1119 529 1388 598; x_wconf 74' lang='lat' dir='ltr'><strong>pulpitum</strong></span> <span class='ocrx_word' id='word_1_9' title='bbox 1412 527 1726 593; x_wconf 82' lang='lat' dir='ltr'><strong>desdendit,</strong></span> <span class='ocrx_word' id='word_1_10' title='bbox 1752 541 1803 586; x_wconf 92' lang='lat' dir='ltr'><strong>et</strong></span> <span class='ocrx_word' id='word_1_11' title='bbox 1830 533 1933 586; x_wconf 85' lang='lat' dir='ltr'><strong>sub</strong></span> <span class='ocrx_word' id='word_1_12' title='bbox 1958 534 2298 587; x_wconf 85' lang='lat' dir='ltr'><strong>camelaucio</strong></span> 
     </span>
    </p>
   </div>
   <div class='ocr_carea' id='block_1_3' title="bbox 2420 527 4004 613">
    <p class='ocr_par' dir='ltr' id='par_1_3' title="bbox 2420 541 4004 613">
     <span class='ocr_line' id='line_1_3' title="bbox 2420 541 4004 613; baseline 0.004 -22"><span class='ocrx_word' id='word_1_13' title='bbox 2420 541 2653 602; x_wconf 76' lang='grc' dir='ltr'>ιάκεῖσε,</span> <span class='ocrx_word' id='word_1_14' title='bbox 2684 543 2778 593; x_wconf 78' lang='grc' dir='ltr'>καὶ</span> <span class='ocrx_word' id='word_1_15' title='bbox 2813 542 2860 592; x_wconf 78' lang='grc' dir='ltr'>οἱ</span> <span class='ocrx_word' id='word_1_16' title='bbox 2899 542 2995 609; x_wconf 85' lang='grc' dir='ltr'>μὲν</span> <span class='ocrx_word' id='word_1_17' title='bbox 3027 542 3584 613; x_wconf 72' lang='grc' dir='ltr'>σπαθαροκανδιδάτοι</span> <span class='ocrx_word' id='word_1_18' title='bbox 3647 546 3739 596; x_wconf 70' lang='grc' dir='ltr'><strong>καὶ</strong></span> <span class='ocrx_word' id='word_1_19' title='bbox 3775 546 3823 596; x_wconf 71' lang='grc' dir='ltr'>οἱ</span> <span class='ocrx_word' id='word_1_20' title='bbox 3860 561 4004 598; x_wconf 79' lang='grc' dir='ltr'>σπα-</span> 
     </span>
    </p>
   </div>
   <div class='ocr_carea' id='block_1_4' title="bbox 724 616 2298 696">
    <p class='ocr_par' dir='ltr' id='par_1_4' title="bbox 724 616 2298 696">
     <span class='ocr_line' id='line_1_4' title="bbox 724 616 2298 696; baseline 0.005 -26"><span class='ocrx_word' id='word_1_21' title='bbox 724 619 780 671; x_wconf 90' lang='lat' dir='ltr'><strong>in</strong></span> <span class='ocrx_word' id='word_1_22' title='bbox 821 616 1001 690; x_wconf 97' lang='lat' dir='ltr'><strong>lapide</strong></span> <span class='ocrx_word' id='word_1_23' title='bbox 1050 622 1216 673; x_wconf 85' lang='lat' dir='ltr'><strong>rubro</strong></span> <span class='ocrx_word' id='word_1_24' title='bbox 1270 630 1400 682; x_wconf 86' lang='lat' dir='ltr'><strong>stat.</strong></span> <span class='ocrx_word' id='word_1_25' title='bbox 1441 636 1679 689; x_wconf 91' lang='lat' dir='ltr'><strong>cumque</strong></span> <span class='ocrx_word' id='word_1_26' title='bbox 1716 624 1930 691; x_wconf 80' lang='lat' dir='ltr'><strong>patricii</strong></span> <span class='ocrx_word' id='word_1_27' title='bbox 1967 632 2022 678; x_wconf 90' lang='lat' dir='ltr'><strong>et</strong></span> <span class='ocrx_word' id='word_1_28' title='bbox 2075 626 2298 696; x_wconf 74' lang='lat' dir='ltr'><strong>Strategi</strong></span> 
     </span>
    </p>
   </div>
   <div class='ocr_carea' id='block_1_5' title="bbox 723 711 2296 788">
    <p class='ocr_par' dir='ltr' id='par_1_5' title="bbox 723 711 2296 788">
     <span class='ocr_line' id='line_1_5' title="bbox 723 711 2296 788; baseline 0.005 -26"><span class='ocrx_word' id='word_1_29' title='bbox 723 725 848 762; x_wconf 87' lang='lat' dir='ltr'><strong>cum</strong></span> <span class='ocrx_word' id='word_1_30' title='bbox 880 721 1073 764; x_wconf 85' lang='lat' dir='ltr'><strong>senatu</strong></span> <span class='ocrx_word' id='word_1_31' title='bbox 1108 711 1180 764; x_wconf 86' lang='lat' dir='ltr'><strong>ibi</strong></span> <span class='ocrx_word' id='word_1_32' title='bbox 1219 712 1524 782; x_wconf 77' lang='lat' dir='ltr'><strong>excipiunt.</strong></span> <span class='ocrx_word' id='word_1_33' title='bbox 1553 712 1851 784; x_wconf 79' lang='lat' dir='ltr'><strong>Postquam</strong></span> <span class='ocrx_word' id='word_1_34' title='bbox 1885 719 2296 788; x_wconf 86' lang='lat' dir='ltr'><strong>imperatorem,</strong></span> 
     </span>
    </p>
   </div>
   <div class='ocr_carea' id='block_1_6' title="bbox 724 807 2302 884">
    <p class='ocr_par' dir='ltr' id='par_1_6' title="bbox 724 807 2302 884">
     <span class='ocr_line' id='line_1_6' title="bbox 724 807 2302 884; baseline 0.006 -25"><span class='ocrx_word' id='word_1_35' title='bbox 724 807 868 862; x_wconf 90' lang='lat' dir='ltr'><strong>haud</strong></span> <span class='ocrx_word' id='word_1_36' title='bbox 899 809 1053 877; x_wconf 82' lang='lat' dir='ltr'><strong>proni</strong></span> <span class='ocrx_word' id='word_1_37' title='bbox 1090 817 1270 864; x_wconf 90' lang='lat' dir='ltr'><strong>tamen</strong></span> <span class='ocrx_word' id='word_1_38' title='bbox 1310 810 1361 862; x_wconf 92' lang='lat' dir='ltr'><strong>in</strong></span> <span class='ocrx_word' id='word_1_39' title='bbox 1396 820 1620 875; x_wconf 88' lang='lat' dir='ltr'><strong>terram,</strong></span> <span class='ocrx_word' id='word_1_40' title='bbox 1655 812 1977 879; x_wconf 89' lang='lat' dir='ltr'><strong>adorarunt,</strong></span> <span class='ocrx_word' id='word_1_41' title='bbox 2037 817 2302 884; x_wconf 71' lang='lat' dir='ltr'><strong>pra-posi-</strong></span> 
     </span>
    </p>
   </div>
   <div class='ocr_carea' id='block_1_7' title="bbox 725 907 2292 983">
    <p class='ocr_par' dir='ltr' id='par_1_7' title="bbox 725 907 2292 983">
     <span class='ocr_line' id='line_1_7' title="bbox 725 907 2292 983; baseline 0.01 -29"><span class='ocrx_word' id='word_1_42' title='bbox 725 916 812 958; x_wconf 86' lang='lat' dir='ltr'><strong>tus</strong></span> <span class='ocrx_word' id='word_1_43' title='bbox 868 920 896 957; x_wconf 90' lang='lat' dir='ltr'><strong>a</strong></span> <span class='ocrx_word' id='word_1_44' title='bbox 937 907 1199 962; x_wconf 87' lang='lat' dir='ltr'><strong>mandato</strong></span> <span class='ocrx_word' id='word_1_45' title='bbox 1231 908 1450 979; x_wconf 83' lang='lat' dir='ltr'><strong>signum</strong></span> <span class='ocrx_word' id='word_1_46' title='bbox 1490 909 1798 965; x_wconf 88' lang='lat' dir='ltr'><strong>silentiario</strong></span> <span class='ocrx_word' id='word_1_47' title='bbox 1828 911 1941 979; x_wconf 89' lang='lat' dir='ltr'><strong>dat,</strong></span> <span class='ocrx_word' id='word_1_48' title='bbox 1973 913 2066 983; x_wconf 90' lang='lat' dir='ltr'><strong>qui</strong></span> <span class='ocrx_word' id='word_1_49' title='bbox 2125 913 2292 976; x_wconf 89' lang='lat' dir='ltr'><strong>dicit;</strong></span> 
     </span>
    </p>
   </div>
   <div class='ocr_carea' id='block_1_8' title="bbox 726 996 1010 1053">
    <p class='ocr_par' dir='ltr' id='par_1_8' title="bbox 726 996 1010 1053">
     <span class='ocr_line' id='line_1_8' title="bbox 726 996 1010 1053; baseline 0.028 -8"><span class='ocrx_word' id='word_1_50' title='bbox 726 996 1010 1053; x_wconf 69' lang='lat' dir='ltr'><strong>«Jubclet.</strong></span> 
     </span>
    </p>
   </div>
   <div class='ocr_carea' id='block_1_9' title="bbox 2413 631 4001 705">
    <p class='ocr_par' dir='ltr' id='par_1_9' title="bbox 2413 631 4001 705">
     <span class='ocr_line' id='line_1_9' title="bbox 2413 631 4001 705; baseline 0.002 -21"><span class='ocrx_word' id='word_1_51' title='bbox 2413 631 2592 702; x_wconf 73' lang='grc' dir='ltr'>Θάριοι</span> <span class='ocrx_word' id='word_1_52' title='bbox 2645 634 3004 703; x_wconf 80' lang='grc' dir='ltr'>κατέρχονται</span> <span class='ocrx_word' id='word_1_53' title='bbox 3050 635 3114 686; x_wconf 73' lang='grc' dir='ltr'><strong>τὰ</strong></span> <span class='ocrx_word' id='word_1_54' title='bbox 3145 635 3412 705; x_wconf 84' lang='grc' dir='ltr'>γραδήλια</span> <span class='ocrx_word' id='word_1_55' title='bbox 3442 634 3535 688; x_wconf 82' lang='grc' dir='ltr'>τοῦ</span> <span class='ocrx_word' id='word_1_56' title='bbox 3585 635 4001 703; x_wconf 75' lang='grc' dir='ltr'>κονσιστωρξου,</span> 
     </span>
    </p>
   </div>
   <div class='ocr_carea' id='block_1_10' title="bbox 2411 727 4003 796">
    <p class='ocr_par' dir='ltr' id='par_1_10' title="bbox 2411 727 4003 796">
     <span class='ocr_line' id='line_1_10' title="bbox 2411 727 4003 796; baseline -0.001 -17"><span class='ocrx_word' id='word_1_57' title='bbox 2411 728 2459 779; x_wconf 88' lang='grc' dir='ltr'>οἱ</span> <span class='ocrx_word' id='word_1_58' title='bbox 2487 727 2584 794; x_wconf 81' lang='grc' dir='ltr'><strong>μὲν</strong></span> <span class='ocrx_word' id='word_1_59' title='bbox 2611 728 2674 779; x_wconf 78' lang='grc' dir='ltr'>ὲκ</span> <span class='ocrx_word' id='word_1_60' title='bbox 2705 727 2914 792; x_wconf 78' lang='grc' dir='ltr'>δεξιῶν,</span> <span class='ocrx_word' id='word_1_61' title='bbox 2936 729 2980 779; x_wconf 87' lang='grc' dir='ltr'>οἱ</span> <span class='ocrx_word' id='word_1_62' title='bbox 3011 728 3066 779; x_wconf 79' lang='grc' dir='ltr'>δὲ</span> <span class='ocrx_word' id='word_1_63' title='bbox 3093 727 3150 791; x_wconf 77' lang='grc' dir='ltr'><strong>ἐξ</strong></span> <span class='ocrx_word' id='word_1_64' title='bbox 3180 728 3474 796; x_wconf 82' lang='grc' dir='ltr'><strong>εὐωνύμων</strong></span> <span class='ocrx_word' id='word_1_65' title='bbox 3495 727 3602 780; x_wconf 80' lang='grc' dir='ltr'>τῶν</span> <span class='ocrx_word' id='word_1_66' title='bbox 3628 728 3827 781; x_wconf 74' lang='grc' dir='ltr'>πυλῶν.</span> <span class='ocrx_word' id='word_1_67' title='bbox 3861 728 3924 780; x_wconf 83' lang='grc' dir='ltr'><strong>ΟΞ</strong></span> <span class='ocrx_word' id='word_1_68' title='bbox 3950 727 4003 778; x_wconf 78' lang='grc' dir='ltr'><strong>δὲ</strong></span> 
     </span>
    </p>
   </div>
   <div class='ocr_carea' id='block_1_11' title="bbox 2413 821 4002 893">
    <p class='ocr_par' dir='ltr' id='par_1_11' title="bbox 2413 821 4002 893">
     <span class='ocr_line' id='line_1_11' title="bbox 2413 821 4002 893; baseline -0.001 -19"><span class='ocrx_word' id='word_1_69' title='bbox 2413 821 2695 890; x_wconf 71' lang='grc' dir='ltr'><strong>πατρίκιοι</strong></span> <span class='ocrx_word' id='word_1_70' title='bbox 2745 823 2838 874; x_wconf 73' lang='grc' dir='ltr'><strong>καὶ</strong></span> <span class='ocrx_word' id='word_1_71' title='bbox 2891 823 2938 874; x_wconf 72' lang='grc' dir='ltr'>οἱ</span> <span class='ocrx_word' id='word_1_72' title='bbox 2987 823 3283 892; x_wconf 71' lang='grc' dir='ltr'>στρατηγοὶ</span> <span class='ocrx_word' id='word_1_73' title='bbox 3337 824 3645 893; x_wconf 73' lang='grc' dir='ltr'><strong>διέρχονται</strong></span> <span class='ocrx_word' id='word_1_74' title='bbox 3692 823 3788 891; x_wconf 76' lang='grc' dir='ltr'>τὴν</span> <span class='ocrx_word' id='word_1_75' title='bbox 3827 822 4002 890; x_wconf 81' lang='grc' dir='ltr'>μέσην</span> 
     </span>
    </p>
   </div>
   <div class='ocr_carea' id='block_1_12' title="bbox 2415 913 4002 984">
    <p class='ocr_par' dir='ltr' id='par_1_12' title="bbox 2415 913 4002 984">
     <span class='ocr_line' id='line_1_12' title="bbox 2415 913 4002 984; baseline -0.001 -18"><span class='ocrx_word' id='word_1_76' title='bbox 2415 913 2592 983; x_wconf 82' lang='grc' dir='ltr'>πύλην</span> <span class='ocrx_word' id='word_1_77' title='bbox 2647 914 2742 966; x_wconf 78' lang='grc' dir='ltr'>καὶ</span> <span class='ocrx_word' id='word_1_78' title='bbox 2793 913 2996 973; x_wconf 78' lang='grc' dir='ltr'>εὐθέως</span> <span class='ocrx_word' id='word_1_79' title='bbox 3023 916 3072 966; x_wconf 77' lang='grc' dir='ltr'>οἱ</span> <span class='ocrx_word' id='word_1_80' title='bbox 3111 917 3208 980; x_wconf 83' lang='grc' dir='ltr'>μὲν</span> <span class='ocrx_word' id='word_1_81' title='bbox 3234 915 3339 967; x_wconf 61' lang='grc' dir='ltr'><strong>ἀπὸ</strong></span> <span class='ocrx_word' id='word_1_82' title='bbox 3368 915 3549 979; x_wconf 78' lang='grc' dir='ltr'>δεξιᾶς</span> <span class='ocrx_word' id='word_1_83' title='bbox 3577 917 3859 984; x_wconf 70' lang='grc' dir='ltr'><strong>πατρίκιοι</strong></span> <span class='ocrx_word' id='word_1_84' title='bbox 3908 915 4002 966; x_wconf 66' lang='grc' dir='ltr'><strong>καὶ</strong></span> 
     </span>
    </p>
   </div>
   <div class='ocr_carea' id='block_1_13' title="bbox 2416 1003 4003 1074">
    <p class='ocr_par' dir='ltr' id='par_1_13' title="bbox 2416 1003 4003 1074">
     <span class='ocr_line' id='line_1_13' title="bbox 2416 1003 4003 1074; baseline -0.002 -18"><span class='ocrx_word' id='word_1_85' title='bbox 2416 1003 2714 1073; x_wconf 70' lang='grc' dir='ltr'>στρατηγοὶ</span> <span class='ocrx_word' id='word_1_86' title='bbox 2767 1006 3126 1073; x_wconf 72' lang='grc' dir='ltr'>κατέρχονται</span> <span class='ocrx_word' id='word_1_87' title='bbox 3185 1005 3252 1056; x_wconf 79' lang='grc' dir='ltr'>τὰ</span> <span class='ocrx_word' id='word_1_88' title='bbox 3286 1004 3553 1074; x_wconf 73' lang='grc' dir='ltr'>γραδήλια</span> <span class='ocrx_word' id='word_1_89' title='bbox 3596 1005 3640 1073; x_wconf 85' lang='grc' dir='ltr'><strong>(Ι</strong></span> <span class='ocrx_word' id='word_1_90' title='bbox 3663 1007 3708 1070; x_wconf 86' lang='grc' dir='ltr'><strong>Ι)</strong></span> <span class='ocrx_word' id='word_1_91' title='bbox 3741 1004 3842 1070; x_wconf 68' lang='grc' dir='ltr'><strong>τῆς</strong></span> <span class='ocrx_word' id='word_1_92' title='bbox 3875 1006 4003 1072; x_wconf 79' lang='grc' dir='ltr'><strong>ἀρι-</strong></span> 
     </span>
    </p>
   </div>
   <div class='ocr_carea' id='block_1_14' title="bbox 727 1077 4003 1171">
    <p class='ocr_par' dir='ltr' id='par_1_14' title="bbox 727 1077 4003 1171">
     <span class='ocr_line' id='line_1_14' title="bbox 727 1077 4003 1171; baseline 0.002 -31"><span class='ocrx_word' id='word_1_93' title='bbox 727 1092 921 1158; x_wconf 77' lang='grc' dir='ltr'>στερᾶς</span> <span class='ocrx_word' id='word_1_94' title='bbox 950 1092 1124 1163; x_wconf 80' lang='grc' dir='ltr'>πύλης</span> <span class='ocrx_word' id='word_1_95' title='bbox 1160 1110 1171 1121; x_wconf 83' lang='grc'><strong>·</strong></span> <span class='ocrx_word' id='word_1_96' title='bbox 1213 1093 1275 1147; x_wconf 90' lang='grc' dir='ltr'>Ὅ</span> <span class='ocrx_word' id='word_1_97' title='bbox 1298 1095 1352 1149; x_wconf 84' lang='grc' dir='ltr'>δὲ</span> <span class='ocrx_word' id='word_1_98' title='bbox 1372 1096 1627 1164; x_wconf 79' lang='grc' dir='ltr'>βασιλεὺς</span> <span class='ocrx_word' id='word_1_99' title='bbox 1649 1098 2070 1170; x_wconf 79' lang='grc' dir='ltr'>δηριγευόμενος</span> <span class='ocrx_word' id='word_1_100' title='bbox 2102 1100 2204 1154; x_wconf 70' lang='grc' dir='ltr'><strong>ὑπὸ</strong></span> <span class='ocrx_word' id='word_1_101' title='bbox 2231 1099 2325 1154; x_wconf 81' lang='grc' dir='ltr'>τοῦ</span> <span class='ocrx_word' id='word_1_102' title='bbox 2354 1100 2754 1162; x_wconf 76' lang='grc' dir='ltr'>κουϐουκλείου,</span> <span class='ocrx_word' id='word_1_103' title='bbox 2781 1102 3104 1171; x_wconf 74' lang='grc' dir='ltr'><strong>κατέρχεται</strong></span> <span class='ocrx_word' id='word_1_104' title='bbox 3126 1101 3185 1152; x_wconf 73' lang='grc' dir='ltr'>τὸ</span> <span class='ocrx_word' id='word_1_105' title='bbox 3228 1099 3540 1162; x_wconf 81' lang='grc' dir='ltr'>πούλπιτον,</span> <span class='ocrx_word' id='word_1_106' title='bbox 3588 1101 3676 1154; x_wconf 64' lang='grc' dir='ltr'><strong>καὶ</strong></span> <span class='ocrx_word' id='word_1_107' title='bbox 3707 1101 3750 1131; x_wconf 87' lang='grc'><strong><em>³⁸</em></strong></span> <span class='ocrx_word' id='word_1_108' title='bbox 3785 1077 4003 1152; x_wconf 66' lang='grc' dir='ltr'>ῖσταται</span> 
     </span>
    </p>
   </div>
   <div class='ocr_carea' id='block_1_15' title="bbox 727 1185 4007 1263">
    <p class='ocr_par' dir='ltr' id='par_1_15' title="bbox 727 1185 4007 1263">
     <span class='ocr_line' id='line_1_15' title="bbox 727 1185 4007 1263; baseline 0.002 -29"><span class='ocrx_word' id='word_1_109' title='bbox 727 1186 830 1236; x_wconf 77' lang='grc' dir='ltr'>ὑπὸ</span> <span class='ocrx_word' id='word_1_110' title='bbox 869 1186 928 1237; x_wconf 70' lang='grc' dir='ltr'>τὸ</span> <span class='ocrx_word' id='word_1_111' title='bbox 961 1185 1328 1253; x_wconf 79' lang='grc' dir='ltr'>καμελαύκιον</span> <span class='ocrx_word' id='word_1_112' title='bbox 1356 1189 1412 1240; x_wconf 86' lang='grc' dir='ltr'>ὲν</span> <span class='ocrx_word' id='word_1_113' title='bbox 1447 1191 1527 1260; x_wconf 82' lang='grc' dir='ltr'>τῷ</span> <span class='ocrx_word' id='word_1_114' title='bbox 1560 1193 1825 1263; x_wconf 81' lang='grc' dir='ltr'>πορφυρῷ</span> <span class='ocrx_word' id='word_1_115' title='bbox 1901 1192 2053 1262; x_wconf 81' lang='grc' dir='ltr'>λίθῳ,</span> <span class='ocrx_word' id='word_1_116' title='bbox 2107 1194 2204 1246; x_wconf 70' lang='grc' dir='ltr'><strong>καὶ</strong></span> <span class='ocrx_word' id='word_1_117' title='bbox 2256 1193 2525 1262; x_wconf 71' lang='grc' dir='ltr'>εδέχονται</span> <span class='ocrx_word' id='word_1_118' title='bbox 2586 1192 2748 1244; x_wconf 79' lang='grc' dir='ltr'>αὑτὸν</span> <span class='ocrx_word' id='word_1_119' title='bbox 2793 1193 2967 1244; x_wconf 78' lang='grc' dir='ltr'>ἐκεῖσε</span> <span class='ocrx_word' id='word_1_120' title='bbox 3019 1191 3293 1260; x_wconf 73' lang='grc' dir='ltr'>πατρὶκιοι</span> <span class='ocrx_word' id='word_1_121' title='bbox 3327 1192 3420 1243; x_wconf 68' lang='grc' dir='ltr'>καὶ</span> <span class='ocrx_word' id='word_1_122' title='bbox 3489 1192 3786 1260; x_wconf 71' lang='grc' dir='ltr'>στρατηγοὶ</span> <span class='ocrx_word' id='word_1_123' title='bbox 3863 1188 4007 1259; x_wconf 69' lang='grc' dir='ltr'>μετὰ</span> 
     </span>
    </p>
   </div>
   <div class='ocr_carea' id='block_1_16' title="bbox 725 1279 4006 1360">
    <p class='ocr_par' dir='ltr' id='par_1_16' title="bbox 725 1279 4006 1360">
     <span class='ocr_line' id='line_1_16' title="bbox 725 1279 4006 1360; baseline 0.002 -27"><span class='ocrx_word' id='word_1_124' title='bbox 725 1280 822 1342; x_wconf 76' lang='grc' dir='ltr'><strong>τῆς</strong></span> <span class='ocrx_word' id='word_1_125' title='bbox 850 1279 1153 1350; x_wconf 74' lang='grc' dir='ltr'>συγκλήτου</span> <span class='ocrx_word' id='word_1_126' title='bbox 1185 1283 1319 1352; x_wconf 69' lang='grc' dir='ltr'>(ιε).</span> <span class='ocrx_word' id='word_1_127' title='bbox 1356 1285 1463 1338; x_wconf 74' lang='grc' dir='ltr'><strong>Καὶ</strong></span> <span class='ocrx_word' id='word_1_128' title='bbox 1493 1287 1986 1356; x_wconf 68' lang='grc' dir='ltr'>προσκύνησᾶντων</span> <span class='ocrx_word' id='word_1_129' title='bbox 2029 1290 2120 1343; x_wconf 76' lang='grc' dir='ltr'><strong>τὸν</strong></span> <span class='ocrx_word' id='word_1_130' title='bbox 2149 1289 2373 1359; x_wconf 79' lang='grc' dir='ltr'>βασιλέα</span> <span class='ocrx_word' id='word_1_131' title='bbox 2404 1291 2477 1360; x_wconf 79' lang='grc' dir='ltr'><strong>μὴ</strong></span> <span class='ocrx_word' id='word_1_132' title='bbox 2536 1291 2813 1344; x_wconf 70' lang='grc' dir='ltr'>πεσόντων</span> <span class='ocrx_word' id='word_1_133' title='bbox 2849 1288 2893 1320; x_wconf 71' lang='grc'><strong>³⁸</strong></span> <span class='ocrx_word' id='word_1_134' title='bbox 2955 1289 3123 1352; x_wconf 70' lang='grc' dir='ltr'>κάτω,</span> <span class='ocrx_word' id='word_1_135' title='bbox 3177 1289 3320 1341; x_wconf 88' lang='grc' dir='ltr'>νεύει</span> <span class='ocrx_word' id='word_1_136' title='bbox 3382 1291 3409 1342; x_wconf 84' lang='grc' dir='ltr'><strong>ὁ</strong></span> <span class='ocrx_word' id='word_1_137' title='bbox 3473 1288 3830 1359; x_wconf 77' lang='grc' dir='ltr'>πραιπόσιτος</span> <span class='ocrx_word' id='word_1_138' title='bbox 3894 1289 4006 1340; x_wconf 74' lang='grc' dir='ltr'><strong>ἀπὸ</strong></span> 
     </span>
    </p>
   </div>
   <div class='ocr_carea' id='block_1_17' title="bbox 729 1377 2488 1452">
    <p class='ocr_par' dir='ltr' id='par_1_17' title="bbox 729 1377 2488 1452">
     <span class='ocr_line' id='line_1_17' title="bbox 729 1377 2488 1452; baseline 0.005 -23"><span class='ocrx_word' id='word_1_139' title='bbox 729 1377 1026 1439; x_wconf 80' lang='grc' dir='ltr'>κελεύσεως</span> <span class='ocrx_word' id='word_1_140' title='bbox 1051 1377 1128 1447; x_wconf 81' lang='grc' dir='ltr'>τῷ</span> <span class='ocrx_word' id='word_1_141' title='bbox 1165 1380 1533 1451; x_wconf 82' lang='grc' dir='ltr'>σιλεντιαρίῳ,</span> <span class='ocrx_word' id='word_1_142' title='bbox 1570 1385 1819 1447; x_wconf 77' lang='grc' dir='ltr'>κάκεῖνος</span> <span class='ocrx_word' id='word_1_143' title='bbox 1847 1386 2014 1452; x_wconf 78' lang='grc' dir='ltr'>λέγει’</span> <span class='ocrx_word' id='word_1_144' title='bbox 2050 1405 2066 1437; x_wconf 74' lang='grc' dir='ltr'>ι</span> <span class='ocrx_word' id='word_1_145' title='bbox 2097 1386 2427 1440; x_wconf 81' lang='grc' dir='ltr'>Κελεύσατε.</span> <span class='ocrx_word' id='word_1_146' title='bbox 2471 1407 2488 1438; x_wconf 74' lang='grc' dir='ltr'><strong>ι</strong></span> 
     </span>
    </p>
   </div>
   <div class='ocr_carea' id='block_1_18' title="bbox 801 1467 2317 1545">
    <p class='ocr_par' dir='ltr' id='par_1_18' title="bbox 801 1467 2317 1545">
     <span class='ocr_line' id='line_1_18' title="bbox 801 1467 2317 1545; baseline 0.005 -22"><span class='ocrx_word' id='word_1_147' title='bbox 801 1467 865 1523; x_wconf 75' lang='grc' dir='ltr'>ν.</span> <span class='ocrx_word' id='word_1_148' title='bbox 886 1468 1014 1523; x_wconf 90' lang='lat' dir='ltr'><strong>lude</strong></span> <span class='ocrx_word' id='word_1_149' title='bbox 1039 1471 1102 1522; x_wconf 89' lang='lat' dir='ltr'><strong>ad</strong></span> <span class='ocrx_word' id='word_1_150' title='bbox 1130 1471 1214 1525; x_wconf 86' lang='lat' dir='ltr'><strong>his</strong></span> <span class='ocrx_word' id='word_1_151' title='bbox 1233 1473 1489 1528; x_wconf 88' lang='lat' dir='ltr'><strong>omnibus</strong></span> <span class='ocrx_word' id='word_1_152' title='bbox 1514 1475 1749 1544; x_wconf 88' lang='lat' dir='ltr'><strong>stipatus</strong></span> <span class='ocrx_word' id='word_1_153' title='bbox 1771 1477 2084 1545; x_wconf 90' lang='lat' dir='ltr'><strong>imperator,</strong></span> <span class='ocrx_word' id='word_1_154' title='bbox 2113 1493 2205 1545; x_wconf 91' lang='lat' dir='ltr'><strong>per</strong></span> <span class='ocrx_word' id='word_1_155' title='bbox 2225 1493 2317 1531; x_wconf 78' lang='lat' dir='ltr'><strong>ex-</strong></span> 
     </span>
    </p>
   </div>
   <div class='ocr_carea' id='block_1_19' title="bbox 731 1562 2316 1640">
    <p class='ocr_par' dir='ltr' id='par_1_19' title="bbox 731 1562 2316 1640">
     <span class='ocr_line' id='line_1_19' title="bbox 731 1562 2316 1640; baseline 0.008 -27"><span class='ocrx_word' id='word_1_156' title='bbox 731 1562 924 1616; x_wconf 71' lang='lat' dir='ltr'><strong>cubias</strong></span> <span class='ocrx_word' id='word_1_157' title='bbox 956 1563 1280 1628; x_wconf 77' lang='lat' dir='ltr'><strong>scholasqtte</strong></span> <span class='ocrx_word' id='word_1_158' title='bbox 1326 1569 1618 1628; x_wconf 85' lang='lat' dir='ltr'><strong>transiens.</strong></span> <span class='ocrx_word' id='word_1_159' title='bbox 1661 1585 1861 1638; x_wconf 89' lang='lat' dir='ltr'><strong>perque</strong></span> <span class='ocrx_word' id='word_1_160' title='bbox 1896 1585 2143 1638; x_wconf 83' lang='lat' dir='ltr'><strong>magnam</strong></span> <span class='ocrx_word' id='word_1_161' title='bbox 2187 1587 2316 1640; x_wconf 87' lang='lat' dir='ltr'><strong>por-</strong></span> 
     </span>
    </p>
   </div>
   <div class='ocr_carea' id='block_1_20' title="bbox 733 1656 2312 1731">
    <p class='ocr_par' dir='ltr' id='par_1_20' title="bbox 733 1656 2312 1731">
     <span class='ocr_line' id='line_1_20' title="bbox 733 1656 2312 1731; baseline 0.004 -23"><span class='ocrx_word' id='word_1_162' title='bbox 733 1667 863 1715; x_wconf 68' lang='lat' dir='ltr'><strong>tim,</strong></span> <span class='ocrx_word' id='word_1_163' title='bbox 896 1656 1133 1708; x_wconf 91' lang='lat' dir='ltr'><strong>medium</strong></span> <span class='ocrx_word' id='word_1_164' title='bbox 1168 1657 1294 1710; x_wconf 81' lang='lat' dir='ltr'><strong>Milii</strong></span> <span class='ocrx_word' id='word_1_165' title='bbox 1321 1667 1371 1709; x_wconf 87' lang='lat' dir='ltr'><strong>et</strong></span> <span class='ocrx_word' id='word_1_166' title='bbox 1401 1662 1695 1728; x_wconf 79' lang='lat' dir='ltr'><strong>Augustale</strong></span> <span class='ocrx_word' id='word_1_167' title='bbox 1730 1677 2076 1728; x_wconf 76' lang='lat' dir='ltr'><strong>progressus,</strong></span> <span class='ocrx_word' id='word_1_168' title='bbox 2103 1673 2312 1731; x_wconf 76' lang='lat' dir='ltr'><strong>portam</strong></span> 
     </span>
    </p>
   </div>
   <div class='ocr_carea' id='block_1_21' title="bbox 736 1747 2313 1820">
    <p class='ocr_par' dir='ltr' id='par_1_21' title="bbox 736 1747 2313 1820">
     <span class='ocr_line' id='line_1_21' title="bbox 736 1747 2313 1820; baseline 0.006 -22"><span class='ocrx_word' id='word_1_169' title='bbox 736 1747 1001 1814; x_wconf 82' lang='lat' dir='ltr'><strong>horologii</strong></span> <span class='ocrx_word' id='word_1_170' title='bbox 1049 1750 1225 1816; x_wconf 79' lang='lat' dir='ltr'><strong>magni</strong></span> <span class='ocrx_word' id='word_1_171' title='bbox 1259 1751 1461 1818; x_wconf 47' lang='lat' dir='ltr'><strong>.,tetupli</strong></span> <span class='ocrx_word' id='word_1_172' title='bbox 1495 1751 1822 1820; x_wconf 79' lang='lat' dir='ltr'><strong>ingreditur.</strong></span> <span class='ocrx_word' id='word_1_173' title='bbox 1855 1753 2162 1808; x_wconf 78' lang='lat' dir='ltr'><strong>Notandum</strong></span> <span class='ocrx_word' id='word_1_174' title='bbox 2186 1772 2313 1808; x_wconf 89' lang='lat' dir='ltr'><strong>vero</strong></span> 
     </span>
    </p>
   </div>
   <div class='ocr_carea' id='block_1_22' title="bbox 735 1839 2311 1915">
    <p class='ocr_par' dir='ltr' id='par_1_22' title="bbox 735 1839 2311 1915">
     <span class='ocr_line' id='line_1_22' title="bbox 735 1839 2311 1915; baseline 0.008 -25"><span class='ocrx_word' id='word_1_175' title='bbox 735 1848 840 1900; x_wconf 86' lang='lat' dir='ltr'><strong>est.</strong></span> <span class='ocrx_word' id='word_1_176' title='bbox 875 1839 1010 1892; x_wconf 88' lang='lat' dir='ltr'><strong>ritus</strong></span> <span class='ocrx_word' id='word_1_177' title='bbox 1041 1855 1232 1894; x_wconf 89' lang='lat' dir='ltr'><strong>omnes</strong></span> <span class='ocrx_word' id='word_1_178' title='bbox 1264 1856 1328 1895; x_wconf 88' lang='lat' dir='ltr'><strong>eo</strong></span> <span class='ocrx_word' id='word_1_179' title='bbox 1359 1844 1540 1912; x_wconf 75' lang='lat' dir='ltr'><strong>modo,</strong></span> <span class='ocrx_word' id='word_1_180' title='bbox 1567 1861 1724 1911; x_wconf 82' lang='lat' dir='ltr'><strong>quem</strong></span> <span class='ocrx_word' id='word_1_181' title='bbox 1750 1861 1914 1915; x_wconf 84' lang='lat' dir='ltr'><strong>supra</strong></span> <span class='ocrx_word' id='word_1_182' title='bbox 1938 1849 1990 1901; x_wconf 92' lang='lat' dir='ltr'><strong>iu</strong></span> <span class='ocrx_word' id='word_1_183' title='bbox 2014 1849 2311 1904; x_wconf 85' lang='lat' dir='ltr'><strong>universali</strong></span> 
     </span>
    </p>
   </div>
   <div class='ocr_carea' id='block_1_23' title="bbox 737 1931 2304 2008">
    <p class='ocr_par' dir='ltr' id='par_1_23' title="bbox 737 1931 2304 2008">
     <span class='ocr_line' id='line_1_23' title="bbox 737 1931 2304 2008; baseline 0.01 -28"><span class='ocrx_word' id='word_1_184' title='bbox 737 1931 1092 1998; x_wconf 86' lang='lat' dir='ltr'><strong>processione</strong></span> <span class='ocrx_word' id='word_1_185' title='bbox 1141 1933 1342 1986; x_wconf 78' lang='lat' dir='ltr'><strong>natalis</strong></span> <span class='ocrx_word' id='word_1_186' title='bbox 1397 1932 1606 1988; x_wconf 84' lang='lat' dir='ltr'><strong>Domini</strong></span> <span class='ocrx_word' id='word_1_187' title='bbox 1663 1937 1772 2006; x_wconf 84' lang='lat'><strong>39</strong></span> <span class='ocrx_word' id='word_1_188' title='bbox 1819 1941 2193 2008; x_wconf 80' lang='lat' dir='ltr'><strong>exposuimus,</strong></span> <span class='ocrx_word' id='word_1_189' title='bbox 2252 1943 2304 1996; x_wconf 93' lang='lat' dir='ltr'><strong>in</strong></span> 
     </span>
    </p>
   </div>
   <div class='ocr_carea' id='block_1_24' title="bbox 739 2022 2312 2101">
    <p class='ocr_par' dir='ltr' id='par_1_24' title="bbox 739 2022 2312 2101">
     <span class='ocr_line' id='line_1_24' title="bbox 739 2022 2312 2101; baseline 0.01 -30"><span class='ocrx_word' id='word_1_190' title='bbox 739 2022 841 2073; x_wconf 76' lang='lat' dir='ltr'><strong>hic</strong></span> <span class='ocrx_word' id='word_1_191' title='bbox 878 2023 1226 2091; x_wconf 89' lang='lat' dir='ltr'><strong>processione</strong></span> <span class='ocrx_word' id='word_1_192' title='bbox 1270 2024 1614 2093; x_wconf 81' lang='lat' dir='ltr'><strong>imperatoris</strong></span> <span class='ocrx_word' id='word_1_193' title='bbox 1641 2030 1946 2084; x_wconf 83' lang='lat' dir='ltr'><strong>observari.</strong></span> <span class='ocrx_word' id='word_1_194' title='bbox 2002 2032 2312 2101; x_wconf 88' lang='lat' dir='ltr'><strong>lugressum</strong></span> 
     </span>
    </p>
   </div>
   <div class='ocr_carea' id='block_1_25' title="bbox 743 2115 2311 2194">
    <p class='ocr_par' dir='ltr' id='par_1_25' title="bbox 743 2115 2311 2194">
     <span class='ocr_line' id='line_1_25' title="bbox 743 2115 2311 2194; baseline 0.009 -30"><span class='ocrx_word' id='word_1_195' title='bbox 743 2131 839 2182; x_wconf 83' lang='lat' dir='ltr'><strong>per</strong></span> <span class='ocrx_word' id='word_1_196' title='bbox 875 2115 1076 2168; x_wconf 81' lang='lat' dir='ltr'><strong>dictam</strong></span> <span class='ocrx_word' id='word_1_197' title='bbox 1105 2118 1368 2188; x_wconf 80' lang='lat' dir='ltr'><strong>horologii</strong></span> <span class='ocrx_word' id='word_1_198' title='bbox 1409 2130 1619 2187; x_wconf 89' lang='lat' dir='ltr'><strong>portam</strong></span> <span class='ocrx_word' id='word_1_199' title='bbox 1653 2121 1819 2175; x_wconf 81' lang='lat' dir='ltr'><strong>factio</strong></span> <span class='ocrx_word' id='word_1_200' title='bbox 1845 2122 2045 2177; x_wconf 84' lang='lat' dir='ltr'><strong>Veneta</strong></span> <span class='ocrx_word' id='word_1_201' title='bbox 2074 2125 2311 2194; x_wconf 68' lang='lat' dir='ltr'><strong>excipit;</strong></span> 
     </span>
    </p>
   </div>
   <div class='ocr_carea' id='block_1_26' title="bbox 741 2207 2314 2280">
    <p class='ocr_par' dir='ltr' id='par_1_26' title="bbox 741 2207 2314 2280">
     <span class='ocr_line' id='line_1_26' title="bbox 741 2207 2314 2280; baseline 0.008 -21"><span class='ocrx_word' id='word_1_202' title='bbox 741 2207 995 2262; x_wconf 88' lang='lat' dir='ltr'><strong>tribunus</strong></span> <span class='ocrx_word' id='word_1_203' title='bbox 1009 2216 1184 2262; x_wconf 88' lang='lat' dir='ltr'><strong>autem</strong></span> <span class='ocrx_word' id='word_1_204' title='bbox 1209 2210 1326 2278; x_wconf 90' lang='lat' dir='ltr'><strong>ejus</strong></span> <span class='ocrx_word' id='word_1_205' title='bbox 1353 2211 1592 2264; x_wconf 87' lang='lat' dir='ltr'><strong>libellum</strong></span> <span class='ocrx_word' id='word_1_206' title='bbox 1618 2228 1726 2266; x_wconf 92' lang='lat' dir='ltr'><strong>non</strong></span> <span class='ocrx_word' id='word_1_207' title='bbox 1756 2215 1951 2280; x_wconf 89' lang='lat' dir='ltr'><strong>tradit;</strong></span> <span class='ocrx_word' id='word_1_208' title='bbox 1981 2216 2071 2270; x_wconf 89' lang='lat' dir='ltr'><strong>sed</strong></span> <span class='ocrx_word' id='word_1_209' title='bbox 2101 2225 2314 2271; x_wconf 91' lang='lat' dir='ltr'><strong>tantum</strong></span> 
     </span>
    </p>
   </div>
   <div class='ocr_carea' id='block_1_27' title="bbox 743 2299 2318 2371">
    <p class='ocr_par' dir='ltr' id='par_1_27' title="bbox 743 2299 2318 2371">
     <span class='ocr_line' id='line_1_27' title="bbox 743 2299 2318 2371; baseline 0.009 -22"><span class='ocrx_word' id='word_1_210' title='bbox 743 2299 1032 2360; x_wconf 86' lang='lat' dir='ltr'><strong>acclamat.</strong></span> <span class='ocrx_word' id='word_1_211' title='bbox 1086 2317 1184 2355; x_wconf 89' lang='lat' dir='ltr'><strong>nec</strong></span> <span class='ocrx_word' id='word_1_212' title='bbox 1236 2301 1528 2371; x_wconf 79' lang='lat' dir='ltr'><strong>quicquam</strong></span> <span class='ocrx_word' id='word_1_213' title='bbox 1577 2314 1835 2371; x_wconf 70' lang='lat' dir='ltr'><strong>prmtcrea</strong></span> <span class='ocrx_word' id='word_1_214' title='bbox 1901 2307 2048 2362; x_wconf 76' lang='lat' dir='ltr'><strong>facit.</strong></span> <span class='ocrx_word' id='word_1_215' title='bbox 2114 2308 2318 2363; x_wconf 81' lang='lat' dir='ltr'><strong>Deinde</strong></span> 
     </span>
    </p>
   </div>
   <div class='ocr_carea' id='block_1_28' title="bbox 753 2388 2318 2466">
    <p class='ocr_par' dir='ltr' id='par_1_28' title="bbox 753 2388 2318 2466">
     <span class='ocr_line' id='line_1_28' title="bbox 753 2388 2318 2466; baseline 0.008 -26"><span class='ocrx_word' id='word_1_216' title='bbox 753 2388 1052 2460; x_wconf 84' lang='lat' dir='ltr'><strong>imperator</strong></span> <span class='ocrx_word' id='word_1_217' title='bbox 1086 2392 1262 2444; x_wconf 87' lang='lat' dir='ltr'><strong>velum</strong></span> <span class='ocrx_word' id='word_1_218' title='bbox 1299 2408 1436 2463; x_wconf 91' lang='lat' dir='ltr'><strong>pone</strong></span> <span class='ocrx_word' id='word_1_219' title='bbox 1475 2394 1753 2450; x_wconf 89' lang='lat' dir='ltr'><strong>uarthecis</strong></span> <span class='ocrx_word' id='word_1_220' title='bbox 1790 2409 2000 2466; x_wconf 89' lang='lat' dir='ltr'><strong>portam</strong></span> <span class='ocrx_word' id='word_1_221' title='bbox 2054 2400 2106 2453; x_wconf 91' lang='lat' dir='ltr'><strong>in</strong></span> <span class='ocrx_word' id='word_1_222' title='bbox 2143 2409 2318 2454; x_wconf 85' lang='lat' dir='ltr'><strong>meta-</strong></span> 
     </span>
    </p>
   </div>
   <div class='ocr_carea' id='block_1_29' title="bbox 747 2481 2320 2562">
    <p class='ocr_par' dir='ltr' id='par_1_29' title="bbox 747 2481 2320 2562">
     <span class='ocr_line' id='line_1_29' title="bbox 747 2481 2320 2562; baseline 0.008 -28"><span class='ocrx_word' id='word_1_223' title='bbox 747 2481 894 2536; x_wconf 88' lang='lat' dir='ltr'><strong>torio</strong></span> <span class='ocrx_word' id='word_1_224' title='bbox 926 2499 1252 2554; x_wconf 87' lang='lat' dir='ltr'><strong>suspensum</strong></span> <span class='ocrx_word' id='word_1_225' title='bbox 1285 2485 1610 2556; x_wconf 78' lang='lat' dir='ltr'><strong>ingreditur,</strong></span> <span class='ocrx_word' id='word_1_226' title='bbox 1645 2488 1698 2544; x_wconf 84' lang='lat' dir='ltr'><strong>et</strong></span> <span class='ocrx_word' id='word_1_227' title='bbox 1721 2502 2009 2561; x_wconf 84' lang='lat' dir='ltr'><strong>p05tquam</strong></span> <span class='ocrx_word' id='word_1_228' title='bbox 2053 2494 2320 2562; x_wconf 76' lang='lat' dir='ltr'><strong>praeposi-</strong></span> 
     </span>
    </p>
   </div>
   <div class='ocr_carea' id='block_1_30' title="bbox 2495 1475 4004 1544">
    <p class='ocr_par' dir='ltr' id='par_1_30' title="bbox 2495 1475 4004 1544">
     <span class='ocr_line' id='line_1_30' title="bbox 2495 1475 4004 1544; baseline -0.001 -13"><span class='ocrx_word' id='word_1_229' title='bbox 2495 1477 2567 1531; x_wconf 86' lang='lat' dir='ltr'><strong>E&#39;.</strong></span> <span class='ocrx_word' id='word_1_230' title='bbox 2603 1478 2713 1531; x_wconf 69' lang='lat' dir='ltr'><strong>K11</strong></span> <span class='ocrx_word' id='word_1_231' title='bbox 2749 1477 2856 1530; x_wconf 75' lang='grc' dir='ltr'><strong>ἀπὸ</strong></span> <span class='ocrx_word' id='word_1_232' title='bbox 2889 1476 2996 1529; x_wconf 82' lang='grc' dir='ltr'>τῶν</span> <span class='ocrx_word' id='word_1_233' title='bbox 3023 1476 3198 1529; x_wconf 83' lang='grc' dir='ltr'>ἐκεῖσε</span> <span class='ocrx_word' id='word_1_234' title='bbox 3253 1475 3669 1544; x_wconf 75' lang='grc' dir='ltr'>δηριγευὸμενος</span> <span class='ocrx_word' id='word_1_235' title='bbox 3693 1476 3719 1528; x_wconf 88' lang='grc' dir='ltr'>ὁ</span> <span class='ocrx_word' id='word_1_236' title='bbox 3749 1475 4004 1543; x_wconf 56' lang='grc' dir='ltr'>βασιλεὺς</span> 
     </span>
    </p>
   </div>
   <div class='ocr_carea' id='block_1_31' title="bbox 2426 1565 4005 1636">
    <p class='ocr_par' dir='ltr' id='par_1_31' title="bbox 2426 1565 4005 1636">
     <span class='ocr_line' id='line_1_31' title="bbox 2426 1565 4005 1636; baseline -0.01 -1"><span class='ocrx_word' id='word_1_237' title='bbox 2426 1571 2514 1622; x_wconf 71' lang='grc' dir='ltr'><strong>ὑπ’</strong></span> <span class='ocrx_word' id='word_1_238' title='bbox 2571 1568 2749 1622; x_wconf 68' lang='grc' dir='ltr'><strong>αὖτῶν</strong></span> <span class='ocrx_word' id='word_1_239' title='bbox 2780 1567 3016 1626; x_wconf 68' lang='grc' dir='ltr'>πάντων.</span> <span class='ocrx_word' id='word_1_240' title='bbox 3055 1567 3326 1636; x_wconf 74' lang='grc' dir='ltr'><strong>διέρχεται</strong></span> <span class='ocrx_word' id='word_1_241' title='bbox 3353 1565 3438 1618; x_wconf 66' lang='grc' dir='ltr'><strong>διὰ</strong></span> <span class='ocrx_word' id='word_1_242' title='bbox 3471 1565 3578 1618; x_wconf 82' lang='grc' dir='ltr'>τῶν</span> <span class='ocrx_word' id='word_1_243' title='bbox 3632 1567 4005 1619; x_wconf 78' lang='grc' dir='ltr'>ὲκσκουϐίτων</span> 
     </span>
    </p>
   </div>
   <div class='ocr_carea' id='block_1_32' title="bbox 2424 1658 4001 1727">
    <p class='ocr_par' dir='ltr' id='par_1_32' title="bbox 2424 1658 4001 1727">
     <span class='ocr_line' id='line_1_32' title="bbox 2424 1658 4001 1727; baseline -0.004 -14"><span class='ocrx_word' id='word_1_244' title='bbox 2424 1661 2643 1714; x_wconf 74' lang='grc' dir='ltr'>καὶτῶν</span> <span class='ocrx_word' id='word_1_245' title='bbox 2676 1658 2901 1727; x_wconf 72' lang='grc' dir='ltr'>σχολῶν,</span> <span class='ocrx_word' id='word_1_246' title='bbox 2943 1659 3035 1710; x_wconf 65' lang='grc' dir='ltr'><strong>καὶ</strong></span> <span class='ocrx_word' id='word_1_247' title='bbox 3062 1659 3341 1726; x_wconf 78' lang='grc' dir='ltr'>ἐξέρχεται</span> <span class='ocrx_word' id='word_1_248' title='bbox 3388 1659 3486 1726; x_wconf 80' lang='grc' dir='ltr'><strong>τὴν</strong></span> <span class='ocrx_word' id='word_1_249' title='bbox 3521 1659 3763 1727; x_wconf 76' lang='grc' dir='ltr'>μεγάλην</span> <span class='ocrx_word' id='word_1_250' title='bbox 3801 1659 4001 1726; x_wconf 59' lang='grc' dir='ltr'>πύλην,</span> 
     </span>
    </p>
   </div>
   <div class='ocr_carea' id='block_1_33' title="bbox 2422 1749 4004 1820">
    <p class='ocr_par' dir='ltr' id='par_1_33' title="bbox 2422 1749 4004 1820">
     <span class='ocr_line' id='line_1_33' title="bbox 2422 1749 4004 1820; baseline -0.001 -15"><span class='ocrx_word' id='word_1_251' title='bbox 2422 1753 2516 1806; x_wconf 77' lang='grc' dir='ltr'>καὶ</span> <span class='ocrx_word' id='word_1_252' title='bbox 2566 1753 2909 1820; x_wconf 73' lang='grc' dir='ltr'>διερχόμενος</span> <span class='ocrx_word' id='word_1_253' title='bbox 2970 1750 3058 1802; x_wconf 73' lang='grc' dir='ltr'><strong>διὰ</strong></span> <span class='ocrx_word' id='word_1_254' title='bbox 3095 1749 3260 1818; x_wconf 82' lang='grc' dir='ltr'>μέσου</span> <span class='ocrx_word' id='word_1_255' title='bbox 3294 1749 3388 1802; x_wconf 79' lang='grc' dir='ltr'>τοῦ</span> <span class='ocrx_word' id='word_1_256' title='bbox 3427 1751 3605 1818; x_wconf 85' lang='grc' dir='ltr'>μιλίου</span> <span class='ocrx_word' id='word_1_257' title='bbox 3654 1753 3744 1805; x_wconf 74' lang='grc' dir='ltr'>καὶ</span> <span class='ocrx_word' id='word_1_258' title='bbox 3779 1750 3869 1803; x_wconf 76' lang='grc' dir='ltr'><strong>τού</strong></span> <span class='ocrx_word' id='word_1_259' title='bbox 3905 1753 4004 1803; x_wconf 73' lang='grc' dir='ltr'><strong>αὖ·</strong></span> 
     </span>
    </p>
   </div>
   <div class='ocr_carea' id='block_1_34' title="bbox 2421 1839 4006 1911">
    <p class='ocr_par' dir='ltr' id='par_1_34' title="bbox 2421 1839 4006 1911">
     <span class='ocr_line' id='line_1_34' title="bbox 2421 1839 4006 1911; baseline -0.001 -17"><span class='ocrx_word' id='word_1_260' title='bbox 2421 1843 2714 1910; x_wconf 77' lang='grc' dir='ltr'>γουστέως,</span> <span class='ocrx_word' id='word_1_261' title='bbox 2750 1843 3060 1911; x_wconf 83' lang='grc' dir='ltr'>εἰσέρχεται</span> <span class='ocrx_word' id='word_1_262' title='bbox 3092 1843 3148 1894; x_wconf 69' lang='grc' dir='ltr'>ἐν</span> <span class='ocrx_word' id='word_1_263' title='bbox 3176 1844 3242 1911; x_wconf 82' lang='grc' dir='ltr'>τῇ</span> <span class='ocrx_word' id='word_1_264' title='bbox 3287 1841 3428 1910; x_wconf 84' lang='grc' dir='ltr'>πύλῃ</span> <span class='ocrx_word' id='word_1_265' title='bbox 3453 1839 3546 1893; x_wconf 66' lang='grc' dir='ltr'>τοῦ</span> <span class='ocrx_word' id='word_1_266' title='bbox 3570 1842 3866 1910; x_wconf 67' lang='grc' dir='ltr'>ὼρολογέον</span> <span class='ocrx_word' id='word_1_267' title='bbox 3903 1843 4006 1909; x_wconf 68' lang='grc' dir='ltr'><strong>τῆς</strong></span> 
     </span>
    </p>
   </div>
   <div class='ocr_carea' id='block_1_35' title="bbox 2419 1931 4006 2004">
    <p class='ocr_par' dir='ltr' id='par_1_35' title="bbox 2419 1931 4006 2004">
     <span class='ocr_line' id='line_1_35' title="bbox 2419 1931 4006 2004; baseline -0.003 -16"><span class='ocrx_word' id='word_1_268' title='bbox 2419 1934 2680 2004; x_wconf 72' lang='grc' dir='ltr'>Μεγάλης</span> <span class='ocrx_word' id='word_1_269' title='bbox 2717 1933 3067 2002; x_wconf 75' lang='grc' dir='ltr'>Ἐκκλησίας.</span> <span class='ocrx_word' id='word_1_270' title='bbox 3104 1933 3300 1985; x_wconf 83' lang='grc' dir='ltr'>Ἰστέον</span> <span class='ocrx_word' id='word_1_271' title='bbox 3323 1934 3400 1993; x_wconf 80' lang='grc' dir='ltr'><strong>δὲ,</strong></span> <span class='ocrx_word' id='word_1_272' title='bbox 3434 1935 3514 1986; x_wconf 82' lang='grc' dir='ltr'>ὅτι</span> <span class='ocrx_word' id='word_1_273' title='bbox 3536 1935 3592 1984; x_wconf 77' lang='grc' dir='ltr'>ἐν</span> <span class='ocrx_word' id='word_1_274' title='bbox 3615 1937 3681 2002; x_wconf 72' lang='grc' dir='ltr'>τῇ</span> <span class='ocrx_word' id='word_1_275' title='bbox 3714 1934 3874 2001; x_wconf 69' lang='grc' dir='ltr'>διόδῳ</span> <span class='ocrx_word' id='word_1_276' title='bbox 3908 1931 4006 1984; x_wconf 66' lang='grc' dir='ltr'>τοῦ</span> 
     </span>
    </p>
   </div>
   <div class='ocr_carea' id='block_1_36' title="bbox 2423 2025 4007 2097">
    <p class='ocr_par' dir='ltr' id='par_1_36' title="bbox 2423 2025 4007 2097">
     <span class='ocr_line' id='line_1_36' title="bbox 2423 2025 4007 2097; baseline 0 -19"><span class='ocrx_word' id='word_1_277' title='bbox 2423 2027 2684 2097; x_wconf 77' lang='grc' dir='ltr'>βασιλέως</span> <span class='ocrx_word' id='word_1_278' title='bbox 2707 2025 2984 2079; x_wconf 73' lang='grc' dir='ltr'>τελοῦνται</span> <span class='ocrx_word' id='word_1_279' title='bbox 3009 2027 3224 2080; x_wconf 72' lang='grc' dir='ltr'>ἅπαντα</span> <span class='ocrx_word' id='word_1_280' title='bbox 3255 2026 3320 2079; x_wconf 80' lang='grc' dir='ltr'>τὰ</span> <span class='ocrx_word' id='word_1_281' title='bbox 3345 2029 3499 2080; x_wconf 79' lang='grc' dir='ltr'>αἴσια</span> <span class='ocrx_word' id='word_1_282' title='bbox 3535 2029 3646 2096; x_wconf 74' lang='grc'><strong>(15)</strong></span> <span class='ocrx_word' id='word_1_283' title='bbox 3671 2027 4007 2092; x_wconf 70' lang='grc' dir='ltr'>ἀκολούθως,</span> 
     </span>
    </p>
   </div>
   <div class='ocr_carea' id='block_1_37' title="bbox 2419 2120 4008 2191">
    <p class='ocr_par' dir='ltr' id='par_1_37' title="bbox 2419 2120 4008 2191">
     <span class='ocr_line' id='line_1_37' title="bbox 2419 2120 4008 2191; baseline 0.001 -19"><span class='ocrx_word' id='word_1_284' title='bbox 2419 2120 2479 2172; x_wconf 86' lang='grc' dir='ltr'>ὃν</span> <span class='ocrx_word' id='word_1_285' title='bbox 2503 2120 2701 2190; x_wconf 81' lang='grc' dir='ltr'>τρόπον</span> <span class='ocrx_word' id='word_1_286' title='bbox 2757 2120 3018 2189; x_wconf 80' lang='grc' dir='ltr'>ἀνωτέρω</span> <span class='ocrx_word' id='word_1_287' title='bbox 3062 2122 3119 2172; x_wconf 81' lang='grc' dir='ltr'>ὲν</span> <span class='ocrx_word' id='word_1_288' title='bbox 3170 2123 3235 2187; x_wconf 78' lang='grc' dir='ltr'>τῇ</span> <span class='ocrx_word' id='word_1_289' title='bbox 3281 2121 3508 2172; x_wconf 81' lang='grc' dir='ltr'>καθόλου</span> <span class='ocrx_word' id='word_1_290' title='bbox 3543 2120 3860 2191; x_wconf 82' lang='grc' dir='ltr'>προελεύσει</span> <span class='ocrx_word' id='word_1_291' title='bbox 3893 2124 4008 2191; x_wconf 77' lang='grc' dir='ltr'><strong>(Η)</strong></span> 
     </span>
    </p>
   </div>
   <div class='ocr_carea' id='block_1_38' title="bbox 2425 2211 4008 2282">
    <p class='ocr_par' dir='ltr' id='par_1_38' title="bbox 2425 2211 4008 2282">
     <span class='ocr_line' id='line_1_38' title="bbox 2425 2211 4008 2282; baseline 0.001 -15"><span class='ocrx_word' id='word_1_292' title='bbox 2425 2213 2522 2282; x_wconf 79' lang='grc' dir='ltr'><strong>τῆς</strong></span> <span class='ocrx_word' id='word_1_293' title='bbox 2549 2211 2788 2281; x_wconf 75' lang='grc' dir='ltr'>Χριστοῦ</span> <span class='ocrx_word' id='word_1_294' title='bbox 2821 2213 3130 2281; x_wconf 75' lang='grc' dir='ltr'>γεννήσεως</span> <span class='ocrx_word' id='word_1_295' title='bbox 3169 2213 3483 2282; x_wconf 78' lang='grc' dir='ltr'>ἐξεθὲμεθα.</span> <span class='ocrx_word' id='word_1_296' title='bbox 3537 2215 3642 2266; x_wconf 73' lang='grc' dir='ltr'>Καὶ</span> <span class='ocrx_word' id='word_1_297' title='bbox 3672 2215 4008 2276; x_wconf 68' lang='grc' dir='ltr'>εἰσελῦὸντος</span> 
     </span>
    </p>
   </div>
   <div class='ocr_carea' id='block_1_39' title="bbox 2424 2302 4008 2373">
    <p class='ocr_par' dir='ltr' id='par_1_39' title="bbox 2424 2302 4008 2373">
     <span class='ocr_line' id='line_1_39' title="bbox 2424 2302 4008 2373; baseline 0 -19"><span class='ocrx_word' id='word_1_298' title='bbox 2424 2303 2519 2354; x_wconf 75' lang='grc' dir='ltr'><strong>τοῦ</strong></span> <span class='ocrx_word' id='word_1_299' title='bbox 2553 2302 2814 2370; x_wconf 82' lang='grc' dir='ltr'>βασιλέως</span> <span class='ocrx_word' id='word_1_300' title='bbox 2832 2302 2888 2352; x_wconf 82' lang='grc' dir='ltr'><strong>ἐν</strong></span> <span class='ocrx_word' id='word_1_301' title='bbox 2916 2304 2978 2372; x_wconf 82' lang='grc' dir='ltr'>τῇ</span> <span class='ocrx_word' id='word_1_302' title='bbox 3001 2304 3376 2372; x_wconf 78' lang='grc' dir='ltr'>προειρημένῃ</span> <span class='ocrx_word' id='word_1_303' title='bbox 3407 2303 3547 2373; x_wconf 81' lang='grc' dir='ltr'>πύλῃ</span> <span class='ocrx_word' id='word_1_304' title='bbox 3572 2303 3664 2355; x_wconf 73' lang='grc' dir='ltr'>τοῦ</span> <span class='ocrx_word' id='word_1_305' title='bbox 3687 2303 4008 2372; x_wconf 76' lang='grc' dir='ltr'>ὡρολογέον,</span> 
     </span>
    </p>
   </div>
   <div class='ocr_carea' id='block_1_40' title="bbox 2427 2393 4010 2464">
    <p class='ocr_par' dir='ltr' id='par_1_40' title="bbox 2427 2393 4010 2464">
     <span class='ocr_line' id='line_1_40' title="bbox 2427 2393 4010 2464; baseline -0.003 -15"><span class='ocrx_word' id='word_1_306' title='bbox 2427 2398 2668 2464; x_wconf 74' lang='grc' dir='ltr'>δέχονται</span> <span class='ocrx_word' id='word_1_307' title='bbox 2699 2395 2859 2447; x_wconf 75' lang='grc' dir='ltr'>αὑτὸν</span> <span class='ocrx_word' id='word_1_308' title='bbox 2915 2395 2964 2446; x_wconf 82' lang='grc' dir='ltr'><strong>οἱ</strong></span> <span class='ocrx_word' id='word_1_309' title='bbox 3023 2393 3116 2447; x_wconf 82' lang='grc' dir='ltr'><strong>τοῦ</strong></span> <span class='ocrx_word' id='word_1_310' title='bbox 3161 2395 3358 2464; x_wconf 79' lang='grc' dir='ltr'>μέρους</span> <span class='ocrx_word' id='word_1_311' title='bbox 3388 2395 3496 2447; x_wconf 82' lang='grc' dir='ltr'>τῶν</span> <span class='ocrx_word' id='word_1_312' title='bbox 3535 2397 3777 2449; x_wconf 82' lang='grc' dir='ltr'>Βενέτων.</span> <span class='ocrx_word' id='word_1_313' title='bbox 3805 2398 4010 2454; x_wconf 82' lang='grc' dir='ltr'>ἐκεῖσε,</span> 
     </span>
    </p>
   </div>
   <div class='ocr_carea' id='block_1_41' title="bbox 2429 2487 4012 2561">
    <p class='ocr_par' dir='ltr' id='par_1_41' title="bbox 2429 2487 4012 2561">
     <span class='ocr_line' id='line_1_41' title="bbox 2429 2487 4012 2561; baseline -0.001 -19"><span class='ocrx_word' id='word_1_314' title='bbox 2429 2489 2530 2542; x_wconf 81' lang='grc' dir='ltr'><strong>οὐκ</strong></span> <span class='ocrx_word' id='word_1_315' title='bbox 2559 2487 2837 2540; x_wconf 77' lang='grc' dir='ltr'>ἐπιδίδωσι</span> <span class='ocrx_word' id='word_1_316' title='bbox 2865 2488 2922 2540; x_wconf 80' lang='grc' dir='ltr'><strong>δὲ</strong></span> <span class='ocrx_word' id='word_1_317' title='bbox 2950 2490 3128 2540; x_wconf 75' lang='grc' dir='ltr'>ἐκεῖσε</span> <span class='ocrx_word' id='word_1_318' title='bbox 3175 2490 3203 2542; x_wconf 82' lang='grc' dir='ltr'>ὁ</span> <span class='ocrx_word' id='word_1_319' title='bbox 3236 2488 3516 2561; x_wconf 80' lang='grc' dir='ltr'>δήμαρχος</span> <span class='ocrx_word' id='word_1_320' title='bbox 3563 2489 3928 2560; x_wconf 73' lang='grc' dir='ltr'>λιϐελλάριον,</span> <span class='ocrx_word' id='word_1_321' title='bbox 3967 2493 4012 2541; x_wconf 81' lang='lat' dir='ltr'><strong>sl</strong></span> 
     </span>
    </p>
   </div>
   <div class='ocr_carea' id='block_1_42' title="bbox 2060 2601 2737 2661">
    <p class='ocr_par' dir='ltr' id='par_1_42' title="bbox 2060 2601 2737 2661">
     <span class='ocr_line' id='line_1_42' title="bbox 2060 2601 2737 2661; baseline 0.003 -3"><span class='ocrx_word' id='word_1_322' title='bbox 2060 2606 2292 2661; x_wconf 70' lang='lat' dir='ltr'><strong>VARIA‘I</strong></span> <span class='ocrx_word' id='word_1_323' title='bbox 2335 2601 2737 2660; x_wconf 78' lang='lat' dir='ltr'><strong>LECTIONES.</strong></span> 
     </span>
    </p>
   </div>
   <div class='ocr_carea' id='block_1_43' title="bbox 817 2692 3534 2771">
    <p class='ocr_par' dir='ltr' id='par_1_43' title="bbox 817 2692 3534 2771">
     <span class='ocr_line' id='line_1_43' title="bbox 817 2692 3534 2771; baseline 0.003 -27"><span class='ocrx_word' id='word_1_324' title='bbox 817 2692 862 2726; x_wconf 79' lang='grc'><strong>³⁸</strong></span> <span class='ocrx_word' id='word_1_325' title='bbox 901 2692 1146 2748; x_wconf 74' lang='grc' dir='ltr'>ἵστανται</span> <span class='ocrx_word' id='word_1_326' title='bbox 1195 2694 1319 2749; x_wconf 89' lang='lat' dir='ltr'><strong>cod.</strong></span> <span class='ocrx_word' id='word_1_327' title='bbox 1391 2696 1434 2729; x_wconf 84' lang='grc'><strong><em>³⁹</em></strong></span> <span class='ocrx_word' id='word_1_328' title='bbox 1467 2699 1745 2753; x_wconf 71' lang='grc' dir='ltr'>πεσόντων</span> <span class='ocrx_word' id='word_1_329' title='bbox 1768 2699 1836 2754; x_wconf 76' lang='lat' dir='ltr'><strong>Il.</strong></span> <span class='ocrx_word' id='word_1_330' title='bbox 1865 2716 1927 2756; x_wconf 79' lang='lat' dir='ltr'><strong>ex</strong></span> <span class='ocrx_word' id='word_1_331' title='bbox 1968 2700 2294 2771; x_wconf 81' lang='lat' dir='ltr'><strong>compendio</strong></span> <span class='ocrx_word' id='word_1_332' title='bbox 2318 2698 2442 2753; x_wconf 92' lang='lat' dir='ltr'><strong>cod.</strong></span> <span class='ocrx_word' id='word_1_333' title='bbox 2474 2714 2643 2750; x_wconf 82' lang='grc' dir='ltr'>πεσον</span> <span class='ocrx_word' id='word_1_334' title='bbox 2677 2697 3055 2768; x_wconf 85' lang='lat' dir='ltr'><strong>superscripto</strong></span> <span class='ocrx_word' id='word_1_335' title='bbox 3076 2714 3128 2763; x_wconf 88' lang='grc' dir='ltr'>τ,</span> <span class='ocrx_word' id='word_1_336' title='bbox 3166 2697 3534 2769; x_wconf 63' lang='grc' dir='ltr'>πεσόντες-τεά.</span> 
     </span>
    </p>
   </div>
   <div class='ocr_carea' id='block_1_44' title="bbox 1753 2831 3005 2892">
    <p class='ocr_par' dir='ltr' id='par_1_44' title="bbox 1753 2831 3005 2892">
     <span class='ocr_line' id='line_1_44' title="bbox 1753 2831 3005 2892; baseline -0.001 -1"><span class='ocrx_word' id='word_1_337' title='bbox 1753 2836 1945 2892; x_wconf 74' lang='lat' dir='ltr'><strong>JOAN.</strong></span> <span class='ocrx_word' id='word_1_338' title='bbox 1975 2836 2114 2891; x_wconf 84' lang='lat' dir='ltr'><strong>JAC.</strong></span> <span class='ocrx_word' id='word_1_339' title='bbox 2145 2835 2392 2890; x_wconf 76' lang='lat' dir='ltr'><strong>REISKII</strong></span> <span class='ocrx_word' id='word_1_340' title='bbox 2434 2831 3005 2890; x_wconf 75' lang='lat' dir='ltr'><strong>COMMENTARIUS.</strong></span> 
     </span>
    </p>
   </div>
   <div class='ocr_carea' id='block_1_45' title="bbox 829 2929 2326 3002">
    <p class='ocr_par' dir='ltr' id='par_1_45' title="bbox 829 2929 2326 3002">
     <span class='ocr_line' id='line_1_45' title="bbox 829 2929 2326 3002; baseline 0 -18"><span class='ocrx_word' id='word_1_341' title='bbox 829 2932 941 2998; x_wconf 77' lang='lat' dir='ltr'><strong>(ll)</strong></span> <span class='ocrx_word' id='word_1_342' title='bbox 963 2929 1308 3002; x_wconf 69' lang='lat' dir='ltr'><strong>Exciderunt</strong></span> <span class='ocrx_word' id='word_1_343' title='bbox 1334 2938 1456 2998; x_wconf 86' lang='lat' dir='ltr'><strong>post</strong></span> <span class='ocrx_word' id='word_1_344' title='bbox 1491 2932 1604 2986; x_wconf 62' lang='lat' dir='ltr'><strong>haec</strong></span> <span class='ocrx_word' id='word_1_345' title='bbox 1637 2935 1794 2986; x_wconf 83' lang='lat' dir='ltr'><strong>verba</strong></span> <span class='ocrx_word' id='word_1_346' title='bbox 1829 2934 2075 3002; x_wconf 68' lang='lat' dir='ltr'><strong>quaedam</strong></span> <span class='ocrx_word' id='word_1_347' title='bbox 2133 2932 2326 2999; x_wconf 87' lang='lat' dir='ltr'><strong>procul</strong></span> 
     </span>
    </p>
   </div>
   <div class='ocr_carea' id='block_1_46' title="bbox 755 3001 2326 3073">
    <p class='ocr_par' dir='ltr' id='par_1_46' title="bbox 755 3001 2326 3073">
     <span class='ocr_line' id='line_1_46' title="bbox 755 3001 2326 3073; baseline -0.001 -19"><span class='ocrx_word' id='word_1_348' title='bbox 755 3003 906 3055; x_wconf 82' lang='lat' dir='ltr'><strong>omni</strong></span> <span class='ocrx_word' id='word_1_349' title='bbox 945 3001 1134 3073; x_wconf 85' lang='lat' dir='ltr'><strong>dubio.</strong></span> <span class='ocrx_word' id='word_1_350' title='bbox 1179 3003 1430 3068; x_wconf 84' lang='lat' dir='ltr'><strong>quamvis</strong></span> <span class='ocrx_word' id='word_1_351' title='bbox 1484 3004 1653 3056; x_wconf 80' lang='lat' dir='ltr'><strong>codex</strong></span> <span class='ocrx_word' id='word_1_352' title='bbox 1705 3001 2116 3073; x_wconf 86' lang='lat' dir='ltr'><strong>manuscriptns</strong></span> <span class='ocrx_word' id='word_1_353' title='bbox 2152 3004 2326 3068; x_wconf 91' lang='lat' dir='ltr'><strong>plura,</strong></span> 
     </span>
    </p>
   </div>
   <div class='ocr_carea' id='block_1_47' title="bbox 754 3072 2332 3140">
    <p class='ocr_par' dir='ltr' id='par_1_47' title="bbox 754 3072 2332 3140">
     <span class='ocr_line' id='line_1_47' title="bbox 754 3072 2332 3140; baseline 0.001 -17"><span class='ocrx_word' id='word_1_354' title='bbox 754 3089 921 3130; x_wconf 75' lang='lat' dir='ltr'><strong>qnmn</strong></span> <span class='ocrx_word' id='word_1_355' title='bbox 940 3072 1141 3132; x_wconf 87' lang='lat' dir='ltr'><strong>editus,</strong></span> <span class='ocrx_word' id='word_1_356' title='bbox 1159 3088 1266 3124; x_wconf 90' lang='lat' dir='ltr'><strong>non</strong></span> <span class='ocrx_word' id='word_1_357' title='bbox 1290 3073 1506 3125; x_wconf 79' lang='lat' dir='ltr'><strong>haheat.</strong></span> <span class='ocrx_word' id='word_1_358' title='bbox 1528 3075 1860 3127; x_wconf 75' lang='lat' dir='ltr'><strong>Exciderunt</strong></span> <span class='ocrx_word' id='word_1_359' title='bbox 1881 3072 2059 3127; x_wconf 77' lang='lat' dir='ltr'><strong>autem</strong></span> <span class='ocrx_word' id='word_1_360' title='bbox 2081 3074 2213 3134; x_wconf 70' lang='lat' dir='ltr'><strong>lucc.</strong></span> <span class='ocrx_word' id='word_1_361' title='bbox 2233 3073 2332 3140; x_wconf 78' lang='grc' dir='ltr'><strong>τῆς</strong></span> 
     </span>
    </p>
   </div>
   <div class='ocr_carea' id='block_1_48' title="bbox 758 3142 2333 3212">
    <p class='ocr_par' dir='ltr' id='par_1_48' title="bbox 758 3142 2333 3212">
     <span class='ocr_line' id='line_1_48' title="bbox 758 3142 2333 3212; baseline -0.001 -17"><span class='ocrx_word' id='word_1_362' title='bbox 758 3145 938 3208; x_wconf 74' lang='grc' dir='ltr'>δεξῖᾶς</span> <span class='ocrx_word' id='word_1_363' title='bbox 993 3142 1186 3212; x_wconf 78' lang='grc' dir='ltr'>πύλης,</span> <span class='ocrx_word' id='word_1_364' title='bbox 1222 3143 1270 3193; x_wconf 75' lang='grc' dir='ltr'>οἱ</span> <span class='ocrx_word' id='word_1_365' title='bbox 1309 3143 1365 3194; x_wconf 75' lang='grc' dir='ltr'><strong>δὲ</strong></span> <span class='ocrx_word' id='word_1_366' title='bbox 1407 3144 1464 3206; x_wconf 77' lang='grc' dir='ltr'>ἐξ</span> <span class='ocrx_word' id='word_1_367' title='bbox 1502 3145 1796 3212; x_wconf 65' lang='grc' dir='ltr'>εὐωνύμων</span> <span class='ocrx_word' id='word_1_368' title='bbox 1849 3145 2207 3211; x_wconf 75' lang='grc' dir='ltr'>κατέρχονται</span> <span class='ocrx_word' id='word_1_369' title='bbox 2263 3143 2333 3194; x_wconf 63' lang='grc' dir='ltr'>τὰ</span> 
     </span>
    </p>
   </div>
   <div class='ocr_carea' id='block_1_49' title="bbox 760 3211 2330 3283">
    <p class='ocr_par' dir='ltr' id='par_1_49' title="bbox 760 3211 2330 3283">
     <span class='ocr_line' id='line_1_49' title="bbox 760 3211 2330 3283; baseline 0.001 -18"><span class='ocrx_word' id='word_1_370' title='bbox 760 3212 1043 3283; x_wconf 53' lang='grc' dir='ltr'>γραῦήλιατ</span> <span class='ocrx_word' id='word_1_371' title='bbox 1113 3211 1301 3283; x_wconf 80' lang='lat' dir='ltr'><strong>Facile</strong></span> <span class='ocrx_word' id='word_1_372' title='bbox 1359 3214 1532 3279; x_wconf 91' lang='lat' dir='ltr'><strong>potuit</strong></span> <span class='ocrx_word' id='word_1_373' title='bbox 1586 3211 1846 3268; x_wconf 85' lang='lat' dir='ltr'><strong>librarius</strong></span> <span class='ocrx_word' id='word_1_374' title='bbox 1906 3231 2069 3266; x_wconf 84' lang='lat' dir='ltr'><strong>unam</strong></span> <span class='ocrx_word' id='word_1_375' title='bbox 2134 3215 2330 3266; x_wconf 86' lang='lat' dir='ltr'><strong>lineam</strong></span> 
     </span>
    </p>
   </div>
   <div class='ocr_carea' id='block_1_50' title="bbox 765 3282 2335 3349">
    <p class='ocr_par' dir='ltr' id='par_1_50' title="bbox 765 3282 2335 3349">
     <span class='ocr_line' id='line_1_50' title="bbox 765 3282 2335 3349; baseline 0.003 -17"><span class='ocrx_word' id='word_1_376' title='bbox 765 3282 1161 3349; x_wconf 74' lang='lat' dir='ltr'><strong>pra-tervidere.</strong></span> <span class='ocrx_word' id='word_1_377' title='bbox 1208 3282 1396 3335; x_wconf 81' lang='lat' dir='ltr'><strong>eadem</strong></span> <span class='ocrx_word' id='word_1_378' title='bbox 1424 3299 1552 3336; x_wconf 87' lang='lat' dir='ltr'><strong>voce.</strong></span> <span class='ocrx_word' id='word_1_379' title='bbox 1600 3286 1684 3336; x_wconf 86' lang='lat' dir='ltr'><strong>bis</strong></span> <span class='ocrx_word' id='word_1_380' title='bbox 1735 3297 2072 3342; x_wconf 74' lang='lat' dir='ltr'><strong>recurrente.</strong></span> <span class='ocrx_word' id='word_1_381' title='bbox 2110 3293 2165 3335; x_wconf 92' lang='lat' dir='ltr'><strong>ut</strong></span> <span class='ocrx_word' id='word_1_382' title='bbox 2192 3297 2335 3349; x_wconf 70' lang='lat' dir='ltr'><strong>saepe</strong></span> 
     </span>
    </p>
   </div>
   <div class='ocr_carea' id='block_1_51' title="bbox 765 3351 2334 3423">
    <p class='ocr_par' dir='ltr' id='par_1_51' title="bbox 765 3351 2334 3423">
     <span class='ocr_line' id='line_1_51' title="bbox 765 3351 2334 3423; baseline 0.002 -20"><span class='ocrx_word' id='word_1_383' title='bbox 765 3357 969 3406; x_wconf 79' lang='lat' dir='ltr'><strong>factum</strong></span> <span class='ocrx_word' id='word_1_384' title='bbox 1018 3364 1122 3406; x_wconf 86' lang='lat' dir='ltr'><strong>est.</strong></span> <span class='ocrx_word' id='word_1_385' title='bbox 1173 3351 1333 3406; x_wconf 86' lang='lat' dir='ltr'><strong>Conl.</strong></span> <span class='ocrx_word' id='word_1_386' title='bbox 1399 3370 1450 3422; x_wconf 88' lang='lat' dir='ltr'><strong>p.</strong></span> <span class='ocrx_word' id='word_1_387' title='bbox 1484 3355 1574 3417; x_wconf 70' lang='grc' dir='ltr'><strong>Η,</strong></span> <span class='ocrx_word' id='word_1_388' title='bbox 1626 3357 1719 3409; x_wconf 92' lang='lat' dir='ltr'><strong>ubi</strong></span> <span class='ocrx_word' id='word_1_389' title='bbox 1775 3358 1925 3410; x_wconf 83' lang='lat' dir='ltr'><strong>locus</strong></span> <span class='ocrx_word' id='word_1_390' title='bbox 1979 3356 2186 3423; x_wconf 85' lang='lat' dir='ltr'><strong>integer</strong></span> <span class='ocrx_word' id='word_1_391' title='bbox 2240 3368 2334 3406; x_wconf 54' lang='lat' dir='ltr'><strong>ex.</strong></span> 
     </span>
    </p>
   </div>
   <div class='ocr_carea' id='block_1_52' title="bbox 766 3435 892 3477">
    <p class='ocr_par' dir='ltr' id='par_1_52' title="bbox 766 3435 892 3477">
     <span class='ocr_line' id='line_1_52' title="bbox 766 3435 892 3477; baseline -0.032 0"><span class='ocrx_word' id='word_1_392' title='bbox 766 3435 892 3477; x_wconf 73' lang='lat' dir='ltr'><strong>stat.</strong></span> 
     </span>
    </p>
   </div>
   <div class='ocr_carea' id='block_1_53' title="bbox 838 3491 2334 3559">
    <p class='ocr_par' dir='ltr' id='par_1_53' title="bbox 838 3491 2334 3559">
     <span class='ocr_line' id='line_1_53' title="bbox 838 3491 2334 3559; baseline 0.001 -13"><span class='ocrx_word' id='word_1_393' title='bbox 838 3493 949 3558; x_wconf 73' lang='grc' dir='ltr'><strong>(η)</strong></span> <span class='ocrx_word' id='word_1_394' title='bbox 981 3491 1196 3547; x_wconf 78' lang='lat' dir='ltr'><strong>Mireris</strong></span> <span class='ocrx_word' id='word_1_395' title='bbox 1230 3493 1315 3545; x_wconf 90' lang='lat' dir='ltr'><strong>hic</strong></span> <span class='ocrx_word' id='word_1_396' title='bbox 1349 3495 1454 3546; x_wconf 84' lang='lat' dir='ltr'><strong>loci</strong></span> <span class='ocrx_word' id='word_1_397' title='bbox 1480 3504 1533 3547; x_wconf 93' lang='lat' dir='ltr'><strong>et</strong></span> <span class='ocrx_word' id='word_1_398' title='bbox 1560 3510 1609 3558; x_wconf 89' lang='lat' dir='ltr'><strong>p.</strong></span> <span class='ocrx_word' id='word_1_399' title='bbox 1664 3496 1788 3559; x_wconf 72' lang='lat' dir='ltr'><strong>H2.</strong></span> <span class='ocrx_word' id='word_1_400' title='bbox 1812 3505 1859 3550; x_wconf 92' lang='lat' dir='ltr'><strong>el</strong></span> <span class='ocrx_word' id='word_1_401' title='bbox 1899 3495 2026 3548; x_wconf 91' lang='lat' dir='ltr'><strong>alibi</strong></span> <span class='ocrx_word' id='word_1_402' title='bbox 2063 3493 2334 3548; x_wconf 79' lang='lat' dir='ltr'><strong>Patricios</strong></span> 
     </span>
    </p>
   </div>
   <div class='ocr_carea' id='block_1_54' title="bbox 765 3561 2335 3632">
    <p class='ocr_par' dir='ltr' id='par_1_54' title="bbox 765 3561 2335 3632">
     <span class='ocr_line' id='line_1_54' title="bbox 765 3561 2335 3632; baseline 0.001 -18"><span class='ocrx_word' id='word_1_403' title='bbox 765 3572 820 3616; x_wconf 84' lang='lat' dir='ltr'><strong>et</strong></span> <span class='ocrx_word' id='word_1_404' title='bbox 847 3564 1130 3628; x_wconf 71' lang='lat' dir='ltr'><strong>Strategos</strong></span> <span class='ocrx_word' id='word_1_405' title='bbox 1154 3578 1182 3615; x_wconf 91' lang='lat' dir='ltr'><strong>a</strong></span> <span class='ocrx_word' id='word_1_406' title='bbox 1213 3561 1412 3615; x_wconf 80' lang='lat' dir='ltr'><strong>Senatu</strong></span> <span class='ocrx_word' id='word_1_407' title='bbox 1445 3565 1732 3632; x_wconf 75' lang='lat' dir='ltr'><strong>distingui.</strong></span> <span class='ocrx_word' id='word_1_408' title='bbox 1763 3582 1884 3620; x_wconf 91' lang='lat' dir='ltr'><strong>cum</strong></span> <span class='ocrx_word' id='word_1_409' title='bbox 1913 3573 2090 3618; x_wconf 89' lang='lat' dir='ltr'><strong>tamen</strong></span> <span class='ocrx_word' id='word_1_410' title='bbox 2121 3567 2195 3618; x_wconf 90' lang='lat' dir='ltr'><strong>illi</strong></span> <span class='ocrx_word' id='word_1_411' title='bbox 2229 3567 2335 3617; x_wconf 83' lang='lat' dir='ltr'><strong>litt-</strong></span> 
     </span>
    </p>
   </div>
   <div class='ocr_carea' id='block_1_55' title="bbox 765 3633 2338 3702">
    <p class='ocr_par' dir='ltr' id='par_1_55' title="bbox 765 3633 2338 3702">
     <span class='ocr_line' id='line_1_55' title="bbox 765 3633 2338 3702; baseline 0.003 -20"><span class='ocrx_word' id='word_1_412' title='bbox 765 3636 857 3702; x_wconf 83' lang='lat' dir='ltr'><strong>jus</strong></span> <span class='ocrx_word' id='word_1_413' title='bbox 879 3649 1095 3700; x_wconf 87' lang='lat' dir='ltr'><strong>quoque</strong></span> <span class='ocrx_word' id='word_1_414' title='bbox 1121 3649 1246 3702; x_wconf 86' lang='lat' dir='ltr'><strong>pars</strong></span> <span class='ocrx_word' id='word_1_415' title='bbox 1270 3633 1490 3688; x_wconf 80' lang='lat' dir='ltr'><strong>fuerint.</strong></span> <span class='ocrx_word' id='word_1_416' title='bbox 1521 3633 1626 3688; x_wconf 86' lang='lat' dir='ltr'><strong>Sed</strong></span> <span class='ocrx_word' id='word_1_417' title='bbox 1653 3638 1789 3690; x_wconf 90' lang='lat' dir='ltr'><strong>solet</strong></span> <span class='ocrx_word' id='word_1_418' title='bbox 1813 3651 1910 3688; x_wconf 78' lang='lat' dir='ltr'><strong>vox</strong></span> <span class='ocrx_word' id='word_1_419' title='bbox 1933 3646 2149 3688; x_wconf 75' lang='lat' dir='ltr'><strong>senatus</strong></span> <span class='ocrx_word' id='word_1_420' title='bbox 2177 3635 2338 3687; x_wconf 90' lang='lat' dir='ltr'><strong>modo</strong></span> 
     </span>
    </p>
   </div>
   <div class='ocr_carea' id='block_1_56' title="bbox 772 3702 2333 3773">
    <p class='ocr_par' dir='ltr' id='par_1_56' title="bbox 772 3702 2333 3773">
     <span class='ocr_line' id='line_1_56' title="bbox 772 3702 2333 3773; baseline 0.003 -19"><span class='ocrx_word' id='word_1_421' title='bbox 772 3706 1066 3770; x_wconf 87' lang='lat' dir='ltr'><strong>ampliore,</strong></span> <span class='ocrx_word' id='word_1_422' title='bbox 1129 3702 1290 3755; x_wconf 88' lang='lat' dir='ltr'><strong>modo</strong></span> <span class='ocrx_word' id='word_1_423' title='bbox 1351 3707 1629 3759; x_wconf 79' lang='lat' dir='ltr'><strong>strictiore</strong></span> <span class='ocrx_word' id='word_1_424' title='bbox 1691 3708 1998 3773; x_wconf 73' lang='lat' dir='ltr'><strong>signiﬁcatu</strong></span> <span class='ocrx_word' id='word_1_425' title='bbox 2058 3706 2333 3758; x_wconf 88' lang='lat' dir='ltr'><strong>adhiberi.</strong></span> 
     </span>
    </p>
   </div>
   <div class='ocr_carea' id='block_1_57' title="bbox 775 3774 2335 3844">
    <p class='ocr_par' dir='ltr' id='par_1_57' title="bbox 775 3774 2335 3844">
     <span class='ocr_line' id='line_1_57' title="bbox 775 3774 2335 3844; baseline 0.001 -20"><span class='ocrx_word' id='word_1_426' title='bbox 775 3774 1000 3839; x_wconf 75' lang='lat' dir='ltr'><strong>Quando</strong></span> <span class='ocrx_word' id='word_1_427' title='bbox 1018 3774 1300 3838; x_wconf 87' lang='lat' dir='ltr'><strong>ampliore.</strong></span> <span class='ocrx_word' id='word_1_428' title='bbox 1329 3791 1523 3828; x_wconf 87' lang='lat' dir='ltr'><strong>omnes</strong></span> <span class='ocrx_word' id='word_1_429' title='bbox 1545 3776 1862 3844; x_wconf 85' lang='lat' dir='ltr'><strong>dignitates.</strong></span> <span class='ocrx_word' id='word_1_430' title='bbox 1885 3791 2150 3838; x_wconf 76' lang='lat' dir='ltr'><strong>summas,</strong></span> <span class='ocrx_word' id='word_1_431' title='bbox 2177 3776 2335 3834; x_wconf 86' lang='lat' dir='ltr'><strong>imas.</strong></span> 
     </span>
    </p>
   </div>
   <div class='ocr_carea' id='block_1_58' title="bbox 769 3845 2338 3911">
    <p class='ocr_par' dir='ltr' id='par_1_58' title="bbox 769 3845 2338 3911">
     <span class='ocr_line' id='line_1_58' title="bbox 769 3845 2338 3911; baseline 0.002 -17"><span class='ocrx_word' id='word_1_432' title='bbox 769 3846 979 3903; x_wconf 72' lang='lat' dir='ltr'><strong>.ziviles.</strong></span> <span class='ocrx_word' id='word_1_433' title='bbox 1016 3845 1276 3896; x_wconf 87' lang='lat' dir='ltr'><strong>militares</strong></span> <span class='ocrx_word' id='word_1_434' title='bbox 1313 3846 1694 3911; x_wconf 74' lang='lat' dir='ltr'><strong>amplectitur;</strong></span> <span class='ocrx_word' id='word_1_435' title='bbox 1728 3848 2002 3899; x_wconf 85' lang='lat' dir='ltr'><strong>strictiore</strong></span> <span class='ocrx_word' id='word_1_436' title='bbox 2025 3855 2204 3898; x_wconf 88' lang='lat' dir='ltr'><strong>autem</strong></span> <span class='ocrx_word' id='word_1_437' title='bbox 2236 3859 2338 3911; x_wconf 82' lang='lat' dir='ltr'><strong>op-</strong></span> 
     </span>
    </p>
   </div>
   <div class='ocr_carea' id='block_1_59' title="bbox 773 3913 2338 3981">
    <p class='ocr_par' dir='ltr' id='par_1_59' title="bbox 773 3913 2338 3981">
     <span class='ocr_line' id='line_1_59' title="bbox 773 3913 2338 3981; baseline 0.003 -18"><span class='ocrx_word' id='word_1_438' title='bbox 773 3918 994 3981; x_wconf 78' lang='lat' dir='ltr'><strong>ponitur</strong></span> <span class='ocrx_word' id='word_1_439' title='bbox 1023 3913 1256 3966; x_wconf 85' lang='lat' dir='ltr'><strong>Senatus</strong></span> <span class='ocrx_word' id='word_1_440' title='bbox 1298 3917 1626 3969; x_wconf 87' lang='lat' dir='ltr'><strong>militaribus</strong></span> <span class='ocrx_word' id='word_1_441' title='bbox 1659 3917 1853 3970; x_wconf 85' lang='lat' dir='ltr'><strong>oﬂiciis</strong></span> <span class='ocrx_word' id='word_1_442' title='bbox 1900 3916 2228 3974; x_wconf 84' lang='lat' dir='ltr'><strong>illustribus.</strong></span> <span class='ocrx_word' id='word_1_443' title='bbox 2285 3923 2338 3968; x_wconf 89' lang='lat' dir='ltr'><strong>et</strong></span> 
     </span>
    </p>
   </div>
   <div class='ocr_carea' id='block_1_60' title="bbox 775 3983 2334 4052">
    <p class='ocr_par' dir='ltr' id='par_1_60' title="bbox 775 3983 2334 4052">
     <span class='ocr_line' id='line_1_60' title="bbox 775 3983 2334 4052; baseline -0.001 -16"><span class='ocrx_word' id='word_1_444' title='bbox 775 3983 1045 4052; x_wconf 81' lang='lat' dir='ltr'><strong>signiﬁcet</strong></span> <span class='ocrx_word' id='word_1_445' title='bbox 1104 3993 1389 4051; x_wconf 79' lang='lat' dir='ltr'><strong>senatores</strong></span> <span class='ocrx_word' id='word_1_446' title='bbox 1443 3988 1813 4052; x_wconf 89' lang='lat' dir='ltr'><strong>procurationi</strong></span> <span class='ocrx_word' id='word_1_447' title='bbox 1865 4000 2044 4039; x_wconf 88' lang='lat' dir='ltr'><strong>rerum</strong></span> <span class='ocrx_word' id='word_1_448' title='bbox 2092 3985 2334 4038; x_wconf 87' lang='lat' dir='ltr'><strong>civilium</strong></span> 
     </span>
    </p>
   </div>
   <div class='ocr_carea' id='block_1_61' title="bbox 2435 2929 4014 3001">
    <p class='ocr_par' dir='ltr' id='par_1_61' title="bbox 2435 2929 4014 3001">
     <span class='ocr_line' id='line_1_61' title="bbox 2435 2929 4014 3001; baseline 0 -16"><span class='ocrx_word' id='word_1_449' title='bbox 2435 2933 2540 2986; x_wconf 91' lang='lat' dir='ltr'><strong>hoc</strong></span> <span class='ocrx_word' id='word_1_450' title='bbox 2567 2930 2911 2997; x_wconf 81' lang='lat' dir='ltr'><strong>intelligitur.</strong></span> <span class='ocrx_word' id='word_1_451' title='bbox 2943 2932 3015 2984; x_wconf 88' lang='lat' dir='ltr'><strong>Ita</strong></span> <span class='ocrx_word' id='word_1_452' title='bbox 3050 2945 3269 2998; x_wconf 88' lang='lat' dir='ltr'><strong>quoque</strong></span> <span class='ocrx_word' id='word_1_453' title='bbox 3294 2929 3517 2984; x_wconf 80' lang='lat' dir='ltr'><strong>Malalas</strong></span> <span class='ocrx_word' id='word_1_454' title='bbox 3556 2931 3847 2999; x_wconf 86' lang='lat' dir='ltr'><strong>patricium</strong></span> <span class='ocrx_word' id='word_1_455' title='bbox 3880 2947 4014 3001; x_wconf 78' lang='lat' dir='ltr'><strong>syn-</strong></span> 
     </span>
    </p>
   </div>
   <div class='ocr_carea' id='block_1_62' title="bbox 2439 3001 4016 3069">
    <p class='ocr_par' dir='ltr' id='par_1_62' title="bbox 2439 3001 4016 3069">
     <span class='ocr_line' id='line_1_62' title="bbox 2439 3001 4016 3069; baseline 0 -15"><span class='ocrx_word' id='word_1_456' title='bbox 2439 3001 2694 3055; x_wconf 89' lang='lat' dir='ltr'><strong>clcticum</strong></span> <span class='ocrx_word' id='word_1_457' title='bbox 2726 3003 2959 3068; x_wconf 78' lang='lat' dir='ltr'><strong>appellat</strong></span> <span class='ocrx_word' id='word_1_458' title='bbox 2995 3003 3323 3056; x_wconf 83' lang='lat' dir='ltr'><strong>Arintheum</strong></span> <span class='ocrx_word' id='word_1_459' title='bbox 3361 3009 3399 3054; x_wconf 92' lang='lat' dir='ltr'><strong>t.</strong></span> <span class='ocrx_word' id='word_1_460' title='bbox 3441 3001 3507 3063; x_wconf 87' lang='lat' dir='ltr'><strong>ll,</strong></span> <span class='ocrx_word' id='word_1_461' title='bbox 3545 3017 3596 3069; x_wconf 90' lang='lat' dir='ltr'><strong>p.</strong></span> <span class='ocrx_word' id='word_1_462' title='bbox 3645 3001 3754 3054; x_wconf 74' lang='lat'><strong>26:</strong></span> <span class='ocrx_word' id='word_1_463' title='bbox 3797 3004 4016 3069; x_wconf 63' lang='grc' dir='ltr'>Ἀφορί-</span> 
     </span>
    </p>
   </div>
   <div class='ocr_carea' id='block_1_63' title="bbox 2440 3071 4013 3141">
    <p class='ocr_par' dir='ltr' id='par_1_63' title="bbox 2440 3071 4013 3141">
     <span class='ocr_line' id='line_1_63' title="bbox 2440 3071 4013 3141; baseline 0.001 -18"><span class='ocrx_word' id='word_1_464' title='bbox 2440 3089 2538 3133; x_wconf 85' lang='grc' dir='ltr'>σα;</span> <span class='ocrx_word' id='word_1_465' title='bbox 2577 3071 2943 3139; x_wconf 63' lang='grc' dir='ltr'>συγκλητικὸν</span> <span class='ocrx_word' id='word_1_466' title='bbox 2992 3072 3198 3136; x_wconf 74' lang='grc' dir='ltr'>αὐτοῦ,</span> <span class='ocrx_word' id='word_1_467' title='bbox 3248 3072 3336 3124; x_wconf 84' lang='grc' dir='ltr'><strong>τὸν</strong></span> <span class='ocrx_word' id='word_1_468' title='bbox 3383 3073 3669 3139; x_wconf 71' lang='grc' dir='ltr'>πατρίκιον</span> <span class='ocrx_word' id='word_1_469' title='bbox 3719 3074 4013 3141; x_wconf 71' lang='grc' dir='ltr'>Ἀρίνῦεο-ι,</span> 
     </span>
    </p>
   </div>
   <div class='ocr_carea' id='block_1_64' title="bbox 2437 3141 4012 3212">
    <p class='ocr_par' dir='ltr' id='par_1_64' title="bbox 2437 3141 4012 3212">
     <span class='ocr_line' id='line_1_64' title="bbox 2437 3141 4012 3212; baseline 0.001 -18"><span class='ocrx_word' id='word_1_470' title='bbox 2437 3142 2667 3194; x_wconf 77' lang='grc' dir='ltr'>δέδωκεν</span> <span class='ocrx_word' id='word_1_471' title='bbox 2695 3141 2922 3208; x_wconf 55' lang='grc' dir='ltr'>αὐτῷντὸ</span> <span class='ocrx_word' id='word_1_472' title='bbox 2947 3144 3074 3196; x_wconf 75' lang='grc' dir='ltr'><strong>πᾶν.</strong></span> <span class='ocrx_word' id='word_1_473' title='bbox 3116 3142 3392 3195; x_wconf 87' lang='lat' dir='ltr'><strong>Interdum</strong></span> <span class='ocrx_word' id='word_1_474' title='bbox 3429 3154 3726 3212; x_wconf 90' lang='lat' dir='ltr'><strong>usurpatur</strong></span> <span class='ocrx_word' id='word_1_475' title='bbox 3758 3159 3854 3195; x_wconf 73' lang='lat' dir='ltr'><strong>vos</strong></span> <span class='ocrx_word' id='word_1_476' title='bbox 3887 3160 4012 3212; x_wconf 71' lang='lat' dir='ltr'><strong>syn-</strong></span> 
     </span>
    </p>
   </div>
   <div class='ocr_carea' id='block_1_65' title="bbox 2440 3213 4014 3274">
    <p class='ocr_par' dir='ltr' id='par_1_65' title="bbox 2440 3213 4014 3274">
     <span class='ocr_line' id='line_1_65' title="bbox 2440 3213 4014 3274; baseline 0.001 -11"><span class='ocrx_word' id='word_1_477' title='bbox 2440 3213 2762 3265; x_wconf 87' lang='lat' dir='ltr'><strong>cletieorum</strong></span> <span class='ocrx_word' id='word_1_478' title='bbox 2787 3229 2950 3265; x_wconf 85' lang='lat' dir='ltr'><strong>sensu</strong></span> <span class='ocrx_word' id='word_1_479' title='bbox 2975 3213 3666 3274; x_wconf 75' lang='lat' dir='ltr'><strong>strictissimo,etexclusis</strong></span> <span class='ocrx_word' id='word_1_480' title='bbox 3702 3229 3808 3264; x_wconf 91' lang='lat' dir='ltr'><strong>non</strong></span> <span class='ocrx_word' id='word_1_481' title='bbox 3838 3217 4014 3265; x_wconf 91' lang='lat' dir='ltr'><strong>solum</strong></span> 
     </span>
    </p>
   </div>
   <div class='ocr_carea' id='block_1_66' title="bbox 2443 3281 4016 3352">
    <p class='ocr_par' dir='ltr' id='par_1_66' title="bbox 2443 3281 4016 3352">
     <span class='ocr_line' id='line_1_66' title="bbox 2443 3281 4016 3352; baseline 0.003 -19"><span class='ocrx_word' id='word_1_482' title='bbox 2443 3281 2697 3334; x_wconf 85' lang='lat' dir='ltr'><strong>Patriciis</strong></span> <span class='ocrx_word' id='word_1_483' title='bbox 2750 3291 2802 3334; x_wconf 88' lang='lat' dir='ltr'><strong>et</strong></span> <span class='ocrx_word' id='word_1_484' title='bbox 2836 3283 3124 3352; x_wconf 80' lang='lat' dir='ltr'><strong>Strategis.</strong></span> <span class='ocrx_word' id='word_1_485' title='bbox 3189 3283 3283 3335; x_wconf 77' lang='lat' dir='ltr'><strong>sed</strong></span> <span class='ocrx_word' id='word_1_486' title='bbox 3316 3287 3479 3336; x_wconf 88' lang='lat' dir='ltr'><strong>etiam</strong></span> <span class='ocrx_word' id='word_1_487' title='bbox 3530 3285 3666 3349; x_wconf 83' lang='lat' dir='ltr'><strong>ipsis</strong></span> <span class='ocrx_word' id='word_1_488' title='bbox 3705 3283 4016 3351; x_wconf 76' lang='lat' dir='ltr'><strong>llypaticis.</strong></span> 
     </span>
    </p>
   </div>
   <div class='ocr_carea' id='block_1_67' title="bbox 2445 3352 4016 3422">
    <p class='ocr_par' dir='ltr' id='par_1_67' title="bbox 2445 3352 4016 3422">
     <span class='ocr_line' id='line_1_67' title="bbox 2445 3352 4016 3422; baseline -0.001 -16"><span class='ocrx_word' id='word_1_489' title='bbox 2445 3368 2539 3406; x_wconf 88' lang='lat' dir='ltr'><strong>seu</strong></span> <span class='ocrx_word' id='word_1_490' title='bbox 2591 3352 2728 3403; x_wconf 86' lang='lat' dir='ltr'><strong>viris</strong></span> <span class='ocrx_word' id='word_1_491' title='bbox 2777 3367 2804 3403; x_wconf 88' lang='lat' dir='ltr'><strong>a</strong></span> <span class='ocrx_word' id='word_1_492' title='bbox 2847 3352 3019 3419; x_wconf 80' lang='lat' dir='ltr'><strong>gradu</strong></span> <span class='ocrx_word' id='word_1_493' title='bbox 3077 3353 3407 3422; x_wconf 84' lang='lat' dir='ltr'><strong>llypatorum</strong></span> <span class='ocrx_word' id='word_1_494' title='bbox 3455 3352 3582 3405; x_wconf 84' lang='lat' dir='ltr'><strong>inde</strong></span> <span class='ocrx_word' id='word_1_495' title='bbox 3638 3352 4016 3412; x_wconf 79' lang='lat' dir='ltr'><strong>inferioribus.</strong></span> 
     </span>
    </p>
   </div>
   <div class='ocr_carea' id='block_1_68' title="bbox 2445 3422 4013 3491">
    <p class='ocr_par' dir='ltr' id='par_1_68' title="bbox 2445 3422 4013 3491">
     <span class='ocr_line' id='line_1_68' title="bbox 2445 3422 4013 3491; baseline 0 -15"><span class='ocrx_word' id='word_1_496' title='bbox 2445 3422 2716 3482; x_wconf 73' lang='lat' dir='ltr'><strong>signitieat</strong></span> <span class='ocrx_word' id='word_1_497' title='bbox 2743 3423 2888 3474; x_wconf 87' lang='lat' dir='ltr'><strong>solos</strong></span> <span class='ocrx_word' id='word_1_498' title='bbox 2919 3425 3076 3484; x_wconf 86' lang='lat' dir='ltr'><strong>tales,</strong></span> <span class='ocrx_word' id='word_1_499' title='bbox 3109 3423 3299 3491; x_wconf 88' lang='lat' dir='ltr'><strong>quales</strong></span> <span class='ocrx_word' id='word_1_500' title='bbox 3333 3439 3383 3475; x_wconf 90' lang='lat' dir='ltr'><strong>e.</strong></span> <span class='ocrx_word' id='word_1_501' title='bbox 3419 3438 3468 3476; x_wconf 93' lang='lat' dir='ltr'><strong>c.</strong></span> <span class='ocrx_word' id='word_1_502' title='bbox 3505 3431 3633 3475; x_wconf 87' lang='lat' dir='ltr'><strong>sunt</strong></span> <span class='ocrx_word' id='word_1_503' title='bbox 3674 3423 4013 3488; x_wconf 67' lang='lat' dir='ltr'><strong>Logothetae.</strong></span> 
     </span>
    </p>
   </div>
   <div class='ocr_carea' id='block_1_69' title="bbox 2442 3491 4020 3561">
    <p class='ocr_par' dir='ltr' id='par_1_69' title="bbox 2442 3491 4020 3561">
     <span class='ocr_line' id='line_1_69' title="bbox 2442 3491 4020 3561; baseline 0 -16"><span class='ocrx_word' id='word_1_504' title='bbox 2442 3491 2796 3554; x_wconf 79' lang='lat' dir='ltr'><strong>Chartulirii,</strong></span> <span class='ocrx_word' id='word_1_505' title='bbox 2855 3492 3083 3554; x_wconf 69' lang='lat' dir='ltr'><strong>Notarii.</strong></span> <span class='ocrx_word' id='word_1_506' title='bbox 3123 3493 3366 3561; x_wconf 69' lang='lat' dir='ltr'><strong>praefecti</strong></span> <span class='ocrx_word' id='word_1_507' title='bbox 3417 3491 3601 3557; x_wconf 87' lang='lat' dir='ltr'><strong>Urbis,</strong></span> <span class='ocrx_word' id='word_1_508' title='bbox 3640 3493 3934 3545; x_wconf 66' lang='lat' dir='ltr'><strong>Canielcus</strong></span> <span class='ocrx_word' id='word_1_509' title='bbox 3969 3505 4020 3545; x_wconf 87' lang='lat' dir='ltr'><strong>et</strong></span> 
     </span>
    </p>
   </div>
   <div class='ocr_carea' id='block_1_70' title="bbox 2444 3561 4016 3630">
    <p class='ocr_par' dir='ltr' id='par_1_70' title="bbox 2444 3561 4016 3630">
     <span class='ocr_line' id='line_1_70' title="bbox 2444 3561 4016 3630; baseline 0 -16"><span class='ocrx_word' id='word_1_510' title='bbox 2444 3564 2531 3615; x_wconf 87' lang='lat' dir='ltr'><strong>alii</strong></span> <span class='ocrx_word' id='word_1_511' title='bbox 2560 3563 2766 3615; x_wconf 83' lang='lat' dir='ltr'><strong>similes</strong></span> <span class='ocrx_word' id='word_1_512' title='bbox 2792 3563 2882 3630; x_wconf 91' lang='lat' dir='ltr'><strong>qui</strong></span> <span class='ocrx_word' id='word_1_513' title='bbox 2922 3579 3028 3615; x_wconf 89' lang='lat' dir='ltr'><strong>non</strong></span> <span class='ocrx_word' id='word_1_514' title='bbox 3055 3565 3164 3617; x_wconf 90' lang='lat' dir='ltr'><strong>sint</strong></span> <span class='ocrx_word' id='word_1_515' title='bbox 3189 3563 3347 3616; x_wconf 88' lang='lat' dir='ltr'><strong>simul</strong></span> <span class='ocrx_word' id='word_1_516' title='bbox 3380 3563 3618 3616; x_wconf 84' lang='lat' dir='ltr'><strong>Patricii.</strong></span> <span class='ocrx_word' id='word_1_517' title='bbox 3658 3561 3778 3615; x_wconf 74' lang='lat' dir='ltr'><strong>Vid.</strong></span> <span class='ocrx_word' id='word_1_518' title='bbox 3800 3579 3851 3630; x_wconf 89' lang='lat' dir='ltr'><strong>p.</strong></span> <span class='ocrx_word' id='word_1_519' title='bbox 3897 3562 4016 3614; x_wconf 81' lang='lat' dir='ltr'><strong>l69.</strong></span> 
     </span>
    </p>
   </div>
   <div class='ocr_carea' id='block_1_71' title="bbox 2444 3631 4018 3701">
    <p class='ocr_par' dir='ltr' id='par_1_71' title="bbox 2444 3631 4018 3701">
     <span class='ocr_line' id='line_1_71' title="bbox 2444 3631 4018 3701; baseline -0.001 -17"><span class='ocrx_word' id='word_1_520' title='bbox 2444 3635 2461 3654; x_wconf 89' lang='lat'>&#39;</span> <span class='ocrx_word' id='word_1_521' title='bbox 2488 3632 2790 3701; x_wconf 85' lang='lat' dir='ltr'><strong>Illonorius</strong></span> <span class='ocrx_word' id='word_1_522' title='bbox 2821 3633 3250 3685; x_wconf 75' lang='lat' dir='ltr'><strong>Constantinum</strong></span> <span class='ocrx_word' id='word_1_523' title='bbox 3282 3631 3412 3686; x_wconf 78' lang='lat' dir='ltr'><strong>facit</strong></span> <span class='ocrx_word' id='word_1_524' title='bbox 3453 3632 3841 3700; x_wconf 73' lang='grc' dir='ltr'>συγκλητικὸν,</span> <span class='ocrx_word' id='word_1_525' title='bbox 3875 3633 4018 3698; x_wconf 84' lang='lat' dir='ltr'><strong>quod</strong></span> 
     </span>
    </p>
   </div>
   <div class='ocr_carea' id='block_1_72' title="bbox 2446 3701 4019 3771">
    <p class='ocr_par' dir='ltr' id='par_1_72' title="bbox 2446 3701 4019 3771">
     <span class='ocr_line' id='line_1_72' title="bbox 2446 3701 4019 3771; baseline 0 -16"><span class='ocrx_word' id='word_1_526' title='bbox 2446 3703 2692 3755; x_wconf 87' lang='lat' dir='ltr'><strong>redditur</strong></span> <span class='ocrx_word' id='word_1_527' title='bbox 2717 3701 3048 3756; x_wconf 69' lang='lat' dir='ltr'><strong>Senator-em.</strong></span> <span class='ocrx_word' id='word_1_528' title='bbox 3065 3702 3310 3768; x_wconf 87' lang='lat' dir='ltr'><strong>Theoph.</strong></span> <span class='ocrx_word' id='word_1_529' title='bbox 3333 3719 3386 3771; x_wconf 90' lang='lat' dir='ltr'><strong>p.</strong></span> <span class='ocrx_word' id='word_1_530' title='bbox 3408 3701 3548 3771; x_wconf 76' lang='lat' dir='ltr'><strong>6li.]‘</strong></span> <span class='ocrx_word' id='word_1_531' title='bbox 3566 3702 3794 3755; x_wconf 86' lang='lat' dir='ltr'><strong>Gnther.</strong></span> <span class='ocrx_word' id='word_1_532' title='bbox 3822 3703 4019 3770; x_wconf 75' lang='lat' dir='ltr'><strong>p.155.</strong></span> 
     </span>
    </p>
   </div>
   <div class='ocr_carea' id='block_1_73' title="bbox 2446 3772 4021 3842">
    <p class='ocr_par' dir='ltr' id='par_1_73' title="bbox 2446 3772 4021 3842">
     <span class='ocr_line' id='line_1_73' title="bbox 2446 3772 4021 3842; baseline -0.001 -17"><span class='ocrx_word' id='word_1_533' title='bbox 2446 3775 2609 3825; x_wconf 88' lang='lat' dir='ltr'><strong>vertit</strong></span> <span class='ocrx_word' id='word_1_534' title='bbox 2635 3787 2818 3825; x_wconf 89' lang='lat' dir='ltr'><strong>vocem</strong></span> <span class='ocrx_word' id='word_1_535' title='bbox 2857 3772 3234 3842; x_wconf 78' lang='grc' dir='ltr'>συγκλητικοί,</span> <span class='ocrx_word' id='word_1_536' title='bbox 3275 3777 3414 3826; x_wconf 84' lang='lat' dir='ltr'><strong>sacri</strong></span> <span class='ocrx_word' id='word_1_537' title='bbox 3452 3775 3642 3839; x_wconf 86' lang='lat' dir='ltr'><strong>palatii</strong></span> <span class='ocrx_word' id='word_1_538' title='bbox 3665 3789 3932 3842; x_wconf 69' lang='lat' dir='ltr'><strong>proceres.</strong></span> <span class='ocrx_word' id='word_1_539' title='bbox 3968 3782 4021 3826; x_wconf 85' lang='lat' dir='ltr'><strong>et</strong></span> 
     </span>
    </p>
   </div>
   <div class='ocr_carea' id='block_1_74' title="bbox 2449 3841 4023 3912">
    <p class='ocr_par' dir='ltr' id='par_1_74' title="bbox 2449 3841 4023 3912">
     <span class='ocr_line' id='line_1_74' title="bbox 2449 3841 4023 3912; baseline 0.001 -18"><span class='ocrx_word' id='word_1_540' title='bbox 2449 3842 2801 3910; x_wconf 90' lang='lat' dir='ltr'><strong>reprehendit</strong></span> <span class='ocrx_word' id='word_1_541' title='bbox 2833 3841 3190 3912; x_wconf 76' lang='lat' dir='ltr'><strong>BasilieOrum</strong></span> <span class='ocrx_word' id='word_1_542' title='bbox 3236 3843 3611 3911; x_wconf 85' lang='lat' dir='ltr'><strong>interpretem,</strong></span> <span class='ocrx_word' id='word_1_543' title='bbox 3668 3845 3759 3912; x_wconf 86' lang='lat' dir='ltr'><strong>qui</strong></span> <span class='ocrx_word' id='word_1_544' title='bbox 3796 3841 4023 3908; x_wconf 79' lang='lat' dir='ltr'><strong>Senato-</strong></span> 
     </span>
    </p>
   </div>
   <div class='ocr_carea' id='block_1_75' title="bbox 2448 3911 4021 3980">
    <p class='ocr_par' dir='ltr' id='par_1_75' title="bbox 2448 3911 4021 3980">
     <span class='ocr_line' id='line_1_75' title="bbox 2448 3911 4021 3980; baseline -0.001 -16"><span class='ocrx_word' id='word_1_545' title='bbox 2448 3929 2530 3965; x_wconf 80' lang='lat' dir='ltr'><strong>res</strong></span> <span class='ocrx_word' id='word_1_546' title='bbox 2561 3912 2807 3964; x_wconf 87' lang='lat' dir='ltr'><strong>dederat.</strong></span> <span class='ocrx_word' id='word_1_547' title='bbox 2845 3911 3182 3966; x_wconf 90' lang='lat' dir='ltr'><strong>lncurrimus</strong></span> <span class='ocrx_word' id='word_1_548' title='bbox 3207 3913 3389 3980; x_wconf 90' lang='lat' dir='ltr'><strong>itaque</strong></span> <span class='ocrx_word' id='word_1_549' title='bbox 3418 3911 3695 3973; x_wconf 77' lang='lat' dir='ltr'><strong>eamdem,</strong></span> <span class='ocrx_word' id='word_1_550' title='bbox 3723 3914 3777 3965; x_wconf 92' lang='lat' dir='ltr'><strong>in</strong></span> <span class='ocrx_word' id='word_1_551' title='bbox 3816 3924 4021 3970; x_wconf 79' lang='lat' dir='ltr'><strong>notam.</strong></span> 
     </span>
    </p>
   </div>
   <div class='ocr_carea' id='block_1_76' title="bbox 2450 3981 4020 4050">
    <p class='ocr_par' dir='ltr' id='par_1_76' title="bbox 2450 3981 4020 4050">
     <span class='ocr_line' id='line_1_76' title="bbox 2450 3981 4020 4050; baseline -0.001 -17"><span class='ocrx_word' id='word_1_552' title='bbox 2450 3984 2540 4050; x_wconf 90' lang='lat' dir='ltr'><strong>qui</strong></span> <span class='ocrx_word' id='word_1_553' title='bbox 2573 3981 2773 4049; x_wconf 62' lang='lat' dir='ltr'><strong>saepius</strong></span> <span class='ocrx_word' id='word_1_554' title='bbox 2804 3981 2943 4050; x_wconf 80' lang='lat' dir='ltr'><strong>idem</strong></span> <span class='ocrx_word' id='word_1_555' title='bbox 2978 3981 3227 4036; x_wconf 77' lang='lat' dir='ltr'><strong>fecimus.</strong></span> <span class='ocrx_word' id='word_1_556' title='bbox 3275 3982 3380 4036; x_wconf 81' lang='lat' dir='ltr'><strong>Sed</strong></span> <span class='ocrx_word' id='word_1_557' title='bbox 3437 3983 3578 4036; x_wconf 77' lang='lat' dir='ltr'><strong>forte</strong></span> <span class='ocrx_word' id='word_1_558' title='bbox 3613 3983 3895 4034; x_wconf 90' lang='lat' dir='ltr'><strong>immerito</strong></span> <span class='ocrx_word' id='word_1_559' title='bbox 3930 3998 4020 4032; x_wconf 82' lang='lat' dir='ltr'><strong>va-</strong></span> 
     </span>
    </p>
   </div>
   <div class='ocr_carea' id='block_1_77' title="bbox 777 4043 4019 4128">
    <p class='ocr_par' dir='ltr' id='par_1_77' title="bbox 777 4043 4019 4128">
     <span class='ocr_line' id='line_1_77' title="bbox 777 4043 4019 4128; baseline -0.001 -23"><span class='ocrx_word' id='word_1_560' title='bbox 777 4043 1012 4128; x_wconf 67' lang='lat' dir='ltr'><strong>deditos.</strong></span> <span class='ocrx_word' id='word_1_561' title='bbox 1045 4054 1184 4107; x_wconf 61' lang='lat' dir='ltr'><strong>etin</strong></span> <span class='ocrx_word' id='word_1_562' title='bbox 1227 4043 1518 4107; x_wconf 74' lang='lat' dir='ltr'><strong>tribunalia</strong></span> <span class='ocrx_word' id='word_1_563' title='bbox 1549 4057 1696 4128; x_wconf 80' lang='lat' dir='ltr'><strong>varia</strong></span> <span class='ocrx_word' id='word_1_564' title='bbox 1731 4057 2075 4128; x_wconf 86' lang='lat' dir='ltr'><strong>distributos,</strong></span> <span class='ocrx_word' id='word_1_565' title='bbox 2109 4056 2201 4128; x_wconf 84' lang='lat' dir='ltr'><strong>qui</strong></span> <span class='ocrx_word' id='word_1_566' title='bbox 2230 4069 2336 4106; x_wconf 92' lang='lat' dir='ltr'><strong>non</strong></span> <span class='ocrx_word' id='word_1_567' title='bbox 2368 4071 2410 4128; x_wconf 69' lang='grc' dir='ltr'><strong>ρ</strong></span> <span class='ocrx_word' id='word_1_568' title='bbox 2451 4043 2724 4128; x_wconf 43' lang='lat' dir='ltr'><strong>putamus“,</strong></span> <span class='ocrx_word' id='word_1_569' title='bbox 2774 4060 2829 4105; x_wconf 86' lang='lat' dir='ltr'><strong>et</strong></span> <span class='ocrx_word' id='word_1_570' title='bbox 2867 4043 2941 4104; x_wconf 80' lang='lat' dir='ltr'><strong>nil</strong></span> <span class='ocrx_word' id='word_1_571' title='bbox 2975 4061 3154 4128; x_wconf 35' lang='lat' dir='ltr'><strong>.nocet</strong></span> <span class='ocrx_word' id='word_1_572' title='bbox 3213 4053 3290 4128; x_wconf 76' lang='lat' dir='ltr'><strong>ita</strong></span> <span class='ocrx_word' id='word_1_573' title='bbox 3327 4061 3559 4111; x_wconf 86' lang='lat' dir='ltr'><strong>vertere.</strong></span> <span class='ocrx_word' id='word_1_574' title='bbox 3612 4052 3914 4128; x_wconf 81' lang='lat' dir='ltr'><strong>dummodo</strong></span> <span class='ocrx_word' id='word_1_575' title='bbox 3941 4062 4019 4104; x_wconf 81' lang='lat' dir='ltr'><strong>te-</strong></span> 
     </span>
    </p>
   </div>
   <div class='ocr_carea' id='block_1_78' title="bbox 780 4125 2336 4193">
    <p class='ocr_par' dir='ltr' id='par_1_78' title="bbox 780 4125 2336 4193">
     <span class='ocr_line' id='line_1_78' title="bbox 780 4125 2336 4193; baseline 0.001 -18"><span class='ocrx_word' id='word_1_576' title='bbox 780 4126 941 4193; x_wconf 77' lang='lat' dir='ltr'><strong>simul</strong></span> <span class='ocrx_word' id='word_1_577' title='bbox 986 4134 1191 4185; x_wconf 79' lang='lat' dir='ltr'><strong>essent.</strong></span> <span class='ocrx_word' id='word_1_578' title='bbox 1254 4141 1428 4190; x_wconf 87' lang='lat' dir='ltr'><strong>neque</strong></span> <span class='ocrx_word' id='word_1_579' title='bbox 1463 4127 1696 4193; x_wconf 84' lang='lat' dir='ltr'><strong>patricii.</strong></span> <span class='ocrx_word' id='word_1_580' title='bbox 1743 4137 1802 4180; x_wconf 88' lang='lat' dir='ltr'><strong>ut</strong></span> <span class='ocrx_word' id='word_1_581' title='bbox 1835 4127 2139 4178; x_wconf 81' lang='lat' dir='ltr'><strong>luculenter</strong></span> <span class='ocrx_word' id='word_1_582' title='bbox 2180 4125 2336 4177; x_wconf 90' lang='lat' dir='ltr'><strong>locus</strong></span> 
     </span>
    </p>
   </div>
   <div class='ocr_carea' id='block_1_79' title="bbox 777 4191 2334 4263">
    <p class='ocr_par' dir='ltr' id='par_1_79' title="bbox 777 4191 2334 4263">
     <span class='ocr_line' id='line_1_79' title="bbox 777 4191 2334 4263; baseline 0.002 -20"><span class='ocrx_word' id='word_1_583' title='bbox 777 4191 959 4245; x_wconf 75' lang='lat' dir='ltr'><strong>Nostri</strong></span> <span class='ocrx_word' id='word_1_584' title='bbox 988 4209 1039 4261; x_wconf 89' lang='lat' dir='ltr'><strong>p.</strong></span> <span class='ocrx_word' id='word_1_585' title='bbox 1074 4194 1194 4254; x_wconf 60' lang='grc' dir='ltr'>με,</span> <span class='ocrx_word' id='word_1_586' title='bbox 1229 4191 1588 4255; x_wconf 79' lang='lat' dir='ltr'><strong>demonsirat.</strong></span> <span class='ocrx_word' id='word_1_587' title='bbox 1616 4213 1790 4263; x_wconf 89' lang='lat' dir='ltr'><strong>neque</strong></span> <span class='ocrx_word' id='word_1_588' title='bbox 1819 4197 2051 4257; x_wconf 86' lang='lat' dir='ltr'><strong>basilici,</strong></span> <span class='ocrx_word' id='word_1_589' title='bbox 2089 4211 2182 4247; x_wconf 90' lang='lat' dir='ltr'><strong>seu</strong></span> <span class='ocrx_word' id='word_1_590' title='bbox 2222 4196 2334 4261; x_wconf 87' lang='lat' dir='ltr'><strong>pri-</strong></span> 
     </span>
    </p>
   </div>
   <div class='ocr_carea' id='block_1_80' title="bbox 779 4264 2336 4335">
    <p class='ocr_par' dir='ltr' id='par_1_80' title="bbox 779 4264 2336 4335">
     <span class='ocr_line' id='line_1_80' title="bbox 779 4264 2336 4335; baseline 0.001 -20"><span class='ocrx_word' id='word_1_591' title='bbox 779 4271 913 4335; x_wconf 79' lang='lat' dir='ltr'><strong>vat-e</strong></span> <span class='ocrx_word' id='word_1_592' title='bbox 946 4264 1291 4329; x_wconf 85' lang='lat' dir='ltr'><strong>imperatoris</strong></span> <span class='ocrx_word' id='word_1_593' title='bbox 1322 4264 1537 4318; x_wconf 67' lang='lat' dir='ltr'><strong>familiae</strong></span> <span class='ocrx_word' id='word_1_594' title='bbox 1568 4267 1810 4335; x_wconf 89' lang='lat' dir='ltr'><strong>ascripti,</strong></span> <span class='ocrx_word' id='word_1_595' title='bbox 1843 4275 1900 4317; x_wconf 91' lang='lat' dir='ltr'><strong>ut</strong></span> <span class='ocrx_word' id='word_1_596' title='bbox 1923 4282 1950 4319; x_wconf 90' lang='lat' dir='ltr'><strong>e</strong></span> <span class='ocrx_word' id='word_1_597' title='bbox 1975 4281 2028 4334; x_wconf 91' lang='lat' dir='ltr'><strong>p.</strong></span> <span class='ocrx_word' id='word_1_598' title='bbox 2063 4265 2189 4324; x_wconf 75' lang='lat' dir='ltr'><strong>M3.</strong></span> <span class='ocrx_word' id='word_1_599' title='bbox 2216 4265 2336 4316; x_wconf 90' lang='lat' dir='ltr'><strong>iuit.</strong></span> 
     </span>
    </p>
   </div>
   <div class='ocr_carea' id='block_1_81' title="bbox 781 4334 2337 4405">
    <p class='ocr_par' dir='ltr' id='par_1_81' title="bbox 781 4334 2337 4405">
     <span class='ocr_line' id='line_1_81' title="bbox 781 4334 2337 4405; baseline 0.001 -21"><span class='ocrx_word' id='word_1_600' title='bbox 781 4334 982 4398; x_wconf 58' lang='lat' dir='ltr'><strong>liquat;</strong></span> <span class='ocrx_word' id='word_1_601' title='bbox 1028 4335 1190 4405; x_wconf 75' lang='lat' dir='ltr'><strong>verbo</strong></span> <span class='ocrx_word' id='word_1_602' title='bbox 1225 4335 1315 4400; x_wconf 89' lang='lat' dir='ltr'><strong>qui</strong></span> <span class='ocrx_word' id='word_1_603' title='bbox 1347 4338 1480 4390; x_wconf 86' lang='lat' dir='ltr'><strong>alias</strong></span> <span class='ocrx_word' id='word_1_604' title='bbox 1509 4340 1554 4387; x_wconf 73' lang='grc' dir='ltr'>οἱ</span> <span class='ocrx_word' id='word_1_605' title='bbox 1589 4334 1915 4405; x_wconf 80' lang='grc' dir='ltr'>σεκρετικοί,</span> <span class='ocrx_word' id='word_1_606' title='bbox 1951 4350 2045 4387; x_wconf 75' lang='lat' dir='ltr'><strong>Sen</strong></span> <span class='ocrx_word' id='word_1_607' title='bbox 2084 4337 2337 4405; x_wconf 84' lang='lat' dir='ltr'><strong>tribuna-</strong></span> 
     </span>
    </p>
   </div>
   <div class='ocr_carea' id='block_1_82' title="bbox 783 4403 2338 4473">
    <p class='ocr_par' dir='ltr' id='par_1_82' title="bbox 783 4403 2338 4473">
     <span class='ocr_line' id='line_1_82' title="bbox 783 4403 2338 4473; baseline 0 -17"><span class='ocrx_word' id='word_1_608' title='bbox 783 4406 882 4465; x_wconf 68' lang='lat' dir='ltr'><strong>la-s,</strong></span> <span class='ocrx_word' id='word_1_609' title='bbox 926 4403 1161 4473; x_wconf 77' lang='lat' dir='ltr'><strong>curiales</strong></span> <span class='ocrx_word' id='word_1_610' title='bbox 1193 4406 1450 4456; x_wconf 87' lang='lat' dir='ltr'><strong>dicuntur</strong></span> <span class='ocrx_word' id='word_1_611' title='bbox 1500 4409 1573 4470; x_wconf 71' lang='grc' dir='ltr'><strong>(ν.</strong></span> <span class='ocrx_word' id='word_1_612' title='bbox 1629 4403 1858 4472; x_wconf 54' lang='grc' dir='ltr'><strong>ρζιὸο),</strong></span> <span class='ocrx_word' id='word_1_613' title='bbox 1922 4405 2069 4473; x_wconf 91' lang='lat' dir='ltr'><strong>quod</strong></span> <span class='ocrx_word' id='word_1_614' title='bbox 2107 4403 2194 4456; x_wconf 87' lang='lat' dir='ltr'><strong>alii</strong></span> <span class='ocrx_word' id='word_1_615' title='bbox 2233 4406 2338 4456; x_wconf 89' lang='lat' dir='ltr'><strong>alia</strong></span> 
     </span>
    </p>
   </div>
   <div class='ocr_carea' id='block_1_83' title="bbox 785 4472 2338 4544">
    <p class='ocr_par' dir='ltr' id='par_1_83' title="bbox 785 4472 2338 4544">
     <span class='ocr_line' id='line_1_83' title="bbox 785 4472 2338 4544; baseline 0 -19"><span class='ocrx_word' id='word_1_616' title='bbox 785 4472 1099 4544; x_wconf 83' lang='lat' dir='ltr'><strong>tribunalia,</strong></span> <span class='ocrx_word' id='word_1_617' title='bbox 1136 4474 1214 4525; x_wconf 84' lang='lat' dir='ltr'><strong>vel</strong></span> <span class='ocrx_word' id='word_1_618' title='bbox 1247 4476 1449 4536; x_wconf 80' lang='lat' dir='ltr'><strong>curias.</strong></span> <span class='ocrx_word' id='word_1_619' title='bbox 1476 4477 1701 4542; x_wconf 82' lang='lat' dir='ltr'><strong>judicia,</strong></span> <span class='ocrx_word' id='word_1_620' title='bbox 1751 4472 2169 4544; x_wconf 83' lang='lat' dir='ltr'><strong>procurationes</strong></span> <span class='ocrx_word' id='word_1_621' title='bbox 2192 4475 2338 4526; x_wconf 74' lang='lat' dir='ltr'><strong>nat-ti</strong></span> 
     </span>
    </p>
   </div>
   <div class='ocr_carea' id='block_1_84' title="bbox 786 4543 2343 4611">
    <p class='ocr_par' dir='ltr' id='par_1_84' title="bbox 786 4543 2343 4611">
     <span class='ocr_line' id='line_1_84' title="bbox 786 4543 2343 4611; baseline 0 -15"><span class='ocrx_word' id='word_1_622' title='bbox 786 4545 919 4602; x_wconf 74' lang='lat' dir='ltr'><strong>sint.</strong></span> <span class='ocrx_word' id='word_1_623' title='bbox 973 4543 1024 4594; x_wconf 91' lang='lat' dir='ltr'><strong>in</strong></span> <span class='ocrx_word' id='word_1_624' title='bbox 1080 4544 1278 4610; x_wconf 80' lang='lat' dir='ltr'><strong>quibus</strong></span> <span class='ocrx_word' id='word_1_625' title='bbox 1312 4559 1368 4596; x_wconf 90' lang='lat' dir='ltr'><strong>se</strong></span> <span class='ocrx_word' id='word_1_626' title='bbox 1401 4555 1710 4606; x_wconf 78' lang='lat' dir='ltr'><strong>exerceant.</strong></span> <span class='ocrx_word' id='word_1_627' title='bbox 1753 4543 1825 4598; x_wconf 15' lang='lat' dir='ltr'><strong>ret</strong></span> <span class='ocrx_word' id='word_1_628' title='bbox 1873 4544 2182 4611; x_wconf 74' lang='lat' dir='ltr'><strong>reipublica:</strong></span> <span class='ocrx_word' id='word_1_629' title='bbox 2213 4547 2343 4596; x_wconf 89' lang='lat' dir='ltr'><strong>tiaut</strong></span> 
     </span>
    </p>
   </div>
   <div class='ocr_carea' id='block_1_85' title="bbox 790 4611 2343 4682">
    <p class='ocr_par' dir='ltr' id='par_1_85' title="bbox 790 4611 2343 4682">
     <span class='ocr_line' id='line_1_85' title="bbox 790 4611 2343 4682; baseline 0.002 -21"><span class='ocrx_word' id='word_1_630' title='bbox 790 4613 971 4671; x_wconf 89' lang='lat' dir='ltr'><strong>utiles.</strong></span> <span class='ocrx_word' id='word_1_631' title='bbox 1009 4611 1062 4664; x_wconf 91' lang='lat' dir='ltr'><strong>hi</strong></span> <span class='ocrx_word' id='word_1_632' title='bbox 1087 4615 1326 4666; x_wconf 86' lang='lat' dir='ltr'><strong>rationes</strong></span> <span class='ocrx_word' id='word_1_633' title='bbox 1363 4615 1626 4679; x_wconf 87' lang='lat' dir='ltr'><strong>publicas.</strong></span> <span class='ocrx_word' id='word_1_634' title='bbox 1661 4614 1751 4666; x_wconf 87' lang='lat' dir='ltr'><strong>alii</strong></span> <span class='ocrx_word' id='word_1_635' title='bbox 1802 4615 2061 4682; x_wconf 86' lang='lat' dir='ltr'><strong>privatas.</strong></span> <span class='ocrx_word' id='word_1_636' title='bbox 2096 4616 2186 4666; x_wconf 83' lang='lat' dir='ltr'><strong>alii</strong></span> <span class='ocrx_word' id='word_1_637' title='bbox 2243 4614 2343 4665; x_wconf 84' lang='lat' dir='ltr'><strong>liii-</strong></span> 
     </span>
    </p>
   </div>
   <div class='ocr_carea' id='block_1_86' title="bbox 787 4682 2340 4752">
    <p class='ocr_par' dir='ltr' id='par_1_86' title="bbox 787 4682 2340 4752">
     <span class='ocr_line' id='line_1_86' title="bbox 787 4682 2340 4752; baseline 0.005 -21"><span class='ocrx_word' id='word_1_638' title='bbox 787 4683 993 4752; x_wconf 68' lang='lat' dir='ltr'><strong>litares.</strong></span> <span class='ocrx_word' id='word_1_639' title='bbox 1019 4682 1106 4733; x_wconf 88' lang='lat' dir='ltr'><strong>alii</strong></span> <span class='ocrx_word' id='word_1_640' title='bbox 1137 4682 1398 4750; x_wconf 77' lang='lat' dir='ltr'><strong>politiam.</strong></span> <span class='ocrx_word' id='word_1_641' title='bbox 1431 4685 1521 4736; x_wconf 85' lang='lat' dir='ltr'><strong>alii</strong></span> <span class='ocrx_word' id='word_1_642' title='bbox 1550 4701 1659 4738; x_wconf 88' lang='lat' dir='ltr'><strong>rem</strong></span> <span class='ocrx_word' id='word_1_643' title='bbox 1687 4686 1951 4745; x_wconf 85' lang='lat' dir='ltr'><strong>navalem.</strong></span> <span class='ocrx_word' id='word_1_644' title='bbox 1972 4693 2023 4736; x_wconf 90' lang='lat' dir='ltr'><strong>ct</strong></span> <span class='ocrx_word' id='word_1_645' title='bbox 2056 4685 2130 4735; x_wconf 88' lang='lat' dir='ltr'><strong>sic</strong></span> <span class='ocrx_word' id='word_1_646' title='bbox 2156 4697 2340 4752; x_wconf 87' lang='lat' dir='ltr'><strong>porro.</strong></span> 
     </span>
    </p>
   </div>
   <div class='ocr_carea' id='block_1_87' title="bbox 787 4750 2346 4822">
    <p class='ocr_par' dir='ltr' id='par_1_87' title="bbox 787 4750 2346 4822">
     <span class='ocr_line' id='line_1_87' title="bbox 787 4750 2346 4822; baseline 0.001 -20"><span class='ocrx_word' id='word_1_647' title='bbox 787 4750 849 4803; x_wconf 86' lang='lat' dir='ltr'><strong>P.</strong></span> <span class='ocrx_word' id='word_1_648' title='bbox 909 4752 1031 4810; x_wconf 74' lang='grc' dir='ltr'><strong>ΗΟ.</strong></span> <span class='ocrx_word' id='word_1_649' title='bbox 1065 4752 1478 4819; x_wconf 83' lang='lat' dir='ltr'><strong>distinguuntur</strong></span> <span class='ocrx_word' id='word_1_650' title='bbox 1513 4756 1560 4806; x_wconf 83' lang='grc' dir='ltr'>οἱ</span> <span class='ocrx_word' id='word_1_651' title='bbox 1592 4754 1943 4822; x_wconf 73' lang='grc' dir='ltr'>συγκλητικοὶ</span> <span class='ocrx_word' id='word_1_652' title='bbox 1981 4769 2010 4805; x_wconf 87' lang='lat' dir='ltr'><strong>a</strong></span> <span class='ocrx_word' id='word_1_653' title='bbox 2052 4750 2169 4822; x_wconf 49' lang='lat' dir='ltr'><strong>tot:</strong></span> <span class='ocrx_word' id='word_1_654' title='bbox 2213 4769 2346 4820; x_wconf 82' lang='grc' dir='ltr'>προ-</span> 
     </span>
    </p>
   </div>
   <div class='ocr_carea' id='block_1_88' title="bbox 792 4821 2344 4888">
    <p class='ocr_par' dir='ltr' id='par_1_88' title="bbox 792 4821 2344 4888">
     <span class='ocr_line' id='line_1_88' title="bbox 792 4821 2344 4888; baseline 0 -15"><span class='ocrx_word' id='word_1_655' title='bbox 792 4821 1173 4888; x_wconf 78' lang='grc' dir='ltr'>ελευσιμαίοις,</span> <span class='ocrx_word' id='word_1_656' title='bbox 1207 4823 1256 4874; x_wconf 88' lang='lat' dir='ltr'><strong>id</strong></span> <span class='ocrx_word' id='word_1_657' title='bbox 1286 4833 1368 4876; x_wconf 89' lang='lat' dir='ltr'><strong>est</strong></span> <span class='ocrx_word' id='word_1_658' title='bbox 1391 4825 1550 4876; x_wconf 85' lang='lat' dir='ltr'><strong>rebus</strong></span> <span class='ocrx_word' id='word_1_659' title='bbox 1581 4821 2030 4877; x_wconf 78' lang='lat' dir='ltr'><strong>admiuiStrandis</strong></span> <span class='ocrx_word' id='word_1_660' title='bbox 2058 4821 2282 4875; x_wconf 87' lang='lat' dir='ltr'><strong>adhibiti</strong></span> <span class='ocrx_word' id='word_1_661' title='bbox 2315 4838 2344 4873; x_wconf 89' lang='lat' dir='ltr'><strong>a</strong></span> 
     </span>
    </p>
   </div>
   <div class='ocr_carea' id='block_1_89' title="bbox 790 4892 2344 4963">
    <p class='ocr_par' dir='ltr' id='par_1_89' title="bbox 790 4892 2344 4963">
     <span class='ocr_line' id='line_1_89' title="bbox 790 4892 2344 4963; baseline 0.002 -23"><span class='ocrx_word' id='word_1_662' title='bbox 790 4892 1133 4963; x_wconf 80' lang='lat' dir='ltr'><strong>pompaticis,</strong></span> <span class='ocrx_word' id='word_1_663' title='bbox 1161 4908 1392 4960; x_wconf 87' lang='lat' dir='ltr'><strong>quorum</strong></span> <span class='ocrx_word' id='word_1_664' title='bbox 1418 4903 1623 4946; x_wconf 90' lang='lat' dir='ltr'><strong>tantum</strong></span> <span class='ocrx_word' id='word_1_665' title='bbox 1649 4903 1765 4947; x_wconf 89' lang='lat' dir='ltr'><strong>erat</strong></span> <span class='ocrx_word' id='word_1_666' title='bbox 1790 4894 2033 4963; x_wconf 88' lang='lat' dir='ltr'><strong>quotidie</strong></span> <span class='ocrx_word' id='word_1_667' title='bbox 2059 4894 2112 4945; x_wconf 90' lang='lat' dir='ltr'><strong>in</strong></span> <span class='ocrx_word' id='word_1_668' title='bbox 2135 4893 2344 4945; x_wconf 88' lang='lat' dir='ltr'><strong>curiam</strong></span> 
     </span>
    </p>
   </div>
   <div class='ocr_carea' id='block_1_90' title="bbox 790 4961 2347 5030">
    <p class='ocr_par' dir='ltr' id='par_1_90' title="bbox 790 4961 2347 5030">
     <span class='ocr_line' id='line_1_90' title="bbox 790 4961 2347 5030; baseline 0.001 -19"><span class='ocrx_word' id='word_1_669' title='bbox 790 4961 1083 5028; x_wconf 81' lang='lat' dir='ltr'><strong>procedere</strong></span> <span class='ocrx_word' id='word_1_670' title='bbox 1127 4973 1179 5013; x_wconf 92' lang='lat' dir='ltr'><strong>et</strong></span> <span class='ocrx_word' id='word_1_671' title='bbox 1215 4980 1440 5016; x_wconf 90' lang='lat' dir='ltr'><strong>numeru</strong></span> <span class='ocrx_word' id='word_1_672' title='bbox 1467 4982 1495 5013; x_wconf 84' lang='grc' dir='ltr'><strong>ιι</strong></span> <span class='ocrx_word' id='word_1_673' title='bbox 1555 4961 1846 5017; x_wconf 78' lang='lat' dir='ltr'><strong>comitatus</strong></span> <span class='ocrx_word' id='word_1_674' title='bbox 1897 4978 2116 5029; x_wconf 81' lang='lat' dir='ltr'><strong>augere,</strong></span> <span class='ocrx_word' id='word_1_675' title='bbox 2156 4965 2347 5030; x_wconf 87' lang='lat' dir='ltr'><strong>quales</strong></span> 
     </span>
    </p>
   </div>
   <div class='ocr_carea' id='block_1_91' title="bbox 791 5031 2348 5101">
    <p class='ocr_par' dir='ltr' id='par_1_91' title="bbox 791 5031 2348 5101">
     <span class='ocr_line' id='line_1_91' title="bbox 791 5031 2348 5101; baseline 0 -19"><span class='ocrx_word' id='word_1_676' title='bbox 791 5037 947 5082; x_wconf 87' lang='lat' dir='ltr'><strong>erant</strong></span> <span class='ocrx_word' id='word_1_677' title='bbox 995 5032 1216 5101; x_wconf 79' lang='lat' dir='ltr'><strong>patricii</strong></span> <span class='ocrx_word' id='word_1_678' title='bbox 1270 5035 1424 5094; x_wconf 78' lang='lat' dir='ltr'><strong>meri.</strong></span> <span class='ocrx_word' id='word_1_679' title='bbox 1459 5049 1553 5085; x_wconf 88' lang='lat' dir='ltr'><strong>seu</strong></span> <span class='ocrx_word' id='word_1_680' title='bbox 1588 5034 1855 5088; x_wconf 89' lang='lat' dir='ltr'><strong>titulares.</strong></span> <span class='ocrx_word' id='word_1_681' title='bbox 1913 5035 2060 5086; x_wconf 79' lang='lat' dir='ltr'><strong>Alias</strong></span> <span class='ocrx_word' id='word_1_682' title='bbox 2108 5031 2348 5101; x_wconf 82' lang='lat' dir='ltr'><strong>generali</strong></span> 
     </span>
    </p>
   </div>
   <div class='ocr_carea' id='block_1_92' title="bbox 795 5099 2348 5172">
    <p class='ocr_par' dir='ltr' id='par_1_92' title="bbox 795 5099 2348 5172">
     <span class='ocr_line' id='line_1_92' title="bbox 795 5099 2348 5172; baseline 0.001 -20"><span class='ocrx_word' id='word_1_683' title='bbox 795 5115 956 5172; x_wconf 79' lang='lat' dir='ltr'><strong>sensu</strong></span> <span class='ocrx_word' id='word_1_684' title='bbox 992 5099 1211 5153; x_wconf 82' lang='lat' dir='ltr'><strong>l’atricii</strong></span> <span class='ocrx_word' id='word_1_685' title='bbox 1238 5117 1452 5172; x_wconf 85' lang='lat' dir='ltr'><strong>quoque</strong></span> <span class='ocrx_word' id='word_1_686' title='bbox 1488 5114 1613 5157; x_wconf 91' lang='lat' dir='ltr'><strong>sunt</strong></span> <span class='ocrx_word' id='word_1_687' title='bbox 1643 5105 1952 5172; x_wconf 84' lang='lat' dir='ltr'><strong>syncletici.</strong></span> <span class='ocrx_word' id='word_1_688' title='bbox 1985 5117 2079 5157; x_wconf 83' lang='lat' dir='ltr'><strong>seu</strong></span> <span class='ocrx_word' id='word_1_689' title='bbox 2115 5099 2348 5172; x_wconf 55' lang='lat' dir='ltr'><strong>senato-5</strong></span> 
     </span>
    </p>
   </div>
   <div class='ocr_carea' id='block_1_93' title="bbox 797 5169 2348 5241">
    <p class='ocr_par' dir='ltr' id='par_1_93' title="bbox 797 5169 2348 5241">
     <span class='ocr_line' id='line_1_93' title="bbox 797 5169 2348 5241; baseline 0.001 -19"><span class='ocrx_word' id='word_1_690' title='bbox 797 5169 887 5231; x_wconf 84' lang='lat' dir='ltr'><strong>rii,</strong></span> <span class='ocrx_word' id='word_1_691' title='bbox 919 5179 974 5220; x_wconf 94' lang='lat' dir='ltr'><strong>ut</strong></span> <span class='ocrx_word' id='word_1_692' title='bbox 1002 5182 1145 5237; x_wconf 90' lang='lat' dir='ltr'><strong>patet</strong></span> <span class='ocrx_word' id='word_1_693' title='bbox 1174 5187 1202 5224; x_wconf 93' lang='lat' dir='ltr'><strong>e</strong></span> <span class='ocrx_word' id='word_1_694' title='bbox 1233 5171 1411 5225; x_wconf 72' lang='lat' dir='ltr'><strong>Nostri</strong></span> <span class='ocrx_word' id='word_1_695' title='bbox 1445 5189 1496 5240; x_wconf 91' lang='lat' dir='ltr'><strong>p.</strong></span> <span class='ocrx_word' id='word_1_696' title='bbox 1533 5175 1654 5239; x_wconf 66' lang='grc' dir='ltr'>με,</span> <span class='ocrx_word' id='word_1_697' title='bbox 1676 5169 1770 5226; x_wconf 75' lang='lat' dir='ltr'><strong>ubi</strong></span> <span class='ocrx_word' id='word_1_698' title='bbox 1817 5173 2026 5239; x_wconf 89' lang='lat' dir='ltr'><strong>patricii</strong></span> <span class='ocrx_word' id='word_1_699' title='bbox 2063 5171 2348 5241; x_wconf 83' lang='lat' dir='ltr'><strong>syuclctici</strong></span> 
     </span>
    </p>
   </div>
   <div class='ocr_carea' id='block_1_94' title="bbox 799 5242 2350 5310">
    <p class='ocr_par' dir='ltr' id='par_1_94' title="bbox 799 5242 2350 5310">
     <span class='ocr_line' id='line_1_94' title="bbox 799 5242 2350 5310; baseline 0.002 -19"><span class='ocrx_word' id='word_1_700' title='bbox 799 5242 1406 5310; x_wconf 85' lang='lat' dir='ltr'><strong>contradistiuguuutur</strong></span> <span class='ocrx_word' id='word_1_701' title='bbox 1422 5246 1530 5303; x_wconf 78' lang='grc' dir='ltr'>τοῖς</span> <span class='ocrx_word' id='word_1_702' title='bbox 1553 5244 1658 5295; x_wconf 82' lang='grc' dir='ltr'>ἀπὸ</span> <span class='ocrx_word' id='word_1_703' title='bbox 1683 5243 1909 5295; x_wconf 85' lang='grc' dir='ltr'>σπαθίου</span> <span class='ocrx_word' id='word_1_704' title='bbox 1928 5259 2020 5296; x_wconf 89' lang='lat' dir='ltr'><strong>seu</strong></span> <span class='ocrx_word' id='word_1_705' title='bbox 2038 5243 2350 5310; x_wconf 88' lang='lat' dir='ltr'><strong>spathariis.</strong></span> 
     </span>
    </p>
   </div>
   <div class='ocr_carea' id='block_1_95' title="bbox 798 5309 2348 5379">
    <p class='ocr_par' dir='ltr' id='par_1_95' title="bbox 798 5309 2348 5379">
     <span class='ocr_line' id='line_1_95' title="bbox 798 5309 2348 5379; baseline 0.001 -19"><span class='ocrx_word' id='word_1_706' title='bbox 798 5321 850 5360; x_wconf 89' lang='lat' dir='ltr'><strong>et</strong></span> <span class='ocrx_word' id='word_1_707' title='bbox 894 5310 946 5359; x_wconf 91' lang='lat' dir='ltr'><strong>in</strong></span> <span class='ocrx_word' id='word_1_708' title='bbox 979 5309 1292 5362; x_wconf 82' lang='lat' dir='ltr'><strong>universum</strong></span> <span class='ocrx_word' id='word_1_709' title='bbox 1340 5313 1687 5366; x_wconf 82' lang='lat' dir='ltr'><strong>militaribus.</strong></span> <span class='ocrx_word' id='word_1_710' title='bbox 1723 5312 1891 5365; x_wconf 86' lang='lat' dir='ltr'><strong>Erant</strong></span> <span class='ocrx_word' id='word_1_711' title='bbox 1945 5309 2088 5366; x_wconf 84' lang='lat' dir='ltr'><strong>enim</strong></span> <span class='ocrx_word' id='word_1_712' title='bbox 2126 5312 2348 5379; x_wconf 89' lang='lat' dir='ltr'><strong>patricii</strong></span> 
     </span>
    </p>
   </div>
   <div class='ocr_carea' id='block_1_96' title="bbox 799 5379 2351 5450">
    <p class='ocr_par' dir='ltr' id='par_1_96' title="bbox 799 5379 2351 5450">
     <span class='ocr_line' id='line_1_96' title="bbox 799 5379 2351 5450; baseline 0.002 -19"><span class='ocrx_word' id='word_1_713' title='bbox 799 5379 1020 5446; x_wconf 87' lang='lat' dir='ltr'><strong>quidam</strong></span> <span class='ocrx_word' id='word_1_714' title='bbox 1051 5396 1194 5450; x_wconf 81' lang='lat' dir='ltr'><strong>mere</strong></span> <span class='ocrx_word' id='word_1_715' title='bbox 1226 5382 1489 5443; x_wconf 82' lang='lat' dir='ltr'><strong>titulares,</strong></span> <span class='ocrx_word' id='word_1_716' title='bbox 1523 5390 1573 5433; x_wconf 79' lang='lat' dir='ltr'><strong>et</strong></span> <span class='ocrx_word' id='word_1_717' title='bbox 1594 5387 1657 5434; x_wconf 89' lang='lat' dir='ltr'><strong>ad</strong></span> <span class='ocrx_word' id='word_1_718' title='bbox 1695 5395 1937 5436; x_wconf 88' lang='lat' dir='ltr'><strong>neutram</strong></span> <span class='ocrx_word' id='word_1_719' title='bbox 1968 5385 2196 5436; x_wconf 84' lang='lat' dir='ltr'><strong>classem</strong></span> <span class='ocrx_word' id='word_1_720' title='bbox 2231 5397 2351 5450; x_wconf 85' lang='lat' dir='ltr'><strong>pcr-</strong></span> 
     </span>
    </p>
   </div>
   <div class='ocr_carea' id='block_1_97' title="bbox 2451 4121 4020 4189">
    <p class='ocr_par' dir='ltr' id='par_1_97' title="bbox 2451 4121 4020 4189">
     <span class='ocr_line' id='line_1_97' title="bbox 2451 4121 4020 4189; baseline -0.004 -12"><span class='ocrx_word' id='word_1_721' title='bbox 2451 4121 2663 4186; x_wconf 84' lang='lat' dir='ltr'><strong>neatur,</strong></span> <span class='ocrx_word' id='word_1_722' title='bbox 2690 4122 2948 4175; x_wconf 89' lang='lat' dir='ltr'><strong>Senatum</strong></span> <span class='ocrx_word' id='word_1_723' title='bbox 2975 4121 3117 4175; x_wconf 89' lang='lat' dir='ltr'><strong>idem</strong></span> <span class='ocrx_word' id='word_1_724' title='bbox 3141 4123 3295 4176; x_wconf 87' lang='lat' dir='ltr'><strong>nobis</strong></span> <span class='ocrx_word' id='word_1_725' title='bbox 3324 4138 3445 4177; x_wconf 88' lang='lat' dir='ltr'><strong>esse</strong></span> <span class='ocrx_word' id='word_1_726' title='bbox 3472 4130 3637 4189; x_wconf 86' lang='lat' dir='ltr'><strong>atque</strong></span> <span class='ocrx_word' id='word_1_727' title='bbox 3672 4124 4020 4178; x_wconf 80' lang='lat' dir='ltr'><strong>comitatum.</strong></span> 
     </span>
    </p>
   </div>
   <div class='ocr_carea' id='block_1_98' title="bbox 2448 4192 4016 4260">
    <p class='ocr_par' dir='ltr' id='par_1_98' title="bbox 2448 4192 4016 4260">
     <span class='ocr_line' id='line_1_98' title="bbox 2448 4192 4016 4260; baseline -0.001 -16"><span class='ocrx_word' id='word_1_728' title='bbox 2448 4207 2626 4260; x_wconf 90' lang='lat' dir='ltr'><strong>neque</strong></span> <span class='ocrx_word' id='word_1_729' title='bbox 2661 4207 2760 4246; x_wconf 89' lang='lat' dir='ltr'><strong>nos</strong></span> <span class='ocrx_word' id='word_1_730' title='bbox 2819 4192 3066 4245; x_wconf 89' lang='lat' dir='ltr'><strong>eamdem</strong></span> <span class='ocrx_word' id='word_1_731' title='bbox 3105 4192 3281 4244; x_wconf 87' lang='lat' dir='ltr'><strong>ideam</strong></span> <span class='ocrx_word' id='word_1_732' title='bbox 3333 4193 3598 4260; x_wconf 87' lang='lat' dir='ltr'><strong>vocabulo</strong></span> <span class='ocrx_word' id='word_1_733' title='bbox 3641 4202 3871 4245; x_wconf 89' lang='lat' dir='ltr'><strong>senatus</strong></span> <span class='ocrx_word' id='word_1_734' title='bbox 3921 4193 4016 4243; x_wconf 88' lang='lat' dir='ltr'><strong>tri-</strong></span> 
     </span>
    </p>
   </div>
   <div class='ocr_carea' id='block_1_99' title="bbox 2448 4259 4026 4329">
    <p class='ocr_par' dir='ltr' id='par_1_99' title="bbox 2448 4259 4026 4329">
     <span class='ocr_line' id='line_1_99' title="bbox 2448 4259 4026 4329; baseline -0.002 -13"><span class='ocrx_word' id='word_1_735' title='bbox 2448 4259 2634 4322; x_wconf 84' lang='lat' dir='ltr'><strong>buere.</strong></span> <span class='ocrx_word' id='word_1_736' title='bbox 2670 4278 2832 4329; x_wconf 79' lang='lat' dir='ltr'><strong>quam</strong></span> <span class='ocrx_word' id='word_1_737' title='bbox 2864 4261 3100 4315; x_wconf 84' lang='lat' dir='ltr'><strong>habebat</strong></span> <span class='ocrx_word' id='word_1_738' title='bbox 3131 4263 3233 4315; x_wconf 91' lang='lat' dir='ltr'><strong>sub</strong></span> <span class='ocrx_word' id='word_1_739' title='bbox 3259 4261 3538 4328; x_wconf 87' lang='lat' dir='ltr'><strong>republica</strong></span> <span class='ocrx_word' id='word_1_740' title='bbox 3571 4259 3816 4313; x_wconf 85' lang='lat' dir='ltr'><strong>Romana</strong></span> <span class='ocrx_word' id='word_1_741' title='bbox 3848 4261 4026 4313; x_wconf 86' lang='lat' dir='ltr'><strong>adhuc</strong></span> 
     </span>
    </p>
   </div>
   <div class='ocr_carea' id='block_1_100' title="bbox 2449 4331 4023 4400">
    <p class='ocr_par' dir='ltr' id='par_1_100' title="bbox 2449 4331 4023 4400">
     <span class='ocr_line' id='line_1_100' title="bbox 2449 4331 4023 4400; baseline -0.002 -15"><span class='ocrx_word' id='word_1_742' title='bbox 2449 4334 2620 4386; x_wconf 90' lang='lat' dir='ltr'><strong>libera</strong></span> <span class='ocrx_word' id='word_1_743' title='bbox 2657 4341 2751 4383; x_wconf 84' lang='lat' dir='ltr'><strong>aut</strong></span> <span class='ocrx_word' id='word_1_744' title='bbox 2801 4332 2996 4400; x_wconf 92' lang='lat' dir='ltr'><strong>primis</strong></span> <span class='ocrx_word' id='word_1_745' title='bbox 3029 4333 3206 4385; x_wconf 90' lang='lat' dir='ltr'><strong>tribus</strong></span> <span class='ocrx_word' id='word_1_746' title='bbox 3241 4332 3516 4386; x_wconf 64' lang='lat' dir='ltr'><strong>Caesarum</strong></span> <span class='ocrx_word' id='word_1_747' title='bbox 3551 4332 3791 4384; x_wconf 68' lang='lat' dir='ltr'><strong>szccnlis.</strong></span> <span class='ocrx_word' id='word_1_748' title='bbox 3832 4331 4023 4382; x_wconf 78' lang='lat' dir='ltr'><strong>Maluit</strong></span> 
     </span>
    </p>
   </div>
   <div class='ocr_carea' id='block_1_101' title="bbox 2449 4402 4030 4468">
    <p class='ocr_par' dir='ltr' id='par_1_101' title="bbox 2449 4402 4030 4468">
     <span class='ocr_line' id='line_1_101' title="bbox 2449 4402 4030 4468; baseline -0.003 -14"><span class='ocrx_word' id='word_1_749' title='bbox 2449 4403 2778 4455; x_wconf 81' lang='lat' dir='ltr'><strong>Anastasius</strong></span> <span class='ocrx_word' id='word_1_750' title='bbox 2829 4416 3017 4454; x_wconf 89' lang='lat' dir='ltr'><strong>vocem</strong></span> <span class='ocrx_word' id='word_1_751' title='bbox 3058 4402 3229 4468; x_wconf 88' lang='lat' dir='ltr'><strong>ipsam</strong></span> <span class='ocrx_word' id='word_1_752' title='bbox 3261 4403 3507 4454; x_wconf 57' lang='lat' dir='ltr'><strong>Graecam</strong></span> <span class='ocrx_word' id='word_1_753' title='bbox 3546 4405 3804 4462; x_wconf 77' lang='lat' dir='ltr'><strong>retinere,</strong></span> <span class='ocrx_word' id='word_1_754' title='bbox 3835 4417 4030 4468; x_wconf 75' lang='lat' dir='ltr'><strong>quani-</strong></span> 
     </span>
    </p>
   </div>
   <div class='ocr_carea' id='block_1_102' title="bbox 2450 4471 4028 4540">
    <p class='ocr_par' dir='ltr' id='par_1_102' title="bbox 2450 4471 4028 4540">
     <span class='ocr_line' id='line_1_102' title="bbox 2450 4471 4028 4540; baseline -0.003 -16"><span class='ocrx_word' id='word_1_755' title='bbox 2450 4474 2533 4524; x_wconf 86' lang='lat' dir='ltr'><strong>vis</strong></span> <span class='ocrx_word' id='word_1_756' title='bbox 2560 4471 2768 4523; x_wconf 89' lang='lat' dir='ltr'><strong>librarii</strong></span> <span class='ocrx_word' id='word_1_757' title='bbox 2809 4486 2930 4524; x_wconf 89' lang='lat' dir='ltr'><strong>eam</strong></span> <span class='ocrx_word' id='word_1_758' title='bbox 2961 4472 3401 4533; x_wconf 81' lang='lat' dir='ltr'><strong>obscuraverint,</strong></span> <span class='ocrx_word' id='word_1_759' title='bbox 3435 4471 3658 4540; x_wconf 79' lang='lat' dir='ltr'><strong>inclylos</strong></span> <span class='ocrx_word' id='word_1_760' title='bbox 3694 4485 3799 4540; x_wconf 75' lang='lat' dir='ltr'><strong>pro</strong></span> <span class='ocrx_word' id='word_1_761' title='bbox 3827 4471 4028 4538; x_wconf 80' lang='lat' dir='ltr'><strong>syncli-</strong></span> 
     </span>
    </p>
   </div>
   <div class='ocr_carea' id='block_1_103' title="bbox 2453 4537 4026 4609">
    <p class='ocr_par' dir='ltr' id='par_1_103' title="bbox 2453 4537 4026 4609">
     <span class='ocr_line' id='line_1_103' title="bbox 2453 4537 4026 4609; baseline -0.003 -16"><span class='ocrx_word' id='word_1_762' title='bbox 2453 4543 2519 4593; x_wconf 81' lang='lat' dir='ltr'><strong>tis</strong></span> <span class='ocrx_word' id='word_1_763' title='bbox 2573 4541 2875 4594; x_wconf 85' lang='lat' dir='ltr'><strong>scribentes</strong></span> <span class='ocrx_word' id='word_1_764' title='bbox 2930 4541 2982 4593; x_wconf 92' lang='lat' dir='ltr'><strong>in</strong></span> <span class='ocrx_word' id='word_1_765' title='bbox 3047 4541 3383 4609; x_wconf 86' lang='lat' dir='ltr'><strong>Agathone:</strong></span> <span class='ocrx_word' id='word_1_766' title='bbox 3439 4537 3565 4594; x_wconf 73' lang='grc' dir='ltr'><strong>Ροςὶ</strong></span> <span class='ocrx_word' id='word_1_767' title='bbox 3618 4537 3728 4591; x_wconf 64' lang='lat' dir='ltr'><strong>hanc</strong></span> <span class='ocrx_word' id='word_1_768' title='bbox 3776 4537 4026 4598; x_wconf 74' lang='lat' dir='ltr'><strong>Pairicii.</strong></span> 
     </span>
    </p>
   </div>
   <div class='ocr_carea' id='block_1_104' title="bbox 2458 4610 4021 4680">
    <p class='ocr_par' dir='ltr' id='par_1_104' title="bbox 2458 4610 4021 4680">
     <span class='ocr_line' id='line_1_104' title="bbox 2458 4610 4021 4680; baseline -0.002 -17"><span class='ocrx_word' id='word_1_769' title='bbox 2458 4610 2630 4678; x_wconf 75' lang='lat' dir='ltr'><strong>Ypati,</strong></span> <span class='ocrx_word' id='word_1_770' title='bbox 2647 4627 2823 4663; x_wconf 85' lang='lat' dir='ltr'><strong>omnes</strong></span> <span class='ocrx_word' id='word_1_771' title='bbox 2846 4610 3059 4680; x_wconf 86' lang='lat' dir='ltr'><strong>syncliti</strong></span> <span class='ocrx_word' id='word_1_772' title='bbox 3087 4612 3429 4669; x_wconf 80' lang='lat' dir='ltr'><strong>introierunt.</strong></span> <span class='ocrx_word' id='word_1_773' title='bbox 3449 4621 3502 4664; x_wconf 85' lang='lat' dir='ltr'><strong>et</strong></span> <span class='ocrx_word' id='word_1_774' title='bbox 3529 4612 3593 4680; x_wconf 20' lang='lat' dir='ltr'><strong>in,</strong></span> <span class='ocrx_word' id='word_1_775' title='bbox 3613 4610 3981 4663; x_wconf 84' lang='lat' dir='ltr'><strong>Constantino</strong></span> <span class='ocrx_word' id='word_1_776' title='bbox 4010 4628 4021 4661; x_wconf 94' lang='lat'>:</span> 
     </span>
    </p>
   </div>
   <div class='ocr_carea' id='block_1_105' title="bbox 2453 4679 4030 4750">
    <p class='ocr_par' dir='ltr' id='par_1_105' title="bbox 2453 4679 4030 4750">
     <span class='ocr_line' id='line_1_105' title="bbox 2453 4679 4030 4750; baseline -0.004 -14"><span class='ocrx_word' id='word_1_777' title='bbox 2453 4682 2582 4736; x_wconf 86' lang='lat' dir='ltr'><strong>Cum</strong></span> <span class='ocrx_word' id='word_1_778' title='bbox 2611 4682 2853 4746; x_wconf 77' lang='lat' dir='ltr'><strong>patriciis</strong></span> <span class='ocrx_word' id='word_1_779' title='bbox 2880 4679 2936 4733; x_wconf 85' lang='lat' dir='ltr'><strong>et</strong></span> <span class='ocrx_word' id='word_1_780' title='bbox 2966 4683 3229 4750; x_wconf 82' lang='lat' dir='ltr'><strong>omnibus</strong></span> <span class='ocrx_word' id='word_1_781' title='bbox 3263 4681 3530 4750; x_wconf 81' lang='lat' dir='ltr'><strong>synclitis.</strong></span> <span class='ocrx_word' id='word_1_782' title='bbox 3563 4679 3694 4743; x_wconf 75' lang='lat' dir='ltr'><strong>Quae</strong></span> <span class='ocrx_word' id='word_1_783' title='bbox 3743 4681 4030 4750; x_wconf 79' lang='lat' dir='ltr'><strong>Alteserra</strong></span> 
     </span>
    </p>
   </div>
   <div class='ocr_carea' id='block_1_106' title="bbox 2453 4749 4028 4830">
    <p class='ocr_par' dir='ltr' id='par_1_106' title="bbox 2453 4749 4028 4830">
     <span class='ocr_line' id='line_1_106' title="bbox 2453 4749 4028 4830; baseline 0 -28"><span class='ocrx_word' id='word_1_784' title='bbox 2453 4767 2508 4830; x_wconf 59' lang='lat' dir='ltr'><strong>p.</strong></span> <span class='ocrx_word' id='word_1_785' title='bbox 2546 4751 2634 4815; x_wconf 81' lang='lat'><strong>75,</strong></span> <span class='ocrx_word' id='word_1_786' title='bbox 2684 4750 2838 4805; x_wconf 80' lang='lat' dir='ltr'><strong>aﬂert</strong></span> <span class='ocrx_word' id='word_1_787' title='bbox 2887 4749 3118 4819; x_wconf 77' lang='lat' dir='ltr'><strong>vulgata:</strong></span> <span class='ocrx_word' id='word_1_788' title='bbox 3167 4749 3384 4806; x_wconf 72' lang='lat' dir='ltr'><strong>tuenda:</strong></span> <span class='ocrx_word' id='word_1_789' title='bbox 3415 4750 3660 4813; x_wconf 88' lang='lat' dir='ltr'><strong>lectioni,</strong></span> <span class='ocrx_word' id='word_1_790' title='bbox 3721 4764 3832 4802; x_wconf 86' lang='lat' dir='ltr'><strong>non</strong></span> <span class='ocrx_word' id='word_1_791' title='bbox 3876 4749 4028 4804; x_wconf 75' lang='lat' dir='ltr'><strong>Sulli-</strong></span> 
     </span>
    </p>
   </div>
   <div class='ocr_carea' id='block_1_107' title="bbox 2454 4830 2626 4874">
    <p class='ocr_par' dir='ltr' id='par_1_107' title="bbox 2454 4830 2626 4874">
     <span class='ocr_line' id='line_1_107' title="bbox 2454 4830 2626 4874; baseline -0.012 0"><span class='ocrx_word' id='word_1_792' title='bbox 2454 4830 2626 4874; x_wconf 77' lang='lat' dir='ltr'><strong>Clllnl.</strong></span> 
     </span>
    </p>
   </div>
   <div class='ocr_carea' id='block_1_108' title="bbox 2531 4889 4034 4958">
    <p class='ocr_par' dir='ltr' id='par_1_108' title="bbox 2531 4889 4034 4958">
     <span class='ocr_line' id='line_1_108' title="bbox 2531 4889 4034 4958; baseline -0.001 -16"><span class='ocrx_word' id='word_1_793' title='bbox 2531 4892 2640 4958; x_wconf 78' lang='grc'>(15)</span> <span class='ocrx_word' id='word_1_794' title='bbox 2670 4889 2861 4944; x_wconf 85' lang='lat' dir='ltr'><strong>Omnes</strong></span> <span class='ocrx_word' id='word_1_795' title='bbox 2906 4893 3038 4944; x_wconf 85' lang='lat' dir='ltr'><strong>ritus</strong></span> <span class='ocrx_word' id='word_1_796' title='bbox 3087 4891 3194 4945; x_wconf 74' lang='lat' dir='ltr'><strong>lwti</strong></span> <span class='ocrx_word' id='word_1_797' title='bbox 3221 4891 3381 4944; x_wconf 79' lang='lat' dir='ltr'><strong>simul</strong></span> <span class='ocrx_word' id='word_1_798' title='bbox 3418 4899 3467 4945; x_wconf 86' lang='lat' dir='ltr'><strong>et</strong></span> <span class='ocrx_word' id='word_1_799' title='bbox 3525 4890 3810 4954; x_wconf 78' lang='lat' dir='ltr'><strong>solemnes,</strong></span> <span class='ocrx_word' id='word_1_800' title='bbox 3847 4891 4034 4943; x_wconf 82' lang='lat' dir='ltr'><strong>omnia</strong></span> 
     </span>
    </p>
   </div>
   <div class='ocr_carea' id='block_1_109' title="bbox 2456 4961 4031 5029">
    <p class='ocr_par' dir='ltr' id='par_1_109' title="bbox 2456 4961 4031 5029">
     <span class='ocr_line' id='line_1_109' title="bbox 2456 4961 4031 5029; baseline -0.001 -15"><span class='ocrx_word' id='word_1_801' title='bbox 2456 4962 2602 5022; x_wconf 73' lang='lat' dir='ltr'><strong>(rem,</strong></span> <span class='ocrx_word' id='word_1_802' title='bbox 2621 4961 2896 5029; x_wconf 82' lang='lat' dir='ltr'><strong>splendida</strong></span> <span class='ocrx_word' id='word_1_803' title='bbox 2920 4976 2966 5016; x_wconf 87' lang='lat' dir='ltr'><strong>et</strong></span> <span class='ocrx_word' id='word_1_804' title='bbox 2994 4962 3270 5016; x_wconf 81' lang='lat' dir='ltr'><strong>solemnia.</strong></span> <span class='ocrx_word' id='word_1_805' title='bbox 3295 4961 3468 5016; x_wconf 73' lang='lat' dir='ltr'><strong>Graeci</strong></span> <span class='ocrx_word' id='word_1_806' title='bbox 3495 4962 3618 5014; x_wconf 87' lang='lat' dir='ltr'><strong>novi</strong></span> <span class='ocrx_word' id='word_1_807' title='bbox 3643 4975 3831 5013; x_wconf 82' lang='lat' dir='ltr'><strong>vocem</strong></span> <span class='ocrx_word' id='word_1_808' title='bbox 3853 4962 4031 5020; x_wconf 77' lang='grc' dir='ltr'>αἴσιος</span> 
     </span>
    </p>
   </div>
   <div class='ocr_carea' id='block_1_110' title="bbox 2457 5029 4031 5099">
    <p class='ocr_par' dir='ltr' id='par_1_110' title="bbox 2457 5029 4031 5099">
     <span class='ocr_line' id='line_1_110' title="bbox 2457 5029 4031 5099; baseline -0.001 -16"><span class='ocrx_word' id='word_1_809' title='bbox 2457 5046 2523 5083; x_wconf 87' lang='lat' dir='ltr'><strong>eo</strong></span> <span class='ocrx_word' id='word_1_810' title='bbox 2566 5033 2872 5099; x_wconf 85' lang='lat' dir='ltr'><strong>signiticatu</strong></span> <span class='ocrx_word' id='word_1_811' title='bbox 2927 5033 3218 5092; x_wconf 89' lang='lat' dir='ltr'><strong>adhibent.</strong></span> <span class='ocrx_word' id='word_1_812' title='bbox 3276 5040 3337 5085; x_wconf 90' lang='lat' dir='ltr'><strong>ut</strong></span> <span class='ocrx_word' id='word_1_813' title='bbox 3397 5031 3562 5084; x_wconf 77' lang='grc' dir='ltr'>αἴσιοι</span> <span class='ocrx_word' id='word_1_814' title='bbox 3616 5029 3826 5099; x_wconf 70' lang='grc' dir='ltr'>ἡμέραι</span> <span class='ocrx_word' id='word_1_815' title='bbox 3888 5031 4031 5099; x_wconf 84' lang='lat' dir='ltr'><strong>apud</strong></span> 
     </span>
    </p>
   </div>
   <div class='ocr_carea' id='block_1_111' title="bbox 2459 5097 4030 5172">
    <p class='ocr_par' dir='ltr' id='par_1_111' title="bbox 2459 5097 4030 5172">
     <span class='ocr_line' id='line_1_111' title="bbox 2459 5097 4030 5172; baseline -0.003 -18"><span class='ocrx_word' id='word_1_816' title='bbox 2459 5097 2862 5172; x_wconf 36' lang='lat' dir='ltr'><strong>Theophauap.</strong></span> <span class='ocrx_word' id='word_1_817' title='bbox 2895 5103 3020 5168; x_wconf 71' lang='grc'><strong>909,</strong></span> <span class='ocrx_word' id='word_1_818' title='bbox 3078 5118 3176 5172; x_wconf 90' lang='lat' dir='ltr'><strong>pro</strong></span> <span class='ocrx_word' id='word_1_819' title='bbox 3201 5101 3311 5156; x_wconf 85' lang='lat' dir='ltr'><strong>dies</strong></span> <span class='ocrx_word' id='word_1_820' title='bbox 3332 5102 3608 5155; x_wconf 80' lang='lat' dir='ltr'><strong>solemnes.</strong></span> <span class='ocrx_word' id='word_1_821' title='bbox 3638 5097 3799 5152; x_wconf 71' lang='lat' dir='ltr'><strong>Cani.</strong></span> <span class='ocrx_word' id='word_1_822' title='bbox 3848 5097 4030 5172; x_wconf 74' lang='lat' dir='ltr'><strong>Nastri</strong></span> 
     </span>
    </p>
   </div>
   <div class='ocr_carea' id='block_1_112' title="bbox 2461 5169 4030 5240">
    <p class='ocr_par' dir='ltr' id='par_1_112' title="bbox 2461 5169 4030 5240">
     <span class='ocr_line' id='line_1_112' title="bbox 2461 5169 4030 5240; baseline -0.003 -18"><span class='ocrx_word' id='word_1_823' title='bbox 2461 5187 2512 5240; x_wconf 87' lang='lat' dir='ltr'><strong>p.</strong></span> <span class='ocrx_word' id='word_1_824' title='bbox 2550 5173 2672 5236; x_wconf 73' lang='grc'><strong>165,</strong></span> <span class='ocrx_word' id='word_1_825' title='bbox 2712 5169 2855 5235; x_wconf 61' lang='lat'><strong>184.,</strong></span> <span class='ocrx_word' id='word_1_826' title='bbox 2894 5174 2981 5224; x_wconf 86' lang='lat' dir='ltr'><strong>ubi</strong></span> <span class='ocrx_word' id='word_1_827' title='bbox 3036 5169 3208 5224; x_wconf 81' lang='grc' dir='ltr'>ποιεῖν</span> <span class='ocrx_word' id='word_1_828' title='bbox 3259 5173 3319 5224; x_wconf 83' lang='grc' dir='ltr'><strong>τὸ</strong></span> <span class='ocrx_word' id='word_1_829' title='bbox 3371 5173 3547 5224; x_wconf 85' lang='grc' dir='ltr'>αἴσιον</span> <span class='ocrx_word' id='word_1_830' title='bbox 3571 5178 3655 5223; x_wconf 85' lang='lat' dir='ltr'><strong>est</strong></span> <span class='ocrx_word' id='word_1_831' title='bbox 3691 5181 3866 5221; x_wconf 68' lang='lat' dir='ltr'><strong>rotant</strong></span> <span class='ocrx_word' id='word_1_832' title='bbox 3901 5169 4030 5221; x_wconf 75' lang='lat' dir='ltr'><strong>illud</strong></span> 
     </span>
    </p>
   </div>
   <div class='ocr_carea' id='block_1_113' title="bbox 2459 5240 4033 5311">
    <p class='ocr_par' dir='ltr' id='par_1_113' title="bbox 2459 5240 4033 5311">
     <span class='ocr_line' id='line_1_113' title="bbox 2459 5240 4033 5311; baseline -0.001 -20"><span class='ocrx_word' id='word_1_833' title='bbox 2459 5242 2631 5293; x_wconf 78' lang='lat' dir='ltr'><strong>dicere</strong></span> <span class='ocrx_word' id='word_1_834' title='bbox 2661 5257 2677 5294; x_wconf 94' lang='lat'><em>:</em></span> <span class='ocrx_word' id='word_1_835' title='bbox 2704 5243 2877 5305; x_wconf 80' lang='grc' dir='ltr'>αἴσιος</span> <span class='ocrx_word' id='word_1_836' title='bbox 2907 5242 3146 5310; x_wconf 73' lang='grc' dir='ltr'>γενέσθω</span> <span class='ocrx_word' id='word_1_837' title='bbox 3171 5243 3309 5310; x_wconf 74' lang='grc' dir='ltr'>αῦτη</span> <span class='ocrx_word' id='word_1_838' title='bbox 3332 5243 3366 5311; x_wconf 81' lang='grc' dir='ltr'>ἡ</span> <span class='ocrx_word' id='word_1_839' title='bbox 3394 5242 3595 5311; x_wconf 74' lang='grc' dir='ltr'>ἡμέρα,</span> <span class='ocrx_word' id='word_1_840' title='bbox 3627 5241 3754 5309; x_wconf 71' lang='lat' dir='ltr'><strong>felix</strong></span> <span class='ocrx_word' id='word_1_841' title='bbox 3772 5252 3821 5293; x_wconf 81' lang='lat' dir='ltr'><strong>et</strong></span> <span class='ocrx_word' id='word_1_842' title='bbox 3850 5240 4033 5305; x_wconf 71' lang='lat' dir='ltr'><strong>fausta</strong></span> 
     </span>
    </p>
   </div>
   <div class='ocr_carea' id='block_1_114' title="bbox 2461 5312 4030 5382">
    <p class='ocr_par' dir='ltr' id='par_1_114' title="bbox 2461 5312 4030 5382">
     <span class='ocr_line' id='line_1_114' title="bbox 2461 5312 4030 5382; baseline -0.002 -20"><span class='ocrx_word' id='word_1_843' title='bbox 2461 5312 2529 5382; x_wconf 70' lang='lat' dir='ltr'><strong>sit</strong></span> <span class='ocrx_word' id='word_1_844' title='bbox 2560 5314 2668 5382; x_wconf 69' lang='lat' dir='ltr'><strong>lucc</strong></span> <span class='ocrx_word' id='word_1_845' title='bbox 2723 5312 2854 5382; x_wconf 64' lang='lat' dir='ltr'><strong>dies.</strong></span> <span class='ocrx_word' id='word_1_846' title='bbox 2892 5327 2988 5380; x_wconf 89' lang='lat' dir='ltr'><strong>pro</strong></span> <span class='ocrx_word' id='word_1_847' title='bbox 3021 5327 3132 5382; x_wconf 91' lang='lat' dir='ltr'><strong>quo</strong></span> <span class='ocrx_word' id='word_1_848' title='bbox 3186 5312 3444 5364; x_wconf 80' lang='grc' dir='ltr'>σωλέννια</span> <span class='ocrx_word' id='word_1_849' title='bbox 3474 5326 3692 5379; x_wconf 88' lang='lat' dir='ltr'><strong>quoque</strong></span> <span class='ocrx_word' id='word_1_850' title='bbox 3743 5315 4030 5364; x_wconf 78' lang='lat' dir='ltr'><strong>dixerunt.</strong></span> 
     </span>
    </p>
   </div>
   <div class='ocr_carea' id='block_1_115' title="bbox 2464 5379 3050 5449">
    <p class='ocr_par' dir='ltr' id='par_1_115' title="bbox 2464 5379 3050 5449">
     <span class='ocr_line' id='line_1_115' title="bbox 2464 5379 3050 5449; baseline 0.005 -17"><span class='ocrx_word' id='word_1_851' title='bbox 2464 5379 2584 5434; x_wconf 80' lang='lat' dir='ltr'><strong>Vid.</strong></span> <span class='ocrx_word' id='word_1_852' title='bbox 2613 5381 2689 5436; x_wconf 88' lang='lat' dir='ltr'><strong>Du</strong></span> <span class='ocrx_word' id='word_1_853' title='bbox 2714 5379 2904 5449; x_wconf 78' lang='lat' dir='ltr'><strong>Gange</strong></span> <span class='ocrx_word' id='word_1_854' title='bbox 2925 5385 2977 5435; x_wconf 91' lang='lat' dir='ltr'><strong>h.</strong></span> <span class='ocrx_word' id='word_1_855' title='bbox 3000 5379 3050 5436; x_wconf 69' lang='grc' dir='ltr'><strong>νζ</strong></span> 
     </span>
    </p>
   </div>
   <div class='ocr_carea' id='block_1_116' title="bbox 802 5425 2435 5519">
    <p class='ocr_par' dir='ltr' id='par_1_116' title="bbox 802 5425 2435 5519">
     <span class='ocr_line' id='line_1_116' title="bbox 802 5425 2435 5519; baseline 0.002 -20"><span class='ocrx_word' id='word_1_856' title='bbox 802 5425 1060 5510; x_wconf 71' lang='lat' dir='ltr'><strong>tinentes,</strong></span> <span class='ocrx_word' id='word_1_857' title='bbox 1082 5466 1253 5519; x_wconf 68' lang='lat' dir='ltr'><strong>neque</strong></span> <span class='ocrx_word' id='word_1_858' title='bbox 1285 5452 1346 5503; x_wconf 88' lang='lat' dir='ltr'><strong>ad</strong></span> <span class='ocrx_word' id='word_1_859' title='bbox 1377 5425 1802 5519; x_wconf 62' lang='grc' dir='ltr'>τὴν’σύγκλητον</span> <span class='ocrx_word' id='word_1_860' title='bbox 1821 5454 2007 5506; x_wconf 87' lang='lat' dir='ltr'><strong>stricte</strong></span> <span class='ocrx_word' id='word_1_861' title='bbox 2032 5454 2110 5506; x_wconf 84' lang='lat' dir='ltr'><strong>sic</strong></span> <span class='ocrx_word' id='word_1_862' title='bbox 2133 5425 2353 5512; x_wconf 60' lang='lat' dir='ltr'><strong>dict&#39;am.</strong></span> <span class='ocrx_word' id='word_1_863' title='bbox 2387 5425 2435 5482; x_wconf 73' lang='grc' dir='ltr'><strong>ι)</strong></span> 
     </span>
    </p>
   </div>
   <div class='ocr_carea' id='block_1_117' title="bbox 804 5517 2364 5590">
    <p class='ocr_par' dir='ltr' id='par_1_117' title="bbox 804 5517 2364 5590">
     <span class='ocr_line' id='line_1_117' title="bbox 804 5517 2364 5590; baseline 0.001 -20"><span class='ocrx_word' id='word_1_864' title='bbox 804 5534 981 5586; x_wconf 83' lang='lat' dir='ltr'><strong>neque</strong></span> <span class='ocrx_word' id='word_1_865' title='bbox 1021 5521 1084 5568; x_wconf 82' lang='lat' dir='ltr'><strong>ad</strong></span> <span class='ocrx_word' id='word_1_866' title='bbox 1121 5517 1539 5588; x_wconf 44' lang='lat' dir='ltr'><strong>Strategos,&#39;aut</strong></span> <span class='ocrx_word' id='word_1_867' title='bbox 1571 5517 1901 5590; x_wconf 89' lang='lat' dir='ltr'><strong>spatharios,</strong></span> <span class='ocrx_word' id='word_1_868' title='bbox 1936 5523 2210 5576; x_wconf 78' lang='lat' dir='ltr'><strong>similesvc</strong></span> <span class='ocrx_word' id='word_1_869' title='bbox 2234 5537 2364 5586; x_wconf 71' lang='lat' dir='ltr'><strong>gra-</strong></span> 
     </span>
    </p>
   </div>
   <div class='ocr_carea' id='block_1_118' title="bbox 806 5589 2364 5660">
    <p class='ocr_par' dir='ltr' id='par_1_118' title="bbox 806 5589 2364 5660">
     <span class='ocr_line' id='line_1_118' title="bbox 806 5589 2364 5660; baseline 0.002 -21"><span class='ocrx_word' id='word_1_870' title='bbox 806 5591 909 5660; x_wconf 71' lang='lat' dir='ltr'><strong>dus</strong></span> <span class='ocrx_word' id='word_1_871' title='bbox 944 5589 1222 5660; x_wconf 81' lang='lat' dir='ltr'><strong>militares.</strong></span> <span class='ocrx_word' id='word_1_872' title='bbox 1258 5591 1316 5643; x_wconf 74' lang='lat' dir='ltr'><strong>Et</strong></span> <span class='ocrx_word' id='word_1_873' title='bbox 1349 5593 1398 5643; x_wconf 89' lang='lat' dir='ltr'><strong>hi</strong></span> <span class='ocrx_word' id='word_1_874' title='bbox 1430 5603 1583 5644; x_wconf 90' lang='lat' dir='ltr'><strong>erant</strong></span> <span class='ocrx_word' id='word_1_875' title='bbox 1606 5589 1825 5659; x_wconf 85' lang='lat' dir='ltr'><strong>patricii</strong></span> <span class='ocrx_word' id='word_1_876' title='bbox 1849 5594 2138 5660; x_wconf 82' lang='grc' dir='ltr'>ἄπρακτοι,</span> <span class='ocrx_word' id='word_1_877' title='bbox 2160 5592 2364 5656; x_wconf 81' lang='lat' dir='ltr'><strong>absque</strong></span> 
     </span>
    </p>
   </div>
   <div class='ocr_carea' id='block_1_119' title="bbox 810 5659 2360 5728">
    <p class='ocr_par' dir='ltr' id='par_1_119' title="bbox 810 5659 2360 5728">
     <span class='ocr_line' id='line_1_119' title="bbox 810 5659 2360 5728; baseline 0.003 -20"><span class='ocrx_word' id='word_1_878' title='bbox 810 5659 1026 5710; x_wconf 69' lang='lat' dir='ltr'><strong>aetiOne</strong></span> <span class='ocrx_word' id='word_1_879' title='bbox 1058 5659 1136 5710; x_wconf 87' lang='lat' dir='ltr'><strong>vel</strong></span> <span class='ocrx_word' id='word_1_880' title='bbox 1187 5659 1482 5724; x_wconf 84' lang='lat' dir='ltr'><strong>lum-tione,</strong></span> <span class='ocrx_word' id='word_1_881' title='bbox 1537 5678 1682 5714; x_wconf 86' lang='lat' dir='ltr'><strong>mere</strong></span> <span class='ocrx_word' id='word_1_882' title='bbox 1710 5659 1974 5715; x_wconf 86' lang='lat' dir='ltr'><strong>titulares.</strong></span> <span class='ocrx_word' id='word_1_883' title='bbox 2003 5663 2108 5713; x_wconf 82' lang='lat' dir='ltr'><strong>Alii</strong></span> <span class='ocrx_word' id='word_1_884' title='bbox 2149 5661 2360 5728; x_wconf 67' lang='lat' dir='ltr'><strong>patricii</strong></span> 
     </span>
    </p>
   </div>
   <div class='ocr_carea' id='block_1_120' title="bbox 808 5729 2356 5799">
    <p class='ocr_par' dir='ltr' id='par_1_120' title="bbox 808 5729 2356 5799">
     <span class='ocr_line' id='line_1_120' title="bbox 808 5729 2356 5799; baseline 0.003 -22"><span class='ocrx_word' id='word_1_885' title='bbox 808 5729 1288 5795; x_wconf 74' lang='lat' dir='ltr'><strong>cratitsyucletiii,</strong></span> <span class='ocrx_word' id='word_1_886' title='bbox 1331 5748 1422 5785; x_wconf 79' lang='lat' dir='ltr'><strong>seu</strong></span> <span class='ocrx_word' id='word_1_887' title='bbox 1455 5733 1638 5799; x_wconf 81' lang='lat' dir='ltr'><strong>togati.</strong></span> <span class='ocrx_word' id='word_1_888' title='bbox 1695 5734 2011 5786; x_wconf 85' lang='lat' dir='ltr'><strong>muneribus</strong></span> <span class='ocrx_word' id='word_1_889' title='bbox 2047 5743 2184 5799; x_wconf 69' lang='lat' dir='ltr'><strong>togae</strong></span> <span class='ocrx_word' id='word_1_890' title='bbox 2234 5735 2356 5782; x_wconf 88' lang='lat' dir='ltr'><strong>tun-</strong></span> 
     </span>
    </p>
   </div>
   <div class='ocr_carea' id='block_1_121' title="bbox 812 5799 2354 5870">
    <p class='ocr_par' dir='ltr' id='par_1_121' title="bbox 812 5799 2354 5870">
     <span class='ocr_line' id='line_1_121' title="bbox 812 5799 2354 5870; baseline 0.003 -25"><span class='ocrx_word' id='word_1_891' title='bbox 812 5807 1020 5860; x_wconf 76' lang='lat' dir='ltr'><strong>gentes.</strong></span> <span class='ocrx_word' id='word_1_892' title='bbox 1066 5799 1270 5854; x_wconf 86' lang='lat' dir='ltr'><strong>artibus</strong></span> <span class='ocrx_word' id='word_1_893' title='bbox 1305 5804 1450 5868; x_wconf 66' lang='lat' dir='ltr'><strong>pacis</strong></span> <span class='ocrx_word' id='word_1_894' title='bbox 1483 5803 1730 5870; x_wconf 81' lang='lat' dir='ltr'><strong>regendis</strong></span> <span class='ocrx_word' id='word_1_895' title='bbox 1761 5802 2036 5870; x_wconf 81' lang='lat' dir='ltr'><strong>deputati:</strong></span> <span class='ocrx_word' id='word_1_896' title='bbox 2069 5804 2158 5854; x_wconf 87' lang='lat' dir='ltr'><strong>alii</strong></span> <span class='ocrx_word' id='word_1_897' title='bbox 2205 5802 2354 5853; x_wconf 78' lang='lat' dir='ltr'><strong>deni-</strong></span> 
     </span>
    </p>
   </div>
   <div class='ocr_carea' id='block_1_122' title="bbox 814 5871 2346 5938">
    <p class='ocr_par' dir='ltr' id='par_1_122' title="bbox 814 5871 2346 5938">
     <span class='ocr_line' id='line_1_122' title="bbox 814 5871 2346 5938; baseline 0.005 -16"><span class='ocrx_word' id='word_1_898' title='bbox 814 5881 919 5938; x_wconf 73' lang='lat' dir='ltr'><strong>que</strong></span> <span class='ocrx_word' id='word_1_899' title='bbox 952 5877 1105 5921; x_wconf 75' lang='lat' dir='ltr'><strong>erant</strong></span> <span class='ocrx_word' id='word_1_900' title='bbox 1138 5873 1339 5938; x_wconf 74' lang='lat' dir='ltr'><strong>patricii</strong></span> <span class='ocrx_word' id='word_1_901' title='bbox 1378 5873 1652 5927; x_wconf 72' lang='lat' dir='ltr'><strong>militares.</strong></span> <span class='ocrx_word' id='word_1_902' title='bbox 1690 5873 1727 5927; x_wconf 68' lang='lat' dir='ltr'><strong>EI</strong></span> <span class='ocrx_word' id='word_1_903' title='bbox 1769 5875 1949 5928; x_wconf 82' lang='lat' dir='ltr'><strong>multis</strong></span> <span class='ocrx_word' id='word_1_904' title='bbox 2007 5871 2182 5926; x_wconf 66' lang='lat' dir='ltr'><strong>Nostri</strong></span> <span class='ocrx_word' id='word_1_905' title='bbox 2219 5873 2346 5929; x_wconf 78' lang='lat' dir='ltr'><strong>locis</strong></span> 
     </span>
    </p>
   </div>
   <div class='ocr_carea' id='block_1_123' title="bbox 2547 5448 4036 5521">
    <p class='ocr_par' dir='ltr' id='par_1_123' title="bbox 2547 5448 4036 5521">
     <span class='ocr_line' id='line_1_123' title="bbox 2547 5448 4036 5521; baseline -0.002 -18"><span class='ocrx_word' id='word_1_906' title='bbox 2547 5452 2658 5521; x_wconf 73' lang='grc' dir='ltr'><strong>(Η)</strong></span> <span class='ocrx_word' id='word_1_907' title='bbox 2690 5451 2778 5504; x_wconf 83' lang='lat' dir='ltr'><strong>Illa</strong></span> <span class='ocrx_word' id='word_1_908' title='bbox 2801 5448 2983 5520; x_wconf 81' lang='lat' dir='ltr'><strong>itaque</strong></span> <span class='ocrx_word' id='word_1_909' title='bbox 3000 5454 3065 5506; x_wconf 90' lang='lat' dir='ltr'><strong>de</strong></span> <span class='ocrx_word' id='word_1_910' title='bbox 3084 5452 3436 5521; x_wconf 88' lang='lat' dir='ltr'><strong>processione</strong></span> <span class='ocrx_word' id='word_1_911' title='bbox 3455 5452 3509 5505; x_wconf 91' lang='lat' dir='ltr'><strong>in</strong></span> <span class='ocrx_word' id='word_1_912' title='bbox 3531 5450 3667 5504; x_wconf 77' lang='lat' dir='ltr'><strong>festo</strong></span> <span class='ocrx_word' id='word_1_913' title='bbox 3685 5450 3852 5502; x_wconf 90' lang='lat' dir='ltr'><strong>natali</strong></span> <span class='ocrx_word' id='word_1_914' title='bbox 3875 5448 4036 5508; x_wconf 80' lang='lat' dir='ltr'><strong>Chri-</strong></span> 
     </span>
    </p>
   </div>
   <div class='ocr_carea' id='block_1_124' title="bbox 2474 5521 4039 5592">
    <p class='ocr_par' dir='ltr' id='par_1_124' title="bbox 2474 5521 4039 5592">
     <span class='ocr_line' id='line_1_124' title="bbox 2474 5521 4039 5592; baseline -0.003 -17"><span class='ocrx_word' id='word_1_915' title='bbox 2474 5523 2542 5576; x_wconf 88' lang='lat' dir='ltr'><strong>sti</strong></span> <span class='ocrx_word' id='word_1_916' title='bbox 2583 5523 2682 5574; x_wconf 85' lang='lat' dir='ltr'><strong>l&#39;uit</strong></span> <span class='ocrx_word' id='word_1_917' title='bbox 2713 5530 2972 5591; x_wconf 86' lang='lat' dir='ltr'><strong>tanquam</strong></span> <span class='ocrx_word' id='word_1_918' title='bbox 2996 5523 3244 5592; x_wconf 83' lang='lat' dir='ltr'><strong>generale</strong></span> <span class='ocrx_word' id='word_1_919' title='bbox 3269 5522 3488 5591; x_wconf 90' lang='lat' dir='ltr'><strong>aliquod</strong></span> <span class='ocrx_word' id='word_1_920' title='bbox 3511 5523 3730 5592; x_wconf 5' lang='lat' dir='ltr'><strong>schema,</strong></span> <span class='ocrx_word' id='word_1_921' title='bbox 3756 5521 3837 5572; x_wconf 78' lang='lat' dir='ltr'><strong>rel</strong></span> <span class='ocrx_word' id='word_1_922' title='bbox 3857 5521 4039 5572; x_wconf 90' lang='lat' dir='ltr'><strong>simu-</strong></span> 
     </span>
    </p>
   </div>
   <div class='ocr_carea' id='block_1_125' title="bbox 2474 5589 4042 5660">
    <p class='ocr_par' dir='ltr' id='par_1_125' title="bbox 2474 5589 4042 5660">
     <span class='ocr_line' id='line_1_125' title="bbox 2474 5589 4042 5660; baseline -0.001 -17"><span class='ocrx_word' id='word_1_923' title='bbox 2474 5594 2680 5645; x_wconf 89' lang='lat' dir='ltr'><strong>lacrum</strong></span> <span class='ocrx_word' id='word_1_924' title='bbox 2720 5589 3130 5659; x_wconf 72' lang='lat' dir='ltr'><strong>processionum</strong></span> <span class='ocrx_word' id='word_1_925' title='bbox 3185 5589 3453 5657; x_wconf 84' lang='lat' dir='ltr'><strong>omnium,</strong></span> <span class='ocrx_word' id='word_1_926' title='bbox 3491 5606 3626 5660; x_wconf 90' lang='lat' dir='ltr'><strong>quas</strong></span> <span class='ocrx_word' id='word_1_927' title='bbox 3651 5589 3916 5657; x_wconf 83' lang='lat' dir='ltr'><strong>deinceps</strong></span> <span class='ocrx_word' id='word_1_928' title='bbox 3943 5603 4042 5657; x_wconf 71' lang='lat' dir='ltr'><strong>per</strong></span> 
     </span>
    </p>
   </div>
   <div class='ocr_carea' id='block_1_126' title="bbox 2471 5660 4043 5730">
    <p class='ocr_par' dir='ltr' id='par_1_126' title="bbox 2471 5660 4043 5730">
     <span class='ocr_line' id='line_1_126' title="bbox 2471 5660 4043 5730; baseline -0.003 -18"><span class='ocrx_word' id='word_1_929' title='bbox 2471 5663 2718 5730; x_wconf 79' lang='lat' dir='ltr'><strong>singulos</strong></span> <span class='ocrx_word' id='word_1_930' title='bbox 2747 5662 2914 5715; x_wconf 78' lang='lat' dir='ltr'><strong>festos</strong></span> <span class='ocrx_word' id='word_1_931' title='bbox 2938 5664 3054 5718; x_wconf 88' lang='lat' dir='ltr'><strong>dies</strong></span> <span class='ocrx_word' id='word_1_932' title='bbox 3081 5663 3319 5729; x_wconf 86' lang='lat' dir='ltr'><strong>majores</strong></span> <span class='ocrx_word' id='word_1_933' title='bbox 3357 5664 3713 5728; x_wconf 87' lang='lat' dir='ltr'><strong>minoresque</strong></span> <span class='ocrx_word' id='word_1_934' title='bbox 3747 5660 4043 5728; x_wconf 81' lang='lat' dir='ltr'><strong>persequi-</strong></span> 
     </span>
    </p>
   </div>
   <div class='ocr_carea' id='block_1_127' title="bbox 2469 5732 4040 5800">
    <p class='ocr_par' dir='ltr' id='par_1_127' title="bbox 2469 5732 4040 5800">
     <span class='ocr_line' id='line_1_127' title="bbox 2469 5732 4040 5800; baseline -0.003 -17"><span class='ocrx_word' id='word_1_935' title='bbox 2469 5741 2578 5793; x_wconf 86' lang='lat' dir='ltr'><strong>tur,</strong></span> <span class='ocrx_word' id='word_1_936' title='bbox 2627 5734 2680 5785; x_wconf 91' lang='lat' dir='ltr'><strong>in</strong></span> <span class='ocrx_word' id='word_1_937' title='bbox 2740 5748 2972 5800; x_wconf 91' lang='lat' dir='ltr'><strong>quarum</strong></span> <span class='ocrx_word' id='word_1_938' title='bbox 3031 5733 3382 5786; x_wconf 76' lang='lat' dir='ltr'><strong>enarratione</strong></span> <span class='ocrx_word' id='word_1_939' title='bbox 3416 5732 3582 5785; x_wconf 90' lang='lat' dir='ltr'><strong>multa</strong></span> <span class='ocrx_word' id='word_1_940' title='bbox 3633 5737 4040 5799; x_wconf 66' lang='lat' dir='ltr'><strong>praesuppomt,</strong></span> 
     </span>
    </p>
   </div>
   <div class='ocr_carea' id='block_1_128' title="bbox 2469 5803 3926 5870">
    <p class='ocr_par' dir='ltr' id='par_1_128' title="bbox 2469 5803 3926 5870">
     <span class='ocr_line' id='line_1_128' title="bbox 2469 5803 3926 5870; baseline -0.003 -13"><span class='ocrx_word' id='word_1_941' title='bbox 2469 5815 2517 5857; x_wconf 73' lang='lat' dir='ltr'><strong>ut</strong></span> <span class='ocrx_word' id='word_1_942' title='bbox 2556 5819 2617 5858; x_wconf 70' lang='lat' dir='ltr'><strong>ex</strong></span> <span class='ocrx_word' id='word_1_943' title='bbox 2656 5803 2742 5855; x_wconf 70' lang='lat' dir='ltr'><strong>illa</strong></span> <span class='ocrx_word' id='word_1_944' title='bbox 2780 5805 3016 5868; x_wconf 79' lang='lat' dir='ltr'><strong>generali</strong></span> <span class='ocrx_word' id='word_1_945' title='bbox 3041 5803 3150 5870; x_wconf 79' lang='lat' dir='ltr'><strong>iam</strong></span> <span class='ocrx_word' id='word_1_946' title='bbox 3190 5813 3315 5858; x_wconf 83' lang='lat' dir='ltr'><strong>nota</strong></span> <span class='ocrx_word' id='word_1_947' title='bbox 3357 5811 3409 5858; x_wconf 85' lang='lat' dir='ltr'><strong>et</strong></span> <span class='ocrx_word' id='word_1_948' title='bbox 3441 5803 3565 5859; x_wconf 91' lang='lat' dir='ltr'><strong>inde</strong></span> <span class='ocrx_word' id='word_1_949' title='bbox 3606 5804 3926 5869; x_wconf 71' lang='lat' dir='ltr'><strong>repetenda.</strong></span> 
     </span>
    </p>
   </div>
  </div>
