4170 6436
127 401 228 464 273

943 395 1041 456 DE
1076 397 1536 457 CERIMONIIS
1575 394 1794 455 AUL£
1821 392 2263 453 ΒΥΖΛΝἸῚΝᾹΞ
2304 392 2454 454 LIB.
2482 392 2530 452 Ι.

3277 385 3389 448 2Ἱᾶ

129 512 291 566 πάλιν
323 511 382 564 ὲν
417 510 494 579 τῷ
519 507 886 579 κονσιστωρίῳ
917 507 1029 578 (58)
1075 507 1354 577 πατρίκιοι.
1383 506 1477 559 καὶ
1511 523 1707 576 στρατ-
1736 515 1787 570 Α
1815 519 1825 556 ι

1815 504 1897 558 rio
1932 517 1959 554 a
1993 481 2252 555 mandato
2292 500 2510 570 signum
2568 499 2684 563 dat,
2725 500 2816 569 qui
2877 499 3046 553 dicit:
3087 497 3376 561 Nubelem

126 602 250 669 ηγοὶ
282 602 402 670 ἅμα
428 604 494 671 τῇ
519 600 828 670 συγκλήτῳ,
853 601 950 654 καὶ
1007 599 1505 671 προσκυνήσαντες,
1527 598 1710 651 νεύον-

124 712 212 757 τος
239 695 339 748 τοῦ
368 695 733 764 πραιποσίτου
763 694 841 764 τῷ
872 692 1214 762 σιλεντιαρίῳ
1244 691 1351 744 ἀπὸ
1379 689 1704 764 κβλεύσεως,

125 786 311 855 λέγει·
352 805 372 838 ι
406 785 750 841 Κελεύσατε·
785 805 802 837 ι
855 786 1023 840 Αὐτοὶ
1065 783 1123 837 δὲ
1159 783 1250 836 τό·
1297 802 1314 832 ι
1351 783 1444 846 Εἰς
1478 781 1707 843 πολλοὺς

127 879 220 932 καὶ
240 879 488 946 ἀγαθοὺς
519 880 799 951 χρόνους.»
845 878 980 934 Ἀπὸ
1010 877 1065 931 δὲ
1094 876 1204 930 τῶν
1226 877 1402 928 ἐκεῖσε
1422 873 1708 944 δηριγευό-

130 988 291 1040 μενος
339 973 370 1025 ὁ
426 971 677 1041 βασιλεὺς
710 972 814 1026 ὑπὸ
854 970 962 1024 τῶν
997 969 1430 1040 προειρημένων,
1459 967 1710 1033 λέγοντος

125 1059 218 1113 τοῦ
248 1061 356 1132 τῆς
376 1063 762 1128 καταστάσεως
785 1062 926 1117 κατὰ
948 1061 1168 1133 βάθρονο
1193 1079 1212 1114 ι
1232 1059 1493 1114 Καπτάτε
1514 1059 1554 1089 ⁶¹
1572 1057 1708 1128 (59),

1818 594 1921 664 ipsi
1961 606 2120 648 vero:
2179 591 2264 644 ι1ιι
2317 593 2480 661 longa
2523 591 2778 660 bonaque
2831 599 3131 661 tempora.»
3195 587 3382 643 lndea

1808 701 1973 756 supra
1996 685 2160 741 dictis
2195 684 2433 752 stipatus
2454 683 2772 752 imperator,
2799 682 3013 736 dicente
3055 682 3380 735 cerimonia-

1807 782 1910 844 rio,
1942 779 2069 834 dum
2091 791 2187 847 per
2220 774 2424 845 gradus
2454 774 2772 830 descendit:
2801 794 2818 826 ι
2842 774 3091 844 Captate,
3117 773 3382 836 domini,»

1811 888 1907 942 per
1941 871 2205 926 excubias
2234 870 2565 938 scholasque
2593 879 2647 922 et
2685 868 2930 922 chalcem
2973 867 3194 932 transit,
3227 876 3282 922 et
3315 865 3384 919 ad

1809 974 2062 1020 sanctum
2095 971 2318 1032 puteum
2357 961 2508 1027 abit,_
2531 959 2796 1016 factiones
2827 970 3010 1014 autem
3044 960 3098 1012 in
3125 957 3386 1013 solemni-

1812 1057 1913 1111 bus
1951 1055 2285 1110 stationibus
2326 1053 2630 1124 signantes,
2668 1066 2768 1107 nec
2795 1052 3095 1122 quidquam
3128 1060 3385 1121 praeterea

1423 1173 1659 1229 VARUS
1712 1170 2116 1229 LECTIONES.

197 1293 238 1324 ⁸·
280 1291 530 1346 xxxiii:
580 1294 704 1351 cod.

1121 1413 1309 1471 JOAN.
1339 1413 1478 1468 JAC.
1520 1413 1767 1468 REISKII
1801 1413 2365 1471 COMMENTARIUS.

122 1510 340 1580 juvenes
372 1510 648 1578 utriusque
674 1527 853 1571 sexus,
886 1528 1018 1580 quas
1058 1512 1311 1565 vocabant
1339 1513 1553 1563 bonetas
1588 1522 1704 1578 post

129 1579 366 1644 capellas
401 1580 464 1632 de
496 1580 602 1633 lino
625 1583 700 1642 pel
730 1579 925 1649 co/ﬁas.
954 1582 1110 1636 Clare
1149 1591 1295 1649 putet
1339 1581 1426 1634 hic
1458 1581 1583 1639 loci,
1618 1597 1707 1632 ca-

132 1649 304 1715 pellas
340 1664 465 1702 esse
493 1660 804 1719 tegumenta
841 1653 1059 1720 capitis,
1101 1666 1222 1720 qua‘.
1265 1651 1577 1704 immediate
1613 1665 1707 1702 ca-

131 1720 298 1789 pillos
333 1727 568 1784 tangunt
597 1732 652 1774 et
686 1723 786 1776 bos
829 1721 973 1774 inter
1001 1730 1168 1789 atque.
1202 1723 1431 1774 bonetos
1464 1721 1704 1774 interce-

128 1788 292 1846 dunt.
322 1791 581 1856 qualibus
603 1791 766 1845 hodie
787 1791 929 1857 apud
948 1806 1048 1846 nos
1075 1788 1297 1856 quidem
1322 1791 1453 1845 sola:
1495 1792 1708 1844 feminae

130 1860 318 1931 adhuc
357 1871 610 1926 utuntur,
655 1859 924 1926 (Hauben
961 1862 1292 1931 appellant.)
1344 1861 1496 1931 olim,
1523 1871 1704 1914 autem

1813 1509 2303 1580 Aquisgrancnsis.
2346 1520 2571 1566 auctore
2612 1512 2796 1565 nescio
2834 1526 2974 1580 quo;
3003 1525 3196 1564 nomen
3243 1511 3390 1562 enim

1817 1583 2077 1635 memoria
2116 1583 2340 1636 excidit.
2385 1581 2560 1636 Latini
2598 1581 2759 1635 medii
2800 1584 2898 1634 arvi
2936 1584 3135 1648 pbaros
3167 1581 3264 1632 hos
3300 1597 3391 1631 or-

1815 1651 2088 1704 biculares
2126 1654 2360 1718 pensiles
2389 1667 2418 1705 a
2452 1655 2620 1718 ligura
2649 1669 2805 1704 arcus
2833 1662 2886 1704 et
2909 1666 3154 1711 coronas,
3177 1660 3226 1702 et
3261 1651 3390 1714 plmo

1817 1737 1906 1774 ros
1938 1722 2006 1774 ab
2047 1711 2241 1782 oﬂi'cio,
2300 1711 2557 1776 Graeciva
2612 1723 2961 1775 multitudine
3013 1711 3387 1778 luminarinm,

1815 1805 1937 1858 qua:
1983 1794 2275 1855 gerebant.
2323 1791 2698 1859 πολυκάνδηλα
2735 1791 3101 1860 appellabant.
3171 1789 3388 1860 ’[Ιῖολυ-

1816 1860 2081 1928 κάνδηλον
2115 1863 2291 1914 reddit
2325 1858 2624 1915 Conuhelis.
2668 1862 2721 1913 in
2774 1858 2992 1915 Contin.
3056 1858 3303 1926 Theoph.
3339 1876 3388 1926 p.

128 1930 300 2001 etiam
332 1931 461 1994 viri,
495 1917 779 2001 cun'ta‘pud
805 1946 927 1993 nos,
954 1917 1068 1985 tum
1099 1917 1428 1999 etiam'apud
1464 1930 1704 2001 Cra-cos,
1742 1917 1782 1972 Β
1819 1931 1939 1983 151.
1975 1917 2206 1985 circulus
2242 1932 2526 1999 multiplici
2557 1931 2676 2000 face
2722 1933 2776 1984 in
2827 1932 3013 1984 orbem'
3043 1917 3392 2001 sustentanda

129 1999 319 2052 medio
350 2017 466 2054 aevo
497 1999 690 2069 nempe
713 2002 1025 2055 utebantur.
1072 2001 1384 2056 Graecorum
1434 2000 1620 2054 clerici
1654 2007 1712 2052 et

130 2073 470 2122 nostratium
504 2067 661 2140 pauci
687 2067 912 2141 quidam
967 2071 1148 2126 adhuc
1193 2071 1356 2125 hodie
1396 2071 1560 2138 dupla
1617 2086 1712 2140 ge-

129 2149 263 2192 runt
314 2143 676 2202 cameIaucia,
715 2158 882 2194 unum
931 2143 1164 2198 interius
1221 2142 1528 2210 augustius.
1581 2143 1710 2194 alte-

129 2223 252 2262 rum
293 2212 542 2267 exterius
576 2213 840 2280 amplius,
887 2212 1226 2279 splendidus.
1264 2209 1418 2267 Prius
1446 2211 1716 2264 subcame-

128 2280 396 2346 lasciuus,
435 2283 486 2336 id
524 2291 609 2336 est
640 2282 1151 2344 subcamelaucium,
1186 2283 1554 2351 appellabant.
1585 2281 1710 2336 item

128 2351 427 2421 suppfileos,
479 2355 756 2421 posterius
809 2353 1191 2407 camilaucium
1247 2353 1612 2420 simpliciter;
1659 2369 1708 2404 v.

133 2420 210 2492 |_)n
243 2420 430 2488 Cange
462 2420 513 2475 v.
552 2422 992 2492 Σακαμιλαύχιον
1038 2440 1091 2492 p.
1124 2423 1249 2477 501.
1288 2432 1343 2475 et
1386 2421 1711 2489 Ependecen.

129 2488 484 2564 Terminalia
509 2488 932 2547 antem‘auciu'm
965 2488 1062 2564 pro
1095 2495 1293 2548 arium.
1330 2488 1713 2546 comilaucium

131 2575 232 2624 pro
305 2563 686 2629 capillacenm,
748 2563 977 2618 nemini
1017 2564 1180 2617 debet
1239 2566 1373 2617 mira
1442 2564 1712 2620 accidere.

132 2631 294 2700 Sape
321 2634 678 2701 interponunt
705 2632 882 2688 Latini
913 2651 946 2686 ιι
985 2633 1297 2698 abundans,
1337 2642 1393 2686 ut
1427 2648 1526 2701 pro
1577 2635 1714 2687 πλα-

132 2703 251 2761 τὺς,
286 2705 496 2768 platus.
529 2703 719 2758 dicunt
745 2706 986 2772 plautas,
1022 2705 1161 2772 (vid.
1220 2705 1456 2758 Salmas.
1485 2703 1549 2756 ad
1585 2704 1716 2756 Ter-

133 2773 261 2824 tull.
303 2787 355 2840 p.
417 2773 589 2838 1⁸75..)
645 2775 1030 2828 baccalaureus
1090 2788 1188 2843 pro
1240 2775 1596 2835 baccalarius,
1651 2777 1717 2829 dc

131 2857 243 2909 qua
281 2859 418 2897 voce
449 2845 578 2898 alibi
611 2844 664 2898 in
693 2844 778 2898 his
808 2845 952 2900 notis
986 2846 1132 2899 dico.

205 2911 286 2965 De
348 2912 475 2966 aliis
534 2916 995 2968 camelauciorum
1060 2914 1397 2973 nominibus.
1461 2926 1518 2969 ut
1565 2929 1617 2967 e.
1663 2930 1712 2968 c.

132 2982 410 3054 tberistro,
442 2997 554 3050 quo
577 2982 966 3054 Luitprandius
983 3001 1043 3038 ea
1074 3000 1216 3052 smpe
1237 2985 1493 3054 appellit,
1519 2984 1717 3044 Cra-ci,

133 3053 178 3104 si
212 3054 356 3108 bene
397 3055 643 3117 memini,
678 3053 981 3121 nunquam,
1016 3057 1141 3108 item
1173 3055 1239 3108 de
1270 3053 1461 3109 eurun
1509 3056 1720 3123 origine

133 3127 296 3194 (sunt
327 3124 624 3177 admodum
668 3127 912 3194 antiqua,
953 3125 1206 3178 videntur
1231 3134 1410 3178 tamen
1438 3139 1468 3178 a
1501 3125 1551 3178 Si
1575 3128 1719 3194 ytbis

135 3194 204 3244 ad
243 3193 577 3248 Macedones
607 3193 813 3263 primos
845 3198 951 3248 sub
986 3195 1209 3248 nomine
1233 3197 1454 3257 causiw,
1491 3193 1618 3248 dein
1650 3195 1714 3246 ad

133 3265 387 3333 reliquos
422 3279 645 3331 quoque
675 3264 897 3320 Graecos
925 3267 1288 3333 pervenisse.)
1320 3280 1425 3317 non
1450 3266 1713 3319 constitui

135 3333 224 3385 hic
259 3335 589 3407 _disscrere
635 3335 839 3407 ;_'[de
893 3336 1233 3407 camelaucio
1287 3335 1716 3407 imperatorum,

131 3403 282 3467 quod
331 3403 621 3470 pontiﬁces
674 3403 867 3458 imitati
898 3415 1047 3469 sunt,
1097 3405 1235 3459 vide.
1286 3403 1606 3459 DuFresne
1651 3407 1716 3458 ad

129 3471 384 3526 Joinvitl.
431 3490 482 3542 p.
523 3473 646 3530 29L
699 3478 963 3531 Alteserr.
1021 3479 1086 3530 ad
1139 3478 1396 3529 Anastas.
1437 3492 1487 3544 p.
1522 3477 1650 3544 89.;
1683 3475 1718 3545 Γ

134 3559 317 3611 neque
346 3547 418 3598 de
448 3547 912 3600 camelanciorum
965 3547 1282 3600 diversitate
1316 3545 1520 3600 diversi
1566 3547 1718 3600 ordi-

136 3613 222 3668 nis
262 3614 497 3674 iudicio.
543 3623 601 3667 ut
628 3625 757 3670 sunt
786 3619 987 3672 diversi
1025 3618 1232 3671 tulbani
1297 3617 1438 3683 apud
1483 3618 1716 3680 Ture".

136 3694 194 3736 nt
224 3685 436 3756 cuique
468 3685 589 3738 \ita:
629 3687 817 3754 generi
874 3689 981 3750 sui,
1041 3703 1181 3756 quos
1245 3686 1409 3740 etiam
1469 3686 1719 3741 diversos

133 3754 276 3820 apud
311 3753 537 3810 Graecos
568 3753 738 3811 fuisse
770 3765 987 3811 constat
1017 3753 1268 3811 e'Niceta
1307 3772 1359 3823 p.
1420 3756 1522 3810 H5
1550 3758 1605 3810 d.
1660 3758 1713 3812 9.

135 3823 386 3897 Procedo
412 3828 594 3893 potius
621 3826 688 3880 ad
713 3829 1085 3897 polycandela.
1127 3843 1248 3896 qua:
1301 3841 1364 3880 ex
1422 3841 1508 3891 eo,
1571 3829 1716 3895 quod

135 3894 346 3946 similia
397 3897 554 3949 vittis
605 3894 822 3964 capitis,
881 3894 1213 3952 canielaucis
1279 3897 1462 3958 dictis,
1509 3894 1714 3962 essent,

136 3979 334 4036 eorum
387 3969 614 4020 nomine
655 3977 940 4021 venerunt.
995 3967 1113 4022 Non
1177 3968 1374 4021 melius
1432 3969 1717 4036 apparebit

133 4035 433 4087 amborum
495 4037 820 4101 similitudo,
872 4039 1166 4106 pharorum
1219 4035 1567 4091 circulariu’m
1629 4040 1714 4091 in-

135 4119 304 4170 quam
338 4120 437 4159 seu
466 4121 794 4160 coronarum
829 4109 1013 4161 multis
1039 4109 1276 4161 lucernis
1300 4116 1354 4160 et
1386 4109 1562 4162 cereis
1590 4110 1714 4162 illu-

136 4176 477 4268 itiina‘tang
508 4179 821 4268 cupidinis
865 4183 1073 4232 conicis
1104 4178 1506 4268 οιιιινερρριιιίιι,
1549 4195 1714 4259 quam
1779 4246 1791 4268 ⁸

133 4248 178 4298 si
211 4247 333 4296 tab.
363 4244 436 4298 96
461 4253 515 4298 et
549 4246 618 4299 27
641 4245 977 4302 Monnment.
1015 4258 1254 4302 veterum
1288 4244 1580 4315 Ciampini’
1605 4250 1716 4304 ins-
1779 4246 1791 4277 θ

136 4317 338 4382 picias.
372 4317 464 4368 ubi
506 4331 722 4370 coronae
761 4318 842 4371 Ine
885 4338 914 4371 ις
949 4320 1183 4372 camaris
1217 4317 1575 4371 ecclesiarum
1621 4320 1718 4373 de-

134 4385 445 4458 pendentes
473 4401 598 4439 cum
654 4389 865 4442 catenis
895 4389 962 4442 ad
1005 4391 1179 4442 instar
1237 4387 1494 4455 trianguli
1546 4391 1716 4458 aequi-

135 4457 312 4507 crurii
362 4456 419 4508 in
475 4472 692 4526 summo
729 4459 1188 4526 convergentihus
1223 4467 1416 4511 exacte
1469 4456 1712 4512 referunt

135 4539 342 4597 conum
375 4525 624 4597 sacchari
672 4535 769 4597 aut
824 4525 1080 4582 bonetum
1109 4528 1453 4596 cuspidatum
1515 4529 1594 4582 vel
1627 4531 1711 4597 pi-

136 4596 282 4646 leum
303 4596 622 4667 nauticum.
663 4594 924 4666 Superest
949 4600 1127 4653 adhuc
1153 4594 1322 4651 moris
1351 4597 1556 4667 antiqui
1586 4594 1710 4653 talia

133 4666 481 4719 eamelaucia
536 4666 900 4721 illuminantia
947 4670 998 4722 in
1037 4669 1289 4722 ecclesiis
1343 4666 1714 4736 suspendendi

134 4738 533 4808 documentum
565 4737 618 4787 in
640 4738 862 4792 basilica
882 4738 1314 4808 Aquisgranensi
1335 4753 1364 4791 a
1390 4737 1587 4791 Carolo
1606 4739 1715 4791 Ma-

135 4821 241 4880 gno
271 4807 525 4880 condita,
558 4820 761 4880 corona
783 4809 883 4878 (sic
916 4807 1292 4880 enimpharos
1324 4810 1448 4861 illos
1477 4811 1716 4877 pensiles

139 4875 484 4942 chhuiferos
510 4875 879 4945 appellabant,
926 4881 1070 4933 unde
1092 4875 1216 4932 'nos
1245 4886 1461 4932 retento
1479 4875 1717 4933 'nomine

135 4946 597 5018 Kronenleucluer
631 4947 932 5016 dicimus,)
969 4965 1077 5004 non
1110 4964 1295 5011 aurea,
1346 4963 1524 5018 neque
1561 4964 1589 5000 a
1616 4949 1718 5004 Cu-
1773 5008 1776 5017 ‘

136 5020 254 5070 rolo
280 5016 485 5086 Hagno
506 5027 736 5086 gestata,
770 5031 826 5074 ut
860 5022 1053 5089 vulgus
1085 5026 1355 5083 autumat,
1394 5016 1487 5074 sed
1519 5018 1716 5080 ferrea,

137 5089 393 5140 accensis
446 5089 622 5142 cereis
676 5100 726 5143 et
783 5091 1019 5145 lucernis
1076 5091 1366 5144 ecclesiam
1412 5091 1718 5144 illuminare

140 5162 302 5211 facta.
353 5156 490 5210 Erat
523 5159 578 5211 in
625 5161 806 5213 eadem
846 5162 1092 5224 basilica,
1153 5161 1233 5214 sic
1284 5159 1476 5213 scribit
1517 5160 1586 5214 de
1629 5162 1715 5214 illa

139 5242 340 5301 corona
375 5228 706 5301 Eginhartus
740 5233 791 5284 in
824 5230 944 5285 Vita
970 5231 1149 5285 Caroli
1176 5230 1374 5301 Magni,
1403 5231 1454 5282 in
1484 5233 1719 5301 margine

139 5296 211 5366 [id
245 5309 330 5372 est
361 5296 567 5352 cantho
589 5314 686 5354 seu
719 5301 828 5354 imo
868 5303 977 5355 lato
1001 5304 1211 5356 circulo
1253 5296 1453 5372 [ξι-τεο]
1486 5296 1714 5364 coro'nic,

137 5385 248 5434 qum
273 5371 417 5421 inter
448 5373 750 5436 superiores
778 5388 936 5425 arcas
986 5373 1289 5426 interiorem
1342 5372 1474 5425 cedis
1515 5382 1718 5435 partem

139 5440 301 5493 umbie
324 5449 404 5491 mt
437 5442 708 5509 synoptice
737 5438 812 5510 [id
837 5452 918 5496 est
945 5443 1002 5494 ὲν
1023 5442 1362 5510 εὐσυνόπτῳ,
1393 5441 1715 5510 grandibus,

139 5510 326 5573 t-Iarts,
375 5509 687 5578 perspicius
715 5509 932 5572 litteris,
985 5529 1104 5582 qua:
1136 5513 1188 5564 in
1241 5509 1432 5582 oculos
1471 5512 1718 5566 incurre-

142 5589 254 5630 reut
284 5590 340 5631 et
367 5595 397 5631 a
441 5586 641 5650 quovis
672 5584 956 5636 commode
990 5580 1090 5651 legi
1145 5580 1416 5652 possent.]
1463 5584 1718 5650 scriptum

140 5652 438 5716 continens,
479 5653 597 5719 quis
627 5663 759 5703 esset
810 5664 995 5706 auctor
1033 5655 1266 5722 ejusdem
1321 5654 1518 5720 templi.
1559 5653 1717 5721 Ecty-

143 5735 262 5783 pum
294 5736 406 5774 :urc
460 5737 780 5790 expressum
815 5725 975 5791 hujus
1029 5740 1246 5791 corona;
1301 5740 1393 5791 per
1436 5727 1716 5777 intervalla

145 5793 464 5863 turriuntet
509 5788 1244 5863 ecclesiarum'intaginibus
1294 5788 1564 5847 distinctu
1609 5796 1716 5847 vidi

144 5859 429 5929 aliquando
515 5863 572 5916 in
635 5859 1484 5934 descriptione'Antiqnitatnm
1567 5867 1719 5919 urbis

1739 4583 1791 4641 D

1815 2001 1990 2069 factus
2020 2003 2065 2073 γ
2105 2001 2167 2055 ν.
2197 2001 2274 2054 Du
2299 2003 2482 2073 (lange
2511 2018 2561 2054 v.
2614 2003 2788 2073 Arcus
2819 2012 2872 2054 et
2907 2001 3202 2073 Coroaact
3254 1999 3393 2052 Phav

1815 2088 1928 2133 rus,
1957 2071 2233 2140 obiurget.
2277 2072 2344 2126 de
2387 2072 2536 2126 Nuce
2563 2071 2631 2124 ad
2684 2073 2943 2124 Chronic.
2978 2071 3294 2126 Cassinens.
3353 2087 3392 2130 ι.

1814 2142 1904 2200 26.
1941 2158 1990 2202 p.
2029 2143 2154 2204 500,
2191 2143 2350 2207 cujus
2390 2143 2502 2195 ltzec
2536 2152 2660 2196 sunt
2695 2142 2859 2195 verba
2903 2160 2916 2194 :
2957 2142 3184 2196 Coronw
3238 2153 3392 2193 erant

1816 2211 1983 2276 ampli
2008 2213 2224 2280 quidam
2250 2213 2448 2265 circuli
2489 2213 2771 2280 pendentes
2800 2228 2892 2280 per
2947 2209 3223 2265 catenatas
3257 2227 3282 2263 e
3317 2210 3392 2263 la-

1814 2283 2099 2351 quearibus
2135 2286 2187 2336 iu
2215 2283 2472 2343 ecclesiis.
2504 2287 2573 2336 ad
2597 2299 2729 2350 quas
2759 2299 2983 2337 coronas
3015 2281 3387 2351 cppendeban-

1817 2353 2117 2433 tun-lychni
2163 2354 2232 2433 ad
2292 2353 2678 2433 illuntinan'das
2716 2352 2955 2407 tenebras
3015 2355 3068 2406 in
3121 2353 3395 2433 nocturnis

1817 2422 2010 2491 vigiliis
2040 2433 2088 2476 et
2129 2425 2197 2477 ad
2230 2439 2501 2478 ornatum.
2559 2423 2760 2476 Earum
2794 2440 2931 2478 nunc
2991 2439 3118 2476 usus
3171 2422 3394 2475 exolevit

1817 2502 2169 2560 pra'terquam
2197 2493 2512 2554 Mediolani,
2542 2497 2694 2561 cujus
2718 2495 2942 2548 ecclesia
2993 2496 3290 2560 priscorum
3322 2494 3368 2547 ri

1820 2576 1966 2616 tuum
2001 2567 2409 2618 retinentissima
2443 2575 2755 2630 perseverat.
2802 2565 2894 2617 Ea:
2919 2580 3127 2624 consona:
3161 2566 3397 2629 terebant

1817 2650 2021 2696 cruces,
2061 2636 2125 2688 de
2149 2640 2338 2704 quibus
2373 2637 2455 2687 hic
2504 2644 2552 2687 et
2577 2636 2613 2687 l.
2668 2651 2750 2693 nl.
2789 2652 2835 2689 c.
2870 2636 2935 2687 73
2965 2650 2982 2685 :
3020 2651 3270 2688 coronam
3309 2651 3398 2686 ar-

1817 2715 2059 2773 genteam
2088 2706 2405 2759 deauratam
2432 2713 2480 2758 et
2514 2705 2779 2765 lapidibus
2819 2707 3066 2772 pretiosis
3125 2715 3394 2764 ornatam,

1820 2775 1990 2840 ferens
2019 2774 2143 2845 [pro
2195 2774 2469 2844 ferentem]
2505 2792 2686 2829 cruces
2729 2792 2841 2829 sex.
2890 2774 2952 2828 11.
2989 2775 3052 2828 Τ.
3111 2775 3398 2845 Eleganter

1823 2848 1920 2898 bos
1976 2843 2201 2914 pharos
2237 2843 2502 2901 describit
2547 2846 2861 2899 ChrOnit-on
2918 2845 3254 2914 Cassincnse
3309 2843 3394 2898 Ill.

1819 2914 1932 2984 .35.,
1978 2913 2080 2969 sed
2116 2917 2287 2969 multo
2342 2919 2516 2984 magis
2565 2916 2746 2969 adhuc
2777 2917 2974 2968 Paulus
3029 2913 3394 2968 Silentiarins.

1825 2983 2000 3036 Verba
2034 2986 2181 3040 illius
2215 2987 2330 3039 haec
2371 2983 2500 3039 sunt
2533 3005 2545 3038 :
2576 2985 2724 3038 Fecit
2757 2995 2807 3038 et
2857 2987 3081 3053 pltarum
3114 3002 3204 3038 seu
3243 3002 3398 3038 coro-

1822 3070 1944 3124 nam
1978 3057 2261 3110 maximam
2289 3056 2352 3109 de
2377 3069 2593 3124 argento
2622 3057 2878 3109 librarum
2924 3058 3134 3109 circiter
3167 3065 3396 3117 centum.

1823 3123 2016 3196 lmbcns
2045 3125 2149 3196 [sic
2179 3123 2490 3183 scribebant
2518 3137 2571 3179 et
2596 3130 2956 3195 loqqebantur
2998 3127 3092 3178 illo
3123 3143 3241 3178 aevo
3299 3143 3399 3195 pro

1822 3194 2120 3267 habentem]
2163 3201 2216 3251 in
2247 3198 2474 3250 circuitu
2506 3194 2712 3250 cubitos
2741 3198 2949 3264 viginti,
2979 3213 3095 3249 cum
3121 3194 3399 3250 duodecim

1823 3266 2074 3318 turribus‘
2103 3266 2429 3320 extrinsecus
2467 3269 2907 3332 prominentibus.
2951 3282 3043 3320 sea:
3091 3278 3140 3320 et
3178 3268 3399 3334 triginta

1823 3351 1887 3388 ea:
1912 3352 1974 3388 ea
2016 3335 2347 3403 lampadibus
2377 3337 2810 3402 dependentibus,
2838 3353 3058 3403 euntque.
3091 3347 3247 3390 extra
3275 3343 3401 3390 cho-

1822 3421 1938 3479 rum
1987 3405 2064 3479 [id
2110 3420 2194 3461 est
2236 3409 2458 3479 soleam]
2517 3419 2639 3461 ante
2691 3423 2900 3479 crucem
2929 3408 3240 3479 rmajoremr
3269 3412 3398 3460 satis

1821 3476 1978 3543 firma
2007 3477 2178 3544 ferrea
2201 3490 2410 3537 catena.
2442 3476 2638 3545 septem
2692 3478 2964 3530 deauratis
3011 3478 3166 3531 malis
3207 3478 3400 3532 distin-

1822 3556 1930 3609 cta,
1960 3551 2252 3614 suspendit.
2294 3549 2444 3603 Pauli
2480 3558 2662 3602 autem
2692 3549 2846 3601 locus
2886 3547 3150 3616 Ecphras.
3193 3565 3240 3602 ν.
3294 3549 3397 3603 157

1823 3617 1899 3685 (p.
1943 3619 2091 3682 520),
2121 3619 2210 3674 ubi
2249 3619 2732 3688 polycandelorum
2767 3632 2928 3670 arcus
2951 3618 3004 3670 in
3035 3619 3145 3671 imo
3175 3621 3402 3688 amplis-

1823 3690 2014 3751 simos,
2079 3704 2190 3756 quo
2231 3691 2399 3744 altius
2433 3697 2616 3742 autem
2655 3688 2994 3751 ascenditur,
3035 3703 3102 3741 eo
3157 3692 3399 3742 minores

1822 3769 1984 3826 atque
2027 3762 2271 3813 minores
2302 3776 2426 3813 cum
2481 3758 2730 3827 lagormu
2763 3767 2856 3810 aut
2886 3759 3112 3826 pinuum
3147 3774 3302 3811 coma
3343 3759 3395 3810 in

1821 3842 2020 3882 conmn
2090 3842 2257 3885 eunte
2321 3841 2622 3898 comparat,
2662 3828 3017 3898 quodredit
3080 3831 3398 3896 pariterque

1822 3907 2005 3964 aptmn
2060 3910 2161 3965 est,
2202 3911 2387 3968 atque,
2447 3897 2588 3967 quod
2646 3897 3047 3968 posterioribus
3105 3903 3237 3952 astris
3287 3915 3399 3950 ma-

1822 3969 1904 4040 gis
1944 3969 2172 4038 placuit,
2211 3967 2550 4040 comparatio
2593 3984 2720 4025 cum
2767 3967 3124 4023 camclaucio.
3155 3968 3394 4037 apicato.

1823 4039 1911 4092 hic
1940 4047 2025 4093 cst
2058 4059 2070 4093 :

1820 4129 1999 4200 Κεῗιζα
2038 4131 2148 4198 γὰρ
2182 4132 2219 4199 ἣ
2249 4131 2534 4184 κώνοισιν
2565 4132 3022 4200 ὀριτρεςεέεσσιν
3049 4132 3222 4200 ὅμοια

2301 4201 2582 4260 mirarer
2622 4202 2661 4272 ἢ
2711 4205 3066 4271 ἁϐροκόμοις
3108 4204 3401 4269 κυπαρίσ-

3167 4289 3300 4336 σοις

1814 4339 1948 4392 Εἰσὶ
1968 4340 2086 4408 μὲν
2116 4341 2484 4410 όξυκάρηνα,
2520 4343 2988 4410 περιτροχάουσι
3011 4341 3078 4394 δὲ
3116 4272 3334 4394 ἐὲθῗῗσι

1815 4413 2135 4479 Εὑρύτεροι
2165 4417 2314 4465 κατὰ
2337 4413 2541 4478 βαιὸν,
2565 4413 2676 4478 ἓως
2709 4413 2809 4465 ἐπὶ
2839 4414 3116 4467 λοίσθιον
3147 4412 3332 4481 ἔλθῃς

1823 4483 2135 4550 Ἀντυγος,
2170 4482 2208 4549 ἧ
2234 4485 2366 4551 περὶ
2388 4484 2657 4551 πρεμνὸν
2681 4484 3016 4545 ἑλίσσεται,
3048 4482 3226 4535 ἔνθεν
3243 4482 3400 4535 ἐκεί-

3167 4569 3300 4618 ναις

1827 4599 2040 4688 *λιι-θος
2067 4623 2502 4692 ἁπεϐλάστησε
2536 4625 2941 4694 πυρίσπορον.
3139 4551 3161 4624 [

1891 4741 2002 4809 (58)
2038 4741 2101 4795 1η
2128 4726 2479 4808 Consistorio,
2499 4757 2596 4796 nos
2622 4744 2929 4795 diceremus
2951 4743 3004 4794 in
3021 4757 3256 4808 corpore.
3294 4741 3400 4793 Vox

1771 4869 1777 4873 _
1819 4811 1905 4864 hic
1939 4813 2038 4864 loci
2081 4829 2210 4871 non.
2243 4824 2298 4866 ut
2342 4815 2496 4877 alias,
2534 4813 2731 4873 locum,
2775 4814 2869 4867 sed
2911 4811 3400 4879 totum'collegium

1821 4893 2133 4936 senatorum
2172 4885 2222 4934 in
2249 4900 2355 4936 uno
2380 4885 2499 4936 loco
2531 4883 2948 4934 consistentium
2984 4890 3153 4933 notat.

1892 4952 2005 5021 (59)
2039 4952 2104 5004 Μ.
2135 4955 2401 5014 καπλάτε,
2429 4969 2534 5005 non
2564 4963 2768 5004 tantum
2806 4952 2913 5013 hic,
2939 4951 3034 5004 sed
3061 4951 3223 5003 etiam
3255 4951 3405 5004 dein-

1819 5037 1946 5088 ceps
1979 5033 2295 5076 constanter
2325 5041 2336 5086 ;
2391 5023 2568 5092 quod,
2608 5039 2727 5076 cum
2771 5023 2972 5089 s-t-pius
2999 5035 3298 5092 recurrere
3335 5021 3404 5074 ab

1819 5094 2026 5144 editore
2060 5089 2587 5148 animadverteretur
2615 5133 2628 5155 ,
2658 5092 2956 5145 exhibitmn
2990 5089 3088 5142 fuit
3118 5091 3171 5143 in
3217 5100 3402 5156 poste-

1823 5162 2055 5215 rioribus
2108 5164 2318 5230 :tbjecta
2370 5163 2789 5220 emetulatione,
2836 5175 2952 5229 quae
3004 5162 3174 5226 prima
3226 5159 3402 5212 fronte

1823 5234 2463 5300 probabilisgideatur,
2514 5241 2567 5300 et
2617 5232 2798 5284 SeIISni
2859 5231 3100 5299 profecto
3170 5230 3406 5297 quadrat

1821 5297 2041 5368 optime.
2065 5297 2268 5356 Dicitur
2297 5317 2484 5367 nempe
2507 5297 2937 5354 Cérimoniarins
2962 5301 3274 5366 imperatori
3309 5313 3407 5367 per

1821 5373 2021 5441 gradus
2076 5373 2424 5426 descendenti
2477 5373 2724 5441 dextram
2781 5385 2953 5435 titiam,
3010 5385 3129 5441 non
3174 5370 3401 5441 nudam,

1821 5439 1962 5512 quod
2011 5459 2116 5495 non
2163 5445 2321 5497 liceat
2351 5443 2556 5509 absque
2601 5440 2901 5508 majestatis
2953 5439 3262 5512 violatione,
3307 5439 3402 5491 sed

1822 5514 2001 5568 tunica
2024 5514 2335 5567 obvolutum
2372 5513 2671 5580 porrigere,
2705 5520 2761 5561 nt
2808 5525 2928 5561 eam
2971 5511 3402 5577 apprebemleret

1822 5583 2098 5648 dominus,
2139 5597 2368 5650 eumque
2403 5585 2480 5636 sic
2524 5598 2620 5646 per
2667 5581 2867 5650 scalam
2917 5595 3077 5650 mamt
3110 5580 3404 5650 deduceret

1822 5655 2050 5706 dicendo
2081 5653 2222 5706 κατὰ
2254 5648 2472 5722 βάθρον,
2503 5651 2726 5718 singulis
2757 5649 2808 5700 in
2841 5649 3098 5722 gradibus
3132 5667 3144 5701 :
3179 5648 3419 5714 Captato-

1825 5722 2060 5785 Domini,
2089 5719 2263 5787 idest;
2291 5719 2516 5775 lirntitcr
2544 5719 2930 5787 apprehendttc
2959 5733 3173 5770 manum
3205 5733 3404 5778 meam,

1824 5804 2130 5862 tetietequc.
2171 5811 2235 5847 nc
2295 5795 2519 5853 collatis,
2571 5801 2662 5862 an}
2698 5803 2829 5862 uno
2882 5792 3070 5862 gradu
3119 5787 3404 5862 alncrretis.

1830 5862 1886 5914 ν.
1910 5880 1958 5932 υ.
1984 5855 2069 5919 88.
2094 5866 2393 5922 Taediowni
2423 5879 2550 5918 sane
2573 5857 2826 5918 ofﬁcium.
2852 5859 2892 5912 si
2929 5859 2992 5911 ad
3020 5855 3259 5925 singulos
3288 5872 3418 5926 gra-
