4170 6436
759 391 871 456 283

1747 389 2258 451 CONSTANTINI
2293 389 2972 455 PORPHYROGENITI

3901 385 4006 447 284

765 503 934 554 situm
985 509 1103 565 est,
1157 499 1272 554 abit
1320 496 1743 565 cubiculutnque
1807 515 1967 553 suum
2024 501 2348 568 ingreditur.

2457 503 2569 565 τὸν,
2597 505 2658 556 ὲν
2680 503 2759 572 τῷ
2787 500 3114 572 ἀνέρχεσθαι
3149 500 3333 564 αὐτὸν,
3363 500 3616 552 κάκεῖθεν
3668 498 4030 562 διασώζουσιν

768 591 925 645 Tunc
953 592 1064 644 duo
1100 589 1389 644 silentiarii
1438 603 1468 641 a
1504 589 1760 642 tnamlato
1791 591 1993 642 abeunt
2030 601 2082 642 et
2119 591 2350 656 patriar-

769 686 927 738 cham
961 691 1288 745 arcessunt;
1335 697 1522 750 quem,
1561 683 1689 734 dum
1740 681 2160 748 appropinquat,
2194 682 2352 734 cubi-

770 778 898 831 culo
945 774 1182 844 praefecti
1210 775 1516 842 excipiunt,
1550 780 1604 826 et
1637 783 1922 842 postquam
1948 773 2188 835 advenit,
2224 788 2355 840 pau—

774 870 939 938 lisper
1003 868 1236 928 assidet.
1294 867 1421 920 dum
1491 865 1783 920 adventum
1849 869 1971 936 ejus
2039 867 2354 934 imperatori

775 961 1096 1027 praepositus
1125 962 1362 1014 nuntiat.
1409 958 1564 1013 Tunc
1610 960 1829 1026 quidem
1883 961 2205 1029 imperator,
2264 974 2358 1027 pa-

779 1053 1074 1105 triarcham
1130 1052 1401 1105 advocare
1455 1053 1810 1121 pra'positum
1864 1053 2062 1121 jubet,
2115 1053 2358 1120 dumque

778 1139 964 1205 ambo,
1023 1141 1319 1207 imperator
1381 1142 1593 1194 scilicet
1647 1151 1702 1195 et
1757 1141 2086 1210 patriarcha,
2140 1157 2248 1195 una
2301 1143 2356 1195 in

777 1233 1036 1292 triclinio,
1089 1234 1180 1285 ubi
1234 1249 1419 1287 mensa
1457 1243 1599 1297 stat,
1633 1235 1868 1297 adsunt,
1907 1235 1992 1289 hic
2046 1237 2358 1290 sacerdotes

781 1334 960 1385 vocat,
1029 1326 1124 1393 qui
1187 1326 1422 1378 stichum
1490 1327 1716 1390 faciunt,
1779 1327 2090 1395 patriarcha
2149 1341 2354 1390 autem,

783 1429 1068 1487 postquam
1133 1433 1334 1472 tncnste
1401 1419 1709 1478 benedixit.
1760 1423 2142 1490 omophorium
2199 1437 2356 1473 suum

782 1510 1044 1578 deponit,
1097 1509 1239 1575 quod
1305 1516 1590 1577 postquam
1623 1511 1932 1564 sacerdotes
1987 1520 2360 1583 sumpserunt.

788 1607 1008 1663 exeunt,
1066 1603 1363 1670 imperator
1413 1613 1592 1655 autem
1627 1620 1752 1656 cum
1791 1607 2096 1671 patriarcha
2161 1621 2366 1660 mensae

2453 597 2618 649 αὑτὸν
2653 597 3000 662 σιλεντιάριοι
3023 595 3118 647 δύο
3146 595 3308 664 μέχρι
3335 594 3430 647 τοῦ
3453 593 3603 648 ναοῦ.
3623 594 3733 645 Καὶ
3757 595 3856 660 τῆς
3881 592 4030 655 Θείας

2455 688 2797 758 λειτουργίας
2835 687 3206 756 τελεσθείσης,
3262 685 3534 755 διέρχεται
3582 687 3610 738 6
3639 685 3897 754 βασιλεὺς
3946 687 4031 735 διὰ

2453 781 2562 832 τῶν
2588 779 2896 850 ἔμπροσθεν
2929 779 2976 810 ⁷⁸
3003 779 3115 846 (73)
3145 779 3642 846 κατηχουμενείων,
3686 777 3780 830 καὶ
3801 778 3890 829 διὰ
3921 778 4031 828 τῶν

2457 871 2604 924 ἔνδον
2632 872 2928 940 ἀπέρχεται
2977 871 3034 922 ὲν
3061 869 3140 939 τῷ
3169 868 3815 937 θεοφυλάκτῳιπσλατίῳ,
3861 871 4030 936 {now

2455 963 2534 1032 τῷ
2553 963 2666 1016 ὄντι
2695 966 2895 1022 ἐκεῖσε,
2933 962 3025 1013 καὶ
3048 961 3358 1030 εἰσέρχεται
3388 961 3447 1012 ὲν
3474 960 3554 1029 τῷ
3589 959 3807 1011 κοιτῶνι
3839 959 4028 1013 αὑτοῦ.

2460 1055 2568 1106 Καὶ
2597 1054 2952 1122 κατέρχονται
2975 1052 3067 1105 δύο
3103 1051 3450 1121 σιλεντιάριοι
3480 1051 3588 1103 ἀπὸ
3613 1052 3917 1110 κελεύσεως
3939 1053 4035 1104 καὶ

2459 1143 2890 1215 προσκαλοῦνται
2913 1143 3006 1194 τὸν
3036 1143 3406 1212 πατριάρχην,
3439 1144 3534 1195 καὶ
3562 1142 3750 1194 τούτου
3777 1141 4030 1193 ἀνελθόν-

2459 1256 2551 1299 τος
2573 1241 2669 1291 καὶ
2697 1237 3119 1302 πλησιάσαντος,
3160 1235 3407 1303 δέχονται
3456 1234 3620 1287 αὑτὸν
3647 1236 3911 1302 ἄρχοντες
3942 1234 4033 1285 τοῦ

2460 1328 2840 1382 κουὸουκλειου
2863 1367 2877 1389 ,
2915 1329 3009 1379 καὶ
3033 1325 3202 1378 ὲλθὼν
3225 1325 3519 1387 καθέζεται
3551 1326 3765 1394 μικρὸν,
3800 1327 3890 1377 καὶ
3927 1328 4034 1376 εξσε

2461 1422 2630 1474 ελθὼν
2651 1422 2678 1473 6
2705 1419 3062 1490 πραιπόσιτος
3077 1419 3229 1488 δηλοῖ
3256 1418 3334 1486 τῷ
3360 1417 3587 1485 βασιλεῖ.
3619 1419 3678 1469 '0
3701 1418 3756 1470 δὲ
3783 1418 4034 1486 βασιλεὺς

2462 1512 2673 1565 κελεύει
2695 1513 2772 1580 τῷ
2794 1511 3139 1579 πραιποσιτῳ
3162 1511 3642 1578 προσκαλέσασθαι
3665 1511 3756 1562 τὸν
3776 1511 4019 1577 πατριάρ

2464 1619 2585 1672 χην,
2616 1603 2708 1654 καὶ
2735 1602 3024 1663 ἑνωθέντες
3059 1600 3363 1668 ἀμφότεροι
3421 1601 3448 1651 ὃ
3497 1617 3553 1651 τε
3599 1598 3850 1665 βασιλεὺς
3881 1601 3977 1650 καὶ
4015 1603 4039 1650 6

784 1698 1092 1747 accumbit:
1129 1695 1446 1748 cubicularii
1484 1697 1550 1746 ab
1587 1706 1819 1763 utroque
1849 1713 2049 1751 mensa:
2086 1699 2276 1760 latere,
2307 1706 2356 1749 ιιι

2467 1690 2806 1759 πατριάρχης
2825 1692 2884 1741 ὲν
2915 1691 2992 1758 τῷ
3018 1689 3297 1758 τρικλίνῳ,
3323 1691 3381 1740 ὲν
3401 1683 3446 1755 ᾧ
3469 1690 3678 1741 ἵσταται
3704 1691 3737 1755 ἠ
3763 1689 4036 1756 τράπεζα,

782 1788 1046 1848 diximus,
1095 1791 1291 1840 astanl.
1336 1787 1448 1858 48
1481 1788 1770 1856 Postquam
1827 1789 2122 1856 imperator
2168 1799 2222 1842 et
2268 1804 2356 1857 pa-

2468 1784 2999 1855 προσκαλεῖταιτοὺς
3017 1785 3202 1852 ἱερεῖς,
3231 1784 3325 1834 καὶ
3354 1782 3565 1834 ποιοῦσι
3588 1783 3679 1834 τὸν
3701 1783 3882 1849 στίχον
3901 1781 4036 1848 (7b),

781 1880 1022 1932 triarclta
1049 1881 1212 1932 semel
1241 1882 1465 1932 omnino
1501 1881 1774 1939 biberttnt,
1802 1882 2125 1948 prmpositus
2149 1897 2176 1932 a
2207 1896 2356 1934 man-

2465 1879 2558 1930 καὶ
2607 1876 2907 1944 εὐλογήσας
2965 1876 3067 1943 τὴν
3129 1874 3413 1944 τράπεζαν
3462 1875 3490 1925 6
3527 1874 3873 1942 πατριάρχης
3904 1873 4034 1938 (75).

781 1968 915 2022 dato
970 1971 1188 2040 signum
1242 1970 1356 2033 dat,
1409 1987 1709 2040 omnesque
1759 1973 1999 2026 ministri
2063 1974 2290 2031 intrant,
2335 1986 2356 2024 ε

2461 1970 2795 2023 ὑπαλλὰσσει
2829 1969 2893 2021 τὸ
2915 1969 3226 2038 ὡμοφόριον
3252 1968 3365 2039 (76)
3415 1966 3603 2030 αὐτοῦ,
3633 1969 3725 2019 καὶ
3784 1967 4040 2030 λαϐόντες

2046 2088 2282 2143 ΥΑΙιΙίΕ
2320 2085 2726 2143 LECTIONES.

855 2182 903 2212 "
932 2180 1039 2234 τῶν
1064 2182 1156 2234 καὶ
1180 2181 1348 2252 ἕμπρ.
1384 2181 1473 2235 ed.

1777 2296 1966 2350 JOAN.
1999 2296 2136 2351 JAC.
2168 2296 2416 2352 REISKII
2444 2294 3018 2354 COMMENTARIUS.

861 2411 1825 2481 (⁸15)Τὰἔμπροσθεν(ἶιιιθοῑιιιιιιριιὶτι
1856 2414 2101 2466 videntur
2127 2431 2186 2468 ea
2215 2431 2357 2477 esse,

788 2501 909 2551 (μιν
946 2499 1104 2549 super
1137 2486 1398 2535 nartlu-ce
1421 2494 1600 2546 erant,
1632 2494 1685 2536 et
1717 2499 1780 2535 ex
1809 2486 2055 2551 opposito
2085 2489 2151 2538 ad
2186 2487 2360 2539 tribu-

788 2568 912 2607 na:n
947 2555 1377 2616 prospectabant.

861 2623 976 2690 (7i)
1017 2625 1259 2674 Itccitant
1297 2639 1526 2680 versum.
1581 2638 1769 2690 preces
1803 2634 1930 2676 ante
1965 2626 2247 2689 prandium
2286 2627 2368 2677 di-

787 2692 1004 2746 cendas.
1030 2693 1144 2744 Vid.
1169 2696 1232 2742 ad
1260 2708 1310 2758 p.
1347 2693 1468 2745 455.
1513 2692 1569 2744 ὐ
1608 2693 1787 2759 στίχος
1817 2703 1898 2744 est
1927 2706 2241 2758 excerptum
2269 2696 2366 2748 ali-

788 2760 932 2827 quod
968 2776 996 2812 e
1030 2762 1252 2813 Psalmis
1283 2772 1373 2812 aut
1419 2778 1572 2813 sacra
1603 2764 1904 2828 Scriptura,
1945 2763 2211 2816 inimentio
2246 2763 2361 2826 Dei,

789 2835 947 2893 cnjtts
976 2840 1181 2896 partem
1215 2829 1350 2882 forte
1375 2832 1643 2884 veteribus
1664 2833 1913 2894 faciebat,
1949 2847 2004 2883 ιιι
2039 2835 2366 2887 nostratibus

791 2902 944 2959 facit,
984 2899 1230 2952 Psaltnus
1281 2901 1402 2953 H7.
1438 2918 1452 2954 :
1495 2899 1706 2954 Gratias
1755 2907 1889 2968 agile
1948 2902 2190 2963 Domino,
2241 2904 2367 2968 quia

796 2973 1052 3023 Dominus
1097 2971 1348 3035 benignus
1375 2984 1471 3030 est,
1500 2980 1548 3022 et
1581 2973 1940 3026 misericordia
1966 2973 2079 3039 ejus
2110 2984 2280 3024 manet
2314 2975 2367 3025 in

792 3051 1067 3095 wternum.
1103 3039 1458 3094 Benedicehat
1491 3041 1646 3107 signo
1673 3043 1850 3096 crucis
1891 3045 2076 3095 audito
2126 3042 2369 3094 Patriar-

795 3113 921 3167 cha,
954 3111 1003 3159 id
1029 3110 1356 3180 est_tlicehat
1400 3128 1413 3163 :
1450 3110 1685 3175 Εὑλογία
1715 3110 1808 3162 τοῦ
1855 3111 2060 3176 Κυρίου
2106 3112 2191 3179 ἐφ’
2226 3112 2371 3180 ὑμᾶς

2469 2417 2559 2470 alii
2625 2415 2893 2469 addebant
2950 2413 3139 2468 uenias
3181 2415 3431 2467 deorsum
3457 2413 3522 2464 ad
3558 2412 3721 2479 pedes
3749 2409 3925 2466 ferme
3952 2416 4038 2465 ἀρ·

2470 2488 2792 2554 pendentes,
2827 2495 2981 2537 natas
3007 2499 3036 2537 e
3079 2484 3253 2538 tabliis
3285 2498 3378 2554 seu
3417 2482 3734 2554 latisclavis
3756 2482 4039 2554 laicorum,

2473 2551 2528 2608 nt
2562 2557 2745 2607 videre
2796 2563 2878 2608 est
2908 2570 2958 2620 p.
3030 2554 3152 2607 166.
3187 2553 3380 2607 Menol.
3426 2552 3590 2606 Basil.
3640 2562 3676 2602 t.
3710 2551 3752 2614 1,
3786 2551 4038 2621 Insignis,

2474 2628 2565 2677 sed
2590 2625 2710 2677 luce
2734 2625 3029 2683 donandus,
3064 2634 3147 2676 est
3185 2625 3421 2690 ejusdem
3478 2623 3750 2676 Anastasii
3803 2623 3956 2676 lucus
3992 2627 4040 2675 in

2475 2696 2751 2762 Stephano
2789 2691 2906 2746 lV:
2965 2692 3168 2746 Iterum
3224 2692 3479 2759 pra'fatns
3522 2692 3909 2745 Constantinus
3977 2699 4040 2744 ad

2476 2766 2705 2817 medium
2751 2764 2971 2826 allatus,
3042 2764 3287 2832 lectisque
3336 2764 3709 2832 sacratissimis
3750 2763 4041 2813 canonibus

2463 2835 2536 2885 ita
2567 2833 2834 2897 depositus
2875 2843 2970 2885 est.
3005 2830 3266 2885 Accedens
3306 2834 3443 2884 enim
3478 2830 3788 2882 Mautianus
3819 2832 4040 2881 subdiu-

2465 2920 2625 2954 conus
2650 2902 2891 2954 orarium
2923 2905 2986 2954 de
3019 2901 3153 2954 collo
3199 2900 3313 2968 ejus
3343 2900 3557 2952 abstulit
3586 2917 3602 2960 ;
3633 2911 3677 2950 et
3728 2908 3852 2952 ante
3888 2901 4038 2961 pedes

2465 2974 2703 3039 project't,
2766 2983 2812 3023 et
2861 2987 3134 3037 compages
3193 2971 3307 3036 ejus
3366 2970 3606 3022 abscidit.
3655 2968 3722 3019 At
3787 2985 4037 3034 qum-naut

2466 3053 2623 3094 erant
2655 3042 2817 3094 orarii
2847 3040 3380 3110 cotnpagelerant
3409 3040 3536 3110 illa:
3566 3052 3779 3110 cruces,
3819 3054 3943 3110 quae
3987 3042 4036 3090 in

2469 3110 2653 3164 citatis
2721 3111 2797 3162 Du
2857 3108 3082 3178 Caugii,
3160 3108 3441 3177 Menologii
3502 3108 3798 3178 Basiliani,
3865 3108 4040 3162 Mura-

797 3180 891 3274 zcisi.
922 3180 1012 3274 cui
1041 3178 1245 3274 aut}er
1273 3180 1373 3274 ⁴τὴν
1401 3180 1697 3247 τράπεζαν.
1731 3182 1908 3234 clerici
1949 3181 2062 3260 ejus
2083 3177 2368 3274 faciebant,
2402 3220 2443 3274 ο
2478 3181 2617 3260 torii.
2641 3191 2678 3233 t.
2724 3179 2787 3240 ll,
2841 3179 2959 3274 S|cr.
2981 3177 2991 3178 ί
3013 3178 3142 3274 Berl.
3193 3178 3316 3259 Ital.
3363 3193 3413 3241 p.
3438 3179 3531 3260 '13,
3577 3177 3775 3274 tab-1‘2.
3808 3179 4040 3258 aliisque

796 3249 850 3304 il
879 3258 980 3311 est,
1007 3249 1299 3301 recitabant
1336 3265 1570 3314 versum,
1604 3265 1710 3303 uno
1744 3266 1902 3302 unam
1941 3251 2216 3318 periodmn
2239 3251 2374 3304 reci-

799 3329 971 3379 tante,
1025 3318 1198 3369 altero
1262 3319 1510 3385 alteram,
1563 3319 1981 3385 suscipientibus
2035 3321 2262 3372 invicem
2320 3332 2374 3373 et

799 3388 1242 3457 contionantibus
1281 3390 1543 3441 ambobus
1588 3390 1792 3453 phonas
1829 3389 1982 3457 quasi
2019 3399 2073 3442 et
2122 3390 2374 3455 anlipho-

803 3473 918 3510 nas.
957 3455 1051 3508 Est
1081 3457 1213 3508 alias
1244 3472 1455 3523 quoque
1487 3461 1515 3510 6
1548 3458 1728 3525 στίχος
1773 3455 2040 3512 invocatio
2073 3461 2246 3510 saneti
2282 3468 2376 3511 aut

802 3536 1002 3579 sanctae
1027 3525 1272 3589 alicujus,
1297 3537 1356 3579 ut
1386 3529 1435 3580 in
1464 3529 1702 3592 pontilic.
1721 3526 1956 3580 Ilaberti.
1979 3527 2161 3594 ,κε-19.
2189 3528 2377 3579 εΜετὰ

801 3596 881 3656 τὸ,
899 3595 1136 3666 εὐλογίᾳ
1164 3597 1379 3662 Κυρίου
1397 3596 1488 3665 ἐφ’
1503 3595 1680 3662 ὑμᾶς,
1699 3597 1847 3661 λέγει
1864 3599 1957 3649 τὸν
1982 3599 2161 3666 στίχον
2185 3597 2376 3656 τοῦτον

805 3665 930 3734 sva
946 3663 1264 3734 ἀπολύσεως
1287 3683 1300 3696 ο
1335 3663 1783 3734 Διὰήπρεσϐειὼν,
1815 3677 1918 3719 etc.

880 3733 996 3799 (75)
1028 3734 1099 3785 lle
1150 3733 1519 3788 benedictione
1555 3751 1750 3788 mensa!
1799 3751 1892 3787 seu
1939 3738 2181 3790 ciborum
2211 3752 2261 3788 v.
2299 3737 2374 3789 Du

807 3803 993 3866 Canite
1017 3801 1101 3854 Gl.
1152 3801 1269 3855 Lat.
1307 3820 1356 3855 v.
1397 3803 1722 3869 Benedictio,
1757 3815 1812 3857 et
1838 3803 2056 3872 Josepb.
2088 3806 2378 3859 Catalauus

811 3875 876 3925 ad
909 3873 1041 3940 Aug.
1092 3872 1296 3937 patricii
1325 3873 1697 3926 Ceremouiale
1730 3874 1933 3928 Eccles.
1970 3876 2126 3928 Rom.
2165 3890 2216 3940 p.
2252 3876 2375 3928 155.

812 3945 878 3995 ad
908 3941 992 3992 illa
1024 3959 1038 3992 :
1077 3941 1551 4036 eostqulamuonmes
1587 3946 1831 4022 (cauerint,
1857 3945 2376 4036 pontifexnbeufdictt'

813 4027 1062 4062 mensam.
1089 4011 1336 4078 bynodus
1353 4011 1709 4064 Nanneteusis
1727 4029 1921 4066 canon.
1955 4011 2023 4066 54
2047 4035 2062 4068 ι
2085 4013 2379 4082 Presbyteri

812 4087 1021 4148 quando
1055 4082 1120 4130 ad
1144 4083 1428 4133 convivium
1450 4085 1778 4145 conveniunt,
1813 4085 1957 4150 prior
1985 4101 2164 4137 eorum
2185 4086 2378 4150 aliquis

814 4165 1015 4200 uersum
1059 4160 1176 4200 ante
1208 4166 1436 4201 mmsam
1481 4153 1715 4216 incipiat,
1759 4153 1931 4203 cibum
1973 4166 2142 4205 autem
2171 4166 2378 4218 potum-

815 4235 912 4284 que
965 4234 1054 4284 per
1085 4221 1212 4269 sicea
1259 4221 1558 4272 benedicant
1594 4235 1611 4279 ;
1669 4232 1778 4271 tum
1822 4225 2103 4275 secundum
2144 4224 2378 4274 ordinem

817 4291 1117 4407 sinsineant
1152 4299 1262 4355 post
1287 4289 1612 4355 rejectionem
1635 4291 1878 4358 hymnum
1911 4292 2112 4345 domini
2145 4293 2379 4358 exemplo

859 4368 1018 4407 tcunl.

859 4368 1018 4409 tcum.

889 4427 1002 4493 (76)
1043 4427 1166 4479 Erat
1197 4428 1568 4494 omophorium
1616 4440 1889 4498 gestamen
1952 4430 2380 4497 patriarcharum

818 4506 872 4546 et
905 4499 1297 4562 episcoporum,
1339 4498 1519 4563 pallio,
1557 4499 1695 4565 quod
1727 4501 1882 4553 hodie
1933 4500 2159 4551 Romani
2196 4500 2373 4564 potiti-

2477 3251 2776 3303 orariorum
2810 3248 2891 3301 vel
2953 3249 3390 3316 omophoriorum
3454 3248 3779 3312 imaginibus
3821 3249 4038 3313 conspi-

2479 3322 2713 3372 ciuntur.
2765 3319 2984 3372 Scilicet
3036 3318 3409 3385 otn0pborium
3453 3316 3669 3384 proprie
3703 3327 3787 3368 est
3837 3327 3891 3368 et
3927 3328 4043 3369 erat

2478 3391 2602 3440 olim
2627 3388 2782 3441 initio
2811 3387 3030 3456 pallium
3080 3388 3329 3449 solidum,
3385 3386 3712 3456 ἀμφίϐαλας.
3741 3395 3909 3437 totum
3949 3389 4039 3438 lm-

2481 3459 2678 3512 minem
2738 3458 2998 3511 amiciens
3037 3469 3092 3511 et
3123 3456 3418 3518 involvens,
3457 3457 3640 3507 nullibi
3671 3466 3882 3521 patens,
3941 3459 4041 3508 nisi

2480 3545 2584 3594 qua
2615 3537 2777 3590 caput
2801 3537 2858 3578 et
2891 3527 3088 3579 collum
3126 3525 3415 3579 exseritur.
3458 3524 3748 3594 Gestamen
3776 3526 3877 3577 hoc
3917 3541 4042 3591 pru-

2480 3592 2592 3663 prie
2617 3600 2993 3664 episcoporum
3021 3607 3137 3648 erat
3176 3595 3460 3647 extimum.
3505 3592 3573 3646 Et
3606 3605 3888 3664 propterea
3927 3611 4039 3644 ma-

2481 3663 2728 3733 phurium
2761 3679 2994 3733 quoque,
3027 3668 3170 3730 quod
3207 3674 3451 3716 truncata
3497 3675 3550 3718 et
3596 3663 3824 3716 alterata
3870 3669 4040 3716 nostri

2482 3735 2722 3786 vocabuli
2753 3745 2834 3786 est
2858 3734 3251 3800 pronuntiatio,
3285 3733 3503 3800 pallium
3558 3733 3845 3798 signiﬁcat,
3885 3735 4044 3800 quale

2479 3806 2733 3857 diximus.
2758 3803 2894 3870 Quia
2928 3819 3053 3856 vero
3088 3804 3212 3856 talis
3269 3802 3436 3856 vestis
3481 3801 3825 3854 brachiormn
3887 3818 4043 3854 usum

2481 3873 2706 3928 liberum
2734 3875 2941 3935 adimit,
2977 3883 3125 3927 certe
3167 3873 3320 3924 valde
3351 3871 3650 3940 restringit,
3680 3885 3908 3924 necesse
3961 3874 4043 3922 in-

2480 3945 2635 3996 terim
2662 3953 2799 4004 erat,
2848 3955 2903 3995 ut
2958 3943 3126 3996 libera
3164 3943 3253 3995 illa
3283 3940 3567 4012 haberent,
3597 3941 3937 4006 regerchant,
3964 3945 4045 3992 vel

2481 4014 2816 4082 replicabant
2880 4015 2980 4066 hoc
3042 4012 3258 4080 pallium
3299 4026 3460 4082 super
3523 4013 3817 4082 humeros.
3865 4012 4048 4082 ibique

2487 4080 2664 4135 lihulis
2715 4091 2807 4133 aut
2861 4083 3086 4141 acubus.
3111 4092 3201 4133 aut
3227 4080 3356 4132 loris
3379 4080 3463 4132 vel
3511 4080 3685 4132 taeniis
3715 4080 3876 4143 panni
3915 4095 4047 4132 con-

2487 4152 2845 4219 striugebaut,
2873 4167 2937 4203 ne
2961 4167 3126 4219 super
3178 4153 3433 4203 humeros
3465 4150 3756 4212 decideret,
3792 4158 3846 4200 et
3873 4151 4049 4201 sacris

2481 4218 2771 4286 operantes
2799 4222 3060 4272 turbaret.
3094 4218 3234 4274 Fieri
3273 4232 3403 4286 ergo
3456 4220 3614 4272 aliter
3662 4233 3767 4269 non
3811 4229 4046 4284 poterat,

2481 4293 2610 4356 quin
2661 4305 2824 4356 super
2859 4301 3044 4355 pectus
3067 4300 3124 4341 et
3145 4290 3363 4341 dorsum
3405 4289 3655 4342 deorsum
3720 4290 4048 4354 dependeret

2483 4362 2669 4422 vestis,
2702 4363 2753 4411 in
2785 4360 3022 4412 humeris
3049 4369 3299 4426 congesta
3342 4367 3397 4410 et
3442 4368 3794 4425 coangustata
3841 4357 4046 4421 reliqn-t

2485 4431 2642 4484 mole.
2696 4427 2921 4482 Habitus
2995 4429 3117 4480 talis
3162 4443 3281 4480 cum
3341 4430 3518 4491 pravis
3578 4439 3631 4480 et
3671 4427 4049 4478 incommodus

2484 4509 2651 4563 esset,
2707 4499 2840 4550 abiit
2886 4497 3141 4563 deinceps
3173 4498 3224 4548 in
3278 4498 3704 4553 desuetudinem,
3736 4508 4050 4547 remanente

822 4558 952 4617 lices
969 4558 1229 4636 epis-copis
1259 4558 1514 4628 miitunt,’
1546 4558 1752 4630 simile;
1789 4570 2107 4636 signumque
2136 4558 2367 4636 dignita-
2403 4558 2448 4612 θ
2477 4558 2661 4620 umbra
2685 4577 2739 4619 et
2766 4569 3051 4620 simulacro
3081 4558 3222 4633 ejus,
3254 4567 3434 4618 orario
3499 4581 3645 4632 puta.
3684 4564 3752 4616 Et
3774 4567 3904 4636 quia
3953 4581 4049 4615 sm-

822 4636 888 4686 tis
911 4651 922 4685 :
949 4647 1018 4705 ut
1043 4635 1102 4685 τὸ
1135 4635 1439 4705 ὡμοφόριον
1491 4638 1780 4690 ἐπιδιδόναι
1819 4635 1966 4691 esset
2024 4640 2161 4690 idem
2200 4635 2372 4704 atque

823 4704 1179 4782 patriar-chain
1207 4708 1284 4758 vel
1319 4704 1493 4757 saltim
1537 4709 1844 4772 episcopum
1880 4707 2155 4759 declarare
2210 4722 2374 4775 atque

823 4778 1115 4836 iuvesttre,
1180 4785 1233 4826 et
1299 4779 1622 4843 περιαιρεῖν,
1679 4778 1916 4829 adimere
1952 4779 2323 4842 0tn0pb0t'iam
2358 4815 2373 4839 ,

825 4844 963 4893 idem
995 4853 1152 4914 atque
1176 4859 1448 4897 removere
1477 4847 1729 4897 cathedra
1751 4845 2057 4912 episcopali.
2087 4845 2374 4914 Nicepltor.

827 4923 964 4978 patr.
991 4911 1186 4965 Cl’tan.
1217 4914 1364 4966 brev.
1391 4929 1508 4981 pag.
1547 4915 1617 4968 95
1643 4933 1656 4968 :
1702 4911 1945 4983 Pyrrhus
1971 4911 2273 4981 patriarcha
2319 4915 2380 4966 τὸ

827 4983 1207 5055 περικείμενον
1276 4983 1424 5055 αὐτῷ
1479 4985 1789 5053 ὡμοφόριον
1833 4984 2095 5055 περιελὼν
2138 4989 2203 5055 τῇ
2261 4987 2382 5054 ἱερᾷ

825 5051 1145 5126 ἀποτίθεται.
1171 5054 1434 5126 τραπέζῃ,
1467 5058 1645 5126 φήσας
1719 5056 1828 5126 τῆςί
1848 5051 2125 5126 ἱεροσύνης
2257 5051 2383 5121 dii”;

830 5122 1091 5186 στὰμενος
1125 5122 1502 5190 ἁποτάσσομαι
1535 5124 1648 5191 λαῷ
1675 5122 1909 5175 ἀπειθεῖ,
1947 5122 2116 5176 Latini
2142 5122 2244 5178 hoc
2260 5141 2382 5177 ora-

831 5191 964 5239 rium
997 5192 1373 5263 appellabant;
1400 5204 1453 5245 et
1475 5197 1708 5245 orarium
1742 5195 1904 5245 alicui
1938 5196 2120 5246 tollere
2145 5210 2242 5263 pro
2265 5194 2382 5262 epi-

830 5270 1049 5324 scopatu
1085 5262 1371 5326 depellere.
1405 5264 1720 5315 Anastasius
1757 5265 1809 5315 in
1841 5263 2104 5316 Silverio:
2148 5262 2384 5316 Joannes

830 5329 1182 5400 subdiaconus
1204 5331 1324 5400 tulit
1363 5331 1585 5398 pallium
1641 5335 1705 5385 de
1736 5335 1870 5385 collo
1926 5333 2062 5400 ejus.
2095 5332 2262 5386 Recte
2314 5334 2388 5384 ait

833 5398 896 5448 de
935 5398 1068 5450 collo
1101 5399 1233 5466 ejus.
1266 5399 1421 5460 Nam,
1452 5411 1507 5453 ut
1565 5417 1630 5453 ex
1686 5398 2006 5470 imaginibus
2046 5408 2388 5470 perSpicuum

835 5479 938 5539 est,
985 5471 1223 5522 ambibat
1268 5471 1459 5523 collum
1490 5472 1558 5524 ab
1607 5474 1782 5524 antira
1825 5481 1881 5524 et
1913 5477 2113 5536 postica
2172 5476 2388 5539 paulum

835 5537 1163 5591 descendens
1217 5555 1376 5606 super
1414 5551 1619 5607 pectus,
1661 5558 1722 5594 es
1773 5542 2007 5593 humeris
2041 5542 2092 5593 in
2142 5537 2391 5607 angulum:

835 5618 1052 5677 acutum
1082 5623 1432 5676 convergens,
1472 5622 1523 5662 et
1553 5612 1631 5664 sic
1657 5625 1867 5677 quoque
1893 5627 1922 5661 a
1964 5623 2132 5672 tergo.
2165 5613 2392 5675 Quidam

840 5676 930 5726 tali
961 5674 1145 5727 fortuna
1171 5674 1607 5743 ttiliilatldeltant,
1635 5674 1692 5732 ut
1729 5674 1909 5732 videre
1953 5691 2029 5732 est
2056 5683 2106 5730 in
2146 5674 2393 5744 imagini-

840 5745 938 5817 htts
990 5746 1048 5798 S.
1107 5747 1326 5817 Nicolai,
1372 5750 1738 5817 Cltrysostmni
1797 5759 1852 5801 et
1905 5750 2081 5802 Basilii
2134 5752 2272 5817 apud
2321 5750 2394 5800 Du

2478 4637 2657 4688 culum
2690 4636 2818 4688 illttd
2843 4637 3208 4688 stauromania
3268 4636 3566 4699 laborabat,
3621 4637 3705 4687 cui
3748 4633 3881 4684 nihil
3933 4639 4044 4699 pla-

2481 4716 2651 4764 ceret,
2677 4707 2817 4772 quod
2856 4721 2958 4756 non
2986 4715 3076 4756 aut
3127 4704 3193 4756 ad
3237 4708 3406 4756 instar
3431 4706 3606 4756 crucis
3630 4703 4046 4762 conformatum,

2481 4785 2575 4828 aut
2601 4789 2761 4828 cruce
2783 4777 2961 4827 saltim
2991 4776 3256 4842 signatum
3289 4785 3452 4834 esset,
3478 4774 3799 4840 ellingebant
3833 4774 3884 4822 in
3925 4787 4050 4824 cru-

2477 4846 2559 4897 cis
2599 4845 2766 4897 instar
2797 4845 2880 4897 illa
2913 4859 3126 4911 quoque
3183 4845 3497 4904 retinacula,
3533 4858 3652 4910 quae
3697 4842 3967 4894 ambobus
4001 4845 4049 4892 iu

2486 4915 2726 4967 humeris
2751 4923 3060 4980 congestam
3107 4911 3251 4978 pallii
3301 4914 3494 4965 molem
3556 4911 3940 4964 continuerant
4003 4923 4054 4962 et

2487 4995 2874 5050 represserunt,
2909 4982 3114 5035 Graecis
3152 4981 3448 5042 ἀναϐολέας
3482 4991 3532 5033 et
3565 4980 3866 5050 ἀναλάεους
3888 4984 4050 5039 dicta,

2483 5049 2690 5106 Latinis
2706 5053 3133 5104 rcbracltiatoria.
3166 5052 3295 5103 Nam
3325 5050 3638 5110 ἁνέὄαλλον,
3668 5049 3975 5115 rejiciebanl
4003 5052 4049 5099 iu

2488 5126 2774 5183 cervicem,
2815 5134 2868 5174 et
2915 5121 3196 5181 ἀνέλαϐον,
3225 5135 3436 5172 sursum
3468 5121 3803 5171 assumebant
3837 5121 4054 5170 attolle-

2488 5193 2722 5258 bautque
2765 5192 2908 5243 illam
2943 5194 3198 5259 utrinque
3247 5189 3393 5257 pallii
3440 5200 3668 5256 partem,
3702 5205 3824 5255 qua:
3851 5188 4053 5254 absque

2489 5263 2620 5330 ipsis
2641 5273 2756 5314 erat
2787 5263 3094 5327 delapsura,
3126 5270 3180 5313 et
3209 5274 3326 5312 eam
3356 5272 3557 5330 Aretro_
3579 5259 3795 5309 brachia
3839 5272 4049 5330 regere-

2491 5323 2635 5383 liant.
2694 5323 2984 5383 Cassianus
3043 5331 3107 5382 de
3159 5328 3438 5382 monachis
3495 5327 3705 5395 Egypti
3762 5343 3775 5376 :
3836 5323 4051 5380 Cestaat

2491 5401 2765 5453 resticulas
2809 5399 2970 5468 [unde
3001 5400 3089 5450 alii
3127 5399 3422 5451 oesticulas.
3459 5398 3646 5468 Recte
3676 5397 3842 5468 igitur
3894 5409 4051 5450 resti-

2491 5475 2660 5532 cuius,
2719 5472 2769 5522 id
2810 5465 2908 5523 est
2979 5465 3560 5536 brandeasptzniasd
3614 5465 3851 5529 duplices
3900 5467 4051 5516 laneo

2492 5542 2668 5604 plexas
2711 5540 3050 5606 subtegmine,
3090 5554 3220 5599 quas
3262 5535 3432 5589 Greeci
3497 5535 3795 5606 ἀναλὰὁους
3845 5545 4051 5598 coeant.

2496 5626 2722 5660 nosvero
2782 5604 3154 5666 succinctoria,
3215 5623 3303 5658 seu
3344 5604 3674 5657 redimicula.
3715 5604 3793 5656 vel
3853 5620 4053 5665 propri.-

2499 5680 2910 5730 rebrar/tiutoriu
2932 5692 3208 5741 possumus
3231 5679 3521 5742 appellare,
3539 5690 3654 5741 qua:
3679 5674 4052 5725 descendentia

2499 5765 2587 5812 per
2605 5765 2811 5802 summa
2829 5747 3036 5798 cervicis
3052 5757 3097 5798 et
3125 5764 3155 5797 ιι
3184 5745 3439 5797 lateribus
3459 5747 3580 5796 colli
3597 5745 3764 5794 diuisa
3785 5755 4054 5794 atrurn...-

838 5813 1014 5884 Cangc
1055 5821 1162 5870 tab.
1204 5815 1294 5882 ΙΧ,
1331 5833 1449 5873 ante
1479 5813 1690 5875 uissert.
1719 5822 1782 5874 dc
1807 5821 2039 5875 nummis
2069 5813 2397 5888 Byzantinis,
2500 5836 2597 5888 oue
2630 5823 2835 5872 alarum
2860 5819 3001 5870 sinus
3033 5818 3210 5885 [idest
3236 5819 3320 5869 illa
3349 5817 3516 5885 pallii,
3545 5828 3661 5883 qua:
3687 5815 3948 5868 humeros
3976 5820 4047 5864 tur
