4170 6436
752 387 854 448 287

1783 391 2297 451 CONSTANTINI
2336 391 3017 453 PURPHYROGENITI

3912 387 4020 450 288

741 497 989 553 triarcha
1029 497 1229 564 induit,
1262 500 1504 554 sticbum
1553 501 1780 566 faciunt,
1834 503 2032 556 deinde
2067 518 2207 570 pane
2239 502 2333 556 be-

2439 503 2495 555 τὸ
2527 503 2687 574 βῆλον
2712 505 2849 574 μετά
2869 506 2969 574 τῆς
2993 503 3198 574 χειρὸς,
3226 504 3320 558 καὶ
3342 507 3593 575 αῖρουσιν
3621 505 3753 557 αὐτὸ
3776 503 4020 570 ὕπερθε-ι

742 591 961 644 nedicto
996 592 1310 660 imperatori
1347 609 1376 647 a
1407 596 1716 662 patriarcha
1757 595 1907 658 dato,
1945 595 2256 649 discedunt.

2443 599 2828 667 ὲγγιστιάριοι,
2867 600 2961 651 καὶ
2993 599 3329 668 εἰσέρχονται
3361 599 3410 651 οἱ
3447 598 3590 666 φίλοι
3625 597 3762 666 (78),
3798 595 3895 647 καὶ
3927 610 4020 644 τε-

741 678 1162 751 λεῖταιᾶπασαή
1183 682 1280 752 τῆς
1297 686 1574 754 τραπέζης
1597 685 2040 738 ἀκολουθία.Καὶ
2061 685 2378 740 ἀνίστανται
2414 687 2848 758 ὑηρευξάμενοι
2905 691 2994 742 τὸν
3061 689 3307 760 βασιλέα,
3371 690 3467 742 καὶ
3513 689 3850 759 ἐξέρχονται,
3921 691 4020 742 καὶ

739 777 770 826 ὁ
803 776 899 842 μὲν
929 773 1180 844 βασιλεὺς
1241 779 1391 846 μένει
1429 781 1568 848 μετὰ
1601 780 1762 848 μόνου
1801 780 1896 831 τοῦ
1949 782 2318 850 πατριάρχου,
2366 783 2462 835 καὶ
2509 783 2606 836 τοῦ
2669 784 3051 836 κουϐουκλεὶου

3129 792 3555 854 παρισταμένου,
3633 785 3725 836 καὶ
3799 784 4020 844 πιόντες

744 865 1030 930 προσάπαξ
1078 869 1414 933 ἀνίστανται,
1467 871 1562 923 καὶ
1590 871 2026 940 προσκληθέντες
2077 873 2125 924 οἱ
2160 873 2323 940 ἱερεῖς
2347 873 2456 928 ἀπὸ
2513 876 2812 939 κελεύσεως
2864 878 3226 945 εἰσέρχονται,
3309 877 3404 928 καὶ
3469 875 3938 946 περιϐαλλόμενος
3986 874 4016 924 ὁ

742 961 1087 1029 πατριάρχης
1115 964 1174 1014 τὸ
1194 963 1504 1034 ὡμοφὸριον
1526 964 1714 1028 αὐτοῦ,
1740 965 1956 1020 ποιοῦσι
1990 966 2082 1020 τὸν
2108 967 2313 1038 στίχον,
2344 970 2436 1022 καὶ
2465 971 2683 1035 ἐπιδοὺς
2703 976 2731 1025 ὁ
2759 972 3107 1042 πατριάρχης
3163 971 3242 1042 τῷ
3290 969 3500 1041 βασιλεῖ
3549 970 3821 1038 εὐλογίας,
3860 969 4020 1039 ‘55?-

743 1070 931 1126 χονται
956 1055 1004 1107 ol
1038 1055 1223 1123 ἱερεῖς.

819 1145 932 1201 VII.
980 1147 1276 1218 Postquam
1312 1148 1610 1218 imperator
1638 1161 1693 1205 et
1719 1153 2030 1222 patriarcha
2054 1169 2113 1208 se
2139 1166 2326 1211 mutua

747 1238 1070 1295 adoratione
1126 1241 1366 1294 venerati
1417 1243 1763 1313 osculatique
1819 1257 1966 1310 sunt,
2019 1246 2129 1299 abit
2177 1247 2264 1301 hic
2307 1268 2334 1303 ιι

745 1333 1102 1387 cubiculariis
1143 1335 1206 1386 ad
1265 1335 1666 1388 catechumena
1709 1352 1882 1404 usque
1917 1338 2191 1406 stipatus;
2233 1341 2336 1392 im-

749 1434 969 1494 perator
1020 1433 1203 1480 autem
1235 1427 1635 1498 ibipaulisper
1675 1429 1950 1493 subsistit,
1995 1440 2050 1485 et
2096 1432 2225 1484 hora
2255 1433 2333 1485 iu-

749 1527 954 1584 stante,
1009 1519 1285 1573 colobium
1321 1521 1678 1579 triblattetnn.
1726 1523 1911 1575 aureis
1960 1523 2140 1575 tzeniis
2175 1537 2338 1575 orna-

748 1623 862 1664 tum
923 1611 1312 1681 lapidibusque
1357 1620 1410 1666 et
1464 1613 1756 1666 unionilms
1802 1614 2148 1679 distinctum,
2185 1615 2332 1683 quod

2499 1160 2571 1212 Z'.
2599 1156 2711 1209 Καὶ
2741 1151 2840 1207 εἷθ’
2878 1154 3053 1215 οὕτως
3079 1152 3557 1221 προσκυνήσαντες
3590 1151 3878 1220 ἀλλήλους,
3921 1151 4017 1205 καὶ

2432 1249 2810 1316 ἀσπασάμενοι
2848 1248 2877 1299 ὃ
2903 1263 2962 1298 τε
2995 1244 3247 1313 βασιλεὺς
3281 1245 3373 1296 καὶ
3397 1245 3424 1297 ὁ
3451 1245 3816 1314 πατριάρχης,
3836 1245 4016 1315 ἀπέρ-

2433 1361 2587 1414 χεται
2630 1343 2728 1410 μὲν
2773 1343 2807 1408 ,ὁ
2839 1339 3184 1407 πατριάρχης
3231 1337 3325 1390 καὶ⁵
3377 1337 3733 1401 διασώζουσιν
3773 1339 3940 1390 αὐτὸν
3966 1341 4016 1391 οἱ

2432 1437 2525 1489 τοῦ
2561 1431 2946 1486 κουϐουκλείου
2982 1431 3141 1498 μέχρι
3165 1429 3274 1481 τῶν
3304 1428 3745 1497 κατηχουμένων,
3771 1431 3800 1481 ὁ
3827 1431 3884 1483 δὲ
3916 1431 4015 1498 βα-

2432 1528 2611 1587 σιλεὺς
2639 1523 2976 1577 ἀναπαύεται
3020 1521 3215 1589 μικρδν
3239 1523 3435 1584 ἐκεῖσε,
3467 1522 3561 1573 καὶ
3592 1521 4014 1590 καταλαϐούσης

2430 1619 2524 1688 τῆς
2557 1617 2707 1686 ὧρας
2746 1613 3133 1684 περιϐάλλεται
3159 1614 3187 1665 ὁ
3211 1612 3459 1680 βασιλεὺς
3492 1614 3736 1666 κολόϐιον
3759 1614 3872 1682 (79)
3897 1632 4017 1682 τρια

747 1714 802 1759 et
856 1705 1044 1775 botrys
1089 1716 1336 1768 vocatur,
1381 1703 1580 1767 induit,
1619 1705 1908 1775 gladioque
1935 1721 2104 1760 aureo
2133 1716 2187 1759 ct
2224 1723 2318 1775 pa-

2439 1710 2653 1762 ὅλάτιον
2692 1708 2806 1777 (80)
2863 1704 3510 1776 χρυσοσωληνοκέντητον
3560 1707 3694 1775 (81),
3729 1708 3817 1760 διὰ
3849 1709 4018 1760 λίθων

1731 1822 1923 1878 JOAN.
1953 1823 2096 1878 JAC.
2128 1823 2382 1879 REISKII
2411 1818 2990 1878 COMMENTARIUS.

821 1918 939 1986 (78)
975 1917 1067 1972 Sic
1102 1934 1244 1986 saepe
1303 1921 1540 1973 occurrit
1569 1920 1621 1972 in
1675 1920 1778 1974 hoc
1806 1922 2011 1974 codice.
2046 1919 2321 1975 Interdum

749 2005 966 2071 quoqtte
999 2005 1094 2057 pro
1127 1989 1318 2056 legatis
1337 1991 1538 2044 exteris
1568 1991 1708 2044 idem
1744 1991 1883 2071 hanc
1924 2006 2111 2071 vegem
2164 1993 2321 2071 adbi-

753 2060 861 2113 bet.
900 2058 1256 2126 Imperatores
1289 2070 1469 2112 autem
1511 2061 1858 2114 consuevisse
1889 2058 2117 2115 clericos
2144 2063 2208 2114 ad
2243 2078 2326 2115 sa-

749 2145 896 2181 cram
925 2144 1163 2182 mensam
1195 2129 1473 2187 adbibere.
1507 2131 1690 2184 multis
1719 2131 1848 2184 locis
1883 2133 2038 2198 hujus
2069 2131 2324 2185 Ceremn-

752 2201 910 2270 uialis
970 2211 1337 2270 apparetket‘
1377 2217 1405 2252 e
1459 2200 1639 2255 Leone
1699 2199 2003 2257 Grammat.
2079 2217 2132 2270 p.
2193 2202 2320 2257 481.

749 2268 1113 2341 ‘[leop_han.
1141 2285 1192 2341 p.
1228 2267 1391 2341 I7.]'.

825 2339 937 2409 ('79)
967 2338 1041 2393 De
1077 2338 1290 2394 colobio
1313 2338 1388 2410 i'v.
1421 2341 1494 2410 Du
1534 2339 1715 2409 Cange
1761 2351 1993 2410 utroque
2019 2342 2320 2406 Glossario,

750 2409 931 2463 Vales.
958 2412 1024 2462 ad
1066 2411 1243 2463 Amm.
1279 2409 1517 2463 Marcell.
1547 2424 1597 2473 v,
1623 2411 1710 2465 5|.
1745 2409 1929 2466 Petav’.
1964 2413 2029 2465 ad
2053 2412 2320 2468 Tltctnist.

755 2482 956 2552 p.377,
975 2481 1175 2552 eum,
1197 2483 1282 2533 ttbi
1315 2479 1490 2533 Servii
1517 2479 1690 2552 locum
1714 2482 1867 2544 citat,
1891 2497 1920 2535 e
1937 2497 2044 2549 quo
2074 2493 2320 2552 apparet,

752 2551 959 2605 colobia
1024 2550 1192 2605 fuisse
1247 2552 1374 2604 talia
1440 2550 1656 2617 palliola
1703 2554 1969 2606 cervicem
2013 2550 2322 2607 amicientia

754 2633 941 2687 pectus
974 2620 1033 2673 et
1085 2621 1333 2688 scapulas
1391 2631 1444 2674 et
1480 2621 1736 2692 humeros
1791 2624 1855 2676 ad
1910 2624 2123 2677 cubitos
2150 2639 2324 2692 usque

755 2693 1013 2756 tegentia.
1039 2692 1218 2760 qualia
1255 2701 1464 2755 gestant
1498 2691 1804 2757 Lipsienses
1840 2704 2080 2746 rectores
2117 2691 2322 2760 Magni-

755 2762 841 2814 llci
877 2773 928 2813 et
973 2762 1165 2814 Decani
1200 2760 1534 2824 facultatum,
1570 2777 1600 2812 e
1651 2771 1827 2814 vetere
1855 2763 2122 2825 instituto,
2174 2764 2326 2827 cujus

756 2832 978 2897 vestigia
1009 2833 1216 2901 reperio
1247 2830 1616 2901 inFortcsctte
1671 2830 1928 2885 Encomio
1987 2833 2160 2899 legum
2213 2836 2325 2886 An-

757 2902 876 2966 glitl!
897 2917 946 2954 c.
973 2899 1252 2961 5I.Vcitato
1280 2917 1308 2953 a
1340 2899 1444 2962 DC,
1485 2900 1574 2954 ubi
1625 2902 1872 2955 nominat
1900 2902 2160 2956 colobium
2205 2921 2323 2956 cum

755 2971 961 3023 duobus
991 2970 1282 3031 labet/uiis.
1325 2969 1400 3040 [id
1434 2980 1519 3023 est
1554 2971 1770 3034 libellis,
1819 2987 1912 3026 seu
1948 2974 2171 3037 oscillis,
2229 2990 2325 3026 no-

756 3051 953 3094 strates
1000 3041 1231 3112 Quasten
1287 3039 1340 3095 et
1384 3039 1650 3112 Troddeln
1716 3040 2034 3112 appellant.]
2097 3044 2326 3111 qualiter

759 3113 835 3162 uti
893 3111 1340 3182 salentidoctores
1384 3111 1556 3176 legunt
1611 3112 1667 3163 in
1722 3111 2154 3165 universitatibus
2205 3116 2325 3182 qui-

2426 1922 2719 1975 cubitorum
2753 1918 2936 1984 procul
2971 1917 3131 1971 dubio
3155 1927 3278 1969 sunt
3301 1916 3672 1972 commissurae
3695 1918 3860 1971 cubiti
3891 1934 4015 1972 cum

2427 2007 2586 2044 manu
2616 2032 2629 2053 ,
2665 2005 2760 2040 seu
2797 1990 2946 2049 regio
2983 1987 3157 2051 carpi.
3193 1986 3248 2039 Id
3277 2001 3492 2054 quoque
3528 1989 3838 2055 signiﬁcare
3873 1990 4014 2046 velle

2426 2063 2640 2114 videtur
2691 2059 2839 2130 locus
2868 2058 3161 2130 Dorothei:
3212 2057 3456 2130 κολρὄον
3501 2058 3574 2128 μὴ
3623 2058 3735 2127 ἔχει
3775 2060 4013 2130 χειρῖδα,

2425 2131 2533 2184 τῶν
2563 2131 2739 2185 ἄλλων
2772 2129 2991 2181 πάντων
3015 2128 3266 2196 ἐχόντων.
3294 2128 3387 2181 Est
3420 2130 3564 2180 enim
3596 2131 3767 2197 χειρὶς
3795 2128 4018 2197 proprie

2429 2203 2517 2254 illa
2552 2203 2775 2254 manicae
2815 2215 2962 2264 pars,
2985 2214 3103 2266 qum
3133 2213 3353 2266 carpunt
3379 2209 3529 2251 arcte
3561 2200 3774 2263 Stringit
3807 2209 3860 2252 et
3898 2217 4017 2252 am-

2426 2272 2525 2326 bit.
2559 2272 2690 2330 Sed.
2725 2280 2780 2324 ut
2806 2270 2915 2322 dixi
2938 2311 2951 2331 ,
2985 2269 3254 2324 colobimn
3290 2268 3456 2321 variis
3489 2270 3821 2336 temporibus
3857 2270 4018 2336 longe

2424 2343 2762 2396 diversarum
2790 2341 3018 2394 vestium
3058 2338 3158 2392 fuit
3193 2341 3496 2408 appellatio.
3532 2339 3684 2404 Quod
3727 2341 3795 2392 ita
3829 2342 4015 2394 conti-

2427 2414 2524 2478 git.
2563 2411 2841 2466 Colobium
2876 2420 3115 2464 veterum
3146 2408 3536 2462 inouachorum
3570 2425 3624 2463 et
3661 2412 4010 2464 sacer-lotum

2425 2494 2545 2537 erat
2567 2497 2752 2536 revera
2773 2482 2845 2540 id.
2873 2483 3012 2548 quod
3038 2495 3235 2533 nomen
3268 2481 3398 2536 vult.
3424 2495 3615 2545 nempe
3640 2482 3806 2534 vestis
3836 2483 4015 2533 mani-

2426 2555 2508 2610 cis
2539 2563 2629 2606 ant
2657 2567 2877 2618 prorsus
2910 2549 3093 2609 n'ullis.
3131 2559 3223 2602 aut
3257 2550 3410 2604 valde
3447 2549 3722 2614 brevibus,
3755 2561 3811 2604 et
3844 2554 4011 2604 breve

2425 2620 3087 2694 quoqueipsum.’Deinde
3121 2636 3242 2694 cum
3271 2621 3526 2673 indecens
3557 2630 3838 2694 putaretur
3874 2622 4018 2694 inter

2426 2692 2578 2748 sacra
2606 2693 2910 2760 peragenda
2942 2692 3114 2760 nudos
3140 2693 3392 2742 humeros
3421 2692 3763 2744 sacerdotum
3788 2693 4014 2757 conspi-

2427 2767 2495 2818 ci.
2529 2759 2790 2816 mutatutn
2836 2762 3050 2826 quidem
3094 2759 3193 2814 fuit
3231 2761 3501 2812 eolobium
3545 2761 3596 2812 iu
3645 2760 4017 2822 dalmatieam,

2429 2849 2624 2888 nomen
2659 2843 2838 2885 tamen
2865 2831 2965 2894 ipsi
3004 2832 3222 2884 mansit.
3256 2829 3410 2884 Patet
3445 2845 3510 2882 ex
3552 2829 3788 2883 Ilonoriu
3828 2832 4018 2894 Angu—

2427 2903 2740 2957 stoduneusi
2797 2902 2832 2956 I.
2893 2900 2934 2960 I,
2988 2916 3052 2966 ,c.
3098 2900 3224 2954 ΞΗ.
3281 2902 3347 2953 de
3400 2901 3639 2953 vestibus
3693 2901 4014 2966 pontiﬁcis:

2428 2973 2702 3027 Colobium
2729 2981 2840 3024 erat
2868 2971 3134 3024 cucullum
3159 2970 3312 3023 vestis
3344 2971 3454 3021 sine
3485 2971 3726 3041 panicis.
3761 2972 3900 3022 sicut
3928 2973 4020 3022 od-

2428 3046 2527 3097 huc
2557 3043 2794 3096 videmus
2817 3042 2872 3093 in
2900 3041 3271 3094 monac/torum
3293 3041 3534 3100 cucullis.
3579 3041 3684 3093 sive
3730 3052 4023 3092 nautarum

2430 3115 2642 3167 tunicis.
2675 3112 2827 3177 Quod
2865 3112 3120 3163 colobinm
3152 3127 3184 3162 a
3217 3109 3274 3164 S.
3317 3109 3563 3164 Silvestre
3589 3112 3640 3162 in
3675 3109 4022 3162 dalmaticam

1225 3180 1669 3272 “:92.Y:m.'15.
1693 3192 1971 3272 “itaista-
2003 3183 2066 3272 εει
2085 3179 2326 3272 seei:
2355 3215 2399 3272 ο
2434 3191 2844 3272 τερετίιεξτχξε
2881 3181 3086 3272 aliis:
3101 3179 3515 3272 3w_"jci'...‘_'1('3
3541 3180 3867 3272 ξαενέξείξίιξ
3900 3197 4025 3272 £9:-

760 3251 941 3314 ptione
1010 3251 1226 3304 colobii.
1283 3251 1508 3320 Quidam
1571 3251 1670 3320 ipsi
1735 3252 1975 3304 manicas
2041 3256 2330 3320 perbreves

763 3321 1028 3383 tribuunt,
1055 3321 1141 3374 alii
1177 3321 1371 3376 nullas.
1409 3319 1600 3391 Neque
1623 3329 1830 3374 certum
1865 3332 1951 3391 est
1983 3319 2050 3375 de
2073 3322 2192 3391 ejus
2222 3322 2335 3375 lor-

763 3404 849 3470 _ma
897 3400 950 3442 et
1004 3390 1355 3470 longitudine2
1383 3388 1639 3470 fueritne
1687 3386 1964 3470 pertusum
2014 3393 2065 3443 in
2104 3386 2339 3470 regione

761 3460 1134 3520 humerorum.
1166 3475 1233 3513 an
1257 3461 1510 3514 solidum.
1549 3459 1767 3526 Ugtttio.
1791 3460 2073 3525 colobium,
2092 3459 2203 3525 ait,
2222 3461 2339 3524 pal-

761 3530 890 3581 lium
921 3530 1190 3597 virginale,
1228 3532 1297 3584 ad
1330 3529 1464 3582 talos
1506 3530 1823 3582 descendens
1859 3530 2051 3598 absque
2093 3533 2336 3585 ntunicis.

763 3602 820 3652 Si
853 3600 1080 3651 solidum
1105 3599 1212 3653 luit
1242 3601 1294 3654 in
1325 3601 1546 3669 regione
1586 3600 1956 3659 humerorum,
1991 3609 2045 3653 et
2082 3601 2341 3669 pertinuit

764 3672 830 3740 ad
864 3669 1022 3731 talos,
1054 3669 1193 3740 idem
1211 3685 1342 3740 ergo
1366 3668 1470 3722 erit
1495 3677 1654 3740 atque
1687 3669 2044 3740 mapltorium,
2075 3668 2156 3723 vel
2186 3685 2338 3723 omo-

765 3739 1037 3805 phorium,
1084 3739 1168 3792 vel
1213 3737 1414 3802 clocca,
1452 3739 1532 3790 vel
1567 3737 1787 3792 saccus.
1813 3737 1958 3790 Idem
1988 3740 2130 3793 enim
2159 3741 2339 3792 omnia

766 3813 864 3862 ista
917 3819 1063 3864 sunt.
1100 3809 1156 3862 Si
1193 3825 1321 3863 vero
1366 3809 1597 3863 solidum
1638 3808 1868 3878 quidem,
1896 3807 1993 3861 luit
2025 3810 2076 3861 in
2123 3809 2342 3878 regione

765 3879 1133 3943 humerorum,
1174 3889 1229 3932 at
1263 3879 1632 3933 tantummodo
1671 3878 1736 3929 ad
1788 3877 2025 3930 cubitum
2065 3879 2339 3946 pertinuit,

764 3949 868 4000 erit
901 3950 1037 4001 idem
1061 3961 1223 4018 atque
1245 3949 1474 4018 epomis.
1495 3948 1549 3999 Si
1573 3957 1848 4018 pertusum
1880 3948 2046 4001 [uitet
2075 3950 2336 4017 pertinuit

765 4020 829 4068 ad
865 4018 1038 4072 media
1077 4017 1187 4072 fere
1216 4017 1438 4077 femora.
1464 4019 1566 4070 erit
1602 4017 1742 4070 idem
1783 4026 1944 4084 atque
1992 4019 2339 4075 armclausia.

767 4088 846 4140 vel
900 4089 1157 4142 sclavina.
1206 4088 1309 4144 Sed
1359 4089 1571 4142 videtur
1611 4087 1778 4141 fuisse
1810 4086 2018 4141 chlanis
2055 4089 2134 4140 vel
2179 4089 2342 4156 χιτών

768 4157 976 4220 talaris.
1029 4160 1218 4214 stricte
1244 4161 1456 4227 corpori
1503 4158 1805 4216 adhaerens.
1856 4158 2056 4224 absque
2093 4159 2338 4222 manicis,

770 4229 850 4279 w-l
884 4228 1117 4280 medium
1152 4229 1434 4282 humerum
1483 4227 1917 4294 procedentibus,
1949 4237 2077 4280 cum
2120 4227 2343 4281 forami—

769 4298 926 4350 nibus
958 4307 1162 4358 tamen.
1205 4312 1451 4368 perqute
1491 4297 1700 4368 hmneri
1739 4305 2136 4368 exsererentur.
2173 4297 2228 4349 Si
2257 4297 2344 4364 ju-

769 4369 916 4419 dices
943 4365 1237 4421 secundum
1268 4365 1511 4421 Nicetam
1545 4367 1596 4419 itt
1618 4365 1898 4419 ‘t‘hesattr.
1928 4365 2242 4421 orthodoxae
2280 4368 2342 4417 li-

770 4437 852 4489 dei
894 4452 942 4490 c.
981 4436 1068 4489 39.
1105 4447 1160 4490 et
1207 4448 1482 4490 auctorem
1529 4436 1596 4488 de
1628 4437 1778 4489 initis
1823 4435 2109 4490 haeresium
2140 4452 2189 4490 c.
2230 4436 2342 4499 15.,

774 4508 912 4558 idem
931 4508 1036 4560 erit
1057 4507 1317 4559 colobium
1343 4513 1503 4574 atque
1525 4506 1830 4558 dalmatica.
1863 4506 2022 4575 Atqui
2047 4507 2336 4560 dalmatica

770 4586 888 4628 t-rat
917 4576 1072 4644 longa
1108 4578 1272 4630 vestis
1299 4577 1507 4644 talaris.
1550 4575 1756 4644 “tusus
1787 4589 1921 4644 vero,
1947 4577 1990 4629 si
2029 4575 2234 4639 iudices
2264 4590 2340 4629 se-

771 4643 1022 4716 eundum
1059 4647 1382 4716 Sytneonem
1435 4643 1787 4716 Logotlietam
1842 4643 1922 4712 p.‘
1956 4645 2083 4706 402,
2146 4646 2344 4699 collato

771 4715 1003 4770 Genesio
1036 4714 1187 4785 [1,—3,
1223 4731 1253 4770 e
1277 4731 1383 4784 qtto
1425 4716 1573 4769 locus
1617 4714 1902 4784 Sytneouis
1940 4716 2159 4769 mutilus
2206 4717 2342 4770 inte-

773 4789 1009 4852 grandus
1039 4797 1141 4847 est,
1168 4788 1274 4839 erit
1309 4786 1575 4840 colobiutn
1605 4786 1742 4837 idem
1773 4796 1938 4853 atque
1968 4786 2146 4851 ἀετός,
2176 4800 2344 4854 genus

775 4856 990 4921 aliquod
1023 4855 1324 4924 chlamydis
1358 4857 1690 4924 levissimum
1721 4864 1775 4906 et
1803 4865 1962 4908 vento
1999 4857 2343 4924 permissum.

773 4925 989 4995 Genesii
1036 4923 1370 4995 verbalsunt
1399 4943 1411 4978 :
1458 4923 1861 4977 Ἐκδιδύσκεται
1895 4926 1995 4993 τὴν
2021 4923 2243 4995 ἐσθῆτα,
2279 4924 2346 4995 ἣν

776 4994 1106 5064 ἐπὲεϐέῆλητο
1127 4995 1184 5046 ὲν
1216 4994 1337 5047 δυσὶ
1365 4995 1649 5063 ροδοειὸέσι
1690 4997 1896 5062 χροιαῖς
1925 4994 2263 5057 ἀετίζουσαν,
2281 4994 2347 5063 ἣν

781 5063 1020 5116 κολόὸιον
1076 5068 1142 5134 τῇ
1184 5065 1637 5134 ἐγχωρίῳγρήσει
1695 5065 2195 5134 προσονομάζουσι,
2255 5066 2348 5134 καὶ

776 5134 981 5204 ταύτην
997 5133 1286 5204 ἀνειμένην
1313 5133 1588 5204 ζωστῆρος
1611 5133 1752 5186 κατά
1773 5134 1833 5185 τὸ
1856 5133 2085 5186 ἔκπαλαι
2114 5133 2349 5204 τηρηθὲν

781 5203 899 5265 ῑθος
932 5205 1040 5265 τοῖς
1069 5203 1489 5274 στρατηλάταις.
1527 5205 1844 5274 Cassianum
1879 5206 1923 5256 si
1961 5206 2171 5266 audias,
2207 5203 2352 5258 celo-

783 5274 925 5325 bium
954 5289 983 5324 a
1015 5271 1236 5340 reliquis
1263 5271 1484 5327 'tunicis
1518 5275 1648 5326 nihil
1692 5271 1996 5335 dill'erebat,
2027 5275 2127 5327 nisi
2162 5278 2212 5326 in
2260 5289 2346 5336 eo.

783 5343 944 5406 quod,
976 5357 1096 5394 cum
1129 5345 1352 5396 manica:
1388 5344 1712 5405 tunicarum,
1775 5357 1880 5410 quo
1903 5345 2120 5412 propius
2147 5344 2211 5396 ad
2234 5358 2349 5396 nta-

787 5426 888 5464 nus
919 5414 1259 5476 accederent,
1312 5427 1376 5465 eo
1423 5413 1726 5466 strictiores
1775 5414 2034 5467 haberent
2087 5415 2347 5478 manicas,

786 5482 899 5547 ipsa
949 5483 1155 5535 colobia
1201 5483 1440 5535 manicas
1493 5483 1762 5535 habebant
1817 5497 1912 5549 per
1961 5484 2140 5536 omnia
2200 5499 2352 5549 atque

787 5552 1016 5617 amplas,
1050 5566 1154 5603 non
1188 5561 1365 5604 tatnen
1400 5555 1564 5604 multo
1593 5551 1863 5605 breviores
1895 5554 2120 5605 manicis
2145 5553 2355 5604 tunica-

790 5634 946 5690 rum,
992 5623 1085 5690 sed
1127 5621 1238 5674 lere
1284 5621 1352 5673 ad
1403 5637 1592 5686 carpes
1653 5637 1908 5674 manuum
1962 5623 2350 5690 pertingentes.

794 5687 964 5740 Verba
988 5688 1108 5755 ejus
1138 5701 1261 5742 sunt
1294 5692 1358 5743 de
1391 5692 1572 5743 habitu
1604 5687 1988 5744 monachorum
2020 5707 2070 5744 c.
2099 5687 2170 5746 53
2199 5691 2352 5744 Colo-

792 5761 818 5808 b
843 5759 885 5809 is
916 5775 1121 5826 quoque
1164 5761 1311 5812 lineis
1342 5761 1531 5823 induti,
1566 5777 1681 5828 qua:
1715 5763 1798 5814 vix
1837 5761 1903 5812 ad
1925 5764 2218 5814 cubitorum
2245 5762 2352 5815 ima

791 5831 1087 5899 vertingunt
1114 5829 1282 5884 nudas
1313 5835 1375 5886 de
1398 5830 1590 5900 reliquo
1620 5848 1801 5885 manus
1828 5831 2218 5900 circumferunt.
2236 5832 2349 5886 Ima

2439 3258 2543 3307 tari
2584 3253 2847 3309 instituta.
2882 3267 2998 3320 qute
3034 3251 3149 3303 ideo
3191 3250 3260 3301 ad
3299 3250 3516 3320 Missam
3544 3267 3575 3301 a
3611 3249 3864 3314 pontiﬁce
3900 3266 4024 3315 por-

2440 3332 2603 3377 tatur.
2645 3320 2779 3375 Cum
2809 3322 2892 3374 his
2923 3321 3103 3374 verbis
3144 3321 3376 3372 viderint
3413 3319 3502 3372 alii
3533 3321 3804 3386 quomodo
3835 3321 4022 3372 conci-

2442 3395 2573 3446 lient
2593 3391 2905 3443 Auselmum
2932 3389 3292 3450 Decretalem,
3311 3391 3400 3451 qui
3432 3389 3696 3456 perhibet,
3716 3404 3747 3440 a
3769 3386 4024 3442 Sili-ntro

2439 3474 2486 3517 et
2513 3459 2824 3528 presbyteris
2851 3460 2965 3528 ejus
2989 3461 3202 3528 σωρῖται
3228 3458 3552 3511 εοιοὺῖοηιηι
3583 3474 3759 3520 usum,
3787 3469 3911 3528 post
3932 3459 4024 3511 Iros

2439 3527 2614 3586 autem
2647 3527 2850 3583 colobia
2875 3527 2933 3582 in
2959 3527 3272 3581 dalmaticas
3297 3529 3462 3595 fuisse
3484 3545 3753 3581 conuersa.
3779 3527 4024 3581 Mutandi

2442 3603 2582 3656 ratio
2607 3610 2744 3664 erat,
2764 3599 2914 3666 quia,
2944 3609 3002 3650 ιιι
3028 3598 3427 3653 scribitauctor
3455 3599 3580 3650 vita:
3611 3598 3864 3651 Silvestri
3893 3597 4021 3657 PP..

2440 3673 2500 3724 τὸ
2524 3671 2633 3723 τῶν
2657 3669 2966 3739 βραχιόνων
2977 3668 3184 3739 γυμνὴν
3205 3667 3454 3736 ἑψέγετο,
3481 3678 3533 3739 et
3559 3667 3685 3720 inde
3714 3666 3947 3739 factum,
3967 3677 4026 3721 ut

2441 3736 2744 3794 dalmaticte
2767 3736 3026 3792 'maniclia
3046 3736 3225 3806 potius
3252 3753 3414 3806 quam
3444 3737 3653 3792 colobia
3679 3736 4026 3803 appellaren-

2443 3820 2547 3864 tur.
2586 3808 2902 3876 Δαλματικά
2940 3808 3227 3876 μανικλεια
3258 3807 3457 3878 μᾶλλον
3484 3807 3682 3874 συνέϐη
3709 3807 4026 3878 ὀνομασθῆ-

2443 3897 2531 3932 ναι
2560 3875 2709 3949 ἢπερ
2746 3875 2986 3931 κολόὸια.
3019 3879 3159 3932 Sane
3187 3875 3407 3932 evanuit
3441 3892 3636 3949 nomen
3656 3875 4020 3949 colobiorum

2445 3953 2496 4003 iu
2537 3947 2736 4003 vestitu
2761 3949 3102 4002 sacerdotum
3123 3949 3345 4012 sensim,
3378 3956 3433 4000 et
3451 3947 3734 4001 dalmatica
3771 3949 3942 4015 capit
3973 3950 4026 4000 in

2443 4021 2559 4090 ejus
2585 4019 2762 4090 locum
2793 4021 3101 4090 succedere.

2516 4091 2627 4156 (80)
2687 4087 2862 4140 Panni
2899 4088 3118 4140 triblatti
3159 4095 3280 4140 sunt
3328 4085 3524 4156 triplici
3572 4087 3804 4140 tinctura
3844 4086 4028 4140 blatta!

2443 4155 2663 4224 tnfecti,’
2683 4159 2759 4210 ait
2798 4155 2992 4226 Murat.
3029 4159 3154 4209 Alit.
3196 4156 3312 4211 Ital.
3347 4167 3385 4211 ι.
3421 4155 3485 4210 II.
3527 4172 3580 4226 p.
3618 4156 3768 4218 ‘09.,
3820 4157 3915 4209 ubi
3963 4161 4030 4210 de

2445 4229 2661 4284 blatteis
2691 4227 2931 4280 vestibus
2963 4225 3070 4278 late
3097 4227 3360 4294 disputat.
3398 4228 3449 4278 in
3489 4225 3553 4278 eo
3584 4237 3788 4288 tamen,
3819 4227 3866 4278 si
3899 4229 4027 4292 qttid

2449 4300 2622 4362 video,
2644 4296 2832 4356 falsus,
2849 4297 2988 4363 quod
3005 4295 3222 4348 blattam
3237 4307 3294 4358 et
3313 4296 3662 4350 vermiculum
3684 4295 4028 4360 tinctorium,

2447 4371 2588 4422 unde
2618 4382 2812 4420 coccns
2849 4367 3092 4432 tingitur.
3121 4366 3310 4419 eadem
3339 4365 3487 4418 facit.
3529 4363 3704 4416 Blatta
3745 4367 4028 4419 veteribus

2447 4437 2724 4493 dicebatur
2746 4435 2832 4488 illa
2854 4435 2968 4503 ipsa
2988 4449 3246 4501 purpura,
3271 4450 3480 4496 mures,
3498 4433 3869 4500 conchylium,
3889 4436 4031 4488 unde

2451 4522 2703 4578 purpura:
2746 4503 3133 4578 color._Tertia
3158 4504 3390 4578 tinctura
3421 4505 3718 4558 habebatur
3756 4519 3856 4572 pro
3886 4507 4029 4578 opti-_

2455 4573 2539 4631 ina
2559 4573 2584 4640 “,
2623 4575 2942 4630 vividissimi
2997 4573 3236 4627 luntinis.
3269 4573 3888 4641 Memorantttr‘tamcn,
3937 4575 4029 4626 sed

2443 4664 2590 4710 raro,
2644 4647 2840 4714 plures.
2874 4644 3059 4711 ,Apud
3127 4641 3818 4714 Longotiardico-Latinum
3878 4643 4026 4696 illutn

2444 4711 2956 4782 chymicumoctavi
3005 4713 3207 4772 saeculi;
3248 4711 3409 4782 quem
3460 4711 3787 4765 Muratorius
3814 4717 4026 4782 eodem

2452 4781 2720 4839 volumine
2757 4781 2808 4852 ρ.
2839 4782 2938 4836 367
2964 4782 3151 4843 edidit.
3179 4781 3454 4836 tinctiones
3485 4795 3714 4852 quatuor
3737 4781 3893 4848 pellis
3921 4783 4030 4834 ale-

2448 4859 2570 4910 tina:
2607 4863 2699 4908 seu
2733 4869 2982 4921 purpurae
3007 4853 3360 4914 habentur,et
3384 4853 3436 4904 in
3468 4853 3656 4904 charta
3679 4863 3864 4904 vetere
3885 4854 4030 4919 apud

2448 4927 2524 4979 Du
2551 4925 2732 4992 Gange
2758 4939 2806 4976 v.
2841 4921 3182 4992 Baldekinus,
3207 4921 3588 4982 tetrablattutn,
3617 4923 3686 4974 ita
3715 4921 3862 4992 enim
3898 4932 4031 4986 puto

2449 4997 2554 5066 leg.
2589 4989 2709 5066 esse
2735 5009 2832 5062 pro
2846 4991 3166 5066 colobia/to.
3204 4992 3423 5059 Factum
3442 4989 4031 5066 deincepsel‘requenti

2451 5050 2546 5120 usit
2579 5050 2760 5117 talium
2789 5050 3016 5116 vestium
3044 5053 3426 5114 diblattearum
3450 5050 3950 5125 ettriblattearum,
3973 5070 4033 5115 ut

2451 5133 2943 5193 creditumJ‘uerit,
2973 5129 3195 5183 blattam
3230 5132 3370 5184 idem
3413 5145 3533 5183 esse
3567 5139 3729 5199 atque
3781 5130 4026 5183 colorem

2450 5213 2902 5275 quemcunque,et
2919 5201 3096 5252 blattae
3117 5200 3315 5275 fuerint
3333 5200 3584 5275 appellati
3611 5199 3876 5275 panni_illi
3895 5215 4032 5275 quo-

2451 5269 2576 5344 que,
2592 5275 2684 5342 qui
2703 5269 2882 5344 blatta»
2894 5286 2988 5325 seu
3006 5285 3243 5344 purpura
3260 5271 3410 5324 tincti
3431 5278 3748 5344 nonessent.
3765 5269 4032 5344 Petr.l_)_a-

2455 5338 2733 5410 titiaupr.
2755 5341 2847 5404 IV,
2869 5345 2918 5394 7.
2936 5341 3178 5404 pallium,
3198 5342 3448 5410 ait.__quod
3479 5339 3760 5391 triblathon
3790 5338 4030 5410 appella-

2453 5423 2539 5467 tur
2563 5408 2718 5466 trium
2733 5414 2920 5482 quippe
2935 5413 3166 5482 colorum
3181 5408 3742 5482 est.Rectius_tamen_‘u
3751 5409 3800 5462 bi
3815 5410 4031 5482 videtur

2452 5485 2598 5548 calor
2619 5500 2713 5548 pro
2735 5478 3078 5534 immersione
3110 5481 3162 5532 in
3195 5480 3460 5533 cortinam
3486 5479 3795 5532 tinctoriam
3826 5478 4028 5545 accipi.

2511 5545 2633 5622 λιιι)
2672 5553 2897 5618 ΛιιιυὶἉο
2930 5589 2945 5614 ,
2981 5549 3140 5618 quale
3190 5548 3514 5622 vestimenti
3555 5563 3721 5615 genus
3760 5549 3865 5622 hoc
3910 5548 4027 5613 sit;

2455 5618 2728 5676 l'nerintne
2778 5632 2973 5679 vestes.
3014 5634 3134 5688 qua:
3178 5631 3393 5674 assutos
3434 5618 3693 5672 baberent
3737 5626 3794 5671 et
3826 5620 4031 5685 depen-

2453 5697 2642 5747 dentes
2678 5706 2868 5744 aureus
2905 5692 3155 5752 tubulos,
3191 5705 3259 5740 an
3289 5704 3516 5756 quarum
3556 5701 3766 5754 pannus
3797 5689 3849 5739 in
3889 5688 4031 5740 mul-

2456 5778 2538 5818 tas
2573 5779 2730 5829 rugas
2761 5761 3012 5830 parallele
3034 5762 3402 5830 decurrentes.
3423 5768 3475 5830 ft
3492 5760 3695 5826 passim
3723 5756 3825 5810 ﬁlis
3845 5760 4031 5830 aureis

2458 5827 2726 5904 trajectus,
2762 5827 2828 5886 itc
2873 5846 3016 5901 ruga:
3047 5829 3127 5884 vel
3163 5827 3312 5898 plicat
3341 5827 3662 5892 dillluerent,
3694 5829 4031 5894 compOsitus
