4170 6436
768 383 878 447 295

1795 375 2302 436 CONSTANTINI
2338 374 2893 435 PORPIIYROGEN
2909 378 3013 437 ΙΤῐ

3925 390 4027 454 29G

763 498 891 556 tice.
959 494 1250 562 ipsumque
1324 491 1389 544 ad
1464 489 1520 542 S.
1562 488 1944 556 Christophori
1997 487 2331 539 conducunt.

2453 487 2506 537 τὲ
2534 490 2588 551 ἐξ
2622 490 2774 552 ἔθους
2825 487 2918 542 τοῦ
2973 492 3196 560 μέρους,
3257 494 3507 547 ἀποκινεῖ
3541 499 3638 565 μὲν
3692 502 3718 552 ὁ
3749 501 4024 568 βασιλεὺς.

758 587 1050 642 Sciendum
1102 594 1206 648 est,
1249 583 1524 653 principes
1547 583 1775 633 duarum
1822 582 2119 634 factionum
2161 592 2344 634 trans-

757 677 1048 731 itoriarum
1085 683 1138 727 et
1174 675 1426 726 tribunos
1479 672 1731 741 polticaz,
1777 673 2021 738 singulos
2070 685 2166 740 pro
2227 673 2342 724 suis

753 767 1111 827 factionibus.
1152 767 1202 817 in
1247 765 1422 834 prima
1458 773 1670 817 tantum
1723 765 2050 833 receptioue,
2088 777 2194 815 non
2247 777 2344 814 au-

756 870 865 914 tem
900 859 952 912 in
983 857 1220 917 caeteris,
1257 856 1502 908 lihellunt
1537 856 1786 919 tradere;
1822 857 1922 907 hoc
1957 856 2098 906 enim
2130 861 2343 906 tantttm

757 954 924 1006 smnel
981 951 1096 1004 fieri
1155 949 1317 1004 solet.
1371 949 1588 1002 Politici
1630 949 1846 1002 Veneta:
1883 947 2137 1001 factionis
2170 961 2344 1012 tmpe-

760 1054 1002 1097 ratorem
1042 1043 1098 1096 in
1141 1044 1198 1095 ὃ.
1231 1041 1611 1109 Christophori
1644 1041 1943 1108 excipiunt,
1973 1040 2060 1092 tibi
2089 1038 2346 1093 tribunus

757 1137 1072 1205 imperatori
1099 1134 1340 1187 libellum
1385 1132 1513 1186 dat:
1545 1133 1794 1202 actisque
1827 1117 2017 1198 liuitis,
2051 1134 2346 1202 imperator

757 1230 894 1293 abit,
931 1244 1092 1296 quem
1127 1227 1292 1281 factio
1326 1227 1664 1289 conducens,
1702 1227 1968 1288 dromica,
2006 1228 2048 1278 si
2095 1225 2345 1293 jusserit,

756 1333 811 1375 et
838 1324 1104 1391 apclatica
1139 1323 1352 1374 recitat.
1403 1323 1518 1373 Hoc
1573 1320 1799 1389 singula:
1851 1318 2121 1372 factiones
2173 1319 2346 1387 impe-

762 1425 998 1467 ratorem
1059 1413 1405 1472 comitantes.
1442 1412 1494 1463 in
1541 1410 1658 1478 ejus
1693 1412 2002 1478 receptinne
2029 1411 2345 1462 observant.

762 1508 1007 1575 Populus
1045 1504 1380 1557 transitoria:
1405 1503 1664 1556 factionis
1696 1501 1936 1555 I‘rasiuze
1960 1503 2348 1570 imperatorem

760 1601 825 1649 :t.|
858 1598 894 1649 S
951 1576 1160 1667 Olybrii
1198 1599 1421 1665 cxripit,
1469 1597 1722 1666 princeps
1757 1596 1877 1660 ejus
1917 1594 2154 1646 libellum
2187 1593 2352 1650 tradit

765 1691 1054 1757 ipsumque
1095 1689 1160 1741 ad
1197 1688 1653 1755 philadelphiunt,
1691 1687 1780 1740 ubi
1809 1685 2125 1738 transitoria
2178 1682 2351 1736 Vene-

765 1793 945 1831 tnruut
990 1779 1155 1832 factio
1189 1758 1364 1840 aii-cst,
1418 1779 1697 1830 conducit.
1760 1776 1886 1829 llaec
1933 1791 2058 1829 cum
2091 1775 2144 1827 in
2181 1774 2350 1843 phila-

2451 577 2601 628 αὐτοὶ
2621 581 2675 630 δὲ
2693 583 2738 631 οἱ
2759 579 2850 631 τοῦ
2881 583 3079 650 μέρους
3101 584 3534 653 προπορεύονται
3556 588 3832 658 ἔμπροσθε
3851 594 3892 620 ⁷⁷
3916 592 4028 656 (9ῑή

2451 669 2543 722 τοῦ
2578 670 2865 738 βασιλέως,
2894 673 3141 739 λέγοντες
3175 674 3432 744 δρομικὰ,
3474 679 3521 728 εἰ
3551 679 3604 730 δὲ
3633 682 3845 735 κελεύει
3875 687 3901 736 6
3935 685 4029 751 βα-

2453 763 2630 825 σιλεὺς
2693 767 2787 816 καὶ
2840 765 3186 829 ἁπελατικὰ,
3237 765 3616 832 ἀποσώζοντες
3668 773 3758 823 τὴν
3806 775 4034 844 βασιλέα

2456 855 2616 924 μέχρι
2648 857 2742 910 τοῦ
2772 858 2926 925 ἁγίου
2959 859 3356 927 Χριστοφόρου.
3384 861 3504 929 Χρὴ
3529 863 3583 914 δὲ
3618 864 3834 926 εἰδέναι,
3878 868 3954 919 δτι
3985 869 4032 919 οἱ

2452 946 2791 1015 δημοκράται
2843 948 2950 1000 τῶν
2999 947 3092 1000 δύο
3143 948 3323 1018 μερῶν
3382 949 3488 1002 τῶν
3519 953 3832 1022 περατικῶν
3868 959 4033 1009 καὶοὲ

2454 1035 2722 1104 δήμαρχοι
2773 1037 2872 1105 τῆς
2936 1037 3243 1104 πολιτικῆς,
3285 1038 3514 1099 ἕκαστος
3571 1042 3748 1093 αὐτῶν
3783 1048 3925 1095 κατα
3977 1050 4037 1098 τὶ

2460 1129 2621 1198 μέρος
2653 1128 2853 1192 αὐτῶν,
2899 1131 2956 1181 ὲν
3003 1133 3067 1199 τῇ
3102 1128 3148 1182 α’
3177 1131 3305 1200 δοχῇ
3338 1131 3635 1184 ἐπιδιδόασι
3671 1135 4034 1204 λιὸελλὰριον,

2457 1223 2514 1276 ὲν
2540 1221 2594 1274 δὲ
2616 1225 2736 1284 ταῖς
2770 1222 2985 1284 λοιπαῖς
3014 1223 3194 1290 δοχαῖς
3232 1223 3541 1294 λιδελλάρια
3567 1225 3664 1275 οὐκ
3703 1229 4002 1281 ἐπιδιδόασι
4021 1249 4032 1260 ·

2460 1317 2594 1385 πρὸς
2620 1315 2764 1377 ἅπαξ
2801 1315 2902 1384 γὰρ
2925 1313 3086 1366 τοῦτο
3115 1316 3209 1366 καὶ
3250 1317 3426 1385 μόνον.
3470 1317 3528 1368 'll
3567 1317 3622 1368 δὲ
3661 1317 3914 1389 πολιτικὴ
3944 1321 4037 1373 τοῦ

2461 1410 2659 1477 μέρους
2692 1409 2800 1460 τῶν
2829 1408 3068 1460 Βενέτων
3107 1411 3244 1477 μετὰ
3276 1411 3370 1461 καὶ
3397 1410 3492 1462 τού
3537 1411 3821 1480 δημάρχου
3856 1415 4040 1481 δέχον-

2458 1516 2546 1550 ται
2575 1502 2665 1550 τὸν
2695 1500 2912 1570 βασιλέα
2951 1503 3006 1553 ὲν
3035 1499 3111 1568 τῷ
3143 1501 3282 1569 ἁγίῳ
3318 1503 3692 1572 Χριστοφόρτρ,
3737 1505 3830 1555 καὶ
3856 1507 4037 1557 ἐπιδὶ-

2459 1593 2618 1644 δωσιν
2649 1593 2675 1641 6
2703 1593 2983 1662 δήμαρχος
3006 1594 3081 1661 τῷ
3111 1593 3321 1662 βασιλεῖ
3343 1593 3702 1666 λιεελλαριον,
3722 1598 4040 1650 τελέσαντεε

2461 1684 2516 1735 δὲ
2548 1685 2616 1735 τα
2647 1685 2808 1746 blatta,
2843 1689 3095 1738 ἀποκινεί
3124 1689 3149 1736 ὁ
3185 1686 3456 1755 βασιλεὺς,
3486 1689 3544 1738 τὸ
3575 1690 3629 1741 δε
3655 1692 3820 1759 μέρος
3845 1691 4044 1742 διασώ-

2463 1773 2544 1837 ζει
2577 1777 2667 1826 τὴν
2726 1775 2969 1844 βασιλέα,
3029 1778 3278 1845 λέγοντες
3327 1778 3638 1848 ἔμπροσθεν
3696 1782 3954 1850 δρομικὰ,
3995 1785 4042 1833 εἰ

764 1871 988 1939 delphio
1036 1871 1238 1936 excipit
1281 1877 1335 1920 et
1384 1867 1558 1935 usque
1614 1869 1680 1920 ad
1725 1869 1984 1922 Prasinos
2022 1867 2254 1934 politicae
2297 1867 2349 1917 in

2457 1866 2692 1929 κελεύει,
2727 1868 2823 1920 καὶ
2884 1868 3189 1921 ἀπελατικά
3209 1888 3222 1900 ·
3259 1870 3419 1922 τοῦτο
3464 1871 3519 1923 δὲ
3550 1871 3696 1923 τελεῖ
3726 1872 3782 1923 ἓν
3808 1860 4043 1924 ἕκαστον

769 1965 1012 2016 modium
1063 1963 1238 2025 ducit,
1277 1977 1305 2014 a
1345 1962 1546 2030 quibus
1586 1960 1640 2012 in
1694 1959 1875 2012 modio
1930 1959 2224 2026 excipitur,
2265 1957 2354 2011 tthi

767 2055 1017 2106 tribunus
1049 2054 1361 2122 imperatori
1408 2053 1648 2106 libellum
1688 2052 1876 2114 tradit,
1903 2060 1956 2105 et
2003 2050 2256 2103 omnibus
2297 2061 2356 2103 ut

765 2159 930 2210 supra
960 2143 1166 2196 dictum
1217 2152 1297 2194 est
1339 2145 1598 2210 peractis,
1634 2143 1700 2194 ad
1732 2155 1971 2203 taurum,
2012 2142 2101 2195 tibi
2135 2143 2354 2210 polittca

764 2232 1097 2286 Venetorum
1127 2231 1309 2296 factio,
1344 2249 1468 2285 eunt
1507 2233 1777 2301 perducit.
1813 2233 1937 2288 llsec
1971 2236 2352 2303 imperatorem

765 2325 818 2375 in
851 2336 1010 2376 tauro
1055 2325 1260 2391 excipit
1294 2332 1345 2377 et
1387 2323 1453 2376 ad
1488 2325 1742 2378 tabernas
1797 2325 2088 2394 pistorum,
2118 2326 2212 2380 ubi
2261 2343 2355 2395 po-

761 2415 911 2470 iitica
961 2417 1129 2469 factio
1183 2417 1545 2471 Prasinorum
1581 2418 1756 2479 adest,
1789 2417 2031 2483 deducit,
2077 2434 2198 2488 qua:
2230 2435 2353 2472 eum

782 2509 838 2562 in
893 2509 1013 2562 foro
1060 2509 1390 2562 transitoria:
1425 2507 1682 2562 factionis
1723 2508 1982 2576 Prasium,
2019 2514 2071 2564 in
2100 2513 2353 2565 substru-

765 2601 949 2655 ctione
983 2602 1116 2654 tuilii
1166 2602 1402 2670 politican
1437 2601 1690 2655 factionis
1734 2601 1976 2657 Prasina:
2027 2606 2250 2674 excipit.
2297 2605 2352 2659 In

763 2697 1034 2763 seuxippo
1062 2710 1187 2748 cum
1222 2695 1544 2747 transitoria
1579 2695 1909 2749 Venetorum
1941 2696 2130 2759 factio,
2160 2699 2356 2754 deinde

768 2789 822 2840 in
874 2788 1087 2847 chalce,
1128 2787 1351 2854 excipit.
1405 2785 1528 2840 llos
1553 2803 1745 2842 omnes
1784 2790 2013 2856 pedibus
2072 2792 2350 2855 incedunt,

769 2877 922 2930 solus
954 2876 1254 2945 imperator
1281 2891 1425 2944 equo
1456 2877 1696 2940 vehitur,
1726 2887 1780 2930 et
1811 2879 1936 2934 inde
1986 2880 2054 2932 ab
2098 2881 2353 2935 omnibus

763 2970 1001 3037 stipatus
1056 2978 1115 3021 ut
1163 2969 1370 3022 dictum
1405 2979 1509 3030 est.
1543 2985 1640 3038 per
1682 2971 1926 3025 cortinas
1958 2987 2130 3038 usque
2169 2975 2232 3023 ad
2275 2974 2355 3025 in-

750 3061 1026 3114 teriorem
1076 3076 1325 3130 magnam
1371 3070 1586 3130 portam
1639 3063 2049 3125 excubitorum,
2080 3066 2169 3117 ubi
2219 3067 2355 3117 scri-

2463 1954 2623 2025 μέρος
2656 1960 2713 2008 ὲν
2742 1961 2807 2026 τῇ
2835 1959 2998 2010 αὑτοῦ
3022 1960 3147 2028 δοχῇ
3182 1961 3250 2012 ⁷⁸.
3276 1962 3640 2026 Διασῶζοντες
3665 1964 3755 2014 τὸν
3793 1962 4042 2030 βασιλέα,

2458 2046 2697 2114 δέχονται
2729 2051 2906 2100 ἐκεῖσε
2963 2051 3068 2102 τῶν
3119 2054 3434 2120 περατικῶν
3473 2055 3651 2122 μερῶν
3687 2055 3980 2123 Πρασίνων
4019 2059 4045 2107 6

2459 2136 2585 2199 λαὸς
2616 2140 2705 2189 τὸν
2731 2140 2952 2208 βασιλέα
3001 2144 3058 2193 ὲν
3081 2146 3192 2203 τοῖς
3223 2145 3313 2195 τοῦ
3366 2145 3668 2212 Ὀλυσρίου,
3737 2149 3832 2197 καὶ
3865 2146 4044 2197 ἐπιδί-

2456 2231 2618 2283 δωσιν
2663 2236 2690 2284 6
2749 2234 3098 2303 δημοκρατης
3131 2237 3208 2305 τῷ
3267 2236 3473 2305 βασιλεῖ
3520 2237 3860 2307 λιϐελλάριον
3889 2281 3905 2303 ,
3951 2238 4046 2289 καὶ

2455 2323 2778 2386 διασώζουσι
2830 2329 2919 2376 τὶν
2959 2327 3179 2395 βασιλέα
3215 2329 3375 2397 μέχρι
3406 2327 3499 2380 τοῦ
3549 2328 3901 2396 φιλαδελφίου
3936 2331 4046 2380 τῶν

2458 2416 2772 2484 περατικῶν
2805 2418 2988 2486 μερῶν
3013 2418 3117 2470 τῶν
3149 2417 3406 2474 Βενέτων.
3432 2421 3541 2472 Καὶ
3567 2420 3782 2488 δέχεται
3812 2423 3841 2472 6
3873 2437 4046 2489 περα-

2456 2511 2604 2570 τικὸς
2638 2510 2808 2576 δῆμος
2831 2510 2936 2561 τῶν
2960 2511 3200 2564 Βενέτων
3221 2513 3309 2564 τὸν
3346 2512 3567 2580 βασιλέα
3593 2517 3648 2564 ἐν
3673 2514 3751 2582 τῷ
3779 2514 4048 2567 Φιλαδελ-

2457 2602 2582 2669 ipim,
2621 2601 2946 2665 διασώζουσι
2981 2603 3037 2655 δὲ
3091 2605 3194 2666 ἕως
3234 2604 3340 2656 τῶν
3377 2607 3657 2673 ιΙρασὶνων
3689 2609 3784 2676 τῆς
3828 2609 4044 2661 πολιτι-

2459 2695 2557 2761 κῆς
2613 2693 2708 2745 τοῦ
2753 2695 2956 2763 μοδίου,
3020 2697 3112 2746 καὶ
3162 2697 3406 2764 δέχονται
3455 2700 3542 2748 τὶν
3597 2697 3824 2765 βασιλέα
3876 2703 3939 2750 ἐν
3973 2702 4049 2768 τῷ

2461 2786 2648 2853 μοδίῳ,
2702 2785 2798 2836 καὶ
2842 2786 3151 2838 ἐπιδίδωσιν
3197 2789 3225 2838 6
3253 2789 3533 2857 δήμαρχος
3585 2790 3932 2859 λιὸελλαριον
3971 2794 4048 2860 τῷ

2459 2877 2691 2946 βασιλεῖ,
2725 2881 2818 2929 καὶ
2839 2880 3154 2942 τελέσαντες
3177 2880 3412 2945 ἅπαντα,
3444 2884 3518 2946 ὡς
3545 2887 3898 2955 πρῖ·εὲρηται,
3924 2888 4043 2938 δια.

2459 2968 2690 3032 σώζουσι
2711 2971 2802 3021 τὸν
2833 2969 3054 3039 βασιλέα
3081 2973 3244 3040 μέχρι
3273 2971 3368 3025 τοῦ
3396 2977 3597 3044 ταύρου
3622 2977 3719 3044 τῆς
3748 2979 4046 3044 πολιτικῆς

2455 3063 2549 3113 τοῦ
2583 3062 2780 3130 μέρους
2813 3065 2922 3115 τῶν
2977 3065 3235 3118 Βενέτων.
3279 3067 3387 3118 Καὶ
3410 3066 3657 3135 δέχονται
3695 3071 3786 3120 τὸν
3813 3072 4046 3138 βασιλέα

767 3153 958 3204 harum
987 3153 1262 3220 promotio
1293 3153 1627 3215 instituitur,
1663 3154 1876 3218 transit,
1906 3169 2046 3222 equo
2070 3155 2349 3208 descendit

2455 3154 2512 3204 ὲν
2537 3154 2612 3222 τῷ
2634 3158 2821 3223 ταύρῳ
2850 3157 2942 3207 καὶ
2998 3156 3356 3218 διασώζουσιν
3390 3159 3492 3220 ἓως
3528 3159 3636 3211 τῶν
3695 3161 4046 3228 ἁρτοπολέων

761 3260 973 3312 perque
1004 3245 1265 3298 excubias
1297 3255 1424 3299 ante
1456 3255 1567 3300 tres
1601 3247 1916 3299 consistorii
1952 3256 2139 3315 portas
2163 3248 2349 3316 dispo-

766 3336 906 3390 sitas
957 3336 1071 3388 abit
1118 3345 1406 3391 senatores
1459 3337 1641 3392 fausta
1687 3339 2003 3406 imperatori
2062 3348 2348 3404 precantes

767 3427 1111 3482 subsistunt:
1158 3429 1204 3482 is
1253 3443 1384 3483 vero
1436 3429 1671 3483 mediam
1722 3439 1934 3498 portam
1982 3430 2047 3482 ad
2087 3433 2349 3498 templum

770 3518 985 3573 Domini
1027 3519 1320 3574 ducentem
1368 3520 1698 3590 ingreditur,
1725 3521 1816 3574 ubi
1865 3521 2080 3590 patricii
2122 3529 2175 3574 et
2202 3531 2346 3576 stra-

770 3612 914 3680 tegi,
967 3613 1064 3680 qui
1099 3623 1155 3665 et
1204 3613 1308 3680 ipsi
1360 3613 1538 3666 fausta
1579 3613 1894 3681 imperatori
1949 3622 2346 3682 apprecantur,

769 3705 991 3758 adsunt.
1023 3701 1144 3768 Quo
1173 3719 1378 3757 teneam
1415 3713 1627 3773 portam
1667 3703 1856 3772 templi
1908 3703 2124 3758 Domini
2152 3705 2353 3773 ingres-

769 3815 853 3859 sn,
893 3797 1213 3850 cubicularii
1249 3796 1449 3866 januas
1498 3797 1683 3850 statim
1731 3796 1997 3850 claudunt
2027 3806 2080 3850 ct
2121 3799 2352 3866 impera-

769 3888 872 3941 tori
925 3887 1257 3947 acclamant,
1308 3887 1403 3955 qui
1460 3895 1752 3956 postquam
1803 3886 2127 3954 praepositus
2167 3896 2347 3956 togam

770 3994 865 4031 seu
901 3978 1096 4030 tiaram
1142 3993 1172 4031 a
1222 3979 1404 4047 capite
1458 3978 1578 4046 ejus
1609 3977 1866 4044 dempsit,
1902 3978 2092 4039 intrat,
2141 3976 2241 4045 51
2281 3978 2346 4030 ad

770 4079 993 4125 sanctas
1016 4070 1213 4138 ianuas
1260 4071 1514 4124 subsistit
1543 4079 1599 4124 et
1631 4080 1909 4140 precatur.
1935 4070 2053 4135 Quo
2081 4069 2224 4124 facto
2259 4086 2352 4138 per

771 4163 1038 4232 porticuum
1072 4163 1256 4230 templi
1283 4161 1378 4215 Dei
1425 4163 1782 4231 hemicyclum
1819 4162 2106 4217 triconcltii
2146 4176 2350 4232 perque

773 4253 1044 4322 porticum
1107 4253 1468 4321 quadraginta
1522 4263 1842 4307 sanctorqu
1903 4269 2127 4306 aureum
2181 4253 2352 4307 tricli-

774 4348 924 4398 nium
981 4346 1186 4405 intrat,
1238 4345 1327 4398 ubi
1376 4346 1704 4399 cubicularii
1757 4361 1946 4399 omnes
2000 4354 2228 4400 stantes.
2286 4346 2349 4400 In

773 4438 941 4490 multa
970 4439 1202 4505 bonaque
1233 4445 1488 4503 tempora,
1518 4438 1832 4507 imperatori
1864 4439 2189 4504 acclamant,
2222 4454 2346 4492 mox

770 4528 1146 4595 egrediuntur.

2455 3245 2551 3310 τῆς
2585 3246 2864 3314 πολιτικῆς
2901 3245 2994 3297 τοῦ
3053 3247 3254 3314 μέρους
3310 3248 3418 3299 τῶν
3473 3250 3778 3318 Πρααίνων,
3826 3256 3920 3305 καὶ
3960 3254 4043 3305 δέ·

2452 3355 2632 3405 χονται
2661 3339 2750 3388 τὸν
2783 3337 3007 3405 βασιλέα
3041 3339 3097 3389 ὲν
3129 3338 3205 3405 τῷ
3230 3340 3380 3408 φόρῳ
3403 3340 3511 3390 τῶν
3538 3343 3854 3409 περατικῶν
3889 3347 4044 3412 Πρα-

2452 3426 2630 3486 σίνων,
2658 3428 2715 3477 ὲν
2744 3427 2821 3495 τῷ
2851 3427 3122 3495 πλακωτῷ
3155 3428 3197 3459 ⁷³
3230 3430 3340 3496 (97)
3361 3428 3453 3481 τοῦ
3492 3430 3669 3499 μιλίου
3693 3433 3792 3499 τῆς
3825 3433 4046 3486 πολιτι-

2452 3519 2552 3586 κῆς
2586 3519 2783 3588 μέρους
2811 3519 2914 3570 τῶν
2941 3519 3248 3588 Πρασίνων,
3291 3518 3550 3583 δέξωνται
3595 3523 3685 3572 τὸν
3718 3522 3953 3590 βασιλέα
3991 3530 4048 3575 ἐν

2451 3610 2527 3678 τῷ
2553 3610 2834 3678 ζευξίππῳ
2861 3610 2969 3661 τῶν
2999 3610 3310 3679 περατικῶν
3346 3612 3526 3680 μερῶν
3554 3614 3816 3674 Βενέτων,
3856 3616 4048 3686 δέχον-

2449 3723 2539 3757 ται
2570 3704 2657 3757 τὸν
2684 3704 2910 3772 βασιλέα
2947 3707 3004 3754 ἑν
3034 3705 3100 3773 τῇ
3130 3704 3329 3772 χαλκῇ.
3376 3704 3483 3756 Καὶ
3517 3704 3716 3767 εὐθέως
3777 3709 4048 3770 πεξεύου·
4091 3734 4099 3748 ι

2454 3814 2539 3849 σιν
2574 3798 2683 3866 (98)
2710 3799 2966 3860 ἅπαντες,
2999 3799 3093 3849 καὶ
3124 3797 3276 3864 μένει
3305 3795 3545 3862 ἔφιππος
3585 3799 3742 3865 μόνος
3798 3802 3829 3850 6
3881 3800 4015 3868 βασι

2449 3887 2593 3949 λεύς·
2626 3887 2878 3940 κάκεῖθεν
2895 3887 3321 3955 δηριγευόμενος
3346 3887 3450 3939 ὑπὸ
3475 3887 3711 3949 πάντων,
3742 3889 3820 3950 ὡς
3851 3895 4049 3958 πρε-εί-

2456 3996 2638 4049 ρηται,
2674 3979 2950 4047 διέρχεται
2980 3978 3066 4029 διὰ
3099 3979 3207 4029 τῶν
3239 3969 3503 4048 κορτίνων
3552 3981 3714 4049 μέχρι
3751 3982 3852 4048 τῆς
3887 3985 4048 4034 ἔνδον

2455 4073 2698 4142 μεγάλης
2731 4072 2904 4139 πύλης
2933 4070 3039 4122 τῶν
3063 4073 3453 4134 ὲκσκουὸἰτων,
3480 4075 3536 4125 ὲν
3629 4075 3838 4140 γίνεται
3874 4078 3907 4143 ἡ
3933 4077 4050 4125 τῶν

2452 4164 2752 4235 σκριὸόνων
2780 4163 3042 4233 προϐολὴ,
3065 4166 3158 4216 καὶ
3188 4164 3403 4227 πεζεύει
3425 4167 3604 4217 ἐκεῖσε
3635 4168 3728 4219 καὶ
3750 4167 4050 4236 διέρχεται

2450 4256 2538 4308 διὰ
2587 4255 2695 4307 τῶν
2750 4255 3120 4308 ὲκσκουὸίτων
3172 4255 3485 4324 ἔμπροσθεν
3522 4257 3622 4309 τῶν
3647 4259 3814 4326 τριῶν
3847 4261 4051 4311 πυλῶν

2449 4344 2544 4397 τοῦ
2569 4346 2976 4414 κονσιστωρίου,
3009 4347 3226 4414 μένουσι
3266 4347 3320 4398 δὲ
3351 4348 3469 4399 ἐκεῖ
3500 4350 3548 4400 οι
3597 4351 3692 4416 τῆς
3726 4351 4051 4419 συγκλήτου

2452 4439 2878 4508 ύπερευχόμενοι
2906 4439 2998 4490 τὸν
3033 4438 3274 4506 βασιλέα,
3337 4441 3431 4490 καὶ
3465 4441 3768 4508 εἰσέρχεται
3790 4444 3821 4493 6
3877 4443 4051 4510 βασι-

2381 4525 2425 4579 ι)
2454 4532 2577 4592 λεὺς
2601 4532 2698 4599 τὴν
2737 4532 2906 4600 μέσην
2950 4532 3124 4599 πύλην
3170 4535 3268 4598 τὴν
3314 4532 3640 4599 εἰσάγουσαν
3678 4533 3722 4564 ⁸⁸
3767 4536 3900 4602 προς
3941 4536 4052 4605 τὴν

775 4622 1068 4689 ἐκκλησίαν
1097 4620 1189 4673 τοῦ
1219 4621 1445 4690 Κυρίου,
1479 4621 1701 4691 μένουσι
1733 4622 1789 4675 δὲ
1837 4621 2016 4674 ἐκεῖσε
2066 4624 2114 4676 οἱ
2147 4623 2424 4691 πατρίκιοι
2454 4626 2546 4677 καὶ
2580 4626 2628 4676 οἱ
2665 4626 2959 4694 στρατηγοὶ
2992 4624 3418 4694 ύπερευχόμενοι
3477 4627 3570 4678 καὶ
3619 4626 3771 4678 αὐτοὶ
3810 4626 3909 4677 τὸν
3938 4627 4052 4693 βα-

777 4716 947 4769 σιλέα.
981 4717 1090 4769 Καὶ
1119 4716 1450 4801 εἰσελθόντος
1488 4716 1582 4770 τοῦ
1617 4717 1879 4786 βασιλέως
1909 4719 1987 4780 εἰς
2019 4717 2118 4786 τὴν
2146 4718 2354 4787 χαλκῆν
2386 4718 2563 4788 πύλην
2618 4718 2710 4770 τοῦ
2763 4720 2994 4788 Κυρίου,
3031 4718 3302 4771 κλείουσιν
3344 4719 3544 4781 εὐθέως
3602 4721 3697 4780 τας
3748 4719 3934 4788 Θύειας
3993 4727 4050 4775 οι

2053 4875 2288 4931 VARIE
2333 4877 2737 4932 LECTIONES.

847 5014 892 5048 τ’
928 5013 1251 5084 ἔμπρωσθεν
1275 5014 1362 5081 ed,

1445 5016 1489 5046 ⁷⁸
1509 5015 1662 5085 δοχῇ,
1692 5017 1834 5068 διασ.
1863 5034 1912 5068 τ.
1958 5017 2200 5086 βασιλέα.
2237 5019 2494 5088 Δέχονται
2524 5021 2612 5073 ed.

2718 5021 2764 5057 τ’
2796 5021 2986 5090 πλάκῳ
3007 5020 3084 5090 τῷ
3113 5021 3200 5076 ed.
3277 5021 3323 5053 ⁸⁸
3358 5020 3534 5090 πύλην
3575 5021 3914 5088 εἰσάγουσαν
3952 5025 4052 5077 cd.

1766 5155 1960 5211 JOAN.
1990 5155 2134 5211 JAC.
2161 5155 2412 5210 REISKII
2445 5156 3007 5212 COMMENTARIUS.

851 5272 964 5343 (95)
1010 5272 1100 5326 Sic
1155 5273 1224 5328 Μ.
1280 5291 1399 5344 quae
1457 5290 1598 5342 smpe
1681 5277 1901 5330 exhibet
1957 5276 2092 5328 tales
2144 5275 2348 5330 formas

783 5347 983 5410 absque
1009 5362 1058 5414 ν,
1117 5344 1316 5397 Vocutn
1363 5345 1667 5400 ἅπελατικὰ
1707 5357 1757 5399 et
1802 5346 2036 5414 δρομικὰ
2070 5349 2203 5399 fines
2252 5362 2347 5412 per

784 5413 1157 5480 compendium
1219 5415 1406 5468 littera:
1451 5417 1478 5482 ξ
1529 5417 1706 5468 simile
1752 5413 1983 5481 scriptas
2016 5417 2347 5469 exhibebant

784 5485 1003 5554 (fictltitll,
1037 5494 1089 5535 ut
1121 5484 1340 5538 dubium
1367 5487 1457 5548 sit,
1487 5485 1796 5554 singularis,
1835 5503 1897 5538 an
1943 5487 2167 5554 pluralis
2215 5501 2344 5554 prae-

787 5552 913 5606 lerri
950 5554 1156 5604 debeat.

857 5622 970 5688 (96)
1024 5623 1394 5693 Cnitstrnenda
1436 5624 1515 5677 sic
1558 5636 1681 5677 sunt
1709 5626 1870 5679 verba
1904 5627 2063 5690 paulo
2093 5626 2341 5693 implica-

795 5692 950 5764 tipra,
995 5692 1153 5764 μέχρι
1217 5695 1324 5764 τῶν
1383 5695 1696 5764 περατικῶν
1748 5695 1927 5764 μερῶν
1963 5697 2069 5746 τῶν
2102 5692 2342 5747 Βενέτων

791 5761 895 5811 τῶν
930 5761 1023 5812 τοῦ
1073 5761 1469 5830 Φιλαδελφὶουί
1501 5782 1661 5832 usque
1707 5761 1772 5817 ad
1817 5761 2098 5818 'I’ernticas
2123 5765 2245 5886 jseu
2274 5768 2344 5817 ri-

791 5831 1001 5886 Dettsesl
1034 5844 1265 5886 catervas
1309 5834 1634 5886 Venetorum.
1662 5853 1777 5886 aeut
1814 5846 1953 5886 stunt
1987 5838 2038 5886 in
2078 5834 2118 5886 1³
2140 5855 2153 5884 ι
2179 5836 2343 5886 laticl-

788 5831 1002 5901 peuses]
1034 5844 1265 5888 catervas
1309 5831 1634 5899 Venetorum,
1662 5853 1777 5904 qua:
1814 5846 1953 5889 stunt
1987 5838 2038 5889 in
2078 5831 2153 5886 Ni
2179 5836 2343 5888 Iade!-

2453 5278 2598 5345 pln'o.
2648 5278 2791 5330 ltlem
2839 5291 3051 5344 quoque
3112 5275 3398 5328 tenendum
3452 5274 3518 5345 de
3563 5272 3801 5326 dictione
3865 5277 4052 5344 μέχρι

2453 5344 2546 5398 τοῦ
2577 5347 2814 5412 Ταύρου,
2841 5357 2972 5410 etc.,
3008 5360 3125 5409 quze
3155 5361 3270 5397 mox
3308 5344 3561 5398 occurrit.

2526 5419 2636 5484 (97)
2689 5417 2976 5467 ﬂlaxwt’w
3004 5418 3218 5466 videtur
3242 5417 3412 5467 solum
3436 5428 3570 5484 esse
3591 5413 3792 5479 magnis
3820 5417 4048 5468 (abactis

2451 5482 2625 5539 saieis
2662 5499 2747 5537 aut
2774 5488 3078 5538 marmOreis
3113 5482 3582 5553 (Quadersteiuen)
3605 5494 3851 5535 stratum;
3889 5485 4054 5537 ηλά-

2453 5575 2546 5618 κες
2593 5561 2739 5610 enim
2790 5567 2912 5609 sunt
2951 5555 3143 5607 tabula:
3181 5557 3298 5606 lata:
3326 5569 3379 5606 et
3419 5563 3581 5605 vasta:
3610 5568 3808 5603 saxeae.
3860 5553 3943 5604 Ita
3992 5574 4047 5623 ιι.

2450 5626 2537 5687 65,
2581 5624 2987 5697 μαρμαρωτὸν,
3045 5624 3213 5686 locus,
3274 5624 3442 5676 solum
3503 5639 3828 5674 marmorum
3888 5638 4052 5676 stm-

2453 5709 2582 5748 tum.

2527 5766 2635 5835 (158)
2691 5767 2828 5819 Ante
2880 5766 3115 5819 Chalcen
3159 5781 3285 5831 ergo
3321 5765 3710 5816 descenderant
3739 5777 3803 5815 ex
3837 5766 4052 5832 equic,

2453 5853 2541 5906 qui
2600 5840 2976 5904 imperatorem
3023 5842 3398 5905 precedentcut
3448 5837 3507 5889 iu
3554 5837 3796 5900 equestzi
3827 5848 4049 5904 p-‘n‘tpa
