4170 6436
752 367 861 430 315

1777 359 2281 420 CONSTANTINI
2318 354 2991 415 PORPHYROGENITI

3891 350 3993 414 316

750 483 819 536 iis
853 479 1021 541 vasis,
1050 490 1168 545 quae
1203 473 1521 530 cucumaria
1555 483 1841 539 vocantur,
1867 481 2051 542 potum
2077 479 2318 525 sumunt.

2441 487 2530 522 των
2581 469 2638 522 δὲ
2664 469 2770 522 τῶν
2826 464 3285 533 κουσικουλαρίων
3336 465 3403 517 τά
3447 463 3826 532 κουκουμάρια
3861 462 3990 531 (23),

753 573 870 627 Mos
903 572 1044 625 enim
1071 574 1176 631 est,
1208 574 1267 619 ut
1309 565 1436 620 dum
1483 565 1781 635 imperator
1827 579 1952 617 cum
2008 563 2318 632 patriarcha

755 662 1065 720 convivium
1092 659 1353 722 celebrat,
1383 657 1702 711 cubicularii
1725 657 2038 710 cucumaria
2071 654 2320 708 an‘erant.

758 755 871 819 Sic,
908 754 984 807 uti
1018 751 1220 806 dictum
1256 760 1363 815 est,
1398 765 1600 804 mensa:
1659 747 1947 817 prafectus
1978 746 2149 798 intrat
2181 754 2234 798 et
2269 744 2320 797 in

754 847 940 901 limine
965 855 1243 912 portarum
1274 851 1664 910 argentearum
1701 841 1977 893 subsistit.
2009 836 2130 890 Mox
2157 837 2326 904 impe—

758 947 912 992 rator
939 936 1250 1005 praeposito,
1282 935 1368 986 bic
1399 947 1600 985 mensae
1636 930 1912 999 praefecto,
1961 930 2174 996 signum
2208 928 2322 990 dat,

758 1032 851 1098 qui
888 1035 1175 1095 postquam
1213 1026 1387 1078 velum
1419 1038 1581 1074 manu
1608 1020 1862 1090 pulsavit.
1889 1019 2172 1074 silentiarii
2194 1017 2325 1070 illud

761 1129 984 1167 sursum
1025 1114 1239 1174 tollunt,
1289 1120 1340 1162 et
1396 1111 1555 1162 amici
1590 1109 2004 1178 ingrediuntur;
2061 1123 2152 1177 per
2184 1110 2327 1160 hanc

761 1206 1125 1274 septimanam
1163 1204 1308 1256 enim
1343 1203 1396 1256 in
1430 1216 1759 1270 unoquoque
1793 1201 2021 1254 introitu
2080 1211 2132 1254 et
2180 1200 2326 1253 exitu

760 1297 1000 1364 ejusdem
1029 1297 1129 1349 veli
1161 1311 1189 1348 a
1226 1295 1545 1348 silentiariis
1573 1301 1845 1360 portatur.
1885 1291 2117 1361 ingressi
2149 1300 2326 1344 autem

765 1388 930 1440 amici
967 1386 1286 1440 veneranda:
1318 1400 1495 1438 aurcze
1532 1400 1732 1438 mensa:
1787 1383 2134 1452 imperatoris
2180 1399 2332 1449 atque

762 1497 823 1533 ac
861 1479 1123 1548 appositis
1159 1478 1381 1541 tabulis,
1437 1477 1676 1545 dumque
1720 1478 1925 1530 missus
1981 1486 2034 1528 et
2089 1475 2330 1543 reliquus

764 1581 1054 1639 apparatus
1092 1571 1145 1622 in
1176 1571 1516 1623 caenaculnm
1547 1569 1865 1632 atii-runtur,
1891 1566 2333 1629 assident,dum-

761 1678 867 1730 que
903 1663 1103 1730 singuli
1153 1663 1358 1714 missus
1388 1660 1583 1713 tabulae
1614 1661 1993 1727 imponuntur,
2040 1657 2334 1724 imperator

767 1751 1133 1818 patriarcham
1187 1749 1260 1801 ad
1309 1763 1498 1803 eorum
1552 1749 1986 1801 benedictionem
2035 1748 2251 1800 invitat.
2286 1745 2333 1800 Is

2425 559 2637 615 πίνουσι
2671 559 2805 629 πρὸς
2837 556 3003 621 ἅπαξ.
3035 557 3113 625 Τῇ
3145 556 3252 626 γὰρ
3286 555 3438 620 τάξει
3461 555 3632 626 ταύτῃ
3661 557 3995 625 εἰσέρχονται

2418 650 2487 702 τά
2540 649 2915 718 κουκουμάρια
2962 646 3048 700 διὰ
3100 645 3209 698 τῶν
3265 644 3746 715 κουὸικουλαρίων,
3781 644 3943 714 ἡνίκα
3972 647 3998 696 6

2425 742 2678 812 βασιλεὺς
2708 741 2845 808 μετά
2876 739 2970 793 τοῦ
3003 739 3341 809 πατριάρχου
3370 739 3586 809 ἀριστᾷ.
3615 738 3723 791 Καὶ
3771 735 3874 790 εἷθ’
3910 737 3998 789 οὔ-

2421 851 2548 896 τως,
2589 834 2662 895 ὼς
2719 833 3062 903 προείρηται,
3122 832 3426 902 είσέρχεται
3484 834 3510 883 6
3548 832 3646 899 τῆς
3693 830 3995 899 τραπέζης,

2426 928 2519 980 καὶ
2550 927 2763 981 ἵσταται
2799 928 2854 978 ἐν
2884 926 2960 996 τῷ
2979 927 3116 996 οὐδῷ
3141 927 3162 957 ³
3193 925 3302 978 τῶν
3337 925 3595 994 ἀργυρῶν
3629 924 3836 996 πυλῶν,
3870 920 3998 976 Εἶτα

2425 1021 2568 1071 νεύει
2598 1021 2625 1070 6
2660 1018 2911 1086 βασιλεὺς
2937 1017 3013 1086 τῷ
3061 1018 3422 1086 πραιποσίτῳ,
3480 1018 3730 1078 κάκεῖνος
3780 1014 3859 1084 τῷ
3907 1015 4001 1081 τῆς

2426 1111 2724 1181 τραπέζης.
2759 1111 2864 1164 Τοῦ
2893 1111 2948 1163 δὲ
2979 1114 3076 1179 τῆς
3127 1109 3402 1179 τραπέζης
3433 1109 3691 1174 νύξαντος
3723 1109 3782 1159 τὸ
3837 1107 4001 1176 βῆλον

2433 1205 2570 1274 μετά
2594 1205 2688 1272 τῆς
2733 1205 2935 1273 χειρὸς,
2989 1203 3233 1273 αἴρουσιν
3272 1203 3404 1256 αὐτὸ
3431 1202 3778 1270 σιλεντιάριοι
3828 1200 4003 1269 ὕπερ-

2431 1297 2543 1360 θεν,
2578 1296 2668 1348 καὶ
2704 1298 3038 1364 εἰσέρχονται
3067 1297 3115 1347 οἱ
3136 1296 3277 1361 φίλοι
3301 1309 3315 1325 ·
3349 1295 3434 1347 διὰ
3454 1295 3559 1361 γὰρ
3590 1293 3687 1361 τῆς
3712 1293 4003 1360 ἑϐδομάδος

2431 1391 2487 1441 ὲν
2522 1389 2727 1458 ἑκάστῃ
2759 1387 2946 1457 εἰσόδῳ
2973 1389 3065 1439 καὶ
3087 1387 3250 1454 ἐξόδῳ
3277 1385 3368 1438 τοῦ
3395 1385 3561 1438 αὑτοῦ
3591 1385 3752 1454 βήλου
3784 1385 3888 1434 ὑπὸ
3915 1385 4007 1434 δύο

2437 1478 2811 1547 σιλεντιιιρίων
2858 1477 3204 1546 βαστάζεται.
3266 1477 3612 1538 Εἰσελθόντες
3640 1475 3696 1527 δὲ
3729 1475 3778 1526 oi
3840 1475 4002 1540 φίλοι,

2434 1571 2753 1634 καθέζονται
2776 1574 2832 1622 ὲν
2858 1574 2922 1641 τῇ
2955 1572 3112 1642 τιμία
3127 1575 3299 1641 χρυσῇ
3332 1571 3578 1641 τραπέζῃ
3599 1570 3690 1621 τοῦ
3720 1568 4006 1636 βασιλέως.

2432 1662 2695 1724 ὡσαύτως
2728 1664 2819 1714 καὶ
2848 1666 2905 1714 ὲν
2945 1665 3052 1725 τοῖς
3099 1661 3584 1733 παρατραπεζίοις,
3629 1660 3888 1720 ὡσαύτως
3916 1660 4007 1710 καὶ

2438 1754 2495 1803 ὲν
2527 1752 2647 1814 ταῖς
2676 1752 2781 1804 τῶν
2813 1752 3132 1820 κλητωρίων
3177 1751 3542 1814 εἱσοδιεξόδοις
3587 1750 3790 1815 μίνσων
3827 1765 3889 1800 τε
3921 1750 4011 1798 καὶ

771 1841 939 1906 igitur
1000 1839 1297 1905 unicuique
1351 1836 1821 1904 metropolitarum
1862 1849 1958 1903 pro
1982 1848 2080 1888 sua
2110 1834 2329 1901 praecel-

2441 1843 2634 1895 λοιπῶν
2665 1845 2862 1911 χρειῶν
2892 1843 3004 1910 (i6)
3027 1857 3040 1870 '
3072 1843 3130 1894 ὲν
3160 1842 3217 1894 δὲ
3262 1846 3327 1911 τῇ
3384 1842 3574 1909 εἰσόδῳ
3601 1840 3692 1892 τοῦ
3730 1842 3844 1900 tvo;
3878 1839 4008 1890 ἑκά.-

768 1930 934 1983 lentia
966 1940 1018 1982 et
1039 1929 1299 1996 dignitate
1320 1930 1370 1982 id
1399 1929 1636 1998 injungil
1666 1943 1727 1980 ac
1759 1929 2052 1992 benedicit,
2081 1929 2338 1995 omnique

773 2037 976 2076 mensa:
1027 2022 1135 2073 ritu
1189 2031 1431 2088 peracto,
1463 2030 1685 2088 surgunt
1720 2031 1772 2073 et
1805 2020 2125 2086 imperatori
2161 2018 2337 2072 fausta

769 2115 972 2184 precati
995 2113 1243 2166 abeunt:
1280 2113 1428 2166 solus
1461 2113 1760 2180 imperator
1789 2127 1909 2163 cum
1945 2111 2248 2179 patriarcha
2274 2109 2338 2162 ad

771 2221 1015 2260 mensam
1046 2212 1308 2260 remanet.
1349 2205 1642 2274 Postquam
1680 2220 1808 2256 vero
1839 2205 2014 2256 adhuc
2043 2204 2209 2256 semel
2247 2218 2342 2272 po-

767 2305 882 2351 tum
898 2311 1203 2363 sumpsere,
1225 2297 1517 2361 imperator
1537 2311 1722 2361 sagum
1747 2310 1906 2347 suum
1930 2295 2108 2347 induit
2132 2313 2144 2346 :
2165 2297 2340 2348 vocati

775 2387 1091 2442 sacerdotes
1130 2387 1357 2448 intrant,
1414 2394 1465 2439 et
1498 2387 1812 2454 patriarcha
1867 2387 2188 2456 ninophorio
2243 2402 2341 2440 suo

773 2481 830 2532 in
864 2480 1006 2532 dit-ta
1044 2493 1262 2530 camera
1321 2493 1416 2547 per
1450 2479 1765 2530 sacerdotes
1800 2479 2046 2540 indutus,
2103 2479 2237 2531 abit.
2280 2477 2342 2532 lli

771 2569 1008 2629 stichum
1069 2568 1298 2632 faciunt,
1372 2568 1566 2621 deinde
1618 2568 1925 2636 patriarcha
1960 2583 2150 2636 panem
2183 2570 2346 2623 bene-

771 2659 976 2714 dictum
1012 2662 1322 2728 imperatori
1380 2662 1563 2724 tradit,
1625 2661 1936 2715 sacerdotes
1971 2662 2343 2729 egrediuntur,

773 2759 826 2801 ct
853 2757 1143 2818 postquam
1186 2750 1485 2816 imperator
1511 2757 1563 2802 et
1601 2749 1912 2817 patriarcha
1955 2765 2012 2803 se
2048 2750 2347 2803 adorarunt

772 2848 826 2890 et
886 2842 1237 2905 salutat-unt,
1314 2841 1400 2893 ille
1475 2841 1540 2893 ad
1597 2857 1754 2895 suum
1829 2842 2140 2894 cubiculum
2193 2843 2343 2903 abit.

781 2930 1151 2998 patriarcham
1193 2944 1320 2982 vero
1355 2928 1591 2997 praefecti
1626 2930 1881 2983 cubiculo
1924 2940 1978 2984 et
2026 2930 2346 2982 cubicularii

773 3019 1052 3085 excipiunt
1110 3019 1396 3086 ipsumque
1437 3034 1610 3087 usque
1661 3020 1726 3072 ad
1760 3019 2077 3087 spatliaricii
2139 3029 2345 3086 portam

779 3118 1037 3161 cmnttanl
1051 3127 1135 3162 ur.

2442 1952 2566 1987 στου
2624 1933 2811 2003 μίνσου
2848 1935 2904 1986 ἐν
2936 1937 3001 2004 τῇ
3060 1933 3310 2002 τραπέζῃ
3348 1932 3489 1996 ἀξιοῖ
3537 1932 3567 1982 6
3605 1928 3856 1998 βασιλεὺς
3916 1928 4009 1979 τὸν

2442 2027 2786 2096 πατριάρχην
2835 2028 2970 2096 πρὸς
2999 2028 3058 2078 τὸ
3114 2026 3426 2095 εὐλογῆσαι.
3463 2024 3522 2078 ’0
3559 2022 3614 2075 δὲ
3664 2023 4011 2088 πατριάρχης

2443 2121 2806 2190 προτρέπεται
2860 2122 2997 2172 κατά
3030 2118 3215 2188 μίνσον
3267 2118 3346 2170 ἐνὶ
3376 2117 3592 2184 ἑκάστῳ
3644 2111 4012 2182 μητροπολίτῃ

2443 2211 2582 2263 κατά
2608 2210 2703 2280 τὴν
2730 2211 2923 2262 ἑαυτοῦ
2957 2208 3355 2280 προκαθεδρίαν
3391 2208 3483 2260 καὶ
3511 2207 3740 2272 εὐλογεῖ,
3778 2205 3872 2256 καὶ
3906 2205 4009 2254 πά-

2443 2319 2539 2373 σης
2568 2303 2664 2369 τῆς
2691 2300 2783 2354 τοῦ
2815 2303 3112 2371 τραπεζίου
3165 2299 3480 2358 ἀκολουθίας
3505 2297 3872 2364 τελεσθείσης.
3916 2295 4008 2344 ἀνο

2446 2391 2818 2452 ίστανται,κα“ι
2850 2389 3274 2460 ὑπερευξάμενοι
3300 2389 3390 2441 τὺν
3420 2387 3641 2456 βασιλέα
3674 2386 4007 2454 ἐξέρχονται,

2445 2485 2538 2534 καὶ
2573 2483 2722 2550 μένει
2751 2485 2778 2534 ὁ
2819 2482 3064 2549 βασιλεὺς
3101 2480 3238 2547 μετά
3270 2481 3427 2549 μόνου
3459 2478 3551 2530 τοῦ
3584 2478 3922 2545 πατριάρχου
3957 2474 4009 2522 ἐν

2446 2575 2510 2640 τῇ
2539 2571 2814 2643 τραπέζῃ.
2853 2573 3070 2634 Πιόντες
3130 2571 3186 2623 δὲ
3215 2571 3376 2623 πάλιν
3404 2569 3537 2638 πρὸς
3569 2567 3716 2630 ἅπαξ
3759 2565 4010 2617 ἀνίσταν-

2447 2681 2556 2726 τα.,
2586 2664 2675 2714 καὶ
2728 2663 2926 2724 ευθέως
2958 2665 2984 2714 6
3019 2664 3268 2731 βασιλεὺς
3309 2661 3688 2729 περιϐάλλεται
3721 2658 3780 2710 τὸ
3825 2656 4010 2721 σαγίον

2448 2752 2635 2815 αὐτοῦ,
2695 2754 3126 2822 προσκληθέντες
3175 2754 3230 2805 δὲ
3263 2754 3353 2805 καὶ
3375 2755 3422 2805 oi.
3454 2754 3615 2820 ἱερεῖς
3649 2749 4008 2815 εἰσέρχονται,

2448 2845 2539 2895 καὶ
2569 2843 3022 2913 περιϐαλλόμενος
3050 2846 3077 2896 6
3127 2846 3469 2914 πατριάρχης
3493 2844 3552 2894 τὺ
3582 2841 3892 2908 ὼμοφόριον
3916 2837 4010 2888 αὖ·

2449 2935 2541 2986 τοῦ
2573 2937 2628 2987 ὲν
2662 2940 2726 3005 τῇ
2758 2936 3113 3008 προλεχθείσῃ
3144 2937 3367 3006 διαμάρτῃ⁵
3405 2935 3490 2987 διὰ
3533 2935 3638 2986 τῶν
3675 2932 3888 3001 ἱερέων,
3927 2930 3947 2978 ὲ

2448 3027 2681 3094 ἔρχεται.
2716 3029 2823 3080 Kal.
2850 3029 3062 3080 ποιοῦσι
3105 3030 3194 3082 τὸν
3223 3029 3424 3097 στίχον,
3461 3028 3554 3078 καὶ
3607 3025 3744 3094 μετά
3774 3024 3866 3074 τὸν
3906 3022 4011 3072 στί-

2449 3132 2541 3182 χον
2569 3115 2874 3169 ἐπιδίδωσιν
2920 3117 2947 3167 6
2983 3116 3323 3186 πατριάρχης
3357 3114 3434 3182 τῷ
3484 3113 3690 3182 βασιλεῖ
3746 3106 4011 3173 εὐλογίας,

3957 2928 3983 2991 ξ

780 3201 872 3252 καὶ
903 3201 1285 3269 ἑξέρχονταιοί
1322 3203 1505 3270 ἱερεῖς,
1549 3201 1640 3253 καὶ
1671 3204 2138 3270 προσκυνήσαντες
2164 3204 2461 3272 ἀμφότεροι
2491 3208 2753 3277 ἀλλήλους
2820 3209 2848 3260 ὃ
2894 3225 2952 3260 τε
3014 3207 3263 3275 βασιλεὺς
3297 3207 3387 3258 καὶ
3431 3207 3459 3258 6
3513 3202 3858 3271 πατριάρχης
3924 3189 4014 3248 καὶ

779 3295 1170 3361 ἀσπασάμενοι,
1198 3295 1227 3345 6
1275 3294 1376 3362 μὲν
1411 3293 1665 3361 βασιλεὺς
1690 3294 1994 3363 εἰσέρχεται
2030 3296 2086 3347 ὲν
2118 3294 2194 3364 τῷ
2224 3296 2436 3348 κοιτῶνι
2472 3299 2657 3362 αὑτοῦ,
2709 3299 2800 3350 τὸν
2829 3299 2884 3351 δὲ
2948 3300 3294 3367 πατριάρχην
3335 3295 3590 3356 λαϐόντες
3649 3295 3696 3345 οἱ
3757 3291 4015 3361 ἄρχοντες

778 3381 874 3434 τοῦ
911 3383 1287 3435 κου6ουκ).είου
1350 3385 1440 3436 καὶ
1473 3384 1521 3435 οἱ
1562 3382 2021 3453 κουϐικουλάριοι,
2055 3384 2410 3449 διασώζουσιν
2435 3390 2596 3442 αὑτὸν
2624 3389 2780 3460 μέχρι
2816 3390 2915 3456 τῆς
2953 3391 3125 3457 πύλης
3159 3390 3252 3441 τοῦ
3281 3387 3643 3457 σπαθαρικίου
3666 3385 3796 3454 (25).

1378 3476 1602 3532 CAPUT
1645 3475 1758 3529 XV.

887 3567 1224 3622 Obseruando
1246 3568 1295 3619 iu
1329 3568 1505 3636 vigilia
1533 3568 1838 3634 septimana:
1867 3569 2244 3622 renovatiom’s.

850 3723 1052 3777 Omnes
1080 3724 1282 3776 tunicis
1307 3723 1441 3777 albis
1479 3723 1674 3788 induti,
1719 3731 1775 3776 ut
1805 3724 2011 3778 dictum
2048 3736 2148 3787 est.
2173 3727 2226 3780 in
2264 3742 2356 3796 pa-

783 3816 972 3868 latium
1043 3816 1376 3867 convcniunt
1409 3855 1423 3876 ,
1475 3830 1583 3884 quo
1631 3823 1854 3884 aperto,
1909 3816 2018 3885 58
2073 3821 2353 3885 processio

785 3923 981 3961 novum
1010 3909 1331 3973 triclinium,
1361 3909 1505 3977 quod
1542 3907 1838 3962 Justiniani
1877 3921 2120 3975 vocatur,
2164 3914 2351 3966 intrat.

787 4002 926 4056 Ilora
955 4013 1137 4057 autem
1164 4004 1509 4067 adveniente,
1543 4008 1886 4059 cmnaculum
1918 4017 2144 4075 paratur
2174 4007 2354 4061 fercu-

785 4097 944 4164 laque
975 4106 1348 4165 apponuntur.
1385 4097 1568 4153 Vocati
1598 4100 1666 4152 ad
1699 4101 2012 4154 convivium
2045 4101 2206 4154 amici
2239 4115 2353 4153 ma-

787 4197 952 4248 nent,
1025 4187 1202 4240 caeteri
1260 4203 1450 4243 omnes
1496 4189 1718 4244 domum
1790 4199 2004 4260 petunt.
2059 4189 2355 4260 Imperator

784 4290 1070 4343 egressus,
1133 4292 1311 4331 aureae
1360 4293 1558 4332 mensae
1630 4281 1684 4333 in
1739 4295 1908 4334 aureo
1953 4281 2194 4334 triclinio
2225 4294 2348 4332 cum

788 4368 1001 4432 amicis,
1032 4385 1169 4436 quos
1235 4371 1418 4423 vocari
1450 4372 1639 4438 jussit,
1671 4373 1894 4433 assidet,
1941 4373 1994 4425 hi
2059 4380 2173 4426 toto
2222 4387 2356 4425 con-

789 4456 918 4508 vivii
973 4459 1165 4512 ordine
1220 4469 1458 4528 peracto,
1511 4471 1759 4530 surgunt,
1801 4470 1854 4516 et
1887 4477 2075 4516 omnes
2139 4462 2356 4515 domum

788 4547 1010 4601 abeunt.
1050 4549 1341 4604 Sciendum
1373 4561 1476 4615 est,
1507 4553 1758 4607 eumdem
1793 4569 1999 4609 morem
2025 4562 2079 4608 et
2112 4554 2356 4624 sequenti

791 4636 876 4689 die
907 4654 1002 4692 seu
1042 4641 1279 4694 Sabbato
1313 4643 1432 4708 ejus
1464 4643 1782 4710 septimana:
1818 4645 2086 4698 obtinere.

3030 3484 3279 3537 ΚΕΦᾹΛ.
3323 3481 3423 3536 1Ε’.

2530 3576 2682 3629 Ὅσα
2712 3575 2806 3628 δεῖ
2830 3574 3313 3641 παραφυλάττειν
3340 3571 3414 3639 τῇ
3457 3567 3813 3638 παρασκευῆ
3847 3565 3952 3634 τῆς

2990 3645 3472 3710 διακαινησίμου.

2525 3734 2890 3804 Προέρχονται
2939 3733 3174 3796 ἅπαντες
3205 3734 3263 3784 ὲν
3287 3732 3362 3801 τῷ
3399 3731 3646 3799 παλατίῳ
3692 3728 4018 3797 ἠλλαγμένοι

2454 3826 2561 3877 ἀπὸ
2593 3824 2797 3876 λευκῶν
2832 3822 3138 3892 χλανιδίων,
3185 3822 3258 3883 ὡς
3310 3821 3660 3889 προείρηται·
3711 3819 4020 3880 ἀνοίξαντος

2457 3919 2512 3970 δὲ
2546 3915 2637 3968 τοῦ
2662 3915 2922 3966 παλατίου
2957 3913 3262 3981 εἰσέρχεται
3301 3912 3339 3980 ἡ,
3364 3911 3684 3980 προέλευσις
3715 3909 3773 3960 ὲν
3820 3908 3909 3976 τῷ
3927 3908 4022 3974 νέῳ

2457 4007 2710 4077 τρικλίνῳ
2739 4004 2815 4074 τῷ
2851 4003 3165 4072 καλουμένῳ
3194 3993 3571 4068 ἰουστινιανιῖ›.
3601 3997 3992 4064 Καταλαϐουση
4001 4015 4023 4057 ς

2454 4100 2510 4152 δὲ
2547 4097 2644 4166 τῆς
2672 4095 2841 4166 ὥρας,
2900 4094 3192 4161 ποιχεῖται
3217 4090 3238 4120 ⁸
3281 4091 3340 4142 τὸ
3375 4087 3692 4159 κλητώριον,
3726 4084 3825 4138 εἷθ’
3859 4085 4024 4144 οὕτως

2455 4191 2690 4258 γίνονται
2735 4187 2939 4255 μίνσαι.
2980 4182 3092 4235 Καὶ
3123 4183 3170 4234 oi
3214 4181 3309 4250 μὲν
3339 4179 3627 4247 κληθέντες
3659 4178 3802 4244 φίλοι
3839 4179 4023 4244 μένου-

2456 4298 2559 4343 σιν,
2585 4281 2632 4330 οί
2669 4278 2724 4329 δὲ
2771 4274 2944 4328 λοιποὶ
2976 4274 3212 4334 ἅπαντες
3264 4269 3594 4338 ἀπέρχονται
3629 4271 3685 4318 ἐν
3711 4269 3823 4327 τοῖς
3860 4267 4023 4326 οἴκοις

2463 4373 2658 4426 αὐτῶν.
2701 4371 2758 4421 '0
2803 4367 2860 4420 δὲ
2890 4366 3137 4434 βασιλεὺς
3187 4360 3415 4425 ἐξελθὼν
3447 4360 3732 4422 καθέζεται
3787 4359 3881 4409 ἐπὶ
3934 4357 4027 4422 τῆς

2464 4462 2668 4532 χρυσῆς
2694 4460 2972 4531 τραπέζης
2999 4459 3055 4510 ἐν
3087 4456 3162 4523 τῷ
3191 4451 3618 4524 χρυσοτρικλῖνῳ
3644 4450 3784 4520 μετά
3815 4450 3923 4499 τῶν
3953 4449 4029 4513 σί-

2461 4554 2585 4612 λων,
2617 4547 2690 4607 ὧν
2721 4549 2967 4603 ἐκέλευσε
2998 4545 3285 4615 κληθῆναι,
3315 4544 3408 4594 καὶ
3439 4542 3617 4609 πάσης
3646 4540 3748 4606 τῆς
3779 4539 3873 4590 τοῦ
3903 4554 4031 4605 τρα-

2463 4639 2650 4702 πεζίου
2677 4634 2994 4697 ἀκολουθίας
3039 4631 3403 4699 τελεσθείσης,
3430 4629 3744 4681 ἀνίστανται
3799 4634 3894 4679 και
3927 4629 4030 4676 άπ-

791 4727 1037 4797 έρχονται
1091 4731 1314 4793 ἕκαστος
1343 4733 1402 4784 ὲν
1430 4735 1538 4794 τοῖς
1568 4732 1734 4796 οἴκοις
1786 4735 1983 4786 αὐτῶν.
2047 4733 2243 4786 ’ἰστέον
2294 4731 2474 4784 δὲκαὶ
2520 4727 2696 4791 τοῦτο,
2729 4729 2808 4780 ὅτι
2875 4727 2908 4795 ἠ
2963 4721 3099 4790 αὑτὴ
3160 4720 3315 4784 τάξις
3352 4716 3750 4785 παρακολουθεῖ
3807 4718 3903 4768 καὶ
3945 4708 4030 4766 ἐπὶ

792 4823 858 4891 τῇ
890 4821 1097 4891 αὕριον,
1131 4824 1294 4891 lno-av
1335 4825 1394 4877 τὸ
1439 4824 1712 4878 Σάὸὄατον
1757 4824 1859 4894 τῆς
1912 4825 2081 4894 αὐτῆς
2125 4824 2434 4893 ἑϐδομάδος.

2062 4935 2297 4993 γΑιιΙΑῖ
2328 4933 2730 4990 LECTIONES.

864 5029 885 5061 ³
915 5028 973 5081 ὲν
1001 5030 1066 5097 τῇ
1098 5026 1200 5096 ὁδῷ
1226 5026 1316 5081 ed.
1392 5029 1413 5059 ⁸
1446 5029 1716 5097 στείχεται
1747 5029 1832 5085 ed.

1809 5120 2000 5175 JOAN.
2032 5120 2171 5175 MC.
2210 5118 2457 5172 REISKII
2494 5111 3066 5171 COMMENTARIUS.

871 5218 981 5285 (9.5)
1037 5217 1298 5271 Videntur
1347 5217 1546 5271 calices
1599 5220 1757 5286 ampli
1811 5221 2016 5271 ventris
2076 5222 2139 5270 ad
2187 5219 2360 5271 instar
2394 5225 2435 5277 ι)
2468 5214 2708 5286 singulos
2741 5212 2937 5264 missus
2973 5226 3000 5263 a
3027 5210 3374 5286 patriarcha.
3401 5219 3493 5286 aut
3523 5206 3728 5286 eo._cui
3767 5206 3812 5260 is
3845 5207 4033 5286 i_d_mu-

797 5289 1164 5355 cymbalorum
1207 5297 1296 5339 aut
1328 5287 1588 5339 dimidiati
1628 5288 1766 5353 globi
1805 5290 1991 5347 fuisse,
2023 5299 2071 5339 el
2105 5302 2295 5339 nomen
2329 5302 2358 5339 a

798 5358 1037 5407 cucumis
1067 5359 1314 5420 traxisse,
1347 5357 1490 5408 vasis
1516 5357 1681 5411 aeneis
1710 5359 2054 5413 ventricosis.
2091 5357 2140 5408 in
2167 5356 2362 5422 quibus

803 5439 941 5489 aqua
993 5426 1198 5478 solebat
1251 5426 1507 5478 calelieri.
1556 5425 1674 5480 Lin.
1710 5427 1799 5487 12,
1827 5442 1922 5492 pro
1970 5425 2073 5494 ὁδῷ
2123 5426 2226 5492 leg.
2281 5435 2364 5480 est

801 5494 939 5560 οὐδῷ
961 5506 990 5542 e
1023 5496 1228 5552 codice.
1261 5503 1316 5547 ut
1356 5510 1513 5560 Supra
1539 5497 1648 5560 jam
1678 5498 1877 5548 m0uui.
2137 5541 2142 5547 .

873 5563 984 5631 (‘25)
1011 5563 1140 5632 “tu:
1166 5564 1324 5617 vi-rba
1360 5573 1452 5615 aut
1485 5566 1586 5616 huc
1614 5581 1717 5618 non
1747 5567 2035 5632 pertinent,
2070 5576 2159 5617 aut
2182 5563 2366 5616 mutila

801 5643 943 5692 siml.
987 5631 1093 5697 Ego
1125 5645 1268 5686 certe
1307 5649 1412 5686 non
1446 5636 1681 5701 percipio
1708 5631 1833 5702 quid
1862 5635 1960 5686 sibi
1992 5635 2171 5687 velint.
2205 5633 2364 5684 Εἰσο-

814 5702 1034 5777 ’.ιέξοδος
1090 5713 1170 5755 est
1214 5716 1318 5777 vox
1361 5717 1531 5777 _nov_ag
1575 5719 1772 5777 graeca;
1812 5703 2240 5777 compositionis,
2286 5703 2367 5753 in-

809 5772 993 5825 iruims
1047 5782 1090 5827 et
1141 5773 1328 5827 exitur.
1361 5772 1710 5840 lntelligimus
1762 5775 1922 5840 igitur
1973 5789 2023 5828 cr
2071 5775 2170 5830 lnc
2229 5773 2366 5836 loco.

2467 5276 2610 5337 neris
2653 5284 2913 5348 deputare
2960 5276 3234 5341 voluisset,
3276 5282 3424 5346 prius
3474 5278 3787 5331 benedictos
3843 5276 4032 5336 fuisse,

2467 5364 2753 5420 antequam
2812 5360 3272 5420 consumerentur,
3298 5360 3351 5401 et
3395 5349 3757 5413 patriarcham
3804 5359 4029 5420 consue-

2467 5413 2995 5498 v_isse'.metropo’l_tis
3013 5420 3060 5498 id
3088 5418 3269 5498 delega
3281 5433 3356 5479 re,
3375 5428 3427 5469 et
3449 5433 3607 5468 unum
3626 5425 3757 5498 _post
3781 5413 4032 5498 alterum.

2469 5491 2709 5556 singulos
2766 5484 2828 5540 ad
2879 5489 3111 5555 singu!os
3156 5484 3377 5550 missus,
3440 5484 3734 5539 secundum
3791 5484 4034 5536 ordinem

2475 5558 2861 5616 Ecclesiarum,
2890 5561 3080 5622 quibus
3120 5566 3404 5624 prmeraut,
3442 5556 3730 5608 excitasse.

2546 5629 2656 5697 (25)
2711 5621 3131 5697 Spatbaricium‘
3165 5624 3582 5697 vidclur_statio
3637 5633 3725 5674 aut
3777 5621 4037 5697 habitatio

2474 5690 2871 5761 spathariorum
2940 5696 3124 5758 fuis:c,
3185 5710 3346 5763 prnpc
3375 5693 3618 5753 Circum,
3687 5700 3739 5745 ut
3802 5705 3867 5743 cx
3924 5690 4035 5743 aliis

2478 5767 2655 5822 Nostri
2689 5766 2820 5822 locis
2852 5777 3016 5834 patet.
