4170 6436
768 388 870 452 327
1790 384 2072 449 CONSTA
2087 384 2302 444 NTINI
2341 382 3012 443 PORPHYROGENlTI
3913 388 4006 452 328

771 513 1133 575 precatusque
1165 503 1452 556 instratum
1488 498 1629 553 sacri
1661 497 1874 559 altaris,
1901 507 1959 552 ut
1989 498 2148 561 solet,
2174 502 2348 549 mutat

2453 494 2897 562 χης¹εἰσέρχεται
2961 494 3040 555 εὶς
3077 492 3137 544 τὸ
3187 493 3584 563 Θυσιαστήριον,
3616 496 3644 548 6
3680 495 3734 548 δὲ
3765 495 4007 564 βασιλεῖς

771 599 926 664 eique
957 597 1336 664 apoeombium
1385 593 1633 661 imponit,
1667 600 1719 644 et
1753 607 1875 644 cum
1913 590 2217 660 patriarcha
2253 604 2347 656 per

772 691 1022 743 dextrum
1060 689 1283 743 sacrarii
1323 687 1463 739 latus
1499 686 1564 738 ad
1602 693 1821 738 sanctas
1860 685 2059 753 januas
2107 681 2338 735 bematis

771 779 1026 833 discedit.
1065 779 1270 830 lnterea
1309 776 1617 843 patriarcha
1659 774 1723 826 ad
1774 772 2159 826 celebrandum
2198 769 2339 821 divi-

2446 584 2741 652 εὐξέιμενος
2777 585 2868 635 καὶ
2906 583 3119 646 ἐπιδοὺς
3152 584 3228 653 τῷ
3263 585 3606 654 πραιποσξτῳ
3636 588 3761 648 τοὺς
3787 589 4012 654 κηροτας,

2443 677 2772 744 εἰσέρχεται.
2819 675 3012 727 Ἠνίκα
3041 676 3095 726 δὲ
3140 676 3322 744 μέλλει
3346 677 3684 744 εἰσέρχεσθαι
3718 680 3797 738 εἰς
3831 679 3892 728 το
3923 679 4014 728 θυ-

772 887 900 924 ιιιιιιι
955 871 1184 922 olliciutn
1231 868 1284 920 in
1322 869 1564 921 sacrario
1593 874 1792 927 manet,
1827 863 2119 931 imperator
2155 867 2334 913 autem

773 961 901 1013 inde
962 975 1252 1026 egressus,
1305 974 1400 1025 per
1449 959 1591 1009 latus
1644 955 1877 1024 gymecei
1929 951 2154 1014 transit,
2207 951 2335 1004 dum

774 1051 989 1102 interim
1027 1049 1237 1116 patricii
1280 1056 1431 1100 extra
1491 1054 1698 1116 portam
1734 1045 1969 1099 corhlea:
2020 1057 2144 1095 cum
2199 1050 2339 1095 stra-

775 1143 934 1208 tegis,
965 1139 1376 1200 cerimoniario,
1430 1135 1746 1191 silentiariis
1797 1143 1850 1189 et.
1890 1140 2106 1196 senatu,
2161 1130 2336 1185 fausta

775 1230 1087 1297 imperatori
1139 1230 1579 1298 apprecantibns,
1613 1227 1849 1279 adstant.

774 1324 1114 1392 πατριάρχου
1149 1324 1235 1375 διὰ
1286 1322 1382 1389 τῆς
1430 1322 1666 1389 πλαγίας
1719 1321 1813 1374 τοῦ
1845 1321 2232 1392 θυσιαστηρίου
2282 1321 2344 1374 ἐκ
2366 1324 2554 1386 δεετῶν
2581 1328 2742 1399 μέχρι
2784 1330 2892 1382 τῶν
2921 1330 3090 1397 ἁγίων
3113 1331 3291 1400 θυρῶν
3343 1330 3435 1382 τοῦ
3501 1330 3767 1400 βήματος.

2441 771 2774 839 σιαστήριον,
2824 771 3212 840 ὲπιρῤἐπουσιν
3258 771 3310 822 οἰ
3347 771 3736 840 μητροπολίται
3788 774 4012 823 acati-.1

2444 860 2561 920 ἔθος
2593 863 2660 914 τὰ
2687 863 2814 929 ἅγια
2845 861 3005 931 θύρια
3032 863 3161 931 πρὸς
3193 863 3282 914 τὸν
3311 862 3551 932 βασιλέα,
3585 865 3676 916 καὶ
3702 865 4015 932 προσκυνή-

2446 969 2541 1013 σας
2570 953 2597 1004 ὁ
2634 952 2882 1020 βασιλεὺς
2915 955 3039 1016 τοὺς
3078 955 3164 1007 ἐπ’
3194 956 3386 1018 αὑταῖς
3436 955 3818 1025 πεπαρμένους
3851 972 4003 1006 σταυ-

2447 1046 2591 1113 ροὺς,
2629 1046 2936 1116 εἰσέρχεται
2970 1049 3047 1110 εἰς
3075 1049 3136 1100 τὸ
3163 1048 3564 1118 θυσιαστήριον,
3595 1038 3688 1099 και
3713 1048 4012 1116 εὐξάμενος

2445 1136 2754 1200 ὑπαλλάξας
2783 1139 2880 1209 τὴν
2912 1139 3072 1207 ἁγίαν
3103 1138 3403 1207 τράπεζαν,
3453 1139 3525 1200 ὡς
3553 1138 3784 1191 εἴθισται
3844 1136 4011 1203 αὐτῷ,

2442 1228 2654 1298 τίθησιν
2678 1230 2764 1282 ἐπ’
2796 1231 2930 1301 αὐτῇ
2959 1232 3292 1302 ἀποκόμϐιον
3321 1233 3412 1286 καὶ
3451 1234 3721 1302 διέρχεται
3757 1233 3898 1301 μετά
3921 1231 4013 1283 τοῦ

3851 1329 3965 1381 Καὶ
3989 1330 4016 1378 ὁ

779 1423 875 1489 μὲν
907 1419 1246 1488 πατριάρχης
1306 1419 1457 1486 μένει
1505 1422 1562 1470 ἐν
1588 1419 1662 1484 τῷ
1697 1417 2062 1487 θυσιαστηρίῳ
2095 1418 2230 1485 πρὸς
2277 1419 2339 1470 τὸ
2380 1423 2656 1475 ἐκτελέσαι
2689 1423 2787 1494 τὴν
2818 1427 2966 1476 θεῖαν
2995 1425 3355 1494 λειτουργίαν,
3389 1424 3492 1476 ὧδὲ
3560 1424 3809 1492 βασιλεὺς
3870 1424 4018 1487 ἐξελ-

777 1513 883 1565 θὼν
907 1511 969 1560 ὲκ
995 1508 1084 1560 τοῦ
1112 1508 1498 1578 θυσιαστηρίου
1555 1510 1823 1577 διέρχεται
1873 1510 1960 1562 διὰ
2015 1510 2112 1579 τῆς
2171 1509 2404 1577 πλαγίας
2442 1515 2534 1566 τοῦ
2562 1515 2897 1580 γυναικετου,
2919 1519 2967 1569 ot
2995 1517 3051 1568 δὲ
3075 1517 3351 1585 πατρίκιοι
3387 1517 3630 1568 ἵστανται
3686 1516 3884 1580 ἔξωθεν
3920 1514 4014 1579 τῆς

777 1606 952 1672 πύλης
981 1603 1076 1670 τῆς
1111 1603 1433 1670 εἰσαγοὺσης
1461 1604 1538 1664 εἰς
1562 1604 1650 1654 τὸν
1677 1603 1896 1671 κοχλιὰν
1939 1603 2075 1671 μετά
2106 1606 2450 1674 στρατηγῶν,
2479 1608 2576 1676 τῆς
2605 1608 2992 1671 καταστάσεώς
3016 1626 3076 1661 τε
3138 1611 3231 1662 καὶ
3286 1607 3675 1677 σιλεντιαρίων,
3738 1608 3878 1676 μετὰ
3921 1609 4015 1674 τῆς

779 1700 1084 1767 συγκλήτου
1113 1699 1538 1766 ὑπερευχόμενοι
1581 1699 1670 1749 τὸν
1710 1698 1956 1766 βασιλέα.

849 1791 936 1844 ιν.
968 1793 1080 1853 llic,
1112 1806 1138 1843 a
1174 1790 1445 1858 prarlectis
1477 1791 1713 1843 cubiculi
1753 1797 1806 1843 et
1848 1791 2213 1858 imperatoriis
2243 1791 2342 1844 mi-

2518 1793 2588 1842 A'.
2631 1791 2692 1841 '0
2718 1790 2773 1842 δὲ
2811 1788 3079 1859 βασιλεὺς,
3111 1787 3527 1856 δηριγευόμενος
3567 1786 3672 1838 ὑπό
3695 1802 3750 1836 τε
3781 1785 3889 1836 τῶν
3919 1785 4014 1852 ἁρ-

781 1883 967 1935 nistris
1015 1883 1248 1950 stipatus
1272 1921 1286 1945 ,
1324 1897 1416 1950 per
1444 1921 1447 1924 .
1477 1890 1743 1934 secretam
1785 1883 2060 1936 cochleam
2109 1884 2354 1937 ascendit

779 1987 828 2028 ct
864 1974 1152 2040 capellam,
1183 1973 1271 2024 ubi
1309 1981 1360 2024 et
1398 1973 1634 2023 divinam
1669 1974 1940 2042 Iiturgiam
1983 1975 2239 2038 celebrat,
2271 1976 2354 2028 in-

783 2070 1044 2136 greditur,
1078 2066 1280 2133 ibique,
1315 2066 1359 2117 si
1396 2067 1496 2130 ipsi
1536 2066 1734 2132 placet,
1769 2066 2157 2134 patriarcham,
2180 2082 2353 2136 usque

782 2160 908 2212 dum
935 2169 1170 2226 tempus,
1197 2174 1303 2225 quo
1333 2173 1529 2209 mensae
1559 2157 1852 2220 accumbit,
1881 2158 2350 2227 appwpinquarit,

782 2260 1093 2318 exspectat:
1156 2252 1238 2304 sin
1275 2250 1473 2312 minus,
1520 2264 1614 2317 per
1662 2250 2095 2313 catechumenia,
2132 2265 2160 2302 a
2195 2250 2355 2305 dictis

784 2345 1034 2410 stipatus,
1071 2341 1261 2394 transit
1309 2356 1580 2407 suumque
1610 2341 1924 2394 cubiculum
1959 2342 2110 2410 petit.
2142 2342 2354 2410 Appro-

786 2437 1081 2502 pinquante
1109 2432 1344 2485 convixii
1395 2440 1659 2497 tempore,
1714 2429 1906 2481 iisdem
1943 2430 2352 2490 comitantibus.

785 2542 813 2578 e
842 2524 1094 2576 cubiculo
1118 2524 1180 2573 ad
1217 2521 1652 2583 catcrhumenia,
1676 2521 1764 2573 ubi
1796 2529 1848 2574 et
1879 2520 2184 2574 veneranda
2213 2536 2358 2574 ruen-

787 2630 845 2666 sa
898 2630 994 2667 sua
1026 2620 1153 2672 stat,
1185 2611 1447 2679 procedit.
1479 2612 1584 2679 62
1637 2609 1924 2664 lnvitatum
1949 2611 2013 2664 ad
2047 2614 2355 2666 convivium

790 2705 1153 2774 patriai-chain
1210 2702 1450 2770 praefecti
1503 2703 1756 2755 cubiculo
1785 2718 1906 2755 cum
1942 2703 2297 2756 cubiculariis
2328 2718 2357 2756 ει

789 2798 1046 2848 mandato
1081 2796 1133 2847 in
1169 2795 1414 2855 cochlea,
1449 2808 1542 2861 per
1567 2808 1729 2861 quam
1770 2793 2005 2861 primum
2040 2792 2356 2862 imperator,

790 2897 1081 2953 antequam
1126 2885 1498 2952 processnonis
1547 2894 1761 2951 tempus
1805 2893 2046 2948 venerat,
2099 2885 2360 2938 ascende-

791 2988 898 3038 rat,
937 2977 1210 3043 exripiunt
1237 2991 1470 3042 eumque
1502 2990 1593 3042 per
1624 2975 2014 3028 catechttmena
2046 2975 2357 3055 adducunt:

757 3117 759 3119 .
793 3075 1072 3142 ingressus
1106 3087 1230 3125 cum
1272 3072 1598 3137 imperatore
1640 3079 1906 3125 versatur.
1945 3071 2152 3125 lutrant
2197 3075 2360 3125 etiam

795 3164 1108 3219 sacerdotes
1143 3172 1195 3214 et
1227 3163 1462 3215 stiehum
1498 3162 1726 3225 faciunt,
1757 3177 2087 3233 acceptoque
2129 3164 2363 3232 patriar-

795 3258 910 3309 cha:
968 3255 1311 3323 omophurio,
1341 3262 1582 3317 exeunt;
1618 3255 1910 3322 imperator
1957 3262 2009 3309 ct
2061 3255 2365 3322 patriarcha

799 3363 998 3401 inensm
1029 3348 1290 3398 assident.
1322 3344 1422 3408 Qui
1456 3355 1739 3412 postquam
1785 3346 1972 3410 semel,
2006 3355 2065 3398 ut
2096 3345 2228 3412 ipsis
2251 3361 2369 3398 mos

798 3447 902 3501 est,
943 3446 1126 3507 putum
1175 3451 1476 3504 sumpsere.
1513 3437 1718 3489 intrant
1758 3435 1942 3499 amici,
1993 3436 2363 3503 omnibusque

800 3545 1000 3583 mensa:
1054 3529 1247 3581 ritibus
1279 3527 1531 3590 serratis,
1586 3535 1819 3595 surgunt
1862 3536 1916 3580 et
1968 3526 2368 3596 egrediuntur;

802 3638 924 3675 mox
981 3624 1275 3688 imperator
1317 3634 1531 3688 quoque
1579 3629 1632 3673 et
1663 3619 1998 3687 patriarcha,
2031 3621 2122 3688 qui
2156 3634 2373 3672 reman-

801 3722 1005 3776 serant,
1033 3730 1060 3763 a
1094 3712 1360 3774 convivio,
1393 3722 1678 3779 pustquani
1706 3713 1883 3764 adhuc
1908 3712 2074 3766 setncl
2098 3711 2372 3777 biberunt,

803 3813 1053 3871 surgunt.
1119 3804 1206 3854 Sic
1257 3812 1606 3870 posteaquam
1663 3817 1720 3855 se
1777 3803 2006 3856 invicem
2057 3803 2376 3878 adorarunt,

806 3897 1110 3964 patriarcha
1165 3895 1459 3960 egreditur,
1504 3908 1663 3960 quem
1708 3893 1772 3946 ad
1832 3893 2031 3946 dictam
2096 3894 2374 3946 cochleam

807 3987 1043 4054 praefecti
1077 3985 1330 4039 Cubiculu
1361 3985 1689 4037 c0nducunt.
1726 3984 2025 4052 Imperator
2058 3999 2085 4036 a
2120 3985 2376 4037 cubiculo

809 4077 1076 4146 prmfectis
1133 4087 1186 4128 ct
1245 4077 1610 4144 imperatoriis
1673 4077 1940 4130 ministris
1992 4077 2267 4144 stipatus,
2309 4076 2374 4129 ad

810 4181 968 4217 suum
1019 4165 1328 4217 cubiculum
1367 4164 1496 4225 abit,
1538 4173 1749 4232 tempus
1778 4165 2145 4231 processionis
2179 4180 2374 4232 exspe-

810 4269 982 4310 ctans.
1033 4259 1150 4321 Quo
1215 4259 1719 4325 appropinquante,
1767 4273 1794 4310 e
1843 4259 2094 4311 cubiculo
2147 4273 2248 4312 suo
2307 4258 2374 4310 ad

812 4351 1193 4402 catechnmcna
1226 4363 1386 4416 super
1419 4350 1794 4415 imperatorias
1819 4356 2001 4414 portas
2036 4349 2167 4408 abit,
2198 4349 2376 4415 ibique

2454 1885 2655 1954 χόντων
2688 1883 2782 1935 τοῦ
2832 1882 3207 1936 κουϐουκλεὶου
3237 1882 3329 1934 καὶ
3351 1882 3458 1934 τῶν
3488 1879 3782 1950 βασιλικῶν
3812 1881 4018 1931 οἰκεια-

2455 1976 2586 2035 κῶν,
2617 1973 2902 2042 ἀνέρχεται
2933 1974 3020 2025 διά
3050 1971 3141 2024 τοῦ
3175 1970 3430 2039 μυστικοῦ
3459 1969 3672 2038 κοχλιοῦ
3714 1970 3806 2021 καὶ
3837 1968 4017 2034 εξτέρο

2454 2084 2607 2134 χεται
2633 2067 2709 2126 εἰς
2731 2067 2791 2117 τὸ
2829 2064 3243 2134 παρακυπτικὸν
3290 2064 3424 2133 (36).,
3455 2063 3581 2115 ἔνθα
3623 2065 3714 2114 καὶ
3738 2062 3836 2129 τὴν
3871 2060 4018 2112 θείαν

2455 2156 2794 2226 λειτουργίαν
2849 2157 3029 2208 τελεῖ·
3083 2156 3176 2210 καὶ
3221 2156 3269 2208 εἰ
3321 2156 3420 2223 μὲν
3451 2153 3714 2212 κελεύειὸ
3747 2153 4019 2222 βασιλεὺς,

2457 2248 2730 2316 ἐκδέχεται
2785 2247 2964 2299 ὲκείσε
2996 2246 3085 2300 τὸν
3131 2247 3498 2316 πατριάρχην,
3532 2245 3723 2314 μέχρις
3755 2246 3822 2295 ἂν
3852 2261 4020 2296 κατα-

2456 2339 2591 2409 λάϐῃ
2617 2337 2711 2391 τοῦ
2739 2338 3069 2407 ἀκουμῦἕσαι
3100 2340 3211 2406 (57)
3239 2338 3398 2390 αὑτὸν
3427 2341 3484 2390 ἐν
3504 2341 3568 2406 τῇ
3597 2335 3868 2407 τραπέζῃ,
3899 2337 3945 2386 εἰ
3968 2334 4020 2385 δὲ

2461 2434 2634 2501 μήγε,
2657 2431 2924 2500 διέρχεται
2941 2431 3026 2484 διὰ
3049 2431 3156 2483 τῶν
3179 2430 3639 2500 κατηχουμενίων,
3661 2427 4022 2495 δηριγευόμε-

2457 2540 2542 2584 νος
2571 2523 2673 2574 ὑπὸ
2724 2523 2830 2574 τῶν
2885 2523 3318 2592 προειρημένων,
3371 2522 3464 2574 καί
3507 2523 3804 2588 ἀπέρχεται
3860 2522 3920 2572 ὲν
3949 2518 4022 2586 τῷ

2458 2613 2673 2666 κοιτῶνι
2704 2613 2889 2668 αὐτοῦ.
2923 2615 3115 2666 Ἠνίκα
3147 2614 3201 2666 δὲ
3227 2613 3508 2682 καταλάϐῃ
3536 2615 3563 2664 6
3590 2611 3682 2664 τοῦ
3717 2611 4020 2679 κλητωρέου

2461 2705 2668 2772 καρὸς,
2703 2706 2979 2774 ἐξέρχεται
3008 2706 3035 2756 6
3067 2703 3314 2772 βασιλεὺς
3357 2704 3464 2755 ἀπὺ
3514 2702 3606 2753 τοῦ
3638 2703 3896 2764 κοιτῶνος
3930 2706 4023 2753 αἰ,-

2458 2802 2571 2856 το),
2594 2796 3007 2865 δηριγευόμενος
3035 2796 3124 2848 ὑπ’
3146 2795 3346 2857 αὐτῶν,
3381 2795 3474 2846 καὶ
3513 2795 3813 2862 ἀπέρχεται
3837 2795 3896 2844 ἐν
3919 2795 4025 2854 τοῖς

2460 2890 2926 2959 κατηχουμενίοις.
2965 2891 3021 2941 ὲν
3045 2882 3122 2951 οἷς
3149 2889 3241 2939 καὶ
3272 2889 3304 2958 ἡ
3343 2889 3500 2955 τιμία
3527 2887 3774 2956 τράπεζα
3811 2889 4025 2938 ἵσταται

2462 2982 2645 3034 αὐτοῦ.
2695 2983 2800 3033 Καὶ
2862 2982 2925 3050 δὴ
2983 2979 3381 3040 καταλαϐόντος
3421 2977 3512 3030 τοῦ
3543 2978 3883 3045 πατριάρχου
3922 2978 4025 3028 ἀπὸ

2465 3073 2866 3142 προσκλήσεως,
2898 3072 3138 3140 δέχονται
3173 3070 3332 3122 αὑτὸν
3377 3070 3633 3138 ἄρχοντες
3661 3067 3755 3119 τοῦ
3799 3068 4026 3119 κουϐου-

2470 3165 2645 3216 κλειου
2681 3165 2816 3233 μετά
2842 3162 3296 3230 κουὸικουλαρξων
3335 3163 3376 3193 ⁸³
3407 3161 3513 3212 ἀπὸ
3549 3160 3850 3221 κελεύσεως
3873 3163 3932 3212 ὲν
3954 3160 4027 3227 τῷ

2470 3256 2676 3324 κοχλιᾷ,
2731 3253 2798 3306 δι’
2849 3250 2909 3308 οὗ
2939 3254 3170 3323 ἀνῆλθεν
3205 3255 3232 3305 ὁ
3282 3252 3533 3322 βασιλεὺς
3564 3253 3621 3304 ὲν
3657 3252 3895 3321 πρώτοις
3927 3254 4030 3321 πρὸ

2470 3347 2562 3399 τοῦ
2597 3346 2920 3400 καταλαὸεῖν
2959 3347 3058 3415 τὴν
3103 3346 3278 3416 λιτὴν,
3334 3347 3426 3397 καὶ
3455 3345 3824 3412 ἀποφέρουσιν
3871 3345 4031 3398 αὑτὸν

2471 3439 2555 3492 διὰ
2587 3438 2690 3491 τῶν
2717 3438 3156 3506 κατηχουμένων,
3185 3439 3277 3490 καὶ
3300 3434 3556 3488 εεσελθὼν
3589 3435 3806 3488 ἑνοῦται
3829 3435 3906 3503 τῷ
3943 3435 4032 3504 βα-

2477 3531 2627 3583 στλεῖ.
2667 3530 3018 3600 Εἱσέρχονται
3072 3529 3126 3580 δὲ
3168 3526 3261 3580 καὶ
3283 3528 3332 3580 οἱ
3363 3529 3525 3596 ἱερεῖς
3573 3528 3668 3580 καὶ
3698 3525 3912 3578 ποιοῦσι
3945 3527 4032 3578 τὸν

2477 3624 2675 3689 στίχον,
2715 3623 2811 3674 καὶ
2831 3620 3087 3682 λαϐόντες
3132 3622 3179 3672 οἱ
3210 3620 3361 3673 αὐτοὶ
3389 3621 3550 3687 ἱερεῖς
3572 3618 3662 3670 τοῦ
3694 3620 4033 3687 πατριάρχου

2474 3712 2534 3763 τὸ
2557 3712 2883 3780 ὡμοφόριον,
2903 3711 3233 3779 ἐξέρχονται,
3257 3711 3347 3761 καὶ
3371 3708 3690 3770 καθέζονται
3713 3709 4032 3775 ἀμφότεροι,

2477 3805 2504 3855 ὃ
2534 3821 2592 3854 τε
2629 3803 2880 3871 βασιλεὺς
2919 3803 3013 3854 καὶ
3066 3801 3093 3852 6
3129 3801 3491 3869 πατριάρχης.
3545 3801 3602 3850 ὲν
3635 3800 3700 3868 τῇ
3764 3798 4033 3868 τραπέζῃ.

2477 3893 2713 3946 Πιόντων
2746 3891 2800 3944 δὲ
2828 3891 2901 3953 ὡς
2932 3891 3162 3943 εἴθισται
3191 3891 3370 3950 αὐτοῖς
3400 3889 3534 3958 πρὸς
3562 3887 3730 3950 ἅπαξ,
3761 3888 4034 3956 εἰσέρχον-

2477 4001 2563 4036 ται
2590 3985 2635 4035 οΞ
2688 3982 2850 4049 φίλοι,
2891 3983 2983 4035 καὶ
3011 3981 3188 4049 πάσης
3235 3983 3332 4050 τῆς
3349 3979 3448 4044 τοῦ
3487 3980 3778 4050 τραγιζίου
3812 3980 4036 4033 ἀκολου-

2479 4068 2597 4130 θίας
2651 4067 3017 4136 τελεσθείσης,
3067 4068 3380 4120 ἀνίστανται
3433 4067 3525 4120 καὶ
3581 4067 3918 4137 ἐξέρχονται,
3949 4070 4040 4121 καὶ

2483 4162 2630 4228 μένει
2663 4161 2691 4213 6
2729 4160 2974 4230 βασιλεὺς
3002 4160 3136 4228 μετά
3165 4159 3255 4212 τοῦ
3281 4163 3616 4229 πατριάρχου
3647 4163 3704 4213 ὲν
3729 4160 3806 4229 τῷ
3838 4162 4042 4230 κλητω-

2483 4251 2597 4320 ρῖῳ,
2619 4251 2826 4312 πιόντες
2844 4250 2898 4303 δὲ
2926 4250 3086 4303 πάλιν
3115 4250 3410 4321 ἀμφότεροι
3441 4251 3573 4318 πρὸς
3600 4250 3765 4312 ἅπαξ.
3790 4253 4040 4303 ἀνίσταν-

2479 4360 2588 4396 ται.
2624 4337 2755 4396 Εἶτα
2782 4343 3255 4412 προσκυνήσαντες
3280 4342 3540 4410 ἀλλήλους
3571 4342 3596 4393 ὃ
3621 4358 3675 4392 τε
3712 4343 3753 4372 ¹⁶
3789 4342 4041 4409 βασιλευς

817 4449 1042 4499 restem,
1073 4453 1232 4505 quam
1261 4439 1359 4489 hoc
1400 4438 1621 4491 induere
1664 4440 1800 4491 testo
1833 4439 1986 4500 solet,
2017 4439 2180 4491 sumit
2207 4455 2218 4489 :
2250 4454 2360 4506 prae

2480 4438 2572 4488 καὶ
2606 4439 2632 4487 6
2660 4436 3018 4504 πατριάρχης,
3050 4437 3077 4486 6
3109 4435 3205 4503 μὲν
3234 4434 3571 4502 πατριάρχης
3604 4432 3904 4500 ἐξέρχεται,
3937 4435 4046 4485 δια-

820 4530 1031 4596 positus
1064 4529 1254 4579 tiaram
1289 4526 1448 4594 capiti
1486 4527 1603 4591 ejus
1640 4527 1887 4593 imponit,
1923 4528 2035 4595 ipse
2064 4542 2091 4579 a
2124 4527 2372 4581 cubiculo

818 4621 1067 4685 stipatus,
1093 4619 1291 4670 dictam
1320 4616 1709 4670 occidentalem
1742 4619 2020 4672 cochleam
2051 4621 2219 4682 subit,
2252 4635 2371 4672 om—

821 4726 917 4762 nes
963 4723 1086 4761 vero
1137 4710 1190 4759 in
1242 4712 1388 4775 sagis
1445 4709 1729 4776 purpureis
1791 4710 1844 4762 in
1909 4712 2164 4765 narthece
2220 4723 2373 4768 extra

821 4802 1053 4854 cochleae
1090 4808 1300 4870 portam
1339 4814 1442 4851 una
1492 4815 1613 4852 cum
1654 4799 1922 4869 prwfectis
1961 4803 2212 4856 cubiculo
2251 4819 2374 4857 eum

2482 4528 2710 4591 σώζουσι
2742 4527 2796 4579 δὲ
2827 4528 2986 4580 αὑτὸν
3017 4526 3274 4594 ἄρχοντες
3324 4524 3418 4576 τοῦ
3451 4524 3836 4576 κουὸουκλείου
3882 4525 4037 4592 μέχρι

2478 4619 2571 4670 τοῦ
2602 4619 2998 4688 προειρημένου
3028 4616 3266 4683 κοχλιοῦ.
3312 4614 3368 4667 Ὀ
3391 4615 3443 4666 δὲ
3478 4613 3727 4682 βασιλεὺς
3761 4613 4042 4682 δηριγευό-

2485 4726 2640 4776 μενος
2668 4709 2771 4760 ὑπὸ
2795 4707 2900 4761 τῶν
2939 4709 3213 4776 ἀρχόντων
3246 4704 3337 4757 τοῦ
3363 4703 3738 4756 κουϐουκλείου
3767 4705 3858 4754 καὶ
3891 4703 4044 4769 βασι-

2482 4802 2646 4854 λικῶν
2695 4801 3001 4858 οἰκειακῶν.
3042 4800 3337 4869 ἀπέρχεται
3377 4799 3432 4848 ἐν
3484 4795 3561 4864 τῷ
3594 4794 3811 4846 κοιτῶνι
3856 4796 4041 4854 αὐτοῐ,

2097 4982 2330 5037 VARUS
2357 4979 2754 5039 LECTlONES.

894 5102 934 5134 "
962 5101 1418 5171 κουδικουλαρίων
1450 5100 1514 5154 Β.
1544 5115 1609 5156 ex
1635 5103 1954 5172 compendio
1979 5101 2122 5165 cod.,
2154 5101 2595 5171 κουεικουλαρίου
2639 5098 2727 5153 ed.
2790 5099 2832 5128 “
2855 5115 2914 5151 τε
2947 5113 3057 5156 om.
3081 5099 3167 5152 ed.

1823 5252 2009 5308 JOAN.
2041 5253 2180 5307 JAC.
2211 5253 2456 5308 BEISKII
2487 5253 3057 5308 COMMENTARIUS.

903 5375 1011 5441 (36)
1058 5373 1226 5440 Supra
1256 5376 1360 5441 jam
1393 5375 1472 5439 egi
1521 5375 1587 5429 de
1642 5377 1742 5428 hac
1773 5387 1921 5426 voce.
1972 5370 2053 5426 Cl.
2112 5372 2375 5441 interpres

832 5440 918 5496 hic
953 5444 1202 5507 capellam
1230 5440 1408 5499 vertit.
1452 5445 1590 5510 quod
1625 5460 1729 5496 non
1764 5443 2079 5508 improbem.
2113 5440 2372 5505 Quamvis

831 5515 969 5564 enim
1019 5513 1228 5577 proprie
1274 5513 1572 5578 fenestram,
1625 5517 1759 5563 unde
1807 5511 2029 5574 prospici
2089 5521 2133 5561 et
2183 5511 2372 5576 despici

830 5593 1004 5644 queat,
1050 5584 1328 5646 signiticet,
1379 5583 1559 5648 procul
1606 5583 1766 5632 dubio
1801 5590 1973 5631 tamen
2028 5580 2097 5631 ibi
2146 5582 2370 5643 capella,

832 5650 1124 5701 oratorium
1155 5661 1290 5707 erat,
1331 5652 1379 5700 in
1411 5665 1515 5715 quo
1547 5652 1834 5715 imperatur
1873 5649 2052 5700 divino
2081 5649 2243 5699 cultui
2279 5665 2372 5698 va-

833 5729 1000 5770 caret.
1042 5718 1219 5770 Faeile
1264 5721 1363 5770 hoc
1392 5719 1675 5783 intelligat,
1715 5722 1802 5781 qui
1837 5717 2135 5782 Lipsienses
2169 5727 2379 5769 nostras

834 5800 1015 5841 sacras
1043 5789 1183 5841 aedes
1219 5797 1271 5840 et
1301 5788 1350 5839 in
1381 5788 1446 5839 iis
1475 5801 1788 5840 numerosas
1815 5786 2042 5852 capellas
2071 5786 2283 5840 viderit.
2310 5786 2380 5838 De

2479 5372 2699 5437 capellis
2734 5372 2840 5422 vid.
2881 5371 2954 5421 llu
2980 5370 3159 5438 Cange
3186 5371 3361 5425 Gloss.
3389 5370 3505 5424 Lat.
3543 5371 3597 5424 h.
3638 5385 3688 5423 ν.

2551 5442 2662 5506 (57)
2697 5439 2893 5511 Sci|.76
2927 5441 3112 5508 καιρὸς
3128 5441 3241 5511 ᾉτοῦ
3289 5440 3765 5511 ἀκουμϐἰσαιχιιιιι
3796 5457 3825 5492 ο
3866 5445 4052 5511 καιρὶς

2480 5508 2616 5560 ὥστε
2653 5510 3001 5577 ἀκουμὸίσαι.
3031 5538 3096 5547 -
3127 5509 3453 5577 Frequenter
3483 5513 3601 5560 novi
3625 5509 3797 5562 Grazci
3825 5511 3919 5562 τοῦ
3962 5508 4053 5576 pro

2484 5578 2622 5630 ὥστε
2655 5591 2855 5644 ponunt
2889 5581 2953 5629 ad
2986 5595 3186 5629 morem
3224 5589 3529 5631 sanctorum
3572 5581 4050 5647 evangelistarnm,

2484 5652 2591 5700 imo
2620 5652 2796 5717 potius
2829 5650 3313 5717 vetustissimorum
3347 5658 3400 5698 et
3438 5648 3765 5712 Optimorum
3789 5665 4052 5710 ιμΙΟΓιΙΙιι·

2484 5734 2587 5796 que
2617 5716 2917 5781 auctorum,
2944 5719 3032 5786 qui
3067 5716 3205 5769 ὥστε
3233 5726 3324 5770 aut
3353 5718 3514 5768 ἓνεκα
3537 5717 4052 5786 suhintelligendum

2485 5795 2752 5842 Otntttunl.
