4148 6440
760 394 867 456 3G3

1747 397 2161 457 CUNSTAN’TI
2178 396 2254 453 Nl
2299 396 2973 455 PORPHYROGENITI

3898 393 3997 466 384

757 509 939 559 tunica
975 520 1072 559 sun
1105 522 1133 559 a
1171 507 1522 562 vestitoribus
1552 507 1796 569 indutus,
1838 508 2015 577 iisque
2069 508 2322 576 egressis,

2434 509 2511 568 εἰς
2545 508 2671 569 τοὺς
2708 506 2990 576 σταυρους.
3019 506 3280 558 Διοδεύων
3306 506 3361 559 δὲ
3385 506 3472 559 διὰ
3513 505 3605 559 τοῦ
3635 506 3997 574 αὑγουστέως,

755 614 780 651 a
844 597 1137 667 praeposito
1202 606 1531 661 coronatur,
1596 613 1799 667 perque
1866 608 2192 667 augusteuui
2255 597 2320 650 ad

750 700 971 744 Stenum
997 690 1131 751 abit,
1158 690 1617 757 protospatltariis
1646 688 1890 743 barbatis
1922 697 2075 741 extra
2109 697 2322 756 portam

751 780 806 834 in
861 782 1026 834 latere
1077 779 1307 834 sinistro
1343 780 1483 834 intra
1525 780 1704 833 velum
1747 779 2044 837 stantilms.
2076 778 2167 832 ubi
2221 777 2322 830 im-

750 880 966 940 perator
996 886 1119 925 cum
1162 870 1434 939 praefectis
1465 872 1725 925 cubiculo
1777 870 2135 926 constitutus,
2187 883 2324 936 prte-

749 963 951 1031 posito,
996 963 1325 1032 praepositus
1378 963 1616 1016 ostiario.
1666 964 1878 1029 signum
1922 961 1974 1013 in
2029 961 2148 1011 velo
2186 958 2325 1011 infe—

748 1054 881 1106 riori
916 1054 1030 1118 dat,
1068 1062 1199 1106 tunc
1247 1054 1465 1122 patricii
1517 1064 1731 1108 stennm
1783 1068 1907 1106 eum
1952 1052 2207 1119 strategis
2242 1051 2327 1103 in-

751 1150 922 1208 trant,
948 1156 1001 1198 et
1026 1146 1408 1214 imperatorem
1437 1146 1667 1198 adorant
1690 1162 1703 1199 :
1740 1145 2081 1214 pra-positus,
2107 1152 2331 1213 accepto

749 1235 819 1290 ab
847 1250 912 1289 eo
952 1236 1134 1305 signo,
1174 1235 1341 1289 dicit:
1391 1234 1643 1289 «anete.
1674 1255 1690 1285 ι

2429 596 2735 665 εἰσέρχεται
2766 599 2842 660 εἰς
2860 597 3149 666 τὺνἋγιον
3166 598 3211 630 ⁸⁸
3229 598 3517 666 Στέφανον,
3544 598 3682 664 ἅψας
3700 599 3756 651 δὲ
3785 601 3999 653 κάκεῖσε

2432 691 2636 759 κηρους
2668 692 2762 742 καὶ
2784 688 3082 759 εὐξάμενος
3102 729 3116 752 ,
3150 689 3456 761 ἐξέρχεται,
3499 692 3593 743 καὶ
3622 691 4002 759 εἰσέρχεταιὲν

2429 782 2507 847 τῷ
2547 781 2766 833 κοιτῶνι
2805 781 2993 845 αὑτοῦ,
3030 782 3378 850 ἐκδεχόμενος
3409 781 3496 834 τὸν
3535 781 3743 850 καιρόν.
3784 780 3894 833 Τοῦ
3947 782 3997 832 δὲ

2428 873 2526 942 τῆς
2550 872 2934 934 καταστάσεως
2952 871 3281 936 εἰσελθόντος
3310 872 3404 923 καὶ
3432 872 3751 939 ἐνέγκαντος
3778 873 3998 941 ἀπόκρι-

2433 982 2515 1017 σιν
2544 964 2653 1035 (Sl)
2687 965 2765 1036 τῷ
2789 964 3156 1035 πραιποσξτῳ,
3187 964 3269 1017 ὅτι
3314 966 3543 1034 ἤγγικεν
3572 965 3604 1033 ἡ
3645 964 3786 1033 ῶρα,
3824 965 4001 1033 εἰσέρο

2434 1072 2589 1125 χεται
2625 1057 2654 1108 6
2694 1056 3072 1127 πραιπόσιτος,
3110 1055 3206 1109 καὶ
3232 1056 3380 1123 λέγει
3408 1056 3484 1127 τῷ
3526 1055 3754 1124 βασιλεῖ,
3794 1056 3890 1108 καὶ
3913 1056 4000 1117 ἑξ-

2439 1147 2654 1214 έρχεται
2680 1148 2788 1199 ἀπὸ
2811 1146 3064 1209 κοιτῶνος
3112 1146 3301 1214 αὐτοῦ,
3334 1148 3430 1201 καὶ
3463 1147 3561 1219 τὴν
3590 1147 3811 1217 χλανίδα
3839 1145 4002 1199 αὑτοῦ

2436 1235 2888 1307 περιϐαλλόμενος
2935 1236 3022 1288 διὰ
3053 1236 3160 1289 τῶν
3197 1237 3559 1308 βεστητὸρων,
3625 1238 3722 1292 καὶ
3758 1238 4003 1301 ἐξελθόν-

744 1344 854 1378 των
877 1327 1076 1392 αὐτῶν,
1109 1327 1360 1393 στέφεται
1392 1328 1496 1379 ὑπὸ
1520 1329 1609 1379 τοῦ
1642 1326 2000 1395 πραιποσξτου
2064 1327 2155 1378 καὶ
2225 1328 2508 1398 ἐξέρχεται
2555 1327 2643 1380 διὰ
2703 1326 2796 1380 τοῦ
2844 1328 3188 1394 αὐγουστέως
3236 1330 3315 1393 εις
3380 1331 3443 1382 τὸ
3492 1331 3694 1393 στενὸν,
3750 1329 4001 1383 ἑστώτων

747 1414 1250 1488 πρωτοσπαῡαρίων
1276 1414 1680 1485 βαρὸἀτωνέξω
1708 1416 1807 1482 τῆς
1835 1416 2005 1485 πύλης
2026 1416 2082 1479 ἐξ
2116 1416 2409 1484 εὐωνύμων
2448 1418 2527 1479 εἰς
2555 1418 2614 1468 τὸ
2636 1418 2816 1487 βῆλον,
2852 1418 2946 1470 καὶ
2977 1416 3070 1468 τοῦ
3128 1416 3388 1485 βασιλέως
3453 1422 3629 1473 ἐκεῖσε
3689 1422 3830 1490 μετα
3898 1424 4003 1471 τῶν

745 1510 1019 1581 ἀρχόντων
1052 1508 1147 1559 τοῦ
1179 1506 1555 1560 κουϐουκλείου
1593 1509 1835 1570 στάντος,
1874 1507 2017 1559 νεύει
2045 1506 2121 1573 τῷ
2154 1506 2519 1577 πραιποσξτῳ,
2544 1509 2570 1560 6
2598 1508 2654 1561 δὲ
2720 1508 3079 1580 πραιπόσιτος
3141 1510 3321 1563 δίδωσι
3386 1511 3560 1582 νεῦμα
3598 1511 3675 1580 τῷ
3741 1511 4003 1579 ὀστιαρξῳ

746 1606 825 1666 εἰς
852 1602 912 1654 τὸ
962 1599 1124 1671 βῆλον
1156 1600 1324 1665 κάτω,
1359 1601 1453 1652 καὶ
1481 1602 1818 1670 εἰσέρχονται
1850 1600 1899 1653 οἱ
1932 1602 2210 1670 πατρίκιοι
2241 1603 2318 1665 εἰς
2360 1603 2421 1654 τὸ
2451 1605 2637 1656 στενὸν
2699 1605 2835 1674 μετὰ
2901 1608 3009 1658 τῶν
3084 1611 3426 1677 στρατηγῶν,
3488 1606 3584 1660 καὶ⁵
3638 1606 4002 1674 προσκυνοῦσι

742 1699 834 1750 τὸν
870 1691 1110 1765 βασιλέα,
1143 1694 1235 1743 καὶ
1268 1692 1443 1743 λαϐὼν
1493 1691 1661 1760 νεῦμα
1707 1694 1734 1744 6
1785 1693 2139 1759 πραιπόσιτος
2173 1695 2317 1763 παρὰ
2354 1693 2448 1747 τοῦ
2476 1694 2759 1763 βασιλέως,
2786 1697 2931 1765 λέγει
2952 1714 2966 1729 ο
3000 1717 3020 1752 s
3055 1698 3386 1753 Κελεύσατε,
3414 1716 3432 1748 ι

814 1795 879 1847 ll.
920 1792 1010 1846 Sic
1046 1793 1343 1859 imperator
1391 1804 1419 1840 a
1470 1789 1747 1853 cubiculo,
1792 1790 2035 1857 patriciis
2081 1797 2134 1843 et
2179 1800 2321 1844 stra-

2494 1789 2568 1843 B'.
2611 1786 2725 1844 Εἶθ’
2748 1792 2921 1856 οὕτως
2964 1794 3309 1864 δηριγεύεται
3354 1793 3383 1844 ὁ
3416 1790 3668 1861 βασιλεὺς
3696 1790 3801 1843 ὑπό
3833 1808 3891 1843 τε
3914 1788 4001 1844 τοῦ

744 1888 884 1958 tegis
917 1886 1175 1954 stipatur,
1208 1880 1497 1934 vestitores
1541 1895 1757 1934 erucem
1810 1880 2181 1949 prteferenles,
2232 1897 2327 1937 eo—

745 1995 859 2033 ram
916 1977 1164 2046 patriciis
1213 1984 1265 2027 et
1305 1982 1495 2026 senatu
1529 1973 1579 2024 in
1609 1980 1722 2025 tota
1751 1974 2101 2040 processione
2137 1982 2323 2027 trans-

742 2080 892 2124 eunt.
933 2069 1038 2139 77
1080 2066 1469 2137 Imperatorem
1532 2079 1627 2135 per
1662 2065 1853 2134 pulpiti
1889 2074 2098 2133 portam
2138 2080 2233 2120 seu
2260 2065 2327 2119 ad

743 2163 1077 2232 onopodium
1136 2172 1489 2229 progressum
1568 2164 1620 2211 et
1681 2156 1753 2208 ibi
1815 2166 2073 2219 stantem,
2136 2173 2326 2213 rursus

742 2256 956 2325 patricii
1004 2251 1297 2321 ceterique
1339 2264 1515 2321 prono
1547 2249 1601 2302 in
1635 2259 1832 2302 terram
1867 2253 2019 2303 vultu
2073 2248 2324 2313 adorant,

744 2348 898 2403 adest
945 2361 1166 2416 quoque
1219 2341 1659 2405 cerimoniarius,
1705 2342 1795 2395 cui
1847 2342 2191 2411 praepositus,
2237 2356 2326 2397 ac-

741 2447 900 2509 cepto
923 2439 991 2491 ab
1007 2438 1337 2506 imperatore
1357 2435 1534 2503 signo,
1556 2434 1766 2496 annuit,
1785 2433 1975 2486 dicens
2003 2450 2016 2485 :
2050 2431 2319 2498 «Jubete,»

740 2540 793 2585 et
823 2544 1014 2585 omnes
1042 2529 1107 2581 ad
1142 2525 1531 2582 consistorium
1561 2525 1781 2589 abeunt,
1812 2533 1866 2578 et
1905 2524 2321 2595 imperatorem,

742 2620 847 2674 sub
874 2616 1211 2673 camelaueia
1243 2615 1294 2667 in
1325 2613 1712 2684 porpltyretieo
1732 2613 1908 2681 lapide
1937 2615 2322 2678 constitutum,

742 2726 852 2765 nua
881 2724 1005 2762 eum
1035 2717 1228 2763 senatu
1271 2709 1531 2760 universo
1575 2704 1829 2767 adorant,
1859 2704 2162 2757 silcntiario
2188 2720 2322 2772 quo-

740 2817 849 2871 que
887 2812 1013 2853 ante
1057 2808 1265 2869 portam
1309 2804 1508 2851 stante.
1553 2794 1757 2849 Deinde
1801 2810 1991 2849 rursus
2025 2796 2322 2864 imperator

742 2889 1055 2962 praeposito,
1098 2888 1430 2957 praepositus
1476 2885 1780 2940 silentiario
1817 2885 2030 2955 signum
2089 2886 2199 2949 dat,
2227 2886 2318 2954 qui

740 2982 912 3036 dicit:
973 2998 991 3031 ι
1014 2977 1233 3033 Jubete.
1274 2996 1290 3029 ι
1321 2975 1673 3045 lmperatoria
1708 2988 1836 3028 vero
1867 2987 2019 3027 arma
2042 2982 2320 3042 gestantes

743 3072 1006 3144 spatharii
1080 3080 1205 3141 post
1276 3070 1540 3124 barbatos
1600 3067 2071 3138 protospatltarios
2132 3067 2211 3121 sic
2263 3066 2316 3120 in

2430 1882 2835 1949 κουϐουκλεῐου,
2870 1885 3175 1955 πατρικίων
3208 1901 3268 1936 τε
3300 1884 3392 1936 καὶ
3444 1883 3792 1953 στρατηγῶν,
3822 1882 4000 1936 ὡσαύ-

2427 1988 2533 2035 τως
2560 1974 2652 2025 καὶ
2686 1976 2733 2025 οἱ
2792 1974 3146 2044 βεστήτορες,
3216 1973 3573 2043 βαστάζοντες
3620 1974 3710 2027 τὸν
3747 1974 4001 2042 σταυρὸν,

2427 2064 2728 2134 διέρχονται
2756 2066 2985 2121 ἐνώπιον
3020 2067 3126 2120 τῶν
3158 2067 3458 2135 πατρικίων
3500 2068 3590 2118 καὶ
3622 2067 3721 2135 τῆς
3763 2068 4000 2133 συγκλή-

2427 2174 2520 2209 του
2547 2158 2614 2211 δι⁹
2638 2158 2766 2225 ὅλης
2788 2159 2883 2225 τῆς
2919 2158 3291 2227 προελεύσεως
3314 2173 3326 2187 ·
3358 2156 3453 2208 τοῦ
3482 2158 3537 2209 δὲ
3569 2158 3832 2225 βασιλέως
3863 2157 4002 2220 ἐξελ-

2428 2249 2611 2313 θόντος
2668 2250 2767 2319 τὴν
2821 2250 2915 2302 τοῦ
2977 2250 3277 2303 πουλπίτου
3341 2250 3540 2321 πύλην,
3575 2251 3739 2319 ἤγουν
3776 2252 3859 2313 εἰς
3911 2248 4000 2299 τὸν

2426 2340 2672 2404 όνόποδα,
2699 2342 2792 2395 καὶ
2830 2342 3049 2404 στάντος
3084 2341 3249 2395 αὑτοῦ
3297 2341 3497 2406 ἐκεῖσε,
3539 2337 3697 2401 αὖθις
3742 2340 4003 2400 πεσόντες

2426 2433 2476 2485 οἱ
2506 2433 2783 2503 πατρίκιοι
2815 2432 2909 2484 καὶ
2942 2434 2991 2485 οἱ
3040 2432 3235 2495 λοιποὶ,
3267 2433 3555 2500 ἱσταμένου
3590 2431 3683 2483 τοῦ
3716 2432 3817 2501 τῆς
3838 2449 4004 2485 κατα-

2431 2522 2673 2585 στάσεως
2727 2521 3067 2591 ἔμπροσθεν,
3129 2521 3309 2575 λαϐὼν
3339 2521 3514 2592 νεῦμα
3552 2523 3578 2574 6
3640 2522 4002 2589 πραιπόσιτος

2426 2611 2577 2678 παρᾶ
2599 2610 2693 2661 τοῦ
2731 2609 3009 2678 βασιλέως,
3042 2610 3187 2663 νεύει
3214 2611 3291 2681 τῷ
3323 2611 3423 2679 τῆς
3458 2613 3873 2673 καταστάσεως,
3909 2613 4002 2663 καὶ

2427 2700 2591 2769 λέγει·
2628 2703 2993 2764 «Κελεύσατε,
3027 2720 3045 2753 ι
3099 2703 3194 2755 καὶ
3228 2703 3582 2771 κατέρχονται
3618 2704 3819 2765 πάντες
3842 2705 3920 2765 εἰς
3945 2704 4004 2754 τὸ

2427 2792 2827 2860 κονσιστώριον,
2847 2795 2940 2844 καὶ
2968 2792 3189 2854 στάντος
3218 2792 3311 2843 τοῦ
3350 2792 3612 2861 βασιλέως
3630 2793 3893 2845 ὑποκάτω
3912 2793 4001 2844 τοῦ

2426 2880 2792 2948 καμελαυκξου
2814 2881 2893 2943 εἰς
2934 2881 3026 2932 τὸν
3060 2881 3373 2951 πορφυροῦν
3419 2880 3587 2943 λίθον,
3636 2881 4001 2951 προσκυνοῦσι

2425 2970 2623 3031 πάντες
2657 2973 2704 3022 οἱ
2738 2972 3121 3039 προειρημένοι
3155 2972 3291 3039 μετὰ
3326 2970 3506 3040 πάσης
3534 2971 3633 3039 τῆς
3670 2972 4001 3041 συγκλήτου,

2424 3062 2654 3124 ἑστῶτος
2679 3061 2771 3113 καὶ
2805 3061 3158 3131 σιλεντιαρίου
3188 3062 3495 3133 ἔμπροσθεν
3515 3064 3610 3131 τῆς
3631 3063 3805 3132 πύλης
3824 3079 3839 3095 ι
3886 3060 4001 3116 εἶτα

742 3179 1071 3233 unaquaque.
1096 3162 1446 3231 processione
1479 3160 1769 3229 prodeunt,
1801 3174 2009 3227 perque
2055 3158 2319 3212 excubias

2427 3152 2563 3206 νεύει
2598 3155 2625 3205 6
2651 3152 2901 3223 βασιλεὺς
2925 3155 3000 3223 τῷ
3021 3156 3382 3226 πραιποσίτῳ,
3408 3154 3434 3203 ὁ
3462 3156 3517 3208 δὲ
3541 3158 3901 3224 πραιπόσιτος
3926 3158 4003 3227 τῷ

741 3271 935 3311 omnes
979 3254 1303 3324 procedunt.
1338 3254 1479 3305 Ante
1514 3260 1626 3305 tres
1666 3250 1980 3304 eonsistorii
2008 3258 2189 3318 portas
2213 3249 2322 3303 cle-

741 3362 838 3402 rus
881 3345 1091 3400 Domini
1119 3359 1241 3399 cum
1283 3358 1448 3398 cruce
1474 3352 1526 3397 et
1565 3339 1887 3396 sullimentis
1914 3348 2061 3404 stat;
2092 3342 2323 3408 impera-

743 3447 852 3503 tor,
886 3445 943 3491 ttt
978 3438 1033 3491 in
1063 3436 1401 3491 solemnibus
1451 3435 1661 3504 pompis
1711 3434 1811 3503 ipsi
1862 3447 1982 3488 mos
2012 3440 2094 3487 est
2118 3473 2131 3497 ,
2160 3446 2324 3485 cruce

743 3530 992 3589 adorata,
1035 3544 1063 3581 a
1102 3536 1296 3582 senatu
1327 3536 1379 3582 et
1425 3525 1694 3579 ministris
1726 3524 2026 3580 secundum
2077 3522 2320 3577 ordinem

753 3638 817 3674 ac
846 3631 1126 3689 reCeptum
1182 3634 1387 3673 morem
1440 3619 1695 3687 utrinque
1747 3616 1999 3685 stipatus,
2034 3626 2157 3668 ante
2208 3629 2318 3667 ma-

745 3729 907 3779 gnam
939 3727 1157 3767 crueetn
1195 3710 1414 3765 transit.
1452 3708 1584 3763 Dum
1620 3723 1747 3763 vero
1772 3707 1838 3761 ad
1880 3721 2124 3776 magnam
2157 3721 2325 3758 excu-

744 3806 979 3861 bitorum
1038 3812 1249 3874 portam
1302 3803 1656 3873 digressurus
1707 3812 1812 3865 est,
1874 3800 1918 3853 si
1966 3800 2089 3869 quis
2142 3798 2324 3853 scribo

747 3894 1146 3960 promovendus
1188 3904 1291 3957 est,
1331 3909 1479 3957 eum,
1506 3893 1836 3960 imperatore
1860 3890 1914 3945 in
1948 3890 2125 3944 medio
2156 3899 2322 3957 portae

747 3986 1071 4049 constituto,
1098 3984 1432 4039 domesticus
1472 3982 1850 4037 excubitorum
1895 3988 1950 4034 et
1994 3980 2320 4035 cerimonia-

748 4094 867 4132 rum
928 4078 1207 4146 magister,
1264 4076 1571 4129 scribonem
1617 4072 1962 4134 comitantes,
2022 4071 2316 4126 adducunt.

747 4168 844 4223 Cui
878 4168 1174 4235 imperator
1198 4176 1475 4236 acceptam
1504 4180 1535 4218 ιι
1570 4163 1867 4235 praeposito
1897 4166 2102 4233 virgam
2131 4163 2317 4227 tradit,

748 4260 795 4313 is
851 4272 971 4314 cam
1002 4269 1192 4313 tenens
1224 4258 1360 4321 abit,
1394 4267 1447 4311 et
1486 4257 1539 4310 in
1576 4255 1771 4310 ordine
1807 4270 1908 4312 suo
1938 4260 2067 4310 stat.
2116 4252 2320 4307 Deinde

748 4354 1048 4422 imperator
1090 4367 1121 4407 e
1167 4366 1367 4422 magno
1421 4351 1631 4421 pulpito
1685 4348 2046 4412 descendens,
2100 4347 2319 4403 scholas

2426 3245 2786 3315 σιλεντιαρίῳ,
2812 3246 3063 3309 κάκεῖνος
3117 3247 3265 3315 λέγει
3298 3264 3310 3276 ·
3354 3267 3370 3299 t
3399 3248 3722 3301 Κελεύσατε.
3764 3268 3781 3299 ι
3846 3250 3919 3301 Τὲ.
3949 3250 4002 3301 δὲ

2427 3338 2705 3408 βασιλικὸν
2757 3340 2907 3407 ἆρμα
2962 3339 3323 3406 βαστάζοντες
3378 3339 3673 3409 σπαθάριοι
3734 3339 4003 3407 βασιλικοὶ

2424 3428 2747 3482 διοδεύουσιν
2779 3429 3000 3482 δπισθεν
3028 3430 3135 3482 τῶν
3167 3430 3454 3500 βαρὸάτων
3490 3430 4002 3500 πρωτοσπαοαρίων

2426 3522 2483 3574 ὲν
2519 3521 2722 3593 ἑκάστῃ
2746 3522 3065 3591 προελεύσει
3088 3523 3280 3585 οὕτως,
3318 3524 3411 3574 καὶ
3432 3522 3735 3592 διέρχονται
3762 3522 4003 3583 ἅπαντες

2419 3612 2507 3663 διὰ
2529 3612 2637 3663 τῶν
2670 3612 3058 3665 ἐκσκουϐίτων.
3087 3612 3438 3682 Ἐμπροσθεν
3469 3613 3527 3666 δὲ
3550 3614 3657 3665 τῶν
3696 3614 3868 3682 τριῶν
3901 3631 4000 3665 πυο

2420 3703 2526 3755 λῶν
2550 3702 2642 3754 τοῦ
2678 3704 3061 3774 κονσιστωρίου
3094 3704 3319 3773 ἀντικρὺ
3344 3704 3555 3757 ἵσταται
3578 3703 3604 3753 6
3650 3705 3853 3774 κλῆρος
3908 3704 4001 3759 τοῦ

2423 3796 2648 3866 Κυρίου,
2683 3794 2964 3865 βαστάζων
3001 3797 3234 3865 σταυρὸν
3270 3798 3365 3848 x11
3395 3796 3674 3865 Θυμιατδυ,
3703 3798 3797 3849 καὶ
3830 3815 4002 3866 προσ-

2422 3889 2663 3954 κυνήσας
2695 3887 2785 3939 τὸν
2815 3886 3045 3958 σταυρὸν
3074 3889 3102 3939 6
3135 3886 3409 3956 βασιλεὺς,
3443 3887 3519 3949 ὡς
3560 3888 3793 3941 εἴθισται
3847 3887 4003 3958 αὐτῷ

2421 3983 2562 4034 κατὰ
2598 3982 2919 4050 προέλευσιν
2944 3980 3132 4041 ποιεῖν,
3164 3981 3436 4049 διέρχεται
3466 3980 3552 4032 διὰ
3574 3979 3681 4032 τῶν
3706 3980 4004 4034 ἐκσκου6ίο

2426 4090 2555 4135 των,
2588 4072 2973 4141 ὀψικευόμενος
3027 4073 3132 4124 ὑπό
3168 4088 3226 4124 τε
3271 4074 3369 4140 τῆς
3406 4071 3709 4139 συγκλήτου
3750 4072 3848 4123 καὶ
3894 4072 4005 4124 τῶν

2431 4167 2637 4219 σκευῶν
2668 4165 2809 4218 κατὰ
2830 4165 2981 4228 τάξιν
3022 4163 3331 4234 ἔμπροσθεν
3354 4162 3449 4216 τοῦ
3497 4163 3731 4233 μεγάλου
3763 4164 4001 4233 σταυροῦ

2428 4257 2577 4310 ἔνθεν
2610 4259 2849 4310 κάκεῖσε.
2876 4255 2981 4308 Τοῦ
3012 4256 3067 4309 δὲ
3099 4254 3361 4325 βασιλέως
3392 4256 3676 4325 μέλλοντος
3702 4256 3802 4325 τὴν
3826 4257 4005 4325 μεγά-

2426 4349 2524 4419 λην
2573 4348 2746 4415 πύλην
2799 4347 2909 4400 τῶν
2966 4346 3334 4401 ὲκσκουὸίτων
3387 4346 3635 4409 διελθεῖν,
3684 4347 3733 4400 ει
3768 4347 3869 4415 μέν
3895 4349 4001 4400 εἰσι

2030 4483 2260 4538 VARUE
2302 4480 2702 4539 LECTIONES.

820 4576 866 4610 ⁸⁸
905 4579 984 4639 sl;
1020 4576 1081 4630 τὸ
1103 4577 1257 4642 ἅγιον
1276 4578 1364 4631 ed.

1730 4715 1921 4771 JOAN.
1955 4714 2095 4771 JAC.
2125 4716 2372 4772 REISKll
2394 4712 2966 4772 COMMENTARIUS.

891 4823 1035 4879 Tunc
1067 4824 1240 4878 senior
1270 4825 1426 4877 levita
1458 4843 1619 4878 manu
1649 4827 1893 4881 diadema
1924 4838 2180 4881 vetustum

892 4893 1106 4963 Imperii
1138 4894 1365 4960 signum,
1393 4897 1609 4963 pavonis
1634 4897 1823 4949 cortice
1862 4899 2105 4959 candens,

893 4962 1197 5033 Rannorum
1234 4962 1429 5017 intexto
1458 4968 1672 5033 gemmis
1702 4965 2042 5020 'radiantibus
2074 4984 2206 5020 auro

898 5032 1167 5102 Ynllatum
1196 5035 1247 5083 in
1276 5032 1477 5102 gyrum,
1510 5036 1593 5086 cui
1623 5052 1825 5087 summa
1857 5038 1908 5087 in
1950 5039 2138 5089 uertice
2158 5036 2313 5090 carbo

893 5101 1095 5175 Evomit
1127 5101 1382 5175 e_t_subtus
1426 5120 1744 5175 gemmarum
1780 5106 2015 5158 maxima
2046 5107 2310 5175 ﬂammas.

750 5173 807 5245 In
870 5174 1107 5245 statutis
1152 5170 1575 5245 hlassiliQIISibus
1627 5185 1958 5227 metnnrtttttr
2011 5170 2172 5245 (apud
2237 5177 2311 5227 Dtt

751 5244 932 5309 Gange
966 5257 1015 5293 ν.
1067 5240 1498 5308 Gardacorsium)
1551 5246 1945 5308 gari/arorsium
1978 5240 2226 5297 muliebre
2251 5245 2316 5297 de

755 5328 923 5368 panno
956 5311 1099 5362 vario
1128 5311 1433 5364 cabriunato
1465 5327 1579 5363 cum
1630 5329 1797 5377 penna
1846 5323 1894 5365 et
1937 5317 2203 5379 caputium
2240 5316 2314 5366 vel

751 5380 1007 5433 ulmussin
1057 5397 1171 5432 cum
1225 5383 1428 5448 pennis,
1487 5392 1535 5432 ct
1589 5383 1913 5449 guarnachia
1961 5400 2076 5435 cum
2125 5399 2314 5447 penna.

756 5449 853 5523 Ubi
883 5450 1214 5523 cabriottattts
1241 5464 1454 5523 pannus
1495 5458 1588 5523 est
1611 5462 1850 5516 paratus,
1882 5464 2097 5504 ornatus
2130 5450 2314 5523 [hodie

753 5519 1024 5571 citamarré
1075 5518 1283 5589 dicunt]
1330 5522 1396 5572 ab
1430 5520 1662 5572 Arabico
1696 5523 1953 5575 voeabulo
1985 5518 2191 5583 ornare,
2225 5539 2312 5573 co-

754 5605 906 5638 mere.
941 5590 1075 5652 Quid
1100 5599 1275 5641 autem
1319 5604 1481 5656 porro
1513 5589 1598 5643 hic
1641 5589 1742 5643 loci
1784 5591 1889 5645 sint
1918 5591 2126 5653 ταῶνες
2181 5608 2312 5657 κογ-

752 5660 1073 5726 χευτοὶίιιοη
1106 5658 1291 5726 liquet.
1322 5659 1486 5713 Forte
1523 5661 1709 5712 intexti
1733 5670 1889 5714 erant
1913 5662 2106 5714 talibus
2142 5663 2308 5715 vesti-

756 5730 855 5778 hns
914 5725 1077 5794 aliqui
1128 5725 1298 5792 sinus,
1337 5730 1619 5793 caritates,
1677 5735 1895 5784 ronchaz
1924 5732 2157 5798 speciem
2191 5730 2311 5783 inti-

756 5805 962 5860 tantes,
1032 5798 1123 5870 qui
1190 5799 1330 5853 velut
1396 5798 1705 5854 umbracula
1774 5801 2005 5868 desuper
2069 5810 2310 5867 tegerent

2344 4831 2388 4886 ι)
2420 4843 2681 4897 pavones.
2723 4827 2863 4894 Quid
2909 4824 3222 4897 μαρζαύλια
3268 4825 3397 4886 sint,
3454 4840 3679 4894 prorsus
3735 4839 3843 4879 non
3899 4842 3997 4881 ex-

2459 4908 2569 4951 lllO.

2422 4914 2606 5038 puzgi)
2638 4965 2804 5019 Recte
2834 4980 3046 5019 versum
3092 4966 3326 5029 indicat;
3368 4965 3660 5033 ἀπόκρισις
3685 4965 3845 5038 enim
3888 4982 3997 5018 non

2423 5034 2625 5089 tantum
2659 5052 2959 5098 responsum
2995 5038 3061 5086 ad
3092 5039 3370 5102 quiesttum
3399 5047 3542 5086 notat
3575 5036 3725 5085 noris
3752 5034 3988 5097 Cra-cis,

2420 5105 2515 5159 sed
2545 5105 2707 5157 etiam
2737 5105 3196 5171 signiﬁcationem,
3239 5106 3645 5172 noriﬁcntionem
3687 5118 3982 5169 quamenn.

2422 5190 2545 5243 qne,
2580 5175 2787 5227 etiamsi
2825 5191 2944 5226 cum
2981 5176 3206 5239 imperio
3258 5176 3372 5228 liat.
3423 5173 3556 5226 llinc
3588 5173 3725 5225 infra
3781 5188 3832 5238 p.
3869 5174 3973 5227 “8

2420 5255 2501 5299 est
2549 5244 2838 5312 ἀπόκρισιν
2887 5245 3159 5312 δέχεσθαι,
3223 5248 3528 5296 mandatum
3584 5252 3909 5303 exspectare,
3942 5255 3999 5296 et

2423 5330 2473 5380 p.
2505 5314 2627 5376 122,
2667 5313 2865 5365 δίδοται
2890 5314 3182 5378 ἀπόκρισις
3208 5312 3541 5381 άλλαξίμων,
3570 5315 3731 5364 datur
3758 5314 3961 5363 manda
3979 5341 3995 5349 -

2420 5394 2529 5435 tum
2558 5385 2620 5435 de
2660 5385 2981 5436 mutator-iis.
3030 5382 3184 5436 Conf.
3242 5383 3444 5451 Script.
3495 5391 3613 5446 post
3667 5382 3991 5446 TheOphan.

2422 5468 2541 5521 pug.
2577 5453 2700 5513 123,
2740 5454 2825 5503 ulti
2846 5452 3144 5521 iComlietis.
3174 5468 3277 5505 non
3324 5465 3465 5505 recte
3493 5466 3796 5519 responsum
3828 5456 3993 5503 vertit

2419 5520 2591 5575 GLL.
2620 5523 2757 5589 apud
2790 5520 2891 5574 DC.
2930 5538 2980 5576 ν.
3023 5520 3334 5574 Veredarii:
3375 5522 3642 5574 l’eredarii
3678 5520 3992 5572 dicuntur:-

2419 5593 2668 5654 vehendo,
2691 5593 2818 5660 quia
2850 5590 3159 5658 festinanter
3196 5593 3248 5644 in
3295 5595 3438 5661 equis
3474 5601 3715 5651 currunt,
3745 5605 3850 5661 non
3898 5589 3993 5641 de-

2418 5661 2668 5714 scendunt
2703 5658 2771 5714 tle
2822 5678 2951 5729 equo
2986 5670 3270 5730 antequam
3316 5658 3562 5726 responsa
3589 5676 3689 5712 sua
3738 5658 3993 5730 liberant,

2416 5730 2469 5852 id
2501 5740 2585 5783 est
2608 5732 2933 5785 reddiderint
2954 5729 3362 5786 commissiones
3397 5732 3498 5784 sibi
3545 5732 3866 5799 imperatas,
3891 5729 3991 5783 de-

2437 5809 2638 5852 erratas.

2437 5809 2638 5867 egatas.
