4148 6440
126 421 223 482 365
756 486 757 491 η
944 418 1042 476 DE
1083 416 1542 476 CERIMONHS
1583 417 1732 473 AUL

1848 414 2290 473 BYZANTINXE
2332 415 2478 473 [ΑΒ.
2517 416 2562 472 ι.
3304 407 3410 497 365

128 528 418 600 εκρξϐωνες
450 527 737 597 μέλλοντες
764 525 1148 596 προϐληθῆναι
1183 526 1225 555 ⁸⁷
1251 527 1316 592 τῇ
1344 523 1495 588 τάξει
1523 522 1718 596 ταύτῃ,

1835 524 2149 591 ingreditur,
2184 523 2236 574 iu
2282 531 2434 590 porta
2467 531 2519 575 et
2547 522 2847 593 strengtlo,
2882 521 2972 575 ubi
3020 537 3153 575 crux
3186 524 3415 593 etlogo-

128 620 342 680 στάντος
374 617 469 669 τοῦ
522 616 788 687 βασιλέως
848 615 1011 685 μέσον
1059 616 1157 684 τῆς
1199 614 1394 683 πύλης,
1431 614 1642 682 εἰσάγει
1674 613 1702 664 6

1835 618 1969 668 betae
1999 623 2186 679 stant;
2222 614 2293 667 il:i
2330 629 2549 683 quoque
2600 628 2790 667 cert-os
2828 613 3105 677 accendit,
3150 623 3415 684 stansque

126 713 434 781 δομὲστικος
450 710 559 763 τῶν
585 706 957 762 ἐκσκουϐίτων
987 709 1079 760 καὶ
1118 709 1145 760 6
1171 707 1265 775 τῆς
1294 707 1704 770 καταστάσεως,

1835 723 1867 761 ιι
1920 707 2188 777 strongyli
2229 722 2471 771 camera,
2508 706 2555 761 si
2608 706 2701 777 qui
2753 707 2984 763 comites
3046 706 3271 773 adsunt,
3318 709 3412 779 qui

129 805 449 871 κρατοῦντες
492 804 580 856 τὸν
638 802 937 871 σκρίϐωνα.
992 800 1102 853 Καὶ
1157 800 1341 853 λαϐὼν
1388 801 1418 852 6
1454 798 1709 869 βασιλεὺς

1835 799 2122 853 irnmoveri
2158 799 2371 861 volunt,
2408 800 2489 853 eis
2518 798 2604 855 bis
2632 798 2949 854 cerimoniis
2995 814 3194 855 novam
3226 800 3411 872 digni-

129 899 269 965 παρὰ
290 895 390 949 τοῦ
423 899 785 965 πραιποσίτου
819 894 882 946 τὸ
914 893 1133 964 βεργίον
1160 891 1295 964 (8ἓ),
1323 891 1600 945 ἐπιδίδωσι
1632 890 1710 960 τῷ

1844 899 1987 945 atem
2048 892 2332 960 impertire
2378 889 2538 943 solet.

131 991 417 1059 σιρὶίωνι·
469 989 589 1042 εἶτα
650 988 834 1041 λαϐὼν
888 988 951 1041 τὸ
992 988 1234 1059 βεργῖον,
1296 989 1600 1057 ἀπέρχεται
1654 987 1748 1039 καὶ
1820 986 2037 1041 ἵσταται
2087 989 2144 1038 ὲν
2178 988 2243 1055 τῇ
2274 985 2429 1049 τάξει
2477 986 2667 1040 αὐτοῦ.
2714 987 2824 1040 Καὶ
2866 986 3149 1041 κατελθὼν
3174 988 3237 1042 τὸ
3271 988 3414 1057 μέγα

131 1084 421 1137 πούλπιτον
449 1086 478 1136 6
511 1084 767 1152 βασιλεὺς
822 1084 918 1137 καὶ
951 1084 1031 1146 εἰς
1086 1083 1183 1146 τὰς
1218 1082 1412 1152 σχολὰς
1444 1080 1702 1135 εἰσελθὼν
1742 1080 1890 1133 ἔνδον
1918 1081 2017 1149 τῆς
2049 1077 2223 1149 πύλης
2248 1082 2349 1144 εἰς
2374 1081 2435 1134 τὸ
2496 1081 2852 1152 στρογγύλον,
2903 1082 3030 1136 ἔνθα
3087 1085 3116 1136 6
3183 1086 3421 1159 σταυρὸς

132 1182 344 1233 ἵσταται
372 1182 468 1232 καὶ
490 1182 539 1232 οἱ
564 1179 659 1231 τοῦ
690 1177 1020 1248 λογοθεσίου,
1049 1178 1211 1232 ἆπτει
1245 1178 1469 1230 κάκεῖσε
1495 1177 1723 1247 κηροὺς,
1767 1177 1859 1229 καὶ
1886 1176 2013 1239 στὰς
2046 1178 2103 1229 ἐν
2138 1180 2201 1247 τῇ
2276 1177 2505 1246 καμάρᾳ
2547 1177 2642 1229 τοῦ
2673 1176 3030 1248 στρογγύλου,
3069 1180 3117 1231 ει
3155 1181 3257 1249 μέν
3309 1184 3418 1241 εἱσι

130 1274 366 1340 κόμητες
426 1272 475 1322 οἱ
533 1269 818 1338 μέλλοντες
853 1267 1258 1339 προϐληθῆναι,
1320 1267 1721 1339 προϐάλλονται
1760 1264 1956 1330 οὕτως.

191 1369 265 1423 I".
314 1369 629 1439 Κρατοῦσιν
659 1368 686 1420 ὅ
717 1383 774 1420 τε
812 1367 1134 1437 δομέστικος
1163 1363 1274 1417 τῶν
1318 1365 1526 1435 σχολῶν
1565 1365 1660 1418 καὶ
1691 1365 1719 1415 6

131 1463 219 1530 τῆς
253 1461 648 1522 καταστάσεως
671 1458 759 1511 τὸν
792 1457 1055 1529 μέλλοντα
1076 1457 1451 1530 προϐληθῆναι
1479 1456 1717 1526 κόμητα,

132 1556 216 1606 καὶ
244 1554 473 1620 ἄγουσιν
505 1551 670 1604 αὑτὸν
722 1550 856 1620 πρὸς
888 1549 980 1602 τὸν
1011 1548 1236 1619 βασιλέα
1259 1566 1271 1580 ’
1305 1549 1333 1600 6
1383 1549 1437 1601 δὲ
1467 1546 1720 1617 βασιλεὺς

132 1645 309 1697 λαϐὼν
331 1644 483 1713 παρὰ
514 1641 608 1695 τοῦ
643 1642 1011 1711 πραιποσίτου
1050 1638 1342 1711 ὼρατίωνᾶ
1375 1639 1510 1709 (85).
1545 1631 1728 1691 ἐπιδε-’

132 1738 288 1788 δωσιν
314 1736 486 1804 αὐτῷ,
534 1734 838 1804 ἀπέρχεται
868 1734 964 1786 καὶ
1007 1732 1222 1785 ἵσταται
1256 1735 1313 1785 έν
1351 1735 1417 1802 τῇ
1446 1731 1595 1795 τάξει
1626 1732 1720 1785 αύ-

132 1823 249 1874 τοῦ·
279 1822 486 1890 ὁμοίως
519 1822 573 1875 δὲ
606 1823 701 1875 ἐάν
727 1823 833 1874 εἰσι
866 1823 959 1875 καὶ
981 1820 1350 1892 δομέστικοιῆ
1386 1822 1479 1874 καὶ
1512 1824 1714 1893 προτήο

134 1936 343 1988 κτωρες
375 1916 661 1987 μέλλοντες
686 1916 1083 1989 πρώληθῆναι,
1112 1916 1474 1988 κρατούμενοι
1514 1918 1618 1970 ύπύ
1662 1935 1718 1971 τε

1899 1366 1985 1421 ΙΙΙ.
2026 1363 2377 1420 Domesticus
2428 1365 2741 1420 scholarum
2769 1376 2823 1422 et
2851 1370 3273 1426 cerimoniarius
3324 1387 3422 1427 eo-

1826 1458 2013 1512 mitem
2041 1457 2472 1527 promovendum
2509 1458 2825 1528 suscipiunt
2845 1465 2984 1517 etad
3024 1461 3415 1533 imperatorem

1824 1552 2034 1605 ducunt
2060 1569 2072 1604 ε
2100 1549 2194 1620 qui
2222 1562 2501 1620 acceptam
2522 1565 2551 1603 a
2586 1554 2881 1622 praeposito
2903 1555 3207 1609 orationem
3233 1556 3282 1609 ei
3310 1563 3423 1609 tra-

1824 1640 1926 1701 dit,
1958 1647 2090 1695 tunc
2122 1641 2235 1696 abit
2266 1649 2321 1695 et
2352 1642 2528 1695 locum
2555 1657 2717 1695 suum
2741 1654 2996 1714 occupat.
3055 1644 3321 1701 Similiter
3366 1647 3415 1701 si

1824 1732 2109 1788 domestici
2158 1742 2251 1787 aut
2276 1741 2611 1802 protectores
2660 1736 3015 1805 promovendi
3056 1745 3208 1803 sunt,
3242 1752 3271 1791 a
3325 1737 3426 1793 do-

1825 1826 2053 1879 mestico
2104 1825 2417 1880 scholarum
2458 1836 2513 1880 et
2537 1828 2927 1884 cerimoniario
2975 1829 3184 1901 stipati.
3217 1829 3285 1884 ad
3319 1830 3423 1885 im-

1825 1928 2129 1987 peratorem
2157 1918 2433 1973 ducuntur
2471 1963 2484 1986 ,
2550 1920 2662 1990 78
2703 1922 2796 1991 qui
2838 1923 3033 1977 allatas
3091 1938 3122 1977 a
3184 1924 3421 1978 eaniclei

133 2012 220 2064 τοῦ
238 2010 569 2080 δομεστίκου
595 2009 707 2063 τῶν
731 2010 937 2080 σχολῶν
964 2010 1171 2062 καὶτοῦ
1190 2013 1288 2080 τῆς
1311 2010 1721 2076 καταστάσεως,

1835 2011 2086 2081 praefecto
2105 2012 2344 2074 chartas.
2386 2013 2630 2084 iis,quas
2654 2015 2911 2070 consules
2948 2017 3248 2087 accipiunt,
3278 2017 3426 2072 simi-

133 2106 355 2170 ἆγονται
392 2102 527 2172 πρὸς
556 2102 646 2155 τὸν
677 2101 926 2172 βασιλέα,
955 2105 983 2156 6
1008 2103 1066 2155 δὲ
1087 2101 1341 2173 βασιλεὺς
1368 2103 1549 2157 λαϐὼν
1575 2106 1726 2175 παρὰ

134 2200 220 2252 τού
248 2200 563 2252 κανικλείου
596 2199 663 2253 τὰ
720 2200 767 2232 ⁸⁸
799 2199 1022 2271 χαρτία,
1064 2195 1155 2254 οἷα
1182 2200 1290 2254 τῶν
1329 2200 1570 2267 ὑπάτων,
1601 2203 1725 2256 ἐπι-

135 2293 313 2345 δίδωσι
342 2294 455 2355 τοῖς
488 2293 970 2363 προϐαλλομένοις,
996 2294 1089 2347 καὶ
1120 2294 1450 2359 ἀπελθόντες
1481 2296 1727 2350 ἵστανται

137 2387 188 2437 ἐν
227 2387 297 2456 τῇ
329 2384 480 2449 τάξει
514 2386 697 2439 αὐτῶν
723 2387 790 2438 ι’.
836 2385 894 2439 Ὀ
918 2384 974 2439 δὲ
1028 2385 1285 2457 βασιλεὺς
1319 2385 1590 2457 διέρχεται
1642 2387 1731 2441 δια

136 2478 239 2530 τῶν
262 2477 493 2546 σχολῶν,
530 2478 628 2530 καὶ
670 2480 728 2532 έν
749 2481 813 2549 τῇ
846 2479 1075 2551 πέμπτῃ
1112 2479 1277 2550 σχολῇ
1313 2478 1504 2546 ἐλθὼν,
1564 2480 1729 2534 ἅπτει

139 2570 315 2620 ἐκεῖσε
373 2570 455 2625 εἰς
504 2570 598 2622 τὸν
630 2570 866 2640 σταυρὸν
900 2572 1125 2641 κηροὺς,
1162 2570 1256 2623 καὶ
1306 2570 1531 2635 στάντος
1564 2572 1730 2625 αὐτοῦ

139 2662 192 2708 ἐν
240 2662 308 2729 τῇ
340 2658 445 2727 τῆς
477 2662 738 2730 πέμπτης
792 2662 988 2731 σχολῆς
1042 2660 1205 2734 πύλῃ,
1244 2661 1463 2732 δέχεται
1512 2663 1673 2717 αὐτὸν
1702 2665 1731 2717 6

140 2750 437 2820 περατικδς
489 2752 659 2821 δῆμος
707 2753 751 2784 ⁶⁰
781 2754 889 2806 τ’ἴλν
949 2752 1156 2823 σχολῶν
1193 2753 1287 2807 καὶ
1342 2754 1624 2807 ἐπιδίδωσι
1653 2754 1732 2825 τῷ

139 2842 352 2911 βασιλεῖ
382 2845 411 2896 6
441 2845 762 2913 ὣμέστικος
806 2843 917 2897 τῶν
966 2844 1172 2915 σχολῶν
1213 2844 1576 2915 λιϐελλάριον,
1607 2846 1636 2899 6
1675 2846 1732 2899 δὲ

140 2936 396 3001 βασιλεὺς
446 2930 631 2989 δίδωσι
680 2937 758 3006 τῷ
790 2936 1158 3007 πραιποσίτῳ.
1215 2939 1242 2991 ὀ
1281 2938 1336 2990 δὲ
1373 2939 1735 3002 ποαιπόσιτος

136 3028 599 3099 κουϐικουλαρεῳ,
635 3030 730 3083 καὶ
771 3029 863 3082 τού
892 3030 1215 3099 δομεστέκου
1246 3030 1342 3082 καὶ
1385 3030 1481 3083 τοῦ
1507 3033 1605 3100 τῆς
1632 3048 1734 3086 κα-

138 3122 457 3183 ταστάσεως
490 3123 733 3174 στάντων
760 3124 817 3174 ἐν
838 3121 917 3191 τῷ
944 3121 1095 3191 τόπῳ
1122 3121 1325 3186 αὐτῶν,
1357 3123 1734 3193 εύφημοῦντος

138 3216 229 3266 καὶ
263 3212 362 3266 τοῦ
395 3214 572 3283 δήμου
616 3213 709 3265 τὸν
752 3212 1001 3283 βασιλέα,
1035 3215 1061 3266 6
1108 3213 1431 3283 δομέστικος
1468 3214 1578 3266 τῶν
1612 3231 1735 3283 σχο-

138 3304 244 3357 λῶν
273 3305 715 3375 κατασφραγίζει
755 3305 894 3375 μετὰ
920 3305 1019 3373 τῆς
1045 3307 1289 3375 χροακῆς
1320 3303 1432 3375 (84)
1451 3304 1617 3358 αὐτοῦ
1668 3301 1736 3377 ἦς

138 3400 298 3467 ςορεῖ
336 3397 603 3466 χλανίδος.
629 3398 739 3449 Καὶ
781 3396 875 3449 τοῦ
909 3396 1083 3467 δήμου
1120 3397 1512 3460 ὲκτελέσαντος
1544 3396 1642 3459 τὰς
1674 3395 1736 3461 ἐξ

139 3490 294 3553 ἔθους
337 3489 641 3561 εὐφημίας,
672 3489 951 3560 διέρχεται
985 3489 1073 3542 διὰ
1124 3488 1232 3541 τῶν
1285 3488 1491 3559 σχολῶν
1525 3489 1620 3541 καὶ
1647 3489 1734 3553 έξο

135 3582 359 3651 ἔρχεται
409 3584 510 3651 τὴν
558 3581 802 3652 μεγάλην
834 3581 1010 3652 πύλην
1059 3580 1159 3649 τῆς
1193 3580 1424 3651 χαλκῆς,
1479 3575 1596 3634 εἶτα
1660 3580 1739 3633 δι-

136 3675 341 3728 οδεύων
373 3674 465 3727 διὰ
491 3674 591 3743 τῆς
658 3673 851 3743 μέσης,
891 3672 1203 3743 εἰσέρχεται
1251 3672 1342 3725 διὰ.
1379 3672 1473 3726 τοῦ
1534 3672 1740 3741 αὺγουο

1832 2103 1931 2166 les,
1958 2104 2263 2160 candidatis
2313 2106 2500 2171 tradit,
2537 2106 2639 2177 ipsi
2664 2107 2929 2164 abeuntes
2989 2109 3044 2163 in
3071 2124 3174 2164 suo
3228 2110 3424 2163 ordine

1834 2199 2171 2254 consistunt.
2209 2198 2511 2269 Imperator
2542 2216 2636 2269 per
2684 2201 2904 2256 scholas
2931 2202 3234 2273 digressus,
3269 2212 3424 2273 post-

1832 2308 1996 2363 quam
2021 2294 2268 2358 quintam
2295 2293 2538 2359 intrarit,
2568 2307 2760 2347 cereos
2785 2293 2855 2347 ibi
2884 2293 2937 2347 in
2968 2309 3130 2348 cruce
3152 2296 3425 2360 accendit,

1832 2393 2179 2456 stantemque
2243 2385 2298 2441 in
2360 2393 2516 2456 porta
2577 2384 2782 2441 schola:
2836 2386 3041 2455 quinta:
3104 2387 3425 2441 transitoria

1834 2477 2142 2532 scholarum
2168 2474 2330 2531 factio
2352 2477 2891 2546 excipit,earumque
2912 2477 3244 2533 domesticus
3268 2478 3428 2533 libel-

1835 2571 1945 2624 lum
1972 2564 2308 2639 imperatori,
2344 2570 2389 2624 is
2422 2571 2737 2639 pra-posito,
2776 2570 3103 2639 praepositus
3135 2570 3422 2626 cubicula-

1835 2659 1919 2714 rio
1939 2658 2125 2724 tradit,
2162 2658 2551 2714 et'domeslico
2592 2674 2655 2713 ac
2680 2660 3068 2714 cerimoniario
3107 2661 3160 2715 in
3184 2662 3304 2716 loco
3327 2677 3431 2717 suo

1837 2753 2176 2815 constitutis,
2214 2761 2270 2807 et
2310 2751 2546 2807 factione
2579 2752 2895 2820 imperatori
2939 2755 3300 2820 acclamante,
3332 2755 3432 2810 do-

1838 2845 2103 2900 mesticus
2137 2845 2454 2900 scholarum
2522 2844 2711 2898 tunica
2738 2859 2838 2898 sua
2900 2847 3204 2916 variegata.
3262 2861 3425 2917 quam

1837 2937 1998 3007 gerit,
2026 2936 2211 2990 crucis
2238 2937 2455 3005 signum
2479 2934 2610 2991 facit
2644 2930 2934 3007 postquam
2964 2935 3129 2991 factio
3155 2938 3431 2994 solemnes

1844 3030 2273 3086 acclamationes
2297 3030 2527 3101 peregit,
2557 3046 2654 3100 per
2671 3030 2887 3086 scholas
2910 3031 3131 3096 transit,
3154 3031 3434 3103 digressus

1840 3136 1936 3193 per
1965 3120 2205 3185 scholas,
2228 3136 2468 3191 emagna
2503 3129 2658 3192 porta
2682 3121 2904 3177 chalces
2933 3122 3200 3190 procedit,
3228 3138 3434 3194 perque

1841 3212 2075 3267 mediam
2111 3213 2406 3276 transiens,
2457 3223 2781 3283 augusteum
2842 3215 3029 3270 intrat.
3086 3215 3156 3269 At
3209 3216 3434 3285 reliqua!

1840 3314 2023 3375 partes
2048 3305 2349 3360 transitorii
2377 3307 2730 3361 Prasinorum
2760 3322 2824 3362 ac
2866 3305 3200 3362 Venetorum
3244 3309 3431 3379 populi

1838 3407 1890 3453 et
1922 3398 2051 3469 ipsa:
2080 3399 2409 3461 acclamaut,
2449 3399 3017 3469 lihellisquetraditis,
3050 3401 3183 3456 dum
3209 3403 3431 3473 signum

1826 3491 2024 3571 crucis
2056 3489 2286 3556 faciunt,
2315 3494 2568 3561 princeps
2603 3491 2958 3547 Prasinorum
2977 3509 3102 3549 cum
3129 3494 3432 3549 factionum

1843 3583 2082 3638 tribunis
2105 3583 2290 3638 omnia
2312 3597 2378 3637 eo
2408 3584 2623 3649 ordine,
2649 3598 2809 3654 quem
2840 3586 3181 3640 domesticus
3214 3585 3435 3641 schola-

1847 3688 1970 3727 rum
2001 3673 2265 3738 scrravit,
2303 3674 2542 3743 peragit.

138 3770 389 3833 στὶωνος.
423 3771 488 3822 At
539 3770 596 3822 δὲ
619 3770 804 3823 λοιπαὶ
842 3768 999 3838 δοχαὶ
1028 3766 1123 3821 τοῦ
1156 3766 1458 3839 περατικοῦ
1514 3768 1687 3839 δήμου
1716 3766 1826 3821 τῶν
1866 3767 2157 3838 Πρασίνων
2189 3766 2282 3820 καὶ
2306 3766 2480 3835 δήμου
2510 3767 2619 3820 τῶν
2649 3765 2893 3820 Βενέτων
2923 3767 3018 3820 καὶ
3072 3766 3228 3821 αὐτοὶ
3268 3768 3440 3838 εὐφη-

137 3866 327 3934 μοῦσι,
367 3867 462 3919 καὶ
487 3866 813 3929 ἐπιδιδόντες
874 3867 942 3920 τά
970 3864 1307 3934 λιϐελλάρια,
1337 3863 1619 3927 ποιοῦντες
1652 3864 1747 3917 καὶ
1788 3864 2043 3934 σταυρία,
2075 3864 2104 3914 6
2145 3865 2499 3939 δημοκράτης
2522 3866 2631 3919 τῶν
2654 3865 2941 3936 Πρασὶνων
2976 3868 3070 3920 καὶ
3104 3870 3151 3922 οἱ
3175 3868 3268 3921 δύο
3296 3868 3435 3939 δήμ-

136 3980 297 4033 αρχοι
340 3962 450 4014 τῶν
500 3960 683 4031 μερῶν
730 3959 1043 4013 ἐκτελοῦσιν
1071 3960 1287 4013 ἅπαντα
1326 3957 1658 4024 ἀκολούθως,
1701 3958 1762 4012 ὃν
1782 3960 1986 4030 τρόπον
2031 3961 2126 4015 καὶ
2161 3962 2189 4014 6
2221 3961 2543 4030 δομέστικος
2578 3961 2687 4015 τῶν
2719 3963 2925 4033 σχολῶν
2960 3963 3289 4027 ἐξετέλεσεν.

210 4055 287 4110 Δ’.
318 4056 430 4109 Καὶ
458 4055 788 4118 εἰσελθόντος
811 4053 905 4109 τοῦ
927 4052 1196 4124 βασιλέως
1223 4053 1331 4126 πρὸ
1356 4052 1451 4108 τοῦ
1470 4052 1743 4123 νάρθηκος

136 4153 289 4206 ενδον
314 4150 411 4204 τοῦ
445 4150 631 4220 βήλου,
673 4149 944 4219 λαμϐάνει
974 4150 1001 4202 6
1030 4150 1397 4220 πραιπόσιτος
1425 4145 1487 4199 τδ
1519 4147 1742 4218 στέμμα

135 4244 246 4294 ἀπὸ
282 4243 384 4309 τῆς
427 4240 671 4310 κεφαλῆς
704 4238 800 4292 τοῦ
851 4237 1139 4310 βασιλέως,
1183 4238 1493 4309 εἰσέρχεται
1524 4238 1552 4291 6
1587 4238 1742 4307 βασι-

137 4334 266 4397 λεὺς
291 4336 351 4385 ἐν
369 4331 449 4403 τῷ
480 4333 738 4403 νάρθηκι,
764 4332 858 4384 καὶ
879 4332 1093 4400 δέχεται
1120 4329 1283 4383 αὐτὸν
1311 4329 1339 4381 6
1370 4329 1740 4400 πατριάρχης,

135 4424 262 4479 εἶτα
326 4427 814 4497 προσκυνήσαντες
862 4423 1130 4495 ἀλλήλους
1195 4423 1289 4476 καὶ
1334 4422 1739 4492 ἀσπασάμενοι,

138 4525 523 4593 κρατήσαντες
555 4521 799 4591 ἀλλήλων
849 4519 949 4584 τὰς
976 4522 1187 4589 χεῖρας,
1223 4517 1530 4587 διέρχονται
1576 4515 1740 4586 μέχρι

136 4617 253 4668 τῶν
321 4613 623 4685 βασιλικῶν
676 4614 892 4677 πυλῶν,
946 4613 1170 4666 κάκεῖσε
1220 4612 1351 4673 στὰς
1410 4612 1439 4664 6
1489 4608 1741 4679 βασιλεὺς

138 4705 309 4760 ἅπτει
336 4707 566 4775 κηρους.
601 4706 695 4758 καὶ
727 4705 817 4758 τοῦ
847 4704 1191 4775 πατριάρχου
1224 4701 1611 4764 ἑκτελέσαντος
1643 4699 1743 4771 τὴν

138 4801 314 4869 εὐχὴν
335 4801 433 4868 τῆς
481 4798 689 4851 εἰσόδου
719 4798 817 4868 τῆς
846 4796 997 4859 θείας
1028 4793 1396 4865 λειτουργίας,
1430 4793 1741 4846 ἐπιδίδωσιν

139 4894 167 4943 ὀ
200 4891 463 4961 βασιλεὺς
496 4891 576 4960 τῷ
604 4888 950 4962 πραιποσίτῳ
976 4889 1104 4952 τοὺς
1136 4889 1365 4959 κηροὺς,
1398 4886 1493 4939 καὶ
1524 4886 1553 4939 6
1582 4902 1744 4955 πραι-

143 4984 377 5046 πὸσιτος
404 4981 485 5053 τῷ
531 4984 629 5053 τῆς
670 4980 1099 5045 καταστάσεως.
1142 4980 1253 5035 Καὶ
1298 4978 1689 5050 ἀσπασάμενος
1715 4980 1743 5032 6

1917 4053 2007 4111 ιν.
2044 4052 2376 4125 lmperatore
2420 4067 2548 4111 ante
2581 4055 2896 4110 narthecem
2942 4056 3086 4110 intra
3135 4056 3315 4110 velum
3355 4058 3439 4112 in-

1847 4164 2061 4220 gresso,
2095 4149 2423 4220 praepositus
2481 4164 2741 4203 coronam
2774 4162 2804 4201 a
2856 4149 3037 4216 capite
3086 4149 3436 4217 imperatoris

1847 4242 2039 4307 demit,
2067 4241 2167 4312 qui
2196 4241 2509 4297 narthecem
2535 4242 2703 4294 intrat
2739 4248 2793 4294 et
2813 4254 2841 4293 a
2869 4238 3178 4310 patriarcha
3222 4240 3435 4310 excipi-

1848 4342 1961 4398 tur,
1998 4332 2111 4398 ubi,
2134 4342 2422 4404 postquam
2450 4347 2511 4386 se
2544 4331 2778 4386 invicem
2828 4332 3134 4385 adorarunt
3181 4331 3440 4387 osculati-

1846 4441 1952 4495 que
1979 4439 2129 4490 sunt,
2158 4426 2413 4480 manibus
2437 4425 2645 4493 junctis
2682 4424 2748 4477 ad
2800 4424 3185 4493 imperatorias
3246 4432 3438 4493 portas

1849 4499 2158 4583 discedunt,
2191 4516 2283 4571 ubi
2314 4517 2612 4586 imperator
2635 4523 2811 4577 stans,
2856 4528 3047 4569 cereos
3103 4514 3437 4578 acccndit,et

1772 4587 1818 4643 θ
1847 4607 2099 4678 precibus
2135 4607 2394 4661 introitus
2420 4604 2617 4660 divina
2643 4605 2874 4675 liturgiaa
2904 4604 3164 4674 peractis,
3185 4618 3281 4659 eos
3300 4620 3440 4674 pra:-

1848 4700 2046 4771 posito,
2076 4699 2123 4753 is
2152 4698 2543 4753 cerimoniario
2567 4697 2753 4751 tradit.
2813 4696 2883 4750 At
2940 4706 3230 4767 postquam
3266 4698 3438 4767 impe-

1849 4774 2274 4848 rator'sanctum
2311 4788 2665 4860 Evangelium
2706 4789 2988 4845 osculatus
3044 4796 3151 4854 est,
3184 4803 3281 4859 per
3319 4802 3437 4844 me-

1846 4886 1998 4940 dium
2056 4882 2314 4953 templum
2384 4891 2437 4937 et
2459 4882 2834 4951 obliquitatem
2904 4881 3157 4936 ambouis
3195 4880 3436 4936 soleam-

1850 4995 1957 5051 que
1986 4979 2263 5050 digressus
2295 5015 2310 5040 ,
2361 4989 2552 5031 cereos
2583 4990 2611 5029 a
2661 4976 2956 5047 praeposito
2991 4974 3182 5035 sumit,
3230 4986 3436 5041 eosque

1304 5219 1312 5235 ι
1424 5131 1438 5137 ”
1496 5154 1728 5209 vannis
1762 5150 2168 5209 LECTIONES.

215 5282 267 5310 -'
306 5277 708 5348 προϐληθῆναι,
738 5277 806 5345 τῇ
839 5228 991 5348 τάξει
1011 5273 1410 5348 ταύτηστάντ..
1434 5272 1523 5327 ed.
1642 5270 1688 5302 "
1718 5270 1789 5324 τὰ
1818 5285 1927 5325 om.
1960 5270 2049 5328 ed.
2109 5250 2115 5257 ’
2142 5270 2186 5301 ⁵⁹
2219 5268 2427 5322 ἑαυτῶν
2454 5266 2546 5323 ed.
2635 5267 2682 5298 ‘°
2708 5264 2834 5318 Post
2859 5264 3033 5332 δῆμος
3064 5263 3127 5317 R.
3163 5261 3438 5319 excidisse

142 5359 312 5420 putat
353 5331 469 5402 ἱτῶν
508 5331 749 5401 Βενέτων
781 5331 935 5416 ’μετά
963 5346 1057 5399 καὶ
1071 5331 1534 5414 τοῐῗόομεστῑκου.

1182 5499 1379 5557 ιοΑΝ.
1410 5497 1551 5555 ,1Αο.
1589 5496 1845 5554 REISKII
1876 5487 2448 5553 COMMENTARIUS.

224 5596 345 5665 (82)
369 5597 504 5649 Erat
535 5609 670 5664 ergo
702 5596 855 5667 virga
883 5594 1154 5667 scribonis
1184 5595 1433 5667 insigne,
1457 5608 1566 5662 quo
1600 5606 1756 5667 aereo

146 5663 247 5737 ριό
282 5663 619 5736 dignitatem
651 5663 858 5722 obibat.
903 5665 979 5719 T6
1022 5663 1357 5737 στρογγύλον
1388 5666 1600 5737 videtur
1624 5663 1754 5737 mdi-

148 5732 608 5804 ixciunfaliquud
654 5738 943 5792 rotundum
991 5732 1199 5791 notare.
1255 5736 1320 5789 Οἱ
1388 5732 1481 5787 τοῦ
1533 5734 1754 5801 λογοθε-

147 5810 282 5860 ἀέου
315 5816 459 5868 sunt,
508 5808 602 5875 qui
648 5810 713 5863 ad
750 5808 1003 5865 aerarium
1034 5816 1089 5863 ct
1120 5805 1533 5877 dispositionem
1598 5807 1751 5873 logo-

151 5883 329 5931 ti-etae
363 5878 663 5946 pertinent.

1938 5586 2051 5655 (83)
2086 5583 2226 5650 Quid
2253 5585 2354 5636 hoc
2384 5582 2474 5645 sit,
2508 5579 2681 5655 fateor
2713 5576 3101 5655 me_i_gnorare,_
3135 5584 3189 5655 e_t
3212 5589 3280 5631 ne
3309 5590 3438 5655 con-

1859 5646 2071 5727 jectura
2105 5646 2319 5727 quidem
2345 5652 2583 5717 assequi.
2611 5650 2705 5702 Est
2728 5647 2945 5727 quidem
2965 5647 3135 5727 oratio
3166 5646 3435 5727 interdum

1866 5714 2005 5783 idem
2058 5714 2221 5793 atque
2270 5724 2406 5775 liber
2468 5714 3131 5793 precum,_'brevia_riunt._
3173 5714 3296 5793 Viti:
3358 5716 3439 5771 Du

1861 5800 2044 5865 Cange
2070 5784 2248 5849 Gloss.
2279 5784 2597 5847 LatinfSed
2620 5788 2751 5865 quid
2771 5789 2879 5843 hoc
2908 5787 2973 5842 ad
2994 5787 3245 5843 comitem
3266 5784 3296 5841 1

1935 5858 2049 5935 (εἰ)
2090 5866 2221 5920 Vide
2256 5874 2368 5920 not.
2404 5865 2469 5919 ad
2499 5876 2616 5932 pag.
2640 5858 2773 5914 363.
