4148 6440
742 432 846 493 3ὓ7
1725 421 2229 483 CONSTANTINI

2304 423 2550 485 POHPH
2562 426 2601 483 Υ
2611 424 2753 483 HOG
2764 423 2974 482 ΕΝΙἸἎῘ

3900 424 3995 487 ιεε

742 544 993 603 precatus
1034 534 1226 587 lterum
1259 528 1547 602 prmposito
1567 527 1767 593 reddit,
1799 529 1992 583 dein‘dc
2018 529 2318 583 sacrarium

2429 527 2677 596 βασιλεὺς
2701 529 2760 581 τὸ
2789 529 3054 597 ἄχραντον
3088 526 3435 595 Εὑαγγέλιον,
3469 528 3775 599 εἰσέρχεται
3838 532 3992 601 μέσον

747 628 933 688 intrat,
996 624 1177 693 ibique
1230 621 1337 674 duo
1371 621 1599 674 instrata
1656 632 1814 672 sacro
1877 618 2029 670 altari
2071 618 2320 685 imponit,

743 725 987 785 «tuosque
1033 727 1217 768 sacros
1243 711 1441 766 calices
1475 710 1804 778 totidemque
1834 708 2016 763 discos
2044 716 2098 761 et
2124 707 2322 763 fascias

744 807 954 863 Domini
993 804 1295 867 osculatus,
1338 811 1616 871 acceptum
1655 816 1684 853 a
1714 801 2004 870 praeposito
2064 814 2322 865 apocom-

744 899 888 951 binm
930 897 983 950 in
1027 910 1183 949 sacra
1216 908 1399 948 mensa
1437 891 1669 961 reponit,
1699 906 1900 960 perque
1949 890 2091 943 latus
2141 889 2324 943 berna-

745 988 813 1041 tis
831 989 1176 1041 metatorium
1192 986 1344 1055 petit,
1363 983 1453 1038 ubi
1472 984 1635 1038 etiam
1650 998 1836 1037 cereos
1858 982 2126 1037 accendit.
2144 981 2325 1035 Finito

743 1088 935 1132 saneto
954 1078 1149 1141 officio,
1174 1076 1305 1130 dum
1332 1090 1487 1130 sacra
1518 1076 1815 1128 transitura
1850 1082 1998 1135 sunt,
2027 1074 2323 1143 egreditur,

743 1184 772 1221 a
834 1168 1078 1239 patriciis
1135 1166 1456 1236 exterisque
1483 1164 1754 1235 praefectis
1793 1165 2046 1233 stipatus,
2118 1178 2320 1233 perque

744 1262 887 1313 latus
919 1258 1109 1329 templi
1142 1274 1229 1321 eo.
1268 1258 1360 1312 ubi
1388 1273 1605 1320 cereus,
1661 1271 1821 1325 quem
1856 1264 2170 1325 gestaturus
2215 1263 2322 1321 est,

740 1358 871 1414 stat,
903 1349 1157 1420 abit,79
1182 1357 1234 1404 et
1257 1364 1379 1403 eum
1407 1348 1473 1402 ad
1506 1364 1628 1402 eum
1654 1349 1834 1401 locum
1867 1347 2131 1417 pervenit,
2164 1362 2324 1401 sena-

744 1452 891 1495 tores
918 1443 1173 1509 utrinque
1208 1438 1537 1503 subsistunt,
1581 1454 1676 1508 per
1701 1454 1840 1508 quos
1866 1438 2073 1491 medios
2103 1439 2319 1491 transit.

742 1532 1209 1602 Appropinquanti
1244 1531 1563 1602 imperatori
1618 1532 1920 1599 lampadem
1954 1545 2046 1583 seu
2099 1542 2319 1582 cereum

742 1639 901 1677 suum
928 1624 1253 1692 praepositus
1280 1623 1590 1691 tradit,quo
1611 1630 1852 1688 accepto,
1902 1620 2096 1673 iterum
2141 1634 2321 1671 rever-

744 1716 894 1781 titur,
930 1731 958 1767 a
987 1715 1255 1781 praefectis
1277 1716 1527 1782 stipatus,
1561 1719 1682 1780 post
1708 1727 1864 1780 quos,
1917 1726 2074 1763 sacra
2142 1709 2313 1763 comi-

745 1813 887 1866 tans,
918 1801 1185 1871 procedit,
1217 1816 1421 1871 perque
1480 1800 1684 1854 soleam
1745 1798 2025 1869 digressus
2051 1806 2104 1851 et
2153 1812 2319 1865 prope

741 1908 929 1947 sacras
964 1893 1163 1960 januas
1189 1894 1520 1947 constitutus
1541 1930 1554 1954 ,
1573 1890 1866 1960 praeposito
1886 1903 2103 1942 cereum
2129 1887 2316 1952 tradit,

741 1987 834 2054 qui
864 2002 985 2039 eum
1005 1985 1403 2055 supra-soleam
1428 1998 1595 2054 prope
1626 1996 1811 2037 sacras
1838 1981 2036 2049 januas
2070 1980 2322 2061 reponit;

746 2082 1038 2147 imperator
1074 2090 1219 2139 vero,
1249 2089 1413 2143 prope
1444 2089 1566 2128 eum
1607 2073 1970 2133 constitutus,
2021 2077 2321 2140 exspectat,

743 2174 870 2223 i'um
911 2185 1067 2224 sacra
1106 2171 1436 2240 precedent,
1473 2182 1637 2236 seque
1664 2167 1891 2222 invicem
1947 2167 2238 2235 imperator
2266 2171 2322 2220 et

744 2262 1053 2330 patriarcha
1083 2260 1333 2316 adorant.

2429 619 2519 672 διὰ
2542 618 2633 673 τοῦ
2657 620 2809 683 ναοῦ,
2861 608 2953 672 καὶ
2987 618 3075 671 διὰ
3107 619 3204 687 τῆς
3240 618 3479 686 πλαγίας
3501 620 3593 673 τοῦ
3627 620 3884 691 ἀμϐωνος
3910 626 3994 677 καὶ

2428 713 2526 780 τῆς
2554 710 2787 772 σωλαίας
2832 709 3077 771 διελθὼν,
3127 711 3344 763 ἵσταται
3393 711 3623 765 ἐνώπιον
3675 713 3783 766 τῶν
3834 714 3995 781 ἁγίων

2429 801 2629 870 θυρῶν,
2680 800 2774 854 καὶ
2805 800 2983 854 λαϐὼν
3033 802 3200 871 κηρία
3231 802 3337 855 ἀπὸ
3369 802 3463 855 τοῦ
3497 805 3862 874 πραιποσίτου
3910 807 3997 859 καὶ

2426 890 2741 960 εὐξάμενος,
2797 890 3109 943 ἐπιδίδωσιν
3161 890 3299 943 αὑτά
3358 891 3521 944 πάλιν
3550 892 3629 961 τῷ
3657 896 3998 964 πραιποσίτῳ

2429 982 2521 1035 καὶ
2561 982 2866 1051 εἰσέρχεται
2901 982 3048 1036 ἔνδον
3092 985 3171 1044 είς
3231 984 3293 1034 τὸ
3325 983 3731 1051 θυσιαστήριον,
3785 985 3998 1051 adid-,3-

2428 1073 2653 1125 απλοῖὲν
2669 1076 2737 1144 τῇ
2768 1074 2897 1145 ἁγίᾳ
2922 1075 3169 1145 τραπέζῃ
3187 1075 3279 1127 δύο
3300 1076 3493 1139 εἰλιτά,
3509 1075 3890 1143 ἀσπαζόμενος
3913 1077 3999 1128 δύο

2428 1166 2547 1235 ίερά
2577 1167 2814 1237 ποτήρια
2844 1164 3047 1218 καὶδύο
3079 1167 3258 1234 ἱεροὺς
3281 1166 3322 1197 ⁶¹
3351 1165 3568 1227 δίσκους
3600 1166 3695 1217 καὶ
3722 1166 3790 1217 τὰ
3826 1169 3998 1235 σπάρ-

2427 1273 2566 1325 γανα
2590 1256 2686 1309 τοῦ
2726 1258 2929 1326 Κυρίου
2964 1272 2977 1287 ο
3014 1253 3131 1308 εἶτα
3156 1255 3335 1308 λαϐὼν
3361 1256 3466 1309 ἀπὸ
3518 1255 3610 1308 τοῦ
3640 1258 3997 1327 πραιποσίτου

2426 1344 2761 1413 ἀποκόμίιον
2781 1349 2809 1398 6
2834 1345 3106 1414 βασιλεὺς,
3132 1344 3345 1413 τίθησιν
3370 1344 3499 1397 αὐτὸ
3530 1347 3587 1396 ὲν
3610 1348 3674 1413 τῇ
3712 1347 3844 1415 ἁγίᾳ.
3870 1362 3997 1412 τρα-

2428 1437 2565 1508 πέζῃ
2584 1440 2677 1491 καὶ
2704 1438 2982 1508 ἐξέρχεται
3007 1439 3094 1492 διὰ
3118 1438 3219 1505 τῆς
3240 1437 3476 1506 πλαγίας
3499 1436 3592 1490 τοῦ
3620 1436 3887 1506 βήματος,
3911 1440 3999 1490 καὶ

2424 1530 2728 1599 εἰσέρχεται
2780 1532 2860 1591 είς
2891 1530 2950 1582 τὸ
2980 1528 3321 1599 μητατὼριον
3341 1568 3356 1593 ,
3413 1529 3598 1580 ἃπτων
3641 1531 3869 1581 κάκεῖσε
3900 1549 3997 1597 κη-

2427 1620 2576 1690 ροῦς.
2616 1621 2959 1690 Τελουμένης
2991 1622 3047 1673 δὲ
3104 1622 3201 1688 τῆς
3245 1619 3396 1681 θείας
3431 1620 3798 1689 λειτουργίας,
3845 1623 4000 1689 ἡνίκα

2428 1710 2682 1777 μέλλουσι
2714 1712 2780 1763 τά
2816 1711 2947 1776 ᾶγια
2973 1711 3307 1780 διέρχεσθαι,
3345 1710 3625 1778 ἐξέρχεται
3655 1714 3682 1763 ὁ
3725 1711 4000 1780 βασιλεὺς.

2422 1799 2841 1870 δηριγευὸμενος
2871 1802 2977 1854 ὑπό
3006 1819 3065 1853 τε
3096 1803 3205 1854 τῶν
3235 1803 3540 1871 πατρικίων
3566 1805 3660 1856 καὶ
3686 1803 3891 1855 λοιπῶν
3919 1804 4001 1870 ἀρ·

2427 1892 2652 1959 χόντων,
2690 1895 2785 1945 καὶ
2813 1893 3145 1962 κατέρχεται
3186 1893 3274 1946 διὰ
3304 1894 3400 1962 τῆς
3450 1894 3685 1961 πλαγίας
3716 1894 3815 1947 τοῦ
3854 1896 4000 1956 ναοῦ,

2434 1984 2527 2037 καὶ
2547 1984 2868 2053 ἀπέρχεται,
2904 1984 3031 2038 ἔνθα
3079 1984 3293 2037 ἵσταται
3326 1985 3386 2037 τὸ
3411 1986 3624 2053 κηρίον,
3653 1987 3795 2055 ὅπερ
3823 1986 4003 2055 μέλλει

2432 2074 2694 2143 βαστάξαι
2720 2076 2785 2136 ⁸⁸,
2810 2076 2903 2127 καὶ
2933 2075 3335 2146 πλησιάσαντος
3385 2074 3480 2128 τοῦ
3518 2075 3782 2143 βασιλέως
3810 2078 3891 2137 είς
3916 2076 4002 2127 τὸν

2425 2167 2612 2229 τόπον,
2666 2167 2725 2215 ὲν
2768 2158 2812 2232 ᾧ
2865 2164 3078 2218 ίσταται
3116 2164 3178 2217 τὸ
3236 2164 3427 2234 κηρίον
3468 2166 3655 2231 αὑτοῦ,
3692 2166 3916 2218 ἵσταται
3972 2167 4003 2233 ἡ

2428 2254 2729 2325 σύγκλητος
2758 2255 2909 2309 ἐνθεν
2960 2255 3238 2318 κάκεῖθεν,
3270 2256 3367 2309 καὶ
3412 2255 3684 2326 διέρχεται
3717 2259 3884 2326 μέσον
3911 2258 4004 2309 αὖ·

743 2352 871 2405 τῶν.
911 2351 1019 2403 Καὶ
1042 2349 1440 2420 πλησιάσαντος
1470 2348 1535 2418 τῇ
1564 2346 1806 2417 λαμπάδι
1835 2346 2021 2413 αὑτοῦ,
2056 2348 2222 2417 ἤγουν
2241 2346 2316 2414 τῷ
2356 2346 2555 2417 κηρίῳ,
2588 2345 2854 2414 λαμϐάνει
2885 2346 3018 2401 αὐτὸ
3054 2349 3081 2399 6
3124 2347 3488 2416 πραιπόσιτος
3557 2347 3655 2400 καὶ
3718 2349 4003 2401 ἐπιδίδωσι

743 2445 818 2512 τῷ
848 2443 1073 2512 βασιλεῖ,
1102 2445 1194 2494 καὶ
1221 2440 1399 2495 λαϐὼν
1424 2442 1573 2505 αὐτὸ,
1611 2436 1766 2504 αὖθις
1798 2442 2149 2511 ὑποστρέφει,
2188 2441 2576 2510 ὀψικευόμενος
2605 2440 2708 2493 ὑπὸ
2731 2440 2839 2491 τῶν
2905 2441 3205 2510 ἀρχόντων,
3274 2442 3371 2494 καὶ
3436 2440 3715 2511 διέρχεται
3778 2444 4006 2496 όπισῦεν

742 2534 938 2593 αὐτῶν,
972 2532 1239 2600 ὀψικεύων
1266 2533 1332 2585 τὰ
1386 2532 1539 2599 ἆγια,
1612 2533 1704 2585 καὶ
1762 2533 2032 2602 διέρχεται
2101 2532 2188 2586 διὰ
2219 2533 2318 2600 τῆς
2350 2532 2604 2594 σωλαίας.
2628 2531 2854 2583 καὶτῶν
2886 2531 3058 2599 ἁγίων
3080 2532 3259 2602 Θυρῶν
3288 2531 3515 2601 πλησίον
3543 2537 3860 2601 γενόμενος,
3889 2536 4006 2587 ἐπι·

740 2624 921 2676 δίδωσι
958 2624 1017 2675 τὸ
1050 2624 1241 2694 κηρίον
1270 2624 1313 2655 ⁸³
1349 2623 1425 2692 τῷ
1478 2625 1841 2693 πραιποσίτῳ,
1876 2626 1903 2675 6
1932 2624 1989 2676 δὲ
2018 2624 2375 2694 πραιπὸσιτος
2402 2624 2613 2693 τίθησιν
2670 2623 2800 2676 αὐτὸ
2865 2623 3050 2677 ἐπάνω
3116 2625 3216 2693 τῆς
3273 2622 3527 2689 σωλαίας,
3601 2623 3834 2694 πλησίον
3901 2624 4006 2677 τῶν

743 2721 911 2787 ἁγίων
928 2720 1127 2790 Θυρῶν,
1166 2722 1257 2773 καὶ
1287 2719 1511 2789 πλησίον
1558 2719 1721 2772 αὑτοῦ
1766 2720 1934 2783 ἑστὼς
1964 2721 1992 2772 6
2046 2720 2320 2789 βασιλεὺς,
2365 2720 2641 2789 ἐκδέχεται
2671 2721 2869 2784 ἐκεῖσε,
2898 2720 3001 2784 ἕως
3028 2718 3094 2772 ἂν
3121 2718 3368 2772 διέλθωσι
3392 2718 3463 2771 τὰ
3490 2719 3643 2787 ἇγια,
3710 2719 3809 2770 καὶ
3834 2735 4004 2788 πωσ-

741 2812 993 2865 κυνοῦσιν
1022 2812 1318 2882 ἀμφότεροι
1365 2811 1645 2882 ἀλλήλους,
1682 2810 1711 2864 ὃ
1737 2827 1794 2864 τι
1834 2810 2085 2879 βασιλεὺς
2120 2812 2213 2864 καὶ
2245 2814 2271 2865 6
2311 2812 2687 2881 πατριάρχης.

814 2902 877 2957 ν.
903 2903 1196 2959 lllerursus
1217 2904 1284 2957 ad
1303 2904 1648 2958 metatorium
1678 2903 1809 2968 abit,
1838 2911 2028 2957 etcum
2056 2903 2317 2958 solemnia

743 2994 931 3046 oscula
956 2992 1315 3061 impertienda
1349 3002 1497 3057 sunt,
1547 2993 1908 3057 rursusabit,
1967 3003 2023 3047 et
2080 2993 2345 3063 patriar--

748 3082 933 3143 eham,
964 3081 1362 3150 metropolitas,
1388 3082 1694 3151 episcopos,
1732 3082 2019 3151 praefectos
2051 3083 2318 3147 ecclesize,

753 3180 805 3224 ιιι
835 3172 1089 3234 clericos,
1119 3172 1210 3238 qui
1244 3186 1342 3240 pro
1374 3185 1526 3225 more
1574 3173 1823 3225 osculum
1890 3174 1958 3225 ab
1990 3175 2321 3242 imperatore

754 3262 1053 3329 accipiunt,
1076 3276 1231 3329 teque
1258 3275 1321 3314 ac
1354 3260 1457 3314 tria
1487 3261 1828 3331 baptisteria,
1853 3265 2154 3328 osculatur,
2184 3276 2233 3318 et
2258 3279 2322 3318 co

748 3354 891 3415 loco,
929 3353 1015 3407 ubi
1053 3368 1259 3423 agapen
1284 3354 1603 3422 proceribus
1626 3352 1957 3409 distribuere
1981 3356 2138 3419 solet,
2190 3370 2323 3409 con-

747 3448 993 3509 stitutus,
1051 3447 1290 3514 patricii,
1350 3447 1569 3516 Strategi
1599 3455 1655 3499 et
1683 3444 1967 3500 domestici
2026 3446 2326 3517 primisque

748 3536 938 3591 ciliciis
962 3535 1190 3600 admoti,
1220 3537 1419 3591 tribuni
1481 3536 1775 3591 factionum
1804 3547 1859 3591 et
1885 3539 2323 3603 cerimoniarius,

747 3643 936 3683 omnes
966 3626 1157 3682 ordine
1180 3642 1299 3692 suo,
1336 3628 1586 3693 adorant,
1625 3644 1748 3685 eum
1772 3631 2087 3685 oswlantur
2119 3644 2326 3698 suoque

750 3721 802 3772 in
828 3720 945 3773 loco
973 3727 1028 3774 et
1058 3719 1377 3775 stationeab
1411 3729 1641 3791 utroque
1670 3723 1841 3777 latere
1863 3730 2065 3785 astant,
2095 3732 2147 3777 et
2180 3732 2328 3792 post-

750 3826 913 3878 quam
950 3810 1081 3864 dicti
1109 3826 1303 3867 omnes
1332 3813 1717 3882 imperatorem
1736 3816 1970 3869 osculati
2006 3826 2154 3879 sunt,
2206 3816 2327 3883 ipse

748 3912 804 3955 et
841 3904 1147 3971 patriarcha
1173 3919 1231 3959 se
1290 3904 1522 3959 invicem
1574 3907 1803 3960 adorant
1856 3918 1909 3961 et
1969 3906 2320 3961 osculantur.

755 3993 956 4047 Deinde
987 3994 1280 4063 imperator
1316 4009 1507 4049 rursus
1564 3995 1631 4049 ad
1702 3998 2047 4051 metatorium
2091 3998 2225 4058 abit,
2273 4007 2329 4051 et

751 4086 934 4138 divina
974 4084 1367 4141 communione
1390 4088 1879 4156 apprOpinquante,
1910 4087 2327 4142 ccrimoniarius

752 4176 1131 4246 praepositum,
1192 4179 1511 4248 praepositus
1592 4180 1975 4249 imperatorem
2041 4180 2320 4242 admonet,

752 4268 845 4335 qui
874 4282 902 4320 a
926 4265 1091 4321 dictis
1124 4268 1355 4337 stipatus
1395 4277 1448 4323 et
1477 4284 1642 4339 prope
1683 4269 2048 4339 patriarcham
2108 4268 2325 4322 consti-

753 4368 927 4421 tutus.
969 4366 1027 4413 ut
1051 4360 1193 4414 sacri
1215 4362 1463 4429 corporis
1490 4368 1543 4415 et
1577 4361 1863 4430 sanguinis
1912 4359 2127 4413 Domini
2157 4359 2325 4413 nostri

750 4449 879 4504 Jesu
921 4446 1124 4504 Christi
1174 4452 1441 4520 particeps
1467 4450 1704 4513 fiat,duo
1730 4451 1942 4506 ostiarii
2000 4449 2327 4504 dominicale

758 4542 1035 4597 evolutum
1082 4551 1288 4606 tenent,
1319 4542 1434 4613 ipse
1482 4543 1736 4598 manibus
1785 4541 1901 4598 suis
1960 4541 2324 4597 venerandum

2492 2903 2561 2957 E'.
2612 2904 2935 2973 Ἀπὲρχεται
2966 2901 3126 2955 πάλιν
3174 2905 3202 2956 6
3235 2901 3487 2971 βασιλεὺς
3519 2903 3599 2964 είς
3646 2904 3707 2954 τὸ
3746 2904 4007 2972 μητατὼ⁶

2431 3007 2565 3061 ριον’
2591 2992 2753 3061 ἡνίκα
2777 2992 2831 3044 δὲ
2865 2992 3071 3060 ἐγγίσει
3105 2991 3462 3061 ὸάσπασμὺς,
3501 2990 3778 3061 ἐξέρχεται
3823 2994 4005 3056 πάλιν,

2425 3084 2519 3134 καὶ
2562 3084 2813 3135 ἀπελθὼν
2843 3083 3145 3147 ἀσπάζεται
3176 3083 3266 3134 τον
3301 3082 3665 3151 πατριάρχην,
3734 3100 4009 3152 μητροποο

2422 3173 2572 3237 λίτας
2598 3191 2656 3225 τε
2689 3176 2780 3227 καὶ
2813 3176 3144 3238 ἐπισκόπους
3174 3174 3441 3244 ἄρχοντάς
3470 3190 3530 3226 τε
3564 3177 3663 3243 τῆς
3683 3174 4009 3243 Ἐκκλησίας

2431 3272 2524 3319 καὶ
2561 3266 2855 3336 κληρικοῦς
2876 3267 3002 3329 τοὺς
3037 3265 3094 3329 ἐξ
3115 3265 3268 3328 ἔθους
3294 3265 3706 3334 ἀσπαζομένους
3729 3267 3821 3319 τὶν
3857 3266 4005 3336 βασι-

2429 3358 2546 3421 λέα,
2576 3357 2773 3426 ὁμοίως
2804 3358 2901 3410 καὶ
2944 3358 3070 3425 τρία
3118 3358 3447 3425 φωτίσματα
3473 3396 3487 3421 ,
3539 3358 3631 3407 καὶ
3658 3357 3885 3418 στάντος
3916 3356 4007 3410 τοῦ

2432 3451 2696 3521 βασιλέως
2730 3453 2788 3502 ἐν
2830 3448 2907 3518 τῷ
2936 3449 3109 3516 τόπῳ,
3145 3449 3201 3500 ὲν
3229 3441 3272 3514 ᾧ
3312 3446 3547 3500 εἴθισται
3579 3449 3744 3500 αὐτὸν
3771 3450 4009 3503 πάντοτε

2428 3544 2628 3595 διδόναι
2665 3540 2763 3610 τὴν
2806 3540 3025 3607 ἀγάπην
3078 3542 3192 3601 τοῖς
3248 3540 3528 3607 ἄρχουσιν,
3575 3540 3917 3608 εἰσέρχονται
3962 3541 4011 3594 οί

2433 3634 2735 3701 πατρίκιοι,
2803 3632 3098 3699 στρατηγοί
3130 3647 3186 3683 τε
3224 3632 3315 3682 καὶ
3347 3631 3682 3699 δομέστικοι,
3713 3633 3810 3683 καὶ
3842 3634 3897 3684 oi
3946 3633 4012 3684 τα

2430 3722 2619 3793 πρῶτα
2649 3722 2878 3789 ὀρφίκια
2926 3722 3265 3790 κατέχοντες,
3319 3721 3369 3772 οἱ
3394 3720 3664 3790 δήμαρχοι
3714 3722 3809 3773 καὶ
3856 3724 3885 3775 6
3913 3724 4013 3791 τῆς

2429 3813 2832 3874 καταστάσεως,
2863 3811 3099 3873 ἅπαντες
3125 3812 3180 3863 δὲ
3202 3805 3349 3863 οῦτοι
3376 3812 3517 3864 κατὰ
3538 3813 3635 3873 τὰς
3659 3813 3793 3874 ἰδίας
3828 3814 3936 3864 αὖτ
3955 3816 4012 3862 ἓν

2428 3906 2608 3970 τάξεις
2657 3902 3110 3973 προσκυνοῦντες,
3147 3902 3481 3965 ἀσπάζονται
3524 3903 3617 3954 καὶ
3646 3904 3899 3957 ἵστανται
3929 3905 4010 3966 είς

2428 3998 2527 4060 τάς
2564 3997 2699 4060 ἰδίας
2736 3995 2918 4049 αὐτῶν
2947 3994 3131 4060 τάξεις
3164 4011 3223 4047 τε
3256 3995 3351 4047 καὶ
3398 3994 3614 4057 στάσεις
3644 3994 3795 4046 ένοεν
3822 3997 4014 4047 κάκεί-

2431 4107 2511 4157 σε,
2544 4089 2637 4142 καὶ
2662 4088 2804 4159 μετά
2829 4087 2889 4141 τὸ
2917 4084 3371 4141 ἀσπάσασθαιτὺν
3393 4085 3617 4155 βασιλέα
3646 4086 3859 4147 πάντας
3888 4087 4015 4147 τοὺς

2430 4180 2865 4253 προρῤηθέντας,
2896 4176 3295 4249 προσκυνοῦσιν
3321 4177 3620 4247 ἀμφότεροι
3674 4175 3946 4245 ἀλλήλους
3985 4176 4019 4228 δ

2429 4288 2487 4325 τε
2519 4270 2772 4341 βασιλεὺς
2802 4271 2894 4325 καὶ
2929 4271 2958 4322 6
2993 4270 3358 4339 πατριάρχης.
3411 4268 3580 4321 Πάλιν
3624 4268 3937 4337 ἀπέρχεται
3988 4271 4014 4319 ὁ

2432 4362 2685 4433 βασιλεὺς
2713 4365 2790 4425 είς
2819 4362 2879 4415 τὸ
2904 4359 3268 4431 μητατώριον,
3288 4359 3382 4411 καὶ
3409 4360 3505 4429 τῆς
3535 4358 3687 4421 οείας
3721 4359 4016 4418 κοινωνίας

2432 4451 2868 4521 καταλαϐούσης,
2892 4452 2919 4503 6
2939 4450 3036 4518 τῆς
3071 4450 3456 4510 καταστάσεως
3477 4446 3630 4517 δηλοί
3662 4446 3739 4515 τῷ
3769 4463 4014 4517 πραιπο-

2434 4542 2585 4611 σίτῳ,
2619 4543 2712 4594 καὶ
2746 4542 2773 4593 6
2806 4540 3159 4610 πραιπόσιτος
3190 4538 3266 4607 τῷ
3317 4537 3548 4608 βασιλεῖ,
3583 4538 3678 4589 καὶ
3726 4538 4017 4607 ἐξέρχεται

753 4634 953 4686 donum
987 4634 1280 4702 accipiens,
1329 4633 1609 4687 osculatur
1633 4633 2018 4703 patriareham,
2071 4645 2122 4685 et
2147 4646 2175 4685 a
2208 4631 2322 4701 pul-

2430 4632 2847 4701 δηριγευόμενος
2882 4630 2988 4681 ὑπὸ
3016 4629 3127 4680 τῶν
3179 4628 3615 4696 προειρημένων,
3653 4628 3748 4678 καὶ
3784 4627 4018 4696 πλησίοι

755 4727 867 4792 pito
898 4725 1234 4781 descendens
1266 4725 1425 4795 idque
1452 4735 1534 4779 ter
1562 4742 1724 4782 cruce
1751 4728 1994 4797 signans,
2014 4726 2322 4779 communi-

754 4826 860 4870 cat.
898 4814 991 4869 Sic
1021 4815 1087 4870 ad
1110 4817 1248 4870 idem
1288 4818 1551 4887 pulpitum
1584 4820 1846 4880 ascendit,
1885 4818 2090 4871 ostiarii
2143 4816 2319 4870 domi.

755 4908 928 4975 nicale
952 4909 1251 4973 revolvunt,
1276 4918 1329 4962 et
1358 4923 1515 4965 sacro
1540 4909 1667 4963 vino
1690 4924 1717 4961 a
1737 4909 2044 4979 patriarcha
2073 4916 2317 4977 accepto,

756 4998 888 5064 nbit,
925 5006 980 5053 et
1025 5008 1308 5067 postquam
1363 5007 1614 5068 precatus
1668 5010 1771 5061 est,
1835 5014 1894 5053 se
1941 5000 2169 5053 invicem
2226 4998 2321 5049 ad-

2427 4722 2519 4787 τοῦ
2564 4722 2900 4793 πατριάρχου
2923 4720 3213 4789 γενόμενος
3263 4717 3399 4785 πρὸς
3446 4718 3507 4769 τὸ
3534 4719 3870 4786 κοινωνῆσαι
3921 4718 4018 4771 τοῦ

2428 4812 2698 4881 ἀχράντου
2757 4811 3005 4880 σώματος
3054 4810 3147 4861 καὶ
3202 4808 3431 4875 αἵματος
3490 4807 3602 4876 (85)
3656 4806 3748 4859 τοῦ
3802 4808 4017 4877 Κυρίου

2432 4902 2588 4970 ὴμῶν
2620 4901 2793 4969 Ἰησοῦ
2822 4899 3078 4971 Χριστοῦ,
3098 4898 3361 4967 κρατοῦσι
3391 4897 3481 4949 δύο
3508 4898 3772 4967 ὀπιάριοι
3796 4899 4018 4967 διυμνι-

2432 4994 2619 5046 κάλιον
2652 4993 2764 5063 (86)
2796 4992 3142 5063 ἠπλωμένον,
3178 4992 3271 5042 καὶ
3296 4989 3585 5059 δεξάμενος
3620 4989 3680 5041 τὸ
3701 4990 3886 5058 τίμιον
3911 4990 4018 5043 δῶ-

2025 5149 2259 5206 ιτΑιιιιεΕ
2292 5147 2698 5205 LECTIONES.

828 5248 871 5281 “
900 5248 967 5302 τά
992 5249 1085 5302 δύο
1117 5249 1236 5319 ἱερὰ
1279 5266 1399 5301 ποτ.
1433 5250 1525 5302 καὶ
1558 5250 1681 5309 τοὺς
1707 5248 1799 5302 δύο
1833 5249 1980 5315 conj.
2002 5247 2067 5300 ll.

2147 5246 2191 5276 "
2218 5243 2485 5314 βαστάσαι
2516 5245 2605 5300 ed.
2664 5245 2710 5275 ⁸³
2740 5244 2818 5297 τὼ
2843 5243 3019 5313 κηρίω
3047 5242 3165 5298 cod.

1772 5397 1962 5452 JOAN.
1992 5395 2131 5451 ιλιι.
2173 5396 2424 5455 BEISKII
2469 5396 3045 5455 COMMENTARIUS.

831 5494 940 5563 (83‘;
976 5492 1097 5563 '[Dc
1147 5492 1530 5545 communione
1577 5494 1675 5563 sub
1727 5503 1957 5563 utraque
2014 5500 2067 5543 et
2112 5490 2328 5563 quando

759 5559 1015 5623 abrogata-
1065 5563 1224 5614 fuerit
1253 5578 1297 5613 ν.
1335 5578 1453 5629 pag.
1516 5563 1583 5613 62
1631 5562 1759 5614 0rd.
1801 5562 1955 5613 Ιὶοιιι.
2007 5559 2243 5629 pontifex
2277 5570 2329 5610 et

760 5653 785 5688 r
806 5652 847 5684 is.
875 5634 1110 5686 Francize
1138 5634 1331 5701 prircul
1350 5634 1684 5684 ensrmb/edu
1708 5634 1832 5699 pain
1866 5642 1909 5681 et
1934 5634 2003 5681 du
2034 5631 2117 5682 vin
2138 5628 2323 5681 bénits.

759 5706 1025 5770 aint-lay,
1064 5700 1291 5768 Abrége,
1315 5718 1366 5767 p.
1400 5703 1522 5754 5:25.
1565 5703 1861 5752 Κοντακίου
1893 5702 2107 5759 veteris,
2144 5701 2328 5770 inquo

760 5784 837 5823 ira".
865 5769 1021 5825 rantur
1072 5789 1258 5836 pri-(tes
1303 5774 1543 5839 qundam
1602 5773 1652 5821 iu
1707 5772 1942 5823 Ecclesia
1986 5770 2089 5820 diri
2127 5769 2318 5839 solt_l;t-,

770 5844 1047 5909 ,κυρίη-ιω
1101 5854 1275 5896 exstat
1321 5837 1397 5894 ἰιι
1454 5841 1837 5895 Mentl'auconii
1891 5839 2143 5893 biblioth.
2198 5837 2321 5890 Mss.

2434 5491 2575 5543 inter
2618 5490 2834 5542 codices
2878 5488 3140 5541 Crasserii
3205 5486 3573 5541 Leodiccnsis.
3620 5487 3885 5555 Depictus
3942 5495 4015 5547 ibi

2434 5561 2737 5629 patriarcha
2802 5560 3116 5629 imperatori
3174 5573 3387 5613 sacram
3441 5564 4019 5617 eommunionemiin-

2432 5627 2690 5698 partiens.
2718 5645 2770 5696 p.
2795 5627 2943 5699 605.]

2503 5700 2615 5767 (86)
2652 5702 2890 5763 Apparet
2939 5714 3059 5751 esse
3114 5699 3388 5752 sudarium
3438 5700 3518 5750 vel
3574 5715 3855 5767 mappam,
3911 5718 4018 5761 eno

2429 5784 2642 5820 sacrum
2681 5769 2883 5821 Christi
2937 5784 3134 5834 cmpus
3184 5774 3435 5831 excipere
3483 5781 3529 5821 et
3578 5786 3765 5819 suum
3806 5770 4019 5824 diferre

2432 5842 2645 5893 domum
2712 5839 2953 5892 Solebant
3014 5842 3499 5894 t'omtnuniraitiz‘s.
3554 5839 3671 5903 Quo
3708 5842 3776 5894 de
3828 5843 3935 5896 εέιιι
3965 5857 4007 5891 δ’.
