4148 6440
129 405 231 466 389

973 410 1072 469 DE
1110 407 1562 470 CERIMONIIS
1598 408 1817 469 ΑυιιΕ
1850 409 2291 469 BYZANTINIE
2330 412 2458 470 LIB
2506 412 2554 469 Ι.

3277 411 3386 476 390

200 520 277 576 [ζ’.
302 524 413 593 Τῆς
451 523 505 575 δὲ
529 522 678 585 θείας
704 520 987 585 κοινωνίας
1038 522 1382 593 ἐγγιξυύσης,
1436 524 1712 592 προστάσ-

1889 524 1950 576 V.
2004 525 2203 578 Divina:
2248 536 2426 578 autem
2480 525 2877 580 communionis
2914 533 3156 595 tempore
3212 528 3394 581 immi—

136 635 216 667 σει
275 618 303 669 6
338 615 695 684 πραιπόσιτος
718 614 823 669 ἀπὸ
867 612 1171 676 κελεύσεως
1200 615 1277 684 τῷ
1310 615 1407 682 τῆς
1434 616 1707 667 καταστά-

133 727 289 771 σεως,
343 710 435 761 καὶ
488 708 809 760 ἀποστέλλει
875 706 1266 776 σιλεντιαρίους
1332 705 1425 759 δύο
1469 708 1604 777 πρὸς
1649 707 1711 758 τὸ

131 780 615 867 προσκαλέσασθαι
641 797 730 850 τὸν
767 797 1136 867 πατριάρχην,
1177 798 1272 850 καὶ
1296 797 1590 865 ἀνάγουσιν
1614 798 1712 849 aii-

128 892 215 943 τὸν
240 891 337 942 διὰ
366 890 462 943 τοῦ
496 890 787 960 στυρακίου
820 892 877 942 ἐν
906 890 982 959 τῷ
1005 890 1298 960 είκτηρίῳ,
1330 891 1389 942 ἐν
1417 883 1462 957 ᾧ
1502 891 1711 943 ἵσταται

128 984 153 1030 6
215 980 495 1049 βασιλεὺς.
548 980 994 1049 Κοινωνήσαντος
1036 980 1091 1033 δὲ
1135 981 1227 1032 τοῦ
1258 981 1520 1050 βασιλέως
1561 980 1711 1050 παρὰ

128 1070 219 1122 τοῦ
255 1071 597 1140 πατριάρχου
625 1070 719 1122 τοῦ
753 1072 1025 1140 ἀχράντου
1076 1070 1328 1139 σώματος
1356 1070 1449 1123 καὶ
1480 1071 1711 1140 αἵματος

129 1162 216 1213 τοῦ
250 1164 484 1231 Κυρίου,
517 1162 823 1232 εἰσέρχεται
845 1164 903 1213 ἐν
923 1162 998 1230 τῷ
1032 1164 1274 1229 κοιτῶνι,
1299 1162 1392 1215 καὶ
1418 1158 1518 1215 εἶθ’
1539 1162 1712 1226 οὕτως

128 1254 461 1317 εἰσελθόντος
483 1253 761 1321 πατρίκιοί
788 1270 844 1305 τε
878 1257 970 1305 καὶ
1006 1257 1307 1325 στρατηγοὶ
1336 1255 1431 1308 καὶ
1460 1255 1711 1325 δομέστι-

129 1360 208 1395 xor.
232 1347 331 1395 καὶ
360 1347 409 1396 οἱ
442 1345 510 1396 τὰ
536 1344 725 1413 πρῶτα
755 1344 986 1412 ὀφφίκια
1017 1346 1359 1416 κατέχοντες,
1392 1348 1709 1399 κοινωνοῦσι

126 1436 215 1484 καὶ
246 1435 411 1485 αὐτοὶ
434 1436 497 1486 ἐκ
525 1434 636 1486 τῶν
668 1436 868 1504 χειρῶν
898 1436 991 1487 τοῦ
1026 1437 1366 1507 πατριάρχου
1388 1453 1401 1466 ·
1442 1436 1538 1489 καὶ
1566 1437 1704 1490 πάν.

123 1541 224 1576 των
258 1524 588 1589 ἐξελθόντων
634 1527 728 1579 καὶ
756 1526 850 1579 τοῦ
882 1528 1222 1597 πατριάρχου
1257 1528 1541 1597 μέλλοντος
1571 1545 1704 1581 κατ-

124 1620 407 1686 έρχεσθαι,
442 1622 679 1685 ἑστῶτος
701 1620 796 1675 τοῦ
831 1623 1091 1691 βασιλέως
1137 1624 1444 1693 ἔμπροσθεν
1483 1623 1585 1693 τῆς
1614 1623 1708 1677 θύ-

120 1727 214 1784 ρας
261 1712 362 1764 τοῦ
397 1713 655 1775 κοιτῶνος
714 1713 903 1776 αὐτοῦ,
962 1716 1359 1785 προσκυνοῦσιν
1405 1716 1706 1785 ἀμφότεροι

118 1801 405 1869 ἀλλήλους,
464 1805 559 1855 καὶ
603 1803 854 1856 ἀπελθὼν
897 1805 926 1857 6
974 1806 1321 1875 πατριάρχης
1365 1806 1575 1859 ὲκτελεῖ
1605 1807 1706 1877 τὴν

1817 623 2003 679 neute,
2036 615 2355 683 prtvpositus
2384 630 2413 669 a
2446 620 2701 669 mandato
2742 619 3161 671 cerimoiiiarum
3217 621 3390 688 tnagi~

1817 717 1988 759 strqu
2056 707 2232 775 jubet,
2304 715 2361 759 ut
2425 708 2559 761 duos
2622 707 2954 761 silemiarins
3018 708 3385 775 patriareham

1817 810 2109 853 vocaturos
2133 800 2331 862 mittat,
2351 813 2510 868 quem
2537 814 2632 866 per
2659 799 2956 869 Styracinm
2982 800 3034 851 in
3060 800 3386 868 oratorium,

1815 893 1904 945 ubi
1949 892 2246 959 imperator
2288 902 2392 951 est,
2427 892 2717 943 adducunt.
2768 890 3058 958 Postquam
3096 895 3390 958 imperator

1813 995 1843 1035 e
1894 981 2217 1049 patriarcha:
2265 997 2421 1034 manu
2452 995 2648 1048 corpus
2700 990 2753 1033 et
2808 982 3125 1049 sanguinem
3179 984 3387 1036 Domini

1814 1075 2043 1141 accepit,
2072 1072 2381 1127 cubiculum
2421 1074 2610 1133 intrat,
2646 1072 2698 1124 in
2737 1088 2844 1140 quo
2877 1073 3109 1139 patricii,
3140 1076 3382 1142 Strategi,

1811 1165 2093 1219 domestici
2122 1174 2175 1219 et
2209 1164 2476 1233 supremis
2523 1162 2712 1218 ciliciis
2734 1162 2934 1216 admoti
2958 1180 3110 1217 sacra
3143 1181 3389 1220 commu-

1813 1257 1974 1309 nioue
2007 1272 2033 1308 a
2073 1256 2382 1324 patriarcha
2422 1255 2846 1324 impertiuntur:
2893 1255 3090 1324 quibus
3136 1259 3388 1310 Omnibus

1813 1348 2073 1415 egressis,
2108 1348 2231 1401 dum
2292 1347 2634 1414 patriarcha,
2681 1347 3009 1411 imperatore
3058 1349 3123 1399 ad
3174 1358 3384 1417 portam

1811 1436 2046 1489 cubiculi
2082 1437 2163 1489 sui
2193 1432 2513 1499 constituto,
2538 1436 2867 1489 descendere
2909 1438 3038 1500 vult,
3066 1437 3176 1506 90
3202 1454 3260 1491 se
3303 1440 3387 1492 it.-

1812 1526 1984 1579 vicem
2041 1527 2305 1590 adorant,
2365 1527 2673 1594 patriarcha
2717 1526 2783 1578 ad
2839 1540 3051 1579 sacram
3111 1530 3385 1597 liturgiam

1810 1616 2189 1671 celebrandam
2222 1618 2354 1671 abit.
2385 1620 2499 1685 Qua
2535 1619 2601 1671 ad
2642 1618 2801 1671 linem
2838 1620 3120 1686 perducta,
3153 1622 3387 1688 impera-

1812 1720 1898 1765 tor
1954 1719 2156 1764 mutata
2208 1722 2484 1780 vesleper
2539 1712 2834 1766 triclinium
2873 1712 3061 1765 Sancti
3102 1713 3381 1781 Sepulchri

1813 1803 2027 1862 transit,
2053 1803 2398 1855 cubiculariis
2427 1803 2544 1856 vela
2574 1812 2629 1854 et
2662 1804 2925 1866 cortinas,
2956 1818 3079 1871 quae
3113 1804 3183 1855 ibi
3231 1814 3380 1865 sunt,

118 1892 266 1943 θείαν
298 1892 645 1963 λειτουργίαν
684 1894 923 1949 ἅπασαν.
948 1896 1312 1967 Τελεσθείσης
1337 1896 1393 1949 δὲ
1427 1898 1524 1964 τῆς
1550 1898 1697 1960 θείας

1809 1893 2171 1961 portantibus,
2224 1902 2278 1945 et
2311 1909 2407 1961 per
2458 1892 2748 1947 lateritiam
2806 1894 3261 1948 substructionem
3294 1908 3386 1947 co-

118 1983 487 2055 λειτουργίας,
535 1986 809 2058 διέρχεται
870 1990 899 2041 6
960 1988 1214 2056 βασιλεὺς
1254 1989 1590 2059 ἡλλαγμένος
1619 1988 1708 2042 διὰ

115 2073 208 2128 τοῦ
233 2078 519 2144 τρικλίνου
548 2078 645 2147 τῆς
708 2078 899 2146 Ἀγίας
945 2079 1135 2150 Σοροῦ,
1176 2080 1554 2148 βασταζόντων
1597 2080 1708 2133 τῶν

117 2168 585 2237 κουόικουλαρίων
617 2170 684 2224 τὰ
718 2172 895 2223 ἐκεῖσε
960 2170 1088 2224 ὄντα
1120 2170 1260 2241 pilai
1292 2189 1349 2224 τε
1393 2172 1488 2226 καὶ
1530 2172 1710 2241 κορτί-

116 2275 210 2320 νας
234 2260 376 2329 (15),
400 2260 499 2312 καὶ
525 2261 811 2332 ἀνέρχεται
828 2263 856 2315 6
879 2260 1130 2331 βασιλεὺς
1161 2262 1249 2315 διὰ
1275 2261 1367 2315 τοῦ
1400 2261 1704 2332 βισαλωτοῦ

114 2354 204 2402 καὶ
258 2354 355 2404 τοῦ
412 2352 656 2422 κοχλιοῦ,
718 2354 810 2406 καὶ
861 2353 1170 2423 εἰσέρχεται
1225 2356 1282 2406 ὲν
1328 2356 1406 2423 τῷ
1431 2354 1707 2424 Δανουδίῳ

121 2444 387 2513 τρικλίνῳ
421 2486 434 2508 ,
490 2447 583 2497 καὶ

661 2445 878 2499 ἵσταται
933 2447 964 2516 ἡ
1021 2446 1177 2517 τιμία
1226 2447 1393 2500 αὑτοῦ
1467 2446 1717 2517 τράπεζα

1807 1986 2128 2054 chleamque
2166 1986 2460 2039 triclinium
2496 1985 2801 2039 Danubium
2854 1987 3046 2047 intrat,
3098 1984 3184 2038 ubi
3222 2001 3385 2039 vene-

1809 2082 1972 2130 randa
1996 2091 2181 2130 mensa
2211 2078 2330 2144 ejus
2354 2078 2609 2146 reposita,
2629 2088 2683 2130 et
2707 2078 3125 2145 protospatharii
3150 2078 3382 2143 barbati,

1805 2170 2364 2237 spatharocandidati,
2411 2168 2750 2223 manclavita:
2809 2170 3103 2237 czctenique
3149 2170 3383 2223 ministri

1806 2276 1999 2315 omnes
2041 2261 2354 2330 congregati
2404 2272 2566 2315 sunt:
2604 2277 2671 2315 cx
2715 2262 2820 2322 his,
2851 2276 2989 2329 quos
3010 2274 3178 2314 coma:
3230 2261 3356 2314 atlhi

1814 2352 1932 2406 beri
1962 2352 2256 2420 imperator
2280 2353 2524 2421 jusserit,
2554 2353 2651 2415 ibi,
2672 2353 2851 2406 caueri
2873 2367 3150 2422 proceres,
3185 2351 3382 2423 singuli

1826 2446 1878 2498 in
1911 2459 2011 2499 suo
2036 2444 2310 2508 cubiculo,
2350 2455 2596 2499 manent.

114 2539 319 2599 ἐκεῖσε,
370 2538 467 2589 καὶ
511 2539 766 2607 μένουσιν
818 2540 997 2593 ἐκεῖσε
1032 2539 1522 2611 πρωτοσπαθάριοι
1570 2537 1858 2608 βαρῦάτοι,
1894 2536 2458 2606 σπαθαροκανδιδάτοι
2498 2537 2595 2591 καλ⁸
2617 2537 2668 2590 οἱ
2692 2539 2783 2590 ἐπὶ
2815 2536 2908 2590 τοῦ
2943 2537 3248 2608 μαγλαϐίου
3288 2538 3386 2591 καὶ

113 2629 295 2681 λοιποὶ
353 2631 595 2693 ἅπαντες
624 2634 914 2698 οίκειακοὶ,
968 2635 1066 2686 καὶ
1086 2635 1210 2687 τότε
1277 2638 1325 2688 οἱ
1385 2636 1482 2705 μὲν
1554 2634 1849 2703 κληθέντες
1889 2632 1947 2697 ἐξ
1978 2633 2158 2686 αὐτῶν
2188 2633 2502 2702 ἐκδέχονται
2526 2634 2726 2696 ἐκεῖσε,
2756 2636 2803 2686 οἱ
2833 2635 2890 2687 δὲ
2915 2634 3096 2687 λοιποὶ
3120 2634 3385 2705 ἄρχοντες

112 2722 348 2781 ἐκαστος
381 2723 439 2773 ὲν
464 2721 543 2790 τῷ
578 2724 794 2776 κοιτῶνι
821 2725 988 2778 αὑτοῦ
1017 2726 1087 2779 ’⁸.

180 2809 276 2876 (τ’.
316 2811 378 2862 'U
405 2810 461 2862 δὲ
498 2813 752 2879 βασιλεὺς
780 2814 1019 2868 ἀνελθὼν
1066 2818 1126 2869 ἐν
1170 2814 1246 2885 τῷ
1288 2816 1700 2885 ’Δναστασιακῷ

110 2901 376 2969 τρικλίνῳ
401 2902 496 2953 καὶ
524 2903 860 2969 ἀπαλλάξας,
908 2905 1062 2975 μένει
1121 2908 1259 2975 μετὰ
1294 2908 1363 2959 τὸ
1385 2908 1699 2978 διΰητήσιον

114 2990 307 3042 αὑτοῦ·
338 2992 388 3043 οί
417 2991 473 3043 δὲ
497 2990 865 3064 σιλεντιάριοι,
921 2993 1427 3063 προσκαλεσάμενοι
1459 2996 1549 3048 ἰὺν
1592 3013 1696 3048 πα-

110 3083 407 3152 τριάρχην,
434 3084 799 3153 ἀναφέρουσιν
833 3087 996 3139 αὑτὸν
1035 3089 1197 3157 μέχρι
1228 3088 1313 3139 τοῦ
1339 3088 1575 3156 κοχλιοῦ,
1604 3090 1699 3142 καὶ

110 3175 345 3237 καθίσας
375 3177 554 3227 ἐκεῖσε
615 3176 842 3245 πλησίον
895 3178 994 3246 τῆς
1053 3179 1382 3249 εἰσαγούσης
1429 3180 1603 3250 πύλης
1639 3182 1698 3233 ἐν

1876 2809 1962 2865 \‘l.
1994 2810 2295 2880 Imperator
2343 2808 2396 2865 in
2446 2810 2745 2866 triclinium
2785 2813 3067 2868 Anastasii
3117 2816 3381 2881 ascetnlit,

1800 2915 1877 2967 et,
1904 2904 2146 2957 vestibus
2177 2904 2380 2966 exutis,
2426 2904 2479 2957 in
2524 2918 2626 2958 suo
2655 2905 2919 2960 dibetesio
2958 2916 3135 2961 manet
3170 2926 3183 2961 :
3216 2909 3387 2963 silen-

1800 2997 1943 3051 tiarii
1997 3010 2129 3051 vero
2190 2998 2507 3051 advocatum
2567 2997 2929 3066 patriarcham
2972 3001 3038 3053 ad
3104 3001 3383 3056 cochleam

1801 3085 2030 3150 ducunt,
2065 3085 2177 3151 ubi,
2212 3088 2336 3139 dmn
2386 3101 2553 3154 prope
2585 3097 2794 3154 portam
2832 3090 2882 3141 in
2929 3089 3245 3153 triclinium,
3292 3092 3380 3145 ubi

1801 3189 1987 3229 mensa
2016 3176 2185 3241 posita
2214 3184 2320 3238 est,
2367 3176 2677 3240 ducentem,
2715 3178 2936 3244 residet,
2974 3181 3296 3249 praepositus
3328 3182 3382 3235 id

107 3265 186 3332 τῷ
214 3266 506 3335 τρικλίνῳ,
566 3268 623 3319 ἐν
662 3260 706 3335 ᾧ
744 3271 775 3337 ὴ
809 3270 1062 3339 τράπεζα
1099 3270 1339 3334 ἵσταται,
1377 3272 1573 3342 μηνύει
1618 3271 1695 3343 τῷ

1806 3265 2108 3332 imperatori
2166 3266 2387 3329 indicat,
2438 3266 2530 3335 qui
2569 3268 2915 3335 praepositum
2966 3269 3137 3338 jubet,
3175 3280 3232 3323 ut
3287 3286 3382 3339 pa-

110 3356 328 3422 βασιλεῖ
371 3359 401 3409 6
451 3359 831 3427 πραιπόσιτος,
864 3362 891 3413 6
944 3361 1000 3414 δὲ
1057 3360 1309 3430 βασιλεὺς
1362 3364 1572 3416 κελεύει
1620 3364 1697 3435 τῷ

114 3448 463 3516 πραιποσίτῳ
515 3447 992 3517 προσκαλέσασθαι
1036 3451 1127 3504 τὸν
1180 3453 1549 3524 πατριάρχην,
1604 3454 1698 3508 καὶ

109 3540 333 3590 ῐσταται
384 3543 414 3591 ὁ
446 3538 718 3607 βασιλεὺς,
769 3542 952 3613 φορῶν
989 3543 1051 3595 τὸ
1080 3544 1271 3611 σαγίον
1317 3544 1503 3608 αὐτοῦ,
1542 3544 1599 3595 ὲν
1630 3547 1696 3616 τῇ

107 3631 381 3698 τραπέζῃ.
421 3631 770 3700 ἐκδεχόμενος
798 3633 889 3684 τὸν
920 3634 1290 3704 πατριάρχην,
1340 3636 1432 3687 καὶ
1458 3636 1702 3689 καταλα-

106 3722 301 3785 εόντος
356 3723 450 3775 τοῦ
502 3727 879 3795 πατριάρχου,
927 3728 1363 3797 προσκαλοῦνται
1410 3731 1563 3800 παρὰ
1604 3731 1698 3784 τοῦ

108 3815 466 3883 πατριάρχου
524 3816 573 3867 οἱ
633 3816 798 3885 ἱερεῖς
856 3818 951 3871 καὶ
980 3818 1193 3873 ποιοῦσι
1216 3820 1309 3871 τὸν
1342 3820 1540 3891 στίχον.
1592 3824 1699 3876 Καὶ

107 3902 206 3958 εἷθ’
236 3906 422 3967 οὓτως
443 3909 470 3958 δ
499 3909 596 3977 μὲν
633 3908 881 3977 βασιλεὺς
915 3911 1169 3963 ἐκϐάλλει
1201 3913 1261 3964 τὸ
1293 3914 1482 3980 σαγίον
1510 3914 1696 3978 αὑτοῦ,

106 4000 133 4048 6-
166 3997 225 4048 δὲ
270 3999 626 4068 πατριάρχης
685 4001 745 4051 τὸ
774 4001 1085 4073 ὠμοφὸριον
1115 4002 1302 4065 αὑτοῦ,
1331 4005 1424 4056 καὶ
1448 4004 1701 4068 λαεὸντες

106 4090 244 4143 αὐτὸ
293 4090 347 4140 οί
400 4091 588 4159 ἱερεῖς,
637 4092 975 4162 ἐξέρχονται.
1014 4095 1125 4146 Καὶ
1174 4094 1503 4157 καθίσαντες
1546 4098 1603 4147 ἐν
1634 4099 1698 4166 τῇ

106 4181 366 4250 τραπέζῃ
392 4181 421 4234 ὅ
452 4198 511 4233 τε
530 4182 783 4250 βασιλεὺς
813 4186 905 4236 καὶ
934 4186 963 4236 6
993 4187 1356 4255 πατριάρχης,
1387 4187 1699 4255 εἰσφέρουσι

104 4274 176 4324 τι
204 4273 593 4342 κσυκουμάρια
618 4275 1052 4346 κουὸικουλάριοι
1078 4276 1193 4342 δύο,
1213 4278 1306 4329 καὶ
1335 4280 1550 4331 πίνουσι
1567 4278 1701 4350 πρὸς

109 4364 286 4427 απαξ,
314 4363 413 4416 καὶ
443 4360 545 4417 εἶθ’
564 4365 738 4427 οὕτως
758 4368 1091 4443 εἰσέρχονται
1127 4370 1177 4420 οἱ
1208 4369 1370 4437 φίλοι,
1389 4368 1484 4421 καὶ
1513 4372 1697 4422 ἐπιτε-

107 4453 289 4506 λεῖται
306 4457 340 4522 ἡ
362 4456 617 4523 συνήθεια
630 4459 781 4510 πᾶσα
792 4458 885 4510 τοῦ
906 4460 1227 4529 τραπεζίου’
1247 4462 1340 4514 καὶ
1355 4462 1701 4515 ἀναστάντων

108 4546 222 4597 τῶν
241 4546 415 4612 φίλων
443 4547 538 4598 καὶ
563 4546 907 4612 ἐξελθόντων,
939 4550 1093 4619 μένει
1120 4550 1147 4602 6
1176 4567 1234 4602 τε
1265 4550 1517 4619 βασιλεὺς
1551 4552 1644 4604 καὶ
1671 4554 1700 4606 6

108 4635 495 4703 πατριάρχης,
524 4634 620 4686 καὶ
642 4635 953 4704 εἰσφέρουσι
981 4637 1141 4690 πάλιν
1172 4638 1221 4690 oi
1258 4636 1699 4708 κονόικουλάριοι

105 4728 177 4775 τα
196 4725 604 4793 κουκουμάρια,
624 4726 946 4791 καῖπιόντες
962 4728 1123 4781 πάλιν
1141 4729 1272 4799 πρὸς
1288 4727 1435 4792 ἅπαξ
1451 4728 1673 4782 άνίσταν
1688 4758 1699 4767 -

107 4831 227 4877 ται,
257 4815 360 4867 καὶ
388 4816 416 4866 ὁ
440 4816 537 4883 μὲν
567 4817 910 4887 πατριάρχης
939 4820 1130 4889 μικρὸν
1151 4819 1484 4884 ὑπεξελθὼν,
1518 4820 1701 4890 βάλλει

110 4906 206 4955 τὸν
227 4904 546 4976 ὠμοφόριον
576 4907 765 4973 αὑτοῦ,
785 4910 813 4960 6
839 4908 895 4959 δὲ
924 4907 1176 4977 βασιλεὺς
1201 4910 1261 4961 τὸ
1292 4910 1480 4977 σαγίον
1510 4909 1699 4977 αὑτοῦ,

114 4997 210 5045 καί
242 4997 494 5059 εἰπόντες
515 4997 607 5049 τὸν
632 4999 838 5068 στίχον,
872 4999 1148 5052 ἐπιδίδωσι
1200 4998 1279 5069 τῷ
1307 5001 1518 5070 βασιλεῖ
1544 5002 1572 5053 6
1596 5020 1702 5055 πα-

111 5087 390 5157 τρεάρχης
441 5086 713 5155 εὐλογίας,
760 5091 852 5142 καὶ
893 5089 1204 5159 ἐξέρχονται
1247 5094 1295 5144 οἱ
1332 5094 1519 5162 ἱερεῖς.
1554 5094 1700 5146 Καθ-

113 5174 303 5235 ἑξεται
351 5175 411 5228 δὲ
460 5176 490 5228 ὃ
529 5192 588 5227 τε
620 5176 872 5246 βασιλεὺς
901 5178 995 5231 καὶ
1030 5181 1058 5231 6
1096 5181 1442 5249 πατριάρχης
1485 5184 1699 5253 μικρὸν,

1802 3356 2094 3409 triarcham
2120 3364 2402 3421 arcessat;
2434 3357 2546 3424 ipse
2574 3371 2703 3423 sago
2737 3372 2834 3411 suo
2865 3359 3104 3424 indutus,
3131 3362 3198 3414 all
3228 3376 3384 3416 men-

1800 3459 1914 3499 sam
1943 3447 2308 3514 patriarrham
2340 3447 2562 3516 excipit,
2589 3448 2679 3516 qui
2714 3450 2955 3511 veniens,
2982 3453 3292 3506 sacerdotes
3312 3454 3380 3507 ad

1801 3535 2032 3589 stichnm
2062 3552 2154 3589 seu
2200 3538 2500 3591 orationem
2534 3539 2815 3612 dicendam
2849 3552 3028 3595 vocat.
3077 3538 3380 3612 Imperator

1803 3627 1997 3682 deinde
2044 3642 2234 3697 sagum
2293 3644 2472 3697 suum,
2502 3610 2812 3698 patriar‘cha
2850 3647 2977 3686 vero
3003 3634 3381 3703 omophorium

1802 3720 2037 3786 deponit,
2054 3720 2194 3786 quod
2218 3721 2528 3775 sacerdotes
2551 3732 2831 3792 postquam
2857 3739 3138 3793 accepere,
3156 3727 3378 3784 abeunt.

1800 3807 2006 3862 Interea
2039 3810 2164 3861 dum
2209 3824 2407 3863 mensa:
2456 3810 2751 3878 imperator
2779 3820 2835 3865 et
2878 3813 3186 3881 patriarcha
3238 3815 3379 3867 assi-

1801 3901 1949 3962 dent,
1979 3903 2086 3953 duo
2128 3901 2449 3954 cubicularii
2480 3903 2795 3956 cucumaria
2825 3903 3079 3968 aderunt,
3106 3918 3170 3958 ac
3210 3906 3376 3960 semel

1803 3994 2012 4057 bibunt,
2041 3992 2255 4055 deinde,
2282 3994 2472 4047 amicis
2499 3994 2783 4063 ingreSsis,
2817 3995 2996 4049 omnis
3020 4011 3221 4050 mensa:
3245 3998 3381 4051 ordo

1803 4085 2077 4153 peragitur
2102 4101 2115 4137 :
2143 4094 2429 4153 postquam
2453 4100 2583 4138 vero
2605 4100 2894 4140 surrexere
2916 4085 3078 4139 amici
3097 4097 3152 4140 et
3174 4090 3377 4156 egressi

1803 4184 1948 4241 sunt,
1983 4176 2278 4244 imperator
2308 4186 2363 4230 et
2389 4176 2699 4244 patriarcha
2739 4187 3039 4242 remanent,
3063 4178 3379 4233 cubicularii

1804 4283 1993 4322 rursus
2023 4269 2332 4322 cucumaria
2368 4267 2621 4334 afferunt,
2658 4278 2713 4322 et
2761 4278 3045 4339 postquam
3077 4272 3257 4324 adhuc
3288 4285 3381 4325 se-

1806 4357 1906 4411 mel
1938 4370 2122 4425 patum
2158 4372 2457 4425 sumpsere,
2498 4366 2747 4428 surgunt,
2772 4368 2825 4413 et
2875 4359 3184 4427 patriarcha
3222 4360 3383 4428 paulo

1805 4464 1929 4505 ante
1957 4467 2231 4519 egressus,
2266 4452 2664 4520 omophorium,
2682 4438 2979 4523 imperator
3008 4469 3195 4524 sagum
3222 4472 3380 4508 sumn

1805 4544 1999 4604 induit,
2036 4544 2289 4612 dictaque
2308 4544 2575 4606 oratione,
2605 4537 3261 4613 patriarclta'imperatori
3292 4549 3383 4601 be-

1804 4636 2164 4690 nedictionem
2196 4637 2313 4699 dat,
2339 4636 2650 4691 sacerdotes
2673 4637 2893 4691 abeunt.
2926 4636 3219 4705 Postquam
3255 4654 3384 4691 vero

1801 4728 1977 4780 adlmc
1999 4728 2303 4797 'paulisper
2328 4728 2623 4797 imperator
2650 4738 2706 4783 et
2737 4730 3044 4798 patriarcha
3074 4737 3380 4788 couversati

1801 4829 1950 4881 sunt,
1986 4826 2105 4884 post
2159 4818 2529 4871 adorationem
2596 4827 2653 4870 et
2714 4818 3101 4873 salutationem
3138 4830 3381 4874 tntttuam

1802 4907 2174 4976 egrediuntur,
2209 4916 2263 4960 et
2297 4908 2661 4977 patriarcham
2692 4909 2908 4978 quidem
2942 4910 3185 4979 praefecti
3228 4913 3381 4966 cubi~

1804 5002 1909 5055 culi
1947 5004 2012 5055 ad
2044 5001 2344 5065 cochleam,
2372 5001 2496 5055 inde
2544 5001 2827 5056 silentiarii
2858 5005 2925 5057 ad
2961 5002 3215 5059 inferiora
3247 5019 3383 5059 con-

1808 5092 2037 5156 ducunt,
2074 5094 2367 5160 imperator
2401 5106 2554 5158 vero,
2589 5095 2830 5163 quandiu
2854 5099 3004 5161 cupit
3026 5105 3080 5149 et
3112 5095 3283 5159 lubet,
3310 5094 3382 5149 ibi

1810 5191 1991 5250 pet-ma
2002 5194 2108 5235 uel.

112 5268 443 5335 ἐμιλοῦντες
472 5270 607 5340 πρὸς
630 5270 912 5341 ἀλλήλους,
948 5268 1067 5325 εἶτα
1095 5247 1597 5343 προσκυνήσαντες
1629 5247 1892 5342 ἀλλήλους
1943 5276 2036 5328 καὶ
2092 5276 2493 5347 ἀσπασάμενοι,
2540 5247 2871 5349 ἐξέρχονται,
2904 5282 2997 5334 καὶ
3042 5283 3070 5335 6
3119 5281 3218 5352 μιν
3278 5296 3388 5335 πα·

1435 5409 1668 5465 VARUE
1729 5411 2126 5467 LECTlONhS.

188 5498 234 5529 ”
258 5496 368 5551 Pro
408 5496 670 5568 ἄρχοντες
698 5526 769 5537 -
805 5496 973 5551 αὐτοῦ
999 5497 1065 5553 R.
1105 5499 1256 5569 conj.
1303 5501 1427 5570 ἄρχ.
1464 5500 1693 5555 ἀπίασιν
1726 5502 1956 5565 ἕκαστος
1983 5505 2040 5555 ἐν
2070 5502 2146 5573 τῷ
2169 5504 2304 5574 οἴκῳ
2333 5505 2521 5559 αὐτοῦ.

1118 5617 1311 5674 ιοΑΝ.
1349 5620 1492 5675 JAC.
1530 5620 1777 5676 REISKll
1806 5622 2374 5690 COMMENTARIUS,

197 5736 305 5812 με»)
345 5731 539 5812 Quale.
567 5732 856 5812 discrimen
893 5732 963 5787 sit
1011 5733 1150 5786 inter
1192 5734 1310 5785 vela
1347 5743 1401 5787 ct
1430 5736 1690 5799 cortinas,
1732 5739 1982 5807 equidem
2017 5755 2119 5795 non
2172 5740 2431 5812 intelligo.
2463 5740 2579 5796 Non
2647 5743 2791 5799 enim
2826 5743 3076 5801 videntur
3137 5747 3224 5802 hic
3278 5749 3385 5805 loci

126 5806 347 5862 cortina
375 5803 497 5856 vela
529 5804 581 5856 in
628 5800 881 5857 fenestris
913 5816 1171 5871 suspensa
1206 5817 1349 5858 esse.
