4148 6440
778 417 882 479 395

1775 404 2281 468 CONSTANTINI
2314 403 2872 466 PORPIIYROGEN
2888 405 2996 466 IT!
3925 410 4024 471 395

784 535 959 601 potius
1019 527 1441 597 aniticniscopi,
1467 529 1725 595 episcopi,
1772 526 1861 591 qui
1916 523 2054 577 forte
2084 536 2147 576 eo
2174 521 2261 576 die
2302 520 2353 573 in

2470 519 2891 589 συναπέρχονται
2923 520 2980 573 δὲ
3024 517 3175 592 αύτῷ
3206 522 3624 593 μητροπολῖται,
3680 523 4033 594 άρχιεπίσγοο

784 626 916 678 :nhe
951 631 1258 687 versamur,
1280 619 1465 675 clerici
1507 632 1721 687 quoque
1781 615 1989 684 Magna:
2022 612 2271 667 Ecclesia:
2304 623 2359 665 ct

787 717 1107 786 templorum
1137 713 1595 773 suhnrhanorum,
1629 718 1682 762 et
1708 707 2017 777 quicunque
2054 705 2220 759 vitam
2264 719 2358 759 so-

783 810 1019 863 litariam
1051 807 1379 862 inomnihus
1433 800 1780 855 monasteriis
1840 814 1935 869 per
1967 798 2107 852 hanc
2158 812 2185 849 a
2249 796 2357 849 Deo

783 901 1109 954 custoditam
1139 898 1325 951 urbem
1374 899 1561 963 agunt,
1589 892 1789 945 abeunt
1845 898 1899 943 et
1952 889 2207 958 hymnum
2256 900 2357 939 no-

783 1000 1035 1045 cturnum
1063 988 1116 1040 in
1145 984 1345 1053 templo
1373 979 1680 1037 venerando
1705 979 1954 1033 recitant.
1986 976 2211 1030 Postera
2249 976 2356 1037 die,

785 1096 904 1149 quae
930 1079 1201 1133 Dominica
1230 1084 1333 1139 est,
1364 1072 1671 1142 patriarcha
1709 1085 1833 1125 cum
1868 1069 2027 1123 dictis
2052 1069 2303 1122 omnibus
2329 1083 2358 1122 c

788 1171 986 1240 templo
1010 1187 1133 1225 cum
1162 1168 1384 1222 solemni
1423 1179 1616 1235 pompa
1662 1178 1760 1234 per
1789 1160 2058 1230 porticum
2088 1158 2356 1227 publicam

787 1262 1166 1330 progreditur;
1194 1262 1484 1327 imperator
1515 1270 1664 1316 vero,
1689 1268 1719 1307 e
1749 1253 1946 1321 palatio
1972 1265 2238 1321 egressus,
2268 1264 2358 1305 sa-

785 1367 910 1419 gum
948 1350 1146 1411 ferens,
1175 1364 1273 1418 per
1300 1356 1510 1416 portam
1538 1344 1848 1414 spatharicii
1921 1343 2135 1405 transit,
2192 1342 2359 1411 stipa-

786 1453 981 1511 tttsqne
1006 1457 1032 1494 a
1056 1437 1570 1506 cuhiculariis,sagis
1595 1436 1708 1491 suis
1729 1435 1960 1500 vestitis,
1978 1449 2075 1503 per
2102 1448 2359 1503 magnan-

790 1549 905 1585 rant
954 1541 1009 1584 et
1069 1532 1328 1585 transitus
1376 1530 1494 1599 ejus
1545 1527 1852 1597 superiores
1887 1540 2091 1598 perque
2123 1526 2357 1596 ligneam

787 1622 992 1677 scalam
1031 1622 1232 1691 Magna:
1264 1621 1518 1675 Ecclesia:
1562 1619 1950 1674 catechumena
1986 1618 2174 1681 intrat,
2205 1626 2256 1672 et
2287 1616 2358 1669 ihi

788 1730 911 1768 cum
935 1714 1112 1769 cereis
1138 1713 1381 1766 accensis
1413 1722 1682 1781 precatus,
1708 1720 1817 1764 tum
1861 1710 1994 1778 ipso,
2031 1718 2141 1762 tum
2178 1707 2358 1762 exteri

787 1822 998 1871 omnes,
1019 1806 1310 1860 secundum
1342 1804 1587 1859 ordinem
1611 1801 2094 1864 suum,tnutatoria
2125 1801 2243 1854 alha
2278 1802 2358 1854 in-

2468 626 2560 662 ποι
2585 610 2679 663 καὶ
2707 610 3017 675 ἐπίσκοποι,
3050 611 3165 664 ὅσοι
3194 612 3239 665 δ’
3264 611 3332 666 ἂν
3359 613 3595 685 τύχωσιν
3618 614 3770 678 ὄντες
3802 618 3871 685 τῇ
3906 622 4033 683 αὑτὴ

2464 701 2649 772 ἡμέρα
2676 702 2735 753 ἐν
2762 702 2827 770 τῇ
2869 702 3043 767 πόλει,
3068 704 3269 771 ὁμοίως
3301 705 3397 758 καὶ
3440 707 3491 758 ot
3521 703 3772 774 κληρικοὶ
3796 708 3897 775 τῆς
3939 708 4035 761 Ms-

2464 791 2636 860 γάλης
2695 791 3017 858 Ἐκκλησίας
3070 792 3163 845 καὶ
3198 794 3248 845 οἱ
3282 793 3389 847 τῶν
3420 792 3525 858 ἔξω
3574 795 3882 863 ἐκκλησιῶν
3912 795 4035 863 (21),

2464 884 2560 937 καὶ
2591 884 2705 937 ὅσοι
2726 882 2770 935 δ’
2800 882 2865 936 ἂν
2889 884 2947 936 ἐν
2970 885 3104 937 πᾶσι
3130 886 3242 947 τοῖς
3272 886 3655 956 μοναστηρίοις
3687 887 3781 939 τὸν
3829 888 4035 957 μονήρη

2467 973 2581 1043 βίον
2604 972 2866 1027 ἀσκοῦσιν
2895 972 2954 1025 ἐν
2999 974 3171 1046 ταύτῃ
3225 979 3292 1045 τῇ
3343 975 3700 1047 Θεοφυλάκτῳ
3740 977 4038 1040 πόλει,,κα“ι

2464 1064 2773 1118 ἐκτελοῦσιν
2815 1066 3054 1128 ἅπαντες
3116 1066 3409 1136 παννύχιον
3443 1066 3615 1136 ὕμνον
3641 1070 3698 1121 ἐν
3743 1068 3823 1138 τῷ
3861 1069 4039 1134 σεπτῷ

2464 1156 2596 1226 ναῷ.
2633 1158 2711 1228 Τῇ
2737 1157 2793 1210 δέ
2821 1156 2968 1226 ἑξῆς,
3000 1158 3122 1226 ἥτις
3153 1158 3271 1212 ἐστι
3319 1159 3481 1229 κυρία
3512 1158 3621 1210 τῶν
3653 1159 3904 1228 ἡμερῶν,
3958 1158 4041 1221 ἐξ-

2464 1248 2683 1318 έρχεται
2752 1251 2781 1302 6
2837 1250 3188 1321 πατριάρχης
3246 1249 3387 1319 μετὰ
3450 1251 3559 1303 τῶν
3620 1251 4044 1321 προρρηθέντων

2465 1342 2721 1394 ἁπάντων
2744 1341 2806 1393 ἐκ
2826 1340 2921 1394 τοῦ
2950 1341 3079 1395 ναοῦ
3110 1341 3247 1412 μετά
3278 1344 3376 1411 τῆς
3405 1341 3579 1412 λιτῆς,
3615 1344 3707 1396 καὶ
3736 1343 4041 1412 διέρχονται

2463 1431 2552 1485 διὰ
2581 1432 2676 1485 τοῦ
2730 1431 2987 1503 δημοσίου
3027 1433 3280 1502 ἐμδόλου.
3318 1433 3377 1486 Ὀ
3423 1433 3481 1486 δὲ
3521 1433 3776 1503 βασιλεὺς
3811 1431 4041 1497 ἐξελθὼν

2464 1520 2574 1575 άπὸ
2610 1522 2703 1575 τοῦ
2733 1524 3017 1587 παλατίου,
3054 1522 3237 1593 φορῶν
3267 1522 3473 1590 σαγίον,
3506 1523 3593 1576 διὰ
3619 1524 3718 1591 τῆς
3742 1522 3921 1591 πύλης
3948 1520 4039 1574 τοῦ

2467 1613 2859 1682 σπαθαρικίου,
2919 1614 3013 1668 καὶ
3063 1613 3484 1684 δηριγευόμενος
3513 1613 3617 1665 ὑπό
3645 1630 3703 1666 τε
3731 1611 3839 1664 τῶν
3871 1613 3920 1644 θ’
3949 1610 4038 1663 τοῦ

2467 1701 2853 1756 κουσουκλείου
2885 1703 3195 1773 φορούντων
3242 1706 3309 1757 τά
3344 1705 3507 1771 σαγία
3537 1704 3736 1765 αὐτῶν,
3767 1703 4041 1771 διέρχεται

2463 1793 2551 1849 διὰ
2598 1795 2699 1864 τῆς
2754 1795 3069 1866 μανναύρας
3110 1795 3206 1848 καὶ
3236 1795 3345 1848 τῶν
3375 1794 3706 1848 διασατικῶν
3738 1794 3909 1861 αὐτῆς
3937 1790 4041 1843 τῶν

787 1898 979 1951 duunt.
1015 1896 1368 1950 Proeessione
1411 1894 1897 1965 appropinquante,
1939 1893 2212 1948 silentium
2262 1892 2358 1947 da-

2475 1887 2781 1958 άνωτέρων,
2848 1887 2943 1940 καὶ
2983 1887 3071 1940 διὰ
3119 1888 3219 1958 τῆς
3258 1887 3471 1957 ξυλίνης
3504 1886 3707 1947 σκάλας
3737 1886 4041 1955 είσέρχεται

789 1996 897 2051 tur,
921 1987 1028 2058 93
1068 1989 1362 2056 imperator
1413 2001 1477 2040 ex
1528 1986 1815 2041 metatorio
1844 1988 2354 2041 catechumenornm

788 2078 1051 2145 procedit,
1083 2090 1240 2144 quem
1277 2074 1487 2143 patricii
1538 2087 1643 2126 una
1691 2087 1814 2126 cum
1864 2073 2118 2125 universo
2166 2082 2357 2125 senatu

790 2169 844 2219 in
882 2182 1076 2235 magno
1112 2166 1346 2221 triclinio
1380 2165 1572 2220 secreti
1614 2163 1916 2234 excipiunt,
1947 2171 2001 2217 et
2048 2162 2355 2232 procidunt.

789 2259 995 2314 Deinde
1026 2257 1371 2328 praepositus,
1407 2257 1560 2324 signo
1592 2256 1658 2308 ah
1693 2255 2018 2323 imperatore
2065 2254 2212 2316 dato.
2243 2267 2361 2305 ma-

789 2348 959 2417 gistro
990 2346 1407 2402 cerimoniarum
1465 2343 1780 2412 annuit,qui
1812 2342 1977 2396 dicit:
2008 2359 2025 2392 ι
2069 2341 2301 2406 Juhcte;
2336 2358 2356 2392 ι

790 2441 889 2511 ipsi
918 2458 934 2495 ι
961 2460 978 2492 ι
1014 2440 1069 2494 In
1102 2438 1265 2493 multa
1300 2437 1546 2506 bonaque
1579 2445 1842 2504 tempora,
1872 2453 1891 2487 r
1934 2432 2254 2487 acclamant.

2464 1982 2523 2034 ἐν
2552 1982 2665 2044 τοῖς
2689 1981 3144 2052 κατηχουμενίοις
3162 1982 3261 2052 τῆς
3280 1980 3540 2051 Μεγάλης
3573 1980 3921 2049 Ἐκκλησίας,
3952 1980 4044 2031 καὶ

2463 2072 2722 2125 εἰσελθὼν
2773 2074 2801 2126 6
2857 2072 3109 2143 βασιλεὺς
3177 2074 3236 2125 ἐν
3296 2075 3410 2136 τοῖς
3454 2072 3912 2144 κατηχουμενίοις
3953 2072 4043 2123 καὶ

2464 2163 2776 2234 εὐξάμενος,
2805 2165 2989 2218 ᾶπτων
3014 2165 3235 2235 κηροὺς,
3260 2164 3614 2231 ύπαλλάσσει,
3652 2164 3919 2226 ὡσαύτως
3951 2163 4043 2215 καὶ

2464 2256 2666 2319 πάντες
2702 2256 2770 2309 τά
2799 2256 2939 2309 κατὰ
2998 2256 3096 2327 τὴν
3132 2256 3266 2310 ίδίαν
3292 2255 3467 2322 τάξιν,
3503 2255 3840 2324 άλλαξίματα
3866 2252 4044 2307 αὐτῶν

2465 2346 2536 2399 τά
2569 2348 2775 2415 ἇσπρα.
2799 2348 2910 2417 Τῆς
2956 2347 3010 2401 δὲ
3057 2347 3211 2416 λιτῆς
3264 2348 3611 2418 ἐγγιζούσης,
3646 2347 3847 2399 δίδοται
3872 2345 4043 2397 σιλέν-

2469 2454 2604 2503 τιον,
2638 2440 2731 2491 καὶ
2757 2437 3033 2508 ἐξέρχεται
3089 2440 3118 2492 6
3176 2438 3430 2508 βασιλεὺς
3463 2440 3526 2491 ἐκ
3568 2440 3661 2492 τού
3696 2433 4044 2508 μητατωρίου

787 2533 896 2586 τῶν
926 2532 1389 2601 κατηχουμενίων,
1418 2530 1511 2581 καὶ
1538 2528 1783 2599 δέχονται
1811 2524 1973 2579 αὐτὸν
1994 2525 2042 2577 oi
2077 2524 2357 2591 πατρίκιοι
2393 2528 2451 2582 ἐν
2478 2530 2554 2601 τῷ
2612 2530 2832 2600 μεγάλῳ
2883 2529 3144 2602 τρικλίνῳ
3183 2530 3277 2584 τοῦ
3330 2532 3587 2602 σεκρέτου
3657 2533 3793 2601 μετὰ
3871 2530 4045 2594 πάσης

789 2629 886 2697 τῆς
918 2626 1220 2695 συγκλήτου
1272 2623 1367 2676 καὶ
1405 2623 1715 2677 πίπτουσιν.
1750 2617 1883 2674 Εἶτα
1913 2618 2092 2672 λαϐὼν
2122 2618 2302 2690 νεῦμα
2342 2624 2370 2675 6
2428 2625 2785 2696 πραιπόσιτος
2840 2625 2994 2695 παρὰ
3047 2625 3141 2679 τοῦ
3206 2624 3506 2695 βασιλέως,
3560 2625 3744 2678 δίδωσι
3802 2625 3883 2694 τῷ
3951 2624 4043 2692 τῆς

793 2722 1180 2785 καταστάσεως
1207 2723 1302 2773 καὶ
1326 2720 1512 2788 λέγει’
1550 2737 1568 2768 ι
1598 2715 1907 2770 Κελεύσατε
1930 2730 1943 2744 ·
1984 2733 2002 2766 ι
2036 2714 2129 2769 καὶ
2161 2715 2317 2769 αὐτοὶ
2343 2717 2729 2790 ὑπερεύχονται
2759 2735 2774 2751 ’
2809 2737 2827 2769 ι
2856 2721 2948 2784 El;
2968 2719 3195 2785 πολλοὺς
3224 2722 3317 2774 καὶ
3356 2720 3593 2789 ἀγαθοὺς
3620 2720 3903 2789 χρόνους.»

862 2814 926 2869 ll.
952 2814 1043 2868 Sic
1068 2814 1136 2867 ab
1150 2812 1399 2867 omnibus
1420 2824 1610 2864 cereos
1640 2823 1757 2863 cum
1786 2806 1982 2877 phialis
2031 2808 2364 2875 gestantibus

2533 2809 2607 2862 B'.
2638 2810 2906 2864 Κάκεῖθεν
2956 2810 3375 2881 δηριγευόμενος
3402 2813 3429 2863 6
3460 2809 3709 2879 βασιλεὺς
3753 2811 3861 2864 ὑπὸ
3912 2811 4045 2865 πάν·

792 2910 1022 2974 stipams
1060 2912 1112 2957 et
1152 2917 1249 2972 per
1277 2914 1527 2971 magnam
1575 2896 1851 2951 cochleam
1888 2903 1944 2949 et
1990 2895 2363 2962 didascalium,

2470 2915 2572 2952 των
2611 2898 2990 2969 βασταζόντων
3043 2901 3209 2970 κηρία
3244 2900 3537 2970 ὑποφίαλα,
3583 2901 3909 2971 κατέρχεται
3962 2903 4046 2954 διά

792 2999 881 3051 uhi
937 2996 1067 3067 cycli
1114 2992 1396 3063 paschales
1443 2989 1882 3051 constituuntur,
1926 3000 2125 3057 perque
2165 2988 2364 3041 scalam

2470 2988 2561 3042 τοῦ
2594 2988 2833 3059 μεγάλου
2862 2988 3081 3060 κοχλιοῦ
3118 2991 3212 3045 καὶ
3240 2991 3329 3044 διά
3354 2992 3450 3044 τοῦ
3493 2991 3890 3060 διδασκαλείου,
3919 2993 4044 3045 ἔνθα

791 3090 1091 3157 digressus,
1145 3098 1395 3153 magnum
1450 3081 1762 3136 narthceem
1797 3093 1902 3133 non
1947 3078 2138 3141 intrat,
2179 3079 2271 3133 sed
2301 3078 2364 3133 ad

2470 3080 2538 3133 τά
2578 3081 2878 3150 πασχάλια,
2922 3082 3019 3136 καὶ
3056 3082 3331 3136 κατελθὼν
3385 3084 3452 3137 τά
3486 3084 3775 3154 γραδήλια,
3799 3086 3901 3138 οὐκ
3935 3088 4046 3139 είσ-

794 3178 981 3232 lmvam
1005 3189 1165 3243 supra
1195 3182 1454 3228 metatum
1479 3188 1506 3224 a
1540 3171 1752 3239 trigono
1782 3169 2069 3223 divertitnr
2100 3186 2115 3221 ι
2147 3169 2364 3222 cerimo-

2470 3170 2693 3239 ἔρχεται
2724 3173 2782 3225 ἐν
2821 3170 2897 3242 τῷ
2926 3172 3149 3243 μεγάλῳ
3178 3172 3433 3243 νάρθηκι,
3476 3175 3590 3227 ἀλλ’
3613 3176 3876 3240 ἐκνεύσας
3922 3179 4045 3248 άριο

793 3271 1004 3324 niarius
1048 3280 1174 3320 vero
1208 3264 1273 3318 ad
1320 3263 1495 3318 scalas
1564 3261 1890 3315 constitutus
1934 3260 2047 3313 air:
2094 3276 2113 3311 ι
2149 3258 2364 3327 Caplate

2477 3261 2666 3331 στερὺν
2718 3262 2808 3314 ἐπὶ
2851 3264 2913 3315 τδ
2954 3266 3191 3333 μητάτον
3235 3265 3342 3317 άπὸ
3383 3265 3474 3319 τοῦ
3504 3267 3789 3336 τριγώνου,
3816 3269 3989 3337 λέγων
4020 3272 4047 3322 6

796 3358 1032 3425 Domini,
1073 3377 1091 3409 ι
1130 3371 1331 3428 perque
1357 3353 1786 3424 scalamathyris
1814 3351 2090 3406 descendit
2116 3360 2276 3418 atque
2294 3349 2366 3403 ibi

794 3451 1194 3518 processionem
1222 3447 1442 3516 excipit.
1478 3445 1735 3499 Accensis
1756 3453 1932 3497 autem
1958 3441 2150 3507 cereis,
2179 3455 2367 3510 preca-

795 3554 883 3597 tur
925 3551 980 3597 ct
1027 3538 1388 3595 venerandam
1424 3551 1640 3592 crucem
1685 3544 1740 3590 et
1774 3548 1985 3588 sacrum
2019 3531 2367 3602 Evangelium

796 3638 1007 3695 adorat.
1043 3630 1407 3703 patriarebam
1439 3629 1628 3684 salutat
1657 3636 1710 3682 et
1739 3636 1865 3681 ante
1891 3626 2182 3681 solemnem
2216 3640 2371 3693 pom-

795 3738 919 3791 pant
969 3721 1229 3790 procedit.
1274 3719 1698 3775 Cerimoniarius
1754 3716 2099 3787 troparium:
2170 3734 2187 3767 ι
2244 3716 2369 3769 Veri

795 3813 978 3869 cultus
1006 3813 1318 3882 imaginum,
1363 3831 1381 3864 ι
1420 3812 1651 3876 orditur,
1687 3812 1828 3878 quod
1856 3823 2046 3864 omnes
2083 3809 2371 3877 proceden-

799 3912 880 3957 tes
906 3910 1126 3956 canunt.
1156 3900 1452 3970 Imperator
1477 3900 1701 3962 interea,
1740 3898 2046 3952 narthecetn
2076 3898 2368 3966 ingressus,

799 3989 949 4043 sedet
973 4001 1027 4043 et
1072 3989 1333 4056 tantisper
1366 3988 1490 4041 dum
1528 3987 1832 4056 patriarcha
1865 4000 1986 4039 cum
2030 3987 2373 4054 processione

800 4080 971 4141 venit,
999 4088 1293 4148 exspectat.
1325 4078 1614 4146 Postquam
1649 4093 1779 4132 vero
1807 4078 1852 4133 is
1878 4093 1999 4132 cum
2030 4078 2373 4145 processione

799 4170 1035 4233 advenit,
1077 4169 1267 4238 surgit,
1299 4178 1352 4223 et
1382 4178 1605 4237 uterque
1646 4169 1713 4223 ad
1748 4170 1922 4238 regias
1958 4178 2141 4238 portas
2190 4168 2372 4223 subsi-

800 4271 970 4324 stunt.
999 4261 1086 4315 uhi
1122 4263 1418 4329 imperator
1440 4260 1657 4330 quidem
1699 4274 1821 4313 cum
1850 4260 2023 4314 cereis
2058 4260 2373 4315 ardentibus

802 4364 1073 4422 precatur,
1092 4352 1399 4422 patriarcha
1426 4359 1604 4404 autem
1635 4350 2090 4420 precesintroitus
2118 4349 2372 4413 instituit,

804 4445 1114 4509 imperator,
1177 4439 1342 4493 ﬁnitis
1386 4439 1671 4508 precibus,
1726 4454 1912 4495 cereos
1952 4442 2259 4510 praeposito,
2286 4440 2375 4495 hic

802 4532 1220 4586 cerimoniarum
1243 4532 1518 4599 magistro,
1538 4530 1722 4585 tradit.
1752 4529 2064 4585 Patriarcha
2091 4542 2372 4601 postquam

2470 3350 2569 3418 τῆς
2588 3352 2973 3415 καταστάσεως
2996 3354 3136 3406 κατὰ
3160 3354 3378 3425 βάθρον·
3406 3374 3424 3407 ι
3454 3357 3708 3410 Καπλάτε
3728 3400 3743 3421 ,
3779 3361 4035 3428 Δόμηνιη

2473 3444 2568 3495 καὶ
2600 3444 2925 3513 κατέρχεται
2960 3445 3026 3497 τά
3062 3445 3331 3516 γραδήλια
3361 3446 3452 3498 τοῦ
3486 3448 3682 3517 άθύρα,
3710 3452 3803 3501 καὶ
3836 3451 4045 3519 δέχεται

2471 3534 2648 3586 ἐκεῖσε
2694 3536 2791 3604 τὴν
2840 3534 3013 3604 λιτήν.
3042 3536 3219 3605 "Ad/ac;
3258 3536 3314 3590 δὲ
3349 3539 3551 3607 κηροὺς
3604 3540 3697 3592 καὶ
3726 3542 4042 3610 εὐξάμενος,

2473 3627 2773 3694 προσκυνεῖ
2829 3625 2919 3677 τὸν
2978 3624 3159 3695 τίμιον
3225 3628 3460 3698 σταυρὸν
3525 3630 3620 3682 καὶ
3673 3630 3733 3683 τὸ
3779 3631 4047 3700 ἄχραντον

2474 3715 2828 3782 Εὑαγγέλιον,
2872 3715 3134 3780 ὡσαύτως
3175 3717 3269 3770 καὶ
3314 3719 3619 3783 ἀσπάζεται
3642 3718 3733 3772 τὸν
3774 3723 4045 3791 πατριάρ-

2473 3823 2594 3875 χην,
2632 3807 2727 3859 καὶ
2758 3806 3031 3876 διέρχεται
3061 3808 3373 3878 ἔμπροσθεν
3419 3810 3521 3879 τῆς
3552 3810 3725 3878 λιτῆς.
3766 3811 3824 3864 ’0
3854 3813 3913 3866 δὲ
3952 3815 4046 3881 τῆς

2473 3898 2861 3959 καταστάσεως
2890 3898 3117 3969 ἄρχεται
3153 3898 3215 3952 τὸ
3240 3898 3556 3970 τροπάριον,
3597 3920 3616 3952 ι
3640 3901 3750 3971 Τὴν
3784 3902 3895 3955 τῶν
3919 3903 4047 3971 άλη-

2474 3985 2636 4038 Θινῶν
2668 3986 2975 4055 δογμάτων,
3017 4006 3034 4038 ι
3069 3987 3131 4039 τὸ
3179 3988 3311 4041 αὐτὸ
3364 3988 3677 4057 ψαλλόντων
3710 3992 3803 4045 καὶ
3831 3992 4050 4045 πάνταν

2472 4077 2572 4147 τῆς
2628 4077 3026 4148 προελεύσεως.
3078 4080 3136 4134 Ὀ
3176 4081 3232 4133 δέ
3290 4080 3567 4151 βασιλεὺς,
3602 4083 3857 4137 εἰσελθὼν
3888 4088 3945 4138 ἐν
3974 4085 4050 4154 τῷ

2474 4170 2727 4242 νάρθηκι,
2764 4171 3074 4235 καθέζεται,
3102 4172 3294 4243 μέχρις
3322 4172 3389 4226 ἂν
3419 4174 3702 4245 καταλάϐῃ
3727 4177 3755 4227 6
3778 4177 4050 4245 πατριάρ-

2474 4279 2577 4334 χης
2612 4264 2752 4335 μετὰ
2800 4263 2903 4331 τῆς
2952 4262 3124 4332 λιτῆς.
3164 4265 3274 4318 Καὶ
3319 4264 3414 4318 τοῦ
3442 4265 3780 4337 πατριάρχου
3810 4268 4049 4319 καταλα-

2475 4353 2682 4419 6όντος,
2717 4354 2999 4408 ἀνίσταται
3047 4354 3075 4406 6
3125 4352 3414 4423 βασιλεὺς,
3458 4357 3552 4409 καὶ
3587 4357 3830 4409 ίστανται
3876 4359 4054 4427 άμτό-

2474 4460 2623 4514 τεροι
2674 4444 2985 4514 ἔμπροσθεν
3027 4444 3136 4497 τῶν
3173 4445 3470 4515 βασιλικῶν
3510 4448 3715 4512 πυλῶν,
3752 4450 3846 4502 καὶ
3876 4453 3905 4502 6
3957 4450 4054 4519 μὲν

2482 4533 2736 4603 βασιλεὺς
2794 4535 3194 4607 ἃψας-κηροὺς
3244 4536 3483 4606 εὔχεται,
3514 4538 3543 4590 6
3591 4538 3647 4591 δὲ
3705 4542 4054 4609 πατριάρχης

805 4623 967 4674 ritum
1020 4620 1271 4673 introitus
1335 4619 1647 4682 celebravit,
1697 4629 1754 4674 et
1808 4621 2107 4689 imperator
2156 4636 2364 4675 sacrum

2478 4626 2623 4679 τελεῖ
2655 4628 2753 4696 τὴν
2780 4628 2944 4696 εὐχὴν
2972 4628 3068 4698 τῆς
3115 4630 3345 4691 εἰσόδου,
3378 4632 3470 4683 καλ.
3508 4629 3803 4698 εὐξάμενος
3842 4634 3871 4683 6
3900 4634 4053 4699 βασιο

808 4710 1151 4780 Evangelium
1190 4711 1456 4775 adoravit,
1500 4711 1781 4779 prehensis
1827 4712 2056 4767 invicem
2103 4712 2371 4779 manibus,

807 4816 903 4870 per
940 4801 1173 4854 medium
1206 4799 1390 4868 templi
1420 4809 1736 4864 transeunt,
1768 4814 1967 4869 perque
2002 4800 2373 4870 obliquitatem

806 4890 1051 4945 :unhouis
1083 4890 1283 4944 soleam
1334 4891 1558 4951 intrant,
1604 4891 1885 4958 sacrisque
1921 4889 2103 4957 januis
2136 4900 2309 4945 astant
2358 4910 2371 4945 :

808 4979 895 5031 ubi
927 4993 1051 5032 cum
1082 4978 1255 5033 cereis
1285 4979 1577 5046 imperator
1605 4988 1876 5048 precatur,
1900 4980 2089 5035 deinde
2110 4994 2205 5035 eos
2237 4995 2373 5049 prze-

810 5071 987 5138 posito
1011 5070 1202 5124 reddit.
1244 5070 1308 5123 Et
1335 5079 1618 5139 postquam
1646 5071 1762 5136 ipse
1790 5079 1843 5123 et
1869 5071 2173 5139 patriarcha
2200 5085 2259 5125 se
2290 5072 2374 5124 in-

812 5165 981 5215 vicem
1038 5162 1352 5226 adorarunt,
1405 5160 1494 5215 hic
1556 5152 1854 5217 sacrarium
1908 5174 2108 5216 sanctae
2149 5163 2377 5231 liturgia:

811 5253 1143 5309 celebrandae
1173 5267 1353 5316 causa,
1388 5252 1700 5322 imperator,
1730 5252 1941 5307 divinos
1961 5254 2096 5307 ritus
2121 5264 2375 5324 peractu-

2476 4714 2603 4778 λεὺς
2650 4716 2926 4769 ἐπιδίδωσι
2959 4719 3027 4770 τά
3062 4719 3230 4788 κηρία
3283 4718 3360 4786 τῷ
3398 4720 3765 4789 πραιποσίτῳ,
3800 4723 4055 4784 κάκεῖνος

2473 4806 2554 4875 τῷ
2578 4806 2676 4873 τῆς
2707 4807 3117 4871 καταστάσεως.
3146 4808 3253 4861 Τοῦ
3298 4809 3353 4860 δὲ
3394 4812 3729 4881 πατριάρχου
3761 4814 3858 4882 τὴν
3892 4815 4055 4881 εὐχὴν

2475 4897 2796 4961 τελέσαντος
2853 4901 2947 4952 καὶ
2996 4902 3475 4970 προσκυνήσαντος
3541 4903 3634 4955 τοῦ
3687 4903 3953 4971 βασιλέως
4000 4907 4057 4957 τὸ

2476 4990 2741 5059 ἄχραντον
2786 4989 3116 5061 Εὑαγγέλιον
3150 5030 3164 5054 ,
3216 4994 3589 5061 κρατήσαντες
3624 4994 3870 5063 ἀλλήλων
3915 4998 3929 5027 ¹
3958 4997 4055 5057 τὰς

2480 5081 2690 5150 χεῖρας,
2713 5081 3017 5150 διέρχονται
3043 5084 3207 5151 μέσον
3234 5083 3326 5136 τοῦ
3354 5083 3505 5147 ναοῦ,
3548 5085 3640 5136 καὶ
3661 5084 3749 5137 διὰ
3782 5086 3885 5154 τῆς
3920 5088 4045 5139 πλα-

2482 5172 2609 5238 γίας
2656 5172 2747 5224 τοῦ
2794 5172 3045 5242 ἄμδωνος
3095 5176 3469 5240 ἐκνεύσαντες,
3523 5177 3860 5247 εἰσέρχονται
3906 5182 3961 5231 ἐν
3992 5181 4055 5247 τῇ

2487 5261 2692 5333 σωλαίᾳ
2724 5263 2816 5314 καὶ
2858 5263 3102 5317 ἵστανται
3140 5264 3451 5337 ἔμπροσθεν
3491 5266 3598 5319 τῶν
3640 5268 3811 5335 ἁγίων
3852 5268 4056 5336 θυρῶν,

2119 5388 2351 5446 vasta:
2385 5392 2782 5475 LECTIOEES.

902 5483 945 5512 ”
977 5480 1081 5534 ὑπό
1110 5496 1165 5532 τε
1202 5480 1331 5532 τῶν.
1360 5480 1574 5551 Aliquid
1607 5480 1796 5535 deesse
1839 5481 2048 5535 videtur
2078 5480 2144 5536 Β.
2224 5483 2238 5514 ¹
2270 5500 2364 5551 κρο

2470 5500 2641 5550 παντες
2661 5487 2715 5541 δὲ
2744 5489 2988 5560 ἀλλήλων
3018 5493 3104 5548 ed.

1828 5620 2013 5677 JOAN.
2046 5621 2185 5677 JAC.
2228 5619 2472 5677 REISKII
2503 5624 3070 5685 COMMENTARIUS.

892 5741 1002 5821 (an
1037 5740 1183 5795 Alias
1214 5741 1267 5796 αἱ
1302 5740 1403 5804 ἔξω
1433 5739 1673 5796 ecclesiae
1725 5746 1849 5795 Sunt
1902 5739 2239 5796 suhnrhame.
2289 5739 2385 5796 llic
2426 5752 2604 5797 autem
2663 5755 2790 5815 puto
2837 5763 2955 5805 esse
3023 5748 3258 5804 urbanas
3303 5750 3535 5821 reliquas
3594 5760 3786 5821 praeter
3842 5750 3903 5807 S.
3959 5753 4062 5808 So-

817 5813 1023 5872 rltirtttt.
