4148 6440
92 425 195 485 41⁵1

980 428 1074 487 DE
1113 424 1564 487 CERIMONIIS
1606 424 1823 484 AULAi
1867 426 2305 486 ΒΥΖΑΝΤΙΝΕ
2347 426 2490 486 LIB.
2540 428 2589 485 Ι.

3263 423 3365 483 “8

97 540 356 607 βασιλεὺς
396 540 702 610 είσέρχεται
732 538 870 607 μετά
901 538 995 591 τοῦ
1026 539 1411 592 κουεουκλείου
1445 540 1539 591 καὶ
1575 556 1687 591 πα-

1800 546 1973 591 autem
2018 537 2070 591 in
2115 537 2338 593 sinistro
2390 538 2560 593 latere
2598 536 2839 607 ejusdem
2895 536 3111 591 triclinii
3172 539 3370 591 throno

95 633 328 702 τρικίων
360 635 419 684 ὲν
445 630 526 701 τῷ
568 630 1022 702 χρυσοτρικλίνῳ,
1070 632 1167 685 καὶ
1193 629 1445 685 ἀπελθὼν
1471 633 1497 683 6
1530 629 1686 700 βασι-

98 726 223 788 λεὺς
254 726 476 777 ἵσταται
529 726 585 775 ὲν
619 723 698 793 τῷ
726 722 885 792 δεξιῷ
917 724 1074 793 μέρει
1109 723 1205 776 τοῦ
1242 722 1689 794 χρυσοτρικλίνου

100 818 339 887 πλησίον
378 817 455 880 ὡς
488 818 623 888 πρὸς
653 818 753 886 τὴν
785 817 1042 887 καμάραν
1063 816 1163 887 τὴν
1193 816 1524 884 εἰσάγουσαν
1553 808 1688 888 πρὸς

98 910 191 961 τὸν
223 907 488 975 κοιτῶνα,
525 909 574 961 o‘.
618 908 674 961 δὲ
719 910 1001 979 πατρίκιοι
1052 908 1301 962 ἵστανται
1348 909 1405 961 ὲν
1439 908 1518 978 τῷ
1565 911 1688 979 ἀρισ-

106 999 288 1069 στερῷ
312 999 473 1069 μέρει
496 998 591 1051 τοῦ
627 997 792 1051 αὐτοῦ
822 997 1288 1067 χρυσοτρικλίνου,
1324 998 1416 1050 καὶ
1443 999 1688 1052 ἵστανται

100 1090 421 1159 ἔμπροσθεν
451 1088 547 1141 τοῦ
585 1086 796 1151 σένζου,
831 1087 1194 1158 βαστάζοντες
1228 1088 1293 1139 τά
1322 1105 1380 1140 τε
1418 1087 1688 1141 λιτανίκια

104 1182 292 1235 αὐτῶν
323 1181 496 1251 κηρὶα
541 1182 638 1233 καὶ
670 1182 794 1243 τοὺς
829 1180 1116 1249 σταυροὺς,
1154 1182 1202 1232 οί
1236 1179 1295 1233 δὲ
1329 1178 1492 1248 ἱερεῖς
1529 1181 1689 1247 ἀνέρ-

104 1291 294 1343 χονται
338 1275 505 1343 μέσον
539 1272 625 1326 διὰ
671 1272 767 1325 τοῦ
822 1270 1289 1341 χρυσοτρικλίνου,
1320 1273 1409 1324 καὶ
1442 1273 1687 1324 ἵστανται

106 1365 345 1433 πλησίον
378 1362 474 1417 τοῦ
508 1364 723 1427 σένξου.
759 1365 818 1414 '0
846 1363 901 1416 δὲ
935 1364 1181 1427 διάκονος
1207 1364 1390 1433 τίθησι
1418 1364 1479 1415 τὸ
1510 1364 1686 1429 Εὐαγο

104 1457 289 1525 γέλιον
321 1458 381 1509 ὲν
413 1456 491 1527 τῷ
519 1456 1004 1526 βασιλικῷξθρόνῳ,
1034 1457 1128 1509 καὶ
1155 1456 1364 1524 γίνεται
1394 1459 1426 1525 ὴ
1453 1456 1688 1527 συνήθης

104 1548 325 1618 ἑκτενὴ,
360 1549 458 1600 καὶ
486 1548 787 1618 ἀπέρχεται
816 1550 844 1600 6
879 1547 1132 1617 βασιλεὺς
1170 1548 1309 1617 μετά
1340 1547 1433 1601 τοῦ
1464 1548 1688 1601 κουόου-

106 1643 294 1695 κλείου
322 1644 418 1695 καὶ
445 1642 553 1696 τῶν
590 1643 780 1711 ἱερέων
808 1644 889 1706 είς
924 1643 1016 1696 τὸν
1060 1643 1185 1695 ναὸν
1210 1643 1310 1711 τῆς
1354 1643 1689 1713 Ὑπεραγίας

104 1733 378 1786 Θεοτόκου
414 1734 474 1786 ὲν
504 1732 583 1804 τῷ
634 1733 819 1804 Φάρῳ,
876 1735 926 1786 oi
975 1734 1032 1788 δὲ
1065 1734 1344 1805 πατρίκιοι
1393 1734 1691 1807 ὑπερευξά-

108 1839 263 1889 μενοι
318 1823 412 1875 τὸν
463 1822 689 1892 βασιλέα
741 1823 1083 1894 ἐξέρχονται.
1111 1825 1220 1877 Καὶ
1269 1821 1368 1879 εἷθ’
1411 1824 1606 1891 οὕτως,
1638 1826 1688 1879 εί

1797 638 1996 693 astant,
2043 629 2477 700 processionalcs
2521 640 2712 682 cereos
2740 637 2793 681 et
2833 642 3022 682 cruces
3070 638 3369 698 gestantes.

1794 722 2103 777 sacerdotes
2128 736 2224 791 per
2255 722 2486 775 medium
2531 734 2719 774 eorum
2754 719 2821 773 ad
2857 720 3146 773 triclinium
3185 735 3372 774 ascen-

1795 812 1929 865 dunt
1968 822 2020 866 et
2052 826 2216 881 prope
2253 812 2506 865 thronum
2530 812 2857 865 consistunt.
2890 809 3157 865 Diacouus
3198 810 3371 864 Eran-

1795 903 2001 972 gelium
2022 903 2076 957 in
2109 902 2302 958 throno
2332 902 2678 971 Imperatoris
2712 902 2946 970 reponit.
2998 903 3111 969 qui,
3141 902 3371 957 solemni

1794 1005 2017 1050 extensa
2054 1003 2268 1049 cantata
2298 1035 2313 1059 ,
2341 1010 2465 1051 cum
2511 996 2760 1049 cubicqu
2800 1005 2855 1049 et
2895 994 3267 1050 sacerdotibus
3304 995 3371 1048 ad

1797 1086 2052 1156 templum
2089 1084 2299 1142 Sancta:
2322 1088 2563 1155 Deiparm
2603 1084 2761 1139 Phari
2796 1087 2904 1138 abit
2935 1101 2949 1151 ;
2982 1086 3192 1153 patricii
3225 1100 3374 1151 vero.

1796 1178 1973 1231 fausta
2004 1177 2053 1231 ei
2080 1179 2307 1246 precati,
2351 1179 2657 1232 discedunt.
2691 1176 2782 1230 Sic
2822 1187 3032 1245 postea,
3061 1177 3106 1229 si
3148 1176 3376 1244 jusserit

1797 1266 2119 1335 imperator,
2147 1275 2499 1321 arcessuntur
2522 1265 2771 1333 patricii,
2802 1279 3015 1333 unaque
3051 1279 3172 1320 cum
3203 1278 3279 1337 eo.
3322 1265 3374 1319 in

1798 1357 1996 1427 templo
2022 1358 2235 1413 Sanctae
2254 1355 2495 1426 Deiparte
2518 1357 3001 1419 sacrisintersunt;
3064 1356 3146 1409 sin
3176 1357 3377 1419 minus,

1795 1459 1946 1505 extra
1982 1452 2236 1517 templum
2259 1450 2313 1504 in
2337 1448 2523 1504 Sancti
2549 1447 2807 1516 Stephani
2838 1448 2890 1501 in
2911 1447 3266 1515 hippodromo
3293 1461 3382 1500 sa-

1795 1558 1919 1599 cros
1951 1544 2087 1597 ritus
2116 1543 2412 1598 celebrant.
2465 1542 2665 1595 Parato
2701 1556 2827 1593 vero
2857 1539 3130 1603 convivio,
3174 1537 3378 1592 missus

1797 1635 2120 1701 afferuntur,
2188 1644 2239 1688 et
2297 1644 2514 1703 peracta
2567 1634 2747 1688 divina
2807 1633 3047 1701 Iiturgia,
3087 1633 3382 1701 imperator

1796 1727 2046 1793 discedit,
2101 1741 2167 1783 ac
2219 1726 2536 1781 veneranda:
2575 1740 2774 1780 mensae
2818 1740 2929 1780 suae
2987 1724 3041 1778 in
3088 1722 3380 1777 Justiniani

1799 1821 2037 1877 triclinio
2083 1819 2138 1875 in
2189 1821 2588 1890 scaramangio,
2625 1834 2732 1888 quo
2788 1818 2951 1873 etiam
3005 1817 3246 1872 convivas
3298 1815 3382 1869 in-

105 1913 325 1965 κελεύει
352 1915 380 1966 6
410 1913 683 1984 βασιλεὺς,
718 1915 1153 1985 προσκαλοῦνται
1183 1918 1308 1981 τοὺς
1339 1917 1685 1988 πατρικίους,

1800 1915 1904 1969 duti
1939 1922 2090 1978 sunt,
2133 1913 2376 1967 assidet:
2425 1922 2553 1967 ante
2576 1909 2979 1982 processionem
3020 1909 3168 1964 enim
3191 1920 3382 1963 otnncs

106 2007 197 2057 καὶ
221 2005 704 2077 συλλειτουργοῦσι
720 2007 798 2078 τῷ
830 2007 1040 2078 βασιλεῖ
1062 2011 1121 2062 ὲν
1136 2008 1215 2079 τῷ
1239 2009 1353 2080 ναῷ
1374 2010 1473 2079 τῆς
1499 2009 1692 2079 Ὑπερ·

1800 2004 2124 2060 mulatorias
2162 2012 2406 2057 sumunt.

108 2100 270 2166 αγίας
304 2100 590 2163 Θεοτὸκου,
623 2102 656 2173 ἢ
710 2102 806 2156 καὶ
842 2104 983 2173 οὐχὶ,
1014 2103 1424 2175 λειτουργοῦσιν
1463 2103 1568 2169 ἔξω
1599 2104 1679 2165 είς
1716 2105 1807 2155 τδν
1839 2099 2035 2167 Ἀγιον
2067 2098 2343 2167 Στέφανον
2411 2096 2506 2150 τοῦ
2556 2094 2917 2166 ίπποδρόμου.
2998 2091 3383 2163 Στοιχηθέντος

107 2192 162 2246 δὲ
198 2193 296 2247 τοῦ
349 2194 680 2265 κλητωρίου,
730 2196 974 2263 γίνονται
1006 2196 1218 2265 μίνσαι,
1294 2198 1388 2250 καὶ
1440 2196 1581 2264 μετὰ
1632 2195 1734 2262 τὴν
1809 2191 2073 2244 ἀπόλυσιν
2097 2193 2195 2257 τῆς
2224 2189 2375 2250 θείας
2400 2187 2743 2258 λειτουργίας
2774 2185 3099 2255 ἐξέρχεταιὸ
3130 2181 3382 2252 βασιλεὺς

111 2292 202 2341 καὶ
237 2291 528 2354 καθέζεται
559 2292 649 2345 ἐπὶ
679 2291 779 2361 τῆς
808 2292 996 2360 τιμίας
1025 2292 1190 2345 αὑτοῦ
1220 2292 1497 2362 τραπέζης
1524 2292 1585 2342 ὲν
1610 2288 1689 2359 τῷ
1741 2284 2108 2357 Ἰουστινιανῷ
2131 2284 2390 2356 τρικλίνῳ
2453 2282 2561 2337 ἀπὸ
2603 2280 3050 2352 σκαραμαγγίου,
3120 2278 3384 2345 ὡσαύτως

109 2383 201 2436 καὶ
223 2384 273 2435 οἱ
310 2383 623 2453 κληθέντες·
643 2385 751 2437 ἀπὸ
783 2386 893 2455 γὰρ
919 2385 1019 2455 τῆς
1050 2386 1201 2455 λιτῆς
1224 2387 1422 2448 πάντες
1446 2385 1829 2439 ἀλλάσσουσιν.

177 2477 254 2529 E'.
292 2476 493 2545 Χρὴὸὲ
528 2475 746 2540 εἰδέναι,
795 2478 898 2541 ὅτι,
940 2478 988 2531 εί
1025 2479 1123 2547 μὲν
1163 2478 1303 2551 τύχῃ
1328 2481 1387 2532 ὲν
1415 2477 1590 2551 ταύτῃ
1622 2478 1687 2547 τῇ

112 2568 272 2639 ἑορτῇ
302 2572 330 2622 6
358 2567 768 2639 Εὖαγγελισμὸς
799 2571 899 2639 τῆς
946 2569 1255 2640 ὑπεραγεας
1278 2571 1567 2635 θεοτόκου,
1600 2585 1691 2621 τε-

112 2662 281 2715 λεῖται
312 2660 489 2723 οὕτως
517 2678 529 2690 ·
566 2663 853 2716 Λιτανεύει
881 2664 908 2716 6
932 2661 1207 2732 βασιλεὺς,
1231 2663 1305 2726 ὠς
1331 2664 1589 2734 ἀνωτέρω
1620 2663 1694 2715 ετ-

115 2772 300 2823 ρηται,
326 2753 564 2807 ἐκτελῶν
592 2753 809 2808 ἅπαντα
840 2754 1147 2818 ἀκολούθως
1178 2757 1361 2819 ἐντοῖς
1386 2757 1693 2826 εὐκτηρίοις

112 2844 211 2913 τῆς
254 2843 486 2911 δάφνης,
519 2845 743 2908 τελέσας
785 2846 842 2898 δὲ
875 2845 1111 2907 ἅπαντα,
1156 2846 1233 2910 ὼς
1272 2847 1506 2901 εἴθισται
1547 2848 1695 2918 αὐτῷ

112 2937 176 3003 τῇ
207 2934 317 2987 τῶν
352 2934 531 2987 Baias-.1
562 2934 742 3005 ἡμέρα
774 2936 970 2991 τελεῖν.
1013 2939 1075 2989 Οἱ
1109 2937 1209 3005 μὲν
1238 2937 1427 3006 ίερεῖς,
1472 2938 1609 3006 μετά
1636 2939 1696 2991 τὸ

113 3027 399 3083 ἐκτελέσαι
452 3026 629 3080 πάντα
657 3027 965 3090 ἀκολούθως
988 3030 1043 3081 ὲν
1082 3028 1159 3097 τῷ
1197 3028 1366 3097 Ἀγίῳ
1402 3032 1683 3099 ’ἐττφά-ιῳ,

113 3123 449 3192 ἀπέρχονται
470 3122 625 3175 αὐτοὶ
649 3123 808 3189 μόνον
832 3124 890 3175 ἐν
918 3123 997 3192 τῷ
1026 3122 1270 3184 παλατίῳ
1299 3123 1693 3189 λιτανεύοντες,

115 3214 141 3263 6
170 3212 225 3265 δὲ
262 3211 524 3281 βασιλεὺς
559 3212 867 3282 εἰσέρχεται
922 3215 980 3265 έν
1024 3213 1099 3281 τῷ
1129 3229 1346 3266 κοιτωνι
1382 3211 1569 3275 αὐτοῦ,
1603 3213 1695 3264 ὲκ·-

1878 2469 1936 2527 ν.
1971 2469 2262 2526 Sciendum
2315 2476 2419 2534 est,
2466 2467 2511 2522 si
2541 2469 2591 2521 in
2638 2481 2761 2521 eum
2823 2465 2965 2520 diem
3034 2462 3385 2519 Annuntiatio

1798 2564 2154 2619 sanctissima:
2200 2559 2437 2630 Virginis
2481 2559 2763 2621 inciderit,
2798 2572 2917 2612 eam
2954 2557 3026 2610 ita
3062 2556 3321 2610 celebrari
3366 2574 3380 2610 :

1804 2654 1964 2727 105
2009 2653 2342 2723 Imperator,
2396 2654 2538 2707 sicut
2578 2667 2739 2721 supra
2799 2651 3230 2705 demonstratum
3279 2659 3382 2714 est,

1801 2750 2078 2820 procedit,
2116 2748 2295 2800 omnia
2331 2745 2523 2800 ordine
2564 2745 2615 2799 in
2658 2743 2914 2799 oratoriis
2957 2743 3203 2810 daphnes
3260 2756 3385 2811 per-

1801 2855 1987 2911 agens,
2022 2839 2322 2893 observatis
2360 2838 2427 2891 iis
2463 2836 2673 2901 ritibus,
2730 2850 2867 2905 quos
2896 2834 3033 2889 solet
3069 2834 3121 2887 in
3144 2834 3229 2887 die
3258 2832 3384 2886 Pal-

1803 2947 2015 2986 tnarum
2073 2933 2386 2985 observare.
2440 2927 2766 2981 Sacerdotes
2824 2935 3056 2988 tantum,
3089 2925 3261 2977 sacris
3328 2926 3379 2975 in

1800 3022 1986 3077 Sancti
2005 3020 2261 3088 Stephani
2278 3017 2582 3080 celebratis,
2604 3017 2655 3070 in
2677 3017 3019 3085 processione
3036 3015 3100 3067 ad
3125 3013 3381 3079 palatium

1799 3115 2040 3177 abeunt;
2114 3112 2413 3180 imperator
2462 3119 2641 3162 autem
2694 3107 2763 3161 ad
2830 3121 2988 3161 suum
3050 3105 3381 3168 cubiculum,

1804 3220 2015 3280 tempus
2065 3218 2495 3278 exspectaturus,
2549 3219 2610 3259 se
2657 3202 2891 3259 confert.
2939 3200 3058 3267 Quo
3097 3200 3388 3270 appropin—

114 3304 405 3373 δεχόμενος
440 3306 531 3359 τὸν
569 3305 782 3377 καιρόν.
817 3306 1233 3367 Καταλαϐὁντος
1263 3305 1320 3358 δὲ
1349 3306 1444 3357 τοῦ
1477 3304 1694 3374 καιροῦ,

1802 3314 2025 3372 quanto,
2068 3301 2482 3357 cerimoniarius
2537 3296 2907 3367 praepositam,
2962 3295 3050 3348 hic
3100 3292 3389 3363 imperato-

119 3396 313 3465 μηνύει
335 3398 365 3449 6
386 3398 487 3464 τῆς
509 3395 893 3458 καταστάσεως
919 3397 995 3466 τῷ
1019 3397 1382 3466 πραιποσίτῳ,
1410 3399 1437 3450 6
1463 3396 1518 3449 δὲ
1539 3414 1699 3465 πραι-

117 3488 333 3551 πόσιτος
394 3488 547 3555 δηλοῖ
590 3487 667 3557 τῷ
722 3487 967 3557 βασιλεῖ,
999 3488 1093 3540 καὶ
1130 3487 1361 3554 ἐξελθὼν
1386 3490 1414 3541 6
1449 3487 1698 3556 βασιλεὺς

115 3581 165 3629 ἐν
192 3578 273 3647 τῷ
305 3578 629 3648 ὀκταγὼυῳ,
682 3580 1070 3650 περιϐάλλεται
1120 3580 1219 3644 τὴν
1275 3579 1489 3649 χλανίδα
1532 3578 1697 3632 αὑτοῦ

113 3669 194 3722 διὰ
223 3671 340 3724 τῶν
375 3670 735 3741 βεστητόρων,
764 3672 949 3737 καθὼς
986 3672 1241 3738 εἴθισται,
1272 3672 1367 3725 καὶ
1412 3672 1699 3743 δηριγευὸ-

118 3778 283 3827 μενος
314 3762 420 3815 ὑπὸ
466 3762 574 3814 τῶν
603 3760 696 3815 τοῦ
731 3763 1115 3817 κουσουκλείου
1148 3763 1445 3832 ἀρχόντων,
1477 3761 1691 3831 ἐξέρχε-

115 3868 199 3903 ται
256 3852 348 3904 διὰ
395 3851 490 3904 τοῦ
540 3853 919 3917 αὑγουστέως,
970 3855 1064 3907 καὶ
1112 3853 1336 3907 διελθὼν
1382 3854 1441 3907 ea
1490 3853 1694 3918 στενὸν,

116 3944 282 4009 ἤγουν
311 3942 411 4012 τὴν
444 3944 647 4013 χρυσῆν
682 3948 863 4013 χεῖρα,
889 3944 1174 4014 ἀνέρχεται
1199 3947 1276 4007 εἰς
1309 3944 1401 3997 τὸν
1445 3944 1694 4009 ὀνόποδα,

117 4036 205 4085 καὶ
250 4036 386 4096 στὰς
421 4038 479 4086 ἐν
508 4038 574 4104 τῇ
604 4036 778 4105 χαλκῇ
839 4035 983 4107 πύλῃ
1016 4035 1109 4089 τοῦ
1153 4035 1423 4097 ὀνόποδος,
1455 4034 1696 4105 δέχονται

118 4121 279 4175 αὑτὸν
301 4123 483 4175 ἐκεῖσε
521 4124 569 4174 οἱ
600 4124 642 4153 ’⁸
675 4125 949 4194 πατρίκιοι
986 4126 1078 4177 καὶ
1114 4124 1409 4195 στρατηγοί
1435 4140 1448 4152 ·
1500 4126 1697 4176 πεσόν·

120 4230 223 4265 των
274 4214 334 4265 δὲ
383 4214 479 4265 καὶ
526 4215 1045 4285 προσκυνησάντων,
1092 4214 1236 4267 νεύει
1279 4216 1307 4267 6
1339 4215 1697 4285 πραιπόσιτος

121 4304 193 4373 τῷ
216 4305 318 4374 τῆς
346 4305 736 4369 καταστάσεως
761 4306 869 4360 ἀπὸ
899 4307 1221 4371 κελεύσεως,
1250 4308 1501 4370 κάκεῖνος
1527 4306 1695 4373 λέγει·

130 4414 146 4445 ι
182 4396 549 4449 Κελεύσατε.»
594 4395 726 4449 Ἀπὸ
769 4397 826 4449 δὲ
881 4398 988 4450 τῶν
1035 4400 1152 4450 ἐκεῖ
1188 4397 1479 4469 διέρχεται,
1528 4395 1697 4447 τελῶν

126 4488 267 4540 ἅπαν
292 4489 626 4553 ἀκολούθως,
655 4490 711 4543 ὃν
741 4491 943 4559 τρόπον
968 4492 1229 4559 ἀνωτέρω
1259 4493 1315 4542 ὲν
1339 4493 1404 4559 τῇ
1442 4488 1699 4557 προελεύ-

129 4595 206 4630 σει
231 4578 323 4632 τοῦ
355 4568 769 4650 Εὐαγγελισμοῦ
798 4583 891 4633 ἐπὶ
914 4582 1093 4651 λεπτῷ
1123 4579 1441 4649 έξεθέμεθα.
1476 4580 1696 4643 ’1στέον,

1805 3412 1919 3451 rem
1949 3396 2230 3462 admonet,
2262 3394 2353 3464 qui
2387 3403 2710 3463 octagonum
2755 3390 3053 3457 ingressus,
3084 3388 3265 3442 tunica
3289 3401 3385 3442 sua

1800 3504 1895 3559 per
1924 3488 2239 3551 vestitores,
2276 3494 2337 3539 ut
2388 3500 2507 3539 mos
2562 3492 2669 3549 est,
2705 3482 2982 3545 induitur,
3016 3489 3068 3534 et
3114 3480 3387 3549 praal'ectis

1801 3577 2052 3632 cubiculo
2086 3578 2260 3647 ipsum
2285 3575 2693 3642 comitantibus,
2717 3589 2813 3642 per
2846 3571 3128 3641 augustale
3164 3571 3384 3632 transit,

1800 3682 2003 3738 perque
2031 3678 2244 3722 stenum
2290 3682 2386 3721 seu
2433 3680 2655 3721 auream
2708 3677 2927 3717 manum
2971 3662 3271 3731 digressus,
3322 3661 3387 3713 ad

1799 3758 2097 3827 onopodem
2135 3759 2397 3823 ascendit,
2423 3758 2473 3811 in
2504 3759 2657 3827 cujus
2679 3773 2827 3811 a'nea
2862 3766 3013 3825 porta
3035 3757 3387 3810 constitutum

1799 3850 2010 3919 patricii
2041 3860 2092 3905 et
2123 3851 2342 3920 Strategi
2373 3850 2669 3919 excipiunt.
2719 3848 2854 3903 Dum
2883 3859 3062 3901 autem
3102 3847 3392 3917 procidunt

1797 3953 1852 3996 et
1886 3943 2145 4008 adorant,
2179 3943 2500 4010 praepositus
2535 3942 2920 3996 cerimoniario
2960 3956 2990 3994 a
3030 3940 3282 3994 mandato
3317 3938 3391 3990 si-

1799 4047 1961 4101 gnum
2001 4032 2110 4096 dat,
2162 4033 2208 4086 is
2253 4033 2385 4087 dicit
2416 4051 2429 4087 :
2465 4051 2485 4084 ι
2517 4031 2731 4087 Jubete.
2763 4052 2780 4085 ι
2813 4032 2943 4086 lude
2985 4032 3239 4085 omnibus
3289 4030 3391 4084 rite

1801 4124 2051 4190 peractis,
2087 4138 2209 4193 quae
2245 4139 2407 4193 supra
2457 4125 2511 4179 in
2556 4125 2907 4194 processione
2947 4122 3392 4177 Annuutiationis

1802 4215 2044 4270 breviter
2107 4217 2496 4285 explicuimus,
2547 4219 2795 4272 discedit.
2858 4217 3189 4282 Sciendum,
3246 4213 3389 4268 festo

1800 4308 2105 4361 l’altnarutn
2136 4309 2221 4361 die
2251 4313 2551 4377 Augustam
2586 4323 2799 4379 quoque
2829 4310 2967 4374 vela,
2997 4321 3149 4376 atque
3186 4320 3251 4359 ac
3292 4305 3395 4358 iut-

1803 4409 2129 4467 peratorem,
2160 4400 2468 4463 admittere,
2497 4410 2548 4454 et
2574 4401 2700 4454 dum
2736 4400 2803 4452 ab
2835 4400 3001 4465 ipsam
3024 4412 3089 4450 eo
3118 4397 3246 4461 ritu,
3281 4409 3391 4463 quo

1800 4492 1865 4540 nd
1896 4490 2273 4557 imperatorem
2309 4491 2705 4559 ingrediuntur,
2747 4490 2815 4543 ab
2844 4490 2978 4558 ipsis
3014 4500 3204 4541 cruces
3244 4482 3391 4539 acci-

1806 4595 1933 4648 pere
1961 4582 2156 4634 solere.

126 4670 204 4722 ὅτι
240 4675 305 4741 τῇ
340 4673 478 4742 αὐτῇ
521 4674 704 4743 ἡμέρα
752 4674 859 4726 τῶν
895 4674 1069 4726 Βαῖων
1112 4674 1267 4741 καὶὴ
1309 4670 1617 4740 τᾹὺγοῦστα
1684 4672 1895 4742 δέχεται
1953 4672 2023 4725 τὰ
2068 4672 2205 4743 βῆλα
2248 4672 2359 4743 (49)
2414 4672 2614 4743 ὁμοίως
2659 4671 2740 4741 τῷ
2786 4668 3017 4741 βασιλεῖ,
3100 4669 3198 4722 καὶ
3268 4665 3394 4725 τοὺς

130 4766 390 4836 σταυροὺς
433 4765 701 4836 λαμϐάνει
760 4770 821 4819 ὲκ
875 4768 983 4819 τῶν
1034 4769 1173 4821 κατὰ
1235 4766 1413 4819 τύπον’
1451 4766 1847 4835 εἰσερχομένων
1878 4765 1969 4817 ἐπὶ
1999 4764 2094 4818 τοῦ
2131 4766 2394 4835 βασιλέως
2425 4764 2599 4827 οὕτως
2626 4764 2718 4818 καὶ
2749 4765 2834 4816 ἐπ’
2866 4762 3058 4831 αὐτῆς.

707 4854 954 4909 ΚΕΦΑΛ.
982 4854 1106 4909 ΛΓ.

131 4946 275 4997 Ὅσα
324 4944 417 4996 δεῖ
476 4943 969 5011 παραφυλάττειν
1019 4945 1094 5013 τῇ
1155 4947 1295 5014 ἁγίᾳ
1339 4943 1436 4998 καί
1474 4943 1707 5012 μεγάλῃ

196 5014 239 5067 ε’
269 5017 367 5068 καὶ
401 5014 641 5099 saltim
682 5015 787 5068 τοῦ
814 5017 1121 5081 ,ϐασιλέως
1150 5015 1431 5084 περιόδου

198 5099 627 5151 τηροκιμειοις.

206 5175 520 5245 Ἐξέρχεται
577 5176 606 5227 ὁ
658 5176 913 5245 βασιλεὺς
962 5178 1072 5230 ἀπὸ
1123 5177 1217 5231 τοῦ
1274 5178 1534 5231 παλατίου
1589 5179 1707 5251 ὥρᾳ

133 5266 320 5339 πρώτῃ
350 5268 383 5336 ἦ
420 5267 512 5320 καὶ
546 5267 777 5338 δευτέρᾳ
808 5270 867 5320 ἐν
894 5270 971 5339 τῷ
997 5270 1359 5341 ίπποδρομίῳ.
1414 5271 1708 5335 Ἱππεύσας

132 5356 183 5409 δὲ
220 5360 422 5424 ἐκεῖσε,
456 5358 881 5429 δηριγευὸμενος
928 5359 1034 5413 ὑπὸ
1070 5360 1177 5414 τῶν
1222 5363 1364 5413 κατά
1394 5361 1703 5433 συνήθειαν,

1728 4856 1781 4914 D

1476 5014 1547 5067 ἐν
1587 5017 1709 5080 τοῖς

2343 4855 2572 4911 CAPUT
2612 4854 2860 4911 XXXII}.

1820 4950 2155 5005 Obseruando
2193 4949 2248 5001 in
2274 4958 2461 5001 sancta
2494 4958 2544 5001 ει
2586 4960 2778 5014 magna
2815 4945 2951 5015 ﬂria
2996 4948 3202 5016 quinta,
3239 4958 3289 5004 et
3326 4948 3393 5002 de

2095 5020 2428 5087 imperatoris
2451 5017 2675 5071 circuitu
2703 5019 2754 5069 in
2776 5018 3107 5085 gerocomiis.

1889 5175 2183 5245 Imperator
2212 5188 2241 5227 a
2278 5172 2481 5242 palatio
2525 5172 2657 5225 hora
2703 5170 2877 5241 prima
2925 5179 3015 5223 aut
3058 5170 3293 5224 secunda
3326 5170 3391 5223 ad

1817 5270 2229 5337 hippodromum
2265 5265 2526 5333 procedit.
2564 5264 2719 5333 Equo
2746 5273 2926 5318 autem
2965 5263 3035 5317 ibi
3064 5276 3390 5325 conscenso,

1816 5358 2201 5412 comitantibus
2241 5372 2387 5420 eum,
2420 5354 2509 5424 qui
2540 5354 2749 5419 solent,
2786 5352 2855 5408 ad
2908 5353 3212 5424 gerocomia
3253 5354 3388 5412 abit.

1418 5448 1656 5505 VAlthE
1687 5446 2094 5503 LECTIONES.

199 5541 245 5573 ”
274 5542 325 5593 oi
354 5554 466 5594 om.
495 5540 585 5595 ed.

1108 5606 1299 5664 JOAN.
1324 5607 1467 5663 JAC.
1501 5604 1754 5661 REISKII
1787 5602 2351 5661 COMMENTARIUS.

206 5702 313 5770 (ιο)
356 5701 558 5771 Nempe
610 5717 809 5757 uxores
858 5702 1076 5756 illorum
1129 5716 1451 5769 procerum,
1507 5699 1706 5771 quibus

142 5771 425 5837 imperator
481 5769 672 5826 cruces
722 5783 1009 5841 argenteas
1056 5772 1368 5834 distribuit;
1411 5782 1468 5825 et
1514 5769 1706 5824 eodem

144 5842 322 5897 ordine
366 5843 726 5899 admittuntur
760 5842 1018 5898 feminina
1050 5842 1187 5905 vela,
1217 5850 1379 5911 atque
1441 5840 1706 5895 virorum.

1813 5707 1867 5752 et
1893 5697 1962 5750 ab
1998 5697 2195 5768 iisdem
2223 5698 2375 5768 viris.
2399 5698 2847 5768 orphanotropho
2877 5712 3070 5766 nempe
3098 5705 3263 5766 atque
3305 5713 3393 5751 xe-

1815 5767 2083 5831 nodocho,
2116 5767 2309 5835 accipit
2339 5767 2577 5840 Augusta
2606 5783 2797 5825 cruces
2820 5808 2835 5835 ,
2871 5784 2900 5823 a
2930 5770 3127 5839 quibus
3157 5768 3390 5836 impera-

1818 5848 1901 5892 tor
1934 5847 2239 5908 acceperat.
