4148 6440
104 403 213 466 ίὲδ

941 404 1035 466 DE
1071 405 1533 470 CERIMONIIS
1577 406 1794 467 AULE
1829 402 2278 467 BYZANTIN/E
2332 407 2478 468 LIB.
2518 403 2558 465 ῐ.

3283 403 3392 466 £26

96 511 470 583 χρυσότασλα.
503 513 615 568 Καὶ
635 513 1035 577 καταλαϐόντος
1062 514 1153 566 τοῦ
1185 514 1404 587 καιροῦ,
1434 514 1696 584 περιϐαλ-

1800 517 2048 569 stitutum
2082 516 2292 583 patricii
2328 525 2380 568 et
2414 513 2638 583 stratcgi
2675 513 2976 584 excipiunt,
3007 521 3059 567 et
3107 522 3392 581 postquam

93 602 323 672 λόμενος
354 604 382 654 ό
411 601 667 670 βασιλεὺς
704 602 1018 672 διὸητήσιον
1068 603 1130 658 τὸ
1178 606 1427 672 παγανὺν
1465 604 1577 676 (65)
1607 599 1702 658 καὶ

94 693 326 762 χλανίδα
381 695 475 746 τόν
505 693 774 763 ὀψίμαρον
818 694 955 765 (66),
986 696 1079 748 καὶ
1134 695 1563 766 δηριγευόμενος
1597 694 1703 748 ὑπό

91 800 150 836 τε
175 783 287 836 τῶν
319 786 696 855 πραιποσίτων
722 786 816 838 καὶ
866 786 1075 838 λοιπῶν
1117 788 1400 858 ἀρχόντων
1425 788 1520 840 τοῦ
1569 805 1665 841 κου

91 876 403 942 εουκλεέου,
441 880 716 949 διέρχεται
747 879 838 932 διά
867 896 925 932 τε
959 879 1054 932 τοῦ
1087 880 1439 946 αύγουστὲως
1473 880 1570 933 καὶ
1601 878 1697 932 τοῦ

93 974 309 1038 στενοῦ,
361 976 530 1046 ἡγουν
577 974 678 1044 τῆς
711 976 918 1045 χρυσῆς
971 975 1176 1044 χειρὸς,
1237 977 1330 1028 καὶ
1380 975 1687 1046 ἀπέρχεται
1727 977 1806 1037 είς
1850 976 1943 1027 τὸν
1997 975 2246 1038 όνὸποδα,
2304 975 2398 1028 καὶ
2455 976 2678 1038 στάντος
2721 975 2888 1033 αὑτοῦ

1813 609 1868 660 in
1921 615 2120 659 terram
2161 605 2517 674 procubuere,
2568 605 2889 673 praepositus
2935 604 3314 658 ceritnoniario
3365 624 3394 667 α

1813 697 2068 750 mandato
2091 696 2302 763 signum
2345 697 2455 758 dat,
2492 697 2535 750 is
2569 697 2735 749 dicit:
2781 714 2799 747 ι
2840 692 3053 759 ιιιώοιε,
3087 713 3106 746 ι
3157 695 3258 764 ipsi
3292 697 3393 750 illl-

1815 789 2050 856 peratori
2106 796 2508 855 apprecantur:
2564 805 2586 839 ι
2645 785 2701 842 In
2752 787 2919 841 multa
2963 786 3211 857 bonaque
3258 796 3394 840 teme

1813 896 1962 948 pora,
1994 891 2100 931 etc.
2137 898 2154 930 ι

2961 978 3017 1029 ἐν
3075 979 3141 1048 τῇ
3216 980 3392 1049 χαλκῇ

90 1073 242 1142 πύλῃ
275 1073 371 1123 τοῦ
396 1072 670 1133 όνὸποδος,
702 1071 947 1142 δέχονται
1013 1073 1178 1124 αὑτὸν
1219 1073 1400 1125 ὲκεῐσε
1474 1075 1751 1142 πατρίκιοι
1803 1073 1895 1125 καὶ
1947 1072 2269 1141 στρατηγοὶ,
2317 1073 2409 1124 καὶ
2456 1072 2733 1122 πεσόντων
2773 1070 2918 1123 νεύει
2956 1073 2983 1124 ὁ
3032 1074 3394 1142 πραιπόσιτος

90 1165 168 1232 τῷ
225 1165 329 1233 τῆς
384 1167 774 1229 καταστάσεως
834 1167 943 1218 ἀπὸ
986 1167 1316 1232 κελεύσεως,
1369 1171 1464 1221 καὶ
1516 1168 1686 1235 λέγει,
1737 1168 2112 1221 «Κελεύσατει
2148 1189 2166 1222 ι
2200 1169 2296 1222 καὶ
2341 1167 2498 1222 αὐτοὶ
2563 1167 2959 1236 ὑπερεύχονται
3025 1169 3116 1222 τὸν
3166 1170 3394 1239 βασιλέα

97 1275 112 1304 ι
146 1258 241 1321 Εἰς
278 1257 508 1320 πολλοὺς
546 1259 640 1311 καὶ
671 1258 911 1325 ἀγαθοὺς
941 1259 1227 1328 χρόνους.»

160 1349 235 1404 B’.
283 1353 395 1404 Καὶ
433 1352 859 1422 δηριγευόμενος
907 1355 998 1406 ὑπ’
1040 1355 1218 1407 αὐτῶν
1267 1356 1506 1418 πάντων,
1537 1356 1690 1426 ἐξέρ-

89 1461 244 1511 χεται
281 1445 340 1495 ὲν
379 1444 457 1513 τῷ
517 1448 912 1516 κονσιστωρίῳ,
962 1449 1058 1500 καὶ
1111 1448 1337 1510 στάντος
1373 1452 1429 1502 ὲν
1458 1449 1536 1519 τῷ
1582 1467 1687 1502 κα-

91 1537 381 1606 μελαυκίῳ
416 1539 508 1589 ἐπὶ
535 1537 628 1590 τοῦ
673 1540 955 1610 πορφυροῖ)
999 1540 1171 1604 λίθου,
1201 1543 1494 1596 πίπτουσιν
1531 1539 1688 1606 αὖθις

88 1627 138 1678 οί
171 1628 461 1696 πατρίκιοι
501 1628 594 1680 καὶ
639 1631 671 1697 ἠ
717 1629 1046 1701 σύγκλητος,
1083 1634 1176 1685 καὶ
1225 1633 1406 1686 λαϐὼν
1457 1634 1631 1702 νεῦμα
1660 1637 1688 1688 ό

89 1717 458 1785 πραιπόσιτος
500 1719 651 1787 παρά
686 1719 783 1771 τοῦ
816 1721 1104 1789 βασιλέως,
1141 1724 1283 1777 νεύει
1309 1725 1384 1794 τῷ
1426 1723 1688 1778 σιλεντια-

1863 1355 1927 1410 ll.
1976 1354 2178 1409 Deinde
2237 1354 2305 1407 ab
2353 1355 2436 1408 his
2483 1355 2734 1409 omnibus
2777 1355 3049 1425 stipatus,
3095 1358 3160 1411 ad
3212 1361 3392 1414 consl-

1788 1447 2019 1500 storium
2041 1446 2175 1508 abit,
2205 1444 2361 1514 107
2384 1455 2438 1498 et
2465 1449 2589 1498 dum
2615 1446 2714 1499 sub
2731 1447 3062 1502 camelaucio
3080 1448 3133 1502 in
3154 1452 3392 1523 porphy-

1788 1537 1964 1591 retico
2015 1536 2194 1605 lapide
2225 1545 2355 1598 stat,
2391 1552 2578 1590 rursus
2610 1539 2826 1607 patricii
2860 1549 2914 1592 et
2936 1550 3220 1598 senatores
3259 1559 3388 1614 pro-

1788 1630 1996 1694 cidunt,
2023 1641 2076 1682 et
2109 1637 2394 1697 postquam
2441 1632 2765 1698 prepositus
2794 1629 3008 1700 signum
3044 1635 3112 1686 ab
3153 1635 3389 1703 impera-

1797 1727 1912 1771 tore
1939 1720 2169 1786 accepit,
2195 1718 2498 1772 silentiario
2524 1719 2732 1784 annuit,
2765 1724 2857 1790 qui
2884 1723 3014 1776 dicit
3037 1741 3050 1776 :
3077 1742 3094 1775 ι
3122 1722 3331 1788 Jubote.
3364 1743 3386 1778 ι

91 1810 212 1877 ρίῳ,
249 1810 510 1873 κάκεῖνος
543 1812 714 1878 λέγει·
753 1831 770 1862 t
798 1814 1107 1867 Κελεύσατε
1138 1833 1152 1847 ·
1185 1834 1203 1868 ι
1242 1818 1396 1870 αὐτοὶ
1436 1819 1489 1870 δὲ
1523 1819 1689 1889 ὑπερ⁹

1797 1809 1978 1862 caeteri
2034 1808 2272 1863 faustum
2329 1821 2394 1860 ac
2443 1808 2759 1863 diuturnum
2811 1812 3096 1880 imperium
3155 1815 3387 1886 principi

87 1902 340 1968 εύχονται
386 1903 738 1971 τὸνβασιλέα
769 1923 780 1934 ·
827 1923 845 1956 t
873 1906 970 1969 Είς
1020 1908 1250 1970 πολλοὺς
1307 1910 1400 1961 καὶ
1452 1910 1688 1976 ἀγαθοὺς

1794 1909 2179 1969 apprecantur.
2226 1901 2380 1965 inde,
2428 1900 2513 1954 his
2559 1902 2811 1956 omnibus
2837 1905 3248 1972 comitantibus,
3291 1892 3388 1977 per

88 1994 343 2062 χρόνους.
372 2014 391 2046 ι
435 1996 704 2048 Κάκεῖθεν
737 1997 1170 2068 δηριγευόμενος
1206 2002 1308 2053 ὑπὸ
1344 2002 1562 2056 πάντων
1591 2003 1689 2056 αὑο

85 2088 212 2150 τῶν,
274 2087 552 2158 διέρχεται
586 2089 672 2140 διά
713 2107 770 2141 τε
811 2089 919 2142 τῶν
951 2091 996 2122 ⁸⁸
1047 2091 1375 2156 ὲξκουῦίτων
1437 2097 1531 2147 καί
1579 2095 1687 2148 τῶν

89 2178 318 2245 σχολῶν,
366 2182 464 2232 καὶ
499 2180 780 2250 ἐξέρχεται
829 2182 919 2234 διὰ
965 2183 1064 2252 τῆς
1111 2187 1312 2254 μικρᾶς
1368 2186 1541 2256 πύλης
1587 2187 1682 2256 τῆς

87 2271 294 2341 χαλκῆς
330 2273 376 2304 ”
404 2272 498 2324 τοῦ
525 2273 714 2344 χυτοῦ,
749 2274 844 2328 καὶ
875 2275 1175 2345 ἀπέρχεται
1208 2278 1370 2347 μέχρι
1402 2278 1494 2331 τοῦ
1528 2277 1684 2346 ἁγίου

89 2364 347 2430 φρέατος.
383 2365 466 2418 Τὰ
492 2366 548 2418 δὲ
602 2366 744 2437 μέρη
791 2367 1040 2436 δέχονται
1076 2368 1167 2421 τὸν
1203 2369 1426 2437 βασιλέα
1478 2373 1536 2422 ἐν
1565 2374 1682 2434 ταῖς

90 2457 347 2510 στάσεσιν
395 2459 600 2521 αὐτῶν,
652 2460 1024 2530 σφραγίζοντα
1062 2460 1153 2514 τὸν
1188 2461 1413 2531 βασιλέα
1457 2465 1549 2516 καὶ
1588 2465 1682 2533 μό-

90 2568 194 2609 νον,
231 2549 457 2616 λέγουσι
487 2551 542 2602 δὲ
578 2553 671 2604 καὶ
694 2554 742 2604 oi
777 2553 1018 2625 νοτάριοι
1046 2554 1140 2607 καὶ
1171 2557 1218 2608 οξ
1264 2557 1579 2628 μαῖστορες,
1609 2561 1684 2623 ὡς

88 2645 319 2695 εἴθισται
354 2646 562 2708 αὐτοῖς,
589 2648 714 2707 τοὺς
755 2646 1004 2716 ἰάμϐους.
1043 2648 1102 2700 '0
1129 2649 1186 2700 δὲ
1219 2649 1474 2717 βασιλεὺς
1505 2653 1682 2706 είσελ-

89 2737 190 2788 θὼν
239 2740 299 2789 ὲι
341 2739 421 2806 τῷ
453 2740 513 2806 ἁγ
531 2738 594 2807 ίῳ
641 2740 838 2808 φρέατι
871 2741 964 2794 καὶ
1015 2742 1160 2808 ἅψας
1207 2748 1430 2816 κηροὺς,
1465 2747 1680 2816 δέχεται

88 2831 232 2899 παρὰ
262 2829 361 2882 τοῦ
395 2831 739 2902 πατριάρχου
772 2833 831 2884 ἐν
859 2833 935 2902 τῷ
963 2835 1104 2904 ἁγίῳ
1131 2836 1346 2904 φρέατι,
1377 2839 1468 2890 καὶ
1498 2857 1680 2908 προσ-

91 2920 425 2988 κυνήσαντες
474 2921 780 2990 ἀμφότεροι
839 2923 1106 2994 ἀλλήλους
1150 2927 1245 2978 καὶ
1275 2928 1677 2999 ἀσπασάμενοι,

88 3012 431 3080 εἰσέρχονται
461 3013 540 3067 εἰς
573 3014 665 3066 τὸν
699 3016 847 3081 ναὸν,
884 3017 978 3069 καὶ
1005 3018 1336 3082 ἀπελθόντες
1380 3022 1541 3092 μέχρι
1571 3024 1679 3076 τῶν

88 3106 252 3171 ἁγίων
286 3105 496 3174 θυρῶν,
544 3109 572 3158 ό
604 3106 706 3175 μὲν
755 3110 1101 3180 πατριάρχης
1155 3112 1460 3183 εἰσέρχεται
1490 3115 1568 3178 είς
1618 3117 1680 3169 τὸ

1790 1995 2046 2050 excubias
2080 1996 2406 2066 scholasqne
2441 1998 2658 2062 transit,
2698 2011 2903 2068 perque
2930 2010 3151 2068 parvam
3179 2015 3384 2054 teneam

1789 2095 2002 2153 portam
2042 2085 2190 2155 chyti
2235 2088 2301 2141 ad
2341 2097 2589 2143 sanctum
2634 2097 2854 2157 puteum
2891 2089 3059 2145 venit.
3091 2090 3387 2148 Factionel

1792 2178 2181 2246 imperatorem
2219 2179 2271 2231 in
2322 2179 2432 2234 suis
2466 2179 2794 2233 stationibus
2835 2181 3130 2250 accipiunt,
3175 2193 3230 2236 et
3267 2193 3388 2238 tan-

1790 2280 1899 2324 tum
1929 2287 2092 2326 cruce
2123 2274 2361 2343 signant,
2391 2275 2587 2327 notarii
2621 2289 2756 2328 vero
2781 2283 2834 2328 et
2868 2275 3138 2344 magistri,
3165 2288 3221 2330 ut
3254 2276 3389 2346 ipsi!

1788 2378 1904 2416 mos
1931 2374 2035 2430 est,
2064 2365 2277 2419 iambos
2293 2366 2554 2418 ret-itaut.
2582 2364 2885 2434 imperator
2915 2381 3130 2421 sacrum
3159 2379 3384 2438 puteum

1790 2454 2090 2524 ingressus,
2113 2471 2300 2511 cereos
2321 2459 2592 2521 accendit,
2624 2467 2680 2512 et
2701 2473 2730 2510 a
2763 2459 3078 2527 patriarcha
3109 2461 3160 2514 in
3191 2473 3385 2521 sancto

1788 2559 1951 2620 puteo
1995 2551 2286 2620 excipitur,
2332 2551 2446 2617 ubi,
2481 2560 2770 2620 postquam
2816 2566 2874 2606 so
2917 2553 3148 2607 invicem
3185 2555 3383 2609 adora.

1788 2652 1912 2697 runt
1944 2658 2008 2698 ac
2048 2645 2376 2709 salntarunt,
2413 2643 2671 2713 templum
2705 2645 2930 2710 intrant,
2963 2653 3017 2699 et
3065 2649 3132 2699 ad
3162 2659 3382 2706 sanctas

1780 2736 1976 2806 januas
2013 2736 2308 2805 progressi,
2348 2735 2663 2806 patriarcha
2701 2736 3011 2790 sacrarium
3050 2737 3233 2795 intrat.
3276 2737 3382 2795 In).

1786 2837 2002 2896 perator
2042 2829 2108 2882 ad
2141 2842 2330 2882 sacras
2359 2829 2556 2897 januas
2587 2829 2937 2895 constitutus,
2968 2844 3158 2884 cereos
3187 2846 3384 2888 accen.

1785 2922 1880 2986 dit,
1933 2932 1988 2975 ct
2035 2931 2287 2991 precatus
2319 2922 2622 2977 sacrarium
2662 2921 2848 2985 intrat,
2881 2931 3198 2993 mutatoque
3239 2925 3382 2980 sacri

1785 3015 1972 3069 altaris
2011 3015 2266 3081 instrato,
2298 3031 2328 3069 a
2361 3015 2654 3086 praeposito
2679 3025 2906 3070 centum
2935 3015 3107 3072 libras
3133 3019 3250 3072 auri
3282 3032 3382 3073 tilio

1786 3106 1903 3170 mit,
1933 3106 2024 3174 qui
2058 3121 2152 3160 cas
2183 3107 2236 3159 in
2262 3106 2432 3176 gradu
2477 3107 2648 3175 ponit,
2693 3106 2745 3159 in
2779 3120 2887 3174 quo
2918 3107 3215 3173 imperator
3251 3115 3381 3172 stat,

88 3197 501 3268 θυσιαστήριον,
551 3201 579 3251 ὁ
612 3199 670 3252 δὲ
721 3199 997 3268 βασιλεὺς,
1049 3204 1180 3264 στὰς
1226 3204 1536 3276 ἔμπροσθεν
1579 3210 1686 3262 τῶν

1793 3211 2040 3266 novoque
2075 3197 2303 3255 instrato
2339 3195 2614 3266 imposito,
2644 3195 2787 3250 aliud
2820 3198 3218 3268 apocombium,
3239 3197 3384 3267 quod

90 3289 253 3353 ἁγίων
279 3287 494 3358 θυρῶν,
545 3290 637 3341 καὶ
675 3291 818 3357 ἁψας
859 3295 1064 3363 κηροὺς
1089 3296 1179 3347 καὶ
1214 3296 1536 3366 εὐξάμενος,
1571 3303 1684 3354 εἰσ-

89 3380 303 3448 έρχεται
350 3381 436 3441 είς
466 3380 524 3431 τὸ
563 3379 975 3453 θυσιαστήριον,
1028 3386 1124 3437 καὶ
1163 3388 1303 3455 μετὰ
1347 3388 1408 3441 τὸ
1443 3391 1684 3446 ὑπαλλά-

88 3469 167 3534 ξαι
198 3472 300 3539 τὴν
335 3470 502 3536 ἁγίαν
530 3470 811 3540 τράπεζαν
854 3474 953 3536 τὰς
989 3475 1161 3544 αὐτῆς
1199 3478 1443 3541 ἐνδυτάς,
1477 3482 1683 3552 λαμϐά-

87 3580 156 3614 .,ει
192 3563 354 3631 παρὰ
409 3561 506 3614 τοῦ
559 3565 921 3632 πραιποσίτου
972 3567 1199 3636 χρυσίου
1243 3568 1432 3639 λίτρας
1487 3579 1551 3644 ρ’,
1585 3573 1682 3626 καὶ

85 3655 297 3724 τίθησιν
323 3653 499 3718 αὐτὲις
525 3658 604 3719 είς
641 3656 740 3726 τὴν
771 3658 934 3724 ἁγίαν
964 3660 1244 3729 τράπεζαν
1276 3663 1334 3714 ὲν
1365 3664 1441 3733 τῷ
1475 3665 1678 3736 βασμι-

83 3748 195 3816 δίῳ,
235 3750 295 3798 ἒν
337 3741 386 3815 ᾧ
410 3749 437 3801 ό
476 3748 730 3816 βασιλεὺς
767 3751 1006 3814 ἶσταται,
1061 3753 1155 3805 καὶ
1190 3755 1351 3822 ἡνίκα
1398 3757 1682 3833 (malum

85 3840 174 3906 τὴν
230 3836 402 3904 ἁγίαν
462 3836 789 3906 τράπεζαν,
846 3839 1027 3891 λαϐὼν
1088 3841 1424 3911 ἀποκόμσιον
1471 3845 1678 3911 ἕτερον,

85 3929 198 3999 ἕχον
226 3932 323 3982 καὶ
360 3930 496 3982 αὐτὸ
542 3931 802 4000 χρήματα
854 3933 1150 4002 πάμπολλα
1182 3938 1335 4006 παρὰ
1365 3935 1460 3988 τοῦ
1509 3955 1677 4009 πραι-

87 4023 333 4088 ποσίτου,
363 4021 578 4092 τίθησιν
613 4023 745 4074 αὐτὸ
781 4025 861 4086 είς
890 4025 989 4093 τὴν
1025 4026 1188 4094 ἁγίαν
1226 4027 1530 4097 τράπεζαν,
1557 4026 1676 4083 εἶτα

84 4111 264 4165 λαϐὼν
318 4112 473 4182 παρὰ
523 4113 618 4165 τοῦ
666 4113 1015 4184 πατριάρχου
1064 4115 1351 4186 θυμιατὸν,
1397 4119 1568 4190 θυμιᾷ
1614 4125 1674 4174 ὲκ

86 4204 272 4269 τρίτου
336 4203 402 4255 τὸ
463 4203 854 4274 θυσιαστήριον
906 4205 1193 4270 κυκλόθεν,
1244 4209 1337 4260 καὶ
1391 4210 1674 4279 ἐξέρχεται

87 4292 166 4343 δια
192 4291 294 4345 τοῦ
324 4293 620 4362 ἀριστεροῦ
657 4294 858 4365 μέρους
883 4295 982 4363 τῆς
1025 4295 1282 4362 πλαγίας,
1315 4298 1410 4350 καὶ
1439 4299 1676 4369 ἀπέρχε-

86 4401 171 4436 ται
200 4387 284 4449 εἰς
305 4387 367 4438 τὸ
394 4385 842 4453 σκευοφυλὰκιον.
874 4387 1144 4441 Είσελθὼν
1176 4390 1232 4442 δὲ
1267 4390 1361 4444 καὶ
1392 4391 1537 4461 ἅψας
1570 4411 1671 4463 κη-

1791 3297 1843 3338 ct
1879 3287 2055 3354 ipsum
2085 3287 2372 3342 admodum
2403 3287 2709 3357 pretiosum
2751 3296 2857 3349 est,
2897 3302 2928 3341 a
2964 3290 3252 3360 preposito
3283 3305 3378 3346 sn-

1792 3381 1886 3434 mit
1919 3382 2080 3449 inque
2116 3395 2274 3438 sacra
2314 3395 2505 3435 mensa
2543 3379 2723 3443 oﬂ'ert,
2751 3378 2948 3435 deinde
2989 3380 3313 3437 sufﬁmentis
3348 3397 3378 3442 ι

1791 3472 2102 3540 patriarcha
2131 3471 2394 3539 acceptis,
2425 3474 2728 3526 sacrarium
2755 3471 2809 3524 in
2835 3470 3047 3526 circulo
3075 3481 3156 3527 ter
3191 3473 3376 3529 incen-

1788 3575 1896 3629 sat,
1923 3577 2128 3632 perque
2171 3562 2450 3617 sinistram
2483 3561 2821 3631 obliquitatis
2851 3574 3060 3629 partem
3097 3566 3162 3618 ad
3196 3565 3375 3618 locum

1791 3657 1882 3710 ubi
1913 3671 2038 3709 vasa
2073 3663 2442 3719 asseruntur,
2475 3654 2606 3709 abit.
2648 3653 2930 3723 Ingressus
2956 3669 3086 3709 vero
3115 3671 3236 3710 cum
3285 3673 3377 3715 cce

1789 3751 1902 3804 reis
1928 3749 2264 3813 ardentibus,
2289 3756 2564 3822 precatur,
2595 3745 2789 3801 deinde
2817 3761 2946 3800 vasa
2981 3748 3160 3801 omnia
3196 3750 3380 3802 inccn.

1788 3849 1873 3894 sat
1909 3851 1962 3894 et
1993 3839 2266 3908 paululum
2307 3853 2430 3893 cum
2479 3835 2785 3907 patriarcha
2834 3838 3100 3892 considet.
3143 3839 3378 3895 Posthac

1789 3933 2108 3986 cubicularii
2129 3940 2182 3985 et
2210 3931 2400 4000 reliqui
2439 3931 2700 3999 prmlecti,
2733 3931 2826 4001 qui
2860 3946 2959 4000 pro
2987 3945 3138 3985 more
3171 3933 3377 3986 intrare

1786 4025 1985 4087 solent,
2035 4023 2294 4091 ingressi,
2340 4038 2367 4075 a
2421 4023 2764 4077 thesaurario
2797 4023 3027 4077 nardum
3079 4023 3373 4092 accipiunt,

1785 4118 2080 4184 imperator
2116 4130 2242 4168 vero
2279 4115 2471 4184 surgit,
2508 4123 2564 4167 et
2601 4129 2630 4167 a
2667 4113 3088 4183 sceuophylacio
3118 4129 3372 4183 egressus

1785 4223 1882 4276 per
1927 4221 2237 4278 gynmceum
2282 4207 2597 4266 narthecis.
2671 4206 2760 4260 ubi
2806 4205 3022 4261 solitam
3079 4210 3369 4262 stationem

1783 4315 1936 4354 suam
1971 4299 2288 4354 diaconissaa
2333 4296 2540 4365 Magna:
2585 4296 2844 4352 Ecclesiae
2897 4299 3120 4363 habent,
3171 4301 3370 4354 transit

1784 4406 1985 4460 perque
2005 4391 2284 4445 sinistram
2309 4390 2540 4444 bcmatis
2564 4400 2800 4456 portam,
2833 4399 3053 4458 accepta
3079 4405 3108 4444 a
3136 4391 3369 4464 patriap—

94 4481 209 4546 ρους
234 4478 480 4548 εὖχεται,
517 4478 608 4532 καὶ
641 4479 940 4548 εὐξάμενος
974 4481 1145 4551 θυμιᾷ
1189 4483 1258 4534 τά
1293 4483 1461 4554 σκεύη
1494 4485 1672 4538 ἀπαν-

1790 4486 1877 4538 ιίιιι
1914 4483 2310 4547 benedictione,
2338 4483 2634 4552 egreditur.

89 4585 172 4629 τα,
208 4571 304 4622 καὶ
358 4568 651 4632 καθέζεται
705 4571 905 4643 μικρὸν
957 4571 1100 4641 μετὰ
1153 4573 1247 4625 τοῦ
1304 4577 1670 4646 πατριάρχου.
1716 4572 1828 4629 Εἶθ’
1858 4574 2032 4638 οὕτως
2091 4575 2431 4646 εἰσέρχονται
2477 4577 2526 4626 ot
2560 4575 2652 4627 τοῦ
2691 4575 3075 4630 κουσουκλιίου
3151 4579 3249 4631 καὶ
3315 4579 3368 4630 ei

90 4665 261 4723 λοιποὶ
294 4663 557 4732 ἄρχοντες
607 4665 656 4716 οἱ
713 4664 853 4717 κατὰ
924 4665 1216 4736 συνήθειαν
1271 4669 1553 4733 εἰσιόντες,

1634 4670 1976 4740 λαμϐάνουσι
2029 4669 2178 4739 παρὰ
2225 4668 2319 4720 τοῦ
2397 4667 2805 4736 σκευοφύλακος
2850 4669 3063 4738 νάρδον,
3118 4672 3213 4725 καὶ
3260 4668 3361 4723 εἷθ’

90 4751 257 4816 οὕτως
305 4755 590 4807 ἀνίσταται
621 4755 650 4807 ό
700 4753 975 4823 βασιλεὺς,
1014 4758 1110 4811 καὶ
1155 4759 1387 4823 ἐξελθὼν
1440 4763 1549 4815 άπὸ
1578 4761 1672 4815 τοῦ
1718 4760 2173 4830 σκευοφυλακίου,
2228 4761 2501 4830 διέρχεται
2539 4761 2626 4814 διὰ
2701 4760 2796 4814 τοῦ
2845 4763 3158 4831 γυναικίτου
3227 4763 3360 4834 νάρ-

93 4843 252 4913 θηκος
281 4846 418 4916 (67),
443 4850 501 4900 ἰν
546 4842 592 4916 ᾧ
619 4851 712 4902 καὶ
745 4853 844 4920 τὴν
880 4851 1086 4922 συνήθη
1133 4855 1322 4907 στάσιν
1375 4856 1670 4926 κέκτηνται
1710 4860 1766 4910 αἱ
1797 4858 1892 4928 τῆς
1923 4857 2095 4926 αὐτῆς
2157 4856 2416 4925 Μεγάλης
2465 4853 2792 4922 Ἐκκλησίας
2834 4855 3195 4923 διακόνισσαι,
3266 4859 3360 4924 καὶ

1469 4993 1702 5048 γΑΙιυΕ
1730 4991 2136 5049 LECTIONES.

161 5080 203 5110 "
238 5078 328 5132 διὰ
358 5077 468 5131 τῶν
503 5078 590 5132 ed.
670 5080 714 5110 "
747 5077 922 5150 πύλης
946 5081 1040 5133 καὶ
1076 5082 1234 5151 χαλκ.
1264 5084 1350 5136 nd.

1085 5236 1276 5293 JOAN.
1311 5236 1458 5292 JAC.
1494 5237 1746 5293 iiElSKll
1787 5235 2358 5293 COMMENTARIUS.

161 5355 272 5426 (65)
343 5354 650 5408 Dihitisium
702 5395 716 5420 ,
783 5369 954 5423 genus
1037 5355 1500 5421 sitperltutneralis
1559 5371 1666 5408 non

98 5427 241 5481 valde
283 5425 503 5494 prolixi,
538 5438 824 5491 paganum,
856 5425 958 5478 hoc
999 5435 1084 5494 est
1125 5439 1258 5477 auro
1296 5435 1350 5477 et
1380 5427 1669 5492 splendore

99 5498 233 5548 omni
273 5493 490 5556 carens,
516 5498 675 5563 quale
707 5497 912 5563 geritur
942 5496 992 5546 in
1027 5493 1196 5554 luctu,
1230 5495 1306 5561 (ct
1333 5510 1466 5548 sane
1495 5495 1670 5548 lnctns

96 5566 524 5620 Christianorum
579 5568 847 5618 maximus
884 5564 970 5616 ille
1002 5572 1121 5626 est,
1163 5579 1323 5632 quem
1361 5565 1431 5618 ob
1467 5565 1668 5618 Christi

99 5647 318 5688 mortem
354 5635 688 5700 ittSliltllllll),
728 5645 782 5686 ct
815 5636 1030 5702 quando
1064 5634 1361 5701 imperator
1398 5651 1664 5702 paganus,

101 5706 195 5760 hoc
221 5716 304 5758 cst
327 5703 500 5768 λιτὸς,
532 5704 600 5756 ιιι)
635 5703 780 5759 omni
814 5719 1005 5772 pompa
1039 5716 1300 5769 remotus,
1331 5709 1474 5758 velut
1499 5707 1668 5758 latcrc

99 5779 314 5841 Cupiens
345 5773 610 5839 procedit.

167 5843 278 5913 (66)
317 5845 461 5912 Quid
495 5844 608 5897 haec
630 5856 730 5897 vox
775 5842 875 5897 sibi
918 5842 1068 5908 velit,
1107 5857 1172 5896 nc
1209 5845 1521 5914 conjectura
1550 5844 1668 5914 qui-~

416 5945 690 6004 Ρλτιιοι.
739 5946 856 6004 Gn.
915 5945 1104 6010 CXII.

1778 5358 1898 5408 dum
1929 5373 2215 5426 asseqnor.
2267 5359 2527 5424 Quamvis
2576 5363 2721 5414 enim
2753 5371 3059 5425 succurrat,
3095 5363 3238 5418 forte
3268 5365 3354 5418 lin

1778 5429 1980 5504 dictant
2018 5443 2143 5504 esse
2177 5429 2320 5482 illam
2355 5430 2715 5501 chlamydem,
2771 5432 2912 5500 quod
2949 5447 3205 5503 vesperae,
3260 5437 3356 5504 ὀψὲ

1777 5499 1876 5565 τῆς
1924 5498 2158 5572 ἡμέρας,
2209 5498 2752 5567 εεειαι·ειιιτ,ὐὺειιιῑ
2787 5498 2988 5567 tamen,
3043 5498 3184 5572 quod
3236 5498 3354 5566 huic

1777 5580 1936 5619 mane
1971 5569 2086 5621 lict'i
2122 5572 2390 5624 dicantur.

1846 5637 1960 5706 (67)
2024 5639 2200 5711 διιιίΙο
2271 5641 2389 5708 plus
2455 5649 2716 5711 praestant
2775 5640 2894 5706 LL;
2949 5642 3116 5697 nihilo
3172 5652 3355 5707 tamn.

1776 5707 1956 5761 minus
2004 5710 2196 5764 deesse
2240 5707 2484 5778 Quaedam
2515 5713 2868 5777 dubiovaCat,
2898 5712 3034 5765 forte
3073 5728 3136 5767 ex
3173 5730 3222 5783 p.
3249 5714 3354 5786 ili:

1777 5779 2094 5830 Sttoulenda.

1777 5781 2094 5846 Supplenda.

2955 5889 3092 6014 ιι
