4148 6440
150 416 234 477 ίΞῦ
914 410 1014 468 DE
1054 406 1508 468 CERIMONIIS
1535 404 1756 466 Αυιιε

1701 404 1756 462 (Β
1801 405 2245 464 ΒΥΖΑΝΤΙΝίΕ
2280 407 2424 466 LIB.
2464 405 2513 463 Ῑ.
3232 400 3339 472 430

148 523 288 592 λατίῳ
312 521 392 574 διὰ
414 518 509 588 τὴν
550 516 741 588 ἑορτὴν
787 516 880 569 τοῦ
921 516 1357 585 Εύαγγελισμοῦ,
1399 514 1512 568 ἀλλ’
1541 517 1672 567 ὑποο
1707 527 1751 579 Α
1783 534 1786 568 l

1707 527 1751 579 Α
1783 518 1989 584 magnis
2046 513 2479 582 processionibus
2521 511 2707 581 pSaltis
2766 512 3083 582 cmterisque
3127 515 3340 583 copiosa

151 611 350 679 στρέψας
387 612 691 679 εἰσέρχεται
746 612 803 659 ὲν
853 609 918 677 τῇ
963 608 1136 676 μικρᾷ
1183 606 1326 675 πύλῃ
1358 608 1423 674 τῇ
1455 605 1588 675 ούσῃ
1621 607 1676 655 ὲν
1785 625 1789 658 ι

1785 622 2006 660 innnera
2042 621 2134 659 sua
2185 607 2325 658 inter
2365 606 2634 658 solemnes
2667 605 2959 672 argentarii
2993 605 3341 661 acclamatio-

147 704 209 773 τῷ
239 702 436 772 φρέατι,
479 703 536 753 ὲν
663 700 881 752 ἵσταται
916 701 972 750 ὲν
1000 702 1117 760 ταῖς
1151 699 1191 728 ³⁸
1225 696 1489 766 μεγάλαις
1545 713 1677 764 προσ
1784 746 1785 751 η

1784 715 1882 754 nes
1905 705 2113 765 erogat,
2151 696 2472 764 ingreditur.
2522 694 2648 748 Inde
2679 709 2773 764 per
2805 694 3120 763 triclinium,
3157 697 3244 750 ubi
3294 701 3343 752 in

150 795 431 857 ελεύσεσιν,
480 792 695 854 ἐπιδοὺς
752 793 863 852 τοῖς
915 791 1145 859 ψάλταις
1201 790 1293 842 καὶ
1327 790 1530 850 λοιποῖς
1582 788 1680 849 τὰς
1787 809 1788 841 l

1787 790 2082 860 majoribus
2108 786 2545 856 processionibus
2571 785 2880 842 convivium
2913 786 3172 850 celebrat,
3205 795 3349 842 trau-

149 886 374 948 πλουσίας
404 884 567 936 αὑτοῦ
612 885 821 952 δωρεάς
859 884 887 935 ὁ
921 882 1174 952 βασιλεὺς
1219 884 1276 934 ὲν
1329 883 1406 949 τῷ
1457 880 1682 950 κράζειν
1784 903 1787 933 :

1784 883 1852 934 sit
1905 889 1960 932 et
2014 879 2356 933 metatorium
2410 878 2564 950 petit,
2613 888 2928 948 mutataque
2979 879 3140 943 stola,
3190 894 3345 948 quam

146 981 221 1031 τὸν
249 978 493 1047 ἄργυρον.
531 978 639 1028 Καὶ
665 975 872 1028 ἐκεῖθεν
921 975 1190 1044 διέρχεται
1239 974 1327 1028 διὰ
1355 974 1447 1026 τοῦ
1475 973 1680 1045 τρικλίο

1785 971 2221 1027 sanctoSabbato
2273 979 2469 1038 gestat,
2525 984 2665 1035 eam,
2703 985 2807 1040 qua
2855 971 3352 1027 inAnnuntiationo

149 1087 241 1130 νου,
274 1073 324 1120 ἐν
362 1061 405 1134 ᾧ
438 1066 766 1138 κραματίζει
808 1069 836 1118 ό
868 1066 1123 1136 βασιλεὺς
1156 1069 1213 1119 ὲν
1258 1069 1378 1128 ταῖς
1420 1069 1683 1135 μεγάλαις

1789 1065 1975 1125 utitur,
2007 1061 2199 1119 induit.
2227 1061 2397 1126 Unde,
2424 1069 2625 1115 mutata
2658 1072 2827 1127 veste,
2851 1062 2915 1116 ad
2941 1062 3136 1130 januas
3165 1080 3351 1118 sacra--

149 1157 483 1225 προελεύσεσι,
518 1159 612 1209 καὶ
647 1158 950 1226 εἰσέρχεται
987 1160 1043 1209 ἐν
1073 1157 1151 1227 τῷ
1204 1159 1557 1228 μητατωρίῳ,
1589 1157 1683 1209 καὶ

1788 1155 1852 1206 rii
1883 1154 2014 1215 abit,
2044 1153 2133 1206 ubi
2163 1168 2282 1206 cum
2319 1153 2628 1207 ardentibus
2657 1157 2831 1208 cereis
2862 1165 3129 1221 precatus,
3167 1171 3351 1210 sacra-

149 1248 425 1311 ἀπαλλάξας
460 1249 561 1317 τὴν
607 1247 819 1317 στολὴν,
857 1249 922 1318 ἢν
982 1251 1138 1317 φορεῖ
1162 1249 1256 1299 τοῦ
1284 1249 1438 1316 ἁγίου
1472 1247 1683 1299 216M-

1787 1246 1924 1300 riutn
1961 1245 2151 1307 intrat,
2195 1254 2247 1302 et
2276 1254 2461 1298 sancto
2494 1244 2653 1298 altari
2685 1247 2942 1310 adorato,
2981 1247 3204 1301 discedit
3236 1263 3357 1316 per-

147 1357 243 1403 του,
286 1339 610 1391 ὑπαλλάσσει
673 1340 776 1409 τὴν
843 1339 937 1392 τοῦ
995 1339 1410 1407 Εύαγγελισμοῦ
1469 1339 1680 1408 στολήν.

1786 1348 1891 1403 que
1914 1335 2114 1388 soleam
2149 1333 2466 1406 digreditur,
2501 1334 2864 1402 digressurus,
2899 1350 3111 1391 cereum
3138 1352 3352 1405 preces;

159 1429 386 1496 Έξελθὼν
431 1432 486 1483 δὲ
516 1431 623 1484 ἀπὸ
650 1430 758 1482 τῶν
789 1434 966 1483 ἐκεῖσε
997 1430 1354 1500 ἠλλαγμένος,
1385 1431 1681 1499 ἀπέρχεται
1787 1439 1797 1476 ε

1787 1423 2044 1478 sionalem
2097 1438 2125 1475 a
2185 1426 2470 1492 praeposito
2523 1425 2738 1495 accipit,
2797 1442 2902 1495 quo
2961 1428 3123 1492 facto,
3174 1430 3352 1490 statim

148 1523 418 1591 ἔμπροσθεν
464 1523 573 1575 τῶν
607 1524 786 1593 θυρῶν
815 1523 909 1575 τοῦ
940 1523 1348 1593 θυσιαστηρίου,
1386 1523 1480 1574 καλ⁵
1528 1521 1684 1585 εύξάο

1791 1515 2081 1582 tropariunt
2114 1513 2234 1568 festi
2268 1516 2656 1570 exordiuntur:
2695 1535 2714 1568 ι
2759 1516 2929 1572 Hodie
2972 1531 3131 1589 caput
3166 1520 3355 1581 salutis

151 1630 301 1683 μενος,
331 1614 546 1683 κρατῶν
577 1615 672 1667 καὶ
708 1616 933 1684 κηροὺς,
955 1615 1261 1684 εἰσέρχεται
1296 1615 1375 1674 εἰς
1405 1613 1465 1665 τὸ
1500 1613 1685 1665 θυσια-

1789 1617 2006 1661 nostra'.
2061 1625 2078 1656 ι
2139 1607 2342 1662 Deinde
2389 1623 2417 1660 a
2457 1609 2726 1677 praefectis
2771 1611 3039 1678 cubiculo,
3093 1615 3353 1682 patriciis,

149 1710 355 1776 στήριον,
414 1710 508 1762 καὶ
565 1712 950 1780 προσκυνήσας
1010 1712 1108 1779 τὴν
1165 1710 1326 1778 ἁγίαν
1371 1709 1682 1778 τράπεζαν,

1789 1703 2042 1770 strategis
2075 1709 2128 1754 et
2164 1709 2353 1754 senatu
2402 1701 2652 1770 stipatus,
2691 1717 2788 1771 per
2827 1704 3080 1773 templum
3128 1707 3354 1773 transit,

146 1797 394 1867 ἐξέρχεται
431 1801 529 1852 καὶ
549 1799 822 1870 διέρχεται
865 1799 954 1852 διὰ
989 1801 1088 1868 τῆς
1121 1800 1376 1863 σωλαίας,
1412 1800 1506 1852 καὶ
1554 1800 1684 1870 μὲλ-

1791 1809 1989 1864 perque
2019 1793 2331 1848 nartliecem
2357 1802 2409 1846 et
2447 1793 2820 1862 baptisterium
2861 1796 2992 1852 abit.
3029 1795 3132 1849 Per
3159 1797 3358 1865 gradus

147 1891 300 1954 λοντος
321 1892 482 1947 αὑτοῦ
513 1871 823 1963 διέρχεσθαι
873 1892 960 1946 διὰ
999 1893 1096 1962 τῆς
1140 1892 1393 1954 σωλαῐας,
1422 1891 1687 1962 λαμϐάνει
1719 1883 1760 1938 Β

1719 1883 1760 1938 Β
1791 1900 1968 1942 autem
1988 1889 2190 1958 atbyra:
2222 1884 2574 1948 descendens,
2606 1887 2670 1939 ad
2692 1886 2914 1941 millium
2936 1897 3102 1957 etper
3127 1890 3357 1954 mediam

146 1984 234 2036 ἀπὸ
275 1983 363 2036 τοῦ
396 1985 758 2053 πραιποσίτου
812 1985 1002 2054 κηρίον
1049 1984 1365 2045 λιτανίκιον,
1420 1985 1512 2040 καὶ
1557 1985 1687 2054 παρ’

1792 1979 1845 2032 in
1876 1980 2048 2034 ioruin
2083 1980 2214 2045 abit,
2253 1980 2434 2035 omnia
2473 1980 2563 2048 ibi,
2599 1991 2657 2032 ut
2687 1995 2849 2050 supra
2877 1980 3233 2045 ostendimus,
3269 1995 3359 2034 or-

149 2075 263 2127 αύτά
286 2076 540 2147 ἄρχονται
567 2077 628 2129 τὸ
657 2079 955 2148 τροπάριον
979 2079 1079 2148 τῆς
1112 2078 1306 2148 ἑορτῆς
1338 2078 1417 2138 τὸ,
1455 2096 1472 2128 ι
1512 2079 1688 2148 Σήμε-

1793 2073 1917 2127 dine
1962 2082 2298 2140 peracturus.
2339 2071 2540 2127 Deinde
2585 2070 2648 2124 ad
2692 2069 2948 2139 templum
2991 2069 3362 2142 Sanctissimae

150 2185 223 2218 εον
257 2170 346 2240 τῆς
371 2170 650 2239 σωτηρίας
680 2171 838 2241 ἡμῶν
869 2171 930 2223 τὸ
973 2171 1287 2240 κεφάλαιον.
1329 2190 1347 2222 ι
1393 2171 1502 2223 Καὶ
1533 2171 1687 2241 δηρι-

1792 2165 2032 2234 ῡεὶρσιτε
2069 2163 2564 2232 clialcoprateorum
2618 2161 2784 2228 venit,
2833 2170 2888 2217 et
2933 2162 3168 2217 divinam
3209 2162 3362 2221 litura

148 2261 409 2328 γενόμενος
441 2262 550 2314 ὑπό
590 2279 651 2314 τε
690 2261 797 2316 τῶν
847 2264 1123 2333 ἀρχόντων
1160 2263 1254 2316 τοῦ
1286 2263 1684 2327 κουὸουκλείου,

1794 2258 1933 2326 giatn
1976 2256 2047 2311 ibi
2092 2257 2159 2310 ad
2199 2255 2546 2325 Evangelium
2590 2270 2758 2326 usque
2785 2253 3041 2310 celebrat.
3074 2254 3190 2322 Quo
3221 2255 3353 2309 reci.

147 2352 420 2419 πατρικίων
471 2369 530 2404 τε
564 2356 658 2406 καὶ
707 2354 1028 2424 στρατηγῶν
1068 2354 1164 2407 καὶ
1208 2354 1307 2422 τῆς
1363 2353 1686 2424 συγκλήτου,

1796 2357 1925 2411 tato,
1957 2362 2052 2416 per
2075 2346 2304 2416 ligneam
2325 2347 2524 2402 scalam
2552 2347 2914 2412 descendit,et
2935 2345 3086 2408 (inita
3117 2354 3361 2416 extensa,

147 2438 385 2512 διέρχεται
421 2443 514 2496 διὰ
543 2445 637 2497 τοῦ
668 2444 817 2510 ναοῦ,
855 2447 950 2499 καὶ
985 2445 1271 2516 ἐξέρχεται
1308 2445 1396 2498 διά
1419 2459 1477 2497 τε
1506 2445 1548 2477 ⁸⁸
1595 2442 1690 2497 τοῦ

1795 2438 2058 2493 discedit:
2093 2437 2196 2492 hoc
2240 2437 2383 2491 enim
2420 2437 2506 2491 die
2534 2452 2686 2492 sacra
2719 2437 2936 2513 liturgia
2959 2450 3072 2513 non
3112 2444 3240 2502 tota,
3271 2437 3363 2503 sed

147 2533 385 2602 νάρθηκος
413 2538 508 2588 καὶ
554 2536 649 2590 τοῦ
681 2537 962 2606 λουτῆρες.
995 2537 1285 2590 Κατελθὼν
1315 2537 1371 2590 δὲ
1405 2539 1469 2589 τὰ
1490 2537 1692 2606 γραδή-

1795 2532 1859 2584 ad
1886 2529 2231 2600 Evangelium
2267 2544 2437 2599 usque
2461 2537 2812 2584 etextensam
2839 2528 3160 2586 celebratur.
3193 2526 3366 2602 Ιιιψεο

147 2623 221 2676 λιιι
245 2625 328 2679 τοῦ
348 2627 547 2698 ἀθύρα,
579 2629 858 2697 ἐξέρχεται
891 2629 982 2680 ἐπὶ
1011 2629 1070 2681 τὸ
1098 2630 1292 2698 μίλιον,
1327 2631 1420 2682 καὶ
1443 2629 1691 2682 διοδεύων

1795 2632 1946 2681 rator
1968 2624 2019 2676 in
2046 2621 2333 2690 porticum,
2367 2631 2425 2675 ut
2453 2621 2708 2685 diximus,
2729 2634 2997 2690 egressus,
3017 2635 3212 2689 equum
3241 2617 3364 2672 cum

146 2718 227 2787 τὴν
255 2720 439 2790 μέσην,
497 2721 787 2792 ἀνέρχεται
819 2723 876 2773 ἐν
915 2721 990 2789 τῷ
1033 2723 1182 2791 φόρῳ
1213 2722 1304 2774 καί
1340 2721 1485 2772 τελεῖ
1513 2723 1689 2774 ἐκεῖσε

1796 2715 1883 2780 iis,
1911 2713 2102 2782 quibus
2133 2729 2249 2767 mos
2275 2722 2380 2775 est,
2429 2713 2761 2777 conscendit,
2800 2722 2856 2766 et
2892 2710 2960 2765 ab
2988 2711 3072 2765 his
3113 2712 3364 2780 stipatus,

146 2807 335 2863 ἄπαντα
377 2813 711 2876 ἀκολούθως,
763 2813 822 2864 ὃν
866 2813 1069 2883 τρόπον
1116 2812 1374 2880 ἀνωτέρω
1424 2812 1688 2882 ἐδηλώθη.

1797 2812 1860 2865 ad
1891 2810 2146 2879 palatium
2180 2810 2312 2875 abit,
2356 2808 2645 2876 omniaque
2680 2807 2735 2860 iu
2765 2805 3013 2871 transitu,
3038 2803 3277 2871 statione
3313 2811 3368 2856 et

148 2903 238 2954 Kal
261 2904 535 2957 κατελθὼν
584 2907 665 2966 εἰς
713 2903 804 2957 τὸν
836 2904 962 2957 ναὸν
993 2903 1091 2973 τῆς
1132 2902 1470 2971 ’Υπεραγίας
1501 2903 1693 2956 Θεοτό-

1795 2901 2119 2966 receptione,
2139 2915 2258 2970 qua-
2277 2913 2438 2967 supra
2464 2899 2515 2950 in
2541 2898 2767 2951 solemni
2793 2895 3135 2966 processione
3157 2909 3369 2946 annun-

146 3009 227 3045 κου
254 2997 306 3046 ὲν
353 2999 466 3058 τοῖς
511 2996 982 3064 χαλκοπρατείοις,
1024 2993 1171 3046 τελεῖ
1199 2995 1379 3045 ἐκεῖσε
1407 2992 1504 3062 τὴν
1540 2993 1692 3046 θείαν

1797 2992 2039 3047 tiationis
2079 2991 2315 3045 breviter
2347 2990 2727 3059 exposuimus,
2770 2987 3046 3042 observat.
3091 2983 3369 3055 Ingressus

147 3083 463 3154 λειτουργίαν
491 3086 651 3155 μέχρι
683 3084 776 3136 τοῦ
813 3082 1171 3151 Εύαγγελίου.
1201 3081 1310 3137 Καὶ
1336 3083 1442 3135 ἀπὸ
1467 3081 1557 3134 τοῦ
1593 3083 1695 3134 se-

1593 3083 1695 3134 Εύκ·
1797 3083 2076 3149 palatium,
2114 3081 2250 3135 ritus
2275 3083 2445 3136 sancti
2479 3082 2697 3136 Sabbati
2725 3094 2916 3135 omnes
2945 3079 3207 3135 celebrat.

146 3182 374 3248 ατγελίου
411 3183 736 3252 κατέρχεται
787 3180 874 3234 διὰ
918 3181 1015 3248 τῆς
1069 3179 1284 3248 ξυλίνης
1331 3180 1556 3244 σκάλας,
1602 3183 1696 3232 καὶ
1735 3177 2034 3248 ἐξέρχεται,
2067 3178 2413 3248 τελεσθείσης
2441 3178 2540 3246 τῆς
2579 3179 2829 3239 ἔκτενοῦς
2854 3194 2869 3208 ο
2905 3180 2963 3238 ὲν
3017 3176 3192 3248 ταύτῃ
3259 3177 3366 3249 γάρ

145 3274 199 3341 τῇ
245 3274 425 3344 ἡμέρᾳ
482 3274 514 3342 ἡ
577 3272 695 3324 θεία
743 3270 1052 3339 λειτουργία
1101 3271 1160 3321 ού
1211 3269 1441 3323 τελεῖται
1490 3271 1692 3336 ἁπασα,
1773 3269 1886 3322 ἀλλ’
1941 3269 2045 3333 ἕως
2085 3269 2178 3323 τοῦ
2226 3269 2557 3337 Εὐαγγελίου
2608 3272 2698 3325 καὶ
2744 3271 2843 3340 τῆς
2893 3271 3164 3334 ἑκτενοῦς.
3257 3271 3370 3326 Καὶ

147 3364 407 3434 gemma
445 3365 695 3435 βασιλεὺς
728 3366 785 3416 ὲν
836 3363 912 3434 τῷ
950 3363 1186 3432 ἐμϐόλῳ,
1219 3363 1294 3425 ὼς
1336 3365 1572 3434 εἴρηται,
1609 3363 1826 3417 ἱππεύει
1879 3365 2057 3415 ἐκεῖσε
2112 3364 2250 3432 μετὰ
2298 3363 2408 3416 τῶν
2455 3367 2596 3418 κατὰ
2684 3365 2993 3434 συνήθειαν,
3098 3368 3193 3422 καὶ
3258 3367 3369 3420 ἀπὸ

145 3457 234 3509 τῶν
277 3458 453 3510 ἐκεῖσε
516 3457 937 3527 δηριγευόμενος
985 3456 1285 3526 ἀπέρχεται
1337 3459 1394 3510 ὲν
1436 3457 1513 3525 τῷ
1577 3458 1842 3526 παλατίῳ,
1917 3457 2153 3512 ἐκτελῶν
2201 3458 2416 3511 ἁπαντα
2461 3461 2518 3511 ὲν
2590 3463 2656 3529 τῇ
2705 3459 2882 3531 διόδῳ,
2932 3461 3116 3519 στάσει
3164 3477 3224 3515 τε
3274 3461 3369 3535 καὶ

145 3546 274 3617 δοκῇ,
301 3548 359 3601 δν
387 3548 591 3617 τρόπον
630 3549 884 3616 ἀνωτέρω
917 3548 974 3600 ὲν
1006 3550 1071 3618 τῇ
1118 3549 1345 3603 καθόλου
1374 3550 1694 3620 προελεύσει
1733 3571 1828 3604 του
1861 3553 2271 3622 Εὐαγγελισμοῦ
2295 3553 2388 3605 ἐπὶ
2422 3552 2604 3624 λεπτῷ
2636 3553 2954 3624 ἐξεθέμεθα.
3022 3555 3134 3610 Καὶ
3165 3536 3168 3538 ’
3195 3554 3370 3614 εῑσελτ

146 3637 238 3691 θὼν
274 3641 351 3702 εἰς
383 3640 446 3691 τὸ
491 3639 776 3701 παλάτιον,
804 3638 948 3690 τελεῖ
991 3638 1060 3691 τὰ
1086 3639 1177 3692 τοῦ
1228 3639 1384 3707 ἁγίου
1416 3640 1692 3693 Σαϐϐατου
1734 3645 1967 3696 ἃπαντα.

703 3732 952 3783 ΚΕΦΑΛ.
988 3733 1126 3797 Acr.
1728 3744 1767 3797 α
2327 3737 2341 3788 t

1728 3744 1767 3797 (ἶ
2327 3735 2554 3790 CAPUT
2595 3735 2831 3790 XXXVI.

147 3823 275 3879 Ὅσα
296 3824 391 3878 δεῖ
405 3825 895 3896 παραφυλάττειν
920 3825 1019 3876 ἐπὶ
1043 3828 1398 3892 προελεύσει
1430 3828 1696 3894 ἐνὼσειυς

1805 3826 2138 3880 Obseruando
2181 3829 2234 3880 in
2291 3829 2621 3895 processione
2672 3830 2879 3881 unionis
2945 3828 3219 3896 Ecclesia,
3280 3847 3370 3894 seu

656 3895 1013 3961 Ἐκκλησίας
1045 3896 1178 3965 (69).
1946 3897 2153 3964 quando
2189 3903 2358 3949 tomus
2392 3899 2601 3950 unionis
2634 3897 2884 3951 Ecclesia:
2906 3895 3228 3968 pi'wlegitur.

215 3987 428 4049 Ἰστέον,
467 3989 548 4038 ὅτι
582 3987 676 4036 καλ⁵
712 3987 744 4054 ἡ
778 3986 1097 4054 προέλευσις
1141 3987 1238 4055 τῆς
1292 3987 1536 4049 ὲνώσεως
1602 3990 1697 4055 τῆς

1877 3988 2282 4043 Observandum
2318 3999 2421 4055 est,
2465 3991 2866 4058 processionein
2899 3989 3110 4060 quoque
3162 3993 3373 4053 unionis

154 4078 463 4148 Ἐκκλησίας
504 4079 577 4142 ὼς
617 4078 709 4129 καὶ
755 4079 810 4129 al
834 4078 1015 4130 λοιπαὶ
1050 4078 1396 4146 προελεύσεις
1428 4081 1694 4132 ἐπιτελεῖ-

1807 4083 2060 4152 Ecclesize
2086 4097 2150 4137 eo
2175 4083 2299 4148 ritu,
2334 4097 2441 4151 quo
2471 4093 2678 4138 caetera:
2713 4086 3107 4161 processiones,
3142 4086 3367 4142 institui.

141 4185 216 4221 ται
245 4188 257 4199 ·
286 4172 380 4223 καὶ
421 4171 531 4238 γάρ
565 4169 892 4238 ἐμπράττως
923 4170 1032 4240 (70)
1075 4171 1102 4222 ὁ
1133 4171 1384 4240 βασιλεὺς
1417 4174 1602 4226 ἄπεισι
1630 4173 1695 4238 ³³,

1805 4175 2104 4243 Imperator
2154 4175 2297 4229 enim
2335 4177 2400 4229 ad
2449 4175 2700 4244 templum
2741 4192 2861 4231 cum
2903 4175 3098 4236 ofﬁciis
3148 4178 3280 4248 abit,
3321 4189 3373 4241 et

145 4260 227 4311 καὶ
253 4262 308 4311 αἱ
343 4261 498 4329 δοχαὶ
536 4260 677 4311 κατὰ
703 4262 872 4312 τύπον
903 4262 1162 4326 γίνονται,
1194 4261 1433 4330 δηλονότι
1468 4264 1559 4314 καὶ
1591 4265 1698 4315 τῶν

1810 4268 2143 4336 receptiones
2173 4283 2270 4337 pro
2301 4283 2452 4323 more
2497 4269 2872 4335 instituuntur,
2913 4269 3177 4324 factiones
3225 4271 3371 4326 scili-

144 4351 312 4420 δήμων
344 4353 490 4405 κατὰ
526 4353 585 4403 τὸ
615 4353 803 4414 εἰωθὸς
834 4353 1272 4420 ἁκτολογούντων
1301 4354 1358 4404 ὲν
1381 4359 1488 4414 τοῖς
1517 4355 1700 4418 τόποις

1803 4365 1889 4410 εει
1919 4358 1970 4411 in
2011 4359 2124 4413 suis
2148 4359 2472 4414 stationibus
2501 4360 2550 4414 ei
2583 4360 2908 4428 acclamant.
2947 4358 3149 4416 Deinde
3185 4363 3250 4415 ad
3285 4377 3373 4416 sa-

146 4447 328 4500 αὐτῶν.
373 4447 430 4501 Ὀ
458 4447 515 4504 δὲ
568 4447 833 4516 βασιλεὺς
859 4447 1229 4517 ἀπερχόμενος
1273 4449 1376 4510 ἕως
1420 4448 1510 4500 τοῦ
1546 4449 1698 4514 ἁγίου

1805 4466 1953 4502 erum
2005 4459 2223 4518 puteum
2267 4450 2585 4520 procedens,
2637 4466 2891 4503 coronam
2939 4452 3177 4519 deponit,
3218 4452 3376 4522 110

145 4540 380 4605 φρέατος,
411 4538 778 4606 ἀποστέφεται
808 4540 1010 4600 ἐκεῖσε,
1068 4536 1185 4591 εἷτα
1217 4539 1509 4609 δεξαμένου
1541 4541 1702 4591 αὑτὸν

1807 4540 1985 4608 ibique
2033 4556 2063 4594 a
2119 4541 2422 4610 patriarcha
2479 4553 2755 4610 exceptus,
2807 4557 2926 4595 cum
2981 4543 3097 4610 ipso
3146 4559 3248 4595 una
3309 4547 3374 4596 ad

147 4629 226 4681 τού
251 4631 615 4700 πατριάρχου,
644 4631 975 4702 ἀπέρχονται
1005 4632 1305 4702 ἀμφότεροι
1351 4636 1428 4693 είς
1456 4634 1544 4684 τὸν
1580 4636 1703 4685 ναὸν

1805 4642 2005 4685 sanctae
2046 4631 2230 4687 [renes
2265 4634 2457 4702 pergit.
2496 4632 2723 4687 Peracto
2762 4634 2834 4690 ibi
2889 4634 3071 4691 divino
3099 4633 3280 4691 ol‘ﬂcio
3308 4635 3374 4687 ab

147 4725 233 4789 τῆς
275 4722 463 4790 Ἀγίας
519 4723 775 4791 Εἰρήνης.
837 4723 944 4774 Καὶ
991 4720 1054 4789 δὴ
1101 4723 1198 4791 τῆς
1245 4723 1702 4792 ἐκκλησιαστικῆς

1807 4723 1922 4792 ipso
1951 4725 2007 4777 S.
2043 4724 2224 4778 lrenes
2261 4725 2459 4794 templo
2487 4740 2734 4795 pompam
2769 4725 3074 4789 ordiuntur,
3108 4736 3162 4779 et
3194 4727 3274 4780 sic
3320 4726 3373 4778 in

148 4812 313 4880 πάσης
367 4813 573 4876 τάξεως
627 4812 977 4880 τελουμένης,
1028 4813 1346 4884 ἐπαίρουσιν
1391 4813 1483 4864 ἀπ’
1539 4814 1701 4866 αὑτοῦ

1808 4817 2156 4884 processione
2185 4819 2248 4869 ad
2279 4818 2535 4887 templum
2563 4818 2619 4872 S.
2661 4816 2873 4886 Sophia:
2905 4818 3129 4882 reversi,
3162 4833 3256 4887 per
3283 4834 3375 4889 gy-

147 4900 228 4952 τοῦ
266 4901 391 4953 ναοῦ
420 4903 520 4971 τῆς
567 4901 752 4969 Ἀγίας
796 4900 1035 4970 Εἰρήνης
1071 4902 1168 4970 τὴν
1213 4902 1385 4971 λιτὴν,
1433 4905 1525 4955 καὶ
1569 4904 1703 4954 ὑπο-

1807 4921 2032 4959 naceum
2066 4917 2117 4961 et
2149 4910 2457 4963 nartliecein
2489 4908 2608 4978 ejus
2632 4908 2764 4963 ardia
2791 4908 3016 4973 intrant,
3050 4910 3282 4977 datoque
3304 4909 3373 4964 ibi

149 4994 459 5063 στρέφουσιν
512 4996 592 5055 είς
641 4995 732 5045 τὸν
775 4993 1028 5071 “una;
1068 4994 1254 5061 Ἀγίας
1305 4995 1501 5062 Σοφίας
1554 4995 1701 5048 λιτα-

1810 5000 2166 5069 processionis
2189 5001 2398 5065 ordine,
2437 4999 2688 5056 introitus
2720 5000 2798 5066 iit,
2841 5002 3168 5070 imperatore
3196 5010 3247 5055 et
3279 5015 3375 5074 pa-

148 5085 400 5151 νεύοντες,
432 5086 873 5155 καίείσέρχονται
916 5085 1006 5139 διὰ
1037 5085 1127 5138 τοῦ
1158 5088 1470 5154 γυναικείου
1504 5089 1705 5158 μέρους
1739 5093 1781 5147 ι)

1739 5093 1781 5147 υ
1813 5092 2048 5146 triarcba
2084 5108 2202 5146 cum
2225 5092 2598 5152 sacerdotibus
2622 5076 3247 5163 omnibusingcediente.
3269 5089 3377 5151 lte-

1350 5220 1586 5275 VARIE
1641 5221 2043 5283 LECTIONES.

214 5319 253 5349 ⁸¹
285 5320 399 5381 ταῖς
418 5333 526 5375 om.
557 5315 648 5371 ed.
725 5316 768 5346 ³³
801 5333 860 5368 τε
883 5331 993 5368 om.
1018 5315 1106 5369 ed.
1185 5315 1228 5353 ³⁸
1257 5317 1463 5368 autem
1493 5333 1611 5383 εον.
1653 5330 1701 5370 ct
1722 5321 1808 5373 ed

1141 5427 1333 5482 JOAN.
1368 5428 1505 5481 JAtl.
1544 5428 1796 5483 REISKH
1829 5426 2392 5486 COMMENTARIUS.

213 5545 322 5616 (69)
364 5547 478 5601 Vid.
518 5550 732 5601 dissett.
770 5543 850 5596 Cl.
888 5542 1087 5595 Leit-liii
1122 5544 1185 5593 de
1221 5541 1328 5593 vita
1361 5539 1699 5595 Constantini
1813 5543 2319 5616 vertit_Anastasit_is
2346 5558 2398 5610 p.
2428 5542 2717 5616 535.,_vid.
2747 5542 2838 5607 Du
2869 5540 3248 5616 GangeGloss.
3280 5540 3372 5597 Gr.

153 5612 462 5690 Porpbyrog.
489 5620 516 5690 ᾗ
545 5618 630 5673 ιν.
917 5689 920 5690 ν
1081 5687 1090 5690 _
1544 5680 1555 5690 .
1815 5616 1963 5690 Ιιην..
1991 5612 2433 5690 [)ε.ιὲμτιράττοις¹
2466 5618 2554 5690 vel
2585 5613 2950 5690 εμπ-ρακτοις.
2990 5612 3044 5690 et
3077 5614 3377 5690 λαπράττοξς

217 5680 338 5755 (70f
381 5680 657 5742 Est'idein
705 5700 864 5753 atque
909 5687 1266 5756 ἐμπράκτως,
1318 5700 1432 5737 cum
1476 5680 1704 5756 salapiae
1816 5685 1894 5736 vel
1944 5680 2244 5753 ἀπράκτοις
2293 5683 2642 5756 dignitatibus
2679 5684 2854 5756 dicant
2889 5680 3368 5756 suolocti."'A1:£.

154 5751 416 5822 comitum,
463 5771 519 5811 ut
561 5761 717 5814 vertit
756 5751 921 5813 Goar.
945 5751 1098 5827 'apiid
1130 5755 1444 5827 Tbeopban.
1483 5751 1702 5827 p.335,
1814 5770 1917 5805 εισι
1951 5751 2037 5807 est
2066 5766 2276 5820 quoque
2310 5754 2360 5802 in
2398 5754 2580 5805 codice
2613 5768 2624 5803 ;
2662 5753 2752 5815 sed
2787 5752 2887 5820 leg.
2922 5752 3123 5804 ἄπεισι.

159 5840 228 5890 2.,
259 5832 365 5892 τι-ι,
406 5828 540 5894 quod
588 5828 725 5880 idem
761 5837 840 5883 est
868 5867 880 5890 ,
921 5823 1037 5880 cuin
1085 5823 1310 5878 solemne
1351 5823 1592 5891 obsequio
1650 5833 1706 5873 ut
