4148 6440
167 431 261 493 501
981 434 1079 492 DE
1120 434 1576 495 CERIMONIIS
1609 435 1759 494 AUL

1865 433 2305 494 ΒΥΖΑΝΤΙΝᾸΞ
2341 435 2489 495 LIB.
2529 433 2576 491 Ι.

3319 426 3427 488 502

168 542 442 611 πατρίκιοι
486 541 557 595 τὰ
590 541 967 613 ἀτρασατικὰ,
1015 546 1063 595 si
1102 544 1199 613 μέν
1235 547 1351 597 ἐστι
1421 547 1744 616 στρατηγὸς,

1865 563 1958 616 que
1987 547 2268 603 codicillos
2296 560 2481 600 coram
2514 540 2750 598 dominis
2785 545 2981 606 gestat.
3022 535 3090 589 Et
3135 537 3336 591 abeunt
3361 539 3428 591 ad

168 635 326 703 φορεῖ
356 633 544 701 σαγίον
583 633 860 702 ἀληθινὸν.
896 633 1180 703 βαστάζων
1207 636 1300 687 καὶ
1331 637 1395 689 τὰ
1427 638 1751 690 κωδικέλλια.

169 721 333 775 αὑτοῦ
399 723 710 792 ἔμπροσθεν
757 724 868 776 τῶν
916 725 1217 778 δεσποτῶν.
1262 727 1371 780 Καὶ
1418 728 1750 797 ἀπέρχονται

172 813 333 882 μέχρι
366 813 468 881 τῆς
493 814 814 883 ἐκκλησίας,
845 815 940 867 καὶ
963 815 1051 867 ὅτε
1075 815 1395 880 ἀλλάξουσιν
1422 819 1470 869 οἱ
1494 817 1752 870 δεσπόται

169 911 267 969 τας
321 907 547 970 ὲνδυτάς
596 907 699 977 τῆς
755 907 1075 979 ὲκκλτησὶας,
1111 910 1542 978 ὑποστρέφουσιν
1591 912 1647 963 ὲν
1676 911 1755 978 τῷ

171 999 420 1067 παλατίῳ
448 1000 542 1053 καὶ
574 999 938 1054 ἀλλάσσουσιν
966 1003 1015 1054 οἱ
1046 1002 1754 1073 προϐληθέντεςπατρῑκιοι

171 1089 238 1140 τὰ
278 1092 467 1160 ᾶσπρα
499 1090 765 1159 χλανίδια.
807 1092 903 1144 καὶ
941 1092 1265 1163 ἐπαίρουσιν
1310 1093 1360 1145 οἱ
1408 1094 1757 1162 σιλεντιάριοι

170 1182 235 1232 τὶ
265 1180 590 1237 κωδικέλλια
622 1182 904 1236 αὐτῶν.οἰ
933 1185 1031 1253 μὲν
1056 1187 1355 1255 στρατηγοὶ
1388 1188 1528 1256 μετὰ
1553 1187 1757 1255 σαγίων

170 1272 445 1341 ἀληθινῶν
492 1273 824 1344 ἀπέρχονται
874 1277 931 1328 ἐν
980 1279 1047 1347 τῇ
1109 1277 1407 1349 ἐκκλησίᾳ,
1453 1277 1636 1342 καθὼς
1691 1278 1759 1332 τὰ

173 1364 588 1434 προρρηθέντα,
625 1367 713 1419 διὰ
755 1367 863 1419 τῶν
915 1367 1121 1438 σχολῶν
1172 1370 1265 1422 καὶ
1310 1370 1410 1432 τὰς
1443 1371 1618 1440 δοχάς,
1651 1371 1759 1423 τῶν

174 1457 384 1525 μερῶν,
421 1457 512 1509 καὶ
558 1457 842 1528 ἐξέρχεται
890 1462 918 1511 6
957 1462 1305 1531 πατριάρχης
1330 1461 1394 1514 ἐκ
1439 1463 1530 1515 τοῦ
1568 1462 1760 1516 θυσια-

175 1547 423 1616 στηρίου,
463 1548 559 1602 καὶ
595 1553 741 1602 ποιεῖ
770 1549 871 1619 τὴν
923 1550 1112 1620 εὐχὴν,
1152 1553 1228 1614 ὡς
1259 1553 1373 1621 ἔχει
1405 1556 1436 1623 ἡ
1479 1556 1758 1625 συνήθεια,

175 1640 270 1690 καὶ
331 1640 708 1710 ἀναχωροῦσιν
767 1645 848 1704 εἰς
895 1644 1024 1706 τοὺς
1079 1645 1264 1707 οἴκους
1319 1646 1519 1708 αὐτῶν,
1581 1647 1763 1712 καθὼς

173 1732 437 1800 ἀνωτέρω
486 1734 727 1802 εἴρηται.
763 1733 854 1787 Ἑν
902 1735 1093 1806 ἡμέρᾳ
1151 1738 1572 1807 παρακυπτικοῦ
1633 1741 1762 1808 φιά-

174 1825 273 1892 λης
303 1824 416 1894 (76)
440 1824 672 1892 γίνεται,
710 1827 805 1880 καὶ
841 1827 1195 1896 παρακύπτει
1235 1831 1374 1898 μετά
1403 1829 1462 1881 τὸ
1499 1831 1761 1883 κωδικέλ-

176 1916 291 1969 λιον
315 1916 384 1980 θ’,
423 1917 515 1970 καὶ
547 1921 605 1970 ὲν
645 1921 710 1987 τῇ
751 1917 1147 1990 συμπληρώσει
1190 1920 1283 1973 τοῦ
1336 1922 1758 1990 παρακοπτικοῦ

173 2006 276 2074 τῆς
312 2005 512 2075 φιάλης
561 2005 673 2057 τῶν
709 2006 951 2059 Βενέτων
998 2007 1334 2079 ἀπέρχονται
1368 2012 1437 2064 τὰ
1488 2013 1627 2083 μέρη
1679 2015 1759 2075 εἰς

173 2100 305 2158 τοὺς
344 2101 544 2163 τόπους
590 2102 771 2154 αὐτῶν
799 2107 877 2166 εἰς
934 2107 1035 2168 τὰς
1065 2106 1283 2175 σχολὰς,
1329 2107 1529 2175 ὁμοίως
1575 2109 1671 2162 καὶ
1709 2111 1761 2162 οἱ

177 2189 583 2260 προϐληθέντες
639 2196 919 2263 πατρίκιοι
987 2196 1368 2264 ὀψικευὸμενοι
1433 2199 1762 2269 ἀπέρχονται

177 2283 258 2344 εἰς
305 2283 404 2345 τὰς
439 2283 653 2354 σχολὰς,
689 2286 782 2338 καὶ
817 2287 1066 2356 δέχονται
1117 2289 1314 2352 αὐτοὺς
1361 2292 1425 2343 τὰ
1473 2292 1635 2361 μέρη,
1667 2293 1763 2344 καὶ

176 2373 515 2442 ἀπέρχονται
565 2392 623 2428 εν
652 2379 714 2447 τῇ
755 2378 1043 2450 ἐκκλησίᾳ,
1079 2383 1175 2435 καλ⁸
1209 2382 1514 2453 πληροῦται
1551 2385 1700 2436 πᾶσα
1734 2388 1766 2454 ἡ

183 2465 499 2528 ἀκολουθία,
552 2467 626 2529 ib;
684 2467 794 2538 ἔχει
845 2473 876 2538 ἡ
939 2471 1222 2541 συνήθεια,
1274 2473 1456 2536 καθὼς
1510 2475 1768 2545 ἀνωτέρω

178 2558 421 2628 εἴρηται.
462 2561 522 2612 Ei
553 2560 608 2612 δὲ
661 2563 760 2614 οὐκ
794 2562 910 2615 ἐστι
959 2566 1324 2636 συγκλητικὶς
1375 2569 1402 2619 6
1445 2567 1768 2638 προϐληθεὶς

181 2650 495 2718 πατρίκιος,
538 2651 653 2704 ἀλλ’
681 2653 829 2708 ἔστιν
875 2655 981 2708 ἀπὸ
1027 2658 1283 2722 σπαθίου,
1318 2661 1417 2713 οὐκ
1457 2661 1765 2731 εἰσέρχεται

181 2745 238 2793 ἐν
264 2741 344 2808 τῷ
381 2745 838 2814 χρυσοτρικλενῳ,
870 2748 984 2801 ἀλλ’
1018 2749 1192 2802 ὲνδύει
1221 2752 1385 2805 αὑτὸν
1407 2753 1434 2803 6
1462 2753 1564 2821 τῆς
1590 2769 1765 2805 κατα-

183 2834 432 2897 στάσεως
470 2835 657 2902 σαγίον
695 2838 844 2908 ῥοῆς.
900 2839 1008 2892 Καὶ
1055 2839 1143 2894 ὅτε
1190 2841 1473 2895 εἰσέλθωσι
1516 2842 1583 2894 τὰ
1623 2841 1763 2910 est;

1854 640 2160 702 ecclesiam,
2195 639 2434 706 dumque
2465 633 2668 690 domini
2706 632 2933 686 instrata
2972 629 3216 685 ecclesias
3247 639 3426 684 muta-

1855 742 1999 796 runt,
2055 732 2121 785 ad
2182 729 2442 800 palatium
2501 733 2871 790 revertuntur,
2931 723 3163 793 promoti
3215 720 3429 792 patricii

1856 825 2006 878 albas
2036 824 2247 878 tunicas
2284 822 2535 886 induunt,
2591 817 2881 874 silentiarii
2913 832 3100 872 eorum
3149 815 3432 871 codicillos

1855 923 2086 983 gestant.
2122 911 2355 981 Strategi
2390 912 2535 982 sagis
2565 910 2870 981 purpureis,
2898 918 2958 964 ut
2979 908 3214 962 diximus
3245 921 3430 976 supra,

1858 1009 1923 1060 ad
1973 1007 2259 1061 ecclesiam
2307 1006 2464 1077 142
2497 1019 2592 1075 per
2614 1003 2832 1059 scholas
2872 1012 2925 1056 et
2975 1002 3272 1056 factionum
3322 1009 3434 1054 sta-

1861 1101 2034 1152 tiones
2091 1099 2312 1164 abeunt,
2369 1097 2686 1166 patriarcha
2735 1096 2802 1148 ab
2835 1109 2927 1147 ara
2985 1108 3327 1162 progressus,
3379 1100 3438 1144 ut

1861 1205 1977 1242 mos
2004 1199 2104 1252 est,
2149 1199 2425 1256 precatur,
2470 1189 2660 1256 sicque
2693 1187 2909 1240 d0mum
2951 1185 3344 1251 unusquisque,
3379 1192 3437 1234 ut

1861 1281 2116 1345 diximus,
2144 1279 2394 1334 discedit.
2421 1278 2590 1334 Porro
2632 1280 2675 1333 si
2704 1277 2971 1346 promutio
3008 1290 3072 1329 eo
3106 1275 3212 1338 die,
3246 1289 3353 1341 quo
3381 1273 3435 1325 in

1863 1371 2039 1439 phiala
2074 1373 2304 1424 thronus
2332 1369 2715 1436 imperatorius
2744 1369 2983 1435 ponitur,
3029 1364 3357 1428 instituitur,
3394 1363 3440 1416 is

1861 1477 2075 1531 quoque
2103 1477 2225 1515 cum
2251 1458 2501 1515 codicillo
2535 1460 2818 1529 prospicit,
2848 1469 2901 1511 et
2936 1466 3219 1526 postquam
3247 1455 3439 1508 Veneti

1865 1569 1928 1607 eo
1965 1555 2049 1606 die
2097 1554 2368 1608 solemnes
2414 1553 2740 1607 cerimonias
2795 1551 2989 1620 phiala:
3039 1563 3320 1618 peregere,
3355 1547 3440 1600 fa-

1865 1647 2075 1700 ctiones
2099 1646 2166 1699 ad
2190 1646 2307 1699 loca
2331 1646 2501 1699 suain
2533 1644 2748 1699 scholas
2785 1659 2844 1698 se
2876 1642 3203 1698 conferunt:
3244 1642 3444 1694 abettnt

1867 1754 2081 1808 quoque
2112 1738 2342 1807 promoti
2394 1738 2608 1807 patricii
2653 1752 2774 1790 cum
2810 1737 3070 1804 obsequio
3104 1736 3156 1788 in
3204 1735 3442 1796 scholas,

1870 1831 1956 1884 ubi
1987 1845 2016 1882 a
2055 1829 2384 1883 factionibus
2411 1828 2787 1896 excipiuntur,
2831 1827 3024 1881 deinde
3053 1827 3103 1879 in
3132 1825 3443 1888 ecclesiam,

1867 1923 2153 1990 omnisque
2184 1920 2418 1974 ritusibi
2453 1936 2550 1988 pro
2576 1934 2746 1984 more,
2775 1933 2933 1987 quem
2964 1933 3061 1972 nos
3088 1932 3250 1984 supra
3280 1931 3448 1983 expo-

1868 2013 2098 2076 suimus,
2122 2013 2420 2082 peragitur.
2459 2011 2514 2064 Si
2552 2020 2833 2078 promotus
2863 2009 3121 2076 patricius
3145 2023 3251 2060 non
3286 2022 3447 2060 sena-

1873 2105 1996 2159 torii
2027 2103 2259 2166 ordinis,
2286 2104 2379 2156 sed
2406 2116 2546 2154 unus
2581 2101 2648 2154 de
2675 2099 2968 2168 spatbariis
2994 2107 3095 2163 est,
3131 2114 3238 2152 non
3271 2098 3450 2166 ingre-

1873 2197 2017 2250 ditur
2078 2194 2608 2257 chrysotricliuium,
2653 2193 2745 2246 sed
2797 2190 3214 2245 cerimoniarius
3274 2191 3446 2254 ipsum

1875 2305 2002 2359 sago
2035 2303 2191 2342 russo
2238 2289 2430 2340 induit.
2470 2285 2618 2339 Velis
2649 2285 2902 2340 omnibus
2950 2282 3450 2353 chrysotriclinium

1873 2398 1974 2452 pro
2033 2396 2184 2436 more
2231 2379 2492 2449 ingressis
2547 2387 2601 2430 et
2650 2378 2700 2430 in
2741 2377 3069 2430 consistorio
3114 2375 3447 2438 constitutis,

1873 2470 2292 2525 cerimoniarius
2317 2469 2667 2523 candidatum
2706 2467 2759 2519 in
2799 2465 3004 2534 pulpito
3049 2475 3326 2533 portarum
3357 2480 3448 2516 ar-

1871 2572 2186 2633 gentearum
2237 2577 2358 2615 cum
2400 2560 2508 2614 alio
2567 2558 2871 2613 silentiario
2929 2567 3096 2622 tenet,
3128 2566 3256 2610 tunc
3302 2555 3450 2610 solus

1869 2656 2128 2710 ostiarius
2162 2656 2330 2718 venit,
2368 2667 2492 2707 eum
2537 2653 2586 2706 in
2618 2654 2736 2706 velo
2776 2652 3019 2705 interiori
3063 2651 3367 2712 constituit,
3398 2657 3451 2703 et

1869 2749 2025 2816 signo
2054 2764 2080 2800 a
2116 2746 2404 2814 pra-posito
2441 2746 2588 2807 dato,
2644 2744 2822 2798 velum
2871 2745 3072 2811 pulsat,
3104 2742 3249 2811 quod
3283 2742 3446 2797 silen-

1879 2841 2072 2893 tiarius
2127 2838 2286 2902 tollit,
2329 2846 2384 2890 et
2442 2836 2518 2890 sic
2571 2847 2850 2904 promotus
2906 2836 3163 2904 patricius
3228 2835 3279 2889 in
3321 2848 3449 2904 sago

1486 2959 1720 3016 VARUF.
1775 2956 2176 3012 LECTIONES.

256 3046 296 3073 "
326 3044 435 3098 τῶν
469 3045 833 3099 κωδικελλίων
855 3047 940 3102 ed.

1191 3136 1379 3193 JOAN.
1419 3135 1561 3192 JAC.
1607 3136 1854 3191 liEISKlI
1897 3135 2473 3193 COMMENTARIUS.

259 3234 377 3302 ('76)
430 3233 570 3310 Quo_
602 3235 688 3288 die
739 3235 1037 3310 imperator
1094 3236 1145 3287 in
1176 3234 1383 3310 _phiala
1442 3248 1561 3287 sese
1615 3249 1767 3286 mou-
1797 3255 1838 3310 ρ
1870 3233 2165 3310 nalis_,_ubi
2199 3234 2395 3310 stabat
2430 3233 2518 3288 ille
2569 3235 2793 3288 thronus
2836 3234 2887 3286 in
2924 3235 3093 3310 circo,
3149 3242 3203 3288 et
3248 3234 3303 3310 in
3353 3235 3453 3288 tri-

187 3316 326 3358 strat
392 3304 602 3372 populis
674 3307 1026 3373 pyrrhicham
1112 3303 1437 3357 sallantitms
1510 3313 1565 3356 et
1617 3317 1763 3373 iacta

187 3374 640 3426 acclamantibus.
715 3372 813 3427 Est
853 3383 1033 3427 autem
1113 3374 1292 3440 phiala
1341 3373 1556 3440 proprie
1615 3372 1765 3426 lacus

188 3459 573 3506 marmoreus,
638 3457 831 3510 aquam
910 3459 974 3496 es
1054 3443 1474 3508 superimposito
1541 3443 1768 3508 siphune

187 3513 562 3579 prosilieuIcm
625 3514 942 3578 excipiens,
1002 3514 1176 3580 qualis
1256 3521 1375 3566 erat
1448 3513 1500 3566 in
1561 3515 1762 3565 trican-

185 3587 311 3645 cho,
356 3581 501 3646 quod
569 3581 902 3651 Theophilus
953 3584 1084 3650 imp.
1146 3590 1462 3644 struxerat,
1513 3589 1567 3634 et
1613 3584 1768 3635 (lein-

188 3667 320 3717 ccps
376 3652 466 3703 illa
527 3652 636 3718 ipsa
682 3667 832 3712 area.
874 3653 926 3705 in
985 3668 1087 3720 qua
1161 3652 1411 3704 exstabat
1471 3651 1558 3704 ille
1597 3651 1768 3713 lacus,

189 3725 332 3774 circa
363 3737 525 3785 quem
561 3721 824 3773 factiones
854 3723 1011 3775 statis
1037 3723 1368 3789 temporibus
1402 3721 1767 3784 desultabant,

193 3793 525 3855 imperatore
562 3805 592 3842 e
633 3791 870 3860 fenestra
902 3802 1309 3858 prospectante,
1342 3793 1486 3860 quod
1533 3799 1771 3860 estape-

191 3860 424 3912 κύπτειν
479 3870 533 3912 et
574 3859 976 3928 παρακύπτειν.
1017 3861 1090 3913 Ita
1117 3861 1317 3913 dicitur
1352 3859 1580 3913 Michael
1609 3859 1770 3914 Cala-

192 3933 390 3998 phales
436 3931 726 4000 προκύψας
781 3932 846 3982 ἐκ
886 3930 978 3983 τοῦ
1031 3930 1368 3997 καθίσματος
1415 3930 1769 4000 δημηγορεῖν,

195 4004 450 4052 deorsum
478 4004 809 4067 prospiciens
833 4015 862 4052 e
888 4001 1135 4054 I'enestris
1161 4002 1421 4053 veletiam
1448 4016 1477 4052 e
1502 4001 1774 4054 mamiano

199 4071 493 4122 tribunalis
548 4073 836 4139 circensis,
885 4072 1148 4124 cathisma
1207 4071 1357 4128 dicti,
1407 4070 1473 4139 ad
1520 4070 1772 4139 populnnt

197 4153 504 4205 perorassn,
556 4141 696 4207 apzttl
735 4138 968 4193 Cedren.
1029 4157 1079 4208 p.
1146 4139 1268 4192 75L
1327 4138 1485 4193 Cunf.
1523 4138 1603 4208 Vp.
1645 4139 1774 4203 761,

197 4209 384 4261 collat.
420 4225 472 4276 p.
505 4210 642 4279 752.
685 4208 738 4262 In
796 4225 929 4262 voce
959 4209 1232 4279 πρόκυψις
1265 4210 1582 4262 \‘acillarunt
1609 4209 1776 4262 inter-

199 4291 383 4345 pretes
432 4280 570 4347 apud
607 4278 898 4332 Codinum.
946 4278 1190 4334 Gretser.
1223 4294 1274 4346 p.
1321 4280 1412 4342 62,
1460 4279 1776 4346 supplicatio

203 4350 384 4412 vertit,
440 4365 599 4413 quem
643 4360 992 4418 correcturus
1020 4349 1230 4401 Gnarus
1282 4351 1333 4401 in
1364 4350 1607 4418 margine
1645 4349 1776 4400 Stib-

201 4418 380 4471 stituit
411 4421 711 4478 ostentatio,
736 4431 788 4471 et
817 4434 869 4484 p.
899 4417 988 4481 66,
1018 4435 1071 4472 n.
1105 4418 1192 4482 50,
1226 4417 1312 4472 ille
1337 4417 1576 4472 verterat
1608 4426 1780 4471 orato-

202 4491 362 4546 rium,
402 4487 490 4542 hic
515 4489 658 4540 locus
685 4489 1012 4554 imperatorii
1040 4491 1246 4552 throni;
1280 4486 1616 4542 vertitGoar.
1646 4504 1776 4558 προ-

202 4557 399 4626 κῦψεις
433 4559 571 4621 loca,
607 4561 658 4608 in
706 4559 894 4626 quibus
927 4561 980 4610 in
1022 4560 1210 4610 throno
1250 4559 1487 4610 sublimis
1530 4557 1702 4623 sedet,
1723 4567 1778 4610 et

206 4629 313 4680 late
351 4629 440 4679 illa
477 4629 544 4679 de
580 4643 709 4682 voce
751 4630 1009 4693 diSpulat.
1059 4628 1119 4679 P.
1169 4628 1239 4681 75
1283 4629 1503 4692 exponit
1535 4628 1774 4679 tribunal

207 4697 491 4764 imperiale
517 4698 717 4750 acclive
751 4697 955 4763 aliquot
984 4697 1241 4764 gradibus
1267 4699 1486 4751 editius.
1519 4697 1655 4749 Hinc
1679 4713 1772 4763 ap-

203 4780 359 4834 paret
405 4767 549 4820 ratio
603 4767 1065 4834 iuterpretationis
1111 4764 1438 4820 Leicbianze.
1524 4766 1779 4835 Παρακύ·

202 4854 363 4889 πτειν
425 4847 478 4889 et
513 4837 848 4906 προκύπτειν
883 4847 963 4888 cst
1018 4835 1221 4890 Grmcis
1251 4848 1518 4905 Spectare,
1568 4839 1692 4890 item
1727 4838 1778 4889 in

198 4918 558 4971 conspectum
592 4908 797 4968 venire,
832 4921 890 4958 se
922 4907 1229 4973 conspecmi
1279 4906 1472 4961 afferre
1494 4949 1506 4967 .
1551 4923 1775 4973 prmser-

203 4981 296 5028 tim
332 4980 645 5042 derepente,
679 4981 790 5029 stu:
825 4979 891 5028 de
937 4979 1114 5043 plano,
1154 4980 1266 5029 sive
1313 4993 1408 5043 per
1464 4980 1776 5030 fenestram.

203 5049 278 5099 Ιι.ι
337 5056 568 5114 usurpat
600 5048 992 5110 AristOpbanes
1052 5047 1104 5097 in
1148 5046 1236 5098 illo
1273 5049 1338 5099 de
1393 5048 1776 5099 meretricibus

204 5131 470 5182 perquam
505 5117 722 5182 lepido:
762 5117 1168 5184 ιιαρακλίνασαι
1194 5116 1292 5185 τῆς
1336 5116 1556 5176 αὐλείας
1612 5134 1784 5185 παρα-

205 5186 502 5245 κ·ἰπτουσι,
552 5187 653 5254 κῌᾶν
686 5202 768 5248 τις
799 5186 1038 5254 προσέχῃ
1091 5186 1181 5236 τὸν
1213 5186 1332 5237 νοῦν
1395 5187 1586 5246 αὑταῖς
1607 5228 1620 5250 ,
1651 5189 1780 5238 ἁνα-

206 5254 450 5324 χωροῦσι
471 5272 506 5326 '_
532 5251 655 5325 κᾷτ’
681 5255 756 5326 ἢν
793 5251 952 5326 ἀπίῃ,
972 5251 1433 5324 ’παρακύπτο-δσι.
1492 5257 1619 5308 Item
1667 5257 1782 5308 Ari.

207 5323 376 5378 sides
413 5335 452 5378 t.
492 5323 532 5385 I,
571 5323 603 5393 ρ
657 5323 783 5388 567,
818 5325 870 5388 4,
905 5323 1004 5379 "ed.
1046 5323 1277 5393 Anglic"
1325 5329 1410 5379 ubi
1458 5327 1644 5388 στόλος
1686 5343 1782 5378 πα-

211 5396 466 5464 ρακύψας
523 5405 606 5447 est
660 5396 848 5446 classis
885 5396 1176 5459 derepente,
1232 5396 1574 5450 nescientibus
1621 5398 1776 5455 unde,

211 5482 373 5531 neque
397 5467 821 5531 exspectantibus
852 5469 1239 5527 superveniens.
1293 5468 1355 5519 Et
1395 5481 1516 5520 cum
1555 5467 1780 5521 thronus

215 5535 514 5606 imperialis
559 5541 610 5587 In
643 5537 786 5588 circo
815 5545 868 5589 et
907 5535 1054 5598 alibi,
1089 5538 1178 5588 ubi
1203 5537 1623 5606 παρακυπτικά,
1653 5552 1781 5604 pro-

212 5605 544 5670 speetacula,
603 5616 777 5670 erant,
842 5619 938 5659 seu
1000 5607 1248 5660 fenestrte
1287 5605 1426 5660 ivelis
1478 5619 1778 5675 prwtensze,

216 5678 354 5728 unde
400 5675 822 5741 prOSpiceretur,
867 5677 1090 5728 cortinis
1129 5677 1339 5732 cinctus
1386 5687 1538 5741 crat,
1588 5679 1780 5745 quibus

220 5747 457 5797 reductis
506 5745 684 5797 subito
735 5747 786 5798 in
822 5753 1169 5812 conspectum
1205 5747 1410 5812 venire,
1476 5747 1561 5800 vel
1615 5748 1778 5801 etiam

222 5815 536 5881 prospicere
593 5816 702 5882 ipsc
744 5815 818 5867 sic
847 5855 861 5877 ,
910 5823 966 5866 ιιι
1008 5831 1034 5866 a
1091 5816 1304 5868 nomine
1350 5817 1777 5884 conspiceretur,

223 5895 422 5952 paterni
479 5896 790 5952 tuqn-ratur,
837 5902 897 5937 ex
945 5902 1007 5940 eo
1049 5887 1195 5941 locus
1230 5888 1341 5958 ipse
1379 5891 1574 5940 editior
1611 5889 1780 5941 tribu-

1872 3304 2101 3358 ronchio
2161 3304 2343 3374 alius,
2397 3319 2428 3356 e
2480 3319 2586 3372 quo
2633 3305 3011 3374 prospectabat
3062 3305 3114 3356 in
3178 3302 3452 3372 subiectas

1871 3388 2047 3435 areas,
2086 3373 2390 3443 πρόκυμμα
2420 3384 2474 3427 et
2504 3373 2850 3444 παράκυμμα
2884 3374 3270 3437 appellabatur,
3307 3385 3361 3428 et
3393 3390 3454 3429 se

1873 3453 2177 3496 monstrare
2211 3444 2428 3511 pupulo,
2473 3447 2695 3512 ejusque
2722 3455 2815 3498 aut
2851 3445 3149 3498 certamina
3178 3446 3450 3512 equestria

1871 3513 2203 3575 cursoriavc,
2234 3522 2328 3565 aut
2359 3513 2511 3566 ludos
2543 3515 2696 3578 alios,
2727 3523 2786 3566 ut
2816 3515 3154 3575 saltationes,
3181 3525 3451 3577 spectare,

1872 3582 2156 3634 dicebatur
2205 3582 2522 3649 παράκυψιν
2559 3588 2748 3636 ποιεῖν.
2803 3583 3019 3637 Nicetas
3072 3584 3121 3634 in
3167 3584 3357 3636 Alexio
3408 3584 3452 3650 l,

1874 3668 1928 3704 lt.
1960 3653 2027 3715 8;
2080 3653 2209 3720 ἐστη
2255 3654 2439 3705 ἐπάνω
2484 3653 2650 3705 τόπου
2703 3653 2909 3723 ὑψηλοῦ
2939 3653 3197 3723 ἐξαίφνης
3242 3655 3452 3720 φανεὶς,

1875 3723 2107 3794 ποιήσας
2146 3723 2245 3791 τὴν
2280 3724 2380 3794 νῦν,
2402 3723 2700 3792 λεγομένην
2729 3721 3030 3794 πρόκυψιν.
3054 3721 3184 3794 Data
3223 3726 3323 3777 bac
3357 3739 3454 3777 oc-

1876 3792 2094 3844 casione
2136 3792 2438 3846 emendabo
2479 3795 2740 3861 insignem
2774 3792 3033 3846 ‘Atbenmi
3095 3793 3290 3855 locum,
3347 3808 3456 3861 quo

1878 3876 2110 3931 narrans
2158 3864 2224 3914 de
2277 3863 2469 3916 ordine
2540 3865 2822 3930 epularum
2893 3863 3162 3931 regiarum
3221 3863 3272 3914 in
3331 3863 3454 3916 aula

1878 3930 2117 3993 Persica,
2155 3945 2341 3984 eorum
2377 3934 2454 3985 ait
2501 3935 2568 3984 ad
2613 3935 2861 3986 convivia
2920 3930 3179 3985 invitatus
3229 3946 3331 3984 non
3402 3935 3456 3985 in

1878 4002 2065 4054 eodem
2119 4014 2241 4054 cum
2294 4017 2416 4071 rege
2470 4001 2706 4056 triclinio
2747 4003 3089 4064 acculmisse,
3139 4002 3230 4054 sed
3264 4003 3457 4056 ambos

1879 4072 2103 4124 seorsim
2140 4071 2192 4122 in
2245 4073 2511 4138 separatis
2555 4074 2770 4138 diaetis;
2804 4073 2883 4128 sic
2909 4083 3083 4124 tamen
3109 4071 3272 4125 fuisse
3308 4082 3456 4125 stru-

1879 4153 2022 4193 Ctum
2058 4140 2349 4211 triclinium
2387 4143 2566 4211 regis,
2602 4154 2658 4195 ut
2689 4158 2784 4208 per
2823 4143 3196 4211 παράκυμμα,
3245 4158 3459 4211 prospe-

1879 4211 2105 4262 ctorium
2140 4210 2273 4278 (sive
2309 4226 2369 4263 ea
2402 4210 2637 4264 fenestra
2663 4214 2839 4276 vitris,
2870 4210 2982 4263 sive
3007 4211 3233 4265 clathris
3266 4210 3459 4264 ferreis

1881 4280 2140 4348 ligneisve
2181 4282 2382 4334 inunita
2421 4281 2602 4346 fuerit)
2635 4282 2916 4350 despicere
2951 4282 3002 4334 in
3032 4281 3246 4334 ditelam
3280 4282 3460 4333 convi-

1885 4365 2069 4401 varum
2122 4363 2363 4414 suorum,
2414 4363 2713 4418 eorumque
2774 4351 3016 4404 actiones
3061 4352 3353 4404 observare
3401 4362 3454 4404 et

1883 4434 2163 4488 sermones
2193 4419 2383 4472 audire
2406 4422 2658 4488 potuerit,
2685 4423 2799 4487 ipse
2833 4421 3034 4474 nemini
3059 4421 3456 4474 observantius.

1887 4487 2062 4541 Lucus
2097 4488 2183 4541 bie
2228 4498 2309 4540 est
2361 4487 2412 4558 p.
2458 4490 2595 4542 1-55:
2636 4492 2830 4558 ξεστιν
2879 4491 3158 4558 οἰκήματα
3201 4490 3296 4541 δύο
3331 4492 3456 4542 κατ’

1884 4559 2147 4627 ἄντικρυς
2195 4553 2462 4631 ἀλλήλων,
2496 4560 2573 4610 ’ἐν
2627 4553 2739 4631 ᾦνὸ
2799 4553 3053 4631 βασιλεῦς
3116 4560 3177 4612 τὺ
3233 4561 3459 4631 ,ἄριστον

1883 4621 2164 4700 ποιεῖται,Δ
2189 4629 2280 4679 καὶ
2317 4621 2377 4679 έν
2487 4631 2539 4700 οἱ
2576 4621 2903 4692 σύνδειπνοι,
2932 4621 3071 4700 θύρα
3103 4630 3245 4700 καὶρ
3278 4621 3459 4699 ’βασι-

1884 4700 2008 4760 λεὺς
2049 4697 2291 4770 ἐκείνους
2323 4699 2438 4770 ,ὁρᾷ
2479 4698 2568 4752 διὰ
2608 4701 2702 4752 τοῦ
2755 4697 3194 4769 παρακύμματος
3229 4697 3324 4770 [ita
3356 4700 3455 4770 leg.

1885 4784 1984 4840 pro
2044 4767 2554 4840 παρακαλύμματος
2610 4767 2946 4838 vulgatorum
2986 4767 3290 4840 libroruin]
3362 4767 3456 4822 τοῦ

1884 4838 1976 4890 ἐπὶ
2005 4841 2085 4910 τῇ,
2119 4838 2278 4908 θύρα,
2309 4841 2505 4891 ἐκεῖνοι
2544 4841 2589 4893 δ’
2635 4840 2797 4893 αὐτὸν
2843 4841 2941 4909 οὐχ
2984 4839 3206 4910 ὁρῶσιν.
3247 4838 3362 4907 Qua
3404 4841 3456 4891 in

1885 4909 2197 4962 narratione
2247 4911 2368 4974 quis
2396 4920 2480 4963 est
2509 4910 2599 4976 qui
2642 4910 2905 4964 Divanum
2942 4909 3250 4971 Turcicum,
3281 4912 3459 4964 imita-

1886 4987 1996 5030 tum
2035 4977 2311 5032 Persicum
2357 4980 2458 5031 hoc
2511 4979 2842 5043 institutum,
2882 4996 2985 5033 non
3028 4990 3321 5048 agnoscat,
3364 4984 3456 5048 qni

1883 5049 2100 5116 quidem
2165 5048 2526 5113 itineratores,
2568 5049 2787 5102 Petrum
2823 5050 2960 5103 della
2997 5047 3145 5103 Valle
3176 5058 3228 5101 et
3273 5047 3452 5103 simile

1885 5123 1950 5188 de
1982 5118 2142 5170 rebus
2180 5117 2479 5170 Turcarum
2525 5130 2810 5172 narrantes
2850 5119 3085 5188 legerit?
3122 5120 3318 5184 quibus
3348 5135 3462 5171 me-

1886 5187 2046 5240 liores
2102 5189 2225 5240 buic
2271 5188 2389 5240 loco
2429 5190 2672 5242 Albentei
2721 5187 3045 5255 interpretes
3107 5207 3210 5241 non
3265 5189 3454 5248 habeo,

1886 5272 2020 5329 quos
2053 5257 2230 5310 etlam.
2283 5255 2450 5309 Erant
2491 5276 2651 5325 porro
2688 5261 2815 5312 talia
2875 5276 3248 5329 προκυμματα
3285 5262 3456 5322 varia,

1887 5337 1942 5380 ut
2012 5328 2062 5379 in
2113 5330 2283 5397 circo,
2330 5329 2382 5379 in
2441 5329 2669 5397 sigmate
2714 5345 2806 5383 seu
2856 5328 2980 5383 arca
3047 5328 3353 5394 triconcbii,
3407 5330 3458 5381 in

1885 5397 2149 5469 ecclesiis.
2219 5396 2513 5469 Fuerintne
2573 5399 2686 5452 haec
2741 5402 3048 5469 procyptica
3123 5402 3279 5467 plana
3336 5413 3458 5451 cum

1884 5468 2168 5533 saperlicie
2222 5467 2656 5534 perpendiculari
2713 5467 3104 5530 anliliemrum,
3155 5471 3206 5521 in
3260 5470 3458 5532 quibus

1883 5546 2059 5610 crant,
2102 5553 2185 5589 an.
2220 5539 2476 5610 projecta_
2515 5549 2569 5592 et
2625 5541 2894 5593 exstantia
2952 5539 3245 5610 (utmuiana
3280 5539 3458 5610 Latini

1886 5607 2172 5689 appellant,
2210 5606 2617 5689 Οιτιιοίηξξαιτα,
2655 5610 2733 5689 vel
2769 5606 2966 5673 ἕξετα,’
2996 5613 3060 5689 ab
3116 5609 3217 5670 ἔξω
3257 5608 3458 5689 ἱξεσθαι,

1889 5675 2072 5740 Erker,
2104 5676 2434 5748 Francogalli
2469 5681 2558 5732 des
2601 5678 2860 5743 balcons),
2897 5696 3001 5733 non
3049 5680 3232 5748 liquet.
3261 5679 3461 5733 Phiala:

1885 5758 2042 5799 erant
2068 5747 2248 5809 varia‘,
2283 5756 2340 5800 ut
2369 5748 2423 5800 in
2454 5751 2620 5813 circo,
2651 5750 2739 5802 ubi
2771 5761 3000 5818 ιιιιιιιιιιι·
3031 5747 3213 5814 factio,
3255 5749 3460 5803 Veneta

1889 5831 2080 5895 nempe
2115 5827 2167 5870 ct
2207 5818 2451 5876 l'rasina,
2485 5833 2638 5872 suam
2678 5820 2909 5895 phialam
2946 5821 3200 5884 IlfliH'i).tl,
3238 5819 3364 5874 item
3403 5820 3455 5876 in

1886 5897 2133 5956 Stgtnale.
