4148 6440
723 435 827 498 503

1713 429 1856 491 CON
1867 430 2134 492 STANTI
2144 430 2223 490 Nl
2266 433 2828 492 PORPHYROGEN
2839 432 2943 491 ITI

3875 431 3986 495 5οι

725 554 902 606 russo,
949 551 980 593 ο
1011 536 1392 594 cerimoniario
1426 536 1642 607 alioque
1677 536 1981 593 silentiario
2017 547 2292 593 sustenta-

2399 541 2491 594 ὅλα
2510 541 2649 595 κατὰ
2673 542 2773 610 τὴν
2797 540 3091 610 συνήθειαν
3112 541 3170 593 ἑν
3190 541 3270 609 τῷ
3287 541 3718 610 χρυσοτρικλίνῳ
3741 541 3834 592 καὶ
3859 557 3961 592 στα
3977 572 3988 580 -

725 644 832 695 tus,
869 632 1165 701 ingreditur
1193 639 1248 684 et
1271 644 1376 683 una
1403 643 1524 684 cum
1552 629 1868 684 silentiariis
1899 632 2129 699 primam
2159 630 2290 685 ado-

728 725 991 777 ratiunetn
1016 723 1256 781 exhibet.
1291 725 1580 776 secundam
1607 722 1656 773 in
1693 721 1869 773 medio
1899 721 2155 787 triclinio,
2182 732 2291 776 ter-

725 822 854 869 tiam
887 816 1164 884 qnudama
1197 816 1387 868 throno
1418 812 1725 866 intervallo.
1750 811 1870 865 Mox
1907 816 1973 866 ab
2011 814 2076 867 iis
2119 814 2292 868 dedu-

724 923 866 968 ειυς,
891 909 1054 972 ιιριίες
1081 924 1142 961 ac
1162 922 1330 975 genua
1369 905 1547 970 magni
1592 915 1646 960 et
1685 906 1913 959 minoris
1945 906 2292 974 imperatoris

725 1002 1024 1066 omnlatur,
1048 1013 1098 1053 et
1126 1000 1380 1067 expansis
1401 1000 1680 1060 manibus,
1709 1008 1991 1066 postquam
2014 999 2292 1052 codicillos

723 1113 751 1148 a
785 1097 1021 1149 dominis
1065 1095 1297 1162 :tccepil,
1340 1095 1556 1146 dextras
1590 1108 1778 1147 eorum
1806 1092 2109 1157 osculatur,
2150 1094 2291 1147 ceri-

725 1189 1020 1240 tnnniarins
1077 1202 1199 1240 entn
1242 1188 1307 1240 ad
1349 1187 1545 1249 locum,
1581 1185 1668 1238 ubi
1721 1182 1946 1239 tertium
1979 1173 2295 1253 procubuit,

723 1279 953 1341 reducit,
987 1288 1037 1330 ct
1074 1278 1284 1347 patricii
1325 1293 1352 1328 a
1390 1276 1683 1342 magistris,
1717 1278 1930 1330 cmteris
1957 1277 2203 1344 patriciis
2230 1291 2291 1329 ac

721 1373 1039 1425 silentiariis
1091 1370 1430 1430 circumdati,
1486 1369 1710 1431 intrant,
1766 1384 1798 1422 e
1837 1372 2035 1437 quibus
2083 1378 2290 1422 tantum

722 1465 933 1531 patricii
965 1463 1166 1531 gratias
1197 1461 1431 1514 dominis
1482 1469 1668 1528 agunt,
1716 1461 1912 1526 reliqui
1960 1475 2088 1512 vero
2135 1475 2292 1513 sena—

723 1567 886 1616 tores,
919 1555 1172 1622 quoniatn
1206 1571 1309 1607 non
1361 1569 1498 1606 unus
1529 1554 1608 1606 sui
1641 1553 1849 1606 ordinis
1881 1562 2161 1621 pretnotus
2187 1561 2290 1613 est,

726 1648 866 1700 haud
903 1648 1209 1715 procidunt.
1255 1647 1531 1699 Postremo
1590 1645 1641 1697 in
1669 1643 1880 1698 solenni
1925 1643 2188 1711 obsequio
2227 1643 2292 1696 ad

723 1738 1126 1797 consistorium,
1175 1737 1295 1788 inde
1344 1736 1408 1786 ad
1462 1735 1746 1789 ecclesiam
1781 1735 1912 1795 abit,
1965 1734 2052 1787 tthi
2086 1734 2293 1803 reliqua

721 1828 902 1880 omnia
941 1842 1036 1893 pro
1070 1841 1224 1880 more
1258 1827 1418 1879 etiam
1447 1841 1473 1876 a
1515 1826 1727 1878 creteris
1755 1824 1991 1892 patriciis
2024 1839 2292 1892 peragun-

2394 633 2529 687 θῶσι
2569 635 2974 703 κονσιστώριον,
3012 635 3207 703 κρατεῖ
3255 636 3282 686 6
3328 634 3425 702 τῆς
3460 635 3855 695 καταστάσεως
3890 635 3988 685 τὶν

2393 728 2684 794 ὀφείλοντα
2704 727 3078 797 προϐληθῆναι
3102 729 3177 789 είς
3201 727 3262 778 16
3279 727 3572 777 πούλπιτον
3595 726 3701 776 τῶν
3721 725 3988 793 ἀργυρῶν

2394 817 2581 872 πυλῶν
2603 819 2739 887 μετὰ
2755 818 2916 872 ἄλλου
2937 818 3324 886 σιλεντιαρίου,
3344 818 3436 869 καὶ
3460 819 3673 886 ἔρχεται
3690 818 3716 868 6
3735 818 3779 847 ³⁸
3797 817 3982 868 ὸστιά·

2398 927 2510 978 ριος
2542 910 2722 976 μόνος,
2756 912 2848 963 καὶ
2869 909 3083 963 ἵσταται
3116 912 3196 972 εἰς
3227 911 3286 963 16
3312 909 3471 978 eam
3508 910 3728 970 ἔσωθεν,
3772 911 3863 960 καὶ
3891 910 3982 960 ὅτε

2395 1001 2532 1072 λάϐῃ
2553 1000 2611 1051 16
2628 999 2806 1070 νεῦμα
2829 1019 2903 1052 πα
2915 1001 2979 1067 ρὰ
2991 1000 3086 1053 106
3106 1001 3494 1069 πραιποσίτου,
3515 1004 3698 1071 κρούει
3717 999 3776 1050 16
3793 999 3980 1066 βῆὶον,

2396 1094 2490 1145 καὶ
2518 1091 2738 1162 ἐπαίρει
2759 1093 2890 1146 αὐτὸ
2913 1095 2940 1145 6
2962 1092 3346 1160 σιλεντιάριος,
3364 1093 3456 1143 καὶ
3473 1091 3781 1159 εἰσέρχεται
3799 1092 3828 1141 6
3848 1106 3985 1155 προ-

2396 1185 2615 1256 ϐληθεὶς
2637 1185 2925 1254 πατρίκιος
2947 1185 3054 1238 ἀπὸ
3084 1185 3274 1253 σαγίου
3303 1186 3456 1256 ῥοῆς,
3478 1184 3849 1253 κρατούμενος
3876 1183 3982 1234 6116

2393 1276 2490 1329 106
2509 1277 2606 1345 τῆς
2633 1276 3023 1337 καταστάσεως
3046 1278 3139 1329 καὶ
3162 1277 3348 1347 ἐτέρου
3373 1275 3755 1344 σιλεντιαρίου,
3776 1273 3872 1324 καὶ
3893 1271 3983 1322 πί-

2394 1387 2517 1420 πτει
2541 1370 2678 1437 μετὰ
2695 1367 2805 1421 τῶν
2829 1369 3208 1439 σιλεντιαρίων
3231 1373 3258 1422 ό
3288 1369 3618 1439 προϐληθεὶς
3648 1369 3706 1418 16
3736 1366 3983 1435 πρῶτον,

2393 1463 2453 1513 16
2484 1459 2738 1528 δεύτερον
2776 1461 2963 1512 πίπτει
2999 1463 3080 1523 εἰς
3119 1462 3219 1531 τὴν
3250 1462 3422 1530 μέσην
3457 1459 3550 1513 106
3592 1459 3894 1529 τρικλίνου,
3923 1456 3988 1509 16

2393 1552 2576 1620 τρίτον
2605 1552 2794 1603 πίπτει
2831 1551 2938 1604 ἀπὸ
2965 1551 3333 1622 διαστήματος
3367 1552 3461 1604 τοῦ
3498 1551 3708 1614 σένζου.
3749 1550 3862 1600 Καὶ
3884 1548 3981 1616 φέ-

2398 1656 2584 1708 ρουσιν
2615 1640 2799 1704 αὑτὸν,
2824 1642 2919 1692 καλ⁵
2952 1641 3142 1694 πίπτει
3177 1641 3486 1710 ἔμπροσθεν
3525 1641 3618 1692 106
3657 1639 3979 1702 ὑποποδίου,

2397 1734 2491 1784 καὶ
2520 1733 2666 1799 φιλεῖ
2705 1734 2831 1795 τοὺς
2874 1733 3040 1796 πόδας
3069 1734 3164 1786 106
3207 1734 3448 1804 μεγάλου
3479 1733 3740 1802 βασιλέως
3783 1730 3882 1784 καὶ
3910 1730 3980 1782 τὰ

2396 1823 2488 1876 δύο
2517 1823 2684 1876 αὑτοῦ
2715 1824 2940 1890 γόνατα,
2969 1825 3174 1895 ὁμοίως
3209 1832 3302 1878 και
3332 1825 3424 1877 τοῦ
3453 1824 3672 1894 μικροῦ,
3699 1825 3794 1875 καὶ
3822 1823 3985 1875 ἀπλοί

724 1929 833 1980 tnr,
868 1935 930 1970 ex
961 1919 1189 1971 ecclesia
1235 1933 1364 1969 vero
1399 1917 1705 1976 discedens,
1741 1930 1931 1984 sagum
1967 1930 2293 1984 purpureum

2402 1917 2500 1977 τὰς
2556 1917 2746 1984 χεῖρας
2802 1917 2896 1967 καὶ
2930 1916 3195 1985 λαμϐάνει
3237 1917 3388 1986 παρά
3437 1918 3542 1968 τῶν
3591 1915 3869 1968 δεσποτῶν
3916 1914 3984 1964 τὰ

723 2023 964 2074 gestans,
991 2014 1205 2065 domum
1238 2014 1371 2063 ahit.

2403 2008 2746 2073 κωδικέλλια,
2775 2008 2868 2060 καὶ
2901 2010 3046 2076 φιλεῖ
3070 2010 3165 2070 τὰς
3206 2014 3394 2078 χεῖρας
3423 2009 3529 2061 τῶν
3559 2008 3857 2068 δεσποτῶν,
3890 2007 3984 2058 καὶ

720 2103 1066 2155 όπισθοποδεῖ
1125 2103 1284 2157 αὑτὸν
1347 2106 1374 2155 ὁ
1415 2105 1512 2172 τῆς
1571 2104 1995 2165 καταστάσεως,
2048 2102 2174 2156 ἔνθα
2236 2103 2297 2154 16
2350 2100 2529 2170 τρίτον
2581 2101 2992 2171 προσεκύνησε,
3035 2103 3130 2154 καὶ
3178 2104 3517 2171 εἰσέρχονται
3589 2103 3635 2153 οἰ
3705 2100 3984 2166 πατρίκιο.

722 2198 831 2251 ἀπό
860 2215 916 2250 τε
951 2201 1261 2266 μαγίστρων
1298 2198 1389 2249 καὶ
1415 2198 1521 2249 τῶν
1561 2199 1764 2250 λοιπῶν
1797 2197 2121 2265 πατρικίων,
2174 2197 2538 2265 κρατούμενοι
2612 2195 2718 2248 ὑπὸ
2763 2197 3160 2268 σιλεντιαρίων,
3244 2194 3778 2266 ἁπευχαριστοῦντες
3873 2194 3984 2262 τοῖς

721 2288 1008 2349 δεσπόταις
1031 2290 1305 2355 πατρίκιοι
1333 2289 1426 2339 καὶ
1453 2289 1641 2356 μόνον’
1674 2289 1724 2338 οἱ
1747 2288 1802 2339 δὲ
1835 2288 2008 2338 λοιποὶ
2049 2286 2402 2356 συγκλητικοὶ
2436 2287 2497 2338 οὖ
2565 2287 2874 2353 πίπτουσιν,
2949 2289 3024 2351 ὡς
3096 2289 3168 2358 μὴ
3208 2290 3503 2357 γενομένου
3589 2285 3981 2354 συγκλητικοῦ.

723 2381 831 2434 Καὶ
875 2382 1178 2450 ἀπέρχεται
1228 2383 1617 2451 όιᾲικευὸμενος
1677 2384 1734 2434 ὲν
1779 2382 1856 2449 τῷ
1900 2383 2290 2452 κονσιστωρίῳ,
2335 2381 2427 2434 καὶ
2459 2381 2632 2445 οὓτως
2655 2384 2986 2454 ἀπέρχονται
3023 2387 3082 2436 ἐν
3111 2388 3177 2455 τῇ
3211 2385 3497 2454 ἐκκλησία,
3530 2401 3596 2435 κα
3685 2384 3750 2436 τε
3821 2382 3986 2434 Λοιπὰ

721 2474 898 2525 πάντα
931 2473 1252 2541 πληροῦται,
1279 2474 1353 2536 ὠς
1389 2474 1498 2542 ἔχει
1548 2476 1580 2543 ἡ
1614 2475 1890 2543 συνήθεια,
1933 2474 2027 2526 καί
2059 2475 2151 2526 ἐπὶ
2189 2475 2298 2526 τῶν
2337 2474 2559 2541 λοιπῶν,
2585 2477 2679 2530 καὶ
2712 2479 2800 2531 ὅτε
2835 2479 3112 2548 ἀναχωρεῖ
3173 2477 3281 2532 ἀπὸ
3315 2483 3412 2546 τῆς
3443 2478 3761 2546 ἐκκλησίας,
3829 2475 3987 2546 φορεῖ

720 2569 815 2622 καὶ
847 2569 1010 2631 αὐτὸς
1046 2571 1233 2638 σαγίον
1259 2569 1532 2637 ἀληθινὸν,
1570 2573 1662 2623 καὶ
1701 2571 1874 2634 οὕτως
1911 2574 2184 2642 ἀναχωρεῖ
2215 2574 2297 2635 εἰς
2333 2573 2424 2625 τὸν
2455 2567 2604 2626 οἷκον
2629 2573 2814 2628 αὑτοῦ.

1168 2661 1322 2732 143
1357 2661 1584 2717 CAPUT
1621 2661 1855 2717 XLVIII.

924 2753 1260 2807 Obseruantia
1296 2755 1348 2806 in
1379 2757 1705 2821 promotione
1743 2756 2106 2822 patriciorum.

794 2838 837 2895 1.
865 2838 1190 2906 Imperatore
1244 2857 1514 2895 cameram
1576 2859 1741 2912 prope
1798 2844 2050 2910 templum
2110 2844 2294 2898 Sancti

725 2923 998 2980 Theodori
1025 2929 1161 2980 intra
1191 2929 1364 2982 velum
1394 2930 1659 2996 ingresso,
1678 2932 2300 3000 przepositusvestitores

725 3027 904 3078 vocat,
947 3018 1037 3084 qui
1076 3020 1248 3086 ipsum
1297 3020 1477 3072 tunica
1527 3021 1780 3083 induunt,
1814 3023 2006 3088 hisque
2035 3022 2296 3090 egressis,

728 3126 754 3161 a
783 3111 1072 3178 prmposito
1113 3121 1424 3176 coronatur,
1463 3112 1656 3165 deinde
1695 3127 1723 3165 e
1761 3128 1974 3167 camera
2022 3115 2112 3167 ubi
2137 3129 2296 3168 coro-

728 3211 885 3255 natus
924 3210 1006 3254 est
1044 3202 1222 3270 prodit
1269 3213 1431 3270 atque
1464 3203 1514 3255 in
1553 3203 1747 3257 throno
1773 3220 1870 3258 suo
1920 3205 1972 3258 in
2000 3207 2289 3276 chrysotri-

728 3292 894 3345 c-linio
923 3293 1218 3346 constituto
1246 3293 1418 3349 sedet.
1452 3297 1664 3349 Interea
1701 3298 1936 3363 prazfecti
1965 3299 2211 3352 cubiculo
2231 3298 2298 3352 ab

2968 2666 3218 2720 ΚΕΦΑΛ.
3276 2667 3419 2722 MII'.

2405 2754 2561 2806 Ὅσα
2584 2754 2680 2806 δεῖ
2701 2755 3196 2822 παραφυλάττειν
3216 2756 3314 2809 ἐπὶ
3343 2754 3610 2823 στροϐολῇ
3631 2758 3983 2823 πατρικίων.

2477 2849 2554 2898 A'.
2601 2846 2871 2898 Εἰσελθὼν
2913 2850 2940 2900 6
2997 2848 3248 2915 βασιλεὺς
3287 2851 3367 2910 εἰς
3414 2849 3511 2916 τὴν
3563 2846 3824 2916 καμάραν
3887 2850 3987 2915 τὴν

2401 2932 2565 2988 οὖσαν
2603 2939 2736 3007 πρὸς
2775 2937 2867 2989 16v
2902 2939 3029 2991 ναὸν
3060 2939 3154 2993 τοῦ
3191 2939 3374 3007 Ἀγίου
3401 2940 3678 3010 Θεοδώρου
3712 2939 3858 2990 ενδον
3891 2937 3985 2992 τοῦ

2406 3029 2593 3096 βήλου,
2620 3031 3008 3098 προσκαλεῖται
3030 3032 3058 3083 6
3081 3032 3439 3101 πραιπόσιτος
3466 3033 3592 3092 τοὺς
3623 3031 3678 3099 βε
3691 3032 3984 3100 στήτορας,

2404 3121 2498 3171 καὶ
2553 3121 2946 3188 περιὸἀλλουσι
3000 3124 3100 3192 τὴν
3156 3123 3377 3191 χλανίδα
3432 3122 3520 3173 τὸν
3577 3120 3834 3189 βασιλέα,
3890 3122 3981 3172 καὶ

2404 3211 2610 3264 τούτων
2651 3213 2997 3278 ἐξελθόντων,
3032 3217 3294 3282 στέφεται
3338 3215 3443 3267 ὑπὸ
3471 3214 3565 3267 106
3595 3213 3980 3283 πραιποσίτου,

2406 3304 2598 3357 ἔπειτα
2662 3306 2938 3377 ἐξέρχεται
2979 3310 3042 3360 ἐκ
3084 3308 3179 3376 τῆς
3227 3309 3501 3378 καμάρας,
3551 3309 3608 3358 ὲν
3653 3301 3980 3378 ᾖὲστέφθην

728 3393 956 3451 utroque
1007 3383 1198 3448 latere,
1246 3386 1562 3440 cubicularii
1600 3397 1655 3441 et
1708 3389 2220 3457 spathocnbicnlarii
2266 3407 2293 3446 a

2405 3398 2498 3450 καὶ
2528 3399 2768 3451 ἀνελθὼν
2818 3399 3107 3464 καθέζεται
3154 3402 3248 3455 ἐπὶ
3293 3401 3388 3453 τοῦ
3438 3399 3624 3462 σένζου
3670 3399 3837 3451 αὐτοῦ
3891 3398 3981 3449 10-3

733 3485 882 3542 ιρι-ευ
909 3474 1086 3526 throni
1130 3476 1179 3528 in
1214 3476 1418 3530 circulo
1444 3489 1648 3541 astant,
1690 3493 1746 3534 ut
1783 3490 1866 3534 est
1897 3481 2294 3548 semicirculus,

729 3582 836 3633 quo
867 3581 961 3632 per
993 3577 1118 3619 octo
1157 3568 1274 3620 vela
1319 3568 1617 3636 ingressuri
1668 3573 1850 3624 venire
1897 3574 2127 3628 debent:
2167 3591 2298 3644 pro-

733 3659 1049 3725 tospatharii
1081 3673 1208 3712 vero
1239 3662 1471 3714 eunuchi
1501 3678 1665 3730 prope
1697 3665 1946 3716 thronum
1970 3665 2292 3721 consistunt.

733 3748 935 3802 Deinde
971 3763 1317 3805 mensurator
1351 3755 1630 3806 autetiam
1677 3755 1860 3823 papias
1900 3756 2084 3824 palatii
2120 3762 2297 3827 magni

729 3838 1058 3890 lhuribnlnm
1091 3841 1278 3904 sumit,
1315 3851 1366 3894 et
1396 3858 1426 3895 a
1458 3843 1573 3896 velo
1606 3844 1822 3898 sublato
1871 3847 2296 3916 chrysotriclinii

727 3944 848 3981 cum
884 3929 1039 3982 thure
1070 3932 1314 3994 veniens,
1357 3933 1734 4001 imperatorem
1768 3938 2035 4002 incensat,
2065 3956 2174 4010 quo
2214 3955 2294 3997 ter

729 4017 893 4081 Iacto,
929 4021 1178 4075 discedit.
1232 4021 1380 4077 Tunc
1421 4026 1763 4093 praepositus,
1817 4035 1971 4097 signo
2001 4045 2030 4084 a
2078 4035 2296 4087 domino

727 4124 965 4179 accepto,
993 4115 1103 4165 ahit
1128 4124 1180 4167 et
1212 4129 1391 4167 coram
1449 4117 1775 4184 imperatore
1803 4121 1856 4174 in
1895 4124 2070 4177 medio
2100 4127 2293 4194 pratic-

726 4217 935 4256 ctornm
965 4207 1196 4259 cubiculi
1243 4217 1370 4272 stat,
1407 4209 1762 4279 manibusque
1813 4230 1914 4266 una
1950 4232 2070 4269 cum
2117 4221 2293 4272 tunica

726 4311 820 4346 sua
849 4299 1121 4364 expansis,
1155 4299 1354 4365 impera
1369 4309 1874 4366 torem-veneratur,
1896 4324 2000 4360 non
2023 4310 2295 4364 inclinatis

729 4398 906 4441 tamen
939 4391 1200 4457 genibus;
1235 4401 1316 4444 est
1348 4393 1491 4446 enim
1528 4403 1734 4448 tantunt
1763 4401 1972 4466 species
2018 4404 2293 4457 adoratio-

725 4480 828 4541 nis,
881 4481 1091 4547 qualem
1146 4483 1278 4536 ordo
1328 4484 1434 4538 diei
1488 4488 1735 4554 requirit.
1771 4490 1860 4545 Sic
1916 4508 2037 4546 cum
2086 4496 2292 4551 duobus

726 4571 987 4633 ostiariis,
1019 4572 1110 4638 qui
1153 4583 1278 4626 ante
1326 4575 1496 4643 ipsum
1528 4579 1706 4646 virgas
1747 4597 1873 4636 suas
1915 4584 1966 4637 in
2013 4589 2284 4655 tripetone

725 4669 958 4726 gestam,
991 4662 1355 4729 progreditur,
1390 4667 1678 4734 magistros
1708 4685 1735 4720 a
1783 4673 2165 4728 cerimoniario
2198 4693 2290 4730 or-

2408 3489 2696 3560 ἱσταμένου
2732 3495 2812 3555 εἰς
2837 3493 2896 3545 τὸ
2931 3493 3399 3562 χρυσοτρίκλινον.
3434 3493 3679 3544 Στάντων
3707 3492 3748 3521 ³⁹
3784 3491 3841 3543 δὲ
3879 3489 3982 3541 τῶν

2404 3584 2680 3652 ἀρχόντων
2719 3584 2812 3636 τοῦ
2854 3585 3236 3636 κου6ουκλείου
3271 3585 3421 3636 ἔνθεν
3453 3583 3726 3645 κάκεῖθεν,
3762 3584 3812 3632 οἰ
3857 3599 3982 3632 κου-

2407 3673 2744 3744 βικουλάριοι
2799 3675 2892 3727 καὶ
2940 3677 2988 3728 οί
3057 3674 3670 3742 σπαθοκουϐικουλὰριοι
3737 3674 3982 3724 ἵστανται

2403 3765 2583 3818 ὀπίσω
2615 3765 2799 3834 κύκλῳ
2829 3766 2922 3818 106
2955 3766 3164 3830 σένζου,
3199 3765 3380 3827 καθώς
3409 3768 3522 3817 ἐστι
3551 3764 3608 3816 16
3631 3762 3980 3832 ἡμικύκλιον,

2401 3857 2490 3910 διὰ
2513 3858 2573 3908 16
2617 3857 2937 3927 χωρηθῆναι
2972 3858 3096 3918 τοὺς
3128 3855 3420 3925 μέλλοντας
3458 3854 3718 3905 εἰσελθεῖν
3745 3853 3831 3905 διὰ
3876 3853 3983 3904 τῶν

2400 3948 2546 4002 ὀκτὼ
2573 3948 2749 4019 βήλων
2772 3966 2784 3978 ·
2819 3951 2864 4000 οἱ
2887 3949 2941 4000 δὲ
2966 3948 3443 4018 πρωτοσπαθάριοι
3467 3945 3710 4013 εὐνοῦχοι
3736 3948 3983 4000 ἶστανται

2402 4042 2631 4111 πλησίον
2684 4041 2778 4094 106
2831 4041 3040 4104 σένζου.
3083 4039 3215 4093 Εἶτα
3263 4033 3441 4091 λαὸὼν
3500 4039 3589 4089 16v
3643 4037 3909 4104 θυμιατὸν
3956 4037 3984 4086 6

2405 4132 2786 4203 μινσουράτωρ
2817 4132 2848 4201 ἢ
2875 4132 2967 4184 καί
2999 4135 3027 4183 ὁ
3071 4132 3279 4192 παπίας
3310 4130 3404 4183 τοῦ
3451 4131 3713 4182 παλατίου
3755 4129 3850 4182 τοῦ
3887 4147 3980 4197 με-

2400 4227 2590 4293 γάλου,
2616 4225 2789 4294 θυμιᾷ
2818 4225 2925 4276 ἀπὸ
2966 4223 3060 4275 τοῦ
3102 4222 3392 4291 αἰρομένου
3431 4221 3594 4290 βήλου
3639 4221 3734 4273 106
3783 4239 3981 4290 χρυσο⁹

2399 4319 2698 4388 τρικλίνου,
2743 4317 2839 4369 καὶ
2883 4317 3172 4385 ἀνέρχεται
3212 4315 3424 4384 θυμιῶν
3467 4315 3556 4364 τὸν
3608 4313 3858 4381 βασιλέα,
3893 4316 3982 4366 καὶ

2399 4407 2557 4460 τοῦτο
2587 4407 2758 4459 ποιῶν
2796 4409 2858 4458 ὲκ
2886 4409 3070 4474 τρίτου
3108 4406 3401 4473 ὑποχωρεῖ.
3433 4404 3541 4456 Καὶ
3584 4403 3766 4455 λαϐὼν
3805 4404 3979 4471 νεῦμα

2397 4503 2424 4550 ὀ
2461 4499 2818 4569 πραιπόσιτος
2857 4497 3008 4565 παρὰ
3060 4495 3152 4547 106
3199 4495 3480 4562 βασιλέως,
3533 4493 3839 4561 ἀπέρχεται
3891 4497 3981 4545 καὶ

2401 4591 2612 4641 ἵσταται
2638 4587 2946 4658 ἔμπροσθεν
2967 4588 3058 4638 τοῦ
3087 4586 3348 4655 βασιλέως
3377 4587 3541 4654 μέσον
3572 4585 3676 4634 τῶν
3701 4586 3980 4653 ἀρχόντωκ

2397 4680 2491 4733 τοῦ
2522 4679 2924 4741 κουῦουκὶείου,
2964 4679 3058 4730 καὶ
3101 4678 3430 4744 ἐφαπλώσας
3461 4676 3555 4737 τὰς
3583 4678 3770 4746 χεῖρας
3818 4677 3979 4729 αἰδτοῦ

725 4751 939 4804 ιξίιιοιοε
981 4752 1198 4819 reperit,
1234 4768 1434 4822 eosque
1465 4761 1783 4825 praepositus
1827 4765 2094 4818 advocat:
2130 4779 2284 4822 extra

2399 4773 2536 4840 μετὰ
2565 4769 2656 4822 τοῦ
2704 4769 2971 4838 χλανιδίου
3003 4767 3193 4833 αὑτοῦ,
3225 4767 3528 4835 ’προσκυνεί
3577 4766 3668 4817 τὸν
3722 4766 3976 4834 βασιλέα,

723 4842 900 4894 veinnt
949 4853 1116 4908 portae
1162 4845 1589 4914 chrysotriclinii
1639 4851 1744 4905 duo
1813 4855 2097 4911 silentiarii
2143 4871 2291 4915 stant

722 4940 774 4982 et
805 4933 1086 4986 arcessitis
1122 4950 1148 4986 a
1177 4938 1464 5002 pra-posito
1499 4939 1793 5008 magistris,
1828 4945 2003 4999 velum
2053 4963 2083 5000 a
2129 4951 2292 5004 silen-
2339 4986 2342 4989 -

725 5023 902 5075 tiariis
933 5038 1146 5076 sursum
1188 5027 1412 5091 tollitur,
1451 5041 1502 5082 et
1529 5033 1832 5100 ingreditur
1855 5039 2086 5104 primttm
2112 5042 2288 5096 velum

724 5115 1105 5177 magistrorum
1133 5132 1252 5170 cntn
1288 5125 1597 5190 pra-posito,
1633 5126 1725 5193 qui
1755 5143 1921 5194 prope
1943 5129 2070 5184 illud
2088 5134 2291 5187 consti-

725 5213 891 5263 tutus,
920 5205 1044 5256 dmn
1071 5218 1190 5274 post
1213 5223 1271 5262 se
1300 5214 1590 5279 magistros
1610 5216 1794 5279 habet,
1817 5221 2058 5275 ostiariis
2081 5223 2291 5292 signum

721 5295 812 5346 dat
840 5297 973 5350 intra
1012 5300 1188 5351 velum
1221 5305 1510 5360 stantibus.
1537 5306 1702 5361 Porro
1729 5314 2049 5379 prmpositus
2074 5315 2125 5366 in
2146 5317 2284 5382 velo,

723 5386 878 5455 signo
911 5392 975 5441 ab
1013 5389 1337 5457 imperatore
1367 5409 1610 5464 accepto,
1666 5409 2022 5457 mensuratori
2069 5417 2163 5459 aut
2195 5424 2292 5460 cu-

726 5479 992 5533 hicnlario
1019 5484 1190 5536 velunt
1233 5486 1444 5539 tollenti
1472 5494 1648 5557 rapite
1671 5495 1879 5556 annuit,
1906 5506 1959 5547 ct
1991 5497 2290 5565 ingreditur

724 5573 1067 5641 praspositus,
1097 5591 1363 5647 suumque
1391 5579 1566 5635 locum
1609 5594 1857 5654 occupat.
1893 5588 2131 5659 Magistri
2165 5609 2292 5644 vero

2400 4867 2472 4932 μὴ
2511 4863 2700 4922 κλίνας
2752 4861 2818 4912 τὰ
2851 4860 3074 4926 γόνατα,
3118 4861 3166 4911 εἰ
3225 4858 3298 4927 μὴ
3335 4856 3492 4926 μόνον
3531 4856 3590 4909 16
3639 4857 3831 4923 σχῆμα
3886 4858 3979 4920 τῆς

2401 4955 2844 5023 τροσκυνήσεως,
2875 4952 2932 5005 ὃν
2963 4953 3167 5020 τρόπον
3199 4952 3232 5020 ἡ
3264 4949 3362 5017 τῆς
3394 4950 3605 5019 ἡμέρας
3635 4949 3788 5013 τάξις
3819 4951 3980 5000 ἁπαι-

2397 5049 2496 5098 τεῖ.
2541 5045 2648 5097 Καὶ
2683 5041 2784 5095 εἴθ’
2834 5043 3008 5105 οὕτως
3039 5043 3316 5110 ἐξέρχεται
3354 5043 3493 5109 μετά
3522 5041 3614 5093 δύο
3659 5042 3976 5109 όστιαρίων,

2398 5136 2706 5205 ἔμπροσθεν
2736 5136 2898 5188 αὑτοῦ
2930 5133 3306 5203 βασταζόντων
3343 5136 3434 5184 καὶ
3469 5133 3537 5185 τὰ
3561 5131 3760 5200 βεργία
3801 5131 3977 5182 αὐτῶν

2396 5233 2452 5280 ὲν
2484 5229 2560 5296 τῷ
2582 5228 2894 5299 τριπὲτωνι,
2917 5228 3010 5279 καὶ
3042 5225 3284 5292 εὑρίσκει
3306 5227 3430 5287 τοὺς
3463 5224 3799 5292 μαγίστρους
3835 5225 3980 5290 ἡτοι-

2401 5320 2703 5387 μασθέντας
2752 5317 2900 5386 παρὰ
2934 5316 3023 5369 106
3057 5317 3154 5385 τῆς
3205 5316 3610 5375 καταστάσεως,
3667 5314 3763 5364 καὶ
3805 5329 3975 5382 προσ-

2399 5411 2640 5460 καλεῖται
2697 5410 2890 5470 αὐτοὺς
2926 5411 2953 5460 6
2991 5409 3378 5476 πραιπόσιτος·
3429 5406 3520 5458 καὶ
3576 5405 3827 5458 ἵστανται
3876 5403 3977 5466 ἔξω

2398 5501 2492 5552 τοῦ
2531 5501 2690 5568 βήλου
2728 5502 2825 5569 τῆς
2855 5501 3028 5570 πύλης
3069 5499 3162 5551 τοῦ
3185 5497 3630 5567 χρυσοτρικλὶνου
3663 5496 3758 5547 δύο
3797 5496 3975 5547 σιλενο

2398 5594 2619 5662 τιάριοι,
2655 5597 2745 5646 καὶ
2773 5595 2933 5664 ἡνίκα
2969 5592 3384 5664 προσκληθιῗισιν
3412 5590 3458 5641 ’,ί
3495 5591 3591 5658 gi"
3615 5606 3786 5659 ιστροι
3823 5589 3975 5656 παρὰ

2002 5772 2229 5827 νειιιιςῐ
2279 5773 2653 5828 l.l'.C'I'EOI\'l.5

793 5843 838 5876 "
875 5849 900 5899 ὀ
926 5867 1029 5900 οιιι.
1067 5851 1153 5903 ed.
1235 5853 1273 5883 3“
1307 5853 1565 5910 ἱστάντων
1599 5866 1682 5912 cd.
