  <div class='ocr_page' id='page_1' title='image "/cluster/home/n/w/nwhite01/storage/ocr_20150623/112/nnc1.0046980270/276.png"; bbox 0 0 4148 6440; ppageno 0'>
   <div class='ocr_carea' id='block_1_1' title="bbox 143 376 244 437">
    <p class='ocr_par' dir='ltr' id='par_1_1' title="bbox 143 376 244 437">
     <span class='ocr_line' id='line_1_1' title="bbox 143 376 244 437; baseline -0.02 0"><span class='ocrx_word' id='word_1_1' title='bbox 143 376 244 437; x_wconf 70' lang='grc'><strong>545</strong></span> 
     </span>
    </p>
   </div>
   <div class='ocr_carea' id='block_1_2' title="bbox 954 361 2562 426">
    <p class='ocr_par' dir='ltr' id='par_1_2' title="bbox 954 361 2562 426">
     <span class='ocr_line' id='line_1_2' title="bbox 954 361 2562 426; baseline -0.005 0"><span class='ocrx_word' id='word_1_2' title='bbox 954 367 1048 426; x_wconf 79' lang='lat' dir='ltr'><strong>DE</strong></span> <span class='ocrx_word' id='word_1_3' title='bbox 1089 363 1544 425; x_wconf 82' lang='lat' dir='ltr'><strong>CERIMONIIS</strong></span> <span class='ocrx_word' id='word_1_4' title='bbox 1585 361 1805 422; x_wconf 73' lang='lat' dir='ltr'><strong>AUL/E</strong></span> <span class='ocrx_word' id='word_1_5' title='bbox 1848 363 1978 420; x_wconf 81' lang='lat' dir='ltr'><strong>BYZ</strong></span> <span class='ocrx_word' id='word_1_6' title='bbox 1999 363 2286 422; x_wconf 76' lang='lat' dir='ltr'><strong>\NTIN.E</strong></span> <span class='ocrx_word' id='word_1_7' title='bbox 2329 362 2472 420; x_wconf 85' lang='lat' dir='ltr'><strong>LIB.</strong></span> <span class='ocrx_word' id='word_1_8' title='bbox 2519 361 2562 418; x_wconf 93' lang='grc' dir='ltr'><strong>ῐ.</strong></span> 
     </span>
    </p>
   </div>
   <div class='ocr_carea' id='block_1_3' title="bbox 3301 362 3410 425">
    <p class='ocr_par' dir='ltr' id='par_1_3' title="bbox 3301 362 3410 425">
     <span class='ocr_line' id='line_1_3' title="bbox 3301 362 3410 425; baseline -0.037 -1"><span class='ocrx_word' id='word_1_9' title='bbox 3301 362 3410 425; x_wconf 75' lang='grc'><strong>546</strong></span> 
     </span>
    </p>
   </div>
   <div class='ocr_carea' id='block_1_4' title="bbox 141 468 1742 541">
    <p class='ocr_par' dir='ltr' id='par_1_4' title="bbox 141 469 1709 541">
     <span class='ocr_line' id='line_1_4' title="bbox 141 469 1709 541; baseline -0.011 -8"><span class='ocrx_word' id='word_1_10' title='bbox 141 481 315 541; x_wconf 56' lang='grc' dir='ltr'><strong>καθὼς</strong></span> <span class='ocrx_word' id='word_1_11' title='bbox 344 478 594 533; x_wconf 65' lang='grc' dir='ltr'>εἴθισται,</span> <span class='ocrx_word' id='word_1_12' title='bbox 646 475 692 526; x_wconf 86' lang='grc' dir='ltr'>οἱ</span> <span class='ocrx_word' id='word_1_13' title='bbox 757 473 853 540; x_wconf 81' lang='grc' dir='ltr'><strong>μὲν</strong></span> <span class='ocrx_word' id='word_1_14' title='bbox 900 472 1178 540; x_wconf 71' lang='grc' dir='ltr'>πατρίκιοι</span> <span class='ocrx_word' id='word_1_15' title='bbox 1231 472 1298 523; x_wconf 74' lang='grc' dir='ltr'><strong>τὰ</strong></span> <span class='ocrx_word' id='word_1_16' title='bbox 1365 469 1709 538; x_wconf 72' lang='grc' dir='ltr'><strong>χρυσὸταϐλςι</strong></span> 
     </span>
    </p>
   </div>
   <div class='ocr_carea' id='block_1_5' title="bbox 1819 468 3405 541">
    <p class='ocr_par' dir='ltr' id='par_1_5' title="bbox 1819 468 3405 539">
     <span class='ocr_line' id='line_1_5' title="bbox 1819 468 3405 539; baseline 0 -17"><span class='ocrx_word' id='word_1_17' title='bbox 1819 485 1877 518; x_wconf 80' lang='lat' dir='ltr'><strong>ac</strong></span> <span class='ocrx_word' id='word_1_18' title='bbox 1916 473 2096 522; x_wconf 66' lang='lat' dir='ltr'><strong>caeteri</strong></span> <span class='ocrx_word' id='word_1_19' title='bbox 2140 472 2370 522; x_wconf 86' lang='lat' dir='ltr'><strong>ministri</strong></span> <span class='ocrx_word' id='word_1_20' title='bbox 2408 471 2570 539; x_wconf 74' lang='lat'><strong>162</strong></span> <span class='ocrx_word' id='word_1_21' title='bbox 2607 482 2703 535; x_wconf 88' lang='lat' dir='ltr'><strong>pro</strong></span> <span class='ocrx_word' id='word_1_22' title='bbox 2741 482 2832 520; x_wconf 85' lang='lat' dir='ltr'><strong>sua</strong></span> <span class='ocrx_word' id='word_1_23' title='bbox 2868 469 3096 535; x_wconf 86' lang='lat' dir='ltr'><strong>quisque</strong></span> <span class='ocrx_word' id='word_1_24' title='bbox 3143 468 3405 531; x_wconf 71' lang='lat' dir='ltr'><strong>dignitate.</strong></span> 
     </span>
    </p>
   </div>
   <div class='ocr_carea' id='block_1_6' title="bbox 137 559 1710 633">
    <p class='ocr_par' dir='ltr' id='par_1_6' title="bbox 137 559 1710 633">
     <span class='ocr_line' id='line_1_6' title="bbox 137 559 1710 633; baseline -0.009 -13"><span class='ocrx_word' id='word_1_25' title='bbox 137 568 310 620; x_wconf 71' lang='grc' dir='ltr'><strong>αὐτῶν</strong></span> <span class='ocrx_word' id='word_1_26' title='bbox 346 566 611 633; x_wconf 65' lang='grc' dir='ltr'><strong>κλινίδια,</strong></span> <span class='ocrx_word' id='word_1_27' title='bbox 644 565 691 614; x_wconf 77' lang='lat'><strong>0!</strong></span> <span class='ocrx_word' id='word_1_28' title='bbox 721 563 776 615; x_wconf 80' lang='grc' dir='ltr'><strong>δὲ</strong></span> <span class='ocrx_word' id='word_1_29' title='bbox 803 563 1100 633; x_wconf 77' lang='grc' dir='ltr'>στρατηγοὶ</span> <span class='ocrx_word' id='word_1_30' title='bbox 1125 561 1192 611; x_wconf 78' lang='grc' dir='ltr'>τὰ</span> <span class='ocrx_word' id='word_1_31' title='bbox 1220 561 1385 626; x_wconf 79' lang='grc' dir='ltr'><strong>σαγία</strong></span> <span class='ocrx_word' id='word_1_32' title='bbox 1429 560 1629 624; x_wconf 71' lang='grc' dir='ltr'><strong>αὐτῶν,</strong></span> <span class='ocrx_word' id='word_1_33' title='bbox 1664 559 1710 608; x_wconf 73' lang='lat' dir='ltr'><strong>0i</strong></span> 
     </span>
    </p>
   </div>
   <div class='ocr_carea' id='block_1_7' title="bbox 1828 559 3398 627">
    <p class='ocr_par' dir='ltr' id='par_1_7' title="bbox 1828 559 3398 627">
     <span class='ocr_line' id='line_1_7' title="bbox 1828 559 3398 627; baseline 0.001 -17"><span class='ocrx_word' id='word_1_34' title='bbox 1828 575 2003 614; x_wconf 73' lang='lat' dir='ltr'><strong>\‘t‘Stes</strong></span> <span class='ocrx_word' id='word_1_35' title='bbox 2025 571 2234 627; x_wconf 72' lang='lat' dir='ltr'><strong>gestant</strong></span> <span class='ocrx_word' id='word_1_36' title='bbox 2267 574 2316 613; x_wconf 86' lang='lat' dir='ltr'><strong>et</strong></span> <span class='ocrx_word' id='word_1_37' title='bbox 2342 562 2392 613; x_wconf 86' lang='lat' dir='ltr'><strong>iit</strong></span> <span class='ocrx_word' id='word_1_38' title='bbox 2425 561 2673 613; x_wconf 79' lang='lat' dir='ltr'><strong>eutivivio</strong></span> <span class='ocrx_word' id='word_1_39' title='bbox 2707 559 2757 611; x_wconf 91' lang='lat' dir='ltr'><strong>in</strong></span> <span class='ocrx_word' id='word_1_40' title='bbox 2787 559 3088 611; x_wconf 79' lang='lat' dir='ltr'><strong>tnutaloriis</strong></span> <span class='ocrx_word' id='word_1_41' title='bbox 3112 561 3398 612; x_wconf 52' lang='lat' dir='ltr'><strong>conﬁdent</strong></span> 
     </span>
    </p>
   </div>
   <div class='ocr_carea' id='block_1_8' title="bbox 134 647 3407 729">
    <p class='ocr_par' dir='ltr' id='par_1_8' title="bbox 134 647 3407 729">
     <span class='ocr_line' id='line_1_8' title="bbox 134 647 3407 729; baseline -0.002 -16"><span class='ocrx_word' id='word_1_42' title='bbox 134 662 186 713; x_wconf 83' lang='grc' dir='ltr'><strong>δὲ</strong></span> <span class='ocrx_word' id='word_1_43' title='bbox 221 658 700 729; x_wconf 76' lang='grc' dir='ltr'>πριυτοσπαῦἀριοι</span> <span class='ocrx_word' id='word_1_44' title='bbox 748 657 840 707; x_wconf 76' lang='grc' dir='ltr'><strong>καὶ</strong></span> <span class='ocrx_word' id='word_1_45' title='bbox 890 655 937 706; x_wconf 79' lang='lat' dir='ltr'><strong>oi</strong></span> <span class='ocrx_word' id='word_1_46' title='bbox 987 654 1166 707; x_wconf 74' lang='grc' dir='ltr'>λοιποὶ</span> <span class='ocrx_word' id='word_1_47' title='bbox 1196 655 1475 724; x_wconf 81' lang='grc' dir='ltr'><strong>ἄρχοντες,</strong></span> <span class='ocrx_word' id='word_1_48' title='bbox 1517 647 1750 721; x_wconf 55' lang='grc' dir='ltr'><strong>ἕκαστος,</strong></span> <span class='ocrx_word' id='word_1_49' title='bbox 1799 657 1937 707; x_wconf 73' lang='grc' dir='ltr'><strong>κατὰ</strong></span> <span class='ocrx_word' id='word_1_50' title='bbox 1990 656 2050 707; x_wconf 83' lang='grc' dir='ltr'><strong>τὸ</strong></span> <span class='ocrx_word' id='word_1_51' title='bbox 2097 657 2226 708; x_wconf 79' lang='grc' dir='ltr'>ἴδιον</span> <span class='ocrx_word' id='word_1_52' title='bbox 2253 657 2488 723; x_wconf 79' lang='grc' dir='ltr'><strong>ἀξίωμα,</strong></span> <span class='ocrx_word' id='word_1_53' title='bbox 2536 655 2760 726; x_wconf 76' lang='grc' dir='ltr'>φοροῦσι</span> <span class='ocrx_word' id='word_1_54' title='bbox 2807 656 2902 706; x_wconf 66' lang='grc' dir='ltr'><strong>καὶ</strong></span> <span class='ocrx_word' id='word_1_55' title='bbox 2926 655 3022 717; x_wconf 71' lang='grc' dir='ltr'>τὰς</span> <span class='ocrx_word' id='word_1_56' title='bbox 3060 657 3267 719; x_wconf 72' lang='grc' dir='ltr'>στολὰς.</span> <span class='ocrx_word' id='word_1_57' title='bbox 3314 652 3407 707; x_wconf 73' lang='grc' dir='ltr'><strong>καὶ</strong></span> 
     </span>
    </p>
   </div>
   <div class='ocr_carea' id='block_1_9' title="bbox 137 747 1348 817">
    <p class='ocr_par' dir='ltr' id='par_1_9' title="bbox 137 747 1348 817">
     <span class='ocr_line' id='line_1_9' title="bbox 137 747 1348 817; baseline -0.002 -14"><span class='ocrx_word' id='word_1_58' title='bbox 137 751 453 812; x_wconf 77' lang='grc' dir='ltr'><strong>καθέζονται</strong></span> <span class='ocrx_word' id='word_1_59' title='bbox 484 750 542 800; x_wconf 75' lang='grc' dir='ltr'><strong>ὲν</strong></span> <span class='ocrx_word' id='word_1_60' title='bbox 573 747 649 816; x_wconf 85' lang='grc' dir='ltr'>τῷ</span> <span class='ocrx_word' id='word_1_61' title='bbox 679 749 964 817; x_wconf 80' lang='grc' dir='ltr'><strong>κλητωρίῳ</strong></span> <span class='ocrx_word' id='word_1_62' title='bbox 993 747 1162 815; x_wconf 77' lang='grc' dir='ltr'><strong>ἡλλαγ</strong></span> <span class='ocrx_word' id='word_1_63' title='bbox 1175 747 1348 816; x_wconf 78' lang='grc' dir='ltr'><strong>μένοι.</strong></span> 
     </span>
    </p>
   </div>
   <div class='ocr_carea' id='block_1_10' title="bbox 199 839 1704 910">
    <p class='ocr_par' dir='ltr' id='par_1_10' title="bbox 199 839 1704 910">
     <span class='ocr_line' id='line_1_10' title="bbox 199 839 1704 910; baseline 0 -18"><span class='ocrx_word' id='word_1_64' title='bbox 199 839 272 894; x_wconf 84' lang='lat' dir='ltr'><strong>B&#39;.</strong></span> <span class='ocrx_word' id='word_1_65' title='bbox 311 841 420 893; x_wconf 75' lang='grc' dir='ltr'><strong>Καὶ</strong></span> <span class='ocrx_word' id='word_1_66' title='bbox 451 841 670 893; x_wconf 78' lang='grc' dir='ltr'><strong>πάντων</strong></span> <span class='ocrx_word' id='word_1_67' title='bbox 693 839 1067 892; x_wconf 70' lang='grc' dir='ltr'><strong>καθεσθέντων</strong></span> <span class='ocrx_word' id='word_1_68' title='bbox 1128 839 1236 890; x_wconf 82' lang='grc' dir='ltr'>τῶν</span> <span class='ocrx_word' id='word_1_69' title='bbox 1290 842 1704 910; x_wconf 78' lang='grc' dir='ltr'><strong>προειρημένων</strong></span> 
     </span>
    </p>
   </div>
   <div class='ocr_carea' id='block_1_11' title="bbox 136 931 1706 1002">
    <p class='ocr_par' dir='ltr' id='par_1_11' title="bbox 136 931 1706 1002">
     <span class='ocr_line' id='line_1_11' title="bbox 136 931 1706 1002; baseline 0.001 -18"><span class='ocrx_word' id='word_1_70' title='bbox 136 935 410 1002; x_wconf 72' lang='grc' dir='ltr'><strong>ἀρχόντων</strong></span> <span class='ocrx_word' id='word_1_71' title='bbox 465 934 523 984; x_wconf 84' lang='grc' dir='ltr'><strong>ὲν</strong></span> <span class='ocrx_word' id='word_1_72' title='bbox 558 932 636 1000; x_wconf 85' lang='grc' dir='ltr'>τῷ</span> <span class='ocrx_word' id='word_1_73' title='bbox 687 932 996 1002; x_wconf 79' lang='grc' dir='ltr'><strong>κλητωρίῳ,</strong></span> <span class='ocrx_word' id='word_1_74' title='bbox 1029 931 1308 1002; x_wconf 82' lang='grc' dir='ltr'><strong>δη).οποιεῖ</strong></span> <span class='ocrx_word' id='word_1_75' title='bbox 1366 934 1393 985; x_wconf 86' lang='grc' dir='ltr'>ὁ</span> <span class='ocrx_word' id='word_1_76' title='bbox 1452 933 1706 1002; x_wconf 75' lang='grc' dir='ltr'>βασιλεὺς</span> 
     </span>
    </p>
   </div>
   <div class='ocr_carea' id='block_1_12' title="bbox 134 1023 1706 1094">
    <p class='ocr_par' dir='ltr' id='par_1_12' title="bbox 134 1023 1706 1094">
     <span class='ocr_line' id='line_1_12' title="bbox 134 1023 1706 1094; baseline 0 -17"><span class='ocrx_word' id='word_1_77' title='bbox 134 1027 238 1087; x_wconf 70' lang='grc' dir='ltr'>τοῖς</span> <span class='ocrx_word' id='word_1_78' title='bbox 259 1023 576 1094; x_wconf 68' lang='grc' dir='ltr'><strong>πατρικίοις</strong></span> <span class='ocrx_word' id='word_1_79' title='bbox 605 1023 695 1076; x_wconf 79' lang='grc' dir='ltr'>διὰ</span> <span class='ocrx_word' id='word_1_80' title='bbox 724 1023 820 1076; x_wconf 79' lang='grc' dir='ltr'>τοῦ</span> <span class='ocrx_word' id='word_1_81' title='bbox 855 1024 952 1092; x_wconf 79' lang='grc' dir='ltr'><strong>τῆς</strong></span> <span class='ocrx_word' id='word_1_82' title='bbox 978 1024 1279 1093; x_wconf 72' lang='grc' dir='ltr'><strong>τραπέζης,</strong></span> <span class='ocrx_word' id='word_1_83' title='bbox 1307 1023 1382 1086; x_wconf 82' lang='grc' dir='ltr'>ὡς</span> <span class='ocrx_word' id='word_1_84' title='bbox 1406 1025 1486 1076; x_wconf 79' lang='grc' dir='ltr'>ὃτι</span> <span class='ocrx_word' id='word_1_85' title='bbox 1525 1044 1541 1073; x_wconf 87' lang='grc' dir='ltr'><strong>ι</strong></span> <span class='ocrx_word' id='word_1_86' title='bbox 1586 1025 1706 1077; x_wconf 86' lang='grc' dir='ltr'><strong>Ἐκ-</strong></span> 
     </span>
    </p>
   </div>
   <div class='ocr_carea' id='block_1_13' title="bbox 133 1115 1712 1185">
    <p class='ocr_par' dir='ltr' id='par_1_13' title="bbox 133 1115 1712 1185">
     <span class='ocr_line' id='line_1_13' title="bbox 133 1115 1712 1185; baseline 0.001 -18"><span class='ocrx_word' id='word_1_87' title='bbox 133 1116 356 1168; x_wconf 74' lang='grc' dir='ltr'><strong>ϐαλλετε</strong></span> <span class='ocrx_word' id='word_1_88' title='bbox 399 1119 466 1168; x_wconf 79' lang='grc' dir='ltr'>τὰ</span> <span class='ocrx_word' id='word_1_89' title='bbox 495 1115 737 1185; x_wconf 80' lang='grc' dir='ltr'><strong>χλανίδια</strong></span> <span class='ocrx_word' id='word_1_90' title='bbox 761 1115 936 1183; x_wconf 82' lang='grc' dir='ltr'><strong>ὑμῶν,</strong></span> <span class='ocrx_word' id='word_1_91' title='bbox 973 1134 990 1166; x_wconf 84' lang='grc' dir='ltr'><strong>ι</strong></span> <span class='ocrx_word' id='word_1_92' title='bbox 1026 1116 1118 1167; x_wconf 75' lang='grc' dir='ltr'><strong>καὶ</strong></span> <span class='ocrx_word' id='word_1_93' title='bbox 1153 1117 1487 1178; x_wconf 78' lang='grc' dir='ltr'><strong>ἀναστάντες</strong></span> <span class='ocrx_word' id='word_1_94' title='bbox 1523 1118 1570 1169; x_wconf 85' lang='grc' dir='ltr'>οἱ</span> <span class='ocrx_word' id='word_1_95' title='bbox 1608 1134 1712 1169; x_wconf 77' lang='grc' dir='ltr'><strong>παο</strong></span> 
     </span>
    </p>
   </div>
   <div class='ocr_carea' id='block_1_14' title="bbox 132 1206 1705 1277">
    <p class='ocr_par' dir='ltr' id='par_1_14' title="bbox 132 1206 1705 1277">
     <span class='ocr_line' id='line_1_14' title="bbox 132 1206 1705 1277; baseline 0 -17"><span class='ocrx_word' id='word_1_96' title='bbox 132 1209 332 1273; x_wconf 81' lang='grc' dir='ltr'>τρεκιοι</span> <span class='ocrx_word' id='word_1_97' title='bbox 375 1209 469 1259; x_wconf 78' lang='grc' dir='ltr'><strong>καὶ</strong></span> <span class='ocrx_word' id='word_1_98' title='bbox 497 1209 547 1259; x_wconf 78' lang='lat' dir='ltr'><strong>oi</strong></span> <span class='ocrx_word' id='word_1_99' title='bbox 583 1210 880 1277; x_wconf 73' lang='grc' dir='ltr'>στρατηγοὶ</span> <span class='ocrx_word' id='word_1_100' title='bbox 919 1206 1314 1276; x_wconf 82' lang='grc' dir='ltr'><strong>ὑπερεύχονται</strong></span> <span class='ocrx_word' id='word_1_101' title='bbox 1343 1207 1434 1259; x_wconf 81' lang='grc' dir='ltr'>τὸν</span> <span class='ocrx_word' id='word_1_102' title='bbox 1460 1207 1705 1277; x_wconf 66' lang='grc' dir='ltr'><strong>βασιλέα,</strong></span> 
     </span>
    </p>
   </div>
   <div class='ocr_carea' id='block_1_15' title="bbox 134 1298 1711 1369">
    <p class='ocr_par' dir='ltr' id='par_1_15' title="bbox 134 1298 1711 1369">
     <span class='ocr_line' id='line_1_15' title="bbox 134 1298 1711 1369; baseline -0.001 -15"><span class='ocrx_word' id='word_1_103' title='bbox 134 1305 224 1354; x_wconf 73' lang='grc' dir='ltr'><strong>καὶ</strong></span> <span class='ocrx_word' id='word_1_104' title='bbox 282 1301 725 1366; x_wconf 59' lang='grc' dir='ltr'>ἀπαλλάσσουσιν</span> <span class='ocrx_word' id='word_1_105' title='bbox 759 1301 806 1351; x_wconf 75' lang='grc' dir='ltr'>οἱ</span> <span class='ocrx_word' id='word_1_106' title='bbox 858 1298 956 1367; x_wconf 77' lang='grc' dir='ltr'><strong>μὲν</strong></span> <span class='ocrx_word' id='word_1_107' title='bbox 1007 1300 1284 1369; x_wconf 80' lang='grc' dir='ltr'>πατρίκιοι</span> <span class='ocrx_word' id='word_1_108' title='bbox 1342 1299 1410 1351; x_wconf 81' lang='grc' dir='ltr'>τὰ</span> <span class='ocrx_word' id='word_1_109' title='bbox 1465 1299 1711 1368; x_wconf 74' lang='grc' dir='ltr'><strong>χλανίδια</strong></span> 
     </span>
    </p>
   </div>
   <div class='ocr_carea' id='block_1_16' title="bbox 132 1389 1711 1460">
    <p class='ocr_par' dir='ltr' id='par_1_16' title="bbox 132 1389 1711 1460">
     <span class='ocr_line' id='line_1_16' title="bbox 132 1389 1711 1460; baseline 0 -15"><span class='ocrx_word' id='word_1_110' title='bbox 132 1393 341 1454; x_wconf 76' lang='grc' dir='ltr'><strong>αὐτῶν,</strong></span> <span class='ocrx_word' id='word_1_111' title='bbox 372 1393 422 1444; x_wconf 79' lang='grc' dir='ltr'>οἱ</span> <span class='ocrx_word' id='word_1_112' title='bbox 458 1391 515 1444; x_wconf 78' lang='grc' dir='ltr'><strong>δὲ</strong></span> <span class='ocrx_word' id='word_1_113' title='bbox 569 1391 868 1460; x_wconf 78' lang='grc' dir='ltr'>στρατηγοὶ</span> <span class='ocrx_word' id='word_1_114' title='bbox 895 1389 964 1442; x_wconf 78' lang='grc' dir='ltr'>τὰ</span> <span class='ocrx_word' id='word_1_115' title='bbox 1001 1391 1165 1456; x_wconf 85' lang='grc' dir='ltr'><strong>σαγία</strong></span> <span class='ocrx_word' id='word_1_116' title='bbox 1219 1391 1420 1454; x_wconf 75' lang='grc' dir='ltr'><strong>αὐτῶν,</strong></span> <span class='ocrx_word' id='word_1_117' title='bbox 1455 1393 1711 1459; x_wconf 82' lang='grc' dir='ltr'><strong>ἀπολαμ-</strong></span> 
     </span>
    </p>
   </div>
   <div class='ocr_carea' id='block_1_17' title="bbox 132 1477 1707 1549">
    <p class='ocr_par' dir='ltr' id='par_1_17' title="bbox 132 1477 1707 1549">
     <span class='ocr_line' id='line_1_17' title="bbox 132 1477 1707 1549; baseline -0.003 -14"><span class='ocrx_word' id='word_1_118' title='bbox 132 1485 358 1536; x_wconf 75' lang='grc' dir='ltr'>ϐάνουσι</span> <span class='ocrx_word' id='word_1_119' title='bbox 393 1481 448 1534; x_wconf 80' lang='grc' dir='ltr'><strong>δὲ</strong></span> <span class='ocrx_word' id='word_1_120' title='bbox 475 1480 574 1542; x_wconf 79' lang='grc' dir='ltr'><strong>τὰς</strong></span> <span class='ocrx_word' id='word_1_121' title='bbox 603 1478 783 1532; x_wconf 78' lang='grc' dir='ltr'><strong>αὐτῶν</strong></span> <span class='ocrx_word' id='word_1_122' title='bbox 810 1479 1001 1541; x_wconf 81' lang='grc' dir='ltr'>στολὰς</span> <span class='ocrx_word' id='word_1_123' title='bbox 1044 1479 1403 1549; x_wconf 80' lang='grc' dir='ltr'>ὲγγιστιὰριοι</span> <span class='ocrx_word' id='word_1_124' title='bbox 1437 1477 1707 1547; x_wconf 77' lang='grc' dir='ltr'>βασιλικοὶ</span> 
     </span>
    </p>
   </div>
   <div class='ocr_carea' id='block_1_18' title="bbox 130 1570 1707 1644">
    <p class='ocr_par' dir='ltr' id='par_1_18' title="bbox 130 1570 1707 1644">
     <span class='ocr_line' id='line_1_18' title="bbox 130 1570 1707 1644; baseline -0.004 -16"><span class='ocrx_word' id='word_1_125' title='bbox 130 1577 179 1628; x_wconf 77' lang='lat' dir='ltr'><strong>ot</strong></span> <span class='ocrx_word' id='word_1_126' title='bbox 201 1574 610 1644; x_wconf 75' lang='grc' dir='ltr'>παριστάμινοι</span> <span class='ocrx_word' id='word_1_127' title='bbox 641 1573 698 1624; x_wconf 76' lang='grc' dir='ltr'><strong>ἐν</strong></span> <span class='ocrx_word' id='word_1_128' title='bbox 723 1575 790 1641; x_wconf 85' lang='grc' dir='ltr'>τῇ</span> <span class='ocrx_word' id='word_1_129' title='bbox 821 1571 972 1625; x_wconf 79' lang='grc' dir='ltr'>κάτω</span> <span class='ocrx_word' id='word_1_130' title='bbox 999 1571 1270 1640; x_wconf 73' lang='grc' dir='ltr'><strong>τραπέζῃ,</strong></span> <span class='ocrx_word' id='word_1_131' title='bbox 1290 1570 1382 1622; x_wconf 71' lang='grc' dir='ltr'><strong>καὶ</strong></span> <span class='ocrx_word' id='word_1_132' title='bbox 1414 1570 1707 1622; x_wconf 79' lang='grc' dir='ltr'>ὲπιδιδοῦσι</span> 
     </span>
    </p>
   </div>
   <div class='ocr_carea' id='block_1_19' title="bbox 133 1661 1711 1733">
    <p class='ocr_par' dir='ltr' id='par_1_19' title="bbox 133 1661 1711 1733">
     <span class='ocr_line' id='line_1_19' title="bbox 133 1661 1711 1733; baseline -0.002 -15"><span class='ocrx_word' id='word_1_133' title='bbox 133 1667 274 1718; x_wconf 69' lang='grc' dir='ltr'>αὐτὰ</span> <span class='ocrx_word' id='word_1_134' title='bbox 301 1669 417 1727; x_wconf 80' lang='grc' dir='ltr'>τοῖς</span> <span class='ocrx_word' id='word_1_135' title='bbox 451 1666 742 1733; x_wconf 84' lang='grc' dir='ltr'>ὑπουργοῖς</span> <span class='ocrx_word' id='word_1_136' title='bbox 775 1662 955 1715; x_wconf 79' lang='grc' dir='ltr'><strong>αὐτῶν</strong></span> <span class='ocrx_word' id='word_1_137' title='bbox 985 1664 1063 1725; x_wconf 80' lang='grc' dir='ltr'><strong>εἰς</strong></span> <span class='ocrx_word' id='word_1_138' title='bbox 1098 1663 1165 1715; x_wconf 81' lang='grc' dir='ltr'><strong>τὰ</strong></span> <span class='ocrx_word' id='word_1_139' title='bbox 1197 1662 1389 1716; x_wconf 80' lang='grc' dir='ltr'>σκύλα.</span> <span class='ocrx_word' id='word_1_140' title='bbox 1419 1663 1482 1714; x_wconf 84' lang='grc' dir='ltr'><strong>Οἱ</strong></span> <span class='ocrx_word' id='word_1_141' title='bbox 1522 1661 1577 1714; x_wconf 82' lang='grc' dir='ltr'><strong>δὲ</strong></span> <span class='ocrx_word' id='word_1_142' title='bbox 1611 1663 1711 1728; x_wconf 75' lang='grc' dir='ltr'><strong>ἄρ-</strong></span> 
     </span>
    </p>
   </div>
   <div class='ocr_carea' id='block_1_20' title="bbox 133 1753 1710 1824">
    <p class='ocr_par' dir='ltr' id='par_1_20' title="bbox 133 1753 1710 1824">
     <span class='ocr_line' id='line_1_20' title="bbox 133 1753 1710 1824; baseline -0.003 -15"><span class='ocrx_word' id='word_1_143' title='bbox 133 1775 322 1824; x_wconf 72' lang='grc' dir='ltr'>χοντες</span> <span class='ocrx_word' id='word_1_144' title='bbox 354 1757 447 1809; x_wconf 73' lang='grc' dir='ltr'>τοῦ</span> <span class='ocrx_word' id='word_1_145' title='bbox 485 1754 863 1810; x_wconf 77' lang='grc' dir='ltr'>κουϐουκλείου</span> <span class='ocrx_word' id='word_1_146' title='bbox 895 1755 1224 1824; x_wconf 78' lang='grc' dir='ltr'><strong>ἡλλαγμένοι</strong></span> <span class='ocrx_word' id='word_1_147' title='bbox 1254 1754 1403 1815; x_wconf 77' lang='grc' dir='ltr'>ὄντες</span> <span class='ocrx_word' id='word_1_148' title='bbox 1432 1753 1710 1806; x_wconf 68' lang='grc' dir='ltr'>ἐκτελοῦσι.</span> 
     </span>
    </p>
   </div>
   <div class='ocr_carea' id='block_1_21' title="bbox 1904 836 3408 903">
    <p class='ocr_par' dir='ltr' id='par_1_21' title="bbox 1904 836 3408 903">
     <span class='ocr_line' id='line_1_21' title="bbox 1904 836 3408 903; baseline -0.003 -14"><span class='ocrx_word' id='word_1_149' title='bbox 1904 837 1968 889; x_wconf 89' lang='grc' dir='ltr'><strong>ΙΙ.</strong></span> <span class='ocrx_word' id='word_1_150' title='bbox 2029 836 2291 890; x_wconf 86' lang='lat' dir='ltr'><strong>Omnibus</strong></span> <span class='ocrx_word' id='word_1_151' title='bbox 2382 848 2559 887; x_wconf 88' lang='lat' dir='ltr'><strong>autem</strong></span> <span class='ocrx_word' id='word_1_152' title='bbox 2634 836 2791 889; x_wconf 88' lang='lat' dir='ltr'><strong>dictis</strong></span> <span class='ocrx_word' id='word_1_153' title='bbox 2878 836 3193 903; x_wconf 78' lang='lat' dir='ltr'><strong>proceribus</strong></span> <span class='ocrx_word' id='word_1_154' title='bbox 3269 837 3408 889; x_wconf 80' lang='lat' dir='ltr'><strong>assi-</strong></span> 
     </span>
    </p>
   </div>
   <div class='ocr_carea' id='block_1_22' title="bbox 1815 927 3404 997">
    <p class='ocr_par' dir='ltr' id='par_1_22' title="bbox 1815 927 3404 997">
     <span class='ocr_line' id='line_1_22' title="bbox 1815 927 3404 997; baseline -0.002 -14"><span class='ocrx_word' id='word_1_155' title='bbox 1815 930 2085 988; x_wconf 77' lang='lat' dir='ltr'><strong>dentibus,</strong></span> <span class='ocrx_word' id='word_1_156' title='bbox 2142 945 2235 996; x_wconf 87' lang='lat' dir='ltr'><strong>per</strong></span> <span class='ocrx_word' id='word_1_157' title='bbox 2289 943 2486 981; x_wconf 67' lang='lat' dir='ltr'><strong>mensae</strong></span> <span class='ocrx_word' id='word_1_158' title='bbox 2531 929 2845 996; x_wconf 69' lang='lat' dir='ltr'><strong>praeit-ctum</strong></span> <span class='ocrx_word' id='word_1_159' title='bbox 2900 927 3194 997; x_wconf 71' lang='lat' dir='ltr'><strong>imperamr</strong></span> <span class='ocrx_word' id='word_1_160' title='bbox 3239 931 3404 994; x_wconf 89' lang='lat' dir='ltr'><strong>patri-</strong></span> 
     </span>
    </p>
   </div>
   <div class='ocr_carea' id='block_1_23' title="bbox 1815 1021 3407 1085">
    <p class='ocr_par' dir='ltr' id='par_1_23' title="bbox 1815 1021 3407 1085">
     <span class='ocr_line' id='line_1_23' title="bbox 1815 1021 3407 1085; baseline -0.002 -12"><span class='ocrx_word' id='word_1_161' title='bbox 1815 1021 1915 1073; x_wconf 84' lang='lat' dir='ltr'><strong>ciis</strong></span> <span class='ocrx_word' id='word_1_162' title='bbox 1976 1021 2161 1078; x_wconf 81' lang='lat' dir='ltr'><strong>edicit.</strong></span> <span class='ocrx_word' id='word_1_163' title='bbox 2221 1028 2399 1071; x_wconf 86' lang='lat' dir='ltr'><strong>vestes</strong></span> <span class='ocrx_word' id='word_1_164' title='bbox 2465 1033 2591 1070; x_wconf 90' lang='lat' dir='ltr'><strong>suas</strong></span> <span class='ocrx_word' id='word_1_165' title='bbox 2654 1021 2946 1084; x_wconf 85' lang='lat' dir='ltr'><strong>deponant,</strong></span> <span class='ocrx_word' id='word_1_166' title='bbox 3019 1027 3407 1085; x_wconf 74' lang='lat' dir='ltr'><strong>surgentesque</strong></span> 
     </span>
    </p>
   </div>
   <div class='ocr_carea' id='block_1_24' title="bbox 1813 1109 3402 1179">
    <p class='ocr_par' dir='ltr' id='par_1_24' title="bbox 1813 1109 3402 1179">
     <span class='ocr_line' id='line_1_24' title="bbox 1813 1109 3402 1179; baseline -0.001 -19"><span class='ocrx_word' id='word_1_167' title='bbox 1813 1112 2024 1178; x_wconf 77' lang='lat' dir='ltr'><strong>patrii-ii</strong></span> <span class='ocrx_word' id='word_1_168' title='bbox 2083 1121 2136 1165; x_wconf 89' lang='lat' dir='ltr'><strong>et</strong></span> <span class='ocrx_word' id='word_1_169' title='bbox 2202 1111 2424 1179; x_wconf 75' lang='lat' dir='ltr'><strong>strati-gi</strong></span> <span class='ocrx_word' id='word_1_170' title='bbox 2493 1109 2669 1162; x_wconf 78' lang='lat' dir='ltr'><strong>fausta</strong></span> <span class='ocrx_word' id='word_1_171' title='bbox 2726 1109 3037 1176; x_wconf 76' lang='lat' dir='ltr'><strong>imperatori</strong></span> <span class='ocrx_word' id='word_1_172' title='bbox 3087 1118 3402 1176; x_wconf 81' lang='lat' dir='ltr'><strong>precantur,</strong></span> 
     </span>
    </p>
   </div>
   <div class='ocr_carea' id='block_1_25' title="bbox 1818 1203 3400 1270">
    <p class='ocr_par' dir='ltr' id='par_1_25' title="bbox 1818 1203 3400 1270">
     <span class='ocr_line' id='line_1_25' title="bbox 1818 1203 3400 1270; baseline 0.001 -20"><span class='ocrx_word' id='word_1_173' title='bbox 1818 1211 2143 1270; x_wconf 89' lang='lat' dir='ltr'><strong>mutantque</strong></span> <span class='ocrx_word' id='word_1_174' title='bbox 2170 1203 2383 1268; x_wconf 85' lang='lat' dir='ltr'><strong>patricii</strong></span> <span class='ocrx_word' id='word_1_175' title='bbox 2420 1204 2650 1267; x_wconf 75' lang='lat' dir='ltr'><strong>tunicas,</strong></span> <span class='ocrx_word' id='word_1_176' title='bbox 2697 1205 2919 1270; x_wconf 70' lang='lat' dir='ltr'><strong>Strategi</strong></span> <span class='ocrx_word' id='word_1_177' title='bbox 2976 1219 3126 1270; x_wconf 80' lang='lat' dir='ltr'><strong>saga.</strong></span> <span class='ocrx_word' id='word_1_178' title='bbox 3169 1217 3400 1269; x_wconf 86' lang='lat' dir='ltr'><strong>quorum</strong></span> 
     </span>
    </p>
   </div>
   <div class='ocr_carea' id='block_1_26' title="bbox 1814 1294 3406 1363">
    <p class='ocr_par' dir='ltr' id='par_1_26' title="bbox 1814 1294 3406 1363">
     <span class='ocr_line' id='line_1_26' title="bbox 1814 1294 3406 1363; baseline 0 -20"><span class='ocrx_word' id='word_1_179' title='bbox 1814 1306 1994 1347; x_wconf 83' lang='lat' dir='ltr'><strong>veStes</strong></span> <span class='ocrx_word' id='word_1_180' title='bbox 2029 1296 2374 1362; x_wconf 87' lang='lat' dir='ltr'><strong>imperatoris</strong></span> <span class='ocrx_word' id='word_1_181' title='bbox 2406 1297 2766 1363; x_wconf 80' lang='lat' dir='ltr'><strong>apparitores,</strong></span> <span class='ocrx_word' id='word_1_182' title='bbox 2809 1296 2861 1348; x_wconf 83' lang='lat' dir='ltr'><strong>iit</strong></span> <span class='ocrx_word' id='word_1_183' title='bbox 2911 1294 3154 1346; x_wconf 81' lang='lat' dir='ltr'><strong>inferiori</strong></span> <span class='ocrx_word' id='word_1_184' title='bbox 3207 1309 3406 1346; x_wconf 61' lang='lat' dir='ltr'><strong>mensa!</strong></span> 
     </span>
    </p>
   </div>
   <div class='ocr_carea' id='block_1_27' title="bbox 1813 1386 3404 1454">
    <p class='ocr_par' dir='ltr' id='par_1_27' title="bbox 1813 1386 3404 1454">
     <span class='ocr_line' id='line_1_27' title="bbox 1813 1386 3404 1454; baseline -0.001 -17"><span class='ocrx_word' id='word_1_185' title='bbox 1813 1397 2080 1444; x_wconf 78' lang='lat' dir='ltr'><strong>astantes.</strong></span> <span class='ocrx_word' id='word_1_186' title='bbox 2117 1396 2361 1446; x_wconf 87' lang='lat' dir='ltr'><strong>sumunt,</strong></span> <span class='ocrx_word' id='word_1_187' title='bbox 2399 1397 2453 1438; x_wconf 89' lang='lat' dir='ltr'><strong>et</strong></span> <span class='ocrx_word' id='word_1_188' title='bbox 2493 1401 2678 1439; x_wconf 90' lang='lat' dir='ltr'><strong>eormn</strong></span> <span class='ocrx_word' id='word_1_189' title='bbox 2713 1387 2928 1441; x_wconf 82' lang='lat' dir='ltr'><strong>famulis</strong></span> <span class='ocrx_word' id='word_1_190' title='bbox 2983 1387 3032 1439; x_wconf 88' lang='lat' dir='ltr'><strong>itt</strong></span> <span class='ocrx_word' id='word_1_191' title='bbox 3066 1386 3228 1454; x_wconf 78' lang='lat' dir='ltr'><strong>scyiis</strong></span> <span class='ocrx_word' id='word_1_192' title='bbox 3258 1395 3404 1436; x_wconf 86' lang='lat' dir='ltr'><strong>stan-</strong></span> 
     </span>
    </p>
   </div>
   <div class='ocr_carea' id='block_1_28' title="bbox 1815 1478 3404 1549">
    <p class='ocr_par' dir='ltr' id='par_1_28' title="bbox 1815 1478 3404 1549">
     <span class='ocr_line' id='line_1_28' title="bbox 1815 1478 3404 1549; baseline 0 -20"><span class='ocrx_word' id='word_1_193' title='bbox 1815 1478 1954 1530; x_wconf 87' lang='lat' dir='ltr'><strong>tibus</strong></span> <span class='ocrx_word' id='word_1_194' title='bbox 1997 1481 2239 1530; x_wconf 86' lang='lat' dir='ltr'><strong>tradunt.</strong></span> <span class='ocrx_word' id='word_1_195' title='bbox 2275 1480 2340 1530; x_wconf 74' lang='lat' dir='ltr'><strong>At</strong></span> <span class='ocrx_word' id='word_1_196' title='bbox 2371 1481 2623 1532; x_wconf 82' lang='lat' dir='ltr'><strong>cubiculo</strong></span> <span class='ocrx_word' id='word_1_197' title='bbox 2673 1480 2935 1549; x_wconf 68' lang='lat' dir='ltr'><strong>praefecti,</strong></span> <span class='ocrx_word' id='word_1_198' title='bbox 2968 1489 3171 1533; x_wconf 84' lang='lat' dir='ltr'><strong>mutata</strong></span> <span class='ocrx_word' id='word_1_199' title='bbox 3235 1486 3404 1541; x_wconf 86' lang='lat' dir='ltr'><strong>veste,</strong></span> 
     </span>
    </p>
   </div>
   <div class='ocr_carea' id='block_1_29' title="bbox 1815 1570 3405 1637">
    <p class='ocr_par' dir='ltr' id='par_1_29' title="bbox 1815 1570 3405 1637">
     <span class='ocr_line' id='line_1_29' title="bbox 1815 1570 3405 1637; baseline -0.001 -17"><span class='ocrx_word' id='word_1_200' title='bbox 1815 1571 2081 1637; x_wconf 86' lang='lat' dir='ltr'><strong>duplicent</strong></span> <span class='ocrx_word' id='word_1_201' title='bbox 2122 1570 2328 1622; x_wconf 72' lang='lat' dir='ltr'><strong>faciunt</strong></span> <span class='ocrx_word' id='word_1_202' title='bbox 2373 1590 2705 1634; x_wconf 70' lang='lat' dir='ltr'><strong>consessum,</strong></span> <span class='ocrx_word' id='word_1_203' title='bbox 2755 1576 2797 1626; x_wconf 93' lang='lat' dir='ltr'><strong>si</strong></span> <span class='ocrx_word' id='word_1_204' title='bbox 2840 1573 3114 1627; x_wconf 84' lang='lat' dir='ltr'><strong>Dominica</strong></span> <span class='ocrx_word' id='word_1_205' title='bbox 3156 1571 3244 1623; x_wconf 91' lang='lat' dir='ltr'><strong>dic</strong></span> <span class='ocrx_word' id='word_1_206' title='bbox 3272 1585 3405 1622; x_wconf 81' lang='lat' dir='ltr'><strong>cuu-</strong></span> 
     </span>
    </p>
   </div>
   <div class='ocr_carea' id='block_1_30' title="bbox 1818 1661 3405 1731">
    <p class='ocr_par' dir='ltr' id='par_1_30' title="bbox 1818 1661 3405 1731">
     <span class='ocr_line' id='line_1_30' title="bbox 1818 1661 3405 1731; baseline -0.001 -17"><span class='ocrx_word' id='word_1_207' title='bbox 1818 1661 2004 1730; x_wconf 80' lang='lat' dir='ltr'><strong>tingit:</strong></span> <span class='ocrx_word' id='word_1_208' title='bbox 2042 1677 2145 1714; x_wconf 90' lang='lat' dir='ltr'><strong>non</strong></span> <span class='ocrx_word' id='word_1_209' title='bbox 2172 1664 2318 1716; x_wconf 86' lang='lat' dir='ltr'><strong>enim</strong></span> <span class='ocrx_word' id='word_1_210' title='bbox 2359 1679 2423 1716; x_wconf 88' lang='lat' dir='ltr'><strong>eo</strong></span> <span class='ocrx_word' id='word_1_211' title='bbox 2452 1665 2534 1716; x_wconf 82' lang='lat' dir='ltr'><strong>die</strong></span> <span class='ocrx_word' id='word_1_212' title='bbox 2567 1666 2841 1731; x_wconf 79' lang='lat' dir='ltr'><strong>susceptio</strong></span> <span class='ocrx_word' id='word_1_213' title='bbox 2882 1662 3121 1717; x_wconf 88' lang='lat' dir='ltr'><strong>solennis</strong></span> <span class='ocrx_word' id='word_1_214' title='bbox 3174 1663 3405 1730; x_wconf 76' lang='lat' dir='ltr'><strong>impera-</strong></span> 
     </span>
    </p>
   </div>
   <div class='ocr_carea' id='block_1_31' title="bbox 1819 1755 3229 1825">
    <p class='ocr_par' dir='ltr' id='par_1_31' title="bbox 1819 1755 3229 1825">
     <span class='ocr_line' id='line_1_31' title="bbox 1819 1755 3229 1825; baseline 0.001 -19"><span class='ocrx_word' id='word_1_215' title='bbox 1819 1757 1952 1808; x_wconf 90' lang='lat' dir='ltr'><strong>toris</strong></span> <span class='ocrx_word' id='word_1_216' title='bbox 1998 1755 2076 1816; x_wconf 86' lang='lat' dir='ltr'><strong>lit,</strong></span> <span class='ocrx_word' id='word_1_217' title='bbox 2122 1766 2175 1808; x_wconf 89' lang='lat' dir='ltr'><strong>et</strong></span> <span class='ocrx_word' id='word_1_218' title='bbox 2206 1768 2490 1825; x_wconf 86' lang='lat' dir='ltr'><strong>propterea</strong></span> <span class='ocrx_word' id='word_1_219' title='bbox 2533 1758 2711 1810; x_wconf 84' lang='lat' dir='ltr'><strong>omnis</strong></span> <span class='ocrx_word' id='word_1_220' title='bbox 2759 1769 2984 1812; x_wconf 86' lang='lat' dir='ltr'><strong>senatus</strong></span> <span class='ocrx_word' id='word_1_221' title='bbox 3036 1766 3229 1810; x_wconf 89' lang='lat' dir='ltr'><strong>mutat.</strong></span> 
     </span>
    </p>
   </div>
   <div class='ocr_carea' id='block_1_32' title="bbox 130 1841 3406 1922">
    <p class='ocr_par' dir='ltr' id='par_1_32' title="bbox 130 1841 3406 1922">
     <span class='ocr_line' id='line_1_32' title="bbox 130 1841 3406 1922; baseline -0.001 -19"><span class='ocrx_word' id='word_1_222' title='bbox 130 1853 358 1904; x_wconf 71' lang='grc' dir='ltr'><strong>διπλοῦν</strong></span> <span class='ocrx_word' id='word_1_223' title='bbox 390 1848 825 1920; x_wconf 81' lang='grc' dir='ltr'>παραστάσιμον,</span> <span class='ocrx_word' id='word_1_224' title='bbox 861 1849 908 1900; x_wconf 74' lang='grc' dir='ltr'><strong>εἰ</strong></span> <span class='ocrx_word' id='word_1_225' title='bbox 955 1847 1094 1919; x_wconf 77' lang='grc' dir='ltr'>τύχῃ</span> <span class='ocrx_word' id='word_1_226' title='bbox 1134 1849 1192 1900; x_wconf 84' lang='grc' dir='ltr'><strong>ὲν</strong></span> <span class='ocrx_word' id='word_1_227' title='bbox 1231 1847 1516 1914; x_wconf 73' lang='grc' dir='ltr'><strong>Κυριακῆς</strong></span> <span class='ocrx_word' id='word_1_228' title='bbox 1548 1845 1659 1915; x_wconf 74' lang='lat'><strong>(38)</strong></span> <span class='ocrx_word' id='word_1_229' title='bbox 1685 1859 1697 1873; x_wconf 86' lang='lat'><strong>&#39;</strong></span> <span class='ocrx_word' id='word_1_230' title='bbox 1727 1845 1788 1899; x_wconf 85' lang='grc' dir='ltr'><strong>οὐ</strong></span> <span class='ocrx_word' id='word_1_231' title='bbox 1824 1847 1933 1915; x_wconf 68' lang='grc' dir='ltr'>γὰρ</span> <span class='ocrx_word' id='word_1_232' title='bbox 1981 1847 2255 1918; x_wconf 72' lang='grc' dir='ltr'><strong>ἐνδέχεται</strong></span> <span class='ocrx_word' id='word_1_233' title='bbox 2313 1850 2489 1922; x_wconf 68' lang='grc' dir='ltr'>ταύτῃ</span> <span class='ocrx_word' id='word_1_234' title='bbox 2522 1849 2706 1921; x_wconf 76' lang='grc' dir='ltr'><strong>ἡμέρᾳ</strong></span> <span class='ocrx_word' id='word_1_235' title='bbox 2749 1850 3001 1919; x_wconf 83' lang='grc' dir='ltr'><strong>γενέσθαι</strong></span> <span class='ocrx_word' id='word_1_236' title='bbox 3034 1847 3270 1920; x_wconf 73' lang='grc' dir='ltr'><strong>δέξιμον,</strong></span> <span class='ocrx_word' id='word_1_237' title='bbox 3313 1841 3406 1899; x_wconf 76' lang='grc' dir='ltr'><strong>καὶ</strong></span> 
     </span>
    </p>
   </div>
   <div class='ocr_carea' id='block_1_33' title="bbox 133 1944 1299 2014">
    <p class='ocr_par' dir='ltr' id='par_1_33' title="bbox 133 1944 1299 2014">
     <span class='ocr_line' id='line_1_33' title="bbox 133 1944 1299 2014; baseline 0 -17"><span class='ocrx_word' id='word_1_238' title='bbox 133 1946 218 1998; x_wconf 66' lang='grc' dir='ltr'><strong>διὰ</strong></span> <span class='ocrx_word' id='word_1_239' title='bbox 250 1946 412 1998; x_wconf 75' lang='grc' dir='ltr'>τοῦτο</span> <span class='ocrx_word' id='word_1_240' title='bbox 442 1944 696 1999; x_wconf 80' lang='grc' dir='ltr'><strong>ἀλλάσσει</strong></span> <span class='ocrx_word' id='word_1_241' title='bbox 729 1946 878 1998; x_wconf 80' lang='grc' dir='ltr'><strong>πᾶσα</strong></span> <span class='ocrx_word' id='word_1_242' title='bbox 906 1947 938 2014; x_wconf 87' lang='grc' dir='ltr'>ἠ</span> <span class='ocrx_word' id='word_1_243' title='bbox 976 1944 1299 2014; x_wconf 80' lang='grc' dir='ltr'><strong>σύγκλητος.</strong></span> 
     </span>
    </p>
   </div>
   <div class='ocr_carea' id='block_1_34' title="bbox 721 2041 1125 2096">
    <p class='ocr_par' dir='ltr' id='par_1_34' title="bbox 721 2041 1125 2096">
     <span class='ocr_line' id='line_1_34' title="bbox 721 2041 1125 2096; baseline 0 -3"><span class='ocrx_word' id='word_1_244' title='bbox 721 2043 757 2093; x_wconf 84' lang='lat' dir='ltr'><strong>K</strong></span> <span class='ocrx_word' id='word_1_245' title='bbox 773 2042 967 2096; x_wconf 76' lang='grc' dir='ltr'><strong>ΕΦΛΛ.</strong></span> <span class='ocrx_word' id='word_1_246' title='bbox 1009 2041 1125 2094; x_wconf 80' lang='lat' dir='ltr'><strong>EB’.</strong></span> 
     </span>
    </p>
   </div>
   <div class='ocr_carea' id='block_1_35' title="bbox 667 2133 1693 2206">
    <p class='ocr_par' dir='ltr' id='par_1_35' title="bbox 667 2133 1693 2206">
     <span class='ocr_line' id='line_1_35' title="bbox 667 2133 1693 2206; baseline -0.008 -16"><span class='ocrx_word' id='word_1_247' title='bbox 667 2137 993 2206; x_wconf 59' lang='grc' dir='ltr'><strong>φυλάττειν</strong></span> <span class='ocrx_word' id='word_1_248' title='bbox 1056 2136 1125 2187; x_wconf 84' lang='grc' dir='ltr'><strong>ἐν</strong></span> <span class='ocrx_word' id='word_1_249' title='bbox 1176 2133 1488 2204; x_wconf 62' lang='grc' dir='ltr'><strong>παίαμοηῖ</strong></span> <span class='ocrx_word' id='word_1_250' title='bbox 1549 2135 1693 2196; x_wconf 63' lang='lat'><strong>666/-</strong></span> 
     </span>
    </p>
   </div>
   <div class='ocr_carea' id='block_1_36' title="bbox 769 2207 1059 2275">
    <p class='ocr_par' dir='ltr' id='par_1_36' title="bbox 769 2207 1059 2275">
     <span class='ocr_line' id='line_1_36' title="bbox 769 2207 1059 2275; baseline -0.007 -16"><span class='ocrx_word' id='word_1_251' title='bbox 769 2225 887 2275; x_wconf 82' lang='grc' dir='ltr'><strong>μου</strong></span> <span class='ocrx_word' id='word_1_252' title='bbox 927 2207 1059 2274; x_wconf 84' lang='lat'><strong>(&#39;59).</strong></span> 
     </span>
    </p>
   </div>
   <div class='ocr_carea' id='block_1_37' title="bbox 208 2296 1713 2367">
    <p class='ocr_par' dir='ltr' id='par_1_37' title="bbox 208 2296 1713 2367">
     <span class='ocr_line' id='line_1_37' title="bbox 208 2296 1713 2367; baseline -0.003 -16"><span class='ocrx_word' id='word_1_253' title='bbox 208 2296 291 2351; x_wconf 81' lang='lat' dir='ltr'><strong>A&#39;.</strong></span> <span class='ocrx_word' id='word_1_254' title='bbox 346 2299 700 2367; x_wconf 79' lang='grc' dir='ltr'><strong>Εξσέρχονται</strong></span> <span class='ocrx_word' id='word_1_255' title='bbox 740 2304 806 2351; x_wconf 72' lang='grc' dir='ltr'><strong>τὰ</strong></span> <span class='ocrx_word' id='word_1_256' title='bbox 845 2297 938 2349; x_wconf 73' lang='grc' dir='ltr'><strong>δύο</strong></span> <span class='ocrx_word' id='word_1_257' title='bbox 976 2297 1116 2367; x_wconf 82' lang='grc' dir='ltr'><strong>μέρη</strong></span> <span class='ocrx_word' id='word_1_258' title='bbox 1165 2299 1242 2360; x_wconf 76' lang='grc' dir='ltr'><strong>εἰς</strong></span> <span class='ocrx_word' id='word_1_259' title='bbox 1277 2297 1336 2349; x_wconf 82' lang='grc' dir='ltr'><strong>τὸ</strong></span> <span class='ocrx_word' id='word_1_260' title='bbox 1372 2301 1562 2366; x_wconf 74' lang='grc' dir='ltr'><strong>σῖγμα,</strong></span> <span class='ocrx_word' id='word_1_261' title='bbox 1621 2298 1713 2349; x_wconf 72' lang='grc' dir='ltr'><strong>καὶ</strong></span> 
     </span>
    </p>
   </div>
   <div class='ocr_carea' id='block_1_38' title="bbox 135 2389 1713 2460">
    <p class='ocr_par' dir='ltr' id='par_1_38' title="bbox 135 2389 1713 2460">
     <span class='ocr_line' id='line_1_38' title="bbox 135 2389 1713 2460; baseline 0.001 -20"><span class='ocrx_word' id='word_1_262' title='bbox 135 2389 440 2453; x_wconf 73' lang='grc' dir='ltr'><strong>αἰτοῦνται,</strong></span> <span class='ocrx_word' id='word_1_263' title='bbox 503 2393 748 2458; x_wconf 72' lang='grc' dir='ltr'><strong>λέγοντες</strong></span> <span class='ocrx_word' id='word_1_264' title='bbox 802 2392 850 2442; x_wconf 91' lang='grc' dir='ltr'>οἱ</span> <span class='ocrx_word' id='word_1_265' title='bbox 915 2391 1183 2460; x_wconf 78' lang='grc' dir='ltr'><strong>κράκταιο</strong></span> <span class='ocrx_word' id='word_1_266' title='bbox 1219 2409 1234 2440; x_wconf 80' lang='grc' dir='ltr'><strong>ι</strong></span> <span class='ocrx_word' id='word_1_267' title='bbox 1276 2391 1484 2450; x_wconf 71' lang='grc' dir='ltr'><strong>Πολλὰ,</strong></span> <span class='ocrx_word' id='word_1_268' title='bbox 1521 2390 1713 2448; x_wconf 66' lang='grc' dir='ltr'>πολλὰ,</span> 
     </span>
    </p>
   </div>
   <div class='ocr_carea' id='block_1_39' title="bbox 138 2481 1714 2551">
    <p class='ocr_par' dir='ltr' id='par_1_39' title="bbox 138 2481 1714 2551">
     <span class='ocr_line' id='line_1_39' title="bbox 138 2481 1714 2551; baseline 0.002 -20"><span class='ocrx_word' id='word_1_269' title='bbox 138 2481 346 2533; x_wconf 67' lang='grc' dir='ltr'><strong>πολλὰ·</strong></span> <span class='ocrx_word' id='word_1_270' title='bbox 391 2501 409 2532; x_wconf 77' lang='grc' dir='ltr'><strong>ι</strong></span> <span class='ocrx_word' id='word_1_271' title='bbox 469 2485 495 2535; x_wconf 64' lang='grc' dir='ltr'>ὁ</span> <span class='ocrx_word' id='word_1_272' title='bbox 552 2483 717 2544; x_wconf 75' lang='grc' dir='ltr'><strong>λαός·</strong></span> <span class='ocrx_word' id='word_1_273' title='bbox 763 2500 780 2533; x_wconf 80' lang='grc' dir='ltr'><strong>ι</strong></span> <span class='ocrx_word' id='word_1_274' title='bbox 843 2481 1017 2534; x_wconf 82' lang='grc' dir='ltr'><strong>Πολλὰ</strong></span> <span class='ocrx_word' id='word_1_275' title='bbox 1068 2483 1160 2551; x_wconf 73' lang='grc' dir='ltr'><strong>ἐτη</strong></span> <span class='ocrx_word' id='word_1_276' title='bbox 1218 2484 1296 2542; x_wconf 76' lang='grc' dir='ltr'><strong>εἰς</strong></span> <span class='ocrx_word' id='word_1_277' title='bbox 1341 2482 1528 2536; x_wconf 79' lang='grc' dir='ltr'><strong>πολλά.</strong></span> <span class='ocrx_word' id='word_1_278' title='bbox 1568 2500 1584 2530; x_wconf 79' lang='grc' dir='ltr'><strong>ι</strong></span> <span class='ocrx_word' id='word_1_279' title='bbox 1650 2481 1714 2534; x_wconf 81' lang='grc' dir='ltr'>Οἱ</span> 
     </span>
    </p>
   </div>
   <div class='ocr_carea' id='block_1_40' title="bbox 136 2572 1715 2642">
    <p class='ocr_par' dir='ltr' id='par_1_40' title="bbox 136 2572 1715 2642">
     <span class='ocr_line' id='line_1_40' title="bbox 136 2572 1715 2642; baseline 0.001 -20"><span class='ocrx_word' id='word_1_280' title='bbox 136 2573 383 2642; x_wconf 73' lang='grc' dir='ltr'>κρὰκται</span> <span class='ocrx_word' id='word_1_281' title='bbox 410 2589 421 2598; x_wconf 92' lang='grc'>·</span> <span class='ocrx_word' id='word_1_282' title='bbox 483 2593 500 2622; x_wconf 78' lang='grc' dir='ltr'><strong>ι</strong></span> <span class='ocrx_word' id='word_1_283' title='bbox 539 2573 727 2624; x_wconf 72' lang='grc' dir='ltr'>Πολλοὶ</span> <span class='ocrx_word' id='word_1_284' title='bbox 781 2573 908 2640; x_wconf 79' lang='grc' dir='ltr'><strong>ὑμῖν</strong></span> <span class='ocrx_word' id='word_1_285' title='bbox 948 2573 1149 2641; x_wconf 80' lang='grc' dir='ltr'><strong>χρόνοι,</strong></span> <span class='ocrx_word' id='word_1_286' title='bbox 1181 2573 1240 2624; x_wconf 82' lang='grc' dir='ltr'><strong>τὸ</strong></span> <span class='ocrx_word' id='word_1_287' title='bbox 1295 2572 1590 2642; x_wconf 70' lang='grc' dir='ltr'><strong>πρόϐλημα</strong></span> <span class='ocrx_word' id='word_1_288' title='bbox 1621 2573 1715 2640; x_wconf 77' lang='grc' dir='ltr'><strong>τῆς</strong></span> 
     </span>
    </p>
   </div>
   <div class='ocr_carea' id='block_1_41' title="bbox 136 2661 1715 2734">
    <p class='ocr_par' dir='ltr' id='par_1_41' title="bbox 136 2661 1715 2734">
     <span class='ocr_line' id='line_1_41' title="bbox 136 2661 1715 2734; baseline -0.001 -18"><span class='ocrx_word' id='word_1_289' title='bbox 136 2665 374 2734; x_wconf 70' lang='grc' dir='ltr'>Τριάδος</span> <span class='ocrx_word' id='word_1_290' title='bbox 398 2681 410 2694; x_wconf 92' lang='grc'><strong>·</strong></span> <span class='ocrx_word' id='word_1_291' title='bbox 437 2683 452 2713; x_wconf 83' lang='grc' dir='ltr'><strong>ι</strong></span> <span class='ocrx_word' id='word_1_292' title='bbox 493 2665 718 2731; x_wconf 69' lang='grc' dir='ltr'>φθογγεί</span> <span class='ocrx_word' id='word_1_293' title='bbox 743 2665 783 2693; x_wconf 85' lang='grc'><strong>¹⁶</strong></span> <span class='ocrx_word' id='word_1_294' title='bbox 807 2664 898 2717; x_wconf 75' lang='grc' dir='ltr'><strong>καὶ</strong></span> <span class='ocrx_word' id='word_1_295' title='bbox 931 2666 958 2715; x_wconf 83' lang='grc' dir='ltr'>ὁ</span> <span class='ocrx_word' id='word_1_296' title='bbox 992 2663 1116 2727; x_wconf 83' lang='grc' dir='ltr'><strong>λαὸς</strong></span> <span class='ocrx_word' id='word_1_297' title='bbox 1150 2666 1212 2716; x_wconf 81' lang='grc' dir='ltr'>ἐκ</span> <span class='ocrx_word' id='word_1_298' title='bbox 1242 2661 1288 2731; x_wconf 83' lang='grc' dir='ltr'><strong>γ’</strong></span> <span class='ocrx_word' id='word_1_299' title='bbox 1314 2683 1325 2694; x_wconf 91' lang='grc'><strong>·</strong></span> <span class='ocrx_word' id='word_1_300' title='bbox 1367 2663 1558 2715; x_wconf 73' lang='grc' dir='ltr'>Πολλοὶ</span> <span class='ocrx_word' id='word_1_301' title='bbox 1589 2665 1715 2732; x_wconf 76' lang='grc' dir='ltr'><strong>ὕμιν</strong></span> 
     </span>
    </p>
   </div>
   <div class='ocr_carea' id='block_1_42' title="bbox 136 2753 1714 2824">
    <p class='ocr_par' dir='ltr' id='par_1_42' title="bbox 136 2753 1714 2824">
     <span class='ocr_line' id='line_1_42' title="bbox 136 2753 1714 2824; baseline -0.001 -18"><span class='ocrx_word' id='word_1_302' title='bbox 136 2755 350 2823; x_wconf 76' lang='grc' dir='ltr'>χρόνοι.</span> <span class='ocrx_word' id='word_1_303' title='bbox 395 2773 412 2804; x_wconf 79' lang='grc' dir='ltr'><strong>ι</strong></span> <span class='ocrx_word' id='word_1_304' title='bbox 454 2754 516 2807; x_wconf 81' lang='lat' dir='ltr'><strong>Oi</strong></span> <span class='ocrx_word' id='word_1_305' title='bbox 551 2757 816 2823; x_wconf 78' lang='grc' dir='ltr'><strong>κράχται·</strong></span> <span class='ocrx_word' id='word_1_306' title='bbox 861 2773 878 2804; x_wconf 85' lang='grc' dir='ltr'><strong>ι</strong></span> <span class='ocrx_word' id='word_1_307' title='bbox 915 2754 1107 2807; x_wconf 76' lang='grc' dir='ltr'>Πολλοὶ</span> <span class='ocrx_word' id='word_1_308' title='bbox 1133 2755 1261 2824; x_wconf 79' lang='grc' dir='ltr'><strong>ὑμῖν</strong></span> <span class='ocrx_word' id='word_1_309' title='bbox 1295 2753 1545 2823; x_wconf 85' lang='grc' dir='ltr'><strong>χρόνοι,ὀ</strong></span> <span class='ocrx_word' id='word_1_310' title='bbox 1570 2754 1714 2806; x_wconf 84' lang='grc' dir='ltr'><strong>δεῖνα</strong></span> 
     </span>
    </p>
   </div>
   <div class='ocr_carea' id='block_1_43' title="bbox 135 2841 1716 2913">
    <p class='ocr_par' dir='ltr' id='par_1_43' title="bbox 135 2841 1716 2913">
     <span class='ocr_line' id='line_1_43' title="bbox 135 2841 1716 2913; baseline 0.001 -19"><span class='ocrx_word' id='word_1_311' title='bbox 135 2841 235 2894; x_wconf 77' lang='grc' dir='ltr'><strong>καί</strong></span> <span class='ocrx_word' id='word_1_312' title='bbox 270 2841 300 2889; x_wconf 83' lang='grc' dir='ltr'><strong>ὀ</strong></span> <span class='ocrx_word' id='word_1_313' title='bbox 336 2841 483 2893; x_wconf 76' lang='grc' dir='ltr'><strong>δεῖνα</strong></span> <span class='ocrx_word' id='word_1_314' title='bbox 511 2843 911 2913; x_wconf 69' lang='grc' dir='ltr'>αὐτοκράτορες</span> <span class='ocrx_word' id='word_1_315' title='bbox 949 2841 1235 2913; x_wconf 83' lang='grc' dir='ltr'><strong>Ῥωμαίων</strong></span> <span class='ocrx_word' id='word_1_316' title='bbox 1259 2860 1272 2873; x_wconf 90' lang='grc'><strong>·</strong></span> <span class='ocrx_word' id='word_1_317' title='bbox 1305 2862 1322 2893; x_wconf 85' lang='grc' dir='ltr'><strong>ι</strong></span> <span class='ocrx_word' id='word_1_318' title='bbox 1357 2843 1587 2911; x_wconf 80' lang='grc' dir='ltr'><strong>φθογγεῖ</strong></span> <span class='ocrx_word' id='word_1_319' title='bbox 1623 2846 1716 2896; x_wconf 78' lang='grc' dir='ltr'><strong>καὶ</strong></span> 
     </span>
    </p>
   </div>
   <div class='ocr_carea' id='block_1_44' title="bbox 134 2931 1712 3006">
    <p class='ocr_par' dir='ltr' id='par_1_44' title="bbox 134 2931 1712 3006">
     <span class='ocr_line' id='line_1_44' title="bbox 134 2931 1712 3006; baseline 0.004 -24"><span class='ocrx_word' id='word_1_320' title='bbox 134 2933 161 2982; x_wconf 71' lang='grc' dir='ltr'><strong>ὁ</strong></span> <span class='ocrx_word' id='word_1_321' title='bbox 195 2933 331 2994; x_wconf 72' lang='grc' dir='ltr'><strong>λαὸς</strong></span> <span class='ocrx_word' id='word_1_322' title='bbox 365 2935 428 2985; x_wconf 82' lang='grc' dir='ltr'><strong>ὲκ</strong></span> <span class='ocrx_word' id='word_1_323' title='bbox 459 2931 537 2998; x_wconf 81' lang='grc' dir='ltr'><strong>γ’·</strong></span> <span class='ocrx_word' id='word_1_324' title='bbox 577 2952 593 2984; x_wconf 89' lang='grc' dir='ltr'><strong>ι</strong></span> <span class='ocrx_word' id='word_1_325' title='bbox 640 2935 828 2985; x_wconf 78' lang='grc' dir='ltr'>Πολλοὶ</span> <span class='ocrx_word' id='word_1_326' title='bbox 876 2935 1003 3004; x_wconf 80' lang='grc' dir='ltr'><strong>ὑμῖν</strong></span> <span class='ocrx_word' id='word_1_327' title='bbox 1049 2935 1252 3004; x_wconf 84' lang='grc' dir='ltr'>χρόνοι.</span> <span class='ocrx_word' id='word_1_328' title='bbox 1294 2954 1310 2985; x_wconf 86' lang='grc' dir='ltr'><strong>ι</strong></span> <span class='ocrx_word' id='word_1_329' title='bbox 1350 2936 1410 2987; x_wconf 82' lang='lat'>0!</span> <span class='ocrx_word' id='word_1_330' title='bbox 1442 2935 1712 3006; x_wconf 80' lang='grc' dir='ltr'><strong>κράκται’</strong></span> 
     </span>
    </p>
   </div>
   <div class='ocr_carea' id='block_1_45' title="bbox 142 3023 1709 3093">
    <p class='ocr_par' dir='ltr' id='par_1_45' title="bbox 142 3023 1709 3093">
     <span class='ocr_line' id='line_1_45' title="bbox 142 3023 1709 3093; baseline 0.002 -21"><span class='ocrx_word' id='word_1_331' title='bbox 142 3043 160 3072; x_wconf 74' lang='grc' dir='ltr'><strong>ι</strong></span> <span class='ocrx_word' id='word_1_332' title='bbox 207 3023 405 3082; x_wconf 67' lang='grc' dir='ltr'><strong>Ποὶλοὶ</strong></span> <span class='ocrx_word' id='word_1_333' title='bbox 439 3025 564 3093; x_wconf 80' lang='grc' dir='ltr'><strong>ὑμῖν</strong></span> <span class='ocrx_word' id='word_1_334' title='bbox 597 3026 797 3093; x_wconf 78' lang='grc' dir='ltr'><strong>χρόνοι,</strong></span> <span class='ocrx_word' id='word_1_335' title='bbox 839 3026 886 3076; x_wconf 77' lang='grc' dir='ltr'><strong>οἱ</strong></span> <span class='ocrx_word' id='word_1_336' title='bbox 919 3023 1249 3091; x_wconf 77' lang='grc' dir='ltr'><strong>θεράποντες</strong></span> <span class='ocrx_word' id='word_1_337' title='bbox 1276 3023 1368 3076; x_wconf 85' lang='grc' dir='ltr'><strong>τοῦ</strong></span> <span class='ocrx_word' id='word_1_338' title='bbox 1398 3025 1602 3093; x_wconf 58' lang='grc' dir='ltr'><strong>Κυρίου</strong></span> <span class='ocrx_word' id='word_1_339' title='bbox 1633 3042 1646 3056; x_wconf 78' lang='grc' dir='ltr'><strong>ο</strong></span> <span class='ocrx_word' id='word_1_340' title='bbox 1691 3043 1709 3075; x_wconf 87' lang='grc' dir='ltr'><strong>ι</strong></span> 
     </span>
    </p>
   </div>
   <div class='ocr_carea' id='block_1_46' title="bbox 135 3117 1717 3187">
    <p class='ocr_par' dir='ltr' id='par_1_46' title="bbox 135 3117 1717 3187">
     <span class='ocr_line' id='line_1_46' title="bbox 135 3117 1717 3187; baseline 0.003 -21"><span class='ocrx_word' id='word_1_341' title='bbox 135 3117 375 3183; x_wconf 68' lang='grc' dir='ltr'>φθογγεί</span> <span class='ocrx_word' id='word_1_342' title='bbox 407 3121 498 3168; x_wconf 68' lang='grc' dir='ltr'><strong>καὶ</strong></span> <span class='ocrx_word' id='word_1_343' title='bbox 555 3119 581 3168; x_wconf 80' lang='grc' dir='ltr'>ὁ</span> <span class='ocrx_word' id='word_1_344' title='bbox 630 3118 752 3179; x_wconf 75' lang='grc' dir='ltr'><strong>λαὸς</strong></span> <span class='ocrx_word' id='word_1_345' title='bbox 806 3120 869 3168; x_wconf 81' lang='grc' dir='ltr'><strong>ὲκ</strong></span> <span class='ocrx_word' id='word_1_346' title='bbox 899 3118 1114 3185; x_wconf 75' lang='grc' dir='ltr'>τρίτου·</span> <span class='ocrx_word' id='word_1_347' title='bbox 1157 3135 1174 3166; x_wconf 79' lang='grc' dir='ltr'><strong>ι</strong></span> <span class='ocrx_word' id='word_1_348' title='bbox 1211 3117 1399 3170; x_wconf 74' lang='grc' dir='ltr'>Πολλοὶ</span> <span class='ocrx_word' id='word_1_349' title='bbox 1436 3118 1562 3187; x_wconf 63' lang='grc' dir='ltr'><strong>ὑμῖν</strong></span> <span class='ocrx_word' id='word_1_350' title='bbox 1590 3120 1717 3187; x_wconf 80' lang='grc' dir='ltr'><strong>χρό·</strong></span> 
     </span>
    </p>
   </div>
   <div class='ocr_carea' id='block_1_47' title="bbox 140 2135 664 2206">
    <p class='ocr_par' dir='ltr' id='par_1_47' title="bbox 140 2135 664 2206">
     <span class='ocr_line' id='line_1_47' title="bbox 140 2135 664 2206; baseline 0.006 -19"><span class='ocrx_word' id='word_1_351' title='bbox 140 2136 302 2188; x_wconf 82' lang='grc' dir='ltr'><strong>Ὅσα</strong></span> <span class='ocrx_word' id='word_1_352' title='bbox 357 2135 448 2189; x_wconf 76' lang='grc' dir='ltr'><strong>δεῖ</strong></span> <span class='ocrx_word' id='word_1_353' title='bbox 506 2151 664 2206; x_wconf 75' lang='grc' dir='ltr'><strong>παρα</strong></span> 
     </span>
    </p>
   </div>
   <div class='ocr_carea' id='block_1_48' title="bbox 135 3209 1718 3279">
    <p class='ocr_par' dir='ltr' id='par_1_48' title="bbox 135 3209 1718 3279">
     <span class='ocr_line' id='line_1_48' title="bbox 135 3209 1718 3279; baseline 0.004 -22"><span class='ocrx_word' id='word_1_354' title='bbox 135 3228 241 3261; x_wconf 63' lang='grc' dir='ltr'>τοι.</span> <span class='ocrx_word' id='word_1_355' title='bbox 280 3228 298 3259; x_wconf 85' lang='grc' dir='ltr'><strong>ι</strong></span> <span class='ocrx_word' id='word_1_356' title='bbox 341 3211 402 3261; x_wconf 84' lang='grc' dir='ltr'><strong>ΟΞ</strong></span> <span class='ocrx_word' id='word_1_357' title='bbox 444 3211 712 3276; x_wconf 76' lang='grc' dir='ltr'>κράκται·</span> <span class='ocrx_word' id='word_1_358' title='bbox 779 3229 796 3258; x_wconf 78' lang='grc' dir='ltr'><strong>ι</strong></span> <span class='ocrx_word' id='word_1_359' title='bbox 829 3209 1018 3261; x_wconf 74' lang='grc' dir='ltr'>Πολλοὶ</span> <span class='ocrx_word' id='word_1_360' title='bbox 1060 3210 1187 3278; x_wconf 79' lang='grc' dir='ltr'><strong>ὑμῖν</strong></span> <span class='ocrx_word' id='word_1_361' title='bbox 1236 3212 1441 3279; x_wconf 80' lang='grc' dir='ltr'><strong>χρόνοι,</strong></span> <span class='ocrx_word' id='word_1_362' title='bbox 1497 3214 1525 3264; x_wconf 85' lang='grc' dir='ltr'>ὁ</span> <span class='ocrx_word' id='word_1_363' title='bbox 1572 3212 1718 3264; x_wconf 83' lang='grc' dir='ltr'><strong>δεῖνα</strong></span> 
     </span>
    </p>
   </div>
   <div class='ocr_carea' id='block_1_49' title="bbox 134 3298 1723 3372">
    <p class='ocr_par' dir='ltr' id='par_1_49' title="bbox 134 3298 1723 3372">
     <span class='ocr_line' id='line_1_49' title="bbox 134 3298 1723 3372; baseline 0.005 -23"><span class='ocrx_word' id='word_1_364' title='bbox 134 3300 238 3349; x_wconf 74' lang='grc' dir='ltr'><strong>καὶ</strong></span> <span class='ocrx_word' id='word_1_365' title='bbox 294 3301 323 3351; x_wconf 78' lang='grc' dir='ltr'>ὁ</span> <span class='ocrx_word' id='word_1_366' title='bbox 393 3298 540 3350; x_wconf 81' lang='grc' dir='ltr'><strong>δεῖνα</strong></span> <span class='ocrx_word' id='word_1_367' title='bbox 565 3299 867 3366; x_wconf 75' lang='grc' dir='ltr'>Αὑγοῦσται</span> <span class='ocrx_word' id='word_1_368' title='bbox 920 3299 1028 3353; x_wconf 83' lang='grc' dir='ltr'><strong>τῶν</strong></span> <span class='ocrx_word' id='word_1_369' title='bbox 1064 3301 1385 3370; x_wconf 83' lang='grc' dir='ltr'><strong>Ῥωμαίων·</strong></span> <span class='ocrx_word' id='word_1_370' title='bbox 1431 3322 1448 3354; x_wconf 82' lang='grc' dir='ltr'><strong>ι</strong></span> <span class='ocrx_word' id='word_1_371' title='bbox 1490 3303 1723 3372; x_wconf 72' lang='grc' dir='ltr'><strong>φθογγετ</strong></span> 
     </span>
    </p>
   </div>
   <div class='ocr_carea' id='block_1_50' title="bbox 135 3385 1710 3462">
    <p class='ocr_par' dir='ltr' id='par_1_50' title="bbox 135 3385 1710 3462">
     <span class='ocr_line' id='line_1_50' title="bbox 135 3385 1710 3462; baseline 0.005 -24"><span class='ocrx_word' id='word_1_372' title='bbox 135 3390 238 3440; x_wconf 57' lang='grc' dir='ltr'><strong>ναὶ</strong></span> <span class='ocrx_word' id='word_1_373' title='bbox 277 3385 306 3439; x_wconf 84' lang='lat'><strong>6</strong></span> <span class='ocrx_word' id='word_1_374' title='bbox 338 3387 463 3447; x_wconf 79' lang='grc' dir='ltr'><strong>λαὸς</strong></span> <span class='ocrx_word' id='word_1_375' title='bbox 489 3389 552 3440; x_wconf 82' lang='grc' dir='ltr'><strong>ὲκ</strong></span> <span class='ocrx_word' id='word_1_376' title='bbox 583 3387 662 3453; x_wconf 79' lang='grc' dir='ltr'><strong>γ’·</strong></span> <span class='ocrx_word' id='word_1_377' title='bbox 701 3408 716 3437; x_wconf 86' lang='grc' dir='ltr'><strong>ι</strong></span> <span class='ocrx_word' id='word_1_378' title='bbox 754 3388 943 3440; x_wconf 76' lang='grc' dir='ltr'>Πολλοὶ</span> <span class='ocrx_word' id='word_1_379' title='bbox 993 3389 1120 3457; x_wconf 78' lang='grc' dir='ltr'><strong>ὑμῖν</strong></span> <span class='ocrx_word' id='word_1_380' title='bbox 1171 3390 1370 3459; x_wconf 78' lang='grc' dir='ltr'><strong>χρόνοι.</strong></span> <span class='ocrx_word' id='word_1_381' title='bbox 1418 3409 1436 3442; x_wconf 79' lang='grc' dir='ltr'><strong>ι</strong></span> <span class='ocrx_word' id='word_1_382' title='bbox 1475 3394 1710 3462; x_wconf 78' lang='grc' dir='ltr'>Οικρά-</span> 
     </span>
    </p>
   </div>
   <div class='ocr_carea' id='block_1_51' title="bbox 2397 2036 2832 2092">
    <p class='ocr_par' dir='ltr' id='par_1_51' title="bbox 2397 2036 2832 2092">
     <span class='ocr_line' id='line_1_51' title="bbox 2397 2036 2832 2092; baseline 0 0"><span class='ocrx_word' id='word_1_383' title='bbox 2397 2036 2626 2092; x_wconf 79' lang='lat' dir='ltr'><strong>CAPUT</strong></span> <span class='ocrx_word' id='word_1_384' title='bbox 2678 2037 2832 2092; x_wconf 73' lang='lat' dir='ltr'>LXII.</span> 
     </span>
    </p>
   </div>
   <div class='ocr_carea' id='block_1_52' title="bbox 1855 2128 3370 2198">
    <p class='ocr_par' dir='ltr' id='par_1_52' title="bbox 1855 2128 3370 2198">
     <span class='ocr_line' id='line_1_52' title="bbox 1855 2128 3370 2198; baseline -0.001 -16"><span class='ocrx_word' id='word_1_385' title='bbox 1855 2130 2189 2182; x_wconf 67' lang='lat' dir='ltr'><strong>Obseruantia</strong></span> <span class='ocrx_word' id='word_1_386' title='bbox 2226 2130 2394 2195; x_wconf 80' lang='lat' dir='ltr'><strong>pridie</strong></span> <span class='ocrx_word' id='word_1_387' title='bbox 2423 2130 2538 2197; x_wconf 79' lang='lat' dir='ltr'><strong>ejus</strong></span> <span class='ocrx_word' id='word_1_388' title='bbox 2563 2133 2685 2191; x_wconf 81' lang='lat' dir='ltr'><strong>dici,</strong></span> <span class='ocrx_word' id='word_1_389' title='bbox 2712 2148 2812 2198; x_wconf 80' lang='lat' dir='ltr'><strong>quo</strong></span> <span class='ocrx_word' id='word_1_390' title='bbox 2844 2132 3132 2198; x_wconf 79' lang='lat' dir='ltr'><strong>imperator</strong></span> <span class='ocrx_word' id='word_1_391' title='bbox 3165 2131 3218 2180; x_wconf 82' lang='lat' dir='ltr'><strong>iit</strong></span> <span class='ocrx_word' id='word_1_392' title='bbox 3245 2128 3370 2181; x_wconf 80' lang='lat' dir='ltr'><strong>urbe</strong></span> 
     </span>
    </p>
   </div>
   <div class='ocr_carea' id='block_1_53' title="bbox 2383 2201 2837 2264">
    <p class='ocr_par' dir='ltr' id='par_1_53' title="bbox 2383 2201 2837 2264">
     <span class='ocr_line' id='line_1_53' title="bbox 2383 2201 2837 2264; baseline 0.002 -13"><span class='ocrx_word' id='word_1_393' title='bbox 2383 2201 2716 2264; x_wconf 69' lang='grc' dir='ltr'>ωτιμίειιιιιιε</span> <span class='ocrx_word' id='word_1_394' title='bbox 2745 2212 2837 2252; x_wconf 74' lang='lat' dir='ltr'><strong>cal.</strong></span> 
     </span>
    </p>
   </div>
   <div class='ocr_carea' id='block_1_54' title="bbox 1889 2291 3405 2361">
    <p class='ocr_par' dir='ltr' id='par_1_54' title="bbox 1889 2291 3405 2361">
     <span class='ocr_line' id='line_1_54' title="bbox 1889 2291 3405 2361; baseline -0.003 -15"><span class='ocrx_word' id='word_1_395' title='bbox 1889 2293 1926 2346; x_wconf 90' lang='grc' dir='ltr'><strong>Ι.</strong></span> <span class='ocrx_word' id='word_1_396' title='bbox 1961 2294 2080 2345; x_wconf 74' lang='lat' dir='ltr'><strong>Diue</strong></span> <span class='ocrx_word' id='word_1_397' title='bbox 2111 2291 2373 2346; x_wconf 73' lang='lat' dir='ltr'><strong>factiones</strong></span> <span class='ocrx_word' id='word_1_398' title='bbox 2409 2295 2577 2361; x_wconf 69' lang='lat' dir='ltr'><strong>sigma</strong></span> <span class='ocrx_word' id='word_1_399' title='bbox 2629 2297 2850 2349; x_wconf 82' lang='lat' dir='ltr'><strong>intrant.</strong></span> <span class='ocrx_word' id='word_1_400' title='bbox 2883 2303 2936 2346; x_wconf 87' lang='lat' dir='ltr'><strong>et</strong></span> <span class='ocrx_word' id='word_1_401' title='bbox 2976 2303 3296 2360; x_wconf 80' lang='lat' dir='ltr'><strong>precantur;</strong></span> <span class='ocrx_word' id='word_1_402' title='bbox 3325 2292 3405 2343; x_wconf 81' lang='lat' dir='ltr'><strong>tli-</strong></span> 
     </span>
    </p>
   </div>
   <div class='ocr_carea' id='block_1_55' title="bbox 1817 2385 3401 2453">
    <p class='ocr_par' dir='ltr' id='par_1_55' title="bbox 1817 2385 3401 2453">
     <span class='ocr_line' id='line_1_55' title="bbox 1817 2385 3401 2453; baseline -0.001 -16"><span class='ocrx_word' id='word_1_403' title='bbox 1817 2397 1943 2437; x_wconf 91' lang='lat' dir='ltr'><strong>cuut</strong></span> <span class='ocrx_word' id='word_1_404' title='bbox 1996 2395 2280 2442; x_wconf 86' lang='lat' dir='ltr'><strong>cantores:</strong></span> <span class='ocrx_word' id='word_1_405' title='bbox 2321 2406 2336 2437; x_wconf 83' lang='lat' dir='ltr'><strong>t</strong></span> <span class='ocrx_word' id='word_1_406' title='bbox 2386 2385 2602 2446; x_wconf 82' lang='lat' dir='ltr'><strong>Multos,</strong></span> <span class='ocrx_word' id='word_1_407' title='bbox 2639 2386 2857 2445; x_wconf 87' lang='lat' dir='ltr'><strong>multos.</strong></span> <span class='ocrx_word' id='word_1_408' title='bbox 2901 2386 3136 2449; x_wconf 88' lang='lat' dir='ltr'><strong>multos;</strong></span> <span class='ocrx_word' id='word_1_409' title='bbox 3165 2405 3182 2435; x_wconf 85' lang='grc' dir='ltr'><strong>ι</strong></span> <span class='ocrx_word' id='word_1_410' title='bbox 3230 2400 3401 2453; x_wconf 87' lang='lat' dir='ltr'><strong>popu-</strong></span> 
     </span>
    </p>
   </div>
   <div class='ocr_carea' id='block_1_56' title="bbox 1817 2475 3403 2532">
    <p class='ocr_par' dir='ltr' id='par_1_56' title="bbox 1817 2475 3403 2532">
     <span class='ocr_line' id='line_1_56' title="bbox 1817 2475 3403 2532; baseline 0 -3"><span class='ocrx_word' id='word_1_411' title='bbox 1817 2477 1936 2532; x_wconf 85' lang='lat' dir='ltr'><strong>lus:</strong></span> <span class='ocrx_word' id='word_1_412' title='bbox 1978 2497 1995 2527; x_wconf 78' lang='grc' dir='ltr'><strong>ι</strong></span> <span class='ocrx_word' id='word_1_413' title='bbox 2032 2476 2230 2531; x_wconf 83' lang='lat' dir='ltr'><strong>Multos</strong></span> <span class='ocrx_word' id='word_1_414' title='bbox 2253 2492 2421 2530; x_wconf 80' lang='lat' dir='ltr'><strong>annos</strong></span> <span class='ocrx_word' id='word_1_415' title='bbox 2481 2477 2532 2530; x_wconf 90' lang='lat' dir='ltr'><strong>itt</strong></span> <span class='ocrx_word' id='word_1_416' title='bbox 2576 2478 2791 2531; x_wconf 85' lang='lat' dir='ltr'><strong>multos.</strong></span> <span class='ocrx_word' id='word_1_417' title='bbox 2827 2497 2844 2528; x_wconf 82' lang='grc' dir='ltr'><strong>ι</strong></span> <span class='ocrx_word' id='word_1_418' title='bbox 2874 2476 3178 2531; x_wconf 83' lang='lat' dir='ltr'><strong>Cantores:</strong></span> <span class='ocrx_word' id='word_1_419' title='bbox 3210 2494 3226 2526; x_wconf 87' lang='grc' dir='ltr'><strong>ι</strong></span> <span class='ocrx_word' id='word_1_420' title='bbox 3270 2475 3403 2529; x_wconf 80' lang='lat' dir='ltr'><strong>Mul-</strong></span> 
     </span>
    </p>
   </div>
   <div class='ocr_carea' id='block_1_57' title="bbox 1819 2570 3396 2640">
    <p class='ocr_par' dir='ltr' id='par_1_57' title="bbox 1819 2570 3396 2640">
     <span class='ocr_line' id='line_1_57' title="bbox 1819 2570 3396 2640; baseline -0.002 -18"><span class='ocrx_word' id='word_1_421' title='bbox 1819 2581 1868 2622; x_wconf 88' lang='lat' dir='ltr'><strong>ta</strong></span> <span class='ocrx_word' id='word_1_422' title='bbox 1937 2570 2089 2622; x_wconf 87' lang='lat' dir='ltr'><strong>vnbis</strong></span> <span class='ocrx_word' id='word_1_423' title='bbox 2162 2581 2448 2639; x_wconf 88' lang='lat' dir='ltr'><strong>tempora,</strong></span> <span class='ocrx_word' id='word_1_424' title='bbox 2509 2572 2767 2623; x_wconf 83' lang='lat' dir='ltr'><strong>trinitatis</strong></span> <span class='ocrx_word' id='word_1_425' title='bbox 2835 2570 3335 2640; x_wconf 69' lang='lat' dir='ltr'><strong>propugnaculum;</strong></span> <span class='ocrx_word' id='word_1_426' title='bbox 3376 2586 3396 2619; x_wconf 82' lang='grc' dir='ltr'><strong>ι</strong></span> 
     </span>
    </p>
   </div>
   <div class='ocr_carea' id='block_1_58' title="bbox 1817 2661 3395 2733">
    <p class='ocr_par' dir='ltr' id='par_1_58' title="bbox 1817 2661 3395 2733">
     <span class='ocr_line' id='line_1_58' title="bbox 1817 2661 3395 2733; baseline -0.006 -13"><span class='ocrx_word' id='word_1_427' title='bbox 1817 2667 2016 2720; x_wconf 86' lang='lat' dir='ltr'><strong>clamat</strong></span> <span class='ocrx_word' id='word_1_428' title='bbox 2057 2674 2111 2718; x_wconf 85' lang='lat' dir='ltr'><strong>et</strong></span> <span class='ocrx_word' id='word_1_429' title='bbox 2155 2664 2379 2733; x_wconf 89' lang='lat' dir='ltr'><strong>populus</strong></span> <span class='ocrx_word' id='word_1_430' title='bbox 2421 2673 2538 2716; x_wconf 88' lang='lat' dir='ltr'><strong>ter:</strong></span> <span class='ocrx_word' id='word_1_431' title='bbox 2573 2681 2591 2713; x_wconf 77' lang='grc' dir='ltr'><strong>ι</strong></span> <span class='ocrx_word' id='word_1_432' title='bbox 2641 2661 2801 2714; x_wconf 82' lang='lat' dir='ltr'><strong>Multa</strong></span> <span class='ocrx_word' id='word_1_433' title='bbox 2870 2663 3023 2715; x_wconf 89' lang='lat' dir='ltr'><strong>vobis</strong></span> <span class='ocrx_word' id='word_1_434' title='bbox 3082 2671 3341 2728; x_wconf 84' lang='lat' dir='ltr'><strong>tempora.</strong></span> <span class='ocrx_word' id='word_1_435' title='bbox 3377 2678 3395 2710; x_wconf 83' lang='grc' dir='ltr'><strong>ι</strong></span> 
     </span>
    </p>
   </div>
   <div class='ocr_carea' id='block_1_59' title="bbox 1818 2751 3401 2820">
    <p class='ocr_par' dir='ltr' id='par_1_59' title="bbox 1818 2751 3401 2820">
     <span class='ocr_line' id='line_1_59' title="bbox 1818 2751 3401 2820; baseline -0.006 -8"><span class='ocrx_word' id='word_1_436' title='bbox 1818 2758 2082 2812; x_wconf 87' lang='lat' dir='ltr'><strong>Cantores</strong></span> <span class='ocrx_word' id='word_1_437' title='bbox 2110 2775 2123 2810; x_wconf 89' lang='lat'>:</span> <span class='ocrx_word' id='word_1_438' title='bbox 2156 2775 2172 2806; x_wconf 83' lang='grc' dir='ltr'><strong>ι</strong></span> <span class='ocrx_word' id='word_1_439' title='bbox 2220 2755 2382 2808; x_wconf 81' lang='lat' dir='ltr'><strong>Multa</strong></span> <span class='ocrx_word' id='word_1_440' title='bbox 2424 2754 2577 2807; x_wconf 73' lang='lat' dir='ltr'><strong>vobis</strong></span> <span class='ocrx_word' id='word_1_441' title='bbox 2624 2764 2879 2820; x_wconf 83' lang='lat' dir='ltr'><strong>tempora,</strong></span> <span class='ocrx_word' id='word_1_442' title='bbox 2925 2751 2988 2805; x_wconf 81' lang='grc' dir='ltr'><strong>Ν.</strong></span> <span class='ocrx_word' id='word_1_443' title='bbox 3031 2752 3092 2806; x_wconf 83' lang='grc' dir='ltr'><strong>Ν.</strong></span> <span class='ocrx_word' id='word_1_444' title='bbox 3170 2752 3401 2819; x_wconf 81' lang='lat' dir='ltr'><strong>impera-</strong></span> 
     </span>
    </p>
   </div>
   <div class='ocr_carea' id='block_1_60' title="bbox 1820 2843 3400 2912">
    <p class='ocr_par' dir='ltr' id='par_1_60' title="bbox 1820 2843 3400 2912">
     <span class='ocr_line' id='line_1_60' title="bbox 1820 2843 3400 2912; baseline -0.005 -8"><span class='ocrx_word' id='word_1_445' title='bbox 1820 2861 1965 2904; x_wconf 78' lang='lat' dir='ltr'><strong>tores</strong></span> <span class='ocrx_word' id='word_1_446' title='bbox 2001 2849 2404 2902; x_wconf 80' lang='lat' dir='ltr'><strong>Romanorum:</strong></span> <span class='ocrx_word' id='word_1_447' title='bbox 2445 2865 2462 2896; x_wconf 81' lang='grc' dir='ltr'><strong>ι</strong></span> <span class='ocrx_word' id='word_1_448' title='bbox 2491 2847 2690 2898; x_wconf 85' lang='lat' dir='ltr'><strong>clamat</strong></span> <span class='ocrx_word' id='word_1_449' title='bbox 2717 2858 2767 2899; x_wconf 88' lang='lat' dir='ltr'><strong>et</strong></span> <span class='ocrx_word' id='word_1_450' title='bbox 2800 2847 3023 2912; x_wconf 82' lang='lat' dir='ltr'><strong>pepttlus</strong></span> <span class='ocrx_word' id='word_1_451' title='bbox 3070 2856 3183 2897; x_wconf 87' lang='lat' dir='ltr'><strong>ter:</strong></span> <span class='ocrx_word' id='word_1_452' title='bbox 3220 2863 3238 2894; x_wconf 82' lang='grc' dir='ltr'><strong>ι</strong></span> <span class='ocrx_word' id='word_1_453' title='bbox 3268 2843 3400 2896; x_wconf 80' lang='lat' dir='ltr'><strong>Mul-</strong></span> 
     </span>
    </p>
   </div>
   <div class='ocr_carea' id='block_1_61' title="bbox 1823 2939 3402 3009">
    <p class='ocr_par' dir='ltr' id='par_1_61' title="bbox 1823 2939 3402 3009">
     <span class='ocr_line' id='line_1_61' title="bbox 1823 2939 3402 3009; baseline -0.005 -13"><span class='ocrx_word' id='word_1_454' title='bbox 1823 2953 1871 2996; x_wconf 86' lang='lat' dir='ltr'><strong>ta</strong></span> <span class='ocrx_word' id='word_1_455' title='bbox 1923 2943 2076 2994; x_wconf 81' lang='lat' dir='ltr'><strong>vobis</strong></span> <span class='ocrx_word' id='word_1_456' title='bbox 2115 2952 2379 3009; x_wconf 82' lang='lat' dir='ltr'><strong>tempora.</strong></span> <span class='ocrx_word' id='word_1_457' title='bbox 2425 2960 2442 2991; x_wconf 83' lang='grc' dir='ltr'><strong>ι</strong></span> <span class='ocrx_word' id='word_1_458' title='bbox 2480 2941 2774 2994; x_wconf 85' lang='lat' dir='ltr'><strong>Cantores:</strong></span> <span class='ocrx_word' id='word_1_459' title='bbox 2819 2959 2834 2989; x_wconf 89' lang='grc' dir='ltr'><strong>ι</strong></span> <span class='ocrx_word' id='word_1_460' title='bbox 2870 2939 3032 2992; x_wconf 78' lang='lat' dir='ltr'><strong>Multa</strong></span> <span class='ocrx_word' id='word_1_461' title='bbox 3079 2939 3232 2992; x_wconf 85' lang='lat' dir='ltr'><strong>vobis</strong></span> <span class='ocrx_word' id='word_1_462' title='bbox 3271 2949 3402 2990; x_wconf 87' lang='lat' dir='ltr'><strong>teut-</strong></span> 
     </span>
    </p>
   </div>
   <div class='ocr_carea' id='block_1_62' title="bbox 1819 3031 3397 3104">
    <p class='ocr_par' dir='ltr' id='par_1_62' title="bbox 1819 3031 3397 3104">
     <span class='ocr_line' id='line_1_62' title="bbox 1819 3031 3397 3104; baseline -0.004 -19"><span class='ocrx_word' id='word_1_463' title='bbox 1819 3049 1970 3104; x_wconf 78' lang='lat' dir='ltr'><strong>pora,</strong></span> <span class='ocrx_word' id='word_1_464' title='bbox 2031 3033 2218 3087; x_wconf 80' lang='lat' dir='ltr'><strong>famuli</strong></span> <span class='ocrx_word' id='word_1_465' title='bbox 2273 3033 2484 3087; x_wconf 87' lang='lat' dir='ltr'><strong>Domini</strong></span> <span class='ocrx_word' id='word_1_466' title='bbox 2520 3050 2534 3096; x_wconf 92' lang='lat'><strong>;</strong></span> <span class='ocrx_word' id='word_1_467' title='bbox 2568 3049 2584 3081; x_wconf 87' lang='grc' dir='ltr'><strong>ι</strong></span> <span class='ocrx_word' id='word_1_468' title='bbox 2641 3031 2843 3084; x_wconf 83' lang='lat' dir='ltr'><strong>clamat</strong></span> <span class='ocrx_word' id='word_1_469' title='bbox 2890 3040 2944 3084; x_wconf 88' lang='lat' dir='ltr'><strong>et</strong></span> <span class='ocrx_word' id='word_1_470' title='bbox 2995 3031 3222 3098; x_wconf 89' lang='lat' dir='ltr'><strong>populus</strong></span> <span class='ocrx_word' id='word_1_471' title='bbox 3275 3038 3397 3082; x_wconf 86' lang='lat' dir='ltr'><strong>ter:</strong></span> 
     </span>
    </p>
   </div>
   <div class='ocr_carea' id='block_1_63' title="bbox 1825 3121 3402 3192">
    <p class='ocr_par' dir='ltr' id='par_1_63' title="bbox 1825 3121 3402 3192">
     <span class='ocr_line' id='line_1_63' title="bbox 1825 3121 3402 3192; baseline -0.004 -14"><span class='ocrx_word' id='word_1_472' title='bbox 1825 3145 1842 3178; x_wconf 88' lang='grc' dir='ltr'><strong>ι</strong></span> <span class='ocrx_word' id='word_1_473' title='bbox 1876 3126 2037 3179; x_wconf 83' lang='lat' dir='ltr'><strong>Multa</strong></span> <span class='ocrx_word' id='word_1_474' title='bbox 2094 3126 2245 3178; x_wconf 83' lang='lat' dir='ltr'><strong>vobis</strong></span> <span class='ocrx_word' id='word_1_475' title='bbox 2284 3135 2544 3192; x_wconf 84' lang='lat' dir='ltr'><strong>tempora.</strong></span> <span class='ocrx_word' id='word_1_476' title='bbox 2579 3143 2597 3175; x_wconf 83' lang='grc' dir='ltr'><strong>ι</strong></span> <span class='ocrx_word' id='word_1_477' title='bbox 2627 3123 2920 3177; x_wconf 85' lang='lat' dir='ltr'><strong>Cantores:</strong></span> <span class='ocrx_word' id='word_1_478' title='bbox 2963 3141 2980 3173; x_wconf 85' lang='grc' dir='ltr'><strong>ι</strong></span> <span class='ocrx_word' id='word_1_479' title='bbox 3035 3121 3195 3174; x_wconf 78' lang='lat' dir='ltr'><strong>Multa</strong></span> <span class='ocrx_word' id='word_1_480' title='bbox 3252 3121 3402 3175; x_wconf 82' lang='lat' dir='ltr'><strong>vobis</strong></span> 
     </span>
    </p>
   </div>
   <div class='ocr_carea' id='block_1_64' title="bbox 1821 3213 3402 3286">
    <p class='ocr_par' dir='ltr' id='par_1_64' title="bbox 1821 3213 3402 3286">
     <span class='ocr_line' id='line_1_64' title="bbox 1821 3213 3402 3286; baseline -0.006 -14"><span class='ocrx_word' id='word_1_481' title='bbox 1821 3230 2084 3286; x_wconf 86' lang='lat' dir='ltr'><strong>tempora,</strong></span> <span class='ocrx_word' id='word_1_482' title='bbox 2127 3217 2191 3271; x_wconf 80' lang='grc' dir='ltr'><strong>Ν.</strong></span> <span class='ocrx_word' id='word_1_483' title='bbox 2220 3217 2282 3270; x_wconf 70' lang='grc' dir='ltr'><strong>Ν.</strong></span> <span class='ocrx_word' id='word_1_484' title='bbox 2314 3219 2568 3285; x_wconf 79' lang='lat' dir='ltr'><strong>Augusta:</strong></span> <span class='ocrx_word' id='word_1_485' title='bbox 2609 3216 3018 3278; x_wconf 80' lang='lat' dir='ltr'><strong>Romanorum;</strong></span> <span class='ocrx_word' id='word_1_486' title='bbox 3057 3232 3074 3264; x_wconf 85' lang='grc' dir='ltr'><strong>ι</strong></span> <span class='ocrx_word' id='word_1_487' title='bbox 3123 3213 3320 3265; x_wconf 86' lang='lat' dir='ltr'><strong>clamat</strong></span> <span class='ocrx_word' id='word_1_488' title='bbox 3347 3221 3402 3262; x_wconf 86' lang='lat' dir='ltr'><strong>ct</strong></span> 
     </span>
    </p>
   </div>
   <div class='ocr_carea' id='block_1_65' title="bbox 1823 3308 3400 3382">
    <p class='ocr_par' dir='ltr' id='par_1_65' title="bbox 1823 3308 3400 3382">
     <span class='ocr_line' id='line_1_65' title="bbox 1823 3308 3400 3382; baseline -0.004 -15"><span class='ocrx_word' id='word_1_489' title='bbox 1823 3315 2049 3382; x_wconf 87' lang='lat' dir='ltr'><strong>populus</strong></span> <span class='ocrx_word' id='word_1_490' title='bbox 2113 3322 2223 3367; x_wconf 89' lang='lat' dir='ltr'><strong>ler:</strong></span> <span class='ocrx_word' id='word_1_491' title='bbox 2277 3333 2294 3363; x_wconf 80' lang='grc' dir='ltr'><strong>ι</strong></span> <span class='ocrx_word' id='word_1_492' title='bbox 2333 3312 2494 3365; x_wconf 77' lang='lat' dir='ltr'><strong>Multa</strong></span> <span class='ocrx_word' id='word_1_493' title='bbox 2545 3312 2697 3364; x_wconf 72' lang='lat' dir='ltr'><strong>vobis</strong></span> <span class='ocrx_word' id='word_1_494' title='bbox 2731 3320 2993 3377; x_wconf 84' lang='lat' dir='ltr'><strong>tempora.</strong></span> <span class='ocrx_word' id='word_1_495' title='bbox 3035 3328 3053 3360; x_wconf 83' lang='grc' dir='ltr'><strong>ι</strong></span> <span class='ocrx_word' id='word_1_496' title='bbox 3089 3308 3400 3361; x_wconf 82' lang='lat' dir='ltr'><strong>Cantores:</strong></span> 
     </span>
    </p>
   </div>
   <div class='ocr_carea' id='block_1_66' title="bbox 1828 3402 3402 3474">
    <p class='ocr_par' dir='ltr' id='par_1_66' title="bbox 1828 3402 3402 3474">
     <span class='ocr_line' id='line_1_66' title="bbox 1828 3402 3402 3474; baseline -0.009 -13"><span class='ocrx_word' id='word_1_497' title='bbox 1828 3425 1845 3456; x_wconf 80' lang='grc' dir='ltr'><strong>ι</strong></span> <span class='ocrx_word' id='word_1_498' title='bbox 1892 3406 1960 3461; x_wconf 90' lang='lat' dir='ltr'><strong>Ut</strong></span> <span class='ocrx_word' id='word_1_499' title='bbox 2011 3408 2153 3461; x_wconf 78' lang='lat' dir='ltr'><strong>servi</strong></span> <span class='ocrx_word' id='word_1_500' title='bbox 2190 3405 2399 3474; x_wconf 79' lang='lat' dir='ltr'><strong>precari</strong></span> <span class='ocrx_word' id='word_1_501' title='bbox 2449 3405 2748 3468; x_wconf 80' lang='lat' dir='ltr'><strong>audemus;</strong></span> <span class='ocrx_word' id='word_1_502' title='bbox 2794 3422 2812 3453; x_wconf 81' lang='grc' dir='ltr'><strong>ι</strong></span> <span class='ocrx_word' id='word_1_503' title='bbox 2843 3403 3042 3455; x_wconf 87' lang='lat' dir='ltr'><strong>clamat</strong></span> <span class='ocrx_word' id='word_1_504' title='bbox 3078 3411 3134 3455; x_wconf 87' lang='lat' dir='ltr'><strong>et</strong></span> <span class='ocrx_word' id='word_1_505' title='bbox 3173 3402 3402 3469; x_wconf 73' lang='lat' dir='ltr'><strong>populus</strong></span> 
     </span>
    </p>
   </div>
   <div class='ocr_carea' id='block_1_67' title="bbox 134 3459 1742 3559">
    <p class='ocr_par' dir='ltr' id='par_1_67' title="bbox 134 3479 1716 3553">
     <span class='ocr_line' id='line_1_67' title="bbox 134 3479 1716 3553; baseline 0.004 -23"><span class='ocrx_word' id='word_1_506' title='bbox 134 3497 269 3533; x_wconf 76' lang='grc' dir='ltr'>κτσι</span> <span class='ocrx_word' id='word_1_507' title='bbox 290 3493 302 3505; x_wconf 91' lang='grc'><strong>·</strong></span> <span class='ocrx_word' id='word_1_508' title='bbox 347 3498 368 3530; x_wconf 72' lang='grc' dir='ltr'><strong>ι</strong></span> <span class='ocrx_word' id='word_1_509' title='bbox 404 3479 493 3541; x_wconf 79' lang='grc' dir='ltr'><strong>Ὠς</strong></span> <span class='ocrx_word' id='word_1_510' title='bbox 520 3480 693 3533; x_wconf 72' lang='grc' dir='ltr'>δοῦλοι</span> <span class='ocrx_word' id='word_1_511' title='bbox 729 3480 1018 3548; x_wconf 75' lang='grc' dir='ltr'><strong>τολμῶμεν</strong></span> <span class='ocrx_word' id='word_1_512' title='bbox 1050 3481 1464 3550; x_wconf 81' lang='grc' dir='ltr'><strong>παρακαλέσαι·</strong></span> <span class='ocrx_word' id='word_1_513' title='bbox 1497 3501 1515 3534; x_wconf 84' lang='grc' dir='ltr'><strong>ι</strong></span> <span class='ocrx_word' id='word_1_514' title='bbox 1550 3483 1716 3553; x_wconf 83' lang='grc' dir='ltr'>φθογ-</span> 
     </span>
    </p>
   </div>
   <div class='ocr_carea' id='block_1_68' title="bbox 1819 3459 3401 3559">
    <p class='ocr_par' dir='ltr' id='par_1_68' title="bbox 1822 3492 3401 3559">
     <span class='ocr_line' id='line_1_68' title="bbox 1822 3492 3401 3559; baseline -0.008 -6"><span class='ocrx_word' id='word_1_515' title='bbox 1822 3500 2008 3553; x_wconf 83' lang='lat' dir='ltr'><strong>eadem</strong></span> <span class='ocrx_word' id='word_1_516' title='bbox 2075 3509 2176 3555; x_wconf 91' lang='lat' dir='ltr'><strong>ter.</strong></span> <span class='ocrx_word' id='word_1_517' title='bbox 2237 3497 2539 3552; x_wconf 84' lang='lat' dir='ltr'><strong>Cantores:</strong></span> <span class='ocrx_word' id='word_1_518' title='bbox 2577 3516 2595 3547; x_wconf 79' lang='grc' dir='ltr'><strong>ι</strong></span> <span class='ocrx_word' id='word_1_519' title='bbox 2631 3496 2764 3550; x_wconf 90' lang='lat' dir='ltr'><strong>Cum</strong></span> <span class='ocrx_word' id='word_1_520' title='bbox 2833 3496 3026 3546; x_wconf 89' lang='lat' dir='ltr'><strong>timore</strong></span> <span class='ocrx_word' id='word_1_521' title='bbox 3077 3492 3401 3559; x_wconf 77' lang='lat' dir='ltr'><strong>suspicimus</strong></span> 
     </span>
    </p>
   </div>
   <div class='ocr_carea' id='block_1_69' title="bbox 132 3571 1716 3641">
    <p class='ocr_par' dir='ltr' id='par_1_69' title="bbox 132 3571 1716 3641">
     <span class='ocr_line' id='line_1_69' title="bbox 132 3571 1716 3641; baseline 0.004 -19"><span class='ocrx_word' id='word_1_522' title='bbox 132 3577 226 3637; x_wconf 72' lang='grc' dir='ltr'>τεί</span> <span class='ocrx_word' id='word_1_523' title='bbox 259 3574 354 3624; x_wconf 80' lang='grc' dir='ltr'>καί</span> <span class='ocrx_word' id='word_1_524' title='bbox 389 3575 416 3624; x_wconf 83' lang='grc' dir='ltr'>ὁ</span> <span class='ocrx_word' id='word_1_525' title='bbox 444 3571 568 3632; x_wconf 76' lang='grc' dir='ltr'><strong>λαὸς</strong></span> <span class='ocrx_word' id='word_1_526' title='bbox 603 3575 666 3623; x_wconf 82' lang='grc' dir='ltr'><strong>ὲκ</strong></span> <span class='ocrx_word' id='word_1_527' title='bbox 701 3579 746 3638; x_wconf 71' lang='grc' dir='ltr'><strong>γ’</strong></span> <span class='ocrx_word' id='word_1_528' title='bbox 797 3572 1016 3639; x_wconf 81' lang='grc' dir='ltr'><strong>ὁμοίως.</strong></span> <span class='ocrx_word' id='word_1_529' title='bbox 1073 3572 1133 3624; x_wconf 80' lang='lat' dir='ltr'><strong>Ui</strong></span> <span class='ocrx_word' id='word_1_530' title='bbox 1161 3573 1434 3641; x_wconf 80' lang='grc' dir='ltr'>κράκται“</span> <span class='ocrx_word' id='word_1_531' title='bbox 1480 3592 1498 3626; x_wconf 78' lang='grc' dir='ltr'><strong>ι</strong></span> <span class='ocrx_word' id='word_1_532' title='bbox 1561 3577 1716 3628; x_wconf 83' lang='grc' dir='ltr'><strong>Μετὰ</strong></span> 
     </span>
    </p>
   </div>
   <div class='ocr_carea' id='block_1_70' title="bbox 132 3662 1717 3735">
    <p class='ocr_par' dir='ltr' id='par_1_70' title="bbox 132 3662 1717 3735">
     <span class='ocr_line' id='line_1_70' title="bbox 132 3662 1717 3735; baseline 0.004 -20"><span class='ocrx_word' id='word_1_533' title='bbox 132 3665 314 3728; x_wconf 69' lang='grc' dir='ltr'>φόϐου</span> <span class='ocrx_word' id='word_1_534' title='bbox 369 3662 724 3733; x_wconf 69' lang='grc' dir='ltr'><strong>δυσωποῦμζεν</strong></span> <span class='ocrx_word' id='word_1_535' title='bbox 749 3666 870 3726; x_wconf 74' lang='grc' dir='ltr'>τοὺς</span> <span class='ocrx_word' id='word_1_536' title='bbox 913 3664 1204 3726; x_wconf 72' lang='grc' dir='ltr'>δεσπότα;’</span> <span class='ocrx_word' id='word_1_537' title='bbox 1242 3684 1259 3716; x_wconf 83' lang='grc' dir='ltr'><strong>ι</strong></span> <span class='ocrx_word' id='word_1_538' title='bbox 1297 3665 1527 3735; x_wconf 82' lang='grc' dir='ltr'><strong>φθογγεῑ</strong></span> <span class='ocrx_word' id='word_1_539' title='bbox 1558 3671 1649 3720; x_wconf 68' lang='lat' dir='ltr'><strong>xxi</strong></span> <span class='ocrx_word' id='word_1_540' title='bbox 1689 3670 1717 3720; x_wconf 80' lang='grc'>6</span> 
     </span>
    </p>
   </div>
   <div class='ocr_carea' id='block_1_71' title="bbox 130 3756 1715 3830">
    <p class='ocr_par' dir='ltr' id='par_1_71' title="bbox 130 3756 1715 3830">
     <span class='ocr_line' id='line_1_71' title="bbox 130 3756 1715 3830; baseline 0.003 -22"><span class='ocrx_word' id='word_1_541' title='bbox 130 3757 270 3820; x_wconf 52' lang='lat' dir='ltr'><strong>Lat;</strong></span> <span class='ocrx_word' id='word_1_542' title='bbox 294 3758 360 3808; x_wconf 75' lang='grc' dir='ltr'><strong>ἐκ</strong></span> <span class='ocrx_word' id='word_1_543' title='bbox 389 3763 436 3824; x_wconf 83' lang='grc' dir='ltr'><strong>γ’</strong></span> <span class='ocrx_word' id='word_1_544' title='bbox 473 3757 693 3824; x_wconf 76' lang='grc' dir='ltr'><strong>ὁμοίως.</strong></span> <span class='ocrx_word' id='word_1_545' title='bbox 713 3757 775 3807; x_wconf 84' lang='grc' dir='ltr'><strong>Οἱ</strong></span> <span class='ocrx_word' id='word_1_546' title='bbox 807 3757 1043 3824; x_wconf 80' lang='grc' dir='ltr'><strong>κράκται</strong></span> <span class='ocrx_word' id='word_1_547' title='bbox 1064 3773 1077 3786; x_wconf 90' lang='grc'><strong>·</strong></span> <span class='ocrx_word' id='word_1_548' title='bbox 1104 3775 1121 3807; x_wconf 86' lang='grc' dir='ltr'><strong>ι</strong></span> <span class='ocrx_word' id='word_1_549' title='bbox 1147 3756 1507 3822; x_wconf 78' lang='grc' dir='ltr'><strong>’Δνεξιιιάκως</strong></span> <span class='ocrx_word' id='word_1_550' title='bbox 1538 3777 1715 3830; x_wconf 82' lang='grc' dir='ltr'><strong>παρα-</strong></span> 
     </span>
    </p>
   </div>
   <div class='ocr_carea' id='block_1_72' title="bbox 129 3843 1717 3921">
    <p class='ocr_par' dir='ltr' id='par_1_72' title="bbox 129 3843 1717 3921">
     <span class='ocr_line' id='line_1_72' title="bbox 129 3843 1717 3921; baseline 0.003 -20"><span class='ocrx_word' id='word_1_551' title='bbox 129 3851 411 3917; x_wconf 67' lang='grc' dir='ltr'><strong>κλήθητε,</strong></span> <span class='ocrx_word' id='word_1_552' title='bbox 447 3843 493 3902; x_wconf 77' lang='grc' dir='ltr'><strong>ὦ</strong></span> <span class='ocrx_word' id='word_1_553' title='bbox 523 3849 898 3918; x_wconf 79' lang='grc' dir='ltr'><strong>εὐεργέται¹⁷·</strong></span> <span class='ocrx_word' id='word_1_554' title='bbox 931 3868 950 3900; x_wconf 80' lang='grc' dir='ltr'><strong>ι</strong></span> <span class='ocrx_word' id='word_1_555' title='bbox 989 3852 1018 3901; x_wconf 84' lang='grc' dir='ltr'>ὁ</span> <span class='ocrx_word' id='word_1_556' title='bbox 1049 3851 1176 3913; x_wconf 69' lang='grc' dir='ltr'><strong>λαὸς</strong></span> <span class='ocrx_word' id='word_1_557' title='bbox 1213 3853 1412 3918; x_wconf 77' lang='grc' dir='ltr'>ὁμοίοις</span> <span class='ocrx_word' id='word_1_558' title='bbox 1454 3855 1516 3907; x_wconf 85' lang='grc' dir='ltr'><strong>ἐκ</strong></span> <span class='ocrx_word' id='word_1_559' title='bbox 1549 3862 1617 3921; x_wconf 87' lang='grc' dir='ltr'><strong>γ’.</strong></span> <span class='ocrx_word' id='word_1_560' title='bbox 1654 3857 1717 3906; x_wconf 84' lang='lat' dir='ltr'><strong>0i</strong></span> 
     </span>
    </p>
   </div>
   <div class='ocr_carea' id='block_1_73' title="bbox 463 3942 1689 4016">
    <p class='ocr_par' dir='ltr' id='par_1_73' title="bbox 463 3942 1689 4016">
     <span class='ocr_line' id='line_1_73' title="bbox 463 3942 1689 4016; baseline 0.005 -23"><span class='ocrx_word' id='word_1_561' title='bbox 463 3961 482 3993; x_wconf 75' lang='grc' dir='ltr'><strong>ι</strong></span> <span class='ocrx_word' id='word_1_562' title='bbox 519 3942 608 4006; x_wconf 76' lang='grc' dir='ltr'><strong>Εἰς</strong></span> <span class='ocrx_word' id='word_1_563' title='bbox 640 3943 739 4011; x_wconf 75' lang='grc' dir='ltr'><strong>τὴν</strong></span> <span class='ocrx_word' id='word_1_564' title='bbox 768 3942 952 4011; x_wconf 74' lang='grc' dir='ltr'><strong>δέησιν</strong></span> <span class='ocrx_word' id='word_1_565' title='bbox 985 3943 1092 3995; x_wconf 82' lang='grc' dir='ltr'><strong>τῶν</strong></span> <span class='ocrx_word' id='word_1_566' title='bbox 1142 3945 1343 3997; x_wconf 74' lang='grc' dir='ltr'><strong>δούλων</strong></span> <span class='ocrx_word' id='word_1_567' title='bbox 1378 3947 1530 4016; x_wconf 80' lang='grc' dir='ltr'><strong>ὑμῶν</strong></span> <span class='ocrx_word' id='word_1_568' title='bbox 1563 3948 1689 3999; x_wconf 76' lang='grc' dir='ltr'><strong>Β;νὲ</strong></span> 
     </span>
    </p>
   </div>
   <div class='ocr_carea' id='block_1_74' title="bbox 128 4034 1719 4110">
    <p class='ocr_par' dir='ltr' id='par_1_74' title="bbox 128 4034 1719 4110">
     <span class='ocr_line' id='line_1_74' title="bbox 128 4034 1719 4110; baseline 0.001 -23"><span class='ocrx_word' id='word_1_569' title='bbox 128 4054 288 4090; x_wconf 82' lang='grc' dir='ltr'><strong>των·</strong></span> <span class='ocrx_word' id='word_1_570' title='bbox 330 4055 350 4088; x_wconf 71' lang='grc' dir='ltr'><strong>ι</strong></span> <span class='ocrx_word' id='word_1_571' title='bbox 415 4039 443 4090; x_wconf 79' lang='grc' dir='ltr'>ὁ</span> <span class='ocrx_word' id='word_1_572' title='bbox 499 4036 624 4099; x_wconf 80' lang='grc' dir='ltr'><strong>λαὸς</strong></span> <span class='ocrx_word' id='word_1_573' title='bbox 674 4038 736 4088; x_wconf 80' lang='grc' dir='ltr'><strong>ἐκ</strong></span> <span class='ocrx_word' id='word_1_574' title='bbox 767 4034 814 4102; x_wconf 85' lang='grc' dir='ltr'><strong>γ’</strong></span> <span class='ocrx_word' id='word_1_575' title='bbox 846 4036 1069 4103; x_wconf 78' lang='grc' dir='ltr'><strong>ὁμοίως.</strong></span> <span class='ocrx_word' id='word_1_576' title='bbox 1121 4040 1182 4090; x_wconf 76' lang='lat' dir='ltr'><strong>Oi</strong></span> <span class='ocrx_word' id='word_1_577' title='bbox 1219 4043 1452 4108; x_wconf 80' lang='grc' dir='ltr'>κράκται</span> <span class='ocrx_word' id='word_1_578' title='bbox 1477 4057 1489 4068; x_wconf 93' lang='grc'><strong>·</strong></span> <span class='ocrx_word' id='word_1_579' title='bbox 1552 4058 1569 4090; x_wconf 78' lang='grc' dir='ltr'><strong>ι</strong></span> <span class='ocrx_word' id='word_1_580' title='bbox 1610 4043 1719 4110; x_wconf 72' lang='grc' dir='ltr'><strong>ἰ’ὴν</strong></span> 
     </span>
    </p>
   </div>
   <div class='ocr_carea' id='block_1_75' title="bbox 131 3947 425 4011">
    <p class='ocr_par' dir='ltr' id='par_1_75' title="bbox 131 3947 425 4011">
     <span class='ocr_line' id='line_1_75' title="bbox 131 3947 425 4011; baseline 0 -18"><span class='ocrx_word' id='word_1_581' title='bbox 131 3947 388 4011; x_wconf 72' lang='grc' dir='ltr'><strong>κράκται</strong></span> <span class='ocrx_word' id='word_1_582' title='bbox 414 3957 425 3969; x_wconf 88' lang='grc'><em>’</em></span> 
     </span>
    </p>
   </div>
   <div class='ocr_carea' id='block_1_76' title="bbox 1825 3583 3398 3656">
    <p class='ocr_par' dir='ltr' id='par_1_76' title="bbox 1825 3583 3398 3656">
     <span class='ocr_line' id='line_1_76' title="bbox 1825 3583 3398 3656; baseline -0.008 -12"><span class='ocrx_word' id='word_1_583' title='bbox 1825 3591 2108 3654; x_wconf 88' lang='lat' dir='ltr'><strong>dominos;</strong></span> <span class='ocrx_word' id='word_1_584' title='bbox 2143 3609 2161 3641; x_wconf 82' lang='grc' dir='ltr'><strong>ι</strong></span> <span class='ocrx_word' id='word_1_585' title='bbox 2192 3589 2387 3644; x_wconf 84' lang='lat' dir='ltr'><strong>c&#39;amat</strong></span> <span class='ocrx_word' id='word_1_586' title='bbox 2423 3597 2475 3641; x_wconf 88' lang='lat' dir='ltr'><strong>et</strong></span> <span class='ocrx_word' id='word_1_587' title='bbox 2511 3588 2734 3656; x_wconf 87' lang='lat' dir='ltr'><strong>populus</strong></span> <span class='ocrx_word' id='word_1_588' title='bbox 2783 3585 3052 3639; x_wconf 83' lang='lat' dir='ltr'><strong>similiter.</strong></span> <span class='ocrx_word' id='word_1_589' title='bbox 3088 3583 3346 3636; x_wconf 81' lang='lat' dir='ltr'><strong>Cantores</strong></span> <span class='ocrx_word' id='word_1_590' title='bbox 3387 3599 3398 3632; x_wconf 91' lang='lat'><strong>:</strong></span> 
     </span>
    </p>
   </div>
   <div class='ocr_carea' id='block_1_77' title="bbox 1829 3675 3402 3749">
    <p class='ocr_par' dir='ltr' id='par_1_77' title="bbox 1829 3675 3402 3749">
     <span class='ocr_line' id='line_1_77' title="bbox 1829 3675 3402 3749; baseline -0.006 -17"><span class='ocrx_word' id='word_1_591' title='bbox 1829 3700 1848 3732; x_wconf 75' lang='grc' dir='ltr'><strong>ι</strong></span> <span class='ocrx_word' id='word_1_592' title='bbox 1887 3679 2000 3734; x_wconf 82' lang='lat' dir='ltr'><strong>Non</strong></span> <span class='ocrx_word' id='word_1_593' title='bbox 2071 3680 2265 3749; x_wconf 82' lang='lat' dir='ltr'><strong>injuria</strong></span> <span class='ocrx_word' id='word_1_594' title='bbox 2328 3680 2678 3741; x_wconf 78' lang='lat' dir='ltr'><strong>inVocaInitti,</strong></span> <span class='ocrx_word' id='word_1_595' title='bbox 2718 3677 2981 3740; x_wconf 88' lang='lat' dir='ltr'><strong>henelici;</strong></span> <span class='ocrx_word' id='word_1_596' title='bbox 3020 3694 3036 3726; x_wconf 87' lang='grc' dir='ltr'><strong>ι</strong></span> <span class='ocrx_word' id='word_1_597' title='bbox 3093 3675 3292 3728; x_wconf 87' lang='lat' dir='ltr'><strong>clamat</strong></span> <span class='ocrx_word' id='word_1_598' title='bbox 3347 3683 3402 3724; x_wconf 90' lang='lat' dir='ltr'><strong>et</strong></span> 
     </span>
    </p>
   </div>
   <div class='ocr_carea' id='block_1_78' title="bbox 1822 3767 3398 3842">
    <p class='ocr_par' dir='ltr' id='par_1_78' title="bbox 1822 3767 3398 3842">
     <span class='ocr_line' id='line_1_78' title="bbox 1822 3767 3398 3842; baseline -0.006 -17"><span class='ocrx_word' id='word_1_599' title='bbox 1822 3772 2047 3842; x_wconf 86' lang='lat' dir='ltr'><strong>populus</strong></span> <span class='ocrx_word' id='word_1_600' title='bbox 2101 3773 2352 3827; x_wconf 82' lang='lat' dir='ltr'><strong>similiter</strong></span> <span class='ocrx_word' id='word_1_601' title='bbox 2405 3773 2577 3826; x_wconf 87' lang='lat' dir='ltr'><strong>tribus</strong></span> <span class='ocrx_word' id='word_1_602' title='bbox 2629 3771 2857 3825; x_wconf 80' lang='lat' dir='ltr'><strong>vicibus.</strong></span> <span class='ocrx_word' id='word_1_603' title='bbox 2918 3771 3209 3825; x_wconf 83' lang='lat' dir='ltr'><strong>Cantores:</strong></span> <span class='ocrx_word' id='word_1_604' title='bbox 3244 3785 3261 3816; x_wconf 81' lang='grc' dir='ltr'><strong>ι</strong></span> <span class='ocrx_word' id='word_1_605' title='bbox 3319 3767 3398 3817; x_wconf 85' lang='lat' dir='ltr'><strong>Ad</strong></span> 
     </span>
    </p>
   </div>
   <div class='ocr_carea' id='block_1_79' title="bbox 1822 3859 3397 3930">
    <p class='ocr_par' dir='ltr' id='par_1_79' title="bbox 1822 3859 3397 3930">
     <span class='ocr_line' id='line_1_79' title="bbox 1822 3859 3397 3930; baseline -0.004 -15"><span class='ocrx_word' id='word_1_606' title='bbox 1822 3875 2006 3930; x_wconf 81' lang='lat' dir='ltr'><strong>preces</strong></span> <span class='ocrx_word' id='word_1_607' title='bbox 2027 3876 2306 3915; x_wconf 78' lang='lat' dir='ltr'><strong>servorum</strong></span> <span class='ocrx_word' id='word_1_608' title='bbox 2344 3874 2644 3916; x_wconf 88' lang='lat' dir='ltr'><strong>vestrorum</strong></span> <span class='ocrx_word' id='word_1_609' title='bbox 2675 3859 3035 3923; x_wconf 78' lang='lat' dir='ltr'><strong>Venetorum;</strong></span> <span class='ocrx_word' id='word_1_610' title='bbox 3066 3879 3082 3910; x_wconf 82' lang='grc' dir='ltr'><strong>ι</strong></span> <span class='ocrx_word' id='word_1_611' title='bbox 3114 3860 3314 3912; x_wconf 84' lang='lat' dir='ltr'><strong>clamat</strong></span> <span class='ocrx_word' id='word_1_612' title='bbox 3345 3867 3397 3908; x_wconf 83' lang='lat' dir='ltr'><strong>et</strong></span> 
     </span>
    </p>
   </div>
   <div class='ocr_carea' id='block_1_80' title="bbox 1825 3951 3396 4024">
    <p class='ocr_par' dir='ltr' id='par_1_80' title="bbox 1825 3951 3396 4024">
     <span class='ocr_line' id='line_1_80' title="bbox 1825 3951 3396 4024; baseline -0.001 -22"><span class='ocrx_word' id='word_1_613' title='bbox 1825 3953 2049 4020; x_wconf 77' lang='lat' dir='ltr'><strong>pepulus</strong></span> <span class='ocrx_word' id='word_1_614' title='bbox 2094 3965 2191 4007; x_wconf 90' lang='lat' dir='ltr'><strong>ter.</strong></span> <span class='ocrx_word' id='word_1_615' title='bbox 2236 3954 2529 4008; x_wconf 86' lang='lat' dir='ltr'><strong>Cantores:</strong></span> <span class='ocrx_word' id='word_1_616' title='bbox 2566 3974 2583 4006; x_wconf 80' lang='grc' dir='ltr'><strong>ι</strong></span> <span class='ocrx_word' id='word_1_617' title='bbox 2618 3955 2956 4024; x_wconf 74' lang='lat' dir='ltr'><strong>Maiestatem</strong></span> <span class='ocrx_word' id='word_1_618' title='bbox 2997 3964 3142 4008; x_wconf 87' lang='lat' dir='ltr'><strong>tuam</strong></span> <span class='ocrx_word' id='word_1_619' title='bbox 3203 3951 3396 4005; x_wconf 81' lang='lat' dir='ltr'><strong>festum</strong></span> 
     </span>
    </p>
   </div>
   <div class='ocr_carea' id='block_1_81' title="bbox 1824 4044 3390 4117">
    <p class='ocr_par' dir='ltr' id='par_1_81' title="bbox 1824 4044 3390 4117">
     <span class='ocr_line' id='line_1_81' title="bbox 1824 4044 3390 4117; baseline 0.002 -24"><span class='ocrx_word' id='word_1_620' title='bbox 1824 4044 1965 4110; x_wconf 82' lang='lat' dir='ltr'><strong>bunc</strong></span> <span class='ocrx_word' id='word_1_621' title='bbox 1996 4045 2136 4097; x_wconf 87' lang='lat' dir='ltr'><strong>diem</strong></span> <span class='ocrx_word' id='word_1_622' title='bbox 2161 4055 2216 4096; x_wconf 93' lang='lat' dir='ltr'><strong>ut</strong></span> <span class='ocrx_word' id='word_1_623' title='bbox 2237 4046 2389 4098; x_wconf 86' lang='lat' dir='ltr'><strong>nobis</strong></span> <span class='ocrx_word' id='word_1_624' title='bbox 2410 4045 2688 4101; x_wconf 86' lang='lat' dir='ltr'><strong>celebrare</strong></span> <span class='ocrx_word' id='word_1_625' title='bbox 2705 4047 2999 4117; x_wconf 76' lang='lat' dir='ltr'><strong>permittat,</strong></span> <span class='ocrx_word' id='word_1_626' title='bbox 3025 4058 3338 4115; x_wconf 86' lang='lat' dir='ltr'><strong>precamur;</strong></span> <span class='ocrx_word' id='word_1_627' title='bbox 3373 4058 3390 4090; x_wconf 75' lang='grc' dir='ltr'><strong>ι</strong></span> 
     </span>
    </p>
   </div>
   <div class='ocr_carea' id='block_1_82' title="bbox 1436 4164 2104 4223">
    <p class='ocr_par' dir='ltr' id='par_1_82' title="bbox 1436 4164 2104 4223">
     <span class='ocr_line' id='line_1_82' title="bbox 1436 4164 2104 4223; baseline 0.007 -5"><span class='ocrx_word' id='word_1_628' title='bbox 1436 4164 1665 4220; x_wconf 70' lang='lat' dir='ltr'><strong>VARIE</strong></span> <span class='ocrx_word' id='word_1_629' title='bbox 1705 4165 2104 4223; x_wconf 75' lang='lat' dir='ltr'><strong>LECTIONES.</strong></span> 
     </span>
    </p>
   </div>
   <div class='ocr_carea' id='block_1_83' title="bbox 214 4279 1458 4351">
    <p class='ocr_par' dir='ltr' id='par_1_83' title="bbox 214 4279 1458 4351">
     <span class='ocr_line' id='line_1_83' title="bbox 214 4279 1458 4351; baseline -0.006 -10"><span class='ocrx_word' id='word_1_630' title='bbox 214 4285 261 4315; x_wconf 86' lang='lat'>&quot;</span> <span class='ocrx_word' id='word_1_631' title='bbox 297 4280 520 4351; x_wconf 79' lang='grc' dir='ltr'><strong>φθογγὴ</strong></span> <span class='ocrx_word' id='word_1_632' title='bbox 547 4280 635 4335; x_wconf 86' lang='lat' dir='ltr'><strong>ed.</strong></span> <span class='ocrx_word' id='word_1_633' title='bbox 681 4279 879 4349; x_wconf 89' lang='lat' dir='ltr'><strong>ubique</strong></span> <span class='ocrx_word' id='word_1_634' title='bbox 923 4279 1144 4347; x_wconf 61' lang='lat' dir='ltr'><strong>prebet.</strong></span> <span class='ocrx_word' id='word_1_635' title='bbox 1178 4289 1235 4334; x_wconf 90' lang='lat' dir='ltr'><strong>nt</strong></span> <span class='ocrx_word' id='word_1_636' title='bbox 1271 4295 1458 4349; x_wconf 84' lang='lat' dir='ltr'><strong>supra.</strong></span> 
     </span>
    </p>
   </div>
   <div class='ocr_carea' id='block_1_84' title="bbox 1542 4281 2018 4352">
    <p class='ocr_par' dir='ltr' id='par_1_84' title="bbox 1542 4281 2018 4352">
     <span class='ocr_line' id='line_1_84' title="bbox 1542 4281 2018 4352; baseline 0.006 -19"><span class='ocrx_word' id='word_1_637' title='bbox 1542 4281 1586 4312; x_wconf 78' lang='lat'>&quot;</span> <span class='ocrx_word' id='word_1_638' title='bbox 1608 4282 1681 4334; x_wconf 74' lang='lat' dir='ltr'><strong>tit:</strong></span> <span class='ocrx_word' id='word_1_639' title='bbox 1712 4283 1898 4352; x_wconf 72' lang='grc' dir='ltr'>εὐεργ.</span> <span class='ocrx_word' id='word_1_640' title='bbox 1931 4283 2018 4336; x_wconf 82' lang='lat' dir='ltr'><strong>ed.</strong></span> 
     </span>
    </p>
   </div>
   <div class='ocr_carea' id='block_1_85' title="bbox 1134 4374 2402 4432">
    <p class='ocr_par' dir='ltr' id='par_1_85' title="bbox 1134 4374 2402 4432">
     <span class='ocr_line' id='line_1_85' title="bbox 1134 4374 2402 4432; baseline 0.003 -4"><span class='ocrx_word' id='word_1_641' title='bbox 1134 4374 1326 4429; x_wconf 75' lang='grc' dir='ltr'>ιοΑΝ.</span> <span class='ocrx_word' id='word_1_642' title='bbox 1361 4375 1502 4430; x_wconf 76' lang='lat' dir='ltr'><strong>JAC.</strong></span> <span class='ocrx_word' id='word_1_643' title='bbox 1540 4376 1792 4431; x_wconf 77' lang='lat' dir='ltr'><strong>REISKII</strong></span> <span class='ocrx_word' id='word_1_644' title='bbox 1826 4377 2402 4432; x_wconf 73' lang='lat' dir='ltr'><strong>COMMENTARIUS.</strong></span> 
     </span>
    </p>
   </div>
   <div class='ocr_carea' id='block_1_86' title="bbox 204 4492 1720 4563">
    <p class='ocr_par' dir='ltr' id='par_1_86' title="bbox 204 4492 1720 4563">
     <span class='ocr_line' id='line_1_86' title="bbox 204 4492 1720 4563; baseline 0.002 -17"><span class='ocrx_word' id='word_1_645' title='bbox 204 4495 332 4563; x_wconf 74' lang='lat'><strong>(38)</strong></span> <span class='ocrx_word' id='word_1_646' title='bbox 382 4493 474 4546; x_wconf 88' lang='lat' dir='ltr'><strong>Sic</strong></span> <span class='ocrx_word' id='word_1_647' title='bbox 523 4492 615 4554; x_wconf 75' lang='grc' dir='ltr'><strong>Μ..</strong></span> <span class='ocrx_word' id='word_1_648' title='bbox 647 4502 812 4557; x_wconf 85' lang='lat' dir='ltr'><strong>recte,</strong></span> <span class='ocrx_word' id='word_1_649' title='bbox 841 4509 905 4548; x_wconf 81' lang='lat' dir='ltr'><strong>cx</strong></span> <span class='ocrx_word' id='word_1_650' title='bbox 945 4509 1093 4548; x_wconf 90' lang='lat' dir='ltr'><strong>more</strong></span> <span class='ocrx_word' id='word_1_651' title='bbox 1126 4509 1276 4547; x_wconf 79' lang='lat' dir='ltr'><strong>novae</strong></span> <span class='ocrx_word' id='word_1_652' title='bbox 1313 4493 1554 4548; x_wconf 67' lang='lat' dir='ltr'><strong>Gracche.</strong></span> <span class='ocrx_word' id='word_1_653' title='bbox 1604 4497 1720 4553; x_wconf 90' lang='lat' dir='ltr'><strong>\‘id.</strong></span> 
     </span>
    </p>
   </div>
   <div class='ocr_carea' id='block_1_87' title="bbox 128 4563 614 4627">
    <p class='ocr_par' dir='ltr' id='par_1_87' title="bbox 128 4563 614 4627">
     <span class='ocr_line' id='line_1_87' title="bbox 128 4563 614 4627; baseline -0.008 -9"><span class='ocrx_word' id='word_1_654' title='bbox 128 4576 256 4619; x_wconf 84' lang='lat' dir='ltr'><strong>not.</strong></span> <span class='ocrx_word' id='word_1_655' title='bbox 295 4565 364 4618; x_wconf 87' lang='lat' dir='ltr'><strong>ad</strong></span> <span class='ocrx_word' id='word_1_656' title='bbox 405 4579 456 4627; x_wconf 77' lang='grc' dir='ltr'>[ι.</span> <span class='ocrx_word' id='word_1_657' title='bbox 491 4563 614 4617; x_wconf 73' lang='grc'><strong>312.</strong></span> 
     </span>
    </p>
   </div>
   <div class='ocr_carea' id='block_1_88' title="bbox 205 4632 1723 4702">
    <p class='ocr_par' dir='ltr' id='par_1_88' title="bbox 205 4632 1723 4702">
     <span class='ocr_line' id='line_1_88' title="bbox 205 4632 1723 4702; baseline -0.001 -14"><span class='ocrx_word' id='word_1_658' title='bbox 205 4636 333 4702; x_wconf 81' lang='lat'><strong>(59)</strong></span> <span class='ocrx_word' id='word_1_659' title='bbox 389 4633 572 4686; x_wconf 81' lang='lat' dir='ltr'><strong>Pridie</strong></span> <span class='ocrx_word' id='word_1_660' title='bbox 597 4633 715 4699; x_wconf 86' lang='lat' dir='ltr'><strong>ejus</strong></span> <span class='ocrx_word' id='word_1_661' title='bbox 753 4633 880 4695; x_wconf 85' lang='lat' dir='ltr'><strong>diei.</strong></span> <span class='ocrx_word' id='word_1_662' title='bbox 908 4632 1002 4700; x_wconf 88' lang='lat' dir='ltr'><strong>qui</strong></span> <span class='ocrx_word' id='word_1_663' title='bbox 1033 4632 1347 4700; x_wconf 84' lang='lat' dir='ltr'><strong>imperatori</strong></span> <span class='ocrx_word' id='word_1_664' title='bbox 1384 4635 1581 4687; x_wconf 84' lang='lat' dir='ltr'><strong>natalis</strong></span> <span class='ocrx_word' id='word_1_665' title='bbox 1620 4635 1723 4686; x_wconf 85' lang='lat' dir='ltr'><strong>im-</strong></span> 
     </span>
    </p>
   </div>
   <div class='ocr_carea' id='block_1_89' title="bbox 128 4702 1723 4770">
    <p class='ocr_par' dir='ltr' id='par_1_89' title="bbox 128 4702 1723 4770">
     <span class='ocr_line' id='line_1_89' title="bbox 128 4702 1723 4770; baseline 0.001 -13"><span class='ocrx_word' id='word_1_666' title='bbox 128 4707 278 4770; x_wconf 79' lang='lat' dir='ltr'><strong>perii</strong></span> <span class='ocrx_word' id='word_1_667' title='bbox 319 4715 431 4766; x_wconf 78' lang='lat' dir='ltr'><strong>est,</strong></span> <span class='ocrx_word' id='word_1_668' title='bbox 462 4712 520 4755; x_wconf 91' lang='lat' dir='ltr'><strong>ct</strong></span> <span class='ocrx_word' id='word_1_669' title='bbox 545 4718 655 4769; x_wconf 92' lang='lat' dir='ltr'><strong>quo</strong></span> <span class='ocrx_word' id='word_1_670' title='bbox 685 4702 998 4757; x_wconf 88' lang='lat' dir='ltr'><strong>soletmtiter</strong></span> <span class='ocrx_word' id='word_1_671' title='bbox 1018 4705 1353 4755; x_wconf 86' lang='lat' dir='ltr'><strong>adorandum</strong></span> <span class='ocrx_word' id='word_1_672' title='bbox 1384 4718 1443 4757; x_wconf 89' lang='lat' dir='ltr'><strong>se</strong></span> <span class='ocrx_word' id='word_1_673' title='bbox 1485 4705 1614 4756; x_wconf 87' lang='lat' dir='ltr'><strong>dare</strong></span> <span class='ocrx_word' id='word_1_674' title='bbox 1645 4707 1723 4758; x_wconf 80' lang='lat' dir='ltr'><strong>la-</strong></span> 
     </span>
    </p>
   </div>
   <div class='ocr_carea' id='block_1_90' title="bbox 124 4772 1722 4840">
    <p class='ocr_par' dir='ltr' id='par_1_90' title="bbox 124 4772 1722 4840">
     <span class='ocr_line' id='line_1_90' title="bbox 124 4772 1722 4840; baseline -0.001 -11"><span class='ocrx_word' id='word_1_675' title='bbox 124 4775 434 4829; x_wconf 82' lang='lat' dir='ltr'><strong>etionibus</strong></span> <span class='ocrx_word' id='word_1_676' title='bbox 481 4773 662 4824; x_wconf 84' lang='lat' dir='ltr'><strong>debet.</strong></span> <span class='ocrx_word' id='word_1_677' title='bbox 713 4772 787 4840; x_wconf 88' lang='lat' dir='ltr'><strong>De</strong></span> <span class='ocrx_word' id='word_1_678' title='bbox 820 4772 904 4826; x_wconf 84' lang='lat' dir='ltr'><strong>die</strong></span> <span class='ocrx_word' id='word_1_679' title='bbox 940 4772 1104 4825; x_wconf 87' lang='lat' dir='ltr'><strong>natali</strong></span> <span class='ocrx_word' id='word_1_680' title='bbox 1141 4773 1351 4838; x_wconf 88' lang='lat' dir='ltr'><strong>imperii</strong></span> <span class='ocrx_word' id='word_1_681' title='bbox 1397 4773 1498 4827; x_wconf 87' lang='lat' dir='ltr'><strong>hoc</strong></span> <span class='ocrx_word' id='word_1_682' title='bbox 1548 4777 1722 4840; x_wconf 81' lang='lat' dir='ltr'><strong>capite</strong></span> 
     </span>
    </p>
   </div>
   <div class='ocr_carea' id='block_1_91' title="bbox 1826 4494 3389 4561">
    <p class='ocr_par' dir='ltr' id='par_1_91' title="bbox 1826 4494 3389 4561">
     <span class='ocr_line' id='line_1_91' title="bbox 1826 4494 3389 4561; baseline -0.001 -15"><span class='ocrx_word' id='word_1_683' title='bbox 1826 4494 2083 4555; x_wconf 74' lang='lat' dir='ltr'><strong>Congruit</strong></span> <span class='ocrx_word' id='word_1_684' title='bbox 2130 4494 2294 4560; x_wconf 76' lang='lat' dir='ltr'><strong>igitur</strong></span> <span class='ocrx_word' id='word_1_685' title='bbox 2359 4496 2456 4548; x_wconf 87' lang='lat' dir='ltr'><strong>lioc</strong></span> <span class='ocrx_word' id='word_1_686' title='bbox 2502 4496 2552 4547; x_wconf 88' lang='lat' dir='ltr'><strong>in</strong></span> <span class='ocrx_word' id='word_1_687' title='bbox 2614 4496 3027 4549; x_wconf 89' lang='lat' dir='ltr'><strong>Constantinum</strong></span> <span class='ocrx_word' id='word_1_688' title='bbox 3086 4495 3389 4561; x_wconf 80' lang='lat' dir='ltr'><strong>Juniorem,</strong></span> 
     </span>
    </p>
   </div>
   <div class='ocr_carea' id='block_1_92' title="bbox 1830 4562 3395 4629">
    <p class='ocr_par' dir='ltr' id='par_1_92' title="bbox 1830 4562 3395 4629">
     <span class='ocr_line' id='line_1_92' title="bbox 1830 4562 3395 4629; baseline 0.001 -15"><span class='ocrx_word' id='word_1_689' title='bbox 1830 4562 2054 4616; x_wconf 80' lang='lat' dir='ltr'><strong>Romani</strong></span> <span class='ocrx_word' id='word_1_690' title='bbox 2111 4567 2300 4626; x_wconf 88' lang='lat' dir='ltr'><strong>tilium,</strong></span> <span class='ocrx_word' id='word_1_691' title='bbox 2337 4573 2389 4616; x_wconf 92' lang='lat' dir='ltr'><strong>ut</strong></span> <span class='ocrx_word' id='word_1_692' title='bbox 2427 4565 2516 4628; x_wconf 90' lang='lat' dir='ltr'><strong>qtti</strong></span> <span class='ocrx_word' id='word_1_693' title='bbox 2546 4581 2646 4617; x_wconf 89' lang='lat' dir='ltr'><strong>una</strong></span> <span class='ocrx_word' id='word_1_694' title='bbox 2677 4582 2801 4620; x_wconf 91' lang='lat' dir='ltr'><strong>cum</strong></span> <span class='ocrx_word' id='word_1_695' title='bbox 2851 4569 3018 4618; x_wconf 81' lang='lat' dir='ltr'><strong>fratre</strong></span> <span class='ocrx_word' id='word_1_696' title='bbox 3049 4565 3267 4626; x_wconf 79' lang='lat' dir='ltr'><strong>Basilio,</strong></span> <span class='ocrx_word' id='word_1_697' title='bbox 3304 4584 3395 4629; x_wconf 88' lang='lat' dir='ltr'><strong>po-</strong></span> 
     </span>
    </p>
   </div>
   <div class='ocr_carea' id='block_1_93' title="bbox 1830 4633 3393 4703">
    <p class='ocr_par' dir='ltr' id='par_1_93' title="bbox 1830 4633 3393 4703">
     <span class='ocr_line' id='line_1_93' title="bbox 1830 4633 3393 4703; baseline 0.001 -19"><span class='ocrx_word' id='word_1_698' title='bbox 1830 4635 1930 4684; x_wconf 77' lang='lat' dir='ltr'><strong>tuI-t</strong></span> <span class='ocrx_word' id='word_1_699' title='bbox 1967 4637 2014 4684; x_wconf 89' lang='lat' dir='ltr'><strong>itt</strong></span> <span class='ocrx_word' id='word_1_700' title='bbox 2053 4636 2239 4700; x_wconf 87' lang='lat' dir='ltr'><strong>patris.</strong></span> <span class='ocrx_word' id='word_1_701' title='bbox 2272 4633 2382 4686; x_wconf 74' lang='lat' dir='ltr'><strong>XV.</strong></span> <span class='ocrx_word' id='word_1_702' title='bbox 2414 4637 2593 4687; x_wconf 82' lang='lat' dir='ltr'><strong>Martii</strong></span> <span class='ocrx_word' id='word_1_703' title='bbox 2627 4636 2888 4695; x_wconf 79' lang='lat' dir='ltr'><strong>defuncti,</strong></span> <span class='ocrx_word' id='word_1_704' title='bbox 2927 4653 3171 4703; x_wconf 79' lang='lat' dir='ltr'><strong>regnum.</strong></span> <span class='ocrx_word' id='word_1_705' title='bbox 3229 4639 3393 4687; x_wconf 84' lang='lat' dir='ltr'><strong>adeo-</strong></span> 
     </span>
    </p>
   </div>
   <div class='ocr_carea' id='block_1_94' title="bbox 1828 4703 3392 4771">
    <p class='ocr_par' dir='ltr' id='par_1_94' title="bbox 1828 4703 3392 4771">
     <span class='ocr_line' id='line_1_94' title="bbox 1828 4703 3392 4771; baseline 0.001 -16"><span class='ocrx_word' id='word_1_706' title='bbox 1828 4720 1935 4770; x_wconf 86' lang='lat' dir='ltr'><strong>que</strong></span> <span class='ocrx_word' id='word_1_707' title='bbox 1963 4717 2088 4754; x_wconf 86' lang='lat' dir='ltr'><strong>ante</strong></span> <span class='ocrx_word' id='word_1_708' title='bbox 2115 4703 2395 4758; x_wconf 79' lang='lat' dir='ltr'><strong>Paschalis</strong></span> <span class='ocrx_word' id='word_1_709' title='bbox 2425 4704 2620 4758; x_wconf 79' lang='lat' dir='ltr'><strong>festum</strong></span> <span class='ocrx_word' id='word_1_710' title='bbox 2655 4707 2993 4760; x_wconf 82' lang='lat' dir='ltr'><strong>successisse</strong></span> <span class='ocrx_word' id='word_1_711' title='bbox 3022 4709 3146 4762; x_wconf 81' lang='lat' dir='ltr'><strong>dici.</strong></span> <span class='ocrx_word' id='word_1_712' title='bbox 3196 4722 3392 4771; x_wconf 85' lang='lat' dir='ltr'><strong>quam-</strong></span> 
     </span>
    </p>
   </div>
   <div class='ocr_carea' id='block_1_95' title="bbox 1830 4773 3384 4838">
    <p class='ocr_par' dir='ltr' id='par_1_95' title="bbox 1830 4773 3384 4838">
     <span class='ocr_line' id='line_1_95' title="bbox 1830 4773 3384 4838; baseline 0.003 -16"><span class='ocrx_word' id='word_1_713' title='bbox 1830 4777 1912 4826; x_wconf 86' lang='lat' dir='ltr'><strong>vis</strong></span> <span class='ocrx_word' id='word_1_714' title='bbox 1969 4773 2162 4828; x_wconf 81' lang='lat' dir='ltr'><strong>fratres</strong></span> <span class='ocrx_word' id='word_1_715' title='bbox 2209 4775 2280 4827; x_wconf 91' lang='lat' dir='ltr'><strong>illi</strong></span> <span class='ocrx_word' id='word_1_716' title='bbox 2315 4776 2662 4828; x_wconf 87' lang='lat' dir='ltr'><strong>minorennes</strong></span> <span class='ocrx_word' id='word_1_717' title='bbox 2698 4777 2797 4827; x_wconf 84' lang='lat' dir='ltr'><strong>sult</strong></span> <span class='ocrx_word' id='word_1_718' title='bbox 2850 4777 3060 4827; x_wconf 83' lang='lat' dir='ltr'><strong>duobus</strong></span> <span class='ocrx_word' id='word_1_719' title='bbox 3092 4776 3384 4838; x_wconf 84' lang='lat' dir='ltr'><strong>tutoribus,</strong></span> 
     </span>
    </p>
   </div>
   <div class='ocr_carea' id='block_1_96' title="bbox 125 4839 3398 4932">
    <p class='ocr_par' dir='ltr' id='par_1_96' title="bbox 125 4839 3398 4932">
     <span class='ocr_line' id='line_1_96' title="bbox 125 4839 3398 4932; baseline 0.001 -38"><span class='ocrx_word' id='word_1_720' title='bbox 125 4847 245 4932; x_wconf 53' lang='lat' dir='ltr'><strong>agi,</strong></span> <span class='ocrx_word' id='word_1_721' title='bbox 278 4844 518 4932; x_wconf 43' lang='lat' dir='ltr'><strong>liquet:</strong></span> <span class='ocrx_word' id='word_1_722' title='bbox 537 4841 603 4932; x_wconf 48' lang='lat' dir='ltr'><strong>.IA,</strong></span> <span class='ocrx_word' id='word_1_723' title='bbox 629 4841 648 4892; x_wconf 77' lang='grc' dir='ltr'><strong>Ι</strong></span> <span class='ocrx_word' id='word_1_724' title='bbox 685 4857 698 4893; x_wconf 92' lang='lat'><strong>:</strong></span> <span class='ocrx_word' id='word_1_725' title='bbox 724 4839 824 4932; x_wconf 60' lang='grc' dir='ltr'><strong>τῂν</strong></span> <span class='ocrx_word' id='word_1_726' title='bbox 847 4842 1278 4932; x_wconf 52' lang='grc' dir='ltr'>ρύτσκρρτορίαν</span> <span class='ocrx_word' id='word_1_727' title='bbox 1298 4859 1398 4932; x_wconf 54' lang='grc' dir='ltr'>σοι)</span> <span class='ocrx_word' id='word_1_728' title='bbox 1427 4839 1723 4932; x_wconf 56' lang='grc' dir='ltr'><strong>αἰτούμερα</strong></span> <span class='ocrx_word' id='word_1_729' title='bbox 1756 4879 1799 4932; x_wconf 72' lang='lat' dir='ltr'><strong>D</strong></span> <span class='ocrx_word' id='word_1_730' title='bbox 1829 4841 2132 4932; x_wconf 58' lang='grc' dir='ltr'>Νιιιυρῃιιιιςυ</span> <span class='ocrx_word' id='word_1_731' title='bbox 2166 4844 2339 4924; x_wconf 82' lang='lat' dir='ltr'><strong>Pltoca</strong></span> <span class='ocrx_word' id='word_1_732' title='bbox 2359 4855 2421 4932; x_wconf 49' lang='lat' dir='ltr'><strong>(et</strong></span> <span class='ocrx_word' id='word_1_733' title='bbox 2449 4844 2656 4932; x_wconf 58' lang='grc' dir='ltr'><strong>1Ιιιειιιιις</strong></span> <span class='ocrx_word' id='word_1_734' title='bbox 2690 4844 3000 4932; x_wconf 36' lang='lat' dir='ltr'><strong>Tziliujsi-e1</strong></span> <span class='ocrx_word' id='word_1_735' title='bbox 3026 4845 3114 4894; x_wconf 85' lang='lat' dir='ltr'><strong>diu</strong></span> <span class='ocrx_word' id='word_1_736' title='bbox 3164 4846 3398 4897; x_wconf 73' lang='lat' dir='ltr'><strong>vixerint</strong></span> 
     </span>
    </p>
   </div>
   <div class='ocr_carea' id='block_1_97' title="bbox 124 4909 1718 4984">
    <p class='ocr_par' dir='ltr' id='par_1_97' title="bbox 124 4909 1718 4984">
     <span class='ocr_line' id='line_1_97' title="bbox 124 4909 1718 4984; baseline 0.001 -18"><span class='ocrx_word' id='word_1_737' title='bbox 124 4909 428 4984; x_wconf 76' lang='grc' dir='ltr'>ἑορτάσαι.</span> <span class='ocrx_word' id='word_1_738' title='bbox 463 4909 657 4984; x_wconf 72' lang='lat' dir='ltr'><strong>Videor</strong></span> <span class='ocrx_word' id='word_1_739' title='bbox 691 4911 821 4984; x_wconf 77' lang='lat' dir='ltr'><strong>mihi</strong></span> <span class='ocrx_word' id='word_1_740' title='bbox 846 4911 1025 4984; x_wconf 81' lang='lat' dir='ltr'><strong>hocin</strong></span> <span class='ocrx_word' id='word_1_741' title='bbox 1055 4909 1172 4964; x_wconf 84' lang='lat' dir='ltr'><strong>loco</strong></span> <span class='ocrx_word' id='word_1_742' title='bbox 1201 4913 1482 4980; x_wconf 72' lang='lat' dir='ltr'><strong>vestigium</strong></span> <span class='ocrx_word' id='word_1_743' title='bbox 1525 4909 1718 4978; x_wconf 63' lang='lat' dir='ltr'><strong>atatis,</strong></span> 
     </span>
    </p>
   </div>
   <div class='ocr_carea' id='block_1_98' title="bbox 123 4979 1722 5050">
    <p class='ocr_par' dir='ltr' id='par_1_98' title="bbox 123 4979 1722 5050">
     <span class='ocr_line' id='line_1_98' title="bbox 123 4979 1722 5050; baseline 0 -15"><span class='ocrx_word' id='word_1_744' title='bbox 123 4979 411 5050; x_wconf 75' lang='lat' dir='ltr'><strong>adquam</strong></span> <span class='ocrx_word' id='word_1_745' title='bbox 470 4979 658 5034; x_wconf 77' lang='lat' dir='ltr'><strong>referri</strong></span> <span class='ocrx_word' id='word_1_746' title='bbox 708 4981 1057 5035; x_wconf 83' lang='lat' dir='ltr'><strong>cerimoniale</strong></span> <span class='ocrx_word' id='word_1_747' title='bbox 1101 4979 1358 5035; x_wconf 78' lang='lat' dir='ltr'><strong>nostrum</strong></span> <span class='ocrx_word' id='word_1_748' title='bbox 1389 4984 1568 5043; x_wconf 85' lang='lat' dir='ltr'><strong>debet,</strong></span> <span class='ocrx_word' id='word_1_749' title='bbox 1629 4987 1722 5035; x_wconf 84' lang='lat' dir='ltr'><strong>dc-</strong></span> 
     </span>
    </p>
   </div>
   <div class='ocr_carea' id='block_1_99' title="bbox 124 5051 1725 5121">
    <p class='ocr_par' dir='ltr' id='par_1_99' title="bbox 124 5051 1725 5121">
     <span class='ocr_line' id='line_1_99' title="bbox 124 5051 1725 5121; baseline 0.002 -16"><span class='ocrx_word' id='word_1_750' title='bbox 124 5053 514 5121; x_wconf 80' lang='lat' dir='ltr'><strong>prcbenderc,</strong></span> <span class='ocrx_word' id='word_1_751' title='bbox 572 5051 615 5121; x_wconf 82' lang='lat' dir='ltr'><strong>si</strong></span> <span class='ocrx_word' id='word_1_752' title='bbox 674 5051 834 5104; x_wconf 85' lang='lat' dir='ltr'><strong>modo</strong></span> <span class='ocrx_word' id='word_1_753' title='bbox 877 5051 946 5104; x_wconf 84' lang='lat' dir='ltr'><strong>de</strong></span> <span class='ocrx_word' id='word_1_754' title='bbox 994 5061 1234 5119; x_wconf 88' lang='lat' dir='ltr'><strong>tempore</strong></span> <span class='ocrx_word' id='word_1_755' title='bbox 1259 5067 1358 5106; x_wconf 84' lang='lat' dir='ltr'><strong>suo</strong></span> <span class='ocrx_word' id='word_1_756' title='bbox 1385 5052 1594 5106; x_wconf 90' lang='lat' dir='ltr'><strong>locutus</strong></span> <span class='ocrx_word' id='word_1_757' title='bbox 1620 5052 1725 5108; x_wconf 78' lang='lat' dir='ltr'><strong>fuit</strong></span> 
     </span>
    </p>
   </div>
   <div class='ocr_carea' id='block_1_100' title="bbox 123 5120 1722 5189">
    <p class='ocr_par' dir='ltr' id='par_1_100' title="bbox 123 5120 1722 5189">
     <span class='ocr_line' id='line_1_100' title="bbox 123 5120 1722 5189; baseline 0.003 -15"><span class='ocrx_word' id='word_1_758' title='bbox 123 5120 338 5175; x_wconf 74' lang='lat' dir='ltr'><strong>auctor</strong></span> <span class='ocrx_word' id='word_1_759' title='bbox 381 5122 474 5172; x_wconf 85' lang='lat' dir='ltr'><strong>hic</strong></span> <span class='ocrx_word' id='word_1_760' title='bbox 512 5120 637 5182; x_wconf 87' lang='lat' dir='ltr'><strong>loci,</strong></span> <span class='ocrx_word' id='word_1_761' title='bbox 674 5135 850 5188; x_wconf 83' lang='lat' dir='ltr'><strong>neque</strong></span> <span class='ocrx_word' id='word_1_762' title='bbox 903 5127 1074 5172; x_wconf 90' lang='lat' dir='ltr'><strong>totum</strong></span> <span class='ocrx_word' id='word_1_763' title='bbox 1130 5121 1230 5174; x_wconf 88' lang='lat' dir='ltr'><strong>boc</strong></span> <span class='ocrx_word' id='word_1_764' title='bbox 1265 5133 1423 5189; x_wconf 82' lang='lat' dir='ltr'><strong>caput</strong></span> <span class='ocrx_word' id='word_1_765' title='bbox 1471 5138 1592 5175; x_wconf 89' lang='lat' dir='ltr'><strong>cum</strong></span> <span class='ocrx_word' id='word_1_766' title='bbox 1635 5139 1722 5177; x_wconf 72' lang='lat' dir='ltr'><strong>se-</strong></span> 
     </span>
    </p>
   </div>
   <div class='ocr_carea' id='block_1_101' title="bbox 123 5189 1721 5260">
    <p class='ocr_par' dir='ltr' id='par_1_101' title="bbox 123 5189 1721 5260">
     <span class='ocr_line' id='line_1_101' title="bbox 123 5189 1721 5260; baseline 0.004 -19"><span class='ocrx_word' id='word_1_767' title='bbox 123 5194 452 5256; x_wconf 80' lang='lat' dir='ltr'><strong>quentibus</strong></span> <span class='ocrx_word' id='word_1_768' title='bbox 505 5205 536 5241; x_wconf 85' lang='lat' dir='ltr'><strong>e</strong></span> <span class='ocrx_word' id='word_1_769' title='bbox 595 5191 763 5243; x_wconf 80' lang='lat' dir='ltr'><strong>veteri</strong></span> <span class='ocrx_word' id='word_1_770' title='bbox 800 5189 1139 5260; x_wconf 75' lang='lat' dir='ltr'><strong>cerimoniali</strong></span> <span class='ocrx_word' id='word_1_771' title='bbox 1187 5193 1569 5260; x_wconf 85' lang='lat' dir='ltr'><strong>transcripsit,</strong></span> <span class='ocrx_word' id='word_1_772' title='bbox 1626 5205 1721 5248; x_wconf 89' lang='lat' dir='ltr'><strong>aut</strong></span> 
     </span>
    </p>
   </div>
   <div class='ocr_carea' id='block_1_102' title="bbox 121 5259 1718 5328">
    <p class='ocr_par' dir='ltr' id='par_1_102' title="bbox 121 5259 1718 5328">
     <span class='ocr_line' id='line_1_102' title="bbox 121 5259 1718 5328; baseline 0.001 -13"><span class='ocrx_word' id='word_1_773' title='bbox 121 5265 264 5315; x_wconf 83' lang='lat' dir='ltr'><strong>anni</strong></span> <span class='ocrx_word' id='word_1_774' title='bbox 310 5272 565 5326; x_wconf 84' lang='lat' dir='ltr'><strong>tempora</strong></span> <span class='ocrx_word' id='word_1_775' title='bbox 595 5261 846 5327; x_wconf 86' lang='lat' dir='ltr'><strong>persequi</strong></span> <span class='ocrx_word' id='word_1_776' title='bbox 880 5260 1068 5312; x_wconf 88' lang='lat' dir='ltr'><strong>voluit.</strong></span> <span class='ocrx_word' id='word_1_777' title='bbox 1109 5259 1324 5314; x_wconf 86' lang='lat' dir='ltr'><strong>Scilicet</strong></span> <span class='ocrx_word' id='word_1_778' title='bbox 1346 5259 1718 5328; x_wconf 65' lang='lat' dir='ltr'><strong>exceptionem</strong></span> 
     </span>
    </p>
   </div>
   <div class='ocr_carea' id='block_1_103' title="bbox 122 5329 1718 5399">
    <p class='ocr_par' dir='ltr' id='par_1_103' title="bbox 122 5329 1718 5399">
     <span class='ocr_line' id='line_1_103' title="bbox 122 5329 1718 5399; baseline -0.001 -14"><span class='ocrx_word' id='word_1_779' title='bbox 122 5331 455 5386; x_wconf 78' lang='lat' dir='ltr'><strong>factionum</strong></span> <span class='ocrx_word' id='word_1_780' title='bbox 482 5329 868 5394; x_wconf 75' lang='lat' dir='ltr'><strong>gratulantium</strong></span> <span class='ocrx_word' id='word_1_781' title='bbox 896 5329 1210 5397; x_wconf 86' lang='lat' dir='ltr'><strong>imperatori</strong></span> <span class='ocrx_word' id='word_1_782' title='bbox 1245 5332 1477 5384; x_wconf 85' lang='lat' dir='ltr'><strong>natalem</strong></span> <span class='ocrx_word' id='word_1_783' title='bbox 1511 5333 1718 5399; x_wconf 83' lang='lat' dir='ltr'><strong>imperii</strong></span> 
     </span>
    </p>
   </div>
   <div class='ocr_carea' id='block_1_104' title="bbox 123 5399 1717 5467">
    <p class='ocr_par' dir='ltr' id='par_1_104' title="bbox 123 5399 1717 5467">
     <span class='ocr_line' id='line_1_104' title="bbox 123 5399 1717 5467; baseline 0 -16"><span class='ocrx_word' id='word_1_784' title='bbox 123 5403 376 5452; x_wconf 77' lang='lat' dir='ltr'><strong>collocat</strong></span> <span class='ocrx_word' id='word_1_785' title='bbox 420 5407 616 5450; x_wconf 71' lang='lat' dir='ltr'><strong>Illt&#39;lllr</strong></span> <span class='ocrx_word' id='word_1_786' title='bbox 643 5410 767 5452; x_wconf 89' lang='lat' dir='ltr'><strong>ante</strong></span> <span class='ocrx_word' id='word_1_787' title='bbox 790 5413 1015 5452; x_wconf 81' lang='lat' dir='ltr'><strong>aureum</strong></span> <span class='ocrx_word' id='word_1_788' title='bbox 1042 5399 1310 5461; x_wconf 89' lang='lat' dir='ltr'><strong>circense,</strong></span> <span class='ocrx_word' id='word_1_789' title='bbox 1335 5402 1476 5467; x_wconf 87' lang='lat' dir='ltr'><strong>quod</strong></span> <span class='ocrx_word' id='word_1_790' title='bbox 1501 5402 1554 5454; x_wconf 87' lang='lat' dir='ltr'><strong>in</strong></span> <span class='ocrx_word' id='word_1_791' title='bbox 1577 5403 1717 5454; x_wconf 86' lang='lat' dir='ltr'><strong>diem</strong></span> 
     </span>
    </p>
   </div>
   <div class='ocr_carea' id='block_1_105' title="bbox 122 5468 1718 5536">
    <p class='ocr_par' dir='ltr' id='par_1_105' title="bbox 122 5468 1718 5536">
     <span class='ocr_line' id='line_1_105' title="bbox 122 5468 1718 5536; baseline 0.001 -13"><span class='ocrx_word' id='word_1_792' title='bbox 122 5473 284 5523; x_wconf 61' lang='lat' dir='ltr'><strong>luna</strong></span> <span class='ocrx_word' id='word_1_793' title='bbox 345 5468 659 5536; x_wconf 77' lang='lat' dir='ltr'><strong>proximum</strong></span> <span class='ocrx_word' id='word_1_794' title='bbox 711 5482 740 5519; x_wconf 90' lang='lat' dir='ltr'><strong>a</strong></span> <span class='ocrx_word' id='word_1_795' title='bbox 779 5468 1055 5521; x_wconf 85' lang='lat' dir='ltr'><strong>Dominica</strong></span> <span class='ocrx_word' id='word_1_796' title='bbox 1099 5469 1151 5521; x_wconf 90' lang='lat' dir='ltr'><strong>in</strong></span> <span class='ocrx_word' id='word_1_797' title='bbox 1185 5470 1332 5522; x_wconf 85' lang='lat' dir='ltr'><strong>Albis</strong></span> <span class='ocrx_word' id='word_1_798' title='bbox 1379 5468 1544 5522; x_wconf 78' lang='lat' dir='ltr'><strong>fuisse</strong></span> <span class='ocrx_word' id='word_1_799' title='bbox 1577 5472 1718 5524; x_wconf 84' lang='lat' dir='ltr'><strong>cele-</strong></span> 
     </span>
    </p>
   </div>
   <div class='ocr_carea' id='block_1_106' title="bbox 126 5537 1719 5606">
    <p class='ocr_par' dir='ltr' id='par_1_106' title="bbox 126 5537 1719 5606">
     <span class='ocr_line' id='line_1_106' title="bbox 126 5537 1719 5606; baseline 0 -14"><span class='ocrx_word' id='word_1_800' title='bbox 126 5547 364 5592; x_wconf 74' lang='lat' dir='ltr'><strong>bratum</strong></span> <span class='ocrx_word' id='word_1_801' title='bbox 399 5545 645 5591; x_wconf 87' lang='lat' dir='ltr'><strong>constat.</strong></span> <span class='ocrx_word' id='word_1_802' title='bbox 704 5537 856 5591; x_wconf 89' lang='lat' dir='ltr'><strong>Unde</strong></span> <span class='ocrx_word' id='word_1_803' title='bbox 907 5539 1223 5599; x_wconf 84' lang='lat' dir='ltr'><strong>concludas.</strong></span> <span class='ocrx_word' id='word_1_804' title='bbox 1257 5539 1403 5591; x_wconf 88' lang='lat' dir='ltr'><strong>illmn</strong></span> <span class='ocrx_word' id='word_1_805' title='bbox 1436 5539 1719 5606; x_wconf 86' lang='lat' dir='ltr'><strong>imperato-</strong></span> 
     </span>
    </p>
   </div>
   <div class='ocr_carea' id='block_1_107' title="bbox 124 5608 1718 5687">
    <p class='ocr_par' dir='ltr' id='par_1_107' title="bbox 124 5608 1718 5687">
     <span class='ocr_line' id='line_1_107' title="bbox 124 5608 1718 5687; baseline 0.003 -28"><span class='ocrx_word' id='word_1_806' title='bbox 124 5626 280 5687; x_wconf 56' lang='lat' dir='ltr'><strong>tein,</strong></span> <span class='ocrx_word' id='word_1_807' title='bbox 329 5611 400 5687; x_wconf 72' lang='lat' dir='ltr'><strong>ad</strong></span> <span class='ocrx_word' id='word_1_808' title='bbox 439 5608 734 5687; x_wconf 31' lang='lat' dir='ltr'><strong>quem-boc</strong></span> <span class='ocrx_word' id='word_1_809' title='bbox 768 5618 931 5687; x_wconf 70' lang='lat' dir='ltr'><strong>eaput</strong></span> <span class='ocrx_word' id='word_1_810' title='bbox 971 5609 1238 5687; x_wconf 83' lang='lat' dir='ltr'><strong>pertinet,_</strong></span> <span class='ocrx_word' id='word_1_811' title='bbox 1270 5609 1569 5687; x_wconf 60' lang='lat' dir='ltr'><strong>imperium</strong></span> <span class='ocrx_word' id='word_1_812' title='bbox 1593 5621 1718 5687; x_wconf 75' lang='lat' dir='ltr'><strong>ante</strong></span> 
     </span>
    </p>
   </div>
   <div class='ocr_carea' id='block_1_108' title="bbox 123 5675 1719 5743">
    <p class='ocr_par' dir='ltr' id='par_1_108' title="bbox 123 5675 1719 5743">
     <span class='ocr_line' id='line_1_108' title="bbox 123 5675 1719 5743; baseline 0.001 -12"><span class='ocrx_word' id='word_1_813' title='bbox 123 5682 297 5731; x_wconf 86' lang='lat' dir='ltr'><strong>illum</strong></span> <span class='ocrx_word' id='word_1_814' title='bbox 329 5675 483 5728; x_wconf 78' lang='lat' dir='ltr'><strong>dien&#39;t</strong></span> <span class='ocrx_word' id='word_1_815' title='bbox 514 5675 733 5730; x_wconf 83' lang='lat' dir='ltr'><strong>adiisse.</strong></span> <span class='ocrx_word' id='word_1_816' title='bbox 780 5677 1185 5743; x_wconf 74' lang='lat' dir='ltr'><strong>Constantinus,</strong></span> <span class='ocrx_word' id='word_1_817' title='bbox 1220 5678 1417 5732; x_wconf 84' lang='lat' dir='ltr'><strong>Leonis</strong></span> <span class='ocrx_word' id='word_1_818' title='bbox 1446 5678 1719 5742; x_wconf 85' lang='lat' dir='ltr'><strong>Sapientis</strong></span> 
     </span>
    </p>
   </div>
   <div class='ocr_carea' id='block_1_109' title="bbox 125 5745 1719 5817">
    <p class='ocr_par' dir='ltr' id='par_1_109' title="bbox 125 5745 1719 5817">
     <span class='ocr_line' id='line_1_109' title="bbox 125 5745 1719 5817; baseline 0.001 -16"><span class='ocrx_word' id='word_1_819' title='bbox 125 5746 448 5817; x_wconf 78' lang='lat' dir='ltr'><strong>tilins,_i|le</strong></span> <span class='ocrx_word' id='word_1_820' title='bbox 499 5745 684 5813; x_wconf 83' lang='lat' dir='ltr'><strong>nequit</strong></span> <span class='ocrx_word' id='word_1_821' title='bbox 744 5762 897 5817; x_wconf 87' lang='lat' dir='ltr'><strong>esse;</strong></span> <span class='ocrx_word' id='word_1_822' title='bbox 945 5750 1144 5815; x_wconf 81' lang='lat' dir='ltr'><strong>quippe</strong></span> <span class='ocrx_word' id='word_1_823' title='bbox 1191 5751 1282 5816; x_wconf 91' lang='lat' dir='ltr'><strong>qui</strong></span> <span class='ocrx_word' id='word_1_824' title='bbox 1330 5764 1360 5802; x_wconf 90' lang='lat' dir='ltr'><strong>a</strong></span> <span class='ocrx_word' id='word_1_825' title='bbox 1409 5759 1563 5817; x_wconf 86' lang='lat' dir='ltr'><strong>patre</strong></span> <span class='ocrx_word' id='word_1_826' title='bbox 1601 5750 1719 5815; x_wconf 90' lang='lat' dir='ltr'><strong>ipso</strong></span> 
     </span>
    </p>
   </div>
   <div class='ocr_carea' id='block_1_110' title="bbox 123 5815 1716 5886">
    <p class='ocr_par' dir='ltr' id='par_1_110' title="bbox 123 5815 1716 5886">
     <span class='ocr_line' id='line_1_110' title="bbox 123 5815 1716 5886; baseline 0 -14"><span class='ocrx_word' id='word_1_827' title='bbox 123 5821 284 5873; x_wconf 72' lang='lat' dir='ltr'><strong>testo</strong></span> <span class='ocrx_word' id='word_1_828' title='bbox 314 5815 684 5870; x_wconf 74' lang='lat' dir='ltr'><strong>Pentecostes</strong></span> <span class='ocrx_word' id='word_1_829' title='bbox 709 5816 906 5886; x_wconf 78' lang='lat' dir='ltr'><strong>collega</strong></span> <span class='ocrx_word' id='word_1_830' title='bbox 958 5818 1135 5874; x_wconf 84' lang='lat' dir='ltr'><strong>dictus</strong></span> <span class='ocrx_word' id='word_1_831' title='bbox 1165 5815 1220 5873; x_wconf 86' lang='lat' dir='ltr'><strong>et</strong></span> <span class='ocrx_word' id='word_1_832' title='bbox 1264 5815 1556 5874; x_wconf 84' lang='lat' dir='ltr'><strong>coronatus</strong></span> <span class='ocrx_word' id='word_1_833' title='bbox 1594 5820 1716 5874; x_wconf 81' lang='lat' dir='ltr'><strong>fuit.</strong></span> 
     </span>
    </p>
   </div>
   <div class='ocr_carea' id='block_1_111' title="bbox 1832 4913 3388 4979">
    <p class='ocr_par' dir='ltr' id='par_1_111' title="bbox 1832 4913 3388 4979">
     <span class='ocr_line' id='line_1_111' title="bbox 1832 4913 3388 4979; baseline 0.001 -17"><span class='ocrx_word' id='word_1_834' title='bbox 1832 4914 2038 4978; x_wconf 87' lang='lat' dir='ltr'><strong>absque</strong></span> <span class='ocrx_word' id='word_1_835' title='bbox 2071 4915 2314 4978; x_wconf 88' lang='lat' dir='ltr'><strong>imperio.</strong></span> <span class='ocrx_word' id='word_1_836' title='bbox 2359 4913 2484 4975; x_wconf 88' lang='lat' dir='ltr'><strong>Sed,</strong></span> <span class='ocrx_word' id='word_1_837' title='bbox 2526 4924 2580 4965; x_wconf 93' lang='lat' dir='ltr'><strong>ut</strong></span> <span class='ocrx_word' id='word_1_838' title='bbox 2607 4916 2737 4977; x_wconf 74' lang='lat' dir='ltr'><strong>dixi,</strong></span> <span class='ocrx_word' id='word_1_839' title='bbox 2773 4916 2947 4968; x_wconf 77' lang='lat' dir='ltr'><strong>debile</strong></span> <span class='ocrx_word' id='word_1_840' title='bbox 2980 4919 3077 4968; x_wconf 85' lang='lat' dir='ltr'><strong>hoc</strong></span> <span class='ocrx_word' id='word_1_841' title='bbox 3107 4929 3388 4979; x_wconf 69' lang='lat' dir='ltr'><strong>argtnnen-</strong></span> 
     </span>
    </p>
   </div>
   <div class='ocr_carea' id='block_1_112' title="bbox 1833 4982 3390 5050">
    <p class='ocr_par' dir='ltr' id='par_1_112' title="bbox 1833 4982 3390 5050">
     <span class='ocr_line' id='line_1_112' title="bbox 1833 4982 3390 5050; baseline 0.001 -16"><span class='ocrx_word' id='word_1_842' title='bbox 1833 4991 1945 5036; x_wconf 89' lang='lat' dir='ltr'><strong>tum</strong></span> <span class='ocrx_word' id='word_1_843' title='bbox 1973 4995 2077 5036; x_wconf 90' lang='lat' dir='ltr'><strong>est.</strong></span> <span class='ocrx_word' id='word_1_844' title='bbox 2128 4982 2242 5035; x_wconf 87' lang='lat' dir='ltr'><strong>Non</strong></span> <span class='ocrx_word' id='word_1_845' title='bbox 2288 4986 2433 5036; x_wconf 84' lang='lat' dir='ltr'><strong>enim</strong></span> <span class='ocrx_word' id='word_1_846' title='bbox 2491 4996 2726 5048; x_wconf 84' lang='lat' dir='ltr'><strong>constat,</strong></span> <span class='ocrx_word' id='word_1_847' title='bbox 2777 4999 3051 5038; x_wconf 84' lang='lat' dir='ltr'><strong>anetorem</strong></span> <span class='ocrx_word' id='word_1_848' title='bbox 3088 4992 3390 5050; x_wconf 84' lang='lat' dir='ltr'><strong>temporum</strong></span> 
     </span>
    </p>
   </div>
   <div class='ocr_carea' id='block_1_113' title="bbox 1830 5053 3391 5108">
    <p class='ocr_par' dir='ltr' id='par_1_113' title="bbox 1830 5053 3391 5108">
     <span class='ocr_line' id='line_1_113' title="bbox 1830 5053 3391 5108; baseline 0.001 -5"><span class='ocrx_word' id='word_1_849' title='bbox 1830 5053 1956 5104; x_wconf 86' lang='lat' dir='ltr'><strong>anni</strong></span> <span class='ocrx_word' id='word_1_850' title='bbox 1990 5053 2182 5105; x_wconf 85' lang='lat' dir='ltr'><strong>seriem</strong></span> <span class='ocrx_word' id='word_1_851' title='bbox 2215 5056 2264 5105; x_wconf 77' lang='grc' dir='ltr'><strong>ιιι</strong></span> <span class='ocrx_word' id='word_1_852' title='bbox 2297 5055 2616 5107; x_wconf 88' lang='lat' dir='ltr'><strong>recensione</strong></span> <span class='ocrx_word' id='word_1_853' title='bbox 2646 5055 2963 5108; x_wconf 84' lang='lat' dir='ltr'><strong>ltilariorutn</strong></span> <span class='ocrx_word' id='word_1_854' title='bbox 3018 5053 3391 5105; x_wconf 78' lang='lat' dir='ltr'><strong>factionalium</strong></span> 
     </span>
    </p>
   </div>
   <div class='ocr_carea' id='block_1_114' title="bbox 1835 5123 3390 5191">
    <p class='ocr_par' dir='ltr' id='par_1_114' title="bbox 1835 5123 3390 5191">
     <span class='ocr_line' id='line_1_114' title="bbox 1835 5123 3390 5191; baseline -0.001 -17"><span class='ocrx_word' id='word_1_855' title='bbox 1835 5131 1888 5174; x_wconf 89' lang='lat' dir='ltr'><strong>et</strong></span> <span class='ocrx_word' id='word_1_856' title='bbox 1914 5123 2238 5174; x_wconf 84' lang='lat' dir='ltr'><strong>circensium</strong></span> <span class='ocrx_word' id='word_1_857' title='bbox 2291 5125 2445 5190; x_wconf 90' lang='lat' dir='ltr'><strong>sequi</strong></span> <span class='ocrx_word' id='word_1_858' title='bbox 2481 5123 2741 5188; x_wconf 78' lang='lat' dir='ltr'><strong>voluisse;</strong></span> <span class='ocrx_word' id='word_1_859' title='bbox 2781 5124 3077 5191; x_wconf 75' lang='lat' dir='ltr'><strong>pnesortim</strong></span> <span class='ocrx_word' id='word_1_860' title='bbox 3112 5137 3234 5176; x_wconf 90' lang='lat' dir='ltr'><strong>cum</strong></span> <span class='ocrx_word' id='word_1_861' title='bbox 3267 5138 3390 5176; x_wconf 91' lang='lat' dir='ltr'><strong>eum</strong></span> 
     </span>
    </p>
   </div>
   <div class='ocr_carea' id='block_1_115' title="bbox 1825 5192 3392 5258">
    <p class='ocr_par' dir='ltr' id='par_1_115' title="bbox 1825 5192 3392 5258">
     <span class='ocr_line' id='line_1_115' title="bbox 1825 5192 3392 5258; baseline 0.001 -16"><span class='ocrx_word' id='word_1_862' title='bbox 1825 5192 1940 5257; x_wconf 89' lang='lat' dir='ltr'><strong>ipse</strong></span> <span class='ocrx_word' id='word_1_863' title='bbox 1969 5195 2165 5252; x_wconf 81' lang='lat' dir='ltr'><strong>turbet,</strong></span> <span class='ocrx_word' id='word_1_864' title='bbox 2200 5205 2318 5258; x_wconf 90' lang='lat' dir='ltr'><strong>post</strong></span> <span class='ocrx_word' id='word_1_865' title='bbox 2349 5208 2569 5246; x_wconf 84' lang='lat' dir='ltr'><strong>aureum</strong></span> <span class='ocrx_word' id='word_1_866' title='bbox 2601 5196 2843 5247; x_wconf 86' lang='lat' dir='ltr'><strong>circense</strong></span> <span class='ocrx_word' id='word_1_867' title='bbox 2871 5208 3101 5246; x_wconf 82' lang='lat' dir='ltr'><strong>narrans</strong></span> <span class='ocrx_word' id='word_1_868' title='bbox 3138 5193 3204 5243; x_wconf 86' lang='lat' dir='ltr'><strong>de</strong></span> <span class='ocrx_word' id='word_1_869' title='bbox 3233 5206 3392 5244; x_wconf 79' lang='lat' dir='ltr'><strong>exce-</strong></span> 
     </span>
    </p>
   </div>
   <div class='ocr_carea' id='block_1_116' title="bbox 1825 5261 3393 5328">
    <p class='ocr_par' dir='ltr' id='par_1_116' title="bbox 1825 5261 3393 5328">
     <span class='ocr_line' id='line_1_116' title="bbox 1825 5261 3393 5328; baseline 0.001 -17"><span class='ocrx_word' id='word_1_870' title='bbox 1825 5263 2032 5328; x_wconf 84' lang='lat' dir='ltr'><strong>ptione</strong></span> <span class='ocrx_word' id='word_1_871' title='bbox 2069 5261 2291 5314; x_wconf 87' lang='lat' dir='ltr'><strong>hiberna</strong></span> <span class='ocrx_word' id='word_1_872' title='bbox 2354 5263 2405 5314; x_wconf 92' lang='lat' dir='ltr'><strong>in</strong></span> <span class='ocrx_word' id='word_1_873' title='bbox 2443 5278 2565 5316; x_wconf 84' lang='lat' dir='ltr'><strong>area</strong></span> <span class='ocrx_word' id='word_1_874' title='bbox 2615 5265 2904 5316; x_wconf 87' lang='lat' dir='ltr'><strong>triconcbii</strong></span> <span class='ocrx_word' id='word_1_875' title='bbox 2945 5262 3108 5322; x_wconf 75' lang='lat' dir='ltr'><strong>facta,</strong></span> <span class='ocrx_word' id='word_1_876' title='bbox 3163 5269 3216 5313; x_wconf 89' lang='lat' dir='ltr'><strong>et</strong></span> <span class='ocrx_word' id='word_1_877' title='bbox 3251 5262 3393 5314; x_wconf 87' lang='lat' dir='ltr'><strong>inter</strong></span> 
     </span>
    </p>
   </div>
   <div class='ocr_carea' id='block_1_117' title="bbox 1831 5329 3390 5398">
    <p class='ocr_par' dir='ltr' id='par_1_117' title="bbox 1831 5329 3390 5398">
     <span class='ocr_line' id='line_1_117' title="bbox 1831 5329 3390 5398; baseline 0 -18"><span class='ocrx_word' id='word_1_878' title='bbox 1831 5331 2202 5393; x_wconf 81' lang='lat' dir='ltr'><strong>lat-Itanicutn,</strong></span> <span class='ocrx_word' id='word_1_879' title='bbox 2259 5334 2400 5398; x_wconf 89' lang='lat' dir='ltr'><strong>quod</strong></span> <span class='ocrx_word' id='word_1_880' title='bbox 2449 5332 2514 5385; x_wconf 77' lang='lat' dir='ltr'><strong>XI</strong></span> <span class='ocrx_word' id='word_1_881' title='bbox 2565 5333 2720 5397; x_wconf 79' lang='lat' dir='ltr'><strong>Maii,</strong></span> <span class='ocrx_word' id='word_1_882' title='bbox 2768 5334 2925 5387; x_wconf 86' lang='lat' dir='ltr'><strong>Urbis</strong></span> <span class='ocrx_word' id='word_1_883' title='bbox 2972 5333 3133 5396; x_wconf 72' lang='lat' dir='ltr'><strong>regia:</strong></span> <span class='ocrx_word' id='word_1_884' title='bbox 3187 5329 3390 5392; x_wconf 84' lang='lat' dir='ltr'><strong>natali,</strong></span> 
     </span>
    </p>
   </div>
   <div class='ocr_carea' id='block_1_118' title="bbox 1829 5399 3389 5468">
    <p class='ocr_par' dir='ltr' id='par_1_118' title="bbox 1829 5399 3389 5468">
     <span class='ocr_line' id='line_1_118' title="bbox 1829 5399 3389 5468; baseline -0.002 -16"><span class='ocrx_word' id='word_1_885' title='bbox 1829 5399 2012 5456; x_wconf 78' lang='lat' dir='ltr'><strong>ﬁebat.</strong></span> <span class='ocrx_word' id='word_1_886' title='bbox 2047 5411 2099 5452; x_wconf 87' lang='lat' dir='ltr'><strong>et</strong></span> <span class='ocrx_word' id='word_1_887' title='bbox 2137 5401 2236 5468; x_wconf 86' lang='lat' dir='ltr'><strong>ipsi</strong></span> <span class='ocrx_word' id='word_1_888' title='bbox 2286 5404 2595 5456; x_wconf 81' lang='lat' dir='ltr'><strong>immediate</strong></span> <span class='ocrx_word' id='word_1_889' title='bbox 2651 5404 2969 5455; x_wconf 88' lang='lat' dir='ltr'><strong>continuum</strong></span> <span class='ocrx_word' id='word_1_890' title='bbox 3026 5400 3389 5454; x_wconf 79' lang='lat' dir='ltr'><strong>Macellarintn</strong></span> 
     </span>
    </p>
   </div>
   <div class='ocr_carea' id='block_1_119' title="bbox 1829 5470 3389 5539">
    <p class='ocr_par' dir='ltr' id='par_1_119' title="bbox 1829 5470 3389 5539">
     <span class='ocr_line' id='line_1_119' title="bbox 1829 5470 3389 5539; baseline -0.001 -18"><span class='ocrx_word' id='word_1_891' title='bbox 1829 5487 1920 5521; x_wconf 77' lang='lat' dir='ltr'><strong>seu</strong></span> <span class='ocrx_word' id='word_1_892' title='bbox 1957 5471 2216 5537; x_wconf 79' lang='lat' dir='ltr'><strong>Lupercal</strong></span> <span class='ocrx_word' id='word_1_893' title='bbox 2260 5475 2596 5539; x_wconf 69' lang='lat' dir='ltr'><strong>intergercns</strong></span> <span class='ocrx_word' id='word_1_894' title='bbox 2633 5474 2887 5523; x_wconf 79' lang='lat' dir='ltr'><strong>Votorum</strong></span> <span class='ocrx_word' id='word_1_895' title='bbox 2924 5473 3211 5529; x_wconf 82' lang='lat' dir='ltr'><strong>ludicrum.</strong></span> <span class='ocrx_word' id='word_1_896' title='bbox 3243 5470 3389 5537; x_wconf 82' lang='lat' dir='ltr'><strong>quod</strong></span> 
     </span>
    </p>
   </div>
   <div class='ocr_carea' id='block_1_120' title="bbox 1829 5539 3392 5607">
    <p class='ocr_par' dir='ltr' id='par_1_120' title="bbox 1829 5539 3392 5607">
     <span class='ocr_line' id='line_1_120' title="bbox 1829 5539 3392 5607; baseline -0.001 -17"><span class='ocrx_word' id='word_1_897' title='bbox 1829 5539 1883 5590; x_wconf 90' lang='lat' dir='ltr'><strong>in</strong></span> <span class='ocrx_word' id='word_1_898' title='bbox 1930 5555 2169 5592; x_wconf 75' lang='lat' dir='ltr'><strong>meust-nt</strong></span> <span class='ocrx_word' id='word_1_899' title='bbox 2218 5539 2533 5593; x_wconf 79' lang='lat' dir='ltr'><strong>Januariutn</strong></span> <span class='ocrx_word' id='word_1_900' title='bbox 2575 5543 2712 5594; x_wconf 90' lang='lat' dir='ltr'><strong>incid</strong></span> <span class='ocrx_word' id='word_1_901' title='bbox 2743 5551 2781 5594; x_wconf 94' lang='lat' dir='ltr'><strong>t.</strong></span> <span class='ocrx_word' id='word_1_902' title='bbox 2837 5541 3038 5592; x_wconf 76' lang='lat' dir='ltr'><strong>Deinde</strong></span> <span class='ocrx_word' id='word_1_903' title='bbox 3085 5548 3259 5607; x_wconf 87' lang='lat' dir='ltr'><strong>potest</strong></span> <span class='ocrx_word' id='word_1_904' title='bbox 3292 5539 3392 5590; x_wconf 82' lang='lat' dir='ltr'><strong>hoc</strong></span> 
     </span>
    </p>
   </div>
   <div class='ocr_carea' id='block_1_121' title="bbox 1830 5611 3389 5678">
    <p class='ocr_par' dir='ltr' id='par_1_121' title="bbox 1830 5611 3389 5678">
     <span class='ocr_line' id='line_1_121' title="bbox 1830 5611 3389 5678; baseline -0.004 -17"><span class='ocrx_word' id='word_1_905' title='bbox 1830 5621 1990 5676; x_wconf 85' lang='lat' dir='ltr'><strong>caput</strong></span> <span class='ocrx_word' id='word_1_906' title='bbox 2029 5624 2239 5678; x_wconf 87' lang='lat' dir='ltr'><strong>quoque</strong></span> <span class='ocrx_word' id='word_1_907' title='bbox 2286 5611 2350 5662; x_wconf 87' lang='lat' dir='ltr'><strong>ad</strong></span> <span class='ocrx_word' id='word_1_908' title='bbox 2405 5611 2782 5677; x_wconf 81' lang='lat' dir='ltr'><strong>imperatorem</strong></span> <span class='ocrx_word' id='word_1_909' title='bbox 2832 5613 3062 5678; x_wconf 80' lang='lat' dir='ltr'><strong>aliquem</strong></span> <span class='ocrx_word' id='word_1_910' title='bbox 3096 5611 3389 5676; x_wconf 72' lang='lat' dir='ltr'><strong>respicm-i-,</strong></span> 
     </span>
    </p>
   </div>
   <div class='ocr_carea' id='block_1_122' title="bbox 1813 5679 3389 5744">
    <p class='ocr_par' dir='ltr' id='par_1_122' title="bbox 1813 5679 3389 5744">
     <span class='ocr_line' id='line_1_122' title="bbox 1813 5679 3389 5744; baseline 0.001 -18"><span class='ocrx_word' id='word_1_911' title='bbox 1813 5679 1917 5743; x_wconf 92' lang='lat' dir='ltr'><strong>.qui</strong></span> <span class='ocrx_word' id='word_1_912' title='bbox 1948 5691 2072 5732; x_wconf 86' lang='lat' dir='ltr'><strong>ante</strong></span> <span class='ocrx_word' id='word_1_913' title='bbox 2093 5679 2508 5732; x_wconf 79' lang='lat' dir='ltr'><strong>Constantinum</strong></span> <span class='ocrx_word' id='word_1_914' title='bbox 2534 5681 2728 5735; x_wconf 78' lang='lat' dir='ltr'><strong>Leonis</strong></span> <span class='ocrx_word' id='word_1_915' title='bbox 2752 5685 2901 5744; x_wconf 74' lang='lat' dir='ltr'><strong>vixit,</strong></span> <span class='ocrx_word' id='word_1_916' title='bbox 2926 5691 2979 5732; x_wconf 89' lang='lat' dir='ltr'><strong>ct</strong></span> <span class='ocrx_word' id='word_1_917' title='bbox 3011 5693 3137 5732; x_wconf 87' lang='lat' dir='ltr'><strong>ante</strong></span> <span class='ocrx_word' id='word_1_918' title='bbox 3171 5683 3389 5738; x_wconf 75' lang='lat' dir='ltr'><strong>leszum,</strong></span> 
     </span>
    </p>
   </div>
   <div class='ocr_carea' id='block_1_123' title="bbox 1829 5748 3389 5872">
    <p class='ocr_par' dir='ltr' id='par_1_123' title="bbox 1829 5748 3389 5872">
     <span class='ocr_line' id='line_1_123' title="bbox 1829 5748 3389 5872; baseline 0 -72"><span class='ocrx_word' id='word_1_919' title='bbox 1829 5748 1910 5827; x_wconf 73' lang='lat' dir='ltr'><strong>vel</strong></span> <span class='ocrx_word' id='word_1_920' title='bbox 1940 5749 2058 5829; x_wconf 81' lang='lat' dir='ltr'><strong>ipso</strong></span> <span class='ocrx_word' id='word_1_921' title='bbox 2089 5750 2225 5872; x_wconf 67' lang='lat' dir='ltr'><strong>Itesto</strong></span> <span class='ocrx_word' id='word_1_922' title='bbox 2262 5749 2540 5806; x_wconf 84' lang='lat' dir='ltr'><strong>Pascltatis</strong></span> <span class='ocrx_word' id='word_1_923' title='bbox 2585 5762 2877 5806; x_wconf 86' lang='lat' dir='ltr'><strong>coronatus</strong></span> <span class='ocrx_word' id='word_1_924' title='bbox 2936 5760 2990 5803; x_wconf 88' lang='lat' dir='ltr'><strong>et</strong></span> <span class='ocrx_word' id='word_1_925' title='bbox 3034 5751 3389 5817; x_wconf 80' lang='lat' dir='ltr'><strong>inauguratus</strong></span> 
     </span>
     <span class='ocr_line' id='line_1_124' title="bbox 1829 5827 2207 5872; baseline -0.003 -2"><span class='ocrx_word' id='word_1_926' title='bbox 1829 5833 2055 5872; x_wconf 87' lang='lat' dir='ltr'><strong>ttnncrto</strong></span> <span class='ocrx_word' id='word_1_927' title='bbox 2114 5827 2207 5871; x_wconf 83' lang='lat' dir='ltr'><strong>utt.</strong></span> 
     </span>
    </p>
   </div>
   <div class='ocr_carea' id='block_1_124' title="bbox 1829 5820 2207 5888">
    <p class='ocr_par' dir='ltr' id='par_1_124' title="bbox 1829 5820 2207 5888">
     <span class='ocr_line' id='line_1_125' title="bbox 1829 5820 2207 5888; baseline -0.003 -18"><span class='ocrx_word' id='word_1_928' title='bbox 1829 5820 2055 5888; x_wconf 84' lang='lat' dir='ltr'><strong>imperio</strong></span> <span class='ocrx_word' id='word_1_929' title='bbox 2089 5820 2207 5872; x_wconf 80' lang='lat' dir='ltr'><strong>fuit.</strong></span> 
     </span>
    </p>
   </div>
  </div>
