4150 6444
156 429 257 495 609

973 424 1067 483 DE
1108 418 1560 482 CERIMONIIS
1589 415 2265 477 ΑυμΕΒΥΖΑΝΤΙΝέΕ
2305 417 2450 476 LIB.
2495 417 2537 474 Ι.

3305 419 3406 482 ΗΟ

169 536 476 604 Ῥωμαίων.
525 532 764 601 Ἀληθῶς
792 533 899 602 γὰρ
928 532 984 585 ὲν
1008 533 1137 601 ὑμῖν
1184 532 1233 583 οἱ
1286 547 1380 581 πισ
1400 528 1630 591 γεύοντες
1659 526 1728 579 τὰ

1842 540 2046 579 norum.
2079 524 2218 578 Vere
2258 525 2402 578 enim
2447 524 2499 576 in
2542 523 2692 577 vobis
2732 523 3014 577 credentes
3053 523 3188 576 bona
3229 529 3405 578 omnfa

156 627 334 693 ἀγαθᾶ
361 625 686 694 καθορῶσιν.
742 645 760 676 1
800 624 991 688 ’Λλλος
1014 623 1056 653 ⁵⁵⁸
1079 642 1092 654 ·
1149 642 1165 674 1
1199 624 1293 685 Τἔς
1325 624 1480 692 ἔσχεν
1504 621 1726 691 εὐεργέ-

156 736 268 779 τας,
328 718 688 786 ἀγαθοποιοϋς
732 715 1028 779 τοιούτους.
1083 715 1448 783 φυλάττοντας
1508 715 1730 767 πᾶσιτδ

153 815 358 864 δίκαιον
395 811 699 879 ἀνθρώποις
747 810 841 863 καὶ
875 810 1260 879 ἀνεγείραντας
1298 808 1535 861 Βενέτων
1570 809 1728 861 εὔτυ-

155 907 308 974 χξαν;
336 905 502 956 Δαεὶδ
527 904 572 933 ⁸*
595 903 654 956 σὲ
685 901 1272 973 ἔχομεν,ὴγαπημὲνε,
1301 897 1360 955 οὗ
1379 903 1474 970 οὐχ
1510 902 1728 972 εὖρήσει

154 997 240 1048 τὸν
268 998 458 1064 ὅμοιόν
512 1013 603 1047 σου
645 996 779 1063 μετὰ
832 995 946 1064 σὲή
988 993 1251 1047 πολιτεία.
1285 1012 1301 1044 1
1336 993 1556 1056 Ἀλλος·
1606 1011 1622 1042 1
1669 995 1730 1046 ἸΙ

154 1087 297 1154 χαρὰ
325 1088 401 1145 εἰς
430 1086 488 1137 τὸ
514 1085 736 1138 Βὲνετον
759 1084 1080 1154 ἐπιλάμπει,
1106 1085 1193 1136 ὅτε
1221 1084 1501 1138 ἀνατέλλει
1528 1085 1586 1138 τὸ
1616 1086 1732 1137 θεο-

157 1177 462 1245 πρόδ).ητον
491 1177 671 1239 ἄνθος,
695 1178 769 1239 ὡς
799 1178 1032 1240 οἰκείους
1057 1177 1388 1245 περώὰλπον
1418 1181 1541 1240 τοὺς
1573 1177 1732 1230 Βενέ-

156 1289 313 1333 τους·
347 1272 508 1324 τοῦτο
541 1273 650 1341 γὰρ
679 1271 941 1340 κέκτηται
991 1273 1023 1331 ἠ
1078 1270 1323 1324 πολιτεία
1367 1274 1445 1332 εἰς
1478 1272 1731 1339 εὐτυχίαν

158 1371 248 1419 καὶ
291 1366 454 1431 δόξαν
488 1365 587 1432 τῆς
649 1364 944 1434 βασιλεέας.
985 1385 1001 1416 1
1044 1365 1266 1428 Ἀλλοςσ
1296 1382 1318 1417 1
1372 1364 1501 1417 Ὅτε
1556 1365 1733 1434 νικᾷὸ

155 1459 328 1526 δῆμος
361 1453 538 1521 οὗτος,
564 1461 593 1510 6
616 1459 868 1527 βασιλεὺς
900 1459 958 1510 ὲν
993 1459 1252 1528 πολέμοις
1285 1461 1381 1513 σὺν
1405 1458 1480 1528 τῷ
1518 1457 1732 1527 στρατῷ

158 1552 377 1620 εὐτυχεῖ
395 1553 512 1612 ταῖς
537 1549 734 1612 νίκαις,
763 1551 855 1602 καὶ
882 1551 939 1602 ὲν
965 1553 1029 1620 τῇ
1064 1551 1216 1604 πόλει
1252 1552 1540 1620 Ῥωμαίων
1563 1551 1733 1617 ὑπερ-

158 1646 313 1709 αὺξει
346 1648 374 1712 ἠ
403 1645 628 1712 εὺοτριξα
661 1645 727 1697 ’⁸.
772 1644 862 1696 Διὸ
913 1646 1174 1716 αἰτοῦμεν
1199 1647 1261 1699 τὸ
1293 1647 1465 1708 Θεῖον,
1504 1648 1580 1708 si;
1610 1648 1734 1709 τοὺς

160 1736 362 1796 uitiata;
391 1735 535 1804 ἔχειν
565 1738 677 1798 τοῖς
708 1735 954 1798 Βενέτοις
989 1739 1029 1767 ⁹¹
1072 1737 1227 1800 νίκας
1265 1740 1357 1791 καὶ
1385 1738 1560 1804 δόξαν.
1603 1757 1621 1789 1

227 1914 302 1968 Γ.
351 1917 568 1977 Ίστέον,
607 1916 687 1968 ὅτι
744 1916 851 1969 ἀπὸ
880 1917 973 1969 τοῦ
1005 1917 1256 1988 δευτέρου
1302 1917 1454 1987 βαῖου
1485 1917 1736 1986 λέγουσιν

160 2010 201 2058 oi
245 2012 519 2078 κρακται·
575 2027 591 2056 1
632 2010 774 2080 Νικᾷ
832 2013 863 2078 ἡ
924 2010 1106 2073 πίστις
1162 2012 1272 2063 τῶν
1311 2011 1608 2079 βασιλέων
1650 2033 1666 2063 1
1708 2015 1732 2066 6

161 2101 286 2161 λαὸς
321 2103 518 2169 ὁμοίως
551 2105 612 2154 ὲκ
638 2102 706 2168 γ’.
751 2104 815 2154 Οἱ
851 2104 1119 2172 119611-111:-
1154 2121 1172 2153 1
1199 2102 1318 2154 Τῶν
1341 2104 1726 2170 Αὐγουστῶϊι

422 2214 435 2238 ι
481 2193 622 2263 Νικᾷ
655 2195 686 2262 ἡ
725 2193 902 2255 πίστις
926 2193 1032 2246 τῶν
1060 2194 1404 2262 Αὑγουστών.
1435 2214 1455 2244 1
1501 2196 1562 2247 Οἱ
1597 2196 1730 2265 κρᾶ-

163 2301 314 2336 κται·
353 2304 372 2335 1
410 2285 517 2353 Τῆς
571 2285 809 2347 πόλεως.
873 2303 890 2334 1
922 2286 948 2337 6
980 2285 1105 2349 λαός
1133 2289 1209 2319 η·
1250 2306 1267 2337 1
1315 2287 1460 2357 Νι.κᾷ
1493 2290 1524 2357 ἡ
1557 2289 1732 2350 πίστις

159 2379 252 2446 τῆς
285 2377 511 2438 πόλεως.
553 2395 570 2426 1
609 2377 670 2430 Οἱ
720 2378 986 2444 κράκται·
1025 2396 1040 2429 ι
1086 2377 1207 2430 Τῶν
1264 2379 1536 2431 Βενέτωνο
1591 2398 1607 2430 1
1652 2382 1732 2446 (ςὶ

161 2469 457 2537 Hgio-1101'
530 2486 548 2518 1
584 2468 691 2521 τῶν
732 2469 1052 2538 Πρασῐνωνο
1083 2469 1127 2538 1)
1168 2471 1196 2521 6
1240 2469 1367 2532 λαός
1393 2487 1406 2500 °
1472 2489 1489 2521 1
1531 2471 1732 2541 Νικᾷὴ

157 2561 251 2610 πισ
268 2575 340 2620 τις
362 2560 468 2610 τῶν
497 2559 769 2612 Βεενέτων⁸
812 2580 828 2612 1
874 2559 942 2630 (οἱ
969 2561 1228 2629 Πρὰσινοι
1251 2577 1264 2592 ο
1321 2581 1338 2613 1
1381 2561 1501 2614 Τῶν
1535 2563 1734 2634 Πρασὶ-

159 2672 281 2706 νων.
324 2671 340 2703 1
370 2658 390 2721 )
416 2653 507 2703 καὶ
538 2654 674 2721 μετὰ
696 2651 868 2704 ταῦτα
903 2653 1116 2720 λέγεται
1148 2653 1476 2706 ἀπελατικδν
1508 2655 1596 2725 ἥχ.
1629 2675 1644 2704 1
1669 2656 1732 2708 ’Π

156 2746 245 2797 τοῦ
288 2746 517 2812 στέιςους
548 2744 703 2814 ὑμῶν
735 2746 894 2817 ἑορτὴ
927 2745 1243 2816 ἐλευθερίαν
1285 2747 1477 2817 μηνύει
1513 2749 1618 2800 ἀττὸ
1646 2749 1732 2801 οὖο

159 2836 338 2906 ρανῶν
375 2837 486 2906 (51)
541 2837 654 2898 τοῖς
684 2837 991 2906 ἀνθρώποις
1015 2878 1030 2903 ,
1069 2855 1088 2888 1
1117 2840 1211 2891 καὶ
1241 2840 1307 2891 τὰ
1358 2840 1503 2908 ἑξῆς.
1542 2840 1734 2904 Ἀλλος

156 2931 240 3000 ῆι.
277 2929 330 2983 ,ι’
352 2948 365 2961 ·
414 2929 566 2983 ιΚᾶν
587 2929 724 2984 θέλω
757 2932 1001 3001 σιγῆσαι,
1034 2932 1143 2984 τῶν
1175 2935 1392 3003 τρόπων
1419 2951 1508 2986 σου
1542 2936 1734 3003 ἡχρη-

158 3023 357 3093 σῑότης
411 3023 508 3074 οὐκ
535 3024 597 3092 ἑᾷ
630 3039 717 3092 με.
754 3023 812 3075 '0
840 3024 949 3094 γὰρ
1000 3023 1160 3086 πόθος
1188 3024 1280 3075 τὸν
1313 3025 1475 3090 φόϐον
1513 3027 1733 3094 611111113-

159 3131 273 3178 τας.
315 3114 563 3182 βιάζεταί
596 3131 662 3182 με
695 3115 774 3175 εἰς
795 3115 892 3185 τὴν
932 3116 1028 3182 σὴν
1059 3116 1360 3184 εὺῳημίαν·
1386 3117 1441 3169 αἱ
1467 3119 1570 3184 γὰρ
1613 3117 1730 3169 κατ’

159 2197 184 2243 6
212 2194 339 2255 λαός
365 2209 379 2223 ο

1834 618 2200 686 conspiciunt.
2243 635 2260 667 1
2308 617 2469 686 188
2502 615 2654 670 Alius
2691 631 2704 667 :
2744 634 2760 666 1
2806 615 2936 680 Quis
2974 627 3080 669 tam
3119 615 3410 672 clemrntes

1831 719 1880 762 et
1918 710 2188 762 beneﬁcos
2221 710 2468 763 dominos
2513 725 2751 777 unquam
2788 710 2996 771 babuit,
3034 709 3122 778 qui
3161 710 3412 764 omnibus

1835 801 2146 854 botnindius
2182 800 2449 869 ju5titiam
2492 811 2778 853 servarunt
2820 798 3260 872 Venetornmque
3293 803 3412 854 fel.-

1832 894 2052 946 1-itatem
2097 895 2522 961 promovernnt?
2559 894 2655 957 Te,
2693 896 2908 959 dilecte,
2951 895 3206 949 Dav-idem
3247 895 3413 948 babc-

1836 999 1971 1043 mtts.
2003 985 2086 1036 cui
2128 995 2252 1052 post
2287 996 2338 1038 te
2373 1001 2552 1052 parem
2598 988 2898 1053 rcSpublEca
2941 1001 3046 1039 non
3086 986 3340 1039 inveniet.
3389 1008 3406 1036 1

1836 1076 1986 1131 Alius
2047 1094 2061 1129 :
2131 1095 2148 1126 1
2209 1077 2476 1132 Gaudium
2552 1093 2714 1147 super
2779 1080 3012 1134 Venetos
3066 1079 3411 1146 I'CSpieltdt'l,

1834 1173 2049 1240 quando
2078 1170 2175 1224 ﬂos
2208 1187 2236 1223 a
2274 1173 2383 1226 Deo
2411 1184 2694 1243 promotus
2717 1175 2981 1234 exoritur.
3015 1188 3187 1242 COtIIIC
3229 1171 3415 1223 Veneti

1836 1275 1890 1317 ιιι
1926 1265 2071 1318 scrvi
2110 1264 2468 1319 incalescunt.
2502 1265 2612 1320 lloc
2643 1268 2784 1319 enim
2814 1266 3119 1336 respublica
3149 1269 3212 1320 ad
3247 1266 3418 1319 fclici-

1840 1368 2006 1411 tatetn
2054 1366 2108 1412 et
2160 1359 2388 1427 gloriam
2446 1359 2656 1426 imperii
2713 1369 2866 1411 nacta
2923 1369 3028 1413 est.
3101 1377 3122 1409 1
3187 1359 3339 1411 Alius
3402 1374 3416 1412 τ

1848 1468 1865 1499 1
1912 1453 2140 1515 Quando
2169 1452 2257 1506 hic
2287 1450 2515 1520 pOpnlus
2544 1450 2792 1519 superior
2825 1462 2925 1516 est,
2960 1452 3258 1521 imperator
3295 1465 3416 1504 cum

1834 1543 2077 1596 exercitu
2127 1558 2157 1598 e
2195 1543 2351 1598 bellis
2396 1544 2568 1597 betam
2634 1545 2918 1598 victoriam
2964 1552 3222 1611 reportat,
3261 1545 3422 1611 inque

1837 1636 1972 1689 urbe
2002 1635 2247 1690 Romana
2283 1636 2612 1690 abundantia
2647 1647 2874 1704 augetur
2905 1646 2957 1689 et
2987 1636 3204 1690 crescit.
3243 1637 3423 1701 Quare

1839 1727 2003 1782 Deum
2051 1744 2360 1798 precamur.
2409 1741 2465 1782 ot
2529 1731 2580 1782 in
2633 1729 2824 1782 sa:cula
2875 1730 3094 1782 Venetis
3141 1729 3421 1783 victoriam

1838 1821 2176 1890 gloriamque
2200 1823 2486 1875 concedat.
2530 1841 2547 1872 1

1913 1907 1998 1962 ΙΙΙ.
2043 1909 2336 1964 Sciendum
2368 1919 2472 1974 est,
2505 1912 2760 1965 secundae
2811 1910 2999 1980 palmae
3057 1919 3309 1963 cantores
3342 1907 3425 1962 di-

1841 2018 1965 2057 cere
1998 2016 2014 2054 :
2051 2021 2069 2053 1
2117 2003 2296 2058 Vincit
2331 2003 2462 2057 ﬁdes
2501 2006 2921 2072 imperatorum;
2967 2023 2980 2053 1
3026 2003 3252 2071 populus
3282 2002 3422 2056 idem

1845 2106 1946 2151 ter.
1978 2097 2292 2152 Cantores:
2331 2115 2348 2148 1
2386 2100 2789 2166 Augustarum;
2831 2117 2848 2149 1
2886 2099 3149 2165 populus:
3187 2116 3206 2149 1
3245 2097 3426 2151 Vincit

1848 2189 1981 2244 lides
2005 2191 2394 2260 Augustarum.
2433 2210 2450 2240 1
2483 2190 2743 2244 Cantores
2777 2209 2790 2244 :
2826 2210 2842 2243 1
2881 2191 3072 2257 L‘rbis;
3110 2211 3126 2242 1
3161 2193 3423 2260 populus:

1852 2302 1870 2334 1
1920 2284 2092 2339 Vincit
2141 2285 2272 2338 ﬁdes
2313 2285 2482 2338 urbis.
2536 2303 2554 2335 1
2594 2283 2900 2338 Cantores:
2941 2303 2959 2335 1
3005 2283 3353 2348 Venetorum,
3403 2301 3419 2332 1

1845 2376 2083 2445 (Prasiui
2117 2394 2131 2432 :
2168 2397 2185 2428 1
2226 2377 2605 2444 Prasiuorum;
2648 2379 2693 2443 1)
2721 2379 2944 2446 populus
2977 2396 2988 2431 :
3027 2396 3046 2429 1
3093 2377 3267 2431 Vincit
3297 2376 3427 2430 ﬁdes
3464 2358 3465 2361 Ἴ

1848 2471 2199 2536 Venetorum,
2233 2491 2250 2524 1
2286 2471 2520 2542 (Prasitti
2570 2489 2582 2526 :
2641 2491 2658 2522 1
2697 2471 3110 2538 Prasittorutn.)
3154 2489 3172 2523 1
3231 2470 3425 2524 Postea

1843 2564 2171 2632 apelaticnm
2223 2565 2435 2617 canitur
2473 2583 2485 2617 :
2528 2582 2546 2614 1
2594 2563 2862 2618 Solemnis
2898 2564 3152 2618 memoria
3199 2578 3428 2615 corona-

1844 2660 2009 2713 tionis
2051 2667 2243 2712 vestra:
2286 2658 2597 2712 hominibus
2647 2659 2949 2711 libertatem
3007 2658 3223 2711 caelitus
3275 2671 3426 2708 com-

1845 2759 2136 2814 memorat,
2167 2758 2274 2803 etc.
2313 2767 2330 2799 1
2365 2751 2518 2803 Alius
2550 2750 2715 2802 tonol
2747 2769 2758 2802 :
2797 2770 2811 2800 1
2851 2751 3073 2804 Etiamsi
3105 2764 3283 2803 mores
3311 2759 3430 2802 tuos

1846 2853 2024 2897 tacere
2074 2842 2250 2907 velim,
2287 2843 2633 2897 CltriS'iutttts
2680 2855 2874 2906 cintus,
2916 2843 2966 2896 id
3007 2857 3112 2895 non
3157 2841 3427 2910 permitti-

1846 2949 1932 2990 tnr
1961 2953 1974 2990 :
2008 2937 2342 2990 desiderium
2369 2937 2536 2994 enim,
2571 2948 2714 2988 metu
2749 2944 3028 3001 snperato,
3050 2933 3116 2986 ad
3149 2933 3428 2988 celebrati-

1843 3030 1939 3082 das
1968 3028 2154 3081 laudes
2181 3038 2299 3079 tuas
2328 3041 2412 3080 me
2439 3027 2676 3079 excitat:
2701 3025 2884 3079 felices
2908 3038 3185 3077 armorqu
3213 3032 3428 3076 tuorum

1843 3135 2132 3174 successus
2171 3130 2360 3173 contra
2400 3119 2582 3172 hostes
2613 3130 2731 3171 tuos
2753 3157 2767 3180 ,
2802 3126 2859 3170 ut
2891 3116 3117 3173 fulmen.
3145 3117 3209 3167 ad
3241 3115 3429 3167 termi-

156 3208 415 3258 ἐναντίων
444 3208 488 3238 ’³
509 3224 602 3258 σου
624 3207 868 3275 εὐτυχίαι
893 3207 965 3270 ὼς
998 3207 1191 3278 βροντὴ
1215 3209 1533 3278 ἑξηχοῦνται
1558 3213 1633 3272 εἰς
1665 3212 1732 3262 τὰ

1848 3230 1943 3266 nos
1977 3215 2125 3268 orbis
2163 3213 2428 3266 resonuit.
2472 3229 2488 3262 1
2528 3211 2722 3265 Postea
2755 3220 3008 3264 cantores
3039 3209 3424 3264 modulantur:

157 3298 371 3368 πέρατα
415 3299 512 3367 τῆς
541 3301 893 3368 οἰκουμένης.
935 3319 951 3350 1
991 3301 1098 3353 Καὶ
1134 3302 1270 3370 μετὰ
1315 3302 1486 3355 ταῦτα
1515 3303 1731 3369 λέγουσι

155 3390 200 3438 εἰ
240 3389 481 3458 κράκται
520 3388 752 3457 exeam-
793 3407 810 3438 1
865 3391 1088 3443 'Avavé'
1131 3409 1148 3441 1
1184 3393 1211 3443 6
1261 3392 1422 3454 λαός*
1460 3410 1477 3439 1
1523 3393 1680 3451 Ὀλος
1709 3396 1734 3445 6

156 3479 317 3542 πόθος
349 3481 378 3531 6
406 3478 517 3531 τῶν
558 3478 866 3548 Ῥωμαίων.
911 3499 928 3530 1
973 3482 1032 3532 Οἱ
1068 3485 1329 3550 κράχται·
1373 3502 1390 3533 1
1426 3484 1609 3536 Navi
1656 3503 1671 3533 1
1707 3485 1733 3535 6

155 3573 306 3636 λαῦς·
349 3591 368 3623 1
411 3574 502 3634 Εἰς
544 3575 689 3641 ὑμᾶς
737 3577 929 3641 ὁρᾶται
988 3575 1053 3638 ³⁸,
1086 3577 1211 3638 τοὺς
1257 3577 1566 3644 εὐεργέτας.
1611 3599 1627 3628 1
1674 3580 1732 3629 t'ii

156 3664 425 3734 κράκται·

154 3757 410 3825 εὐσεὸεία
441 3756 732 3820 δεσπόζετε
767 3759 812 3789 ⁹⁶
841 3760 998 3820 ὅλως.
1027 3778 1042 3809 1
1070 3760 1132 3812 Οἱ
1160 3762 1394 3829 κράκταε
1414 3779 1426 3792 ’
1461 3780 1478 3812 1
1510 3763 1661 3814 Νανά
1684 3782 1727 3812 ἰ

153 3852 179 3900 6
200 3850 327 3910 λαός
350 3865 364 3878 ’
420 3867 438 3899 1
477 3849 568 3911 Εἰς
597 3849 867 3916 δικαίωμα
894 3851 1108 3919 πρῶτον
1141 3853 1199 3904 τὸ
1235 3853 1550 3919 φιλάγαθον,
1597 3855 1734 3924 κρά-

153 3956 239 4001 τος
267 3941 451 4010 ὑμῶν,
493 3941 771 3994 δεσπόται.
817 3959 834 3990 1
874 3942 979 3993 Καὶ
1016 3943 1152 4009 μετὰ
1191 3943 1365 3996 ταῦτα
1418 3943 1665 4010 λέγουσιν
1696 3947 1741 3996 οἱ

153 4033 430 4100 κρακται·
479 4050 496 4082 1
525 4030 745 4083 Δοῦλοι·
789 4051 805 4081 1
834 4035 861 4084 6
889 4033 1040 4095 λαὸςο
1087 4052 1104 4082 1
1168 4033 1359 4102 Ἡμεῖς
1406 4034 1583 4087 δοῦλοι
1636 4034 1742 4086 τῶν

157 4120 450 4187 βασιλέων,
485 4139 500 4170 1
542 4123 604 4172 ὲκ
640 4119 704 4186 γ’.
740 4122 801 4172 Οἱ
835 4123 1098 4190 κράκται’
1135 4140 1153 4171 1
1201 4122 1291 4174 Ἰδὲ
1317 4123 1492 4177 δοῦλοι
1521 4124 1742 4192 ὸγαοῶν

158 4211 462 4280 βασιλέων
510 4231 527 4263 1
564 4215 591 4264 6
620 4212 744 4272 λαὸς
777 4214 977 4282 ὁμοέως
1010 4216 1074 4266 ὲκ
1097 4213 1166 4282 γ’.
1197 4216 1261 4267 Οἱ
1289 4216 1553 4285 κράκται·
1581 4235 1598 4267 1
1647 4219 1742 4271 Ίδὲ

154 4302 329 4356 δοῦλοι
363 4306 527 4373 ἡμεῖς
545 4305 819 4371 ςιλοῧντες
846 4306 1006 4371 ἀξίως
1030 4324 1041 4335 ·
1078 4324 1098 4357 1
1135 4309 1164 4360 6
1190 4307 1316 4370 λαὸς
1345 4309 1545 4377 ὁμοίως
1576 4310 1639 4362 ἐκ
1667 4309 1737 4377 γ’.

466 3683 484 3714 1
523 3665 708 3717 Νανά”
755 3686 772 3714 1
827 3671 853 3718 6
885 3666 1040 3728 λαός·
1075 3685 1093 3717 1
1151 3666 1257 3719 Τοῦ
1320 3672 1523 3738 κόσμου
1557 3671 1600 3700 ⁵⁵
1629 3673 1734 3740 γὰρ

1849 3325 1865 3356 1
1907 3307 2122 3368 Annua;
2165 3323 2182 3355 1
2226 3302 2458 3374 populus
2495 3322 2508 3358 ε
2549 3321 2566 3353 1
2611 3301 2804 3355 Totum
2847 3301 3174 3356 desiderium
3224 3299 3427 3354 [toma-

1847 3415 2061 3451 uarnm.
2109 3397 2435 3451 1-Cantores
2478 3415 2490 3451 :
2539 3414 2556 3446 1
2613 3397 2790 3462 Nana;
2845 3414 2862 3446 1
2911 3395 3186 3466 populus:
3233 3413 3250 3445 1
3294 3393 3426 3446 Nam

1846 3509 1940 3558 per
1973 3493 2227 3559 pietatem
2261 3505 2476 3543 onmem
2512 3489 2771 3542 mtmtlum
2807 3485 3203 3558 gubernamini.
3242 3505 3259 3537 1
3290 3486 3430 3540 Cau-

1845 3594 2030 3637 tnrcs:
2073 3602 2089 3633 1
2133 3581 2316 3646 Natta;
2359 3601 2375 3632 1
2423 3585 2698 3652 populus:
2746 3599 2762 3632 1
2805 3581 2858 3633 In
2903 3581 3131 3647 primam
3160 3579 3425 3646 justitiam

1849 3678 1972 3728 boni
2033 3687 2328 3739 amantem,
2373 3676 2630 3742 majestas
2671 3685 2877 3739 vestra,
2913 3671 3135 3727 domini.
3175 3691 3192 3723 1
3235 3671 3426 3723 l’ostca

1846 3777 2100 3820 Cantores
2133 3767 2314 3819 dicunt
2353 3784 2366 3820 :
2405 3785 2423 3817 1
2469 3765 2660 3831 Servi;
2702 3784 2719 3814 1
2761 3765 2991 3832 pepulus
3030 3785 3040 3816 :
3082 3780 3100 3812 1
3142 3759 3249 3814 Nos
3285 3759 3428 3813 Seni

1848 3860 2254 3925 imperatorum,
2306 3876 2323 3907 1
2378 3867 2482 3910 ter.
2526 3856 2841 3909 Cantores:
2886 3874 2902 3905 1
2958 3853 3112 3907 Servi
3165 3853 3427 3907 bonorum

1843 3949 2264 4015 imperatorum;
2307 3967 2325 3999 1
2366 3949 2443 4001 sic
2479 3948 2708 4016 populus
2742 3957 2845 4002 ter.
2878 3946 3144 4000 Cantores
3173 3965 3184 3998 :
3217 3963 3234 3995 1
3273 3943 3426 3999 Servi

1839 4055 2050 4102 sumus,
2081 4039 2170 4106 qui
2213 4053 2306 4092 vos
2336 4053 2399 4091 ex
2433 4039 2630 4092 merito
2665 4049 2884 4102 amant;
2925 4056 2942 4087 1
2977 4038 3165 4090 eadem
3200 4036 3430 4104 populus

1835 4122 1943 4185 ter.
1971 4131 2279 4186 Cantores:
2319 4149 2338 4180 1
2384 4131 2576 4193 Servi;
2620 4149 2637 4181 1
2680 4129 2909 4199 populus
2951 4139 3077 4182 ter:
3115 4147 3131 4178 1
3170 4126 3278 4180 Nos
3321 4127 3426 4178 im-

1841 4232 2156 4292 peratorum
2197 4223 2368 4279 servi.
2409 4241 2429 4275 1
2473 4221 2742 4276 Cantores
2777 4241 2788 4274 :
2831 4240 2848 4271 1
2899 4219 3042 4285 Nos;
3085 4240 3101 4270 1
3150 4218 3425 4288 populus:

1847 4334 1865 4366 1
1899 4317 2306 4385 imperatorum.
2351 4335 2368 4368 1

154 4400 212 4450 Οἱ
233 4399 514 4468 κράκται·
559 4417 576 4449 ι
612 4397 829 4450 Δοῦλοι·
894 4421 910 4450 ι
956 4403 984 4453 ὁ
1017 4401 1143 4462 λαός
1171 4415 1184 4429 ⁸
1251 4419 1270 4452 ί
1324 4400 1513 4473 Ἡμεῖς
1560 4402 1737 4456 δοῦλοι
1801 4412 1910 4464 τῶν
1961 4411 2255 4481 βασιλέων
2297 4429 2314 4461 1
2383 4412 2448 4462 ὲκ
2479 4408 2548 4476 γ’.
2587 4409 2649 4461 Οἱ
2678 4407 2948 4479 κράκται·
2994 4423 3013 4458 1
3084 4405 3306 4475 Ἡμεῖς·
3347 4424 3364 4456 1
3399 4407 3426 4456 6

151 4489 309 4552 λαόςο
347 4508 368 4540 1
411 4488 536 4541 Τῶν
560 4489 843 4558 βασιλέων.
881 4510 898 4542 1

218 4579 294 4634 A'.
340 4581 566 4646 ’ῐστέον,
613 4583 694 4634 ὅτι
746 4583 794 4634 οι
831 4585 1194 4655 σταυροφόροι
1255 4585 1372 4657 (52)
1420 4587 1531 4642 ἀπὸ
1551 4586 1659 4640 τῶν
1692 4589 1734 4642 δ’
1772 4561 1812 4617 D

151 4676 339 4747 δήμων
377 4677 766 4747 κατέρχονται,
796 4682 887 4731 καὶ
920 4684 965 4732 οἱ
1002 4681 1102 4750 μὲν
1128 4681 1223 4735 τοῦ
1255 4684 1480 4738 Βενέτου
1511 4687 1602 4759 διαὶ
1642 4690 1735 4742 τοῦ

150 4768 340 4821 λευκοῦ
375 4768 471 4821 διὰ
527 4769 620 4822 τοῦ
685 4771 940 4840 καμπτοῦ
969 4773 1062 4825 τοῦ
1096 4774 1324 4828 Βενὲτου
1368 4776 1733 4846 κάμπτοντες,

151 4860 496 4929 εἰσέρχονται
535 4863 614 4922 εἰς
653 4863 714 4912 τὸ
769 4863 973 4929 στάμα,
1013 4865 1060 4915 οἱ
1112 4865 1168 4917 δὶ
1198 4865 1294 4919 τοῦ
1329 4867 1599 4936 Πρασίνου
1642 4873 1735 4923 καὶ

151 4947 241 5000 τοῦ
273 4950 502 5021 ῥουσιου
531 4951 618 5004 διὰ
646 4950 740 5004 τοῦ
772 4951 1024 5021 καμπτοῦ
1043 4953 1135 5006 τοῦ
1161 4954 1431 5026 Πρασινου
1456 4958 1734 5027 κάμπτον-

1914 4593 2002 4648 ιν.
2045 4591 2338 4647 Sciendum
2369 4601 2475 4655 est,
2503 4594 2818 4658 crucigeros
2851 4605 2879 4643 a
2914 4598 3147 4658 quatuor
3178 4587 3424 4643 factioni-

1844 4688 1944 4738 bus
1989 4683 2318 4737 descendere
2345 4725 2358 4748 ,
2401 4692 2456 4735 et
2500 4680 2722 4735 Venetae
2769 4683 2986 4749 quidem
3027 4681 3270 4750 albaeqne
3329 4696 3424 4748 per

1842 4785 2188 4829 curvaturam
2234 4771 2454 4829 Veneta:
2496 4776 2560 4827 ad
2603 4775 2892 4828 stationem
2943 4772 3151 4837 venire,
3181 4769 3422 4834 Prasina:

1844 4878 2022 4920 autem
2059 4876 2115 4921 et
2150 4881 2322 4921 russae
2364 4881 2459 4935 per
2503 4877 2844 4919 curvaturam
2874 4865 3114 4918 Prasina:
3153 4864 3421 4918 declinau-

1848 4971 1954 5022 tes,
2007 4962 2071 5012 ad
2117 4961 2406 5013 stationem
2460 4974 2516 5012 se
2563 4960 2822 5024 recipere.
2875 4959 2967 5012 Dic
3004 4974 3128 5011 vero
3171 4969 3416 5010 ratorum

1433 5160 1662 5216 VARUE
1692 5161 2100 5216 LECTIONES.

217 5272 263 5348 "_
294 5271 462 5348 ἄλλος
488 5272 610 5348 bii.
644 5283 692 5327 et
727 5273 986 5348 deinceps
1019 5275 1082 5331 Β.
1117 5293 1182 5333 ex
1221 5279 1355 5348 sigla
1382 5280 1532 5343 cod.,
1566 5282 1694 5335 ἄλλο
1719 5284 1806 5335 ed.

1211 5349 1256 5382 ’⁸
1293 5350 1464 5404 Verba
1499 5369 1512 5405 :
1545 5352 1574 5402 6
1600 5353 1728 5413 λαός
1765 5370 1777 5382 ·
1821 5371 1839 5402 1
1875 5353 2076 5424 Νικᾷή
2105 5354 2283 5413 πίστις
2308 5353 2406 5420 τῆς
2433 5349 2525 5404 πολ

1211 5419 1458 5493 ’τίων-βά.
1539 5424 1586 5455 ³⁸
1623 5423 1818 5491 ὁρᾶται
1868 5421 1956 5486 IL,
1991 5427 2149 5493 ὁρᾶτε
2182 5423 2303 5477 cod.
2355 5433 2408 5476 et
2441 5423 2525 5476 ed.

153 5340 304 5393 θυιίία
335 5343 427 5395 ed.
527 5343 570 5371 "
595 5347 717 5405 τοὺς
747 5340 1006 5409 Βενὲτόυς
1036 5349 1122 5402 ed.

151 5412 244 5495 οὔτε
275 5413 452 5481 ὲᾶμαι
482 5412 607 5465 cod.
638 5425 691 5467 et
724 5416 811 5467 «τά.

154 5498 272 5542 ιαος

902 5417 946 5447 ’³
981 5419 1348 5472 κατεναντιων
1369 5422 1433 5475 ed
1445 5461 1458 5474 .

317 5498 328 5510 ·
369 5499 485 5534 um.
516 5484 606 5536 ed.
669 5484 713 5515 ’°
736 5484 1024 5549 δεσπόζετε
1053 5486 1140 5553 3.,
1172 5489 1495 5553 δεσπόζεται
1520 5497 1645 5547 cod.

1889 5283 1934 5314 ”
1964 5282 2128 5335 Δαὸὶδ
2154 5282 2216 5335 Β.
2243 5297 2308 5334 ex
2334 5283 2659 5351 compendio
2703 5280 2850 5342 1301].,
2881 5282 2907 5333 6
2931 5281 3078 5332 δεῖνα
3103 5284 3190 5334 ed.
3259 5280 3307 5311 ⁹⁰
3325 5280 3417 5351 εἰ-

1821 5371 1839 5402 1
1868 5353 2076 5424 Νικᾷή
2105 5354 2283 5413 πίστις
2308 5353 2406 5420 τῆς
2433 5348 2662 5424 πολεως,
2695 5366 2854 5424 _1_om.
2888 5351 2976 5404 ed.
3002 5351 3114 5424 0611
3133 5352 3196 5419 ἑᾷ
3227 5367 3291 5417 με
3320 5348 3362 5400 R
3395 5390 3411 5412 ,

2604 5426 2648 5455 "
2695 5421 2866 5476 Verba
2892 5441 2904 5475 :
2938 5420 3032 5474 τοῦ
3059 5422 3262 5490 κόσμου
3291 5447 3357 5460 -
3386 5424 3414 5474 6

1142 5617 1333 5678 JOAN.
1359 5621 1500 5677 JAC.
1531 5623 1779 5678 REISKII
1812 5625 2388 5684 COMMENTARIUS.

204 5713 313 5780 (5|)
347 5711 510 5785 Quia
540 5711 701 5785 dictio
729 5714 842 5768 haec
875 5715 1082 5785 integre
1109 5717 1284 5782 posita
1310 5733 1417 5773 non
1442 5730 1548 5781 est.
1574 5730 1724 5771 certo

155 5782 373 5858 deliniri
405 5783 616 5858 nequit,
645 5794 862 5858 rectene
898 5782 1009 5839 Ita‘é
1040 5787 1201 5840 verba
1237 5790 1488 5853 habeant,
1527 5807 1592 5842 an
1616 5790 1714 5858 legi

155 5851 468 5908 debeatiub.
501 5850 728 5920 ἐχθρῶν.

1819 5739 1825 5744 '
1907 5722 2018 5789 (52)
2056 5705 2254 5787 Quales
2298 5724 2348 5776 hi
2381 5723 2599 5785 fuerint,
2637 5735 2857 5792 apparet
2888 5739 2950 5776 ex
2991 5722 3188 5792 p.189,
3220 5736 3412 5788 uctnpe

1837 5793 1932 5843 viri
1978 5808 2169 5845 cruccs
2217 5810 2278 5846 ex
2315 5794 2533 5846 ﬂoribus
2577 5806 2853 5847 consertas
2887 5807 2939 5845 ot
2995 5797 3178 5862 plexas
3220 5808 3413 5863 gelen-

1837 5874 1933 5925 tes,
1961 5879 2093 5929 quas
2127 5865 2438 5932 imperatori
2468 5865 2710 5918 volebant
2741 5863 2951 5917 oil'crre.
