4150 6444
121 415 211 482 613
914 420 1009 477 DE
1050 418 1414 483 CERIMONI
1432 418 1499 476 IS
1526 417 1671 475 AUL

1787 415 2227 474 ΒΥΖᾹΝΤΙΝᾸΞ
2264 416 2404 474 LIB.
2443 417 2491 475 Ῐ.

119 529 253 580 νᾶἶα·
286 545 303 578 ι
335 529 362 579 6
388 525 521 590 λαός
542 543 556 556 ο

118 620 249 672 νᾶῖα⁸
290 636 307 668 3
352 616 380 670 6
409 618 577 674 λαός·
624 635 642 669 t
680 620 799 670 Τῶν
863 617 1068 670 πιστῶν
1104 616 1367 685 βασιλέων
1421 616 1595 686 ἡμῶν.
1645 636 1662 667 ι

118 711 457 779 ιδίκρὰκταιο
502 730 521 761 ι
600 709 869 763 Ανανάῖαι
915 728 933 759 3
997 710 1024 761 6
1083 708 1249 772 λαός·
1305 726 1322 756 ι
1393 708 1476 769 Ὠς
1513 710 1669 777 μόνος

116 801 516 870 παποδὺναμος.
563 822 585 853 3
614 803 720 856 Καὶ
744 804 905 855 πάλιν
933 800 1181 867 λέγουσιν
1207 801 1255 850 οἱ
1287 799 1521 868 κράκται
1556 801 1670 869 Exci-

115 894 208 945 διον
227 894 310 961 ῆχ.
359 910 419 945 π.
450 890 493 946 δ’
520 911 534 923 ·
594 911 612 943 ι
670 893 819 945 Ναιιά
842 908 855 922 ⁸
898 912 915 942 3
948 894 975 944 6
1014 890 1139 947 λαός
1166 906 1178 919 ·
1215 908 1233 941 ι
1265 890 1427 951 ’Όλος
1458 892 1485 942 6
1511 889 1670 952 πόθος

113 986 205 1037 τῶν
240 984 550 1053 Ῥωμαίων.
600 1004 618 1029 ι
674 986 735 1036 Οἱ
766 984 1002 1055 κράκται
1027 999 1039 1011 ·
1094 1001 1112 1032 ι
1158 982 1348 1049 Ἀγία·
1398 999 1416 1031 3
1448 982 1476 1031 6
1505 982 1628 1042 λαός
1653 996 1667 1010 ⁸

121 1095 135 1125 ι
166 1075 248 1136 Et;
277 1076 419 1143 ὑμᾶς
450 1078 654 1143 ὁρᾶται
688 1076 758 1137 θ’,
788 1076 911 1137 τοὺς
939 1074 1249 1144 εὐεργέτας.
1287 1091 1305 1124 ι
1332 1073 1393 1124 Οἱ
1416 1072 1668 1141 κράκται·

118 1187 133 1217 ι
164 1168 333 1222 Νανά·
378 1187 396 1218 ι
436 1170 466 1220 6
494 1169 658 1231 λαός·
696 1188 714 1219 ι
748 1167 853 1220 Τοῦ
899 1167 1105 1236 κόσμου
1156 1167 1263 1238 γὰρ
1313 1166 1563 1235 εὐσεϐείᾳ
1589 1165 1673 1217 δε-

116 1259 317 1321 σπόζετε
355 1261 369 1288 ¹
403 1260 570 1323 ὅλως,
608 1261 687 1317 εἰς
720 1257 1018 1326 φιλάγαθον
1043 1257 1246 1327 κράτος
1277 1257 1449 1327 ὑμῶν,
1482 1255 1673 1309 δεσπό-

113 1366 205 1403 ται.
245 1369 262 1400 3
300 1349 493 1411 Ἄλλος
524 1351 619 1419 ἧχ.
653 1349 694 1401 δ’
716 1366 729 1379 ·
775 1368 793 1400 ι
829 1349 949 1402 Κᾶν
985 1348 1123 1400 θέλω
1157 1348 1525 1418 σιγῆσαι,τῶν
1548 1349 1672 1418 τρῦ-

116 1460 213 1493 πων
262 1459 353 1495 σου
384 1445 418 1511 ή
476 1444 792 1514 χρηστότης
847 1445 946 1496 οὐκ
973 1444 1036 1513 ἐᾷ
1074 1462 1163 1512 με,
1194 1445 1215 1473 ¹
1253 1462 1270 1495 3
1308 1442 1401 1496 xci.
1429 1442 1499 1494 τὰ
1524 1442 1668 1510 ἑξῆς.

117 1536 163 1585 ΕΞ
182 1534 232 1585 δὲ
257 1536 366 1603 ἔχει
393 1537 421 1587 ὁ
452 1536 727 1605 [Ιράσινος
757 1537 1108 1607 προτέμησιν,
1142 1536 1293 1602 λέγει
1316 1537 1502 1604 φωνὴν
1526 1536 1547 1566 ³
1576 1536 1669 1605 ἦχ.

116 1642 162 1676 π.
189 1624 257 1677 δ”
317 1644 334 1675 ι
394 1626 851 1697 [εὐχαριστοῦμεν
878 1643 981 1689 σοι,
1031 1626 1236 1695 Χριστὲ
1268 1628 1296 1679 6
1325 1626 1457 1687 Θεὸς
1487 1624 1667 1695 ἡμῶν,

113 1717 175 1783 τῷ
196 1717 603 1780 διασκεδάζοντι
637 1718 832 1788 βουλὰς
857 1718 1026 1771 ἐθνῶν
1049 1757 1065 1783 ,
1114 1738 1131 1771 3
1164 1718 1259 1771 καὶ
1279 1717 1347 1770 τὰ
1375 1718 1523 1786 ἑξῆς.
1559 1717 1670 1770 Καὶ

114 1808 256 1860 πάλιν
284 1806 503 1874 λέγουσι
569 1810 878 1879 τροπάριον,
941 1810 1032 1879 ἦχ.
1083 1812 1112 1863 6
1150 1810 1346 1872 αὐτός·
1396 1828 1413 1860 ι
1462 1808 1671 1876 Πληρο-

3230 421 3338 483 6H

598 545 617 579 ι
660 528 943 582 Hecateia.
984 548 1002 579 3
1047 528 1110 580 Ui
1146 528 1413 597 xpdztat‘
1449 545 1467 577 ι
1512 527 1669 579 Ἀνα-

1779 543 1795 573 ι
1841 524 2105 577 Fillelium
2152 526 2543 593 imperatorum
2592 536 2922 579 nostrorum.
2968 544 2986 578 3
3028 526 3293 587 Cantores
3331 553 3344 587 :

1780 636 1797 667 ι
1838 618 2115 681 Ananaia;
2158 635 2175 667 3
2210 619 2438 686 populus
2478 635 2491 670 :
2547 636 2564 668 ι
2612 616 2680 671 Ut
2716 620 2861 672 solus
2908 624 3270 692 omnipotens.
3316 647 3336 678 3

1778 709 1983 763 Rursus
2016 718 2264 763 cantores
2299 725 2428 763 Voce
2463 709 2575 763 toni
2606 709 2807 776 obliqui
2844 714 3019 779 quarti
3066 716 3350 770 modulan-

1777 809 1863 850 tur
1907 816 1920 851 :
1972 819 1989 849 ι
2044 798 2221 865 Nana;
2266 818 2283 849 3
2334 802 2560 869 populus
2606 820 2619 853 :
2673 818 2690 850 ι
2738 799 2968 855 Unicum
3020 806 3347 860 desiderium

1780 890 2168 941 Itumanorun-i
2216 907 2235 939 3
2276 888 2543 943 Cantores
2592 910 2602 942 :
2657 907 2674 940 ι
2722 887 2953 945 Saneta!
3002 912 3020 943 3
3068 895 3343 961 populus:

1780 996 1797 1027 ι
1832 979 1884 1030 lu
1913 994 2025 1041 vos,
2051 994 2083 1030 0
2109 978 2357 1041 beneﬁci,
2384 979 2648 1034 intuetur!
2688 1002 2704 1032 3
2732 981 3000 1037 Cantores
3030 1003 3042 1037 :
3077 1005 3093 1035 ι
3127 987 3292 1051 Nana,
3322 1006 3341 1039 3

1776 1070 2001 1137 pupulus
2030 1088 2040 1121 :
2079 1088 2095 1121 ι
2130 1070 2336 1125 Pietate
2363 1073 2506 1123 enim
2538 1074 2789 1126 universo
2821 1075 2939 1128 orbi
2969 1078 3346 1141 dominamini.

1777 1164 1827 1215 in
1890 1164 2053 1215 rohur
2124 1174 2362 1216 vestrum
2437 1164 2563 1217 boui
2636 1166 2980 1230 studiosum,
3039 1167 3266 1223 domini.
3327 1188 3344 1220 3

1781 1252 1938 1323 190
1969 1254 2122 1306 Alius
2155 1262 2283 1306 tono
2315 1252 2378 1305 IV
2415 1273 2428 1308 :
2468 1274 2485 1305 ι
2518 1253 2743 1309 Etiamsi
2772 1257 3000 1312 virtutes
3026 1268 3144 1313 tuas
3170 1270 3350 1315 tacere

1776 1348 1990 1411 vellem,
2027 1358 2202 1399 cretus
2224 1345 2589 1411 Christianus,
2616 1348 2666 1399 itl
2697 1364 2803 1401 non
2829 1349 3008 1413 licet,3
3039 1361 3093 1405 et
3124 1353 3348 1421 reliqua.

1775 1438 1830 1491 Si
1876 1453 2001 1489 vero
2043 1436 2254 1491 Prasiui
2295 1440 2625 1508 praecipuam
2678 1440 2889 1495 laudem
2932 1444 3191 1507 retulere,
3223 1460 3351 1500 voce

1776 1526 1885 1579 toni
1933 1526 2136 1590 obliqui
2193 1526 2256 1579 IV
2314 1529 2504 1582 dicunt
2551 1548 2563 1582 :
2619 1547 2637 1579 ι
2694 1528 2915 1585 Gratias
2964 1532 3082 1596 tibi,
3135 1532 3353 1588 Christe

1776 1617 1916 1670 Deus
1964 1628 2168 1681 noster,
2223 1620 2467 1686 agimus,
2509 1620 2599 1686 qui
2640 1622 2864 1673 consilia
2906 1626 3144 1690 gentium
3189 1624 3351 1678 dissi-

1774 1710 1963 1778 pasti,3
1988 1718 2039 1762 et
2058 1718 2272 1763 ca-tera.
2309 1710 2516 1764 Rursus
2546 1714 2840 1777 troparinm
2871 1714 3061 1767 eodem
3088 1724 3214 1769 tono
3255 1732 3349 1771 ca-

1775 1812 1953 1855 nunt:
1995 1820 2012 1852 ι
2053 1802 2327 1855 Diviuitati
2361 1803 2413 1854 in
2455 1805 2707 1858 omnibus
2758 1806 3068 1875 conspicua:
3129 1815 3352 1861 vestra?-

113 1897 245 1967 φορῶ
299 1898 410 1967 (55)
470 1902 534 1951 τὸ
579 1899 734 1953 Θείον
789 1903 848 1953 ὲν
880 1902 1045 1954 πᾶσιν
1071 1900 1239 1962 ὅντως
1270 1901 1365 1951 καὶ
1403 1900 1462 1952 τὸ
1518 1902 1669 1952 εὐσε-

1774 1910 1876 1964 que
1915 1896 2124 1964 pietati,
2156 1896 2384 1959 domini,
2416 1896 2680 1950 conﬁrmo
2712 1915 2725 1950 :
2759 1901 2938 1951 anima
2983 1910 3165 1952 nostra
3210 1899 3350 1955 haud

116 1990 192 2052 6's;
218 1991 323 2059 (56)
346 1992 528 2059 ὑμῶν,
590 1993 919 2063 εὐεργέται·
960 1993 1060 2045 οὐκ
1109 1993 1221 2062 ἔχει
1268 1992 1435 2063 ἄλλην
1462 1994 1493 2061 ἡ
1524 1992 1671 2063 ψυχὴ

115 2080 250 2148 ἡμῶν
280 2083 675 2151 θεραπείαν,εἰ
710 2083 784 2154 μὴ
824 2083 884 2136 τὸ
935 2083 1150 2153 βλέπειν
1192 2085 1370 2153 ὑμᾶς,
1411 2086 1535 2146 ’τοὺς
1587 2084 1672 2136 δε-

117 2174 296 2235 σπότας
329 2174 429 2243 τῆς
462 2174 807 2244 οἰκουμένης.
850 2194 868 2227 3
918 2175 1108 2239 Ἄλλος
1134 2177 1224 2246 ἧχι
1260 2175 1300 2229 δ’
1327 2193 1339 2207 ⁸
1376 2196 1394 2227 ⁴
1434 2178 1507 2228 Τδ
1540 2177 1671 2246 ὑμέ·

113 2277 251 2330 τερον
281 2264 509 2331 κράτος,
541 2264 898 2335 φιλόχριστοι,
941 2267 1333 2337 θεοπρὸϐλητοι
1364 2266 1667 2338 εὐεργέται,

116 2354 168 2405 ἐκ
187 2353 311 2405 Θεοῦ
338 2355 765 2425 καταλάμπεται
793 2356 1007 2426 ἀληθῶς
1033 2358 1126 2411 καὶ
1142 2358 1241 2410 οὐκ
1264 2360 1320 2425 ἐξ
1347 2358 1667 2426 ἀνθρώπων,

116 2445 295 2499 ὁδεῖνα
329 2449 423 2500 καὶ
465 2450 495 2501 ὁ
519 2448 668 2502 δεῖνα
696 2449 1007 2518 ἀγαλλίαμα
1040 2450 1149 2503 τῶν
1179 2451 1438 2504 Βενέτων.
1496 2469 1513 2502 ι
1555 2446 1667 2503 Εἴθ’

116 2535 266 2601 οὕτως
305 2540 560 2608 λέγουσιν
609 2541 659 2593 οἱ
722 2540 992 2611 κράκται·
1054 2561 1073 2593 ι
1118 2542 1311 2611 Ἡμεῖς
1361 2542 1534 2595 δοῦλοι
1564 2545 1670 2595 τῶν

120 2628 390 2694 βασιλέων·
433 2651 451 2683 3
493 2634 523 2684 6
555 2632 683 2694 λαὸς
710 2632 930 2702 ὁμοίως.
964 2633 1027 2686 Οἱ
1062 2634 1299 2703 κράκται
1320 2653 1331 2666 -
1365 2653 1383 2683 ι
1426 2635 1521 2688 Ίδὲ
1551 2634 1669 2688 δοῦ-

118 2720 185 2772 λοι
211 2722 446 2775 εὐσεϐῶν
469 2721 736 2792 βασιλέων
758 2738 771 2753 ·
816 2741 835 2774 3
861 2726 888 2776 6
914 2723 1044 2785 λαὸς
1066 2723 1288 2793 ὁμοίως.
1320 2726 1383 2776 0i
1412 2725 1666 2793 κράκται·

125 2832 141 2865 ι
176 2814 348 2867 Δοῦλοι
369 2833 381 2844 ο
427 2833 447 2866 3
494 2816 523 2866 6
546 2816 671 2878 λαός
691 2830 702 2842 ·
742 2833 760 2866 ι
790 2816 910 2867 Τῶν
941 2815 1227 2884 βασιλέων.
1255 2834 1274 2867 3
1311 2818 1372 2869 Οἱ
1402 2818 1665 2884 κράκται·

124 2926 139 2957 ι
174 2907 377 2959 Δοῦλον
420 2926 439 2958 3
472 2910 502 2960 6
531 2908 685 2971 λαός·
724 2927 743 2958 ι
792 2908 913 2961 Τῶν
945 2906 1227 2977 βασιλέων.
1266 2926 1287 2958 3

180 2997 245 3054 B'.
286 3000 507 3063 Ίστέον,
526 2999 608 3051 ὅτι
624 2999 731 3052 ἀπὸ
755 2999 909 3068 νίκης
934 3001 1181 3069 λέγονται
1202 3004 1271 3056 τὰ
1291 3001 1671 3073 προρρηθέντα

121 3089 242 3140 ἄκτα
268 3089 369 3158 τῆς
398 3089 557 3159 νίκης
612 3090 717 3141 τῶν
750 3091 981 3160 ἡνιόχων
1016 3093 1183 3163 πρωΐ.
1216 3094 1335 3163 Χρὴ
1355 3092 1412 3145 δὲ
1447 3094 1668 3155 ειδέναι,

1771 1988 1928 2039 aliam
1975 1987 2240 2041 medelam
2293 1988 2476 2053 habet,
2507 2005 2669 2058 quam
2708 1990 2750 2043 si
2796 2006 2912 2054 vos,
2953 1991 3201 2045 dominos
3234 1992 3353 2045 uui-

1771 2079 1936 2143 versi,
1969 2081 2230 2133 intuetur.
2284 2097 2302 2130 3
2332 2079 2483 2132 Alius
2525 2089 2653 2133 tono
2681 2078 2744 2133 IV
2780 2098 2791 2133 :
2827 2098 2845 2129 ι
2878 2081 3123 2135 Potesms
3146 2093 3346 2146 vestra,

1766 2170 1967 2226 Christi
2000 2180 2246 2224 amantes
2278 2176 2426 2239 aque“
2452 2170 2561 2225 Deo
2591 2171 2824 2240 promoti
2858 2182 2911 2225 et
2940 2170 3167 2225 beneﬁci
3201 2173 3349 2241 priu-

1769 2265 1937 2329 eipes,
1979 2278 2008 2316 a
2053 2261 2165 2314 Deo
2202 2270 2375 2324 certe,
2422 2276 2526 2313 non
2579 2276 2672 2329 per
2713 2261 2979 2321 homines,
3021 2260 3346 2328 resplendet,

1769 2353 1835 2407 N.
1879 2352 1943 2407 N.
1997 2354 2242 2421 voluptas
2285 2361 2338 2405 et
2380 2353 2635 2421 gaudimn
2689 2350 3032 2405 Venetorum.
3091 2371 3111 2404 3
3156 2352 3347 2407 Postea

1769 2456 2018 2498 cantores
2045 2444 2270 2499 dicunt:
2305 2462 2324 2495 ι
2363 2443 2470 2499 Nos
2503 2445 2645 2498 servi
2679 2444 3098 2513 imperatorum;
3132 2464 3150 2497 3
3184 2462 3351 2516 popu-

1771 2533 1853 2588 lus
1888 2535 2099 2589 eadem.
2124 2534 2391 2589 Cantores
2422 2551 2436 2587 :
2470 2552 2488 2585 ι
2530 2534 2667 2588 Ecce
2694 2535 2838 2589 servi
2868 2536 3080 2602 piorum
3114 2532 3350 2604 impera;

1773 2626 1975 2678 torum!
2016 2642 2035 2675 3
2083 2625 2309 2694 populus
2345 2625 2621 2679 similiter.
2660 2624 2930 2680 Cantores
2972 2643 2984 2680 :
3024 2642 3043 2676 ι
3095 2623 3279 2693 Servi;
3322 2643 3341 2679 3

1771 2715 2041 2784 populus:
2082 2734 2101 2767 ι
2150 2715 2567 2785 Imperatorum.
2615 2734 2633 2767 3
2671 2716 2981 2772 Cantores:
3016 2734 3034 2768 ι
3086 2715 3274 2783 Servi;
3321 2735 3342 2771 3

1772 2806 2000 2874 populus
2034 2823 2050 2863 :
2089 2825 2108 2858 ι
2152 2809 2563 2877 Imperatorutn.
2616 2828 2634 2860 3

1843 3010 1903 3065 ll.
1947 3011 2074 3066 Post
2126 3012 2406 3066 victoriam
2443 3024 2561 3067 acta
2606 3015 2843 3069 victoria:
2880 3017 3193 3087 aurigarum
3227 3034 3350 3075 ma-

1777 3109 1961 3159 tntina!
2013 3107 2332 3159 recitantur.
2383 3106 2509 3160 Post
2577 3107 2872 3161 secundam
2932 3124 3060 3164 vero
3118 3111 3349 3179 palmam

121 3182 190 3232 ὅτι
216 3180 317 3234 ἀπὸ
347 3181 441 3233 τοῦ
472 3180 725 3247 δευτέρου
763 3181 917 3257 βαῖου
963 3183 1322 3266 κατέρχονται
1360 3185 1467 3238 ἀπὸ
1496 3186 1598 3238 τῶν
1629 3186 1669 3238 δ’

1774 3199 2037 3265 erue-ignari
2075 3213 2105 3252 a
2152 3208 2386 3267 quatuor
2437 3199 2649 3267 populis
2692 3198 3049 3265 descendunt.
3089 3184 3287 3261 cruces
3318 3221 3349 3260 ο

120 3270 286 3339 δήμων
320 3274 369 3324 οἱ
406 3272 789 3342 σταυροφόροι,
839 3273 1195 3344 βαστάζοντες
1226 3277 1348 3340 τοὺς
1379 3276 1438 3340 ἐξ
1464 3278 1670 3331 ἀνθέων

121 3361 513 3431 πεπλεγμέιους
563 3365 850 3433 σταυροὺς,
900 3367 992 3416 καὶ
1026 3366 1270 3420 ἵστανται
1299 3370 1377 3430 εἰς
1405 3369 1465 3420 τὸ
1492 3370 1670 3436 στέιμα

120 3455 160 3505 οἱ
211 3455 545 3526 κούρσωρες,
601 3456 848 3524 αἴροντες
898 3461 1025 3521 τοὺς
1078 3459 1351 3525 τοιούτους
1406 3463 1671 3531 σταυροὺς

121 3546 433 3614 ἀναφέρουσι
460 3548 594 3615 πρὸς
622 3547 747 3611 τοὺς
781 3549 1067 3613 δεσπότας,
1094 3550 1189 3604 καὶ
1218 3538 1422 3615 εὐθέως
1454 3553 1667 3621 λέγουσι

121 3636 178 3688 τὰ
212 3637 364 3691 ἄκτα.
402 3639 467 3690 Οἱ
499 3638 768 3708 κράκταιο
816 3658 834 3689 ι
887 3639 944 3693 '0
992 3640 1135 3702 θεῖος
1183 3642 1349 3704 τύπος
1374 3642 1507 3716 (57),
1544 3643 1670 3715 βοή-

122 3729 268 3794 θησον
320 3732 448 3792 τοὺς
486 3730 785 3793 δεσπόταςο
826 3750 843 3782 3
896 3733 923 3785 6
964 3731 1091 3795 λαὸς
1142 3734 1207 3786 ὲκ
1245 3740 1293 3802 γ’
1326 3736 1545 3803 ὁμοίως.
1606 3738 1668 3789 Oi

122 3820 336 3887 κράκται
361 3837 375 3850 ’
416 3840 437 3872 ι
472 3820 561 3874 Ἐν
591 3823 766 3892 τούτῳ
788 3822 1107 3894 ὲστέφθητε,
1146 3827 1195 3876 οἱ
1232 3826 1549 3894 εὐεργέταν
1595 3847 1613 3879 3
1644 3831 1671 3879 6

121 3910 229 3973 λαὸς
256 3914 456 3983 ὁμοίως
488 3914 553 3967 ἐκ
584 3913 653 3983 γ’.
687 3917 751 3968 Ol
785 3915 1057 3986 xpdxtatf
1097 3935 1114 3968 ι
1162 3918 1249 3970 Ἐν
1282 3901 1461 3989 τούτῳ
1512 3919 1665 3989 βασιο

121 4001 286 4056 istis-tr.
333 4007 428 4059 καὶ
470 4008 694 4060 νικᾶτε·
733 4025 751 4058 3
798 4010 891 4061 καὶ
929 4009 957 4060 6
987 4007 1114 4071 λαὸς
1156 4011 1219 4061 ἐκ
1266 4007 1314 4078 γ’
1355 4012 1576 4080 ὁμοίως.
1604 4014 1667 4064 Oi

121 4101 364 4168 κράκταιο
397 4121 415 4153 ι
461 4104 548 4155 Ἐν
581 4104 756 4173 τούτῳ
785 4104 998 4157 ὀλέσει-ε
1027 4105 1094 4158 τὰ
1125 4105 1253 4174 εονη
1280 4106 1485 4159 πάντα·
1516 4125 1532 4158 3
1572 4108 1665 4158 καὶ

121 4188 276 4254 ιλαὸς
309 4192 372 4244 ὲκ
388 4190 436 4259 γ’
466 4192 685 4261 ὁμοίως.
716 4193 820 4247 Τοῦ
850 4194 903 4248 δὲ
934 4195 1165 4264 ὀργάνου
1201 4195 1662 4265 τρισαγιάζοντος,

1775 3292 1995 3344 lim-ibus
2041 3300 2323 3346 contextas
2362 3303 2664 3360 portantes,
2700 3294 2750 3344 in
2787 3293 3024 3349 statione
3060 3311 3190 3351 vero
3221 3313 3348 3351 cur-

1773 3397 1927 3435 sores
1964 3382 2178 3445 adsunt,
2215 3382 2418 3450 hasque
2446 3395 2637 3434 cruces
2675 3390 2917 3444 sumunt,
2946 3382 3120 3450 iisque
3151 3384 3216 3435 ad
3254 3383 3351 3438 do-

1775 3473 1950 3527 minus
1978 3472 2179 3534 allatis,
2207 3472 2392 3526 statim
2426 3482 2545 3526 acta
2580 3472 2836 3525 rccitant.
2862 3470 3167 3529 Cantores:
3199 3492 3218 3526 ι
3260 3475 3353 3529 Di-

1773 3566 1895 3618 vina
1944 3567 2140 3634 imago,
2181 3565 2416 3619 dominis
2465 3564 2764 3619 auxiliare!
2818 3583 2839 3617 3
2890 3566 3083 3621 eadem
3121 3567 3350 3635 pepulus

1774 3667 1876 3710 ter.
1898 3655 2164 3711 Cantores
2191 3675 2205 3711 :
2239 3675 2256 3707 ι
2278 3657 2332 3710 In
2360 3656 2482 3723 hac,
2512 3656 2752 3711 munifici
2780 3658 3075 3726 principes,
3098 3659 3349 3713 coronati

1773 3751 1967 3803 estis!3
1995 3749 2073 3802 sic
2103 3750 2328 3817 populus
2351 3760 2452 3803 ter.
2474 3748 2739 3804 Cantores
2770 3767 2783 3805 :
2820 3767 2839 3800 ι
2867 3750 2925 3802 lu
2954 3749 3351 3819 hacimperatis

1772 3853 1825 3894 et
1860 3842 2140 3906 vincitisp
2174 3844 2252 3894 sic
2288 3842 2515 3909 populus
2547 3841 2959 3896 ter.Cantores:
2992 3841 3079 3895 «In
3123 3843 3223 3896 hac
3242 3858 3352 3895 om-

1774 3948 1869 3985 nes
1912 3932 2137 4001 populus
2185 3947 2399 4000 pessum
2445 3932 2675 3996 dabitis;
2716 3950 2734 3984 3
2771 3933 2853 3986 sic
2889 3942 2943 3987 et
2989 3932 3217 4002 populus
3247 3941 3346 3986 ter.

1772 4022 1989 4092 Organo
2017 4038 2144 4076 vero
2169 4024 2451 4092 trisagiutn
2479 4024 2816 4087 modulante,
2843 4036 3096 4079 cantores
3116 4023 3303 4078 dicunt
3332 4043 3347 4079 :

1777 4135 1794 4165 ι
1835 4114 1941 4167 Ter
1968 4124 2178 4174 sancte.
2209 4114 2457 4168 «lmuinos
2488 4113 2712 4182 atljnva;
2746 4132 2765 4163 3
2800 4113 2877 4167 sic
2901 4124 2955 4167 et
2991 4113 3220 4182 populus
3244 4123 3344 4169 ter.

1771 4204 2035 4257 Caeterum
2065 4202 2243 4256 omnia
2262 4204 2566 4272 spectacula
2598 4205 2893 4272 equestria.
2919 4213 3027 4256 tum
3060 4204 3347 4269 matutina,

1412 4358 1641 4418 \‘ARIxE
1681 4362 2082 4419 LECTlONl-IS.

207 4450 248 4480 ”
279 4450 437 4518 ὁρᾶτε
462 4450 586 4503 σοςΙ.
623 4457 675 4501 et
729 4451 814 4501 e;l.

121 4530 167 4584 Ρ.
188 4519 302 4572 525.
379 4521 399 4551 ³
421 4523 569 4588 φωνῇ
596 4521 683 4574 eti.

938 4451 950 4479 ¹
979 4450 1229 4503 εὐσέϐεια
1256 4451 1574 4517 δεσπόζεται
1608 4471 1671 4509 co

1776 4469 1811 4509 et
1845 4458 1932 4510 ed.
1964 4456 2081 4511 Vid.
2123 4472 2285 4526 supra
2321 4474 2371 4526 [ι.
2415 4457 2538 4510 525.
2617 4459 2635 4487 ³
2671 4458 2836 4526 sapa:
2871 4458 2991 4511 cod.
3023 4470 3074 4513 et
3104 4459 3191 4514 ed.
3224 4456 3344 4512 Vid.

1083 4636 1270 4691 JtlAN.
1303 4634 1441 4690 JAC.
1477 4636 1723 4692 REISKII
1758 4639 2323 4696 COMMENTARIUS.

182 4733 288 4801 (55)
328 4734 694 4802 Πληροφορεῖν
742 4749 861 4783 τινα
892 4742 972 4784 est
1038 4732 1263 4799 aliquem
1311 4748 1551 4786 securum
1612 4743 1659 4785 et

1774 4735 2037 4790 Graculus
2059 4738 2457 4804 subrepentem,
2492 4745 2544 4786 et
2573 4752 2743 4801 nugas
2769 4737 3069 4790 trahentem
3103 4754 3119 4800 ;
3152 4752 3199 4792 ν.
3221 4740 3349 4796 Ale-

123 4803 443 4869 rouﬁdentem
473 4804 661 4869 facere,
701 4804 862 4854 alieni
911 4804 1111 4868 aliquid
1143 4811 1295 4853 Certo
1324 4816 1656 4856 asseverare.

123 4871 185 4924 Ita
250 4871 601 4939 Theophanes
660 4886 712 4939 p.
753 4871 876 4931 105,
920 4870 1285 4941 πληροφορεῐν
1309 4886 1433 4923 τινα
1460 4871 1666 4940 ὅρκοις,

121 4954 169 4991 et
200 4958 248 5010 p.
270 4944 288 4994 I
309 4943 386 4995 l0.
419 4943 509 4994 Est
540 4956 668 5007 ergo
703 4956 893 4993 sensus
919 4959 930 4992 :
973 4942 1221 4992 Assevero
1242 4949 1560 5010 attestorque
1579 4944 1663 4993 di-

122 5007 224 5063 rinb
259 5013 457 5066 nuniim’
505 5020 749 5062 etvestra
795 5011 1017 5077 pietati,
1057 5009 1257 5062 domini
1298 5007 1514 5077 beneﬁci
1540 5051 1551 5066 .
1593 5028 1671 5065 3e-

122 5096 251 5144 πψτη,
280 5083 445 5133 modis
470 5081 709 5135 omnibus
735 5119 749 5141 ,
783 5084 1027 5132 animum
1052 5087 1285 5131 nostrum
1336 5094 1439 5131 non
1478 5080 1669 5134 habere

124 5150 269 5202 aliam
312 5151 564 5202 medelam
597 5163 702 5203 etc.
737 5151 883 5211 ;vid.
918 5152 1059 5203 intra
1109 5165 1160 5217 p.
1184 5146 1306 5201 £96.

185 5220 291 5287 (56)
340 5219 550 5273 Titulus
572 5220 801 5287 prinripi
850 5220 1097 5288 proprius
1127 5220 1157 5271 6
1181 5218 1434 5288 εὐσεϐής,
1473 5221 1672 5273 auovis

125 5286 310 5343 Cra-cis
338 5291 618 5349 coulictus,
641 5301 697 5342 ut
728 5286 976 5342 Latinum
1011 5288 1128 5355 pius
1154 5286 1540 5349 exprimerent.
1564 5289 1671 5343 Sed

128 5357 264 5426 longe
292 5361 429 5411 aliud
457 5370 538 5411 est
564 5362 704 5421 νέω,
731 5360 1002 5411 diversum
1034 5358 1101 5409 ab
1124 5355 1373 5425 εὐσεϐής.
1394 5358 1673 5421 Quatenus

126 5429 228 5492 pius
260 5438 584 5482 reverentent
600 5426 694 5482 Dei
726 5428 1015 5497 signiﬁcat,
1036 5427 1285 5495 congruit
1321 5426 1573 5497 εὐσεόής.
1604 5431 1673 5481 At

129 5501 502 5565 pinsquatenus
532 5499 765 5566 principi
790 5498 1064 5560 tribuitur,
1112 5506 1381 5550 attrautem
1425 5498 1623 5549 civium
1654 5538 1668 5561 ,

130 5566 403 5632 φιλόπολιν,
468 5576 639 5631 notat,
670 5569 813 5636 quod
851 5582 974 5620 cum
1026 5566 1256 5635 εὐσεϐὴς
1312 5567 1449 5636 nihil
1506 5568 1667 5621 habet

129 5654 412 5711 munimine,
436 5649 499 5711 _et
529 5634 802 5711 originem
847 5637 1014 5711 traxit
1053 5651 1095 5711 _e
1127 5634 1271 5711 nos}:
1310 5634 1661 5711 'l‘_estame_nto

130 5719 176 5757 et.
204 5722 229 5759 a
254 5706 593 5761 Christianis.
632 5704 687 5761 Si
732 5704 1023 5760 Jt’tstinian.
1052 5704 1183 5760 Nov.
1206 5704 1297 5770 78,
1322 5706 1537 5759 titulum
1560 5707 1663 5759 im-

133 5778 358 5839 peria-lem
406 5780 523 5843 pius
579 5777 645 5829 ab
694 5776 967 5830 Antonino
1025 5775 1120 5829 Pio
1177 5774 1426 5836 arcessit,
1485 5777 1663 5841 prodit

133 5848 493 5916 antiquitatum
548 5855 600 5898 et
629 5847 868 5901 historize
896 5845 1276 5914 ignorantiam,
1314 5846 1423 5915 jam
1458 5855 1567 5899 tum
1609 5846 1661 5900 in

1776 4821 1958 4858 manu.
2006 4809 2069 4856 ιιιΙ
2100 4804 2324 4871 Prneup.
2363 4821 2413 4867 p.
2456 4805 2540 4858 72.
2578 4820 2629 4859 et
2679 4806 2941 4861 llanluin.
2976 4810 3040 4860 ad
3078 4807 3344 4865 Thcmist.

1776 4891 1826 4936 p.
1866 4875 1991 4929 427.
2020 4872 2152 4927 Pius
2186 4873 2253 4927 de
2300 4874 2406 4926 Ι)εο
2448 4885 2539 4925 aut
2579 4878 2643 4928 de
2678 4886 2828 4938 patre
2862 4878 3139 4929 hominum
3194 4888 3249 4933 et
3291 4880 3349 4934 li-

1776 4945 2025 5017 hernrum
2069 4955 2287 4997 amante
2310 4943 2522 5017 Latinis
2553 4956 2779 5017 vetustis
2805 4946 3104 5017 dicebatur.
3141 4946 3343 5017 thuia

1774 5014 2068 5088 imperator
2099 5025 2251 5088 pater
2271 5014 2460 5088 civium
2482 5024 2530 5065 et
2558 5016 2744 5088 patriae
2802 5016 3154 5088 "putabatur
3184 5014 3346 5088 atque

1774 5084 2075 5147 dicebatur,
2128 5085 2246 5136 ideo
2299 5084 2417 5147 pius
2450 5084 2723 5147 audiebat,
2752 5094 2806 5138 et
2837 5085 2927 5152 qui
2978 5101 3100 5139 eum
3134 5084 3349 5143 laederet

1772 5163 1863 5225 aut
1890 5154 2205 5225 ollenderrt,
2236 5153 2534 5225 habebatur
2554 5154 2746 5218 impius
2801 5167 2855 5207 et
2910 5156 3215 5222 impietatis,
3247 5160 3345 5225 τῆς

1773 5222 2046 5285 ἀσεϐείας,
2096 5221 2505 5292 accusabatur,
2528 5232 2585 5274 ut
2617 5233 2804 5275 contra
2838 5225 2927 5292 qui
2986 5221 3107 5278 eum
3144 5221 3346 5282 coleret

1774 5302 1825 5362 et
1858 5303 2094 5362 iamaret,
2119 5292 2234 5357 pius
2291 5300 2427 5362 erat.
2459 5289 2587 5362 “Viti.
2613 5292 2812 5362 ⁸ΧῆιιΙοίνῖ.
2856 5289 2933 5347 ’διΙ
2980 5292 3237 5361 Xiphilin.
3292 5314 3341 5362 ιι.

1781 5361 1935 5435 Itl_84._
1977 5363 2068 5435 ed,
2133 5362 2377 5435 Ιξθίιιιιιιξἶ
2589 5358 3025 5435 ’[[Ιροσκυνιῖζσε
3048 5358 3123 5427 ὦς
3147 5358 3344 5435 εὐσεϐῆ
3373 5400 3382 5409 -

1776 5433 1881 5553 ﬁt)“;
2036 5430 2172 5484 Θεοῦ
2220 5429 3228 5502 προὸὶηθὲνταβασιλέα.Τιιυοριιυιι.
3288 5429 3340 5505 pl

1987 5570 2177 5624 Divina
2208 5571 2405 5639 imago,
2462 5570 2638 5639 imago
2669 5570 2758 5625 Dei
2776 5572 3049 5638 patientis.
3093 5572 3171 5628 Ita
3218 5590 3346 5629 eru-

1772 5657 1889 5692 retu
1944 5638 2213 5708 appellant
2249 5638 2424 5694 Graeci
2472 5638 2618 5694 novi.
2675 5641 2920 5709 'l'heoph.
2971 5658 3025 5710 p.
3067 5644 3172 5707 18,
3217 5647 3342 5709 τοὺς

1772 5710 1948 5783 θείους
1976 5710 2177 5771 τύπους
2213 5710 2386 5783 (male
2429 5711 2637 5783 adma;
2684 5712 2888 5783 editum
2937 5712 3079 5783 fuit.)
3125 5729 3340 5770 crucem

1775 5781 2007 5849 appellat
2051 5794 2173 5833 cum
2219 5780 2377 5834 rebus
2427 5780 2553 5834 illuc
2597 5782 3010 5851 pertinentibus.
