4150 6444
131 426 214 492 69!
957 428 1053 489 DE
1089 423 1543 489 CERIMONIIS
1581 427 1770 489 Αωηῆ

1760 427 1800 487 Ε
1845 427 2288 491 ΒΥΖΑΝΤΙΝᾸΞ
2331 429 2474 492 LIB.
2522 429 2574 493 Ι.
3292 434 3399 498 622

132 546 297 607 σίδιον,
333 541 427 596 τοῦ
453 541 511 596 δὲ
547 544 608 597 τὸ
635 542 862 608 ζωστόν.
894 539 1027 597 Εἶτα
1058 544 1288 598 ὲπιδίδει
1326 545 1366 575 ’⁷
1405 543 1433 597 6
1467 543 1708 597 ἀκτουά-
1739 547 1771 605 Α

1758 547 2041 606 {manum
2099 546 2288 612 tradit.
2345 547 2614 604 cassidem
2653 546 2818 617 capiti
2875 548 3125 619 imponit,
3177 553 3397 624 cingulo

129 653 226 710 ριος
251 636 306 689 τὸ
331 636 432 708 μὲν
468 637 798 709 αὐριγάριον
830 638 910 702 εἰς
959 637 1057 701 τὰς
1088 641 1279 708 χεῖρας
1325 639 1521 693 αὐτοῦ’
1552 642 1612 694 τὸ
1644 641 1699 695 δὲ

1814 653 1936 695 cum
1967 642 2020 695 in
2069 643 2249 698 medio
2289 645 2544 713 accingit,
2594 642 2834 700 factione
2879 645 3020 703 inter
3069 640 3184 704 haec
3231 653 3400 706 accla-

128 729 379 783 κασσίδιον
411 729 730 801 ἐπιτίθησιν
763 731 854 783 ἐπὶ
884 730 982 801 τῆς
1022 730 1266 800 κεφαλῆς
1303 730 1493 796 αὐτοῦ,
1523 734 1619 787 καὶ
1645 739 1702 787 τὸ

1809 744 2069 789 πιεηιιειι
2103 732 2552 801 Multos.mnltos,
2585 737 2814 804 multos;
2851 755 2869 789 ι
2902 738 3166 809 populus:
3202 757 3222 794 s
3264 739 3400 796 lin!-

126 825 308 888 ζωστῇν
347 824 582 887 ζωννύει
616 826 696 887 εἰς
730 823 798 877 τὰ
831 825 970 893 μέσα
1013 822 1206 890 αὐτοῦ,
1249 825 1343 878 καὶ
1394 820 1494 878 εἷθ’
1527 824 1702 889 οὕτως

1807 835 1890 882 tos
1942 842 2114 882 annos
2159 828 2211 882 in
2268 828 2484 884 multos.
2521 848 2540 882 ι
2605 829 2968 886 Cantores”
3020 831 3184 888 Multa
3249 835 3401 890 vobis

126 917 299 984 λέγειό
329 916 507 986 δῆμος
557 917 626 970 τὰ
685 917 826 970 ἄκτα
849 932 861 944 ·
897 934 916 967 ι
957 916 1155 980 Πολλὰ,
1192 916 1385 983 πολλὰ,
1430 918 1637 970 πολλάο
1677 937 1695 970 s

1807 930 2120 993 tempora,a
2146 921 2415 978 Trinitate
2445 923 2634 979 electi!
2665 944 2682 975 ι
2711 925 2922 981 Clamat
2945 936 3001 982 et
3024 928 3255 997 populus
3282 938 3394 983 ter:

125 1012 279 1072 ἀλαός
302 1027 314 1039 ·
356 1030 372 1061 ι
405 1009 591 1062 Πολλὰ
620 1009 714 1078 ἔτη
747 1012 824 1072 εἰς
859 1008 1050 1062 πολλά.
1084 1027 1101 1058 ι
1128 1009 1191 1060 Οἱ
1217 1009 1449 1080 κράκται
1475 1027 1488 1040 °
1517 1028 1534 1061 t
1567 1009 1702 1062 Πολ-

1809 1035 1825 1067 ι
1872 1014 2110 1069 Sancte!
2152 1035 2170 1066 ι
2208 1016 2523 1073 Cantores:
2566 1016 2759 1071 «Multa
2805 1020 2954 1074 vobis
3007 1030 3273 1090 tempora,
3320 1021 3395 1074 fa-

124 1103 194 1156 ).o‘:
217 1103 338 1170 ὑμῖν
367 1102 580 1170 χρόνοι,
607 1105 638 1170 ἡ
671 1100 869 1170 ἐκλογὴ
899 1102 996 1170 τῆς
1017 1101 1247 1172 Τριάδος
1267 1119 1313 1152 οι
1347 1101 1577 1169 φθογγεῖ
1605 1101 1700 1154 καὶ

1803 1105 1933 1160 ιιιιιΙί
1968 1105 2219 1159 Domini!
2263 1126 2281 1158 ι
2316 1108 2544 1177 populus
2579 1118 2658 1162 ter
2705 1127 2716 1161 :
2763 1128 2781 1160 ι
2817 1107 3014 1164 Sancte
3048 1112 3061 1163 !
3100 1131 3118 1163 ο
3157 1111 3344 1166 Veneti
3382 1111 3396 1148 ³

123 1196 284 1257 ὸλαος
315 1197 379 1247 ἐκ
405 1201 453 1262 γ’
479 1211 493 1224 ο
537 1213 556 1245 ι
595 1195 776 1260 Ἀγιε.
809 1213 826 1245 ι
868 1195 932 1246 Οἱ
960 1194 1199 1263 κράκται
1222 1210 1236 1222 ·
1279 1213 1296 1245 ι
1337 1193 1529 1246 Πολλοὶ
1569 1194 1699 1264 ὑμῖν

1807 1217 1824 1249 ι
1858 1197 2018 1251 Multa
2052 1198 2202 1252 Vttbis
2230 1206 2471 1268 tempora
2503 1201 2516 1254 ι
2557 1220 2575 1252 ι
2600 1199 2910 1255 Cantores:
2947 1218 2969 1253 ¢
3013 1201 3176 1257 Multa
3247 1204 3402 1260 vobis

124 1291 303 1358 χρόνοι,
327 1288 376 1340 οἱ
411 1286 749 1357 θεράποντες
781 1286 875 1340 τοῦ
926 1285 1133 1356 Κυρίου
1157 1303 1168 1315 '
1217 1305 1235 1338 ι
1271 1287 1300 1339 6
1344 1285 1470 1350 λαὸς
1521 1287 1586 1339 ἐκ
1617 1285 1694 1354 γ’·

1804 1302 2069 1358 tempora,
2097 1291 2162 1345 N.
2189 1288 2253 1346 Ν.
2279 1291 2642 1360 Imperatores
2665 1292 3034 1349 Romanorum
3068 1294 3080 1348 !
3121 1312 3142 1347 ι
3169 1297 3396 1365 populus

127 1400 142 1432 ι
181 1381 362 1447 Ἃγιεο
397 1399 415 1431 s
449 1381 500 1432 οἱ
554 1379 801 1432 Βὲνετοι·
851 1396 868 1430 ι
905 1378 1100 1432 Πολλοὶ
1159 1379 1286 1448 ὑμῖν
1324 1378 1528 1449 χρόνοι.
1569 1399 1587 1430 ι
1634 1381 1696 1431 Οἱ

1803 1391 1918 1436 ter:
1942 1401 1959 1431 ‹
1991 1381 2153 1435 Multa
2175 1383 2327 1437 vobis
2353 1385 2624 1452 tempora!
2649 1401 2667 1434 ι
2694 1382 2987 1440 Cantores:
3017 1404 3034 1438 ι
3060 1385 3224 1441 Multa
3245 1388 3395 1442 vobis

124 1475 378 1544 κρακταιο
420 1491 436 1522 ι
478 1472 677 1526 Πολλοὶ
714 1473 843 1542 ὑμῖν
897 1473 1100 1542 χρόνοι,
1133 1473 1162 1525 6
1192 1471 1342 1525 δεῖνα
1374 1473 1467 1525 καὶ
1493 1473 1521 1525 6
1548 1472 1696 1524 δεῖνα

1803 1485 2069 1541 tempora,
2102 1476 2311 1529 Domini
2347 1490 2470 1530 cum
2501 1476 2938 1546 imperatricibus
2969 1488 3026 1533 et
3071 1479 3386 1551 porphyro-

123 1565 510 1636 αὐτοκράτορες
575 1564 900 1634 Ῥωμαίων·
939 1583 958 1615 ι
995 1566 1023 1617 ὁ
1068 1563 1196 1626 λαὸς
1233 1565 1296 1616 ἐκ
1320 1564 1368 1632 γ’
1392 1581 1404 1594 ο
1449 1583 1466 1616 ι
1505 1563 1697 1618 Πολλοὶ

1801 1568 2031 1640 genitis!
2077 1585 2102 1623 s
2151 1569 2310 1640 193
2346 1569 2576 1639 populus
2619 1579 2742 1625 ter:
2792 1587 2811 1621 ι
2842 1571 3010 1626 Multa
3058 1574 3211 1628 vobis
3261 1584 3399 1628 tem-

125 1659 236 1724 ὑμῖν
283 1658 490 1726 χρόνοι.
526 1674 546 1710 s
575 1656 641 1710 υἱ
697 1657 971 1727 κράκταιο
1016 1675 1036 1707 s
1070 1655 1264 1708 Πολλοὶ
1303 1658 1433 1727 ὑμῖν
1478 1657 1694 1728 χρόνοι,

1800 1661 1972 1728 pora!
2019 1679 2038 1712 ι
2073 1660 2384 1716 Cantores:
2421 1681 2439 1713 ι
2465 1660 2546 1715 τυ
2575 1661 2808 1718 feliciter
2833 1664 2888 1718 in
2924 1670 3027 1720 hoc
3048 1664 3246 1735 populo
3282 1680 3394 1720 rem

124 1749 380 1814 δεσπόται,
413 1748 516 1802 σὺν
539 1751 660 1812 ταῖς
689 1748 1030 1817 Αὐγούσταις
1061 1749 1156 1801 καὶ
1181 1751 1294 1811 τοῖς
1327 1767 1697 1820 πορφυρογεν-

1801 1767 1932 1823 agas
1963 1771 1978 1820 ;
2015 1772 2035 1806 ι
2097 1755 2327 1826 populus
2358 1764 2482 1809 ter:
2522 1771 2542 1806 ι
2579 1755 2799 1811 Sancte.
2834 1775 2853 1808 ι
2893 1758 3157 1814 Cantores
3193 1775 3206 1812 :
3241 1777 3260 1812 ι
3290 1760 3396 1816 Co-

125 1843 320 1914 νήτοιςο
355 1861 376 1895 s
419 1845 450 1896 6
490 1840 618 1905 λαὸς
664 1843 728 1895 ὲκ
755 1840 803 1908 γ’
836 1857 849 1870 ·
893 1859 912 1892 ι
949 1839 1144 1893 Πολλοὶ
1174 1841 1302 1911 ὑμῖν
1331 1842 1534 1910 χρόνοι.
1577 1859 1596 1894 s
1632 1841 1695 1895 Οἱ
1731 1868 1764 1923 Β

1756 1847 2018 1923 ιῐοιιοιιι,
2059 1845 2298 1910 domini,
2332 1846 2537 1917 bigario
2571 1846 2586 1901 l
2636 1865 2656 1900 ι
2685 1857 2742 1903 et
2783 1850 2970 1903 statim
3016 1851 3279 1907 corollatn
3329 1868 3395 1906 ac

124 1935 372 2006 κράκται’
411 1954 431 1988 s
471 1935 533 1990 ’0
568 1935 717 1989 δεῖνα
747 1934 812 1988 σὺ
839 1933 1088 2003 εὐτυχεῖς
1128 1934 1208 1994 εἰς
1235 1931 1329 1985 τὸν
1379 1932 1550 2002 δῆμον
1572 1930 1701 1986 τοῦ-

1807 1949 2010 1994 vestem
2043 1940 2146 2010 ipsi
2199 1941 2442 1995 mittunt.
2492 1941 2704 1998 Rursus
2749 1953 3005 1998 cantores
3042 1961 3056 1997 :
3094 1962 3114 1995 ι
3145 1945 3391 2009 Domine.

124 2045 202 2081 τον
222 2047 234 2060 ι
262 2048 280 2081 ι
311 2029 492 2093 ὸλαδς
545 2030 611 2082 ὲκ
640 2026 686 2098 γ’
710 2044 724 2058 ·
757 2046 776 2082 ι
818 2027 1002 2096 ’Δγιε.
1043 2045 1061 2078 ι
1083 2026 1148 2079 Οἱ
1185 2026 1422 2097 κράκται
1450 2042 1464 2057 °
1513 2044 1532 2078 ι
1569 2026 1701 2080 Στε-

1803 2045 1961 2086 serva
1995 2032 2246 2088 dominos
2279 2031 2648 2089 Romanorum
2687 2036 2702 2090 !
2737 2053 2758 2088 ι
2794 2037 3028 2106 populus
3057 2044 3143 2092 ter
3176 2056 3190 2092 :
3226 2056 3245 2090 s
3287 2038 3392 2095 Dos

125 2124 314 2190 φάνιον,
351 2123 639 2187 δεσπόται,
699 2122 776 2192 τῷ
833 2121 1108 2193 βηταρέῳ.
1165 2138 1182 2171 ι
1251 2119 1363 2173 Καὶ
1395 2113 1699 2184 εἷθόὖτως

1803 2124 1969 2190 mine,
2014 2125 2203 2178 serva!
2239 2144 2259 2178 ι
2284 2123 2585 2182 Cantores:
2614 2142 2634 2176 ι
2666 2123 2918 2192 Domine,
2937 2142 3097 2183 serva
3120 2129 3394 2199 principes

124 2215 530 2268 ἀποστέλλουσιν
555 2214 706 2284 αὐτῷ
731 2214 1018 2283 στεφάνων
1035 2211 1128 2266 καὶ
1155 2211 1395 2282 ἱμάτιον,
1417 2209 1512 2265 καὶ
1534 2211 1696 2264 πάλιν

1799 2228 1925 2270 cum
1951 2215 2211 2283 Augustis
2250 2215 2578 2285 coniugibus
2613 2227 2670 2272 et
2702 2218 3183 2289 porpliyrogenitis
3212 2221 3225 2274 l
3271 2235 3395 2291 ipo-

123 2308 352 2377 λὲγουσιν
378 2310 428 2362 οἱ
465 2309 706 2379 κράκται
730 2324 742 2338 ·
775 2325 794 2358 ι
826 2307 1024 2378 Κύριε,
1051 2305 1226 2360 σῶσον
1268 2305 1396 2369 τοὺς
1427 2305 1694 2368 δεσπότας

1801 2306 1959 2374 pnlus
2004 2315 2084 2360 ter
2121 2324 2136 2360 :
2170 2323 2191 2358 ι
2240 2304 2490 2373 Domine,
2547 2310 2753 2363 serva!
2793 2328 2811 2360 s
2878 2308 3159 2366 Postremo
3202 2327 3392 2367 omnes

135 2403 403 2474 Ῥωμαίων
423 2424 438 2437 ·
457 2423 477 2457 ι
497 2407 524 2458 6
539 2405 666 2470 λαὸς
688 2407 753 2459 ὲκ
776 2403 823 2472 γ’
841 2420 852 2431 ·
866 2425 884 2457 ι
898 2404 1095 2475 Κύριε,
1117 2404 1311 2458 σῶσον.
1326 2403 1417 2457 at)!
1436 2403 1694 2472 κράκται·

1798 2397 1958 2451 simul
2010 2397 2237 2453 dicunt:
2279 2397 2340 2453 In
2399 2398 2598 2455 multos
2667 2414 2864 2464 annos,
2924 2410 3033 2456 etc.
3068 2418 3091 2455 ι
3143 2400 3393 2472 Bigzirins

129 2513 146 2547 ι
175 2496 356 2568 Κύριε,
400 2496 577 2551 σῶσον
625 2497 752 2561 τοὺς
782 2497 1053 2560 δεσπότας
1081 2497 1179 2549 σὺν
1204 2496 1325 2558 ταῖς
1352 2493 1698 2561 Αὐγούσταις

1799 2506 1929 2545 vero
1965 2499 2051 2546 ter
2079 2492 2332 2547 dominos
2353 2491 2567 2561 signat,
2599 2490 2850 2562 ﬂexoque
2879 2509 3018 2564 genu
3036 2495 3168 2564 ipsis
3188 2497 3392 2566 gratias

127 2589 207 2640 καὶ
233 2592 338 2653 τοῖς
374 2591 936 2660 πορφυρογεννήτοις·
980 2609 998 2643 ι
1035 2589 1210 2652 όλαὺς
1241 2591 1370 2655 latr
1398 2603 1413 2616 ·
1442 2605 1460 2637 ι
1502 2585 1695 2656 Κύριε,

1797 2584 1928 2655 agit,
1961 2583 2154 2639 deinde
2185 2597 2306 2638 cum
2343 2582 2598 2653 praefecto
2626 2586 2694 2640 ail
2722 2586 2998 2657 dapbnen,
3049 2587 3175 2643 inde
3209 2591 3276 2642 ad
3309 2590 3392 2643 fa-

129 2681 300 2736 σῶσον.
338 2701 356 2734 s
394 2680 532 2736 Εἶτα
569 2683 788 2751 λέγουσι
819 2683 1019 2745 πάντες
1056 2680 1194 2752 ὁμοῦ
1227 2678 1601 2749 πολυχρόνιον.
1635 2677 1694 2730 ⁸0

1798 2679 2038 2732 ctionem
2070 2676 2205 2741 abit,
2238 2693 2341 2746 qua
2373 2687 2456 2733 ter
2485 2678 2722 2749 signata,
2753 2681 2821 2736 ad
2851 2681 3125 2739 cancellos
3151 2685 3395 2740 ascendit

126 2771 174 2823 δὲ
230 2773 489 2846 βηγάριος
545 2773 988 2845 κατασφραγίζει
1034 2759 1218 2843 τρῖτον
1243 2771 1370 2834 τοὺς
1398 2770 1688 2831 δεσπότας.

1804 2769 2190 2824 lactionarium
2222 2785 2519 2841 omnesque
2559 2773 2791 2828 duarum
2827 2773 3132 2832 factionum
3171 2776 3393 2848 aurigas

128 2865 211 2917 καὶ
253 2865 576 2933 προσκυνῶν
643 2867 1065 2938 ἀπευχαριστεῖ,
1099 2864 1191 2918 καὶ
1232 2861 1515 2932 ἐξέρχεται
1551 2860 1692 2931 μετὰ

810 2867 1065 2938 (αριστεῖ,
1099 2864 1191 2918 καὶ
1232 2861 1515 2932 ἐξέρχεται
1551 2860 1692 2931 μετὰ
1802 2867 1856 2914 et
1881 2859 2160 2913 tribunum
2195 2859 2449 2914 adorans.

127 2956 207 3012 τοῦ
227 2960 511 3013 ἐπιστάτου
530 2959 634 3024 ἕως
662 2961 762 3030 τῆς
785 2961 1012 3029 δάφνης,
1042 2953 1161 3011 εἶτα
1184 2959 1211 3010 6
1236 2956 1498 3026 βηγάριος
1517 2955 1819 3024 ἀπέρχεται
1845 2951 1938 3005 ἰπὶ
1998 2953 2092 3005 τὸν
2154 2951 2348 3021 δῆμον,
2408 2952 2503 3006 καὶ
2544 2954 3006 3026 ξιατασφραγίζων
3054 2958 3249 3028 ’τρίτον
3311 2959 3392 3022 εἰς

129 3047 206 3104 τὸν
249 3048 438 3119 δῆμον,
495 3049 785 3120 ἀνέρχεται
844 3051 923 3112 εἰς
962 3048 1032 3101 τὰ
1055 3047 1356 3115 κάγκελλα,
1402 3045 1498 3098 καὶ
1525 3043 1824 3113 προσκυνεῖ
1849 3042 1942 3095 τὸν
1973 3044 2360 3114 φακτιονάριον
2416 3045 2513 3097 καὶ
2570 3044 2724 3109 ὅλους
2797 3048 2924 3110 τοὺς
2969 3049 3220 3119 ἡνιόχους
3278 3051 3392 3104 τῶν

132 3129 213 3192 δύο
246 3141 426 3212 μερῶν
458 3142 555 3195 καὶ
585 3141 677 3194 τὸν
699 3139 1003 3212 τριϐοὖνον.

135 3283 311 3348 Ἀκτα,
361 3280 674 3335 ἐπινικίων
733 3273 1250 3347 θριαμϐευομένων
1304 3270 1417 3344 (Ὶὲ)
1466 3269 1698 3324 ἐπὶτοῦ

1809 3265 1974 3328 Acta,
2017 3264 2230 3333 quando
2283 3266 2581 3348 viclarinlrs
2633 3266 2888 3335 triuntplu'
2937 3283 2993 3321 ιη
3036 3268 3385 3339 Ιιὶρροανοηιο

691 3339 1109 3416 laneis-poples).
1313 3339 1322 3344 ’
1400 3339 1405 3343 ⁷
2129 3401 2134 3406 .

1313 3339 1322 3344 “
1400 3339 1405 3343 ⁷
2129 3401 2134 3406 ,
2414 3339 2767 3390 celebrantur.

195 3488 213 3523 ι
246 3469 376 3534 Δόξα
404 3465 527 3536 Θεῷ
557 3464 633 3534 τῷ
665 3463 909 3532 Δεσπὸτῃ
942 3461 984 3493 ’⁸
1026 3459 1264 3523 πάντων,
1295 3455 1419 3521 δόξα
1449 3454 1527 3522 τῷ
1566 3455 1699 3507 Κτι-
1727 3483 1770 3541 C

1747 3483 1770 3541 3
1882 3467 1901 3502 ι
1931 3449 2114 3505 Gloria
2148 3451 2278 3517 Deo,
2314 3451 2556 3505 omnium
2585 3449 2836 3520 Domino,
2864 3453 3032 3522 gloria
3064 3454 3309 3512 Creatori
3333 3466 3386 3511 ct

136 3580 220 3633 στῃ
248 3562 338 3615 καὶ
366 3556 685 3629 δημιουργῷ
717 3555 826 3608 τῶν
859 3555 1016 3607 ὅλων.
1066 3549 1203 3615 Δόξα
1233 3549 1354 3620 Θεῷ
1381 3548 1460 3617 τῷ
1499 3548 1698 3618 θριαμ-

1808 3544 2090 3598 Conditori
2120 3544 2390 3597 universi!
2428 3542 2614 3598 Gloria
2649 3544 2780 3609 Deo,
2819 3546 3123 3616 triumphos
3152 3549 3218 3601 de
3244 3549 3385 3618 Aga-

136 3631 365 3708 Csﬁcavtt
401 3653 528 3713 τοὺς
562 3652 656 3718 τῆς
689 3650 889 3716 ΙἍγαρ.
915 3644 1054 3708 Δόξα
1105 3642 1224 3712 Θεῷ
1255 3640 1332 3710 τῷ
1364 3637 1702 3710 παμϐασιλεῖ

1807 3633 1954 3687 renis
2003 3633 2216 3702 agenti!
2255 3631 2440 3688 Gloria
2489 3634 2595 3688 Deo
2637 3637 2747 3704 regi
2800 3637 3154 3690 saeculorum!
3200 3637 3382 3692 Gloria

136 3747 228 3798 τῶν
259 3745 486 3798 αἰώνων.
521 3740 656 3806 Δόξα
683 3739 803 3810 Θεῷ
833 3738 912 3808 τῷ
944 3734 1289 3805 ὲνισχύσαντι
1314 3732 1553 3801 βασιλεῖς
1574 3730 1701 3792 τοὺς

1808 3725 1936 3788 Deo,
1969 3726 2058 3794 qui
2085 3726 2441 3794 imperatores
2471 3735 2616 3780 recte
2635 3726 2924 3782 credentes
2964 3729 3378 3783 corroboravit!

136 3837 446 3908 όρῦοδόξους.
503 3831 641 3897 Δόξα
713 3829 834 3899 Θεῷ
893 3829 972 3899 τῷ
1039 3825 1393 3895 ὲπιὸλέψαντι
1437 3823 1521 3891 ἐφ’
1565 3824 1700 3892 ἡμῖν

1802 3814 1981 3868 Gloria
2025 3817 2150 3879 lien,
2203 3817 2318 3884 qui.
2365 3824 2423 3869 ut
2476 3817 2886 3872 amantissimus
2923 3819 3228 3885 hominum,
3279 3836 3379 3874 nos

138 3906 530 3997 φιλανθρώπως.
560 3923 696 3988 Δόξα
735 3920 854 3991 Θεῷ
879 3921 956 3992 τῷ
990 3919 1287 3985 πατάξαντι
1347 3915 1695 3986 ἰσμαηλίτας

1805 3907 2074 3976 respexit!
2121 3906 2302 3960 Gloria
2348 3907 2476 3970 Deo,
2515 3909 2607 3978 qui
2659 3909 2984 3975 lsmaelitas,
3042 3911 3385 3967 Christiano-

136 4018 245 4080 τοὺς
291 4015 726 4087 Χριστομάχους.
782 4011 919 4075 Δόξα
964 4007 1083 4076 Θεῷ
1141 4007 1219 4076 τῷ
1284 4004 1578 4077 ῥυσαμένῳ
1635 4002 1695 4067 ἐξ

1805 4015 1921 4052 rum
1963 4000 2234 4062 inimicos,
2269 4002 2571 4067 percussit!
2607 4000 2794 4082 Gloria
2827 4004 2958 4068 Deo,
2999 4005 3092 4072 qui
3134 4007 3383 4075 captivos

138 4107 324 4177 ἐχθρῶν
348 4107 471 4169 τοὺς
503 4103 905 4175 αἰχμαλώτους.
934 4099 1070 4163 Δόξα
1109 4098 1228 4167 Θεῷ
1253 4099 1330 4168 τῷ
1362 4095 1698 4166 πορθήσαντι

1801 4093 1868 4146 ab
1903 4092 2149 4146 hostibus
2189 4091 2478 4146 liberavit!
2508 4092 2690 4147 Gloria
2723 4093 2856 4159 Deo,
2907 4096 3000 4165 qui
3035 4097 3202 4151 urbes
3245 4100 3383 4151 Ara-

137 4201 221 4263 τὲις
245 4200 422 4264 πόλεις
447 4198 556 4252 τῶν
595 4195 865 4267 Ἀράϐων.
891 4192 1028 4256 Δόξα
1057 4190 1174 4260 Θεῷ
1195 4189 1272 4259 τῷ
1302 4187 1698 4241 καταόάλλοντι

1801 4187 1925 4236 bum
1956 4183 2253 4237 destruxit!
2276 4183 2459 4238 Gloria
2486 4185 2616 4250 Deo,
2649 4186 2743 4254 qui
2766 4186 3092 4243 Trinitatem
3125 4201 3385 4259 negantes

137 4297 247 4356 τοὺς
277 4293 513 4364 ἁρνητὶις
545 4292 642 4360 τῆς
669 4285 925 4359 Τριὰδος.
956 4283 1094 4348 Δόξα
1125 4283 1242 4353 Θεῷ
1265 4281 1340 4350 τῷ
1373 4279 1699 4333 ὰπολέσαντι

1801 4276 2122 4346 prostravit!
2184 4276 2366 4331 Gloria
2427 4275 2570 4342 Deo,
2637 4279 2729 4347 qui
2781 4280 3066 4348 Deiparam
3122 4293 3383 4349 negantes

138 4385 247 4446 τοῦς
276 4385 512 4456 ἁρνητὰς
532 4383 632 4452 τῆς
665 4380 955 4433 Θεοτόκου.
989 4374 1126 4440 Δόξα
1151 4373 1270 4443 Θεῷ
1297 4372 1375 4442 τῷ
1399 4369 1697 4439 καταισχύ-

1801 4367 2061 4434 perdidit!
2111 4365 2294 4420 Gloria
2344 4368 2497 4432 Deo,-
2525 4367 2618 4435 qui
2658 4367 3015 4423 ferocientem
3061 4369 3127 4424 Ν.
3163 4369 3382 4426 Christo

139 4489 272 4526 ναντι
292 4474 351 4527 τὸ
372 4473 637 4544 φρύαγμα
657 4472 682 4523 6
707 4472 855 4524 δεῖνα
874 4467 967 4522 τοῦ
993 4465 1394 4538 Χριστομάχου.
1421 4462 1555 4526 Δόξα
1577 4462 1698 4531 Θεῷ

1801 4459 2084 4512 inimicum
2115 4459 2411 4528 opprobrio
2461 4459 2739 4526 implevit!
2781 4458 2969 4514 Gloria
3006 4459 3137 4527 Deo,
3177 4462 3265 4516 cui
3307 4463 3378 4515 ita

139 4567 205 4635 τῷ
245 4568 592 4636 εὐδοκήσαντι
639 4561 834 4626 οὕτως.
887 4561 1083 4630 Κύριε,
1139 4557 1224 4621 τίς
1262 4558 1323 4610 οὑ
1355 4554 1568 4614 δοξάσει
1597 4555 1698 4621 τὴν

1800 4549 1974 4600 visam
2010 4549 2138 4602 fuit!
2174 4550 2420 4610 Domine,
2452 4550 2577 4618 quis
2618 4549 2907 4604 consilium
2951 4559 3102 4605 tuum
3147 4567 3252 4607 non
3285 4567 3379 4608 ce-

145 4657 318 4729 βουλήν
366 4676 456 4712 σου
483 4676 497 4725 ;
543 4656 738 4726 Κύριε,
785 4654 870 4717 τίς
903 4654 1001 4722 οὐχ
1059 4651 1293 4720 ὑμνήσει
1320 4648 1390 4702 τά
1420 4647 1559 4718 ἔργα
1590 4645 1697 4699 τῶν

1801 4636 2076 4692 lebraret?
2135 4639 2380 4703 Domine,
2430 4640 2552 4708 quis
2601 4656 2707 4694 non
2760 4641 3005 4696 laudaret
3053 4658 3217 4712 opera
3265 4660 3380 4698 ma-

143 4751 320 4821 χειρῶν
349 4768 476 4817 σου;
511 4749 701 4819 Κύριε,
726 4743 1159 4818 εὐχαριστοῦμεν
1190 4757 1272 4794 σοι
1300 4740 1429 4810 περὶ
1456 4740 1693 4804 πάντων,

1800 4745 1966 4785 nuum
2014 4733 2268 4786 tuarum?
2306 4733 2554 4798 Domine,
2599 4737 2805 4804 gratias
2840 4736 2936 4790 tibi
2971 4751 3084 4805 pra:
3124 4739 3379 4792 omnibus

143 4842 212 4894 ὅτι
267 4844 500 4912 ⁴1ηλέησας
556 4841 646 4895 τὸν
704 4840 831 4893 λαόν
860 4855 952 4891 σου
987 4835 1238 4907 μεγάλως
1267 4834 1310 4866 ¹⁹
1350 4834 1415 4886 ἐκ
1452 4829 1697 4885 τοιούτου
1731 4822 1775 4876 Ι)

1742 4822 1775 4876 D
1805 4826 2037 4892 agimus,
2073 4827 2216 4895 quod
2267 4825 2526 4881 misertus
2571 4840 2631 4881 es
2676 4827 2856 4897 populi
2908 4829 3008 4894 tui,
3053 4829 3214 4900 eique
3256 4829 3381 4885 huic

147 4932 501 5002 βασιλεύεσθαι
527 4935 791 5004 κράτους.
823 4949 842 4983 ι
877 4930 984 4983 Καὶ
1021 4929 1112 4982 ὅτε
1143 4928 1384 4981 πέσωσιν
1408 4926 1458 4978 οἱ
1487 4924 1699 4994 δέσμιοι

1799 4917 2007 4986 potenti
2060 4918 2286 4988 imperio
2338 4919 2563 4975 subesse
2603 4919 2992 4989 permisisti!»
3053 4919 3190 4976 Cum
3248 4935 3380 4976 vero

146 5028 349 5094 πρηνεῖς
388 5027 481 5079 ἐπὶ
502 5025 599 5096 τῆς
623 5025 749 5093 γῆς,
780 5022 925 5077 νεύει
962 5025 992 5075 6
1017 5022 1366 5090 άκτουάριος,
1397 5021 1492 5073 καὶ
1514 5018 1704 5085 λέγου-

1799 5010 1998 5079 captivi
2043 5011 2200 5080 proni
2242 5011 2294 5064 in
2339 5019 2541 5066 terram
2584 5014 2966 5082 prociderunt,
3009 5017 3259 5071 actuario
3302 5017 3379 5070 si-

147 5131 216 5166 σιν
252 5117 300 5168 οἱ
337 5118 570 5186 κράκται
603 5133 618 5148 ο
673 5135 692 5168 ι
738 5116 975 5170 Ἔπεσον
997 5115 1048 5168 οἱ
1089 5113 1274 5184 ἐχθροὶ⁵
1302 5111 1458 5183 ήμῶν
1483 5110 1699 5180 Θεοκρί-

1799 5114 1962 5168 gnum
2000 5101 2182 5166 dante,
2224 5111 2477 5157 cantores
2526 5103 2754 5158 dicunt:
2784 5119 2806 5155 ι
2833 5101 2991 5157 Justo
3037 5105 3132 5159 Dei
3172 5105 3379 5173 judicio

145 5221 236 5269 τως
259 5225 270 5236 ·
309 5229 326 5262 ι
361 5211 457 5263 καὶ
483 5209 510 5261 6
535 5210 661 5271 λαὸς
690 5210 894 5280 ὁμοίως
923 5207 990 5276 γ’.

1801 5193 2005 5248 inimici
2046 5194 2218 5249 nostri
2264 5195 2619 5251 ceciderunt!
2656 5215 2675 5249 ι
2712 5194 2856 5266 quod
2901 5197 3130 5268 populus
3176 5206 3258 5254 ter
3291 5213 3376 5253 re-

1801 5284 1958 5351 petit.

1402 5441 1639 5499 VARIE
1676 5437 2084 5498 LECTIONES.

228 5571 264 5603 "
295 5571 524 5625 ἐπιδιδοῖ
552 5571 642 5625 ed.
723 5568 768 5602 ⁸⁸
798 5565 918 5637 Θεῷ
942 5565 1100 5620 δεσπ.
1127 5563 1217 5619 ed.
1295 5563 1338 5594 ¹⁹
1372 5578 1487 5627 σου,
1524 5558 1775 5630 μεγάλως
1804 5559 1894 5615 ed.

1101 5699 1292 5757 JOAN.
1325 5701 1465 5758 .IAC.
1502 5699 1752 5756 REISKII
1783 5698 2354 5758 COMMENTARIUS.

211 5820 310 5891 (72)
352 5819 530 5892 Signis
561 5820 1404 5892 rictarigsolemnicumpompa
1471 5821 1522 5874 in
1563 5818 1741 5874 urbem
1781 5819 2114 5874 introductis.
2168 5818 2487 5890 ’[Trmmphi
2548 5835 2645 5875 vos
2705 5835 2803 5892 pro
2863 5821 3088 5878 solemni
3153 5821 3374 5878 introitu

155 5888 384 5961 usurpata
427 5891 634 5944 Aimoni
669 5892 720 5944 in
751 5889 952 5945 Histor.
989 5888 1223 5961 Franc.j‘
