4150 6444
733 369 843 434 639

1722 374 2236 437 CONSTANTINI
2278 376 2957 442 PORPHYROGENITI

3895 381 4002 448 610

735 491 1008 549 promunt,
1040 483 1260 551 aurigas
1288 482 1338 535 in
1373 483 1628 538 curribus
1655 487 1978 540 constitutos
1997 497 2122 541 ante
2145 487 2313 556 ipsam

2431 493 2607 560 μόσια,
2664 493 3021 562 κατέρχονται
3073 491 3158 544 ἐπ’
3207 491 3478 560 δχὴμασιν
3524 492 3586 542 ὲκ
3637 492 3743 542 τῶν
3795 490 3998 560 θυρῶν,

735 573 1031 628 factionem
1073 575 1368 641 accipiunt,
1391 586 1445 630 et
1493 575 1763 632 saltantes
1797 579 1863 633 ad
1895 593 2093 634 metam
2130 597 2320 651 usque,

735 665 1025 719 stationem
1065 675 1276 735 petunt.
1325 667 1443 733 Quo
1478 678 1768 737 postquam
1827 685 2141 740 pervenere,
2187 689 2323 742 pra:-

736 756 895 810 fectis
940 771 1290 810 numerorum
1325 759 1537 827 signum
1571 760 1750 823 datur,
1804 762 1857 815 hi
1894 764 2226 817 descendunt
2269 776 2324 819 et

736 850 805 901 ad
829 858 1032 912 uictas,
1061 849 1224 918 inque
1252 850 1466 905 caeteris
1496 851 1626 906 locis
1664 852 1844 921 Euripi
1897 870 2058 924 supra
2083 871 2324 910 comme-

738 943 987 1006 moratis,
1017 942 1108 997 ubi
1158 945 1340 998 acervi
1386 945 1596 998 olerum
1629 961 1695 999 ac
1728 949 2097 1014 placentarum
2118 950 2320 1017 jacent,

740 1033 1070 1088 subsismnt.
1091 1036 1308 1104 Auriga:
1337 1047 1624 1105 postquam
1658 1054 1780 1092 cum
1809 1055 1972 1108 grege
1989 1041 2237 1094 factionis
2259 1043 2324 1094 ad

738 1127 1031 1180 stationem
1059 1143 1277 1193 venere,
1313 1130 1385 1183 ibi
1416 1131 1466 1182 iu
1493 1130 1744 1183 curribus
1772 1131 2096 1198 subsistunt,
2135 1133 2325 1186 factio-

739 1218 880 1270 narii
971 1218 1152 1274 fausta
1213 1222 1527 1290 imperatori
1588 1235 1970 1290 apprecantur,
2013 1239 2120 1291 quo
2159 1225 2324 1288 facto,

739 1309 945 1380 aurigis
982 1312 1281 1365 victoribus
1310 1313 1608 1381 imperator
1634 1329 1870 1368 coronas
1903 1331 1996 1385 per
2022 1318 2322 1370 actuarinm

737 1413 794 1454 et
848 1403 1114 1456 vicarium
1161 1405 1371 1458 mittit:
1405 1405 1456 1458 hi
1515 1407 1742 1475 digressi
1789 1422 1883 1460 eos
1930 1415 2212 1472 coronant,
2273 1417 2325 1461 et

738 1508 928 1546 rursus
953 1494 1017 1546 ad
1048 1511 1367 1550 consessum
1409 1507 1777 1570 revertuntur.
1810 1497 1964 1552 Tunc
2001 1499 2163 1553 factio
2211 1511 2324 1555 stac

739 1585 835 1637 tim
865 1587 1080 1639 veniam
1111 1586 1338 1640 abeundi
1366 1588 1528 1657 inque
1552 1589 1725 1655 platea
1762 1590 1992 1644 saltandi
2031 1592 2184 1657 petit,
2218 1607 2323 1659 qua

741 1677 810 1732 ab
871 1679 1197 1746 imperatore
1259 1692 1505 1752 accepta.
1563 1683 1615 1736 in
1671 1684 1930 1752 plateam,
1987 1699 2106 1753 quae
2152 1685 2323 1738 media

741 1772 1065 1838 appellatur,
1100 1777 1466 1843 progreditur.
1507 1775 1598 1831 Sic
1638 1789 1825 1844 postea
1873 1778 2165 1845 imperator
2202 1794 2324 1830 sur-

2426 584 2521 636 καὶ
2551 584 2908 648 κατελθόντες
2934 586 2981 637 oi
3021 583 3113 637 τοῦ
3154 586 3475 651 νικήσαντος
3511 584 3713 652 μέρους
3740 583 3999 652 δημόται,

2425 675 2641 746 αἴρουσι
2697 677 2903 746 δάφνας
2951 678 3014 730 ἐκ
3059 677 3151 729 τοῦ
3205 677 3408 744 λογίου,
3442 677 3536 729 καὶ
3587 676 3834 746 δέχονται
3875 678 4002 738 τοὺς

2425 769 2676 837 ἡνιόχους
2723 769 3064 838 ἐπιδιφρίους
3104 769 3417 839 ἔμπροσθεν
3463 768 3556 822 τοῦ
3590 767 3754 822 αὑτοῦ
3801 769 4001 837 δήμου,

2425 861 2519 912 καὶ
2547 858 2806 924 σάξαντες
2865 860 3025 931 μέχρι
3073 862 3166 914 τοῦ
3222 861 3625 928 ἁντικάμπτου,
3678 861 4001 932 ἀνέρχονται

2426 954 2484 1005 ὲν
2521 951 2600 1021 τῷ
2655 954 2912 1021 στάματι.
2972 953 3376 1024 Ἀνερχομένων
3423 954 3480 1005 δὲ
3528 951 3732 1013 αὐτῶν,
3797 952 4002 1004 δίδοται

2426 1044 2599 1115 νεῦμα
2634 1050 2746 1108 τοῖς
2780 1047 3004 1114 ἄρχουσι
3037 1045 3144 1097 τῶν
3166 1045 3488 1112 ταγμάτων,
3524 1046 3617 1097 καὶ
3642 1043 4003 1104 κατελθόντες

2427 1139 2671 1190 ἵστανται
2702 1139 2758 1188 ἐν
2789 1142 2898 1200 τοῖς
2927 1138 3252 1208 καμπτῆρσι
3283 1138 3378 1190 καὶ
3412 1140 3468 1189 ὲν
3513 1140 3625 1198 τοῖς
3657 1137 4002 1205 προειρημέ-

2426 1248 2536 1292 νοις
2568 1231 2772 1291 λοιποῖς
2798 1232 2982 1294 τόποις
3017 1231 3108 1283 τοῦ
3137 1232 3382 1299 εὺρίπου,
3408 1229 3535 1281 ἔνθα
3561 1231 3616 1282 αἱ
3649 1229 3862 1280 ato-.62!
3895 1228 4004 1279 τῶν

2425 1323 2675 1390 λαχάνων
2714 1323 2941 1374 καὶτῶν
2973 1323 3321 1375 πλακούντων
3359 1323 3516 1374 εἰσίν.
3556 1321 3835 1380 Ἐλθόντες
3868 1320 3924 1371 δὲ
3955 1321 4002 1370 οἱ

2426 1415 2626 1482 ἡνίοχοι
2665 1414 2803 1481 μετᾶ
2826 1413 2932 1466 τῶν
2961 1414 3212 1482 δημοτῶν
3261 1413 3354 1464 τοῦ
3401 1414 3598 1482 μέρους
3651 1414 3710 1463 ἐν
3756 1412 3836 1479 τῷ
3873 1413 4004 1463 στας

2429 1524 2580 1576 patz,
2617 1506 2862 1558 ἵστανται
2914 1508 3089 1558 ἐκεῖσε
3136 1505 3458 1572 ἐπιδίφριοι,
3507 1505 3599 1556 καὶ
3646 1503 4004 1570 ἀκτολογοῦσι

2429 1595 2548 1663 μετ’
2580 1595 2858 1663 εὐφημίας
2899 1596 2948 1646 οἱ
2980 1595 3072 1647 τοῦ
3106 1596 3302 1664 μέρους
3341 1594 3418 1661 τῷ
3459 1594 3687 1662 βασιλεῖ,
3722 1597 3816 1646 καὶ
3866 1597 4001 1660 μετα

2424 1689 2524 1756 τὴν
2552 1687 2945 1757 συμπλήρωσιν
2985 1690 3084 1756 τῆς
3127 1687 3400 1756 εὐφημίας
3451 1687 3769 1739 ἀποστέλλει
3823 1688 4000 1747 uinci;

2426 1781 2536 1840 τοῖς
2589 1781 2840 1847 νικηταῖς
2889 1777 3124 1848 ἡνιόχοις
3172 1781 3198 1830 ὁ
3257 1778 3511 1847 βασιλεὺς
3564 1779 3866 1845 στεφάνους
3918 1779 4003 1830 δια

742 1863 844 1930 git,
901 1865 1056 1919 turba
1102 1883 1231 1921 vero
1303 1870 1481 1938 populi
1538 1870 1837 1932 descendit,
1895 1879 1950 1923 et
2011 1886 2073 1923 ex
2116 1871 2325 1924 acervis

2431 1872 2519 1924 τοῦ
2551 1872 2876 1940 ἀκτουαρίου
2929 1871 3022 1923 καὶ
3067 1869 3158 1923 τοῦ
3205 1870 3482 1939 δευτέρου,
3523 1871 3617 1922 καὶ
3652 1870 4001 1930 κατελθόντες

739 1955 888 2010 olera
927 1957 1315 2027 placentasqne
1351 1963 1537 2026 sumit,
1573 1961 1696 2014 dum
1739 1961 1942 2014 interea
1992 1963 2166 2028 pisces
2213 1963 2323 2030 plu-

744 2049 915 2102 rimos
947 2051 998 2104 in
1035 2053 1282 2106 navicula
1311 2053 1552 2120 plaustro
1576 2055 1831 2123 imposita
1860 2054 2157 2116 advehunt,
2187 2066 2240 2106 et
2267 2055 2319 2107 in

745 2141 922 2196 solum
952 2145 1081 2197 circi
1114 2145 1406 2213 projiciuut
1428 2165 1440 2199 :
1465 2162 1599 2214 quos
1629 2147 1812 2200 itidem
1845 2146 1996 2198 turba
2028 2147 2318 2199 commixta

743 2235 929 2304 populi
967 2237 1171 2306 diripit.

2433 1962 2686 2028 στέφουσι
2708 1961 2833 2023 τοὺς
2862 1961 3135 2030 ἡνιόχους,
3167 1961 3262 2014 καὶ
3307 1963 3624 2031 ἀνέρχονται
3659 1960 3824 2013 πάλιν
3850 1962 3908 2011 ὲν
3933 1960 4001 2027 τῷ

2429 2054 2744 2120 καθίσματι.
2785 2053 2892 2106 Καὶ
2923 2054 3122 2116 εὐθέως
3173 2055 3398 2123 ἄρχεται
3433 2055 3492 2106 τὸ
3535 2055 3701 2123 μέρος
3734 2054 4002 2106 αἰτεῖσθαι

2428 2147 2523 2200 τοῦ
2549 2148 2782 2210 ἐξελθεῖν
2813 2148 2905 2198 καὶ
2941 2146 3197 2216 χορεῦσαι
3230 2148 3308 2209 εἰς
3337 2148 3435 2214 τὴν
3472 2148 3756 2210 πλατεῖαν,
3787 2147 3887 2198 καὶ
3910 2145 4003 2196 λα-

2429 2240 2613 2300 ὀόντες
2665 2241 2764 2309 τὴν
2805 2239 3019 2308 αἴτησιν
3052 2239 3203 2310 παρᾶ
3245 2239 3338 2292 τοῦ
3374 2240 3660 2310 βασιλέως,
3694 2242 4002 2312 ἐξέρχονται

743 2330 803 2380 ἐν
831 2330 897 2398 τῇ
946 2329 1108 2399 μέσῃ.
1156 2332 1264 2384 Καὶ
1314 2329 1415 2384 εἶθ’
1453 2334 1627 2396 οὕτως
1677 2334 2012 2387 ἀνίσταταιό
2042 2333 2316 2403 βασιλεὺς,
2352 2335 2446 2386 καὶ
2486 2333 2627 2403 μετὰ
2668 2335 2728 2386 τὸ
2770 2334 3070 2401 ἀναστῆναι
3111 2335 3200 2386 τὸν
3255 2333 3480 2402 βασιλέα
3553 2336 3882 2405 κατέρχεται
3950 2339 4004 2388 τδ

745 2423 951 2492 πλῆθος
974 2424 1018 2456 ⁸⁸
1045 2423 1136 2476 τοῦ
1167 2425 1316 2487 λαοῦ,
1342 2429 1438 2478 καὶ
1465 2429 1710 2497 αἴρουσιν
1745 2429 1805 2480 ἐκ
1849 2428 1955 2479 τῶν
1992 2427 2219 2479 στοιῦὼν
2256 2427 2322 2480 τά
2354 2444 2411 2480 τε
2446 2427 2654 2498 λάχανα
2683 2427 2780 2481 καὶ
2827 2430 2925 2490 τὰς
2992 2426 3357 2494 πλακοῦντας,
3406 2430 3464 2480 ὲν
3508 2428 3565 2481 δὲ
3601 2428 3676 2492 τῷ
3705 2429 3857 2497 αὑτῷ
3901 2432 4006 2481 εἱσ-

747 2516 972 2586 φέρουσι
1024 2517 1276 2586 χέλανδον
1331 2522 1633 2588 φεῷμενον
1686 2522 1776 2571 ἐπὶ
1819 2520 2033 2588 ἁμάξης
2077 2519 2282 2588 πλῆθος
2338 2518 2557 2589 ἰχθύων,
2606 2521 2700 2573 καὶ
2743 2520 3026 2590 ῥίπτουσιν
3083 2519 3224 2572 αὐτὰ
3262 2520 3306 2550 ’⁵³
3361 2520 3454 2572 ἐπὶ
3485 2520 3712 2588 ἐδάφους
3789 2523 3851 2573 ὲν
3933 2520 4006 2589 τῷ

745 2612 994 2681 1ππικῷ·
1065 2614 1278 2683 αἴρουσι
1347 2615 1402 2666 δὲ
1459 2614 1549 2665 καί
1621 2615 1796 2667 ταῦτα
1850 2604 1910 2666 τδ
1964 2617 2168 2685 πλῆθος
2232 2615 2324 2668 τοῦ
2365 2615 2516 2668 λαοῦ.
3762 2612 3767 2616 ’

822 2705 884 2760 ν.
922 2705 1237 2776 Imperator,
1291 2717 1350 2759 ut
1404 2708 1659 2768 diximus.
1705 2723 1732 2759 a
1781 2709 1973 2762 throno
2021 2712 2214 2778 surgit,
2270 2720 2325 2764 ct

748 2794 1024 2871 praefectis
1057 2797 1306 2849 cubiculo
1336 2799 1743 2862 comitantibus,
1792 2814 1885 2866 per
1914 2800 2118 2853 medios
2150 2802 2318 2868 patri-

747 2890 864 2942 cios
891 2897 945 2942 et
981 2897 1251 2955 strategos
1299 2890 1349 2940 in
1395 2889 1655 2951 triclinio,
1691 2890 1743 2942 in
1781 2906 1889 2958 quo
1930 2908 1994 2945 eo
2027 2893 2112 2945 die
2141 2895 2324 2946 convi-

750 2982 898 3034 vium
951 2981 1216 3045 celebrat,
1253 2981 1575 3035 constitutos
1627 2983 1821 3035 transit
1867 3002 1878 3035 :
1925 2984 2022 3051 ipsi
2064 2985 2218 3053 longa
2265 3000 2328 3038 ac

753 3071 934 3125 felicia
964 3079 1208 3138 tempora
1245 3072 1294 3123 ei
1331 3081 1711 3138 apprecantur.
1741 3071 1868 3124 lude
1900 3074 2204 3126 cubiculum
2234 3089 2330 3144 pe-

754 3168 838 3229 tit,
867 3164 1104 3232 dumque
1141 3165 1463 3232 praepositus
1511 3179 1539 3215 a
1587 3164 1760 3232 capite
1800 3165 1918 3232 ejus
1950 3181 2204 3218 coronam
2235 3169 2317 3220 de-

753 3255 872 3319 mit,
912 3256 1199 3308 vestitores
1231 3255 1456 3315 intrant,
1495 3263 1568 3315 et,
1596 3254 1772 3306 tunica
1798 3255 1896 3323 ipsi
1928 3264 2113 3318 exuta,
2156 3256 2330 3308 disce-

752 3340 908 3398 dunt.
966 3346 1264 3412 Imperator
1317 3360 1612 3414 egressus,
1664 3347 1914 3413 pretiosa:
1971 3361 2168 3400 mensae
2221 3364 2331 3402 sua:

752 3455 877 3494 cum
929 3440 1140 3499 amicis.
1174 3453 1312 3506 quos
1355 3438 1420 3489 ad
1459 3437 1766 3490 convivium
1815 3439 2046 3504 vocavit,
2084 3439 2281 3492 assidet
2314 3456 2326 3491 :

756 3536 1046 3596 postquam
1081 3541 1210 3581 vero
1242 3527 1481 3580 surrexit
1514 3537 1566 3580 et
1597 3527 1868 3595 paulisper
1898 3531 2120 3596 quievit,
2161 3530 2331 3584 donec

754 3620 939 3672 omnia
975 3617 1040 3670 ad
1072 3627 1349 3670 certamen
1379 3627 1568 3686 parata
1589 3618 1718 3681 sint,
1745 3629 2043 3685 exspectat.
2075 3618 2332 3675 Veniente

754 3711 1140 3767 cerimoniario
1162 3720 1214 3764 et
1247 3711 1534 3778 praeposito
1562 3711 1854 3774 indicante,
1884 3713 2063 3764 omnia
2095 3713 2206 3780 jam
2240 3728 2332 3780 pa-

757 3814 874 3856 rata
903 3817 1047 3864 esse,
1078 3802 1400 3870 pra-positus
1430 3803 1812 3869 imperatorem
1851 3801 1916 3854 de
1940 3817 2004 3856 eo
2041 3805 2330 3859 certiorem

757 3897 908 3960 facit,
947 3897 1038 3965 qui
1067 3911 1162 3962 per
1206 3897 1472 3965 lapideam
1511 3898 1709 3951 scalam
1743 3899 1808 3951 ad
1853 3901 2159 3956 cubiculum
2193 3904 2328 3967 abit,

759 3989 1051 4059 tunicaque
1081 4000 1134 4044 et
1162 4004 1362 4043 corona
1415 4005 1512 4058 pro
1541 4005 1688 4044 more
1723 3992 1984 4046 induitur.
2034 3995 2271 4064 Stipatus
2302 4013 2331 4050 a

757 4083 993 4137 cubiculi
1052 4081 1349 4152 prarfeclis,
1385 4095 1788 4152 perangustum
1833 4086 2123 4140 triclinium
2172 4088 2331 4157 202

757 4175 824 4229 ad
880 4190 1162 4241 magnum,
1197 4176 1250 4228 in
1277 4190 1383 4244 quo
1429 4190 1494 4230 eo
1536 4178 1622 4228 die
1649 4176 1818 4240 epuhn
1860 4173 2241 4242 instituuntur,
2273 4194 2334 4233 se

756 4265 992 4332 confert,
1025 4277 1079 4320 et
1109 4267 1178 4320 ibi
1206 4280 1328 4320 cum
1369 4267 1894 4336 prazfectis’cubiculi
1919 4279 2091 4332 stans,
2121 4284 2332 4338 praepo-

755 4357 884 4419 sito,
923 4357 967 4409 is
1001 4356 1250 4419 ostiario,
1307 4357 1518 4426 signum
1571 4359 1688 4419 dat.
1748 4360 1961 4427 patricii
2011 4369 2065 4415 et
2106 4362 2331 4431 strategi

755 4446 1120 4510 adducuntur,
1153 4456 1208 4501 et
1258 4457 1544 4516 postquam
1592 4450 1972 4517 imperatorem
2014 4452 2331 4516 adorarunt,

756 4537 1080 4606 prmpositus
1130 4539 1261 4593 dicit

755 4645 880 4683 cum
930 4640 1119 4684 senatu
1171 4630 1316 4684 foras
1383 4632 1693 4701 progressi,
1757 4633 1824 4686 ab
1890 4643 2118 4703 utraque
2176 4645 2331 4703 parte

759 4730 938 4776 astant
971 4723 1341 4790 :imperatore
1369 4738 1502 4778 vero
1543 4724 1596 4777 in
1648 4733 1802 4792 porta
1842 4727 2159 4787 constituto.
2203 4725 2330 4779 dicti

758 4827 950 4867 omnes
967 4827 1026 4867 se
1053 4822 1421 4882 prosternunt,
1445 4822 1499 4867 et
1530 4823 1816 4882 postquam
1848 4828 2154 4878 surrexere,
2190 4829 2328 4881 prac-

759 4901 967 4970 positus
995 4917 1024 4955 a
1054 4903 1309 4956 mandato
1327 4903 1706 4957 cerimoniario
1729 4903 1936 4970 signum
1960 4904 2052 4956 dat
2075 4913 2128 4958 et
2158 4903 2289 4957 dicit
2313 4921 2327 4959 :

765 5009 783 5041 ι
819 4990 1046 5057 Jubete;
1073 5011 1092 5043 ι
1129 4994 1228 5062 ipsi
1265 4994 1428 5048 multa
1456 4995 1702 5063 bonaque
1745 5004 1987 5063 tempora
2024 5010 2330 5065 apprecan-

759 5095 868 5137 llll‘.

2502 2708 2580 2763 E'.
2659 2707 2718 2761 '0
2774 2706 2832 2760 δὲ
2887 2706 3176 2776 βασιλεὺς,
3233 2706 3308 2768 ὡς
3363 2705 3704 2777 προείρηται,
3765 2704 4003 2766 ἀναστας

2433 2801 2539 2852 ἀπὸ
2569 2797 2662 2852 τοῦ
2694 2781 2916 2859 σέντζου
2949 2798 3042 2849 καὶ
3075 2796 3503 2866 δηριγευόμενος
3539 2794 3642 2846 ὑπὸ
3673 2793 3782 2844 τῶν
3805 2795 4002 2862 ἀρχόν-

2431 2907 2539 2940 των
2562 2888 2655 2941 τοῦ
2683 2887 3088 2950 κουδουκλείου,
3137 2886 3411 2955 διέρχεται
3447 2885 3608 2952 μέσον
3640 2885 3747 2935 τῶν
3792 2901 3853 2936 τε
3907 2900 4003 2936 πα-

2431 2981 2659 3050 τρικίων
2707 2981 2800 3033 καὶ
2855 2978 3214 3050 στρατηγῶν,
3281 2977 3530 3031 ἑστώτων
3578 2977 3757 3028 αὐτῶν
3815 2978 3874 3027 ἐν
3930 2977 4001 3035 τῷ

2433 3072 2716 3142 τρικλίνῳ,
2764 3065 2888 3138 ὲνῷ
2931 3073 3130 3141 ἀριστᾷ
3171 3074 3236 3139 τῇ
3294 3071 3430 3139 αὐτῇ
3491 3069 3694 3137 ἡμέρα,
3746 3068 3903 3119 αὐτοὶ
3951 3068 4001 3118 δὲ

2436 3165 2832 3235 ὑπερεύχονται
2879 3165 2960 3216 τό·
3004 3183 3022 3214 ι
3059 3165 3147 3226 Ei;
3193 3163 3418 3225 πολλοὺς
3469 3162 3562 3212 καὶ
3599 3159 3832 3224 ἀγαθοὺς
3883 3160 4004 3226 χρὸν

2433 3273 2576 3314 νους.
2618 3275 2634 3304 ι
2697 3255 2806 3306 Καὶ
2843 3255 3148 3323 εἰσέρχεται
3183 3255 3239 3304 ὲν
3275 3251 3352 3321 τῷ
3398 3251 3632 3315 κοιτῶνι,
3663 3251 3919 3310 λαϐόντος
3950 3249 4004 3300 δὲ

2432 3346 2526 3399 τοῦ
2562 3346 2921 3415 πραιποσίτου
2949 3344 3008 3397 τὸ
3041 3345 3261 3413 στέμμα
3293 3344 3399 3395 ἀπὸ
3433 3343 3528 3411 τῆς
3548 3343 3788 3411 κεςαλῆς
3820 3341 4001 3403 αὑτοζ,

2435 3438 2771 3506 εἰσέρχονται
2829 3438 2876 3488 oi
2928 3436 3273 3506 βεστήτορες,

2433 3529 2672 3597 χλανίδα,
2701 3528 3033 3596 ἐξέρχονται.
3069 3527 3177 3579 Καὶ
3208 3524 3440 3590 ἐξελθὼν
3471 3525 3498 3575 ὁ
3532 3525 3806 3593 βασιλεὺς,
3874 3525 4003 3574 καθ-

3325 3436 3418 3486 κα“ι
3453 3433 3865 3498 ἀπαλλάξαντες
3909 3434 4002 3497 τὴν

2433 3621 2613 3682 έζεται
2666 3620 2756 3671 ἐπὶ
2803 3622 2901 3688 τῆς
2950 3620 3139 3688 τιμίας
3196 3619 3363 3670 αὐτοῦ
3421 3617 3702 3686 τραπέζης
3739 3618 3881 3684 μετᾶ
3917 3619 4004 3667 καὶ

2434 3711 2619 3778 φίλων,
2667 3704 2740 3761 ὧν
2775 3709 2838 3762 ἂν
2879 3710 3109 3771 κελεύει,
3153 3713 3246 3763 καὶ
3296 3709 3534 3771 ἀναστὰς
3586 3709 3694 3761 ἀπὸ
3738 3708 3832 3760 τοῦ
3875 3709 4003 3774 κλη-

2432 3805 2627 3872 τωρίου
2662 3805 2754 3856 καὶ
2793 3805 2988 3872 μικρὸν
3028 3803 3509 3871 ἀναπαυσάμενος,
3561 3803 3866 3869 ἐκδέχεται,
3917 3802 4006 3867 μέο

2434 3913 2555 3964 χρις
2586 3895 2651 3963 ἂν
2679 3896 2747 3949 τὰ
2779 3897 2952 3949 πάντα
2991 3895 3390 3964 ἑτοιμασθῶσιν
3416 3897 3470 3945 ἐν
3515 3894 3593 3962 τῷ
3625 3892 3837 3961 ἱππικῷ
3871 3892 4002 3959 (Ξΰ).

2447 3988 2718 4046 Ἐλθόντος
2749 3988 2804 4040 δὲ
2850 3988 2942 4040 τοῦ
2972 3989 3069 4054 τῆς
3099 3989 3490 4049 καταστάσεως
3528 3987 3618 4038 καὶ
3643 3987 4005 4054 γνωρίσαντος

2433 4081 2510 4149 τῷ
2565 4079 2953 4149 πραιποσίτῳ,
3025 4079 3099 4141 ὠς
3153 4081 3233 4132 δτι
3285 4079 3486 4148 ἕτοιμά
3536 4082 3648 4131 ἐστι
3712 4080 3932 4136 πάντα,
3982 4079 4008 4127 6

2435 4172 2792 4241 πραιπόσιτος
2822 4171 2974 4239 δηλοῖ
2998 4170 3075 4241 τῷ
3115 4170 3361 4240 βασιλεῖ’
3418 4172 3446 4222 ὁ
3500 4170 3556 4222 δὲ
3589 4170 3848 4237 βασιλεὺς
3880 4186 4007 4220 κατ-

2435 4264 2655 4333 έρχεται
2711 4263 2798 4315 διὰ
2851 4263 2949 4330 τῆς
2994 4261 3204 4330 λιθίνης
3288 4261 3514 4325 σκὰλας,
3562 4263 3657 4314 καὶ
3710 4262 4010 4330 εἰσέρχεται

2435 4357 2493 4407 ιν
2534 4354 2609 4423 τῷ
2665 4354 2907 4413 κοιτῶνι.
2959 4355 3051 4406 καὶ
3091 4353 3478 4421 περιϐάλλεται
3529 4354 3632 4423 τὴν
3667 4354 3892 4423 χλανίδα
3925 4355 4012 4406 καὶ

2434 4446 2496 4498 τὸ
2555 4446 2776 4515 στέμμα
2835 4444 2975 4498 κατὰ
3035 4446 3346 4512 συνήθειαν.
3417 4446 3527 4498 Καὶ
3581 4447 4009 4515 δηριγευόμενος

1320 4557 1333 4592 :
1369 4557 1388 4590 ‹
1425 4537 1634 4594 Jubete.
1678 4559 1696 4592 ι
1735 4540 1950 4596 Patricii
2009 4551 2062 4596 et
2113 4543 2326 4612 strategi

2441 4537 2546 4591 ὑπὸ
2567 4537 2676 4589 τῶν
2719 4537 2998 4606 ἀρχόντων
3042 4535 3136 4588 τοῦ
3184 4535 3570 4588 κουῦουκλείου
3627 4536 3904 4604 διέρχεται
3930 4536 4009 4588 δια

2433 4630 2528 4684 τοῦ
2558 4629 2742 4682 στενοῦ
2770 4628 3067 4698 τρικλίνου,
3121 4628 3215 4680 καὶ
3259 4627 3539 4695 ἐξέρχεται
3583 4629 3637 4679 εν
3669 4627 3747 4696 τῷ
3796 4627 4008 4696 μεγαλῳ

2434 4721 2727 4792 τρικλίνῳ,
2783 4721 2839 4772 ὲν
2895 4713 3165 4790 ᾧάριστᾷ
3212 4721 3277 4787 τῇ
3336 4719 3472 4787 αὐτῇ
3535 4719 3755 4788 ἡμέρα.
3822 4719 4005 4770 κάκεῖ-

2438 4831 2496 4865 σε
2525 4812 2694 4876 ἐστὼς
2728 4813 2844 4882 ἅμα
2868 4814 2980 4874 τοῖς
3031 4812 3256 4882 ἄρχουσι
3299 4810 3392 4864 τοῦ
3429 4810 3838 4871 κουεουκλείου,
3872 4810 4008 4862 νεύει

2437 4904 2514 4974 τῷ
2543 4903 2914 4974 πραιποσίτῳ,
2948 4904 3198 4964 κακεῖνος
3229 4901 3306 4971 τῷ
3357 4901 3637 4968 δστιαρίῳ,
3682 4901 3780 4952 καὶ
3807 4901 4010 4968 εἰσάγει

2438 4994 2761 5065 πατρικίους
2813 4995 2907 5046 καὶ
2960 4994 3322 5064 στρατηγοὺς,
3370 4991 3464 5043 καὶ
3516 4991 4010 5060 προσκυνησάντων

2440 5087 2516 5157 τῷ
2561 5086 2800 5156 βασιλεῖ,
2853 5085 2998 5152 λέγει
3044 5085 3072 5135 ὁ
3127 5081 3524 5151 πραιπόσιτος·
3588 5082 4002 5135 (Reiz-33115..

758 5177 868 5229 Kal.
916 5175 1225 5240 ἐξελθόντες
1261 5177 1363 5244 ἔξω
1392 5179 1489 5248 τῆς
1521 5178 1696 5249 πύλης
1728 5180 1783 5232 οῖ
1829 5196 1887 5232 τε
1932 5179 2206 5248 πατρίκιοι
2273 5179 2367 5231 καὶ
2411 5179 2707 5249 στρατηγοὶ
2737 5178 2850 5245 ἅμα
2907 5179 2972 5246 τῇ
3047 5175 3356 5248 συγκλήτῳ,
3411 5174 3659 5226 ἵστανται
3711 5174 3866 5225 ἐνθεν
3923 5173 4009 5223 κά-

2060 5316 2291 5370 νΑιιιΑῑ
2319 5313 2608 5369 LECTION
2621 5313 2724 5366 ES.

833 5431 874 5463 “
900 5432 1026 5493 τοὺς
1068 5430 1157 5484 πλ.
1198 5429 1285 5484 ed.
1365 5429 1411 5460 "
1450 5429 1644 5491 αὐτοὺς
1670 5429 1754 5482 ed.

1753 5539 1941 5595 JOAN.
1976 5539 2118 5595 JAC.
2150 5537 2396 5591 lilzlSlill
2427 5532 2998 5590 COMMENTARIUS.

834 5660 1114 5735 (25)_Post
1147 5662 1296 5735 hanc
1326 5676 1511 5714 vocem
1540 5669 1657 5714 erat
1684 5659 1950 5735 in_cot_lice
1989 5656 2329 5735 s_patinm,ut

765 5728 892 5786 nota
925 5728 1282 5805 distinctionis
1302 5745 1354 5805 et
1380 5730 1904 5805 novmtractationis,
1925 5739 1978 5805 et
2005 5728 2054 5779 in
2087 5728 2329 5805 margine

765 5802 1094 5872 aJscriptum
1137 5811 1254 5858 erat
1287 5803 1417 5870 Δηο,
1465 5801 1515 5855 id
1559 5812 1642 5858 est
1689 5800 1889 5870 δείλης,
1921 5800 2239 5854 observanda
2275 5800 2330 5848 in

2428 5654 2552 5705 ludo
2600 5652 2886 5717 vespertino
2943 5649 3022 5702 vel
3068 5656 3448 5716 pomeridiuno.
3504 5652 3632 5704 Nam
3693 5654 4002 5721 ltit‘l‘llmq'l".

2432 5738 2531 5776 vox
2563 5723 2740 5792 δείλης
2791 5722 2991 5790 scripta
3054 5734 3169 5775 erat
3227 5725 3278 5777 in
3331 5724 3429 5778 hoc
3487 5723 3673 5777 ςυαίιρυ
3720 5740 3814 5792 per
3852 5744 4008 5794 genu-

2432 5809 2556 5848 uttm
2589 5810 2641 5860 η.
