4150 6444
737 405 847 467 643

1744 388 2256 455 ΟΟΝΞΤΑΝΤΙΝΙ
2298 381 2979 450 PORPHYROGENITI

3907 379 4007 443 644

742 533 864 572 men
889 524 1172 582 tutumque
1203 507 1468 564 auxilium
1497 520 1683 562 eorum
1714 521 1794 570 es,
1831 505 1920 575 qui
1949 506 2012 558 ad
2051 514 2099 556 te
2128 515 2318 557 accur-

2430 499 2532 561 τοῖς
2568 495 2814 558 Βενέτοις
2857 493 3041 564 βοήθει
3068 511 3086 544 »
3123 492 3204 563 (oi
3237 492 3524 563 Πρᾶσινοι,
3560 510 3577 542 ι
3602 491 3906 561 ιιρασινοις
3932 513 3949 544 »
3972 498 4006 562 ),

741 619 886 672 runt,
912 617 1164 675 rogamus
1196 599 1446 666 Veneti,»
1476 597 1742 670 (Prasiui:
1770 615 1788 647 ι
1823 593 2119 663 Prasiui,»)
2154 590 2316 647 detur

742 701 845 754 hoc
869 699 1022 752 nobis
1053 705 1105 750 et
1139 692 1326 757 lcasio,
1361 705 1419 748 ut
1448 691 1692 746 victoriis
1726 692 1778 744 in
1803 689 2101 745 certamine
2133 685 2312 739 excel-

742 795 935 853 lrttnus,
964 798 1016 842 ιιι
1047 803 1146 842 nos
1179 788 1562 841 exhilareutur.

2430 609 2448 640 ι
2491 591 2583 642 καὶ
2645 590 2952 659 χορήγησον
2999 584 3075 656 τῷ
3108 584 3357 656 θύρανίῳ
3390 583 3458 654 (οἱ
3494 584 3754 654 Ιιρέισινοι
3858 603 3877 637 ι
3931 586 4010 656 Τῷ

2437 680 2726 752 Ὀλυμπίῳ
2772 680 2840 747 »),
2881 697 2898 729 ι
2943 678 3030 730 ἵνα
3071 678 3165 730 καὶ
3199 677 3362 731 πάλιν
3408 676 3760 748 χορεύσωμεν
3793 677 3840 710 ⁸³
3879 682 4008 749 μετὰ

2419 770 2594 837 νίκης.
2635 787 2651 818 »
2692 768 2880 829 Ἀλλος
2913 768 2993 828 εἰς
3023 766 3085 818 τὺ
3112 766 3323 819 λευκόν·
3365 785 3385 817 ι
3433 767 3516 827 Ὡς
3561 769 3803 837 κραταιὰ
3839 769 4008 836 σκέπη

741 884 772 950 ἡ
810 882 1090 943 θεοτόκος,
1123 879 1214 932 καὶ
1265 875 1550 945 ἀντίληψις
1589 875 1781 946 βεϐαία
1811 874 1918 926 τῶν
1988 873 2068 933 εἰς
2147 867 2206 920 σὲ
2243 859 2711 935 προστρεχόντων,
2776 855 3102 925 ἐξαιτοῦμεν
3153 857 3203 910 οἱ
3262 857 3476 910 Βένετοι
3507 874 3524 907 »
3596 857 3664 926 (οἱ
3710 860 4007 929 Πράσινοι·

745 993 764 1026 ι
803 974 1064 1042 Ιιράσινοι
1100 973 1145 1040 ι)
1184 990 1200 1022 ι
1241 970 1556 1039 δωρηθῆναι
1591 971 1718 1037 ἡμῖν
1757 947 1935 1028 τούτο,
1968 965 2044 1034 τῷ
2075 957 2342 1024 Εἱκασίῳ,
2381 949 2682 1020 διαπρέπον
2706 949 2753 981 ιτ.
2789 951 2906 1012 ταῖς
2940 948 3121 1009 νίκαις
3171 950 3268 1001 σὺν
3334 947 3483 1019 αὖτῷ
3531 951 3609 1012 εἰς
3676 950 3770 1002 τὸν
3827 949 4010 1018 ἀγῶνι

739 1074 834 1126 καὶ
855 1073 1001 1142 ἡμᾶς
1027 1065 1420 1139 εὐφρανθῆναι.
1449 1084 1466 1116 »

1305 1178 1531 1234 CAPUT
1571 1177 1758 1233 LXXI.
1855 1195 1857 1197 ·

910 1298 1064 1353 Ritus
1096 1297 1150 1350 in
1184 1295 1463 1365 {aculariw
1496 1291 1839 1348 celebratione
1877 1287 2156 1342 solemnes.

811 1448 852 1503 l.
882 1446 1107 1516 Vesperi
1158 1445 1276 1500 dua!
1307 1442 1575 1498 factiones
1619 1455 1742 1496 cum
1791 1437 2003 1492 facibus
2051 1446 2318 1491 secretam

739 1541 977 1611 phialam
1025 1537 1286 1593 triconchi
1328 1536 1557 1599 intrant,
1600 1543 1655 1587 et
1699 1532 1985 1594 facularia,
2017 1540 2076 1583 ut
2101 1537 2316 1591 vocant,

740 1612 1067 1695 instituitur,
1094 1643 1232 1698 aque
1260 1627 1583 1682 saltantibus
1607 1625 1932 1692 apelaticum
1960 1623 2078 1688 toni
2106 1621 2215 1676 obl.
2252 1620 2316 1675 IV

739 1725 952 1779 canitur
986 1739 998 1774 :
1039 1739 1057 1771 ι
1088 1719 1487 1774 Corroboretur
1517 1733 1710 1771 manus
1746 1725 1860 1781 tua,
1886 1701 2159 1769 exalte'tur
2188 1712 2322 1766 dex-

3034 1151 3286 1206 ΚΕΦΛΛ.
3324 1153 3446 1207 οΔ’.

2536 1269 2696 1321 Ὀσα
2727 1265 2824 1320 δεῖ
2849 1264 3362 1337 παραφυλάττειν.
3404 1265 3516 1334 τῆς
3556 1267 3908 1337 φακλαρέας

3021 1336 3416 1405 τελουμένης.

2503 1429 2579 1483 A'.
2611 1429 2804 1500 Δείλης
2837 1426 3178 1498 εἰσέρχονται
3202 1429 3271 1482 τὰ
3295 1429 3388 1481 δύο
3410 1430 3554 1500 μέρη
3579 1432 3635 1484 ὲν
3665 1433 3732 1502 τῇ
3766 1435 4007 1503 μυστικῇ

2426 1516 2596 1589 φιάλῃ
2632 1516 2728 1569 τοῦ
2760 1516 3052 1587 τρικόγχου
3089 1517 3229 1585 μετὰ
3265 1519 3527 1587 φατλίων,
3579 1521 3676 1572 καὶ
3726 1523 3942 1590 γίνεται
3978 1528 4005 1593 ἡ

2425 1606 2694 1677 λεγομένη
2742 1607 3072 1678 φακλαρέα,
3127 1609 3222 1661 καὶ
3272 1609 3490 1678 λέγουσι
3539 1611 3630 1665 τὸν
3679 1615 4009 1667 ἁπελατικὺν

2421 1700 2745 1770 χορεύοντες
2789 1698 2880 1769 ἧχ.
2913 1716 2973 1754 π.
3017 1699 3080 1752 δ”
3140 1719 3159 1752 ι
3189 1700 3670 1774 Κραταιωθήτωὴ
3721 1704 3843 1776 χείρ
3895 1723 4007 1768 σου.

743 1827 822 1868 tra
862 1822 972 1878 tua,
1001 1809 1069 1864 N.
1097 1809 1424 1881 imperator!
1452 1807 1593 1862 Ecce
1623 1808 1766 1861 enim
1792 1807 1921 1860 urbs
1948 1815 2037 1858 tua
2068 1813 2118 1858 te
2147 1803 2317 1871 ipsius

2430 1792 2692 1864 ὑψωθήτω
2740 1791 2952 1861 ὴδεξιά
3006 1809 3124 1860 σου,
3158 1794 3187 1846 6
3230 1794 3380 1874 δεῖνα
3421 1797 3802 1868 αὐτοκράτωρ.
3875 1797 4007 1852 Ἰδοὺ

739 1915 1012 1959 amantem
1034 1903 1297 1966 intuetur,
1329 1899 1605 1970 praeclaris
1631 1896 1966 1952 facinoribus
1996 1897 2102 1950 tuis
2126 1904 2316 1950 contra

741 2001 927 2053 hostes
977 2003 1292 2061 renovatur,
1329 1997 1492 2063 inque
1525 1991 1706 2047 medio
1741 1990 1969 2059 imperio
2023 1989 2197 2059 gratia
2234 2003 2320 2042 re-

739 2098 888 2160 gnat,
910 2088 1169 2158 quoniam
1203 2083 1606 2141 administratio
1635 2093 1748 2148 tua,
1777 2082 1906 2135 urbs
1934 2082 2113 2150 magni
2146 2080 2319 2150 impe-

740 2181 959 2242 ratoris,
1004 2188 1294 2246 conspecta
1341 2186 1448 2240 est,
1503 2173 1717 2243 quando
1769 2187 1918 2226 arma
1975 2174 2170 2224 robore
2229 2181 2319 2225 tuo

739 2283 1048 2335 armantur,
1082 2271 1373 2337 hostesque
1405 2268 1530 2321 odio
1564 2265 1704 2335 ejus,
1732 2265 1821 2335 qui
1847 2274 1898 2318 te
1927 2263 2089 2317 natali
2113 2265 2319 2318 honore
2360 2290 2364 2294 ι

739 2365 893 2419 urbis
927 2375 1030 2418 tua!
1072 2361 1381 2423 coronavit,
1435 2361 1746 2430 cinguntur.
1791 2376 1810 2409 »
1861 2357 2059 2410 Deinde
2088 2357 2154 2409 ad
2189 2354 2319 2409 sub-

739 2457 893 2511 sellia
931 2469 989 2509 se
1022 2455 1310 2522 recipiunt,
1348 2465 1411 2506 ac
1460 2448 1690 2521 singulis
1724 2449 1779 2503 in
1813 2447 1929 2502 loco
1965 2462 2065 2502 suo
2108 2447 2318 2501 eonsti-

739 2547 895 2612 tutis,
927 2557 1183 2602 cantores
1214 2545 1376 2600 verba
1407 2544 1650 2598 solennia
1684 2542 1952 2597 recitant:
1988 2559 2006 2592 ι
2042 2541 2317 2596 Auxilium

741 2640 1127 2695 Dominoruml
1174 2657 1192 2690 »
1244 2637 1470 2708 populus
1508 2653 1521 2690 :
1571 2653 1591 2687 ι
1650 2633 1730 2689 Tu
1775 2649 1835 2689 es
1869 2634 2043 2688 Deus!
2085 2652 2102 2682 »
2156 2630 2320 2702 204

738 2733 1007 2788 Cantores
1041 2750 1054 2785 :
1086 2750 1105 2784 ι
1141 2731 1221 2784 Τυ
1252 2731 1396 2801 ipsos
1424 2744 1618 2794 serva;
1648 2747 1667 2780 »
1705 2727 1931 2797 populus
1967 2745 1978 2779 :
2019 2744 2036 2777 ι
2081 2725 2180 2791 Ita,
2217 2727 2320 2779 Do-

741 2827 905 2880 mine.
933 2843 950 2877 »
983 2825 1244 2879 Cantores
1275 2842 1288 2878 :
1327 2841 1345 2873 ι
1376 2821 1650 2875 Auxilium
1674 2821 2079 2889 Augustarum!
2111 2838 2128 2870 »
2152 2835 2320 2888 popu-

740 2917 825 2971 lns
857 2935 870 2969 :
907 2936 924 2968 ι
962 2917 1101 2969 Deus
1154 2931 1236 2970 es.
1277 2933 1296 2965 »
1333 2913 1637 2967 Cantores:
1676 2929 1694 2963 ι
1733 2909 1815 2963 Τυ
1863 2910 2010 2978 ipsos
2043 2922 2234 2970 εει-κίεις
2296 2925 2314 2958 »

742 3003 1003 3074 populus:
1028 3020 1045 3053 ι
1079 3001 1176 3067 Ita,
1211 3000 1471 3054 Domine!
1506 3019 1524 3052 »
1554 2997 1818 3053 Cantores
1845 3015 1858 3052 :
1883 3015 1900 3047 ι
1934 2997 2034 3060 Tn,
2066 2997 2156 3065 qui
2189 2995 2322 3050 Por-

744 3096 1132 3170 phyrogenitos
1187 3094 1450 3162 atljuvas;
1503 3110 1520 3143 »
1562 3091 1790 3161 populus
1847 3106 1864 3145 :
1907 3107 1926 3141 ι
1986 3090 2127 3144 Deus
2158 3103 2233 3142 es.
2297 3105 2315 3138 »

2421 1893 2551 1963 γὰρ,
2583 1892 2616 1963 ἡ
2663 1890 2816 1954 πόλις
2859 1906 2951 1942 σου
2985 1888 3268 1959 φιλόπολιν
3293 1889 3482 1958 βλέπει
3533 1905 3590 1942 σε
3631 1889 3887 1959 βασιλέα,¹
3913 1892 4007 1943 καὶ

2422 1988 2545 2047 ταῖς
2581 1985 2702 2047 σαῖς
2745 1981 3126 2050 ὲγκαινίζεται
3175 1981 3300 2034 κατ’
3338 1981 3551 2052 ἐχθρῶν
3595 1981 4006 2052 ἀνδραγαθίαις,

2421 2075 2518 2129 καὶ
2554 2075 2900 2128 πολιτεύεται
2930 2076 3091 2145 χάρις
3137 2076 3197 2127 ὲν
3237 2075 3390 2144 μέσῳ
3425 2074 3523 2144 τῆς
3575 2074 3878 2144 βασιλείας,
3928 2077 4005 2129 ὅτι

2420 2169 2580 2240 ὤφθη
2628 2168 2694 2222 τὸ
2727 2167 3028 2236 πολίτευμά
3079 2185 3197 2232 σου,
3230 2167 3383 2232 πόλις
3421 2166 3516 2220 τοῦ
3564 2170 3798 2238 μεγάλου
3850 2169 4006 2238 βασι-

2420 2263 2597 2328 λέως,
2649 2261 2774 2315 ὅθεν
2820 2260 3241 2324 καθοπλίζονται
3274 2261 3344 2314 τὰ
3386 2260 3527 2315 ὅπλα
3569 2278 3662 2314 σου
3699 2261 4007 2332 δυναστείᾳ,

2420 2358 2517 2410 καὶ
2544 2355 2960 2428 περιϐάλλονται
3003 2355 3191 2426 ἐχθροὶ
3219 2355 3318 2425 τὴν
3348 2354 3548 2425 ἔχθραν
3589 2355 3682 2408 τοῦ
3715 2356 4008 2422 στέψαντός

2425 2465 2484 2502 σε
2542 2450 2610 2518 τῇ
2667 2448 2927 2518 γενεθλίῳ
2963 2447 3089 2518 δόξῃ
3116 2447 3216 2516 τῆς
3265 2446 3474 2510 πόλεώς
3520 2464 3634 2501 σου.
3667 2468 3685 2500 »
3731 2448 3840 2500 Καὶ
3878 2447 4012 2518 μετὰ

2421 2541 2597 2594 ταῦτα
2628 2540 2948 2610 ἅνέρχονται
2979 2541 3059 2603 εἰς
3090 2540 3158 2594 τὰ
3190 2539 3384 2610 βάθρα,
3422 2539 3515 2593 καὶ
3545 2541 3837 2611 ἱσταμένου
3885 2541 4010 2593 ἑκά·

2428 2651 2554 2688 στου
2618 2636 2697 2696 εἰς
2748 2633 2810 2686 τὸ
2837 2632 2968 2685 [διον
3023 2631 3210 2702 μέρος,
3255 2632 3509 2700 λέγουσιν
3553 2633 3602 2685 οἱ
3641 2634 3888 2701 κράκται
3916 2633 4009 2701 τὴν

2423 2727 2774 2797 ἀνευφημίαν
2793 2741 2808 2756 '
2866 2743 2884 2776 ε
2927 2725 2987 2778 Ὀ
3025 2725 3235 2795 βοηθῶν
3265 2726 3391 2787 τοὺς
3416 2725 3706 2788 δεσπότας·
3736 2743 3754 2776 »
3787 2727 3814 2778 6
3837 2724 3974 2785 λαός
3996 2741 4007 2756 ·

2430 2811 2563 2880 (Εἷς
2619 2820 2647 2870 6
2678 2816 2831 2879 656;.
2862 2834 2880 2867 »
2927 2817 2990 2869 Ol
3029 2817 3289 2883 κράκταιο
3330 2834 3347 2867 ι
3374 2817 3448 2868 Σὺ
3498 2816 3697 2879 αὐτοὺς
3760 2816 3956 2868 σῶσον·
3987 2834 4003 2865 »

2423 2908 2451 2961 6
2479 2907 2612 2971 λαός
2637 2925 2650 2938 ·
2688 2926 2706 2960 ι
2735 2909 2865 2972 Ναὶ,
2893 2909 3090 2979 Κύριε.
3124 2927 3143 2960 »
3195 2907 3258 2959 οι
3294 2908 3567 2978 κρακται·
3626 2926 3645 2958 ι
3687 2907 3746 2960 '0
3803 2907 4010 2978 βοηθῶ-ι

2423 3005 2543 3065 ταῖς
2579 3001 2941 3070 Αὐγούσταις·
2977 3019 2996 3052 »
3038 3003 3066 3053 6
3105 2999 3259 3063 λαόςο
3297 3018 3316 3050 ι
3345 2996 3438 3060 Εἷς
3464 3002 3492 3052 6
3524 3000 3679 3062 656;.
3710 3019 3729 3052 »
3761 3001 3826 3052 ΟΞ
3878 3001 4009 3069 κράα-

2426 3111 2574 3148 κται·
2615 3112 2633 3145 ι
2665 3094 2735 3146 Σὺ
2789 3093 2958 3155 αὐτὰς
2992 3091 3185 3144 σῶσον·
3214 3110 3234 3143 »
3278 3091 3307 3143 6
3342 3091 3504 3154 λαός’
3544 3109 3562 3144 ι
3590 3092 3718 3158 Ναὶ,
3756 3093 3952 3162 Κύριε,
3988 3111 4004 3142 »

741 3189 1006 3246 Cantores
1036 3207 1049 3242 :
1090 3207 1107 3240 ι
1138 3187 1215 3240 Tu
1247 3189 1390 3256 ipsos
1419 3201 1612 3249 serva;
1651 3202 1668 3235 »
1702 3183 1930 3254 populus
1961 3201 1973 3236 :
2017 3201 2036 3234 ι
2081 3181 2183 3247 Ita,
2219 3180 2317 3234 Do.

2430 3186 2491 3238 υἱ
2532 3185 2806 3255 κράκται*
2855 3203 2873 3235 ι
2913 3183 2970 3235 '0
2998 3182 3207 3253 βοηθῶν
3235 3183 3346 3246 τοῖς
3396 3185 3929 3253 πορφυρογεννήτοις
3950 3201 3961 3212 ·
3989 3203 4006 3234 »

747 3281 919 3334 mine!
953 3297 972 3330 »
1000 3279 1264 3332 Cantores
1298 3295 1309 3330 :
1353 3294 1369 3326 ι
1407 3275 1506 3341 Qui
1539 3275 1726 3328 urbem
1759 3275 1958 3343 juvas;
2000 3293 2018 3324 »
2053 3273 2279 3341 pupulus
2312 3290 2324 3325 :

749 3390 770 3424 ι
804 3371 945 3425 Deus
967 3371 1054 3424 es!
1103 3389 1120 3421 »
1155 3369 1458 3422 Cantores:
1491 3387 1508 3420 ‹
1547 3367 1626 3421 Tu
1653 3367 1826 3436 ipsam
1860 3381 2057 3430 serva;
2098 3383 2118 3417 »
2153 3381 2328 3434 popu-

746 3460 829 3514 lus
867 3478 882 3514 :
920 3478 938 3510 ι
975 3458 1072 3524 Ita,
1109 3456 1369 3510 Domine!
1415 3475 1433 3506 »
1468 3454 1733 3509 Cantores
1775 3471 1790 3507 :
1828 3472 1846 3504 ι
1888 3452 1988 3520 Qui
2017 3452 2327 3522 praelecmm

742 3554 936 3621 juvas;
974 3569 992 3602 »
1029 3550 1258 3618 populus
1291 3567 1306 3604 :
1345 3567 1364 3600 ι
1398 3549 1540 3602 Deus
1565 3549 1659 3602 es!
1699 3565 1716 3598 »
1745 3545 2009 3600 Cantores
2044 3563 2056 3600 :
2103 3564 2120 3597 ι
2152 3544 2231 3597 Ἰύ
2257 3545 2330 3613 ip—

747 3658 866 3698 sum
901 3641 1090 3695 serva!
1133 3659 1151 3690 »
1183 3638 1411 3710 populus
1439 3656 1452 3692 :
1489 3656 1506 3689 ι
1538 3637 1636 3700 Ita,
1677 3636 1934 3690 Domine!
1963 3653 1982 3686 »
2015 3633 2278 3689 Cantores
2312 3653 2325 3688 :

753 3755 770 3786 ι
802 3733 902 3800 Qui
937 3730 1197 3786 Uraniutn
1247 3731 1510 3799 adjuvas;
1552 3747 1570 3780 »
1610 3728 1842 3798 populus
1886 3743 1900 3780 :
1948 3745 1965 3778 ι
2011 3725 2152 3780 Deus
2177 3727 2266 3779 es!
2304 3743 2322 3777 »

747 3826 1011 3880 Cantores
1044 3840 1057 3878 :
1093 3839 1111 3873 ι
1151 3821 1231 3876 Tu
1257 3822 1430 3889 ipsum
1464 3835 1618 3873 serva
1644 3836 1658 3885 ;
1688 3837 1704 3869 »
1734 3818 2004 3887 populus:
2039 3837 2056 3867 ‹
2096 3817 2192 3880 Ita,
2226 3814 2330 3869 Do-

750 3917 928 3970 tuine!
969 3933 986 3966 »
1024 3913 1258 3983 (Prasini
1296 3930 1309 3966 :
1356 3931 1374 3963 ι
1412 3912 1516 3979 Qui
1549 3911 1879 3981 Olympium.
1925 3913 1971 3974 »)
2010 3909 2276 3962 Cantores
2310 3926 2323 3960 :

755 4025 772 4056 ι
801 4006 899 4071 Qui
931 4003 1211 4057 l’rasinum
1237 4001 1495 4071 adjuvas;
1534 4021 1552 4054 »
1600 4002 1835 4073 (Prasiui
1867 4018 1878 4053 :
1919 4019 1937 4051 ι
1970 3998 2071 4065 Qui
2099 3998 2327 4052 Auatel-

753 4095 985 4159 Iunlcm;
1030 4092 1076 4162 »)
1118 4091 1341 4160 pOpIIlus
1378 4107 1391 4143 :
1430 4110 1447 4141 ι
1485 4090 1625 4143 Deus
1657 4104 1734 4143 es.
1775 4108 1792 4139 »
1832 4090 2137 4143 Cantores:
2179 4104 2197 4138 ε
2246 4086 2345 4142 Tu‘

752 4189 925 4255 ipsum
947 4185 1138 4241 serva!
1172 4203 1189 4236 »
1225 4183 1494 4254 populus:
1537 4201 1554 4233 ι
1591 4182 1692 4247 Ita,
1715 4181 2004 4236 Domine!»

821 4453 886 4508 ll.
921 4453 1123 4508 Deinde
1149 4453 1287 4507 alius
1314 4460 1507 4507 cantor
1529 4453 1806 4523 ingressus
1839 4453 1998 4506 verba
2028 4468 2149 4506 cum
2177 4462 2330 4506 ante.

2431 3279 2460 3331 6
2488 3277 2611 3340 λαός
2636 3293 2649 3308 ο
2689 3294 2706 3327 ι
2735 3271 2827 3337 Εἷς
2859 3277 2886 3328 6
2919 3275 3104 3338 656;.»
3135 3276 3196 3327 Οῑ
3231 3273 3468 3344 κράκται
3497 3290 3511 3305 ο
3553 3275 3652 3328 «Σὺ
3681 3275 3880 3337 αὐτοὺς
3915 3277 4014 3326 σιτι-

2434 3386 2525 3422 σον
2544 3386 2558 3402 ·
2592 3389 2611 3421 »
2643 3371 2672 3422 6
2705 3368 2833 3431 λαός
2858 3384 2872 3397 ·
2907 3387 2924 3419 ι
2950 3366 3081 3429 Ναὶ,
3106 3367 3333 3436 Κύριε.»
3361 3369 3422 3418 Ol
3453 3368 3688 3434 κράχται
3709 3383 3723 3396 ·
3765 3387 3781 3418 ι
3808 3365 3866 3419 ὐ
3891 3366 4014 3435 βοη-

2433 3461 2542 3513 θῶν
2571 3462 2637 3529 τῇ
2667 3459 2854 3511 πόλειο
2890 3475 2908 3508 »
2946 3459 2974 3510 6
3011 3457 3158 3519 λαός’
3201 3475 3220 3508 ι
3257 3454 3351 3518 Εἷς
3382 3457 3410 3508 6
3435 3455 3622 3518 656;.»
3659 3457 3722 3508 Ol
3755 3457 4014 3526 xpa'txtzt'

2439 3552 2538 3605 «Σὺ
2561 3552 2733 3621 αὐτὴν
2766 3550 2938 3603 σῶσον
2963 3564 2979 3581 ⁸
3011 3569 3030 3601 »
3060 3550 3087 3602 6
3115 3548 3264 3610 λαός·
3303 3567 3321 3599 ι
3352 3548 3481 3613 Nai,
3510 3549 3738 3617 Κύριε.»
3777 3550 3839 3600 ΟΞ
3879 3550 4017 3619 κράο

2433 3659 2556 3695 κται
2581 3658 2595 3674 ⁸
2633 3644 2733 3694 (Ὀ
2765 3641 2976 3712 βοηθῶν
3027 3639 3104 3710 τῷ
3153 3640 3380 3710 ἐπάρχῳ
3410 3655 3424 3670 ’
3453 3657 3470 3690 »
3507 3640 3534 3690 6
3575 3640 3736 3703 λαός·
3778 3660 3796 3691 ι
3850 3638 3941 3700 Ei;
3993 3644 4018 3689 6

2431 3734 2585 3797 656;.
2623 3753 2642 3786 »
2683 3735 2744 3786 Oi.
2774 3735 3011 3802 κραγέται
3036 3748 3049 3762 ·
3092 3750 3111 3782 ‹
3138 3732 3209 3783 Σὺ
3240 3732 3403 3784 αὑτὸν
3431 3730 3604 3784 σῶσον
3636 3732 3682 3762 ⁸³
3710 3748 3752 3782 '»
3808 3733 3836 3783 6
3869 3731 4017 3792 λαός

2439 3826 2600 3891 «Ναὶ,
2643 3825 2868 3894 Κύριε.»
2924 3827 2987 3877 Ol
3016 3824 3276 3894 κράκταιο
3334 3823 3433 3875 (⁸0
3469 3823 3681 3891 βοηθῶν
3721 3825 3802 3892 τῷ
3838 3825 4019 3893 039:—

2432 3914 2558 3985 νίῳ»
2588 3915 2659 3984 (οἱ
2688 3914 2965 3984 Πράσινοιο
3005 3931 3022 3963 ι
3051 3912 3142 3982 Τῷ
3183 3912 3548 3981 Ὀλυμπίῳ»)ο
3587 3915 3613 3965 6
3653 3913 3801 3972 λαός·
3843 3911 3962 3975 «Εἷς
3997 3917 4021 3965 6

2431 4007 2617 4068 656;.»
2643 4007 2704 4059 Οἱ
2737 4007 2998 4074 κρὰκταιο
3035 4005 3136 4057 «Σὺ
3170 4002 3332 4056 αὑτὸν
3356 4003 3578 4055 σῶσονθι
3605 4006 3632 4055 6
3660 4004 3812 4066 λαόςσ
3842 4025 3857 4051 ς
3891 4005 4022 4068 και,

2433 4098 2628 4168 Κύριε.
2697 4117 2714 4149 »
2751 4099 2814 4151 (li
2861 4097 3135 4166 κράκται·
3182 4113 3200 4146 ι
3255 4095 3314 4146 Ὀ
3347 4093 3557 4165 βοηθῶν
3600 4093 3676 4164 τῷ
3716 4097 3962 4165 Εἰκασὶῳ
4001 4117 4015 4145 »

2433 4190 2504 4259 (οἱ
2557 4189 2840 4258 Πράσινοιο
2888 4207 2905 4238 ι
2956 4188 3047 4258 Τῷ
3089 4185 3546 4254 ’Δνατέλλοντιι)’
3581 4187 3608 4238 6
3633 4186 3763 4250 λαός
3793 4204 3805 4217 ·
3843 4185 3968 4249 ιΕῐς
4000 4191 4024 4238 6

2431 4281 2618 4341 656;.»
2654 4282 2716 4333 Ol
2743 4280 2999 4349 κρὰκται·
3032 4280 3134 4331 «Σὺ
3172 4277 3334 4330 αὐτὸν
3364 4278 3588 4330 σῶσονη
3623 4280 3650 4330 6
3672 4277 3825 4341 λαός·
3851 4298 3868 4330 ι
3892 4279 4022 4345 Nai,

2432 4374 2665 4442 Κύριε.»

2510 4463 2586 4518 B’.
2639 4458 2772 4516 Εἶτα
2827 4462 3136 4532 εἰσέρχεται
3192 4461 3380 4529 ἔτερος
3437 4459 3686 4529 κράκτης
3719 4460 3816 4512 καὶ
3874 4461 4026 4528 λέγει

749 4547 1065 4603 cedentibus
1114 4547 1488 4617 conjungenda
1541 4547 1776 4601 recitat:
1835 4564 1854 4597 ι
1906 4544 2007 4611 Qui
2050 4544 2324 4610 Dominos,

2433 4557 2533 4626 τὴν
2574 4557 2871 4624 συνάφειαν
2897 4570 2910 4583 ·
2946 4521 3069 4605 ἰῃ⁹υ
3114 4521 3325 4622 βοηθῶν
3365 4521 3499 4613 τοὺς
3545 4521 3852 4615 δεσπότας,
3904 4521 4025 4614 ταῖς

752 4643 1043 4710 Augustas,
1113 4638 1636 4709 Porphyrogenitos,
1707 4643 1920 4701 urbem,
1976 4638 2325 4708 praefectum,

759 4733 1039 4796 Uranium,
1071 4730 1305 4800 (Prasini
1339 4749 1353 4786 :
1393 4749 1411 4782 ι
1450 4730 1778 4801 Olympium,
1814 4730 1862 4799 »)
1889 4729 2144 4794 lcasium,
2178 4728 2330 4799 (Pra-

754 4827 856 4881 sini
885 4846 898 4881 :
935 4845 953 4876 ι
977 4825 1459 4893 Anatellontem,»)
1484 4823 1740 4891 adiuvas;
1787 4843 1807 4876 »
1834 4823 2062 4893 populus
2091 4841 2104 4878 :
2142 4842 2160 4875 (
2189 4823 2329 4878 Deus

751 4934 830 4973 es.
860 4918 1165 4973 »Cantorcs
1206 4936 1218 4971 :
1255 4935 1274 4968 ι
1309 4915 1388 4970 Tu
1409 4917 1556 4987 ipsos
1583 4932 1771 4982 serva;
1815 4935 1833 4969 »
1869 4917 2138 4986 pepulus:
2173 4933 2191 4968 ι
2227 4915 2326 4980 Ita,

757 5011 1001 5065 Domine.
1046 5028 1064 5060 »
1105 5008 1372 5063 Cantores
1407 5027 1420 5063 :
1463 5026 1480 5058 ι
1538 5007 1606 5063 Ν.
1643 5007 1709 5062 Ν.
1766 5023 2085 5077 magnorum
2123 5007 2330 5076 princi-

753 5117 879 5172 pum
911 5111 966 5156 et
995 5100 1420 5168 imperatorum!
1483 5119 1502 5153 »
1559 5099 1835 5169 populus:
1877 5117 1897 5151 ι
1951 5098 2198 5164 Domine,
2238 5115 2332 5153 eos

757 5196 971 5264 adjuva.
1005 5212 1024 5246 »
1053 5191 1256 5246 Deinde
1281 5192 1419 5247 alius
1444 5203 1636 5247 cantor
1662 5193 1847 5258 intrat,
1871 5193 2061 5247 dicens
2088 5211 2100 5247 :
2127 5212 2144 5244 ι
2177 5193 2333 5247 Sem-

757 5301 874 5356 per,
893 5299 1126 5354 semper.
1167 5302 1185 5335 »
1213 5282 1480 5340 Cantores
1511 5303 1525 5338 :
1557 5301 1576 5335 ι
1606 5283 1867 5352 Superior
1891 5284 1965 5339 sis
1990 5292 2045 5339 et
2068 5285 2270 5338 victor!
2307 5304 2326 5337 »

757 5377 984 5448 pOpulus
1025 5397 1040 5431 ι
1091 5394 1110 5428 ι
1157 5376 1446 5447 Perpetuo,
1481 5377 1882 5432 oclarissimel
1935 5395 1954 5429 »
2009 5377 2271 5432 Cantores
2314 5394 2327 5431 :

763 5487 782 5520 ι
826 5467 1047 5534 Sancte,
1083 5478 1164 5523 ter
1196 5478 1403 5534 sancte,
1453 5469 1682 5524 victoria
1724 5467 1973 5524 Venetae!
2033 5467 2267 5537 (Prasiui
2316 5486 2330 5522 :

763 5579 782 5612 ι
817 5557 1076 5615 Prasiuae.
1109 5560 1156 5626 »)
1190 5558 1452 5615 Cantores
1489 5576 1503 5613 :
1545 5577 1564 5610 ι
1624 5559 1845 5614 Domina
1878 5558 2142 5626 Deipara;
2183 5576 2202 5611 »
2238 5573 2334 5629 po-

2441 4646 2798 4716 Αὐγούσταις,
2842 4647 2954 4708 τοῖς
2990 4643 3542 4715 πορςυρογεννήτοις,
3595 4646 3660 4714 τῇ
3713 4645 3890 4708 πόλει,
3949 4646 4024 4712 τῷ

2435 4741 2685 4810 ἐπάρχῳ,
2735 4738 2812 4810 τῷ
2868 4737 3116 4806 Οὐρανεῳ
3151 4756 3169 4788 »
3209 4737 3281 4802 (oi
3309 4735 3570 4803 Πρὰσινοι
3597 4747 3610 4762 ³
3646 4736 3770 4804 (Τῷ
3827 4737 4017 4806 Ὀλυμ-

2435 4833 2624 4902 πὲῳι),
2664 4830 2779 4900 (τῷ
2821 4830 3059 4897 Εξκασίῳ
3084 4847 3102 4880 »
3141 4829 3208 4896 (οἱ
3242 4828 3524 4897 Πρὰσινοι’
3571 4847 3587 4880 ι
3625 4828 3713 4896 Τῷ
3760 4831 4023 4882 Ἀνατέλ-

2437 4923 2664 4989 Iov-cur
2699 4923 2726 4976 6
2755 4921 2903 4984 λαός’
2946 4939 2963 4971 ι
2984 4915 3076 4983 Εἷς
3108 4921 3136 4973 6
3164 4919 3354 4982 656;.»
3396 4920 3460 4971 Οἱ
3491 4920 3747 4990 κράκταιο
3788 4921 3894 4972 «Σῦ
3927 4924 4025 4973 αὖ·

2437 5013 2564 5076 τοὺς
2593 5013 2818 5066 σῶσονοι
2843 5015 2870 5064 6
2891 5011 3040 5075 λαόςο
3078 5011 3237 5077 (Ναὶ,
3272 5010 3498 5080 Κύριε.»
3536 5013 3598 5064 Οἱ
3630 5013 3896 5080 κράκταιο
3932 5033 3949 5064 ι
3972 5012 4027 5066 'tJ

2440 5105 2591 5157 δεῖνα
2632 5106 2725 5159 καὶ
2763 5107 2790 5157 6
2817 5168 2820 5173 ι
2849 5105 2995 5157 δεῖνα
3035 5103 3289 5174 μεγάλων
3327 5103 3594 5173 βασιλέων
3619 5105 3711 5158 καὶ
3746 5106 4028 5176 αὐτοκρα-

2437 5198 2612 5267 τόρων
2640 5214 2654 5228 ·
2683 5215 2701 5248 »
2751 5198 2780 5250 6
2805 5196 2937 5260 λαός
2962 5212 2976 5226 ·
3016 5196 3241 5267 «Κύριε,
3281 5195 3519 5266 βοήθει.»
3551 5192 3684 5249 Εἶτα
3712 5199 4032 5267 εἰσέρχεται

2438 5289 2622 5357 ἕτερος
2654 5287 2919 5358 κράκτης,
2957 5289 3053 5342 καὶ
3101 5288 3272 5356 λέγει’
3307 5307 3324 5340 ι
3352 5289 3482 5348 ’ἰοὺς
3529 5289 3637 5353 ἀεὶ,
3669 5289 3756 5341 ἀεί
3802 5291 3870 5342 δ’.
3901 5310 3921 5342 »
3974 5292 4033 5342 Οἱ

2441 5381 2698 5449 κράκταιο
2734 5381 3033 5450 «Προτόνου
3067 5381 3161 5433 καὶ
3185 5379 3396 5450 νικᾷςοδ
3432 5382 3460 5432 6
3489 5379 3635 5442 λαός·
3681 5375 3810 5442 «Εἷς
3844 5383 3938 5435 ἀεὶ
3968 5383 4033 5443 ⁸⁸,

2440 5472 2750 5542 εύδόκιμε.»
2778 5474 2841 5525 Ol
2874 5473 3131 5544 κράκται·
3163 5472 3377 5540 ‹”Αγιε,
3408 5472 3682 5541 τρισάγιε,
3705 5474 3837 5542 νίκη
3872 5475 3958 5536 εἰς
3979 5475 4034 5524 τὲ.

2441 5565 2665 5621 Βένετον
2697 5584 2715 5617 »
2786 5568 2836 5618 οἱ
2893 5567 3153 5638 Πράσινοι
3179 5582 3193 5597 ·
3263 5584 3281 5617 ι
3313 5565 3406 5629 El;
3437 5564 3500 5618 τὸ
3527 5565 3801 5635 Πράσινον
3834 5586 3853 5619 »
3876 5568 3919 5637 ).
3979 5569 4036 5618 ΟΞ

2052 5698 2287 5755 VARl/E
2317 5701 2725 5760 LECTIONES.

846 5787 1255 5873 δέχορεύξομεν
1279 5789 1366 5872 cd.
1437 5792 1812 5873 "_5ta1tpéf:ov
1847 5795 1936 5864 IL,
1959 5797 2282 5870 διαπρέπειν
2300 5801 2386 5856 ed.
2465 5801 2509 5833 δ’
2543 5802 2690 5873 αὖτῷ
2725 5802 2898 5857 σῶσον
2929 5802 3048 5859 cod.
3085 5803 3138 5856 h.
3169 5799 3203 5854 Ι.
3235 5805 3289 5854 ct
3312 5813 3393 5854 sic
3423 5797 3587 5866 paulo
3623 5811 3770 5867 pust.
3845 5802 3894 5827 δ’
3921 5801 4036 5858 ἀὲς.

758 5872 855 5924 0;;
881 5863 1002 5913 Cod.
1078 5861 1123 5891 '°
1162 5860 1371 5912 εἱσαίτα
1406 5861 1527 5916 cod.
