4150 6444
732 389 835 452 655

1747 392 2256 453 CONSTANTINI
2302 394 2549 453 PORPH
2562 395 2976 456 YROGENITI

3887 400 3992 462 656

738 517 881 567 runt,
916 516 969 560 et
992 506 1273 575 praefectus
1303 506 1367 560 ad
1399 507 1547 577 signa
1579 506 1749 571 sedet,
1786 508 1989 571 omnia,
2027 524 2146 576 qua:
2180 524 2301 576 par-

2414 509 2654 562 ἐκτελεῖν
2684 513 2747 581 τῇ
2777 511 2987 582 ἑσπέρᾳ
3018 512 3221 585 ἐκείνῃ,
3247 511 3669 577 άπολακτίζουσι
3709 514 3764 565 δὲ
3792 518 3839 565 οἱ
3877 516 3995 583 δρο-

739 604 871 657 tium
912 600 1077 668 ipsius
1113 606 1259 663 sunt,
1298 607 1636 667 peracturus.
1677 598 1936 669 Sequenti
1986 599 2073 652 die
2119 615 2308 653 omnes

740 701 894 744 noctu
936 693 1001 744 ad
1041 690 1396 759 hemicyclum
1449 688 1650 757 apsidis
1692 692 2011 760 procedunt,
2066 690 2307 760 prtel'ecti

736 780 982 837 cubiculo
1023 780 1220 834 tunicis
1270 777 1470 849 Tyriis,
1514 780 1749 849 patricii,
1793 780 2209 834 cerimoniarins
2257 792 2308 834 et

738 882 954 926 scnatus
989 870 1339 934 atrebaticis;
1377 881 1673 940 apertoque
1719 872 1917 939 palatio
1940 872 2140 925 intrant
2164 882 2218 927 et
2256 874 2308 926 in

737 980 836 1018 suo
877 964 1087 1024 ordine,
1117 971 1175 1016 ut
1209 962 1261 1015 in
1310 962 1395 1015 dic
1442 963 1771 1018 decursionis
1811 966 2100 1034 equestris,
2150 979 2309 1033 quem

738 1070 896 1124 supra
938 1055 1346 1123 descripsimus,
1391 1056 1585 1123 singuli
1627 1055 1863 1109 adstant.
1901 1057 1981 1111 Ab
2016 1057 2099 1111 his
2139 1058 2311 1125 stipa-

740 1158 824 1198 tos
854 1147 1150 1214 imperator
1180 1159 1275 1212 per
1302 1144 1567 1212 apsidem,
1601 1156 1922 1215 augusteum
1950 1156 2005 1201 et
2032 1147 2308 1201 cochleam

736 1249 999 1291 secretam
1027 1238 1319 1303 digressus,
1358 1237 1423 1291 ad
1470 1238 1722 1292 thronum
1762 1239 1813 1291 in
1851 1239 2076 1293 clathris
2105 1241 2311 1293 consti-

739 1343 909 1385 tutum
944 1333 1209 1401 procem,
1238 1333 1570 1386 silentiarius
1595 1348 1717 1387 cum
1751 1349 1884 1387 urna
1921 1334 1987 1387 ad
2020 1334 2309 1388 stationem

736 1425 869 1487 abit,
902 1433 957 1476 et
984 1424 1037 1475 in
1070 1434 1361 1489 conspectu
1390 1425 1618 1476 duarum
1654 1424 1949 1478 factionum
1991 1425 2062 1478 ibi
2092 1426 2313 1477 adslan'

739 1511 869 1563 tium
923 1510 1086 1578 210
1126 1524 1241 1563 eam
1287 1520 1366 1562 ter
1407 1520 1607 1573 movet,
1644 1520 1718 1572 et,
1758 1527 2099 1581 quaecunque
2150 1510 2315 1564 factio

736 1603 947 1665 exierit,
1002 1601 1184 1655 statim
1232 1602 1429 1672 singuli
1465 1618 1682 1672 gregem
1734 1618 1892 1657 suum
1939 1604 2211 1667 ordinant,
2262 1604 2312 1655 hi

738 1694 991 1760 primam,
1018 1693 1091 1747 illi
1118 1694 1383 1748 decimam
1424 1695 1669 1764 januam.
1704 1695 2002 1763 Imperator
2036 1696 2311 1763 patricios,

737 1793 1021 1853 stratcgos,
1060 1784 1306 1838 cubiculo
1350 1785 1632 1852 przefectos
1692 1794 1746 1839 et
1792 1786 2060 1854 principes
2119 1785 2313 1841 cilicia-

2416 604 2555 670 μεῖς,
2588 603 2681 655 καὶ
2711 603 3001 668 καθέζεται
3034 605 3063 656 6
3087 602 3333 676 ὕπαρχος
3371 607 3450 668 εἰς
3477 605 3545 658 τὰ
3573 609 3797 676 σημεῖα,
3828 608 3988 658 ὲκτεο

2410 695 2516 747 λῶν
2546 697 2742 760 πάντα,
2768 697 2803 750 ἃ.
2833 697 2915 750 δεῖ
2943 698 3101 754 αὑτὸν
3133 697 3397 750 ἐκτελεῖν.
3422 698 3500 768 Τῇ
3520 697 3576 751 δὲ
3615 698 3741 767 ἑξῆς
3788 700 3991 769 προέρ-

2409 803 2596 857 χονται
2632 788 2868 850 ἅπαντες
2896 788 3133 859 ἐννύχιοι
3158 788 3216 842 ἐν
3266 787 3347 858 τῷ
3380 788 3694 858 ἡμικυκλίῳ
3736 789 3838 858 τῆς
3864 790 3993 857 ἀψί-

2410 879 2518 942 δος,
2544 880 2833 950 φοροῦντει
2868 882 2916 932 οἰ
2939 880 3202 951 ἄρχοντες
3232 879 3328 933 τοῦ
3369 879 3757 932 κουϐουκλείου
3794 880 3982 949 χλανίο

2411 970 2499 1022 δια
2523 968 2712 1039 τύρεα,
2759 971 2808 1024 οἰ
2840 970 2895 1023 δὲ
2957 971 3238 1041 πατρίκιοι
3278 972 3374 1024 καὶ
3410 973 3439 1023 ὀ
3462 971 3562 1041 τῆς
3601 972 3997 1032 καταστάσεως

2413 1061 2509 1114 καὶ
2542 1062 2574 1129 ἡ
2607 1060 2908 1131 σύγκλητος
2940 1061 3169 1131 φοροῦσι
3207 1061 3452 1133 χλανίδια
3494 1062 3861 1132 άτραϐατικὰ,
3902 1066 3996 1114 καὶ

2412 1153 2723 1218 ἀνοίξαντας
2750 1152 2846 1205 τοῦ
2882 1153 3168 1219 παλατίου,
3205 1154 3567 1224 εἰσέρχονται,
3599 1155 3694 1205 καὶ
3743 1155 3996 1206 ῖστανται

2412 1244 2640 1307 ἕκαστος
2673 1246 2754 1308 εἰς
2786 1244 2886 1314 τὴν
2914 1245 3051 1299 ἰδίαν
3078 1244 3254 1308 τάξιν,
3310 1244 3386 1307 ὡς
3416 1247 3474 1297 ἐν
3506 1245 3687 1313 ἡμέρα
3738 1244 3993 1305 ἱππικοῦ,

2414 1336 2598 1399 καθὼς
2627 1337 2968 1408 προείρηται.
2993 1338 3103 1389 Καὶ
3118 1334 3545 1406 δηριγευόμενος
3568 1337 3597 1386 6
3622 1335 3878 1403 βασιλεὺς
3900 1334 3995 1387 ὑπ’

2413 1429 2610 1487 αὐτῶν,
2632 1428 2905 1497 διέρχεται
2926 1428 3011 1481 διὰ
3034 1426 3137 1497 τῆς
3158 1427 3350 1495 ἁψῖδος
3381 1428 3474 1480 καὶ
3497 1425 3591 1478 τοῦ
3627 1426 3984 1492 αῦγουστέως

2416 1524 2509 1572 καὶ
2533 1520 2620 1571 τοῦ
2643 1520 2908 1587 μυστικοῦ
2928 1519 3166 1589 κοχλιοῦ,
3182 1521 3277 1573 καὶ
3295 1520 3585 1588 ἀνέρχεται
3612 1520 3668 1570 ὲν
3698 1516 3775 1586 τῷ
3798 1517 3989 1568 καθίσ-

2418 1627 2548 1679 ματι
2575 1612 2652 1672 εἰς
2682 1610 2743 1662 τὸ
2771 1608 3042 1673 κλούϐιον,
3072 1611 3165 1663 καὶ
3194 1611 3223 1662 6
3255 1610 3615 1679 σιλεντιάριος
3649 1610 3989 1678 κατέρχεται

2419 1704 2557 1772 μετὰ
2587 1706 2685 1773 τῆς
2722 1703 3017 1775 κυλίστρας
3052 1707 3132 1767 εἰς
3153 1704 3216 1757 τὸ
3251 1704 3453 1773 στάμα,
3492 1702 3587 1757 καὶ
3617 1702 3727 1755 τῶν
3766 1702 3862 1755 δύο
3899 1718 3995 1771 με⁸

2420 1794 2527 1863 ρῶν
2555 1796 2733 1847 ἐκεῖσε
2762 1794 3036 1858 ἑστώτων,
3069 1793 3244 1847 κυλίει
3270 1794 3672 1864 ὁσιλεντιάριος
3702 1795 3764 1845 ὲκ
3793 1791 3862 1861 γ’,
3901 1794 3997 1844 καὶ

738 1875 865 1928 lium
893 1876 958 1927 ad
985 1875 1194 1929 clathra
1215 1885 1390 1941 vocat,
1417 1877 1659 1947 ipsisque
1679 1887 1911 1934 tesseras
1957 1880 2304 1947 pauperibus,

2414 1878 2521 1936 οἷον
2550 1884 2615 1936 ἂν
2641 1884 2807 1953 μέρος
2837 1886 3085 1955 παραϐῇ,
3116 1880 3216 1937 εἷθ’
3236 1882 3412 1945 οὕτως
3439 1884 3671 1945 ἕκαστος
3717 1881 3899 1935 αὐτῶν
3930 1881 3994 1933 τὸ

736 1977 793 2022 ιιι
855 1983 1005 2022 more
1049 1969 1269 2037 antiquo
1319 1970 1372 2022 in
1411 1970 1646 2023 triclinio
1688 1970 2057 2025 uovemdecim
2093 1972 2309 2026 accubi-

2418 1973 2549 2027 ἰόιον
2586 1973 2750 2042 μέρος
2780 1972 3116 2043 εὐτρεπίζει,
3152 1975 3203 2026 οἰ
3233 1972 3331 2043 μὲν
3358 1971 3731 2042 πρωτόθυρον,
3759 1973 3809 2024 οἱ
3852 1971 3910 2024 δὲ
3934 1971 3995 2022 τὸ

738 2072 884 2112 ιιιιιηι
920 2076 1040 2113 cum
1080 2074 1147 2113 eo
1176 2060 1515 2124 accumbam,
1551 2060 1953 2116 distribuendas
1984 2063 2168 2116 tradit.

2414 2063 2652 2117 δέκατον.
2673 2064 2730 2117 '0
2757 2064 2813 2117 δὲ
2846 2063 3100 2133 βασιλεὺς
3129 2063 3521 2135 προσκαλεῖται
3541 2064 3618 2126 εἰς
3642 2068 3703 2115 τὸ
3733 2061 3990 2115 κλούειον

736 2154 1058 2223 πατρικίους
1107 2154 1200 2205 καὶ
1256 2154 1597 2223 στρατηγοὺς
1647 2152 1740 2205 καὶ
1772 2154 1899 2216 τοὺς
1926 2154 2023 2207 τοῦ
2079 2155 2460 2209 κουϐονκλείου
2488 2159 2878 2227 ἄρχονταςκαὶ
2941 2158 3069 2220 τοὺς
3129 2158 3199 2210 τά
3264 2156 3454 2225 πρῶτα
3522 2156 3751 2224 ὀφφίκια
3831 2154 3996 2207 κατέ-

736 2263 948 2316 χοντας,
979 2246 1071 2297 καὶ
1100 2244 1313 2298 δίδωσιν
1342 2245 1523 2307 αὐτοῖς
1550 2244 1849 2312 σφραγῖδας
1894 2246 2169 2318 διανεῖμαι
2189 2250 2299 2312 τοῖς
2338 2253 2572 2321 πτωχοῖς
2599 2252 2735 2323 (42),
2776 2253 2923 2314 ὅπως
2954 2250 3286 2303 ἀνακλιθῶσι
3310 2250 3354 2280 ⁸⁵
3400 2252 3517 2319 μετ’
3544 2250 3707 2302 αὑτοῦ
3781 2250 3863 2312 εἰς
3927 2248 3994 2299 τά

741 2342 803 2394 ιο¹
830 2339 1093 2395 άκούϐιτα
1122 2339 1261 2391 κατὰ
1289 2337 1388 2408 τὴν
1415 2338 1648 2408 ἀρχαίαν
1675 2339 1982 2408 συνήθειαν.

812 2436 871 2490 ιι,
906 2435 1022 2501 Quo
1065 2433 1206 2485 facto
1240 2431 1501 2500 magister
1551 2432 1974 2485 cerimoniarum
2016 2436 2306 2501 praeposito

738 2529 921 2588 edicit,
956 2526 1137 2581 omnia
1176 2532 1361 2593 parata
1417 2537 1559 2587 esse,
1607 2525 1930 2593 praepositus
1966 2526 2304 2595 imperatori.

742 2619 789 2674 ls
816 2636 913 2689 per
937 2618 1206 2684 lapideam
1240 2615 1439 2670 scalam
1470 2616 1826 2677 descendens.
1859 2618 1922 2669 ad
1959 2618 2305 2686 praepositum

740 2713 869 2765 dicit
898 2726 911 2762 :
945 2727 963 2760 ι
1008 2710 1296 2764 Solennem
1337 2722 1652 2761 consessum
1679 2708 1811 2773 ede;
1847 2727 1863 2756 ι
1893 2709 1939 2762 is
1964 2712 2103 2763 elata
2144 2725 2305 2765 voce:

745 2821 761 2853 ι
810 2800 1164 2855 Consessum.
1201 2819 1219 2851 ι
1254 2797 1412 2852 Tune
1442 2799 1739 2867 imperator
1769 2802 1834 2851 ad
1868 2800 2171 2853 cubiculum
2201 2803 2311 2856 dis-

740 2895 901 2956 cedit,
954 2893 1040 2945 ubi
1085 2906 1113 2944 a
1166 2890 1514 2945 vestitoribus
1562 2890 1738 2943 tunica
1771 2905 1864 2943 sua
1915 2890 2133 2944 indutus
2176 2898 2229 2943 et
2279 2904 2309 2942 a

737 2984 1026 3054 ιιι-ευροεὶιο
1055 2989 1365 3039 coronatus,
1394 2993 1490 3047 per
1518 2989 1803 3049 angustum
1837 2978 2128 3031 triclinium
2159 2991 2312 3047 egre-

738 3081 902 3141 ditur,
937 3086 990 3130 et
1024 3073 1360 3129 cubiculario
1398 3071 1572 3124 velum
1608 3080 1875 3131 sumente.
1924 3086 2175 3138 magnum
2212 3072 2309 3121 tri-

738 3172 984 3229 clinium,
1016 3168 1101 3221 ubi
1140 3182 1199 3221 ea
1232 3166 1317 3219 die
1358 3163 1662 3216 convivium
1696 3162 1955 3223 celebrat,
1986 3172 2040 3215 et
2071 3160 2309 3229 prteferti

2478 2430 2553 2488 B'.
2599 2430 2706 2484 Τοῦ
2746 2430 2803 2483 δὲ
2840 2430 2936 2497 τῆς
2974 2427 3359 2492 καταστάσεως
3418 2428 3883 2497 δηλοποιήσαντος
3914 2430 3991 2495 τῷ

2411 2521 2776 2594 πραιποσίτῳ,
2824 2519 2899 2581 ὡς
2949 2519 2995 2550 ⁸⁸
3039 2519 3120 2571 ὅτι
3169 2518 3584 2590 ἠτοιμάσθησαν
3660 2519 3903 2583 ἅπαντα,
3967 2521 3996 2573 6

2411 2616 2771 2688 πραιπόσιτος
2799 2613 2949 2683 δηλοῖ
2964 2613 3038 2682 τῷ
3074 2610 3297 2681 βασιλεῖ.
3320 2612 3380 2663 '0
3409 2612 3466 2664 δὲ
3498 2611 3756 2681 βασιλεὺς
3794 2613 3994 2681 κατέρ-

2412 2727 2565 2780 χεται
2604 2707 2693 2761 διὰ
2729 2706 2827 2774 τῆς
2856 2704 3065 2774 λιθίνης
3093 2703 3316 2766 σκάλας,
3341 2705 3436 2756 καὶ
3470 2703 3617 2768 λέγει
3651 2703 3728 2771 τῷ
3757 2720 3995 2770 1:93:36-

2414 2802 2567 2869 σίτῳο
2607 2818 2624 2849 ι
2653 2798 2751 2860 Δὸς
2779 2798 3206 2866 μεταστάσιμον,
3232 2815 3251 2847 ι
3272 2796 3519 2857 κάκεῖνος
3542 2795 3692 2862 λέγει
3718 2795 3991 2863 μεγάλως·

2417 2912 2434 2944 ι
2471 2890 2913 2960 Μεταστάσιμον.
2954 2907 2973 2940 ι
3024 2888 3135 2940 Καὶ
3177 2886 3482 2958 εἰσέρχεται
3532 2887 3561 2938 6
3618 2886 3877 2954 βασιλεὺς
3918 2887 3997 2947 εἰς

2407 2985 2500 3037 τὸν
2547 2983 2802 3045 κοιτῶνα,
2834 2983 2928 3035 καὶ
2987 2978 3374 3050 περιϐάλλεται
3415 2979 3513 3049 τὴν
3561 2977 3783 3047 χλανίδα
3829 2977 3993 3029 αὑτοῦ

2410 3076 2498 3129 διὰ
2527 3075 2635 3127 τῶν
2672 3075 3038 3144 βεστητόρων,
3071 3072 3164 3125 καὶ
3214 3070 3463 3138 στεφθείς
3492 3070 3595 3122 ὑπὸ
3623 3069 3718 3121 τοῦ
3754 3086 3995 3139 πραιπο·

2415 3168 2589 3233 σίτου,
2635 3166 2915 3238 ἐξέρχεται
2961 3166 3047 3218 διά
3070 3164 3165 3217 τοῦ
3200 3164 3409 3224 στενοῦ,
3442 3163 3535 3215 καὶ
3564 3162 3826 3221 λαϐόντος
3867 3178 3995 3214 κου-

740 3262 991 3317 cubirulo
1040 3260 1259 3323 adsunt,
1316 3257 1472 3325 petit.
1509 3254 1781 3310 Ostiarius
1837 3252 1978 3306 infra
2033 3255 2096 3303 ad
2132 3252 2307 3307 velum

2414 3259 2763 3330 ϐικουλαρίου
2806 3258 2866 3310 τὸ
2900 3256 3080 3327 βῆλον,
3113 3255 3418 3325 εἰσέρχεται
3472 3256 3499 3305 6
3542 3252 3795 3321 βασιλεὺς
3829 3253 3887 3303 ἐν
3921 3251 3996 3319 τῷ

738 3365 868 3418 stat,
902 3352 1249 3422 praapositus,
1284 3350 1438 3418 signo
1470 3351 1536 3400 ab
1588 3349 1919 3413 imperatore
1950 3355 2194 3414 accepto,
2223 3361 2312 3398 os-

740 3446 957 3499 tiarium
995 3441 1172 3497 velum
1200 3440 1594 3494 custodientem
1623 3439 1897 3502 admonet,
1921 3436 2307 3504 patriciosque,

737 3547 799 3590 ut
833 3537 885 3588 in
915 3532 1155 3602 equestri
1186 3530 1530 3593 decursiOne,
1573 3528 1815 3584 adducit.
1848 3528 2067 3582 Patricii
2104 3529 2156 3582 in
2204 3540 2312 3583 ter-

740 3641 855 3679 ram
888 3624 1177 3693 procidunt
1234 3621 1475 3689 ipsisque
1533 3621 1584 3672 in
1654 3620 1788 3673 locis
1831 3619 1944 3673 suis
1978 3620 2312 3685 constitutis,

739 3715 1080 3784 praepositus,
1118 3712 1272 3782 signo
1321 3719 1563 3779 accepto,
1620 3709 1786 3764 dicit:
1839 3728 1858 3761 ι
1898 3707 2109 3763 Jubete.
2150 3727 2169 3759 ι
2209 3708 2313 3764 Ρο-

738 3819 851 3862 stea
888 3807 940 3860 in
981 3805 1243 3874 obsequio
1268 3804 1493 3868 abeunt,
1532 3811 1587 3856 et
1620 3816 1811 3857 rursus
1843 3812 1996 3856 extra
2030 3801 2206 3856 velum
2256 3802 2309 3856 in

740 3912 942 3954 terram
1002 3897 1309 3967 procidunt,
1341 3895 1664 3964 praepositus
1725 3895 2056 3959 admonitus,
2095 3895 2309 3964 signum

740 3990 1120 4045 cerimoniario
1147 3991 1258 4051 dat,
1289 3988 1379 4056 qui
1413 3987 1547 4041 dicit
1573 4003 1587 4041 :
1620 4004 1639 4037 ι
1674 3983 1883 4041 Jubete.
1922 4003 1940 4037 ι
1971 3984 2060 4039 Sic
2089 3989 2308 4048 abeunt,

741 4085 1128 4152 imperatorem
1164 4082 1229 4132 ad
1265 4089 1476 4146 portam
1510 4092 1683 4148 usque
1714 4087 1768 4132 et
1797 4077 2051 4131 subsellia
2082 4078 2310 4131 comita-

742 4176 869 4238 tmi,
914 4174 1004 4242 qui
1044 4173 1299 4226 thronum
1331 4185 1489 4225 suum
1538 4169 1874 4233 conscendit,
1910 4168 2180 4238 praefectis
2214 4184 2309 4223 cu-

2416 3351 2638 3423 μεγάλῳ
2688 3350 2965 3419 τρικλίνῳ,
3022 3349 3079 3399 ὲν
3131 3340 3176 3414 ᾧ
3233 3347 3430 3414 ἀριστᾷ
3484 3346 3550 3412 τῇ
3588 3345 3723 3410 αὐτῇ
3783 3343 3991 3411 ἡμέρα.

2415 3446 2636 3496 κάκεῖσε
2694 3442 2937 3494 ἵστανται
2984 3439 3034 3491 oi
3063 3438 3325 3509 ἄρχοντες
3361 3435 3455 3488 τοῦ
3485 3434 3891 3487 κουϐουκλεῐου.
3934 3433 3992 3485 Ὀ

2412 3535 2468 3588 δὲ
2504 3534 2776 3603 ὀστιάριος
2833 3532 3049 3585 ἵσταται
3077 3532 3156 3593 εἰς
3194 3530 3252 3581 τὸ
3287 3527 3450 3597 βῆλον
3486 3526 3656 3588 κάτω,
3688 3528 3784 3577 καὶ
3812 3524 3992 3577 λαϐὼν

2412 3626 2589 3694 νεῦμα
2646 3625 2674 3675 6
2734 3622 3094 3693 πραιπόσιτος
3141 3620 3291 3689 παρὰ
3345 3617 3437 3671 τοῦ
3492 3616 3781 3686 βασιλέως,
3811 3616 3995 3669 δίδωσι

2416 3715 2592 3785 νεῦμα
2650 3714 2727 3783 τῷ
2778 3713 3039 3785 ὀστιαρίῳ
3091 3711 3167 3781 τῷ
3222 3708 3511 3779 κρατοῦντι
3554 3709 3612 3760 τὸ
3654 3708 3852 3776 βῆλον,
3901 3706 3993 3760 καὶ

2418 3809 2627 3875 εἰσάγει
2652 3808 2775 3869 τοὺς
2811 3804 3156 3875 πατρικίους,
3191 3802 3442 3871 καθάπερ
3474 3802 3568 3853 καί
3591 3800 3684 3852 ἐπὶ
3710 3799 3807 3852 τοῦ
3836 3801 3989 3851 ἱππιιο

2418 3898 2537 3961 κοῦ,
2572 3898 2663 3951 καὶ
2694 3896 2985 3949 πίπτουσιν
3014 3896 3062 3946 οἰ
3094 3893 3502 3961 saepimenta!
3540 3891 3783 3943 στάντων
3817 3889 3991 3942 αὐτῶν

2417 3990 2497 4052 εἰς
2542 3988 2665 4051 τοὺς
2700 3986 2896 4049 τόπους
2922 3984 3135 4047 αὐτῶν,
3174 3982 3443 4053 λαμϐάνει
3476 3982 3649 4051 νεῦμα
3692 3984 3720 4035 6
3754 3982 3988 4053 πραιττὸ-

2418 4097 2585 4144 σιτος,
2628 4078 2721 4131 καὶ
2757 4077 2903 4143 λέγει
2958 4078 3075 4129 κατ’
3138 4076 3309 4129 ἰδίαν
3363 4093 3380 4125 ι
3439 4075 3770 4127 Κελεύσατε.
3820 4092 3838 4124 ι
3881 4074 3989 4126 Καὶ

2418 4171 2729 4239 ἐξέρχονται
2780 4166 3151 4233 ὀψικεύοντες,
3192 4168 3285 4221 καὶ
3338 4167 3497 4220 πάλιν
3544 4165 3647 4229 ἔξω
3682 4164 3778 4217 τοῦ
3828 4163 3991 4233 peto»

2040 4281 2269 4337 VARUE
2301 4284 2699 4340 LECTIONES.

819 4386 858 4414 ⁸³
884 4380 1231 4451 ἁνακληθῶσι
1256 4380 1394 4447 μετὰ
1420 4376 1514 4431 τοῦ
1543 4376 1630 4431 ed.
1728 4378 1773 4409 “
1795 4378 1867 4438 ὡς
1902 4392 2010 4429 οιιι.
2042 4380 2131 4431 ed.

1759 4518 1951 4573 JO.\N.
1979 4516 2121 4573 JAC.
2164 4514 2416 4571 RElSKIl
2442 4512 3010 4571 COMMENTARIUS.

738 4627 850 4680 deri
893 4624 1145 4685 oriqinem
1187 4621 1251 4673 de
1296 4619 1648 4674 Romanorum
1697 4626 1846 4684 gente
1894 4612 2121 4685 trahere,
2182 4615 2309 4685 quia

739 4712 855 4748 eum
908 4682 1134 4758 pudebat
1196 4690 1390 4760 Syrum
1440 4689 1586 4760 dici.‘
1629 4682 1857 4760 maxime
1892 4682 2029 4760 quod
2083 4683 2308 4760 quodam

740 4750 964 4827 tempore
999 4763 1150 4829 festo,
1184 4750 1436 4812 ut'solent
1461 4756 1832 4809 Amice/tenses
1866 4763 1912 4829 et
1938 4750 2187 4829 .A-E'lgyprt‘ii
2218 4767 2307 4804 seu

742 4818 1113 4891 Aleiandrini,
1139 4818 1524 4881 'Iaceuiverant
1570 4841 1686 4878 eum
1748 4818 2073 4891 conviciolis,
2116 4818 2305 4889 Syrum

741 4890 1211 4971 archisynugugum
1231 4910 1274 4950 ct
1302 4899 1565 4971 archierea
1588 4906 1845 4947 vocantes.
1875 4890 2085 4959 Ephesii
2110 4892 2303 4971 eadem

743 4959 955 5026 licentia
994 4959 1046 5024 ἰιῖ
1080 4959 1292 5021 onlnem
1320 4969 1563 5019 ordinem
1586 4977 1883 5028 scxumqne
1917 4959 2305 5029 grassabantur

744 5024 962 5095 infesto
992 5043 1221 5107 quodam
1267 5036 1584 5107 καταγώγια
1628 5024 1885 5107 ιίἰοιυξιιι
1928 5024 2196 5107 constat_e
2229 5030 2301 5081 Du
2337 5024 2379 5079 D

742 5114 923 5178 (lange
952 5096 1125 5164 ϐίοιο.
1154 5108 1248 5162 Gr.
1283 5123 1331 5174 ρ.
1363 5096 1484 5159 607.
1505 5096 1515 5102 ’
1536 5102 1935 5178 ΙΙεΙὶρθρινιιίυε,
1977 5109 2112 5178 teste
2144 5096 2305 5178 Latn-

745 5168 916 5249 pt'idit)
942 5191 980 5233 t.
1015 5179 1078 5242 ll,
1130 5178 1247 5230 Scr.
1283 5168 1351 5232 'll.
1387 5178 1529 5249 Aug.
1560 5168 1770 5249 p._8l'i,
1803 5168 2132 5249 instituebat,
2170 5177 2225 5248 ut
2256 5169 2308 5248 in

690 5260 695 5285 ί
744 5239 873 5320 ξ’ρδιο
902 5239 1282 5302 vindemiarum
1322 5239 1495 5297 multa
1513 5239 1570 5320 in
1602 5244 1838 5320 dominos
1855 5239 2149 5320 foeni-(tria,
2180 5239 2308 5320 ipsi:

744 5307 1098 5375 audientibus.
1139 5318 1457 5368 dicerentur.
1517 5315 1592 5366 Ex
1626 5312 1867 5365 Athenaei
1897 5324 1947 5376 p.
1992 5306 2095 5359 182
2119 5317 2174 5359 οι
2208 5308 2310 5359 187

745 5390 999 5455 aliisque,
1033 5388 1122 5453 qui
1177 5388 1417 5438 convivia
1455 5396 1660 5455 vetusta
1712 5387 2019 5455 narrarunt,
2074 5387 2306 5455 constat,

748 5446 957 5512 veteres
987 5446 1141 5510 inter
1182 5455 1371 5521 epulas
1415 5454 1685 5507 studuisse
1734 5458 1930 5501 mutuae
1960 5446 2307 5521 (licteriornnt

740 5528 1041 5598 jactationi,
1074 5540 1129 5580 ct
1164 5514 1327 5598 fuisse
1358 5539 1520 5591 penes
1547 5537 1638 5577 eos
1673 5529 1881 5598 certum
1906 5516 2171 5598 quoddam
2202 5514 2298 5566 ho-

746 5590 949 5652 minum
980 5611 1169 5664 genus,
1195 5597 1320 5655 τοὺς
1351 5590 1725 5663 μυκτηριστὰς
1756 5591 1950 5664 dietos,
1984 5590 2226 5638 diversos
2274 5600 2301 5636 ιι

747 5660 1019 5737 parasitis,
1052 5682 1280 5733 quorum
1328 5660 1493 5737 esset
1519 5660 1825 5737 convivas,
1863 5660 2196 5737 subsannare
2250 5665 2304 5733 et

746 5727 850 5791 acii
891 5739 1001 5789 sale
1042 5727 1328 5789 d'el‘ricarc.
1388 5735 1583 5788 Eadem
1652 5732 1861 5783 licentia
1913 5727 2191 5777 obtinebat
2249 5727 2299 5775 in

744 5812 864 5861 Iulo
890 5809 1115 5860 Gothico
1151 5816 1205 5858 et
1240 5810 1373 5860 l‘esto
1421 5803 1727 5863 stultorum,
1759 5802 1824 5850 de
1855 5795 2051 5863 quibus
2105 5795 2300 5860 partim

2414 4626 2515 4664 nos
2565 4608 2806 4663 dicemus
2836 4608 2900 4659 ad
2934 4622 2986 4675 p.
3013 4604 3141 4664 222,
3190 4603 3550 4675 partimdixit
3585 4602 3685 4675 Du,
3712 4605 3896 4673 Gange
3934 4622 3985 4659 ι’.

2416 4680 2660 4743 Festum,
2693 4687 2748 4731 et
2775 4673 3089 4745 nuperrime
3114 4675 3298 4745 Gallus
3321 4673 3558 4745 quidam,
3603 4674 3761 4738 cujus
3799 4692 3989 4729 nomen

2416 4764 2519 4802 non
2553 4742 3135 4813 sucenrrit,'peculiari
3169 4744 3326 4797 libro.
3353 4742 3540 4813 Adhuc
3572 4745 3733 4796 hodie
3761 4748 3989 4798 ruSIica-

2412 4820 2496 4872 nis
2528 4825 2580 4869 et
2611 4812 2998 4887 oppidanorum
3034 4815 3255 4887 rudibus
3299 4812 3597 4887 oblectatio
3620 4826 3675 4865 ct
3713 4817 3813 4865 otii
3851 4820 3987 4865 ahn-

2410 4903 2503 4942 sus
2533 4882 2725 4949 estfin
2751 4883 3016 4951 jacicndis
3044 4883 3272 4938 invicem
3299 4882 3688 4936 scommatibns
3715 4887 3989 4953 ingenium

2408 4958 2641 5025 experiri
2670 4964 2721 5009 et
2742 4962 3033 5009 ostentare.

2484 5021 2597 5095 (42)
2636 5025 2748 5078 Mos
2783 5037 3047 5095 pauperes
3087 5021 3153 5075 ad
3187 5035 3430 5095 mensam
3488 5023 3716 5095 vocandi
3751 5026 3985 5075 manavit

2416 5114 2443 5148 a
2468 5091 2708 5150 veterum
2737 5091 2921 5161 agapis
2943 5106 3036 5145 seu
3058 5091 3345 5153 conviviis,
3377 5106 3497 5159 qua:
3521 5093 3570 5142 in
3591 5094 3843 5145 ecclesiis
3870 5106 3988 5158 post

2417 5181 2567 5219 sacra
2612 5174 2831 5232 peracta
2853 5162 3134 5235 celebrari
3160 5162 3407 5235 solebant
3454 5171 3507 5213 et
3538 5178 3836 5235 pauperum
3877 5180 3987 5212 ma-

2419 5238 2561 5288 xitne
2615 5229 2667 5285 in
2727 5229 2966 5299 gratiam
3012 5229 3468 5294 instituebantur;
3532 5231 3638 5282 \‘itl.
3690 5230 3765 5281 Du
3812 5234 3990 5300 [lange

2418 5305 2592 5359 Gloss.
2627 5303 2742 5356 Lat.
2779 5317 2828 5355 ν.
2867 5303 3063 5369 Agape.
3108 5301 3179 5352 lle
3230 5301 3452 5352 tesseris
3484 5300 3797 5353 distributis
3849 5304 3987 5354 inter

2418 5388 2703 5442 pauperes,
2761 5382 2817 5424 ut
2848 5374 2911 5423 ad
2961 5386 3148 5423 earum
3202 5370 3626 5442 ostentationem
3674 5372 3751 5442 ad
3803 5386 3987 5422 sacras

2416 5438 2599 5512 epulas
2630 5442 3079 5494 admitterentur.
3113 5440 3219 5512 dixi
3256 5443 3319 5489 ad
3353 5454 3404 5505 p.
3434 5438 3558 5512 4ιίοτ
3591 5438 3691 5503 Qui
3741 5439 3987 5512 innrhcs

2414 5510 2630 5567 aliunde
2682 5515 2927 5566 venirent
2988 5510 3233 5562 homines
3294 5510 3583 5576 po-regrini,
3647 5510 3985 5574 accipiebant

2414 5584 2552 5653 apud
2586 5592 2771 5653 portas
2802 5591 3055 5633 tesseras.
3088 5577 3203 5642 Quo
3250 5579 3561 5653 cavebatur.
3600 5593 3665 5631 ne
3695 5580 3979 5653 _mendiri.

2413 5647 2730 5706 meretrices
2783 5660 2838 5704 et
2883 5664 3042 5701 omne
3092 5662 3260 5714 genus
3317 5647 3637 5701 nebulonum
3694 5649 3746 5700 in
3798 5651 3978 5701 urbem

2413 5722 2789 5777 conﬂuerent.
2899 5721 3050 5771 l‘atet
3154 5732 3219 5769 ex
3309 5718 3686 5787 Aristophanis
3756 5721 3977 5777 (\Hblb.

2414 5811 2461 5847 ι.
2506 5792 2659 5845 1215.
