4150 6444
173 417 255 478 657
913 411 1011 472 DE
1045 407 1504 470 CERIMONIIS
1542 408 1766 470 ΑΙ]ιῶ
1800 408 2244 470 BYZANTlN/E
2288 411 2435 470 LIB.
2483 411 2528 469 1.

3280 417 3389 480 053

170 525 418 578 πίπτουσιν
445 525 491 576 οἱ
527 523 829 593 πατρίκιοι,
864 524 958 576 καὶ
985 521 1168 576 λαῦὼν
1209 520 1387 590 νεῦμα
1419 523 1446 573 6
1480 520 1716 590 πραιπό-
1748 529 1787 584 Α

1823 521 2000 576 bicnlo
2051 536 2114 576 ac
2145 522 2358 576 duobus
2380 521 2693 590 spathariis,
2732 535 2853 575 cum
2896 526 3010 579 suis
3041 528 3401 594 dextralibns,

171 637 304 682 σιτος,
347 616 484 670 νεύει
530 615 610 687 τῷ
650 611 750 686 τῆς
798 615 1189 678 καταστάσεως
1234 615 1483 675 κάκεῖνος
1533 613 1713 680 λέγει’

173 729 187 759 ι
220 708 517 760 Κελεύσατε.
562 726 579 756 ι
617 707 712 759 καὶ
757 706 1075 776 ἐξέρχονται
1104 706 1453 776 ὸψικεύοντες
1500 706 1592 758 τὸν
1628 705 1718 774 βα-

170 802 289 853 σιλέα
319 802 472 870 μέχρι
489 803 587 871 τῆς
623 803 800 873 πύλης
831 804 916 867 εἰς
942 803 1007 856 τὰ
1039 802 1237 873 βάθρα,
1261 801 1357 855 καὶ
1380 802 1665 871 ἀνέρχεται
1691 804 1718 854 6

169 894 383 962 βασιλεὺς
430 895 518 946 ἐπὶ
553 885 660 948 ’τοῦ
692 895 914 959 σέντςου
955 894 1142 959 αὐτοῦ,
1173 893 1284 946 τῶν
1307 893 1587 963 ἀρχόντων
1622 892 1716 945 τοῦ

168 983 507 1036 κουὸουκλείου
565 986 823 1038 ἑστώτων
893 987 985 1039 καὶ
1044 985 1138 1037 δύο
1187 985 1507 1054 σπαθαρίων
1561 983 1714 1036 ἐνθεν

169 1078 376 1138 κὶκεῖσε,
420 1075 805 1144 βασταζόντων
856 1079 925 1130 τὰ
988 1077 1272 1146 διστράλια
1315 1077 1527 1131 αὐτῶν·
1564 1078 1612 1128 οἱ
1661 1076 1718 1129 δὲ

168 1167 371 1237 εὐνοῦχοι
404 1171 884 1241 πρωτοσπαθάριοι
916 1170 1165 1223 ἵστανται
1211 1170 1398 1223 έπάνω
1444 1168 1536 1221 τοῦ
1577 1169 1707 1222 σκά-

1821 614 1889 665 ah
1914 623 2147 682 utroque
2177 613 2349 666 latere
2378 613 2730 666 constitutis:
2757 616 2996 670 eunuchi
3025 622 3411 687 protospathao

1822 708 1884 759 rii
1914 721 2079 774 super
2107 719 2331 760 scamno
2357 720 2494 772 pone
2525 706 2780 760 thronum
2806 715 2973 773 stant,
3006 709 3057 762 in
3083 725 3191 779 quo
3230 713 3395 783 impe-

1825 810 1992 865 rator,
2032 809 2114 852 ter
2171 798 2369 867 populo
2416 797 2650 866 signato,
2711 801 2934 856 assidet.
2995 804 3401 860 Acclatnatione

1825 892 1999 952 linita,
2037 889 2366 959 praepositus
2401 890 2611 958 signum
2661 892 2882 960 accipit,
2911 909 3275 965 egressusque
3309 913 3404 966 pa-

1823 982 2011 1037 tricios
2046 994 2099 1037 et
2130 992 2399 1050 strategoa
2438 987 2502 1036 ad
2535 1000 2786 1053 magnam
2820 1001 3030 1052 portam
3075 992 3404 1045 coiistitutos

1826 1078 2050 1145 reperit,
2087 1077 2179 1146 qui
2211 1076 2366 1146 signo
2395 1076 2526 1145 ipsis
2572 1081 2716 1141 dato,
2749 1080 2815 1133 ad
2851 1095 2978 1136 suos
3022 1084 3252 1139 ordines
3290 1085 3405 1139 sin-

1829 1169 1935 1238 guli
1968 1171 2191 1224 abeunt.

168 1284 275 1335 μνου
315 1267 529 1320 δπισθεν
573 1268 668 1321 τοῦ
713 1269 971 1334 σέντζου,
1005 1273 1098 1324 καὶ
1142 1271 1234 1325 τὸν
1273 1271 1399 1327 λαὸν
1427 1273 1490 1324 ὲκ
1558 1273 1744 1341 τρίτου
1783 1274 2238 1344 κατασφραγίσας
2295 1274 2606 1340 καθέζεται.
2663 1280 2774 1332 Καὶ
2844 1277 3230 1348 πληρωθείσης
3304 1276 3400 1344 τῆς

168 1359 433 1428 εὐφημίας,
467 1361 650 1415 λαῦὼν
684 1363 859 1434 νεῦμα
885 1367 912 1417 6
942 1365 1299 1437 πραιπόσιτος
1325 1367 1418 1420 κα)⁵
1456 1367 1709 1434 ἐξελθὼν,
1751 1365 1993 1437 εὑρίσκει
2015 1370 2072 1420 ἐν
2097 1370 2165 1437 τῇ
2187 1370 2398 1442 μεγάλῃ
2428 1371 2572 1443 πύλῃ
2601 1373 2838 1436 ἑστῶτας
2892 1373 3019 1433 τοὺς
3080 1371 3400 1441 πατρικίους

168 1450 240 1504 καὶ
284 1457 641 1524 στρατηγοὺς,
700 1458 792 1509 καὶ
847 1458 1062 1511 δίδωσιν
1117 1460 1302 1523 αὐτοῖς
1358 1460 1532 1529 νεῦμα
1558 1500 1572 1523 ,
1613 1461 1706 1513 καὶ
1745 1463 2042 1532 ἀπέρχεται
2071 1462 2304 1525 ἕκαστος
2336 1464 2416 1526 εἰς
2449 1463 2547 1525 τὰς
2571 1465 2754 1530 τάξεις
2779 1464 2975 1517 αὐτῶν.

220 1544 280 1596 Γ.
320 1545 431 1613 Χρὴ
479 1547 534 1599 δὲ
574 1549 801 1610 εἰδέναι,
851 1550 933 1602 ὅτι
965 1553 1024 1603 έν
1053 1551 1236 1622 ἡμέρα⁸
1279 1551 1372 1604 τοῦ
1405 1552 1572 1605 Βοτοῦ
1602 1552 1701 1605 οὐκ

168 1638 460 1705 εἰσέρχονται
505 1640 565 1692 ὲν
612 1642 694 1711 τῷ
743 1643 1042 1713 καθίσματι
1093 1645 1174 1707 είς
1209 1647 1582 1716 προσκύνησιν
1617 1646 1712 1699 τοῦ

168 1728 410 1795 βασιλέως,
462 1732 598 1785 ἀλλά
651 1735 908 1798 τελεῖται,
951 1738 1024 1801 ὼς
1079 1739 1432 1809 προείρηται*
1475 1741 1714 1792 καὶτῶν

164 1824 196 1875 δ’
223 1825 371 1889 βαῖων
408 1826 796 1889 τελεσθέντων,
854 1829 1092 1892 ἀναστὰς
1133 1830 1162 1881 6
1203 1829 1456 1900 βασιλεὺς
1483 1831 1590 1884 ἀπὸ
1619 1830 1713 1884 τοῦ

1891 1552 1978 1608 Ill.
2017 1555 2111 1609 Die
2162 1553 2283 1609 Voti
2322 1555 2385 1607 ad
2445 1557 2701 1610 thronum
2759 1557 3126 1626 imperatoris,
3165 1568 3222 1609 ut
3275 1571 3396 1608 enm

1821 1646 2068 1710 adorent,
2144 1662 2249 1700 non
2320 1650 2602 1712 accedunt,
2661 1651 2777 1716 sed,
2824 1660 2881 1703 ut
2940 1650 3198 1713 diximus,
3255 1649 3396 1702 diem

1824 1737 1970 1791 illum
2005 1739 2303 1802 celebrant,
2335 1748 2387 1793 et
2435 1740 2630 1809 palmis
2657 1751 2893 1812 quatuor
2933 1742 3121 1806 ﬁnitis,
3160 1741 3398 1810 impera-

1824 1841 1908 1884 tor
1934 1845 1964 1885 a
1994 1833 2190 1884 throno
2218 1833 2413 1902 surgit,
2459 1847 2664 1901 perque
2711 1833 3034 1898 triclinium,
3069 1834 3121 1887 in
3152 1848 3261 1902 quo
3298 1848 3387 1888 so-

167 1916 373 1979 σέντζου,
417 1917 695 1987 διέρχεται
744 1921 834 1973 διὰ
891 1920 985 1973 τοῦ
1049 1922 1348 1990 τρικλίνου,
1385 1917 1446 1974 οῦ
1487 1924 1718 1976 εἴθισται
1752 1933 1787 1989 ι]

1825 1924 2003 1979 lemne
2039 1924 2348 1978 conviviqu
2381 1925 2704 1989 instituitur,
2727 1925 3402 1994 allpatriciisutrinqne

165 2009 375 2077 ἑριστᾷν,
407 2011 512 2061 τῶν
554 2013 864 2081 πατρικίων
891 2013 1143 2067 ἑστώτων
1173 2014 1326 2066 ἔνθεν
1357 2017 1602 2077 κάκεῖσε,
1624 2015 1716 2068 καὶ

165 2097 548 2168 δηριγευόμενος
613 2105 643 2156 ὁ
709 2103 965 2172 βασιλεὺς
1018 2105 1123 2158 ὑπὸ
1160 2105 1268 2159 τῶν
1310 2107 1588 2176 ἀρχόντων
1621 2105 1714 2159 τοῦ

166 2190 526 2259 κουϐουκλείου,
549 2187 862 2266 εἰσέρχεται
894 2197 981 2250 διὰ
1006 2198 1101 2249 τοῦ
1141 2197 1306 2267 μέσου
1338 2199 1542 2262 αὐτῶν,
1566 2200 1718 2252 αὐτοὶ

165 2282 208 2334 δὲ
237 2284 615 2357 ὐπερεὺχονται
645 2289 734 2342 τὸν
763 2289 1007 2359 βασιλέα.
1042 2290 1152 2343 Καὶ
1183 2291 1516 2354 είσελθόντος
1552 2291 1715 2346 αὐτοῦ

165 2374 229 2435 εἰς
256 2375 337 2427 τὸν
368 2379 625 2442 κοιτῶνα,
663 2379 929 2448 λαμεάνει
955 2383 983 2432 ὁ
1015 2382 1375 2452 πραιπόσιτος
1406 2381 1466 2434 τὸ
1500 2383 1715 2454 στέμμα

165 2468 253 2522 ἀπδ
288 2471 378 2541 τῆς
423 2475 672 2543 κεφαλῆς
719 2475 917 2538 αὑτοῦ,
959 2477 1052 2528 καὶ
1082 2476 1420 2546 είσέρχονται
1448 2476 1495 2528 οί
1525 2475 1718 2547 βεστή-

164 2579 311 2632 τορες,
363 2567 452 2619 καὶ
500 2567 913 2621 ἀπαλλάσσουσι
947 2570 1043 2639 τὴν
1104 2570 1326 2638 χλανίδα
1383 2569 1588 2636 αὐτοῦ,
1622 2571 1718 2626 καὶ

165 2656 586 2728 περιϐαλλόμενος
607 2660 672 2713 τὸ
704 2662 890 2729 σαγίον
925 2662 1113 2727 αὑτοῦ,
1145 2663 1470 2733 κατέρχεται
1501 2663 1588 2718 διὰ
1618 2663 1715 2717 τοῦ

169 2749 395 2812 μυστικοῦ
411 2751 654 2821 κοχλιοῦ,
683 2753 776 2804 καὶ
808 2753 1116 2824 εἰσέρχεται
1151 2757 1231 2817 είς
1265 2755 1356 2806 τδν
1382 2755 1716 2807 κοιτῶνατοῦ

167 2841 446 2907 οκταγὼνου
480 2843 715 2912 πλησίον
747 2844 842 2896 τοῦ
863 2846 1016 2912 ἁγίου
1049 2846 1344 2913 Στεφάνου,
1375 2848 1465 2899 καὶ
1486 2846 1716 2910 ἐξελθὼν

166 2929 230 2990 εις
253 2932 311 2982 τά
336 2931 394 2985 ιθ¹
426 2933 715 2996 ἀκούὸιτα,
741 2936 1069 3005 άκουμσίζει
1110 2939 1202 2992 ἐπὶ
1224 2941 1323 3008 τῆς
1339 2938 1525 3006 τιμίας
1547 2937 1714 2991 αὐτοῦ

163 3024 406 3094 τραπέζης
439 3027 576 3094 μετά
608 3027 716 3079 τῶν
743 3028 1022 3098 ἀρχόντων
1061 3029 1155 3082 τοῦ
1196 3030 1599 3090 κουὸουκλείου,
1622 3029 1716 3081 τὸν

163 3109 240 3161 τοῦ
268 3115 559 3180 σακεὶλίου,
594 3116 686 3169 τὸν
715 3119 814 3187 τῆς
847 3120 1234 3185 καταστάσεως
1276 3123 1368 3172 καὶ
1401 3121 1490 3173 τὸν
1520 3123 1718 3174 ἀκτου-

164 3214 309 3271 opm,
338 3208 409 3269 είς
453 3208 508 3260 δὲ
560 3210 688 3269 τοὺς
749 3211 901 3263 κάτω
951 3212 1273 3275 άκουὸίτους
1322 3211 1641 3276 καθέζονται
1668 3215 1717 3265 oi

1819 2016 2181 2081 adstantibus,
2205 2018 2420 2082 transit,
2441 2028 2495 2072 et
2515 2032 2543 2070 a
2571 2018 2844 2086 praafectis
2870 2019 3120 2073 cubiculo
3148 2021 3397 2088 stipatus,

1817 2125 1916 2179 per
1948 2109 2183 2163 medium
2219 2124 2431 2174 eorum,
2465 2111 2590 2163 dum
2624 2108 2798 2164 felicia
2828 2111 3013 2164 omnia
3059 2095 3157 2179 ipsi
3206 2126 3401 2179 appre-

1817 2213 2036 2266 cantur,
2065 2203 2335 2272 procedit.
2367 2201 2437 2257 Ut
2468 2202 2777 2256 cubiculum
2813 2203 3400 2274 intravit,pr:epositus

1817 2309 2077 2348 coronam
2137 2310 2166 2347 a
2218 2294 2402 2362 capite
2456 2294 2574 2364 ejus
2624 2292 2816 2359 demit,
2850 2293 3139 2348 vestitores
3185 2308 3400 2363 quoque

1818 2386 2370 2453 accedunt,tunicarn
2401 2390 2658 2441 mutaturl
2689 2388 2860 2455 :ipse,
2890 2403 3023 2457 sago
3057 2387 3275 2458 injecto,
3306 2403 3400 2456 per

1818 2478 2099 2533 cochleam
2130 2490 2398 2534 secretam
2454 2478 2766 2533 cubiculum
2810 2480 3061 2548 octagoni
3122 2496 3288 2550 prope
3337 2479 3394 2536 S.

1818 2570 2080 2639 Stephani
2131 2571 2289 2638 petit,
2330 2584 2392 2623 ac
2434 2569 2728 2624 triclinium
2772 2584 2864 2624 xu
2913 2570 3255 2625 accubitunm
3319 2571 3399 2623 in-

1818 2676 2064 2729 gressus,
2099 2661 2658 2716 venerandaemensze
2699 2677 2810 2717 suae
2839 2678 2961 2716 cum
2992 2663 3260 2729 praefectis
3301 2677 3396 2714 cu-

1820 2752 2021 2816 biculo,
2061 2751 2366 2815 sacellario,
2395 2754 2820 2806 cerimoniarum
2848 2755 3108 2823 magistro
3130 2763 3186 2807 et
3213 2763 3395 2806 actua-

1821 2843 1901 2896 rio
1936 2841 2230 2905 accumbit,
2253 2841 2305 2895 in
2341 2841 2691 2896 inferioribus
2721 2841 2854 2897 locis
2880 2843 3078 2897 fratres
3107 2843 3278 2899 nostri
3302 2857 3399 2911 per

1819 2933 2095 2988 Christum
2126 2914 2398 2988 adsident.
2431 2931 2731 3001 Imperator
2773 2935 2968 3004 surgit,
2998 2944 3054 2989 et
3085 2936 3150 2988 ad
3175 2934 3400 2990 cubicu-

1822 3025 1928 3078 lum
1965 3025 2209 3092 daphnes
2241 3038 2583 3095 progressus,
2610 3041 2797 3095 sagum
2828 3042 2984 3080 suum
3024 3027 3219 3086 induit.
3261 3040 3399 3095 aque

1821 3117 2171 3171 cubiculariis
2224 3127 2277 3172 et
2308 3119 2520 3187 reliquo
2577 3117 2808 3172 solemni
2845 3119 3110 3187 obsequio
3161 3119 3396 3182 cinctus,

1824 3209 2082 3278 palatium
2109 3224 2266 3261 suum
2300 3223 2329 3261 a
2363 3207 2471 3262 Deo
2497 3210 2826 3264 custoditum
2861 3214 3013 3277 petit.

161 3293 229 3346 διὰ
271 3294 486 3364 Χριστὸν
525 3298 687 3368 ἡμῶν
718 3300 955 3369 ἀδελφοί.
999 3303 1104 3357 Καὶ
1133 3303 1372 3366 ἀναστὰς
1398 3306 1425 3357 6
1455 3303 1704 3374 βασιλεὺς
1746 3302 1838 3354 καὶ
1899 3298 2131 3362 ἐξελθὼν
2183 3297 2493 3369 ἔμπροσθεν
2549 3299 2640 3352 τοῦ
2679 3299 2938 3363 κοιτῶνος
3011 3301 3107 3371 τῆς
3165 3291 3397 3372 δάφνης.

163 3388 510 3454 περιϋάλλεται
545 3391 610 3442 τὸ
651 3392 840 3445 τούτου
894 3394 1116 3461 σαγίον,
1162 3394 1256 3446 καὶ
1294 3395 1719 3465 δηριγευόμενος
1759 3393 1864 3446 ὑπὸ
1885 3391 1978 3445 τοῦ
2020 3389 2404 3445 κουϐουκλείου
2459 3391 2553 3441 καὶ
2578 3389 2782 3443 λοιπῶν
2806 3391 2912 3443 τῶν
2974 3390 3033 3455 ἐξ
3093 3391 3248 3456 ἔθους
3281 3393 3397 3463 ὀψι-

163 3481 393 3534 κευόντων
421 3485 610 3546 αὐτὸν,
634 3484 851 3554 ἔρχεται
876 3490 934 3541 ὲν
966 3486 1044 3558 τῷ
1068 3487 1422 3558 θεοφυλάκτῳ
1445 3487 1608 3541 αὐτοῦ
1651 3487 1916 3556 παλατέῳ.

220 3579 285 3628 Δ’.
315 3580 427 3649 Χρὴ
484 3581 538 3632 δὲ
611 3583 700 3634 τὸν
763 3584 1124 3652 πραιπόσιτον
1189 3586 1566 3656 παραγγελίαν
1625 3586 1787 3650 καὶο

162 3668 426 3736 ὰσσάλειαν
471 3675 694 3743 ποιῆσαι
750 3676 882 3744 πρὸς
933 3677 1137 3739 πάντας
1168 3678 1290 3740 τοὺς
1329 3678 1428 3741 τὰς
1461 3677 1713 3747 συνήθεις

165 3761 210 3809 ὲν
253 3760 323 3829 τῷ
374 3764 715 3835 ἱπποδρομίῳ
765 3765 1120 3829 ἑκτελοῦντας
1156 3766 1422 3831 δουλείας,
1449 3769 1574 3830 τοὺς
1616 3769 1714 3837 μὲν

168 3855 541 3922 μαγγαναρίους
567 3856 642 3927 μὴ
660 3856 928 3926 τολμῆσαι
949 3857 1008 3922 ἐξ
1035 3857 1301 3927 ἑκατέρου
1340 3859 1540 3929 μέρους
1566 3857 1713 3929 δῶρα

164 3941 321 3995 λαϐεῖν
371 3945 461 3998 καὶ
512 3946 735 4016 ποιῆσαι
785 3948 954 4012 δόλον,
983 3950 1108 4012 τοὺς
1142 3949 1198 4002 δὲ
1237 3950 1560 4021 κούρσωρας
1587 3951 1714 4014 τοὺς

167 4035 427 4100 μέλλοντας
482 4039 706 4091 ἑστάναι
737 4040 833 4092 καὶ
863 4042 1134 4111 κρατῆσαι
1168 4043 1296 4105 τοὺς
1333 4043 1714 4112 συμπερέστας

164 4128 278 4196 πρὸς
313 4131 372 4182 τὸ
411 4131 664 4201 κατέχειν
709 4133 908 4196 αὐτοὺς
935 4133 994 4185 έν
1025 4133 1484 4205 ἀσφαλείᾳ,ὅπως
1513 4135 1587 4204 μὴ
1619 4134 1712 4202 γέ-

162 4225 296 4289 νηταί
316 4234 364 4276 τι
395 4227 616 4293 σφάλμα
648 4226 717 4278 δι’
745 4226 925 4280 αὐτῶν
945 4244 957 4259 ·
988 4227 1190 4290 ὁμοίως
1224 4230 1465 4290 καὶτοὺς
1493 4228 1712 4289 λοιποὺς

163 4313 451 4386 κούρσωρας
489 4318 618 4381 τοὺς
673 4319 766 4371 τὸν
817 4318 1043 4389 εῦριπον
1092 4319 1135 4349 ⁸⁷
1187 4323 1514 4389 κατέχοντας
1579 4319 1712 4388 πρὸς

162 4406 207 4456 τὸ
234 4406 299 4477 μὴ
333 4409 484 4461 ἐᾶσαί
516 4427 633 4462 τινα
664 4409 945 4463 κατελθεῖν
984 4411 1077 4464 καὶ
1103 4411 1324 4481 ποιῆσαι
1365 4411 1598 4464 ἄτακτον
1624 4426 1711 4462 τι·

158 4497 390 4562 ὡσαύτως
445 4500 503 4552 δὲ
554 4501 649 4554 καὶ
691 4504 817 4564 τοὺς
863 4503 1122 4564 δεκανοὺς
1173 4502 1268 4555 τοῦ
1328 4503 1472 4570 ἔχειν
1535 4504 1713 4554 πᾶσαν

161 4589 429 4655 ἀσφάλειαν
468 4591 545 4655 εἷς
581 4611 638 4645 τε
671 4594 768 4656 τὰς
804 4594 1111 4664 διασφαγάς
1148 4596 1242 4647 καὶ
1273 4596 1369 4658 τὰς
1403 4595 1574 4665 θύρας
1611 4595 1710 4658 τάς

160 4677 429 4745 ἱξαγούσας
483 4683 587 4735 ἀπὸ
632 4683 732 4753 τῆς
781 4683 1152 4753 κύφης,ὄπως
1195 4686 1293 4755 μὴ,
1322 4685 1590 4754 ἀγομένου
1618 4687 1711 4738 τοῦ

162 4770 480 4839 πράγματος,
511 4772 743 4836 ἐξελθών
778 4790 860 4837 τις
888 4774 1268 4845 παρεμποδίσῃ
1296 4775 1415 4828 τινὰ
1453 4776 1560 4828 τῶν
1589 4775 1707 4844 δρο-

163 4861 316 4924 μέων·
372 4866 497 4927 τοὺς
549 4866 604 4919 δὲ
635 4867 705 4919 τὰ
742 4865 956 4936 ὄργανα
1001 4867 1286 4936 φυσῶντας
1327 4868 1598 4931 Σκλάσους
1635 4869 1709 4938 μὴ

1902 3583 1989 3637 IV.
2040 3583 2392 3650 Praepositum
2428 3579 2683 3634 mandata
2727 3582 2878 3643 dare,
2925 3596 3223 3650 omnesque
3269 3598 3401 3637 con-

1822 3687 1974 3730 sueta
2014 3674 2317 3727 ministeria
2351 3672 2401 3723 in
2440 3670 2769 3725 decursione
2813 3670 3052 3738 equestri
3083 3681 3399 3738 peracturos

1821 3780 2167 3820 cmnmonerc
2215 3771 2428 3832 oportet
2466 3780 2478 3814 :
2525 3763 2906 3830 manganarios
2934 3762 3175 3830 quidem,
3219 3777 3285 3816 ne
3330 3763 3400 3816 ah

1822 3857 1989 3910 altera
2026 3866 2178 3924 parte
2211 3857 2349 3908 dona
2378 3868 2596 3907 sumere
2625 3853 2889 3921 tlolnsque
2921 3853 3264 3906 committere
3303 3869 3402 3905 ano

1823 3949 2022 4001 deant:
2057 3961 2340 4008 cursores,
2372 3945 2463 4014 qui
2525 3957 2674 3998 stare
2705 3953 2760 3998 et
2811 3953 3178 4013 symperestas
3214 3952 3398 3999 tenere

1804 4039 2039 4106 ,debent,
2079 4047 2136 4091 ut
2167 4039 2267 4091 hos
2298 4038 2349 4091 in
2375 4037 2570 4090 ordine
2598 4036 2934 4098 contineant,
2968 4053 3031 4088 ne
3065 4051 3161 4105 per
3190 4054 3284 4090 eos
3313 4052 3402 4090 er-

1822 4147 1913 4185 ror
1938 4130 2309 4185 committatur
2332 4145 2347 4194 ;
2375 4129 2583 4196 pariter
2608 4136 2821 4182 ceteros
2851 4143 3103 4182 cursores
3135 4128 3396 4196 Euripqu

1820 4231 2168 4290 occupantes,
2202 4237 2268 4275 ne
2300 4221 2385 4274 cui
2419 4221 2751 4276 descendere
2778 4230 2831 4273 et
2856 4219 3058 4289 aliquid
3094 4230 3285 4273 contra
3311 4237 3373 4273 or

1820 4315 2000 4368 dinem
2031 4329 2191 4384 agere
2218 4315 2534 4383 permittant
2560 4329 2574 4377 ;
2607 4312 2860 4365 similiter
2890 4315 3126 4366 decanos
3154 4323 3396 4376 moneat,

1822 4418 1877 4460 nt
1907 4406 2050 4460 omni
2086 4421 2216 4460 cura
2262 4407 2432 4460 lineas
2456 4404 2761 4474 januasqne
2808 4419 2836 4457 a
2885 4403 3059 4473 cyphe
3104 4403 3400 4458 reducentes

1821 4501 2149 4560 custodiant,
2180 4514 2268 4560 ne,
2303 4497 2430 4550 dum
2458 4496 2827 4565 speetaculum
2858 4496 3061 4559 editur,
3091 4496 3399 4563 egrediatur

1821 4592 2035 4659 aitquis,
2069 4601 2122 4644 et
2151 4605 2406 4644 cursores
2451 4590 2745 4658 impediat:
2781 4587 3005 4643 Sclavos
3058 4604 3277 4656 quoque
3308 4605 3399 4642 or—

1819 4701 1953 4754 gana
1995 4683 2274 4736 inllaturos
2302 4683 2371 4736 ibi
2403 4692 2549 4736 stare
2578 4697 2682 4736 non
2718 4684 2882 4746 sinat,
2911 4681 3006 4735 sed
3041 4681 3091 4734 in
3121 4681 3293 4734 scalas
3335 4697 3398 4733 ac

1821 4776 2081 4839 tabulata,
2107 4775 2195 4830 ubi
2228 4776 2336 4830 duo
2375 4789 2629 4830 cursores
2659 4784 2858 4843 praesto
2881 4781 3027 4836 sunt,
3053 4772 3304 4837 dedat-at,
3331 4790 3395 4824 na

1818 4869 1939 4936 quis
1984 4883 2239 4936 egressus
2301 4867 2744 4936 impedimentum
2801 4862 2966 4916 ullqu
3002 4863 3252 4930 iniit-lat;
3317 4869 3394 4913 la-

163 4958 243 5024 ὲᾷν
268 4960 510 5013 ἵστασθαι
533 4963 736 5026 ἐκεῖσε,
767 4963 883 5015 ἀλλ’
906 4964 1128 5033 ἀνάγειν
1153 4965 1352 5028 αὐτοὺς
1374 4966 1453 5028 τίς
1480 4965 1547 5018 τὰ
1573 4981 1707 5019 σκα-
1737 4984 1787 5044 D

1820 4960 2116 5024 ctionariis,
2160 4968 2214 5013 ot
2246 4958 2341 5026 qui
2382 4966 2563 5011 vestes
2594 4969 2877 5010 cursorum
2917 4963 3153 5024 portant,
3204 4956 3268 5005 ad
3309 4963 3392 5006 ta-

161 5047 253 5112 λία,
291 5052 367 5113 εἰς
394 5051 451 5105 δὲ
480 5055 574 5117 τὰς
602 5055 980 5126 παρασκευὰς,
1010 5054 1096 5106 ἵνα
1126 5055 1373 5108 ἶστανται
1398 5055 1709 5126 κούρσωρες

160 5137 256 5203 δύο,
291 5141 432 5205 ὅπως
465 5144 534 5215 μὴ
569 5145 800 5209 ἐξελθών
825 5163 911 5210 τις
936 5148 1138 5217 ποιήσῃ
1172 5145 1430 5217 ἐμπόδιόν
1460 5163 1547 5199 τι·
1583 5147 1708 5209 τοὺς

161 5225 208 5276 δὲ
228 5227 455 5297 δημότας
506 5234 599 5286 καὶ
651 5235 774 5297 τοὺς
819 5235 1187 5302 βαστάζοντας
1239 5233 1308 5287 τὰ
1367 5235 1559 5303 ίμάτια
1603 5233 1710 5286 τῶν

162 5315 402 5388 δρομέων,
442 5340 508 5395 μη
537 5326 632 5396 ἑᾷν
672 5327 869 5388 αὐτοὺς
903 5325 1266 5397 κατέρχεσθαι
1299 5327 1380 5388 είς
1411 5326 1510 5388 τὰς
1533 5341 1710 5396 παρα-

166 5412 362 5475 σκευάς,
391 5415 520 5470 ἀλλὰ
564 5419 745 5488 μένειν
778 5419 978 5481 αὐτοὺς
1031 5419 1175 5473 ἀνω·
1217 5419 1324 5472 τῶν
1362 5419 1406 5449 ⁸⁸
1433 5419 1710 5490 τεσσάρων

167 5500 435 5566 ταγμάτων
465 5506 573 5575 (ιδ)
627 5509 751 5571 τοὺς
807 5508 1074 5578 ἄρχοντας
1110 5510 1236 5574 τοὺς
1281 5510 1713 5580 κατερχομένους

1821 5051 2000 5105 bulata
2050 5049 2345 5103 ascendere
2378 5061 2484 5101 non
2538 5047 2849 5115 permittat,
2898 5045 2992 5099 sed
3038 5060 3200 5113 supra
3245 5055 3394 5098 stare

1817 5157 1912 5195 eos
1950 5141 2178 5210 jubeat;
2231 5147 2465 5208 quatuor
2503 5137 2791 5192 ordinibus
2823 5135 3116 5206 praefectis,
3177 5135 3268 5201 qni
3322 5135 3389 5186 ad

1819 5231 2192 5298 lineasEuripi
2229 5229 2583 5294 desceiulnnt,
2616 5245 2682 5283 ne
2702 5229 2830 5297 quid
2853 5229 3126 5281 ahordinte
3151 5228 3387 5278 alienum

1819 5325 1873 5378 in
1914 5338 2169 5379 cursores
2210 5321 2555 5376 committant
2582 5319 2807 5374 allectus
2859 5333 3042 5383 causa,
3081 5319 3172 5371 sed
3211 5317 3391 5386 potius

1819 5432 2027 5469 summa
2065 5430 2188 5470 cunt
2235 5413 2560 5468 verecundia
2613 5414 2850 5472 adstent,
2885 5425 3004 5478 quas
3044 5409 3174 5477 ipsis
3234 5422 3388 5461 :nan-

1823 5510 1946 5563 data
1978 5517 2121 5570 sunt,
2155 5506 2447 5576 peracturi.
2503 5505 2830 5569 Notandum,
2883 5517 3074 5574 preces
3102 5502 3282 5573 populi
3317 5501 3386 5555 ad

1425 5601 1662 5656 VARIzE
1698 5600 2099 5656 LECTIONES.

246 5689 286 5719 ⁸⁷
315 5691 574 5762 εὔριππον
611 5703 728 5756 cod.
758 5712 812 5756 et
843 5705 932 5757 ed.
967 5705 1219 5772 idemque
1254 5721 1302 5774 ιζ.
1336 5703 1428 5757 ‘21.
1508 5705 1552 5735 “
1584 5705 1697 5758 ἀνω
1729 5703 1838 5754 τῶν
1881 5703 1967 5755 c:|.

1171 5798 1362 5853 JOAN.
1391 5799 1532 5856 JAC.
1562 5796 1805 5851 ιιΕιδκιι
1837 5791 2404 5851 (IUMMBNTARlUS.

238 5874 341 5944 (45)
365 5879 597 5944 Quatuor
627 5897 854 5957 tagmata
892 5901 1016 5946 sunt
1054 5906 1066 5942 :
1098 5890 1324 5955 Schola',
1359 5891 1639 5950 Excubita,
1669 5889 1908 5944 llicanati
1943 5898 1987 5940 ct
2021 5886 2259 5941 Numeri.
