4150 6444
137 399 236 465 677

954 396 1051 456 DE
1081 391 1541 455 CERIMON’IIS
1579 390 1796 451 AULE
1829 386 2273 449 BYZANTINtE
2319 386 2462 449 LIB.
2522 390 2573 448 Ι.

3291 384 3399 448 678

135 512 335 565 ταῦτα’
375 530 392 561 ι
443 511 543 579 Γὴν
595 511 762 579 καλὴν
812 508 1028 577 ἡμέραν
1080 509 1396 577 ποιήσωμεν
1437 503 1573 576 μετὰ
1634 502 1722 556 τοῦ

1838 501 2201 555 celebremus!
2262 512 2343 555 ter
2398 509 2609 565 sancte,
2664 501 2900 555 dominis
2954 498 3216 554 auxilium
3266 500 3422 555 aiter.

135 603 419 674 δημάρχου
457 603 564 655 τῶν
619 603 861 655 Βενέτων
879 600 923 631 ’⁸
951 601 964 652 !
993 599 1282 668 Τρισάγιε,
1317 597 1582 667 βοήθησον
1605 597 1731 658 τοὺς

135 696 424 757 δεσπότας,
486 695 581 745 καὶ
640 692 701 745 σὺ
754 693 953 754 αὐτοὺς
1004 690 1346 760 θεράπευσον
1399 688 1493 740 sui.
1538 688 1728 747 πᾶσιν,

139 786 453 849 πλεονάζων
474 785 571 853 τῆς
596 782 740 854 ζωῆς
768 783 947 836 αὐτῶν
977 783 1225 852 χρόκους,
1255 783 1351 834 συν
1372 782 1491 843 ταῖς
1522 779 1731 847 τιμίαις

138 878 472 945 αὐτουσταις
508 879 565 930 ἐν
624 878 687 947 τῇ
756 877 1018 946 πορφύρα
1060 876 1142 939 είς
1189 873 1406 947 τελείαν
1453 870 1734 943 χαρμονὴν

140 972 244 1021 τῶν
289 971 580 1039 Ῥωμαίων
650 970 746 1021 καὶ
818 968 1060 1021 Βενέτων
1120 968 1230 1020 τῶν
1284 966 1525 1035 γνησίων
1580 964 1734 1032 ὑμῶν

139 1058 502 1113 ὢύλωνῖεσ·
534 1060 716 1126 Ἀγιε,
738 1058 1014 1127 τρισάγιε,
1032 1056 1161 1119 τοὺς
1180 1055 1447 1116 δεσπότας
1476 1054 1732 1123 φύλαττε,

141 1149 369 1217 Πνεῦμα
422 1148 484 1201 τὸ
546 1150 830 1215 πανάγιον,
898 1149 998 1210 τὰς
1055 1146 1361 1215 αὖγούστας
1422 1144 1731 1197 σκέπασονί

140 1240 337 1311 Κύριε,
361 1238 506 1309 ζωὴν
538 1240 719 1293 αὐτῶν
744 1238 833 1292 διὰ
853 1239 951 1310 τὴν
984 1238 1128 1309 ζωὴν
1159 1238 1318 1309 ἡμῶν
1345 1238 1357 1290 !
1382 1237 1548 1317 56.6.
1582 1232 1633 1290 οῖ
1652 1235 1732 1289 la.

140 1333 337 1402 Κύριε,
363 1336 543 1401 χαῖρε,
577 1332 717 1404 καλή
750 1350 843 1385 σου
888 1333 1101 1403 ἡμέραι
1153 1332 1250 1401 ὅλη
1286 1332 1467 1402 ἡμέρα
1498 1332 1736 1401 σήμερον

140 1425 279 1493 καλή
323 1442 415 1477 σου
472 1426 658 1495 ἡμέρα
716 1424 965 1493 γίνεταιί
1008 1426 1037 1477 6
1072 1424 1221 1476 δεῖνα
1278 1422 1737 1495 πρωτοσπαθάριε

139 1516 235 1567 καὶ
264 1516 539 1585 δήμαρχε,
592 1514 777 1568 πολλοί
831 1532 924 1567 σου
976 1515 1192 1585 χρόνοι·
1245 1517 1272 1567 6
1327 1514 1564 1576 ἀναστὰς
1606 1512 1739 1575 Θεὸς

138 1606 299 1675 ἡμῶν
333 1605 499 1676 ζωὴν,
531 1607 721 1674 ὑγείαν
746 1606 909 1659 δώσει
947 1623 1052 1659 σοι.
1084 1605 1193 1659 Τοῦ
1225 1607 1487 1659 δεσπότου
1518 1607 1733 1674 γνήσιε,

137 1695 197 1746 τὺ
226 1695 374 1748 θεῖον
400 1696 698 1766 περισὼσει
747 1714 830 1759 σε,
870 1699 966 1750 κοιλ¹
992 1697 1212 1750 πλείονα
1250 1698 1564 1768 δωρήσηται
1603 1696 1737 1760 Θεὸς

137 1788 165 1837 ὁ
193 1788 545 1856 ἐπουράνιος,
577 1787 665 1841 ἵνα
707 1787 1063 1857 εὐτυχοῦντός
1101 1805 1197 1841 σου
1231 1788 1449 1858 ὁρῶμεν
1488 1788 1582 1842 καὶ⁵
1612 1806 1737 1859 χαι-

139 1875 405 1948 ρὼμεθαί
452 1874 612 1928 τοῦτο
660 1878 879 1941 πάντως
927 1877 1139 1943 γίνεται
1193 1878 1423 1948 προνοίᾳ
1461 1878 1555 1931 τοῦ
1595 1878 1734 1933 Θεοῦ
1771 1864 1814 1918 Β

140 1967 325 2035 ἡμῶν.
375 1965 569 2031 Ἀξίως
601 1984 684 2020 σοι
720 1967 994 2038 εὐχόμεθα
1029 1968 1267 2033 Βένετοι,
1299 1970 1629 2038 παγκόσμιε,
1652 1968 1735 2022 ὅτι

141 2060 592 2127 ὑπερϐάλλουσαν
620 2059 767 2130 ἔχεις
822 2060 1202 2125 καλοθέλειαν,
1232 2061 1330 2114 καὶ
1372 2061 1539 2129 εὐχὰς
1580 2060 1737 2128 κομί-

140 2150 297 2210 ζεσαι
327 2150 391 2200 ἑκ
421 2150 529 2202 τῶν
557 2148 897 2217 ἀγαπώντων
933 2166 993 2202 σε
1015 2164 1029 2180 ·
1067 2150 1142 2213 ὡς
1164 2149 1272 2221 γὰρ
1306 2149 1611 2220 ἀγαπῶμεν
1629 2167 1733 2214 σοι,

141 2240 314 2303 ἀξίως
368 2255 428 2291 σε
473 2238 782 2309 εὐχόμεθα.
816 2240 902 2293 ἵνα
954 2240 1234 2311 ἀδιάδοχος
1291 2242 1481 2314 μείνῃς
1520 2241 1735 2295 διοικῶν

142 2331 315 2397 ἡμᾶς.
356 2329 452 2382 ἐσ·
504 2330 823 2395 ὐὰναστὰς
870 2332 1002 2395 Θεὸς
1022 2333 1216 2402 ἡμῶν,
1246 2332 1479 2401 φύλαττε
1510 2333 1599 2386 τὸν
1645 2334 1737 2404 δή·

146 2436 379 2491 μαρχον.
420 2439 438 2472 ι
485 2421 702 2483 ’1στέον,
738 2423 819 2474 ὅτι
850 2424 943 2475 καὶ
997 2424 1046 2475 οἱ
1083 2422 1175 2477 τοῦ
1208 2425 1409 2495 μέρους
1447 2425 1555 2479 τῶν
1583 2426 1735 2494 Πρα-

144 2511 309 2563 σειων
338 2509 436 2580 τὴν
490 2512 681 2581 ὁμοίαν
728 2511 879 2576 τάξιν
930 2512 1023 2566 καὶ
1050 2513 1374 2567 ἀκολουθίαν
1404 2512 1633 2567 ποιῶσιν
1658 2514 1735 2586 τῷ

147 2598 259 2668 ἰδίῳ
290 2600 579 2671 δημάρχῳ,
597 2602 691 2654 καὶ
717 2602 788 2654 τὰ
817 2602 955 2656 αὐτὰ
986 2602 1128 2656 ἄκτα
1150 2602 1541 2671 ἀκτολογοῦσιν
1563 2603 1732 2675 αὐτῷ.

144 2689 263 2758 Χρὴ
314 2691 625 2756 γινώσκειν,
657 2691 762 2757 ὅτι,
806 2692 907 2761 τῆς
961 2691 1369 2764 προρῤηθείσης
1408 2693 1611 2758 τάξεως
1640 2693 1737 2747 καὶΙ

145 2775 469 2839 ἀκολουθίας
518 2776 865 2849 τελεσθείσης
915 2782 974 2832 ἐν
1021 2780 1098 2847 τῷ
1140 2779 1235 2833 τοῦ
1261 2780 1545 2852 δημάρχου
1576 2781 1733 2851 οἴκῳ,

143 2866 391 2933 όψωιεὺει
421 2868 528 2921 ἀπὸ
554 2870 663 2921 τῶν
685 2871 863 2923 ἐκεῖσε
888 2870 1051 2924 αὐτὸν
1080 2871 1108 2923 6
1126 2870 1294 2941 δῆμος
1316 2870 1422 2931 ἕως
1448 2872 1542 2924 τοῦ
1571 2872 1736 2925 ἱππο-

144 2958 393 3027 δρομίου,
416 2959 660 3029 δηλονότι
680 2961 843 3015 αὑτοῦ
873 2962 1167 3032 ἱσταμένου
1199 2963 1258 3016 ἐν
1288 2963 1366 3033 τῷ
1394 2963 1603 3033 δεκάτῳ
1638 2981 1737 3016 κα-

145 3048 381 3119 γκέλλῳ.
411 3050 522 3103 Καὶ
544 3050 735 3106 τούτου
760 3053 937 3104 ἐκεῖσε
965 3052 1285 3121 ἱσταμένου,
1324 3052 1485 3105 πάλιν
1518 3052 1734 3107 ἵσταται

143 3141 170 3191 6
190 3143 362 3210 δῆμος
389 3141 889 3219 ἀκτολογῶνιαύτῷ
920 3145 1131 3198 ταῦταί
1169 3146 1232 3197 0!
1260 3145 1494 3215 κρὰκται
1516 3158 1530 3174 ⁸
1578 3164 1595 3195 ι
1628 3146 1739 3198 Κα-

1835 608 2023 645 curam
2074 606 2265 645 eorum
2319 594 2370 646 in
2423 591 2680 648 omnibus
2737 593 2974 661 suscipe,
3013 593 3178 645 vitam
3234 606 3422 645 eorum

1835 698 2035 753 augens
2069 698 2190 737 cum
2225 685 2551 739 venerandis
2588 684 3025 753 imperatricibus
3060 686 3113 736 in
3162 698 3424 752 purpura,

1836 778 1901 828 ad
1937 776 2237 845 perfectam
2273 777 2521 831 laetitiam
2559 776 2928 831 Romanorum
2966 790 3027 829 ac
3066 774 3426 839 Venetorum,

1837 883 2085 923 verorum
2113 883 2395 923 servorum
2431 877 2666 922 tuorum.
2709 869 2928 931 Sancte,
2966 877 3045 920 tcr
3075 878 3281 933 sancte,
3334 871 3428 919 dn-

1839 960 2016 1013 minos
2036 959 2283 1013 custodi!
2320 957 2556 1026 Spiritus
2572 958 2933 1018 sanctissime.
2959 969 3217 1027 augustas
3239 958 3424 1013 tuere!

1844 1051 2095 1113 Domine,
2121 1050 2285 1103 vitam
2325 1050 2563 1117 ipsorum
2607 1063 2704 1118 per
2731 1059 2971 1103 nostram
2997 1050 3198 1103 vitam!
3242 1048 3423 1115 Salve,

1840 1140 2347 1210 Domine,_pulchra
2386 1151 2468 1195 est
2518 1143 2633 1195 haec
2667 1142 2785 1195 dies
2825 1142 2954 1195 tua!
3018 1143 3276 1195 hodierna
3314 1141 3429 1194 dies

1840 1218 1949 1286 tota
1983 1233 2208 1301 pulchra
2236 1235 2328 1287 tibi
2389 1234 2506 1287 dies
2537 1234 2620 1287 tit!
2656 1234 2723 1286 N.
2766 1236 3205 1304 protospatbarie
3244 1244 3299 1289 et
3328 1235 3427 1287 de-

1842 1329 2087 1390 marcbc,
2138 1327 2303 1381 multa
2340 1327 2434 1380 tibi
2492 1329 2764 1395 tempora!
2806 1328 2966 1391 Deus,
3005 1327 3096 1397 qui
3136 1342 3166 1381 e
3198 1328 3427 1382 mortuis

1841 1423 2161 1485 resurrexit,
2197 1420 2402 1475 salvam
2438 1422 2589 1476 vobis
2633 1422 2798 1474 vitam
2848 1422 3143 1475 concedat!
3180 1421 3427 1476 Genuine

1841 1513 2195 1566 Dominornm
2238 1513 2457 1577 famule,
2515 1512 2772 1567 divinitas
2818 1521 2870 1567 te
2902 1493 3210 1577 conservet,
3244 1514 3429 1581 plura-

1840 1619 1946 1669 que
1978 1604 2119 1657 Deus
2149 1603 2390 1658 caelestis
2443 1604 2536 1658 tibi
2573 1592 2859 1667 concedat,
2913 1611 2971 1656 ut
3018 1612 3071 1657 te
3108 1603 3317 1659 felicem
3350 1604 3428 1656 vi-

1842 1695 2066 1749 dcamus
2111 1704 2166 1749 et
2196 1697 2563 1764 gaudeamus!
2613 1697 2715 1751 huc
2757 1712 2920 1751 omne
2960 1696 3301 1765 providentia
3333 1698 3429 1753 Dei

1841 1788 2016 1841 nostri
2049 1789 2267 1841 accidit.
2301 1787 2496 1842 Merito
2530 1788 2626 1843 tibi
2666 1803 2765 1844 nos
2808 1786 3022 1853 Veneti,
3053 1788 3426 1853 ornatissime,

1842 1891 2221 1947 apprecamur,
2249 1879 2393 1945 quod
2424 1876 2958 1946 superabundantem
2992 1874 3425 1929 benevolentiam

1841 1971 2032 2025 babes.
2071 1980 2126 2024 et
2151 1983 2340 2037 preces
2373 1984 2402 2021 a
2437 1969 2739 2023 cultoribus
2776 1969 2881 2022 tuis
2910 1967 3113 2036 accipis
3145 1984 3160 2022 :
3189 1975 3247 2020 ut
3280 1966 3425 2021 enim

1842 2072 1894 2117 te
1922 2077 2192 2125 amamus,
2251 2061 2323 2114 ita
2377 2070 2425 2113 et
2461 2060 2634 2113 fausta
2688 2059 2782 2114 tibi
2831 2058 2954 2127 jure
3005 2076 3362 2130 apprecantur
3408 2076 3424 2115 :

1839 2154 2004 2224 220
2034 2162 2091 2207 nt
2118 2152 2235 2208 sine
2262 2166 2575 2207 successore
2609 2152 2698 2206 ditt
2728 2152 2872 2206 inter
2911 2167 3007 2206 nos
3043 2153 3424 2207 connnoreris.

1843 2244 1982 2298 Dens
2015 2255 2220 2309 noster,
2248 2244 2340 2313 qui
2365 2244 2685 2307 resurrexit,
2708 2244 3059 2298 demarchum
3075 2245 3371 2301 custodiat.
3399 2264 3418 2297 ι

1839 2334 1983 2390 Grex
2012 2332 2359 2387 Prasinorum
2392 2334 2643 2385 eumdem
2703 2334 2947 2387 ordinem
2980 2334 3257 2404 ritumque
3299 2350 3429 2403 erga

1838 2440 1993 2479 suum
2023 2427 2297 2479 tribunum
2322 2426 2574 2480 observat
2601 2425 2900 2495 eademque
2919 2435 3036 2480 acta
3071 2426 3173 2494 ipsi
3204 2428 3422 2483 accinit.

1839 2513 1958 2582 Quo
2011 2515 2117 2570 ritu
2167 2525 2220 2571 et
2253 2515 2429 2569 ofﬁcio
2482 2517 2533 2568 in
2584 2515 2790 2569 aedibus
2831 2516 2950 2587 ejus
2990 2527 3229 2585 peracto,
3266 2518 3428 2573 factio

1841 2608 2115 2661 tribunum
2173 2624 2332 2662 suum
2396 2608 2522 2663 inde
2560 2609 2626 2661 ad
2673 2608 2881 2662 circum
2939 2610 3254 2677 comitatur,
3309 2611 3428 2681 ipso

1839 2700 2051 2754 scilicet
2101 2698 2153 2754 in
2201 2701 2415 2755 decium
2448 2701 2694 2756 cancello
2740 2701 3062 2764 constituto,
3116 2718 3224 2772 quo
3257 2702 3424 2769 facto,

1841 2807 2029 2846 rursus
2053 2790 2283 2860 p0pnlns
2314 2792 2563 2847 consistit
2600 2792 2741 2847 hunc
2774 2792 2831 2846 in
2862 2794 3078 2846 modum
3114 2794 3211 2863 ipsi
3238 2794 3425 2849 accla-

1842 2898 2032 2937 tnans:
2073 2900 2091 2933 ι
2132 2882 2365 2937 Pulchre
2408 2884 2625 2948 venisti,
2676 2883 2879 2939 fantule
2922 2885 3224 2954 principum
3256 2902 3281 2940 a
3316 2885 3427 2942 Deo

1840 2974 2260 3029 coronatorum!
2291 2994 2309 3027 ι
2345 2974 2574 3044 populus
2603 2993 2617 3030 :
2658 2993 2678 3027 ι
2711 2974 2949 3030 Pulchre
2969 2977 3195 3032 venisti!
3227 2996 3244 3023 ι
3280 2977 3425 3033 Can-

1842 3075 1986 3119 tores
2035 3082 2104 3119 ει
2151 3065 2388 3120 Pulchre
2423 3067 2636 3131 veniali,
2698 3082 2726 3121 a
2776 3067 3113 3137 principibus
3148 3071 3426 3125 benevolis

1840 3154 2120 3222 promote!
2176 3172 2196 3206 ι
2230 3153 2458 3224 populus
2495 3172 2508 3207 :
2549 3173 2567 3205 ι
2623 3153 2857 3209 Pulchre
2904 3158 3131 3209 venisti!
3175 3175 3192 3207 ι
3228 3157 3425 3213 Canto-

144 3231 247 3294 λῶς
281 3229 447 3302 ἦλθες
473 3274 487 3297 ,
534 3235 877 3289 θεοστέπτων
909 3240 936 3291 6
987 3237 1206 3301 δοῦλοςί
1242 3257 1261 3290 ι
1309 3239 1339 3291 6
1370 3237 1518 3303 λαὸς,
1559 3259 1575 3291 ι
1619 3241 1737 3292 Κα-

1844 3261 1966 3299 res:
1998 3264 2015 3295 ι
2047 3245 2277 3299 Pulchre
2304 3246 2522 3309 venisti,
2551 3246 2852 3302 illustribus
2892 3248 3191 3317 majoribus
3218 3251 3367 3303 orte!
3400 3269 3419 3302 ι

144 3322 247 3385 λῶς
292 3320 488 3395 ἦλθεςί
542 3345 559 3376 ι
600 3328 664 3380 Oi
690 3328 924 3397 κράκται
952 3347 965 3361 ο
990 3348 1006 3380 ι
1044 3330 1225 3394 καλῶς
1262 3325 1453 3400 ἦλθες,
1492 3332 1731 3403 προῧολὴ

142 3415 452 3485 εὐεργετῶν
504 3418 517 3469 ι
555 3437 573 3469 ι
613 3419 641 3472 6
682 3420 838 3483 λαός·
897 3438 915 3472 t
962 3421 1156 3484 Καλῶς
1197 3418 1401 3493 ἧλθεςί
1442 3442 1459 3474 ι
1498 3425 1560 3475 Ui
1593 3423 1733 3494 κρά-

144 3524 302 3559 κται·
350 3529 368 3559 ι
400 3510 599 3573 Καλῶς
648 3507 833 3582 ἦλθες,
878 3513 906 3564 ὁ
947 3513 1174 3585 εὐγενὴς
1223 3516 1287 3566 ἐκ
1334 3515 1656 3585 προγόνωνί
1708 3534 1725 3565 >

142 3599 360 3663 ὁὶαός·
406 3620 425 3653 ι
475 3604 667 3664 Καλῶς
721 3599 921 3674 ἦλθεςί
968 3623 984 3656 ι
1023 3607 1086 3658 Οἱ
1133 3605 1368 3676 κράκται
1401 3622 1413 3635 ο
1471 3624 1488 3656 ι
1535 3606 1731 3670 Καλῶς

140 3688 325 3762 ἦλθες,
373 3695 402 3746 ὁ
443 3694 592 3747 δεῖνα
660 3696 1118 3768 πρωτοσπαθάριε
1174 3699 1269 3751 καὶ
1329 3699 1576 3769 δήμαρχε
1624 3680 1731 3752 τῶν

143 3780 453 3835 Βενέτωνῐ»
512 3782 570 3837 Ὀ
628 3784 779 3850 λαὸς,
814 3788 1041 3849 (Καλῶς
1094 3783 1324 3857 ἦλθεςί»
1362 3790 1425 3840 Οί
1468 3788 1726 3858 κράκται·

144 3892 161 3924 ι
206 3875 354 3927 Ἀλλ’
384 3879 413 3928 6
450 3878 664 3931 παντων
700 3879 936 3950 Ποιητής
987 3881 1077 3932 καὶ
1108 3882 1452 3951 Δεσπότηςίς
1499 3883 1557 3934 Ὀ
1597 3882 1726 3946 λαὸς

145 3986 161 4015 ι
188 3968 390 4031 Καλῶς
442 3966 639 4039 ἦλθεςί
684 3992 700 4022 ι
761 3973 825 4023 Οἱ
856 3971 1113 4041 κρὰκται·
1159 3991 1175 4022 ι
1199 3972 1259 4024 '0
1291 3972 1531 4040 ἀναστὰς
1553 3990 1732 4044 παρα-

139 4060 304 4125 δόξως
343 4065 407 4114 ἐκ
440 4064 666 4131 τάφουί»
713 4065 772 4118 '0
792 4065 942 4129 λαὸς,
984 4064 1208 4129 (Καλῶς
1233 4062 1467 4135 ἦλθεςί»
1504 4067 1564 4120 Οἱ
1593 4069 1729 4138 κρά-

141 4171 265 4209 κται
288 4174 302 4187 ·
346 4154 487 4207 ιΚαὶ
518 4155 577 4207 τὸ
604 4157 757 4225 χαῖρε
788 4154 1037 4217 δεδωκὼς
1062 4154 1173 4226 (81)
1213 4157 1539 4227 μυροερόροις
1565 4158 1578 4210 !
1607 4176 1625 4209 ι
1675 4160 1731 4213 Ὀ

147 4248 299 4315 λαὸς,
333 4269 351 4299 ι
392 4247 587 4310 Καλῶς
618 4245 812 4318 ἧλθεςί
852 4265 871 4299 ›
905 4249 967 4300 Oi
996 4248 1252 4318 κράκται·
1295 4269 1312 4300 ι
1342 4250 1480 4312 Τοὺς
1503 4251 1730 4322 χρόνους

142 4360 235 4393 σου
262 4340 621 4408 πληθύνειείι,
643 4341 792 4410 μήκη
811 4339 1017 4410 χρόνων
1043 4340 1055 4391 l
1083 4359 1100 4391 ι
1125 4340 1182 4391 '0
1197 4340 1343 4407 λαὸς,
1375 4360 1392 4393 ε
1421 4342 1617 4405 καλῶς
1633 4340 1731 4415 ἦλ-

140 4432 229 4494 θες
256 4433 269 4483 l
315 4432 383 4483 Οἱ
426 4431 683 4500 κράκται·
726 4450 744 4481 ι
772 4430 874 4482 "Ea
894 4447 907 4461 ·
948 4449 964 4481 ι
1002 4431 1031 4482 6
1058 4430 1189 4493 Θεὸς
1214 4434 1241 4484 6
1269 4432 1422 4499 ἅγιος
1444 4476 1457 4496 ,
1496 4434 1730 4502 φύλαττε

140 4524 228 4574 τὴν
275 4524 560 4592 δήμαρχον
590 4541 605 4557 ο
641 4541 660 4574 ι
701 4522 798 4575 καὶ
826 4522 855 4574 6
899 4521 1029 4586 λαὸς
1052 4522 1252 4592 ὁμοίως
1304 4525 1369 4577 ἐκ
1398 4530 1466 4593 γ’.
1513 4526 1729 4590 Ἰστέον,

1841 3338 2116 3407 populus:
2161 3356 2178 3389 ι
2214 3337 2445 3392 Pulchre
2470 3338 2700 3393 venisti!
2742 3358 2761 3389 ι
2796 3340 3093 3395 Cantores:
3137 3358 3156 3392 ι
3194 3339 3424 3397 Pulchre

1836 3430 2054 3492 venisti,
2078 3429 2144 3483 N.
2185 3430 2619 3499 protospatbarie
2658 3442 2712 3485 et
2750 3434 2965 3486 tribune
2996 3430 3358 3488 Venetorum!
3395 3451 3415 3487 ι

1835 3522 2067 3593 populus
2102 3541 2116 3576 :
2165 3542 2182 3573 ι
2219 3522 2452 3577 Pulchre
2476 3526 2703 3580 venisti!
2748 3544 2766 3577 ι
2805 3526 3114 3581 Cantores:
3149 3543 3167 3576 σ
3211 3529 3423 3580 Αιοηι-

1836 3615 1985 3666 nium
2034 3612 2265 3667 Creator
2311 3623 2365 3667 et
2419 3613 2714 3679 Dominus;
2755 3633 2773 3666 ι
2814 3616 3079 3683 populus:
3114 3632 3133 3666 ι
3193 3614 3423 3669 Pulchre

1837 3700 2068 3756 venisti!
2119 3719 2137 3753 ι
2182 3701 2484 3757 Cantores:
2527 3722 2545 3755 ι
2582 3703 2684 3770 Qui
2718 3704 3094 3759 admirandum
3123 3704 3174 3758 in
3205 3706 3420 3759 modum

1833 3806 1864 3846 e
1915 3794 2167 3859 sepulcro
2219 3795 2553 3872 rcsurrepit;
2613 3814 2633 3849 ι
2671 3799 2902 3866 populus
2938 3814 2952 3851 :
2991 3815 3010 3848 ι
3044 3796 3277 3851 Pulchre
3327 3812 3423 3851 ve-

1834 3887 1994 3941 nisti!
2034 3906 2052 3939 ι
2083 3888 2352 3943 Cantores
2392 3908 2405 3943 :
2436 3890 2552 3942 «.Et
2586 3902 2860 3958 unguenta
2888 3889 3176 3945 aﬂ‘erentes
3212 3888 3415 3945 saluta-

1834 3982 1943 4048 vit;
1981 4000 1999 4032 ι
2056 3982 2286 4052 p0pnlus
2342 4000 2356 4036 ε
2404 4001 2422 4034 ι
2486 3982 2721 4039 Pulchre
2762 3984 2990 4038 venisti!
3053 4001 3072 4034 ι
3106 3981 3415 4037 Cantores:

1842 4092 1859 4125 ι
1891 4075 2075 4127 Annos
2111 4084 2322 4129 vestros
2356 4074 2583 4129 multum
2608 4076 2835 4144 augeat!
2879 4094 2897 4127 ι
2931 4074 3163 4144 populus
3192 4091 3205 4127 :
3241 4092 3259 4125 ι
3290 4071 3418 4127 Pul-

1810 4165 1964 4229 chre
1994 4165 2221 4221 venisti!
2267 4184 2285 4216 ι
2317 4163 2619 4221 Cantores:
2656 4183 2674 4217 ι
2714 4164 2854 4219 Deus
2890 4172 3098 4228 sancte,
3138 4162 3415 4217 tribunum

1834 4270 2137 4322 conserva;
2206 4274 2224 4306 ι
2281 4254 2509 4324 populus
2556 4255 2741 4309 eadem
2783 4262 2882 4307 ter.
2934 4252 3204 4306 Cancrum
3252 4252 3417 4304 factio

1838 4349 2060 4402 l’rasina
2100 4349 2352 4402 eumdem
2389 4348 2552 4401 ritttm
2589 4348 2839 4416 idemque
2870 4343 3102 4398 alliciunt
3153 4357 3282 4413 erga
3321 4342 3416 4394 de-

1838 4455 1922 4491 ma
1934 4441 2118 4493 rcbnm
2144 4455 2300 4493 suum
2325 4440 2605 4503 observat,
2630 4441 2820 4493 eadem
2847 4438 2952 4506 ipsi
2975 4446 3094 4490 acta
3115 4438 3419 4503 eodemque

1838 4528 1888 4579 ll:
1916 4529 2034 4581 loco
2071 4530 2293 4583 accinit.

139 4616 216 4668 ὅτι
280 4617 378 4667 καὶ
440 4615 489 4665 οἱ
535 4612 627 4666 τοῦ
678 4612 879 4683 μέρους
909 4611 1015 4664 τῶν
1046 4612 1333 4682 Πρασίνων
1358 4612 1455 4682 τὴν
1507 4615 1698 4683 ὁμοίαν
1747 4616 1900 4679 τάξιν
1922 4618 2016 4671 καὶ⁵
2045 4617 2365 4673 ἀκολουθίαν
2390 4617 2615 4671 ποιῶσιν
2649 4614 2729 4685 τῷ
2760 4616 2874 4686 ἰδίῳ
2902 4614 3187 4685 δημάρχῳ,
3220 4598 3317 4667 καί
3347 4614 3414 4666 τὰ

140 4708 277 4762 αὑτὰ
325 4707 468 4761 ἄκτα
504 4703 890 4766 ἀκτολογοῦσιν
926 4701 1074 4771 αὐτῷ
1109 4703 1200 4754 καὶ
1270 4704 1329 4753 ἐν
1399 4704 1477 4773 τῷ
1553 4703 1701 4773 αὐτῷ
1736 4706 1906 4776 τόπῳ.

580 4898 581 4901 η
692 4837 943 4891 ΚΕΦΑΔ.
977 4835 1105 4891 ΠΛἎ

170 4931 320 4982 Ὅσα
356 4928 452 4983 δεῖ
482 4926 970 4996 παραφυλάττειν
994 4929 1094 4983 ἐπὶ
1126 4930 1523 5002 νυμφαγωγίῳ
1548 4931 1681 5002 (82).
1720 4969 1731 4983 .

207 5023 288 5093 Τῇ
322 5021 533 5093 ἑσπέρᾳ
558 5020 888 5093 ἀπέρχονται
916 5021 985 5077 τὰ
1008 5020 1100 5074 δύο
1136 5022 1278 5094 μέρη
1323 5023 1462 5093 μετὰ
1495 5023 1589 5077 καὶ
1618 5025 1726 5077 τῶν

2384 4836 2611 4894 CAPUT
2646 4834 2881 4892 LXXXI.

2115 4932 2463 4986 Observanda
2500 4932 2554 4985 in
2575 4946 2783 4998 sponsa
2808 4929 3140 4983 deductione.

1909 5022 2131 5091 Vesperi
2164 5026 2283 5079 dua:
2312 5024 2573 5079 factiones
2601 5038 2723 5078 cum
2751 5022 2864 5077 suis
2885 5020 3103 5089 organis
3134 5026 3193 5076 et
3213 5030 3408 5089 sponsa

1472 5177 1701 5234 νΑΒΙᾸΞ
1745 5179 2147 5237 LECTIONES.

223 5287 270 5317 "
311 5285 516 5342 ΣΧΟΛ.
553 5285 768 5351 ἰστέον,
809 5288 893 5340 ὅτι
918 5285 1013 5339 τοῦ
1043 5287 1218 5358 δήμου
1242 5286 1689 5357 ἀκτολογοῦντος,
1725 5289 1879 5345 αὐλεῖ
1909 5292 1970 5345 τὸ
2001 5292 2248 5363 ὄργανον.

1048 5432 1097 5481 ι
1165 5421 1360 5477 ιοΑΝ.
1387 5422 1527 5478 JAC.
1554 5424 1809 5482 REISKII
1845 5426 2416 5485 COMMENTARIUS.

212 5534 327 5605 (8!)
356 5533 731 5609 Intellignntur
775 5548 888 5593 tres
940 5540 1198 5595 mulieres
1228 5551 1498 5609 unguenta
1532 5544 1597 5596 ad
1634 5556 1721 5596 se-

146 5609 435 5671 pulchrum
466 5607 667 5661 Cbristi
702 5608 978 5674 ferentes;
1014 5613 1121 5664 vid.
1161 5607 1539 5679 Eun—gelistas
1601 5628 1723 5680 pas-

147 5691 353 5749 sionem
386 5684 440 5725 et
488 5681 936 5749 resurrectionem
986 5680 1187 5733 Christi
1246 5683 1639 5749 describentes,
1669 5694 1724 5737 et

151 5746 447 5821 UtrACzutge
477 5745 655 5821 Gloss.
684 5747 774 5821 Gr.
811 5764 860 5800 ν.
892 5751 1226 5820 Μυροφόροι.

217 5814 330 5885 (8:2)
373 5813 556 5883 Neque
586 5818 687 5871 hoc
712 5820 763 5873 in
794 5813 998 5888 Capite,
1018 5813 1192 5889 neque
1222 5822 1275 5875 in
1306 5830 1567 5892 sequente
1593 5832 1721 5892 puto

1834 5560 2142 5600 sermonem
2175 5545 2240 5598 de
2273 5545 2501 5614 Augusti
2538 5542 2741 5614 nuptiis
2779 5554 2921 5606 esse,
2962 5550 3053 5614 seu
3097 5541 3165 5595 de
3195 5543 3407 5614 demar-

1833 5617 1917 5668 cbi
1958 5626 2188 5669 tantum.
2219 5609 2628 5684 Νυμῷαγώγιον
2658 5624 2743 5668 est
2766 5609 3036 5684 deductio
3092 5624 3313 5684 sponsa}
3351 5611 3404 5664 in

1832 5686 1974 5739 aedes
2006 5693 2214 5755 sponsi,
2250 5681 2409 5755 quain
2441 5681 2701 5755 sequitur
2730 5681 2792 5734 τὸ
2823 5681 3154 5750 στεφάνωμα
3183 5695 3279 5735 seu
3302 5681 3405 5736 im~

1832 5754 2381 5825 positio’coronarum
2414 5754 2758 5822 nuptialium.
