4152 6436
130 388 231 451 741

948 383 1046 441 DE
1069 382 1525 444 CERIMONIIS
1565 382 1785 442 AULRE
1824 382 2268 445 BYZANTIN/E
2301 384 2444 446 LIB.
2471 385 2525 442 Ῐ.

3264 387 3372 449 ’142

128 503 219 550 xxi
246 497 454 565 γίνεται
490 490 669 545 αὐτῶν
697 488 1026 558 διατίμησις,
1074 489 1166 539 καὶ
1210 488 1289 539 δεῖ
1338 488 1463 549 τοὺς
1514 486 1696 554 βεστο-
1732 494 1754 547 Α

1812 488 2133 541 rltartulario
2170 490 2221 542 in
2268 490 2517 543 cubiculo
2568 506 2747 544 coram
2797 491 3143 560 imperatore,
3193 500 3373 564 prius—

129 584 435 652 σακράνους
513 579 611 649 τὴν
674 577 984 647 διατίμησιν
1065 576 1173 627 τῶν
1243 576 1429 645 δώρων
1503 575 1703 635 εὐθέως

127 678 358 744 ἀγαγεῖν
393 671 469 743 τῷ
502 669 978 740 μαγίστρῳηῶστε
1014 667 1209 719 εἰδέναι
1240 668 1420 729 αὑτὸν,
1467 667 1515 719 τί
1560 668 1706 718 ἐστιν

128 769 187 820 τὸ
219 762 606 833 προσενεχθὲν,
648 764 737 814 καὶ
765 761 821 812 ὲν
857 758 1031 829 καιρῷ
1055 755 1363 825 ἀντιδώρων
1393 756 1703 825 ὑπομνῆσαι

130 860 219 911 τὸν
276 856 519 926 βασιλέα,
570 855 621 905 τί
654 854 757 922 χρὴ
811 850 971 902 αὑτὸν
1021 848 1355 915 ἀντιπέμψαι
1416 846 1504 898 διὰ
1562 847 1707 897 ἰδίων

133 944 503 1017 πρεσϐευτῶν.
558 943 677 995 Τῶν
703 941 887 1009 δώρων
917 935 1007 992 οὖν
1036 939 1521 1007 πρςισενεχοέντων,
1564 939 1707 1006 λέγει

132 1043 157 1091 ὁ
190 1038 445 1106 βισιλεὺς
486 1036 565 1104 τῷ
615 1033 846 1103 πρέσδῃ·
880 1052 898 1083 t
938 1030 1263 1099 ’Λνάκτησαι
1301 1032 1494 1082 σαυτὸν
1526 1032 1709 1098 ὀλῖγας

130 1131 370 1199 ἡμέρας,
416 1127 509 1179 καὶ
556 1127 606 1177 sl
658 1143 711 1176 τι
758 1125 954 1193 ἕχθμεν
1009 1123 1260 1191 λαλῆσαι,
1298 1122 1583 1190 λαλοῦμεν,
1618 1124 1709 1175 καὶ

137 1223 274 1287 μετὰ
302 1217 467 1271 κειλοῦ
500 1215 805 1284 ἀπολύομέν
841 1230 896 1265 σε
930 1215 1063 1283 πρὸς
1107 1214 1197 1265 τὸν
1230 1212 1455 1281 ἀδελφὸν
1476 1214 1649 1282 ἡμῶν.
1684 1230 1702 1263 i

132 1311 243 1363 Kal.
289 1311 601 1379 εὐχαριστεῖ
622 1309 649 1359 ὁ
677 1304 916 1375 πρὲσόης
948 1307 1042 1358 καὶ
1069 1307 1381 1372 προσκυνεῖ,
1417 1307 1508 1357 καὶ
1550 1303 1709 1357 πάλιν

135 1401 436 1465 agnamve?
488 1400 567 1457 εἰς
613 1398 734 1457 τοὺς
788 1396 984 1456 αὐτοὺς
1014 1396 1230 1456 τόπους,
1273 1397 1365 1448 καὶ
1418 1397 1707 1464 ἀναχωρεῖ.

134 1492 241 1543 Καὶ
284 1490 424 1543 ἐπὰν
452 1488 693 1558 χαλασθῇ
728 1489 786 1541 τὸ
824 1488 1006 1558 βῆ).ον,
1061 1489 1270 1540 ἵσταται
1312 1490 1339 1540 ὁ
1399 1487 1707 1557 δικουρὶων,

1432 1583 1457 1609 Η

132 1587 225 1635 καὶ
272 1584 511 1635 arista-35'.
545 1584 573 1633 ὁ
602 1583 898 1651 μάγεστρος
948 1600 965 1633 t
997 1584 1281 1650 Στρανφερ
1322 1582 1366 1619 ε’
1405 1581 1502 1651 (5),
1542 1601 1558 1631 i
1621 1583 1712 1634 καὶ

131 1674 400 1743 λαμϐάνει
442 1675 565 1735 τοὺς
607 1675 883 1743 apparata;
942 1674 1287 1734 κανδιδέιτους
1328 1675 1355 1725 ὁ
1403 1674 1709 1743 δεκουρίων,

130 1769 222 1818 καὶ
286 1766 538 1818 ἐκϐάλλει
587 1767 665 1826 εἰς
742 1766 801 1818 τὸ
853 1768 1047 1836 μικρόν
1118 1766 1519 1835 κονσιστὼριον.

1606 1766 1712 1817 Καὶ

1808 596 1970 646 quant
2001 580 2043 631 is
2080 580 2130 631 in
2155 584 2535 635 consistorium
2566 584 2906 650 egrediatur;
2935 585 3160 639 alterum
3197 599 3371 642 autent

1808 674 2084 740 exemplar
2124 672 2288 743 εδδ
2324 684 2549 727 exaraut
2600 684 2803 728 tantum
2852 686 2909 730 ιιι
2960 677 3240 745 pittacium
3286 692 3375 733 aut

1808 762 2141 828 St-ltedulam,
2162 780 2324 832 quam
2351 768 2609 831 magiStro
2635 766 2853 818 tradunt
2877 768 3151 822 memoria:
3180 770 3373 836 gratia.

1808 854 1913 909 Sed
1942 865 1997 908 et
2030 858 2370 910 tertiocerius
2418 859 2720 927 exemplum
2768 860 3044 914 citationis
3086 864 3273 926 sumit,
3325 877 3380 916 et

1811 956 1959 999 stans
1990 956 2133 1000 retro
2162 949 2478 1016 magistrum
2508 949 2923 1002 commonefacit
2951 951 3125 1018 ipsmu
3158 952 3223 1003 de
3255 969 3375 1020 pro-

1813 1039 2104 1091 nuntianda
2140 1040 2416 1102 citatione,
2450 1041 2662 1107 quando
2692 1050 2899 1107 tempus
2933 1043 3117 1095 instat.
3148 1041 3276 1095 Post
3302 1064 3381 1095 c.-

1815 1130 2067 1206 tatipnem
2116 1130 2292 1197 itaque
2328 1132 2568 1199 magistri
2616 1132 2782 1184 intrat
2816 1133 3032 1187 decurio
3068 1136 3118 1187 in
3153 1152 3377 1203 parvum

1814 1222 2214 1285 consistorium,
2250 1232 2563 1290 solutosque
2595 1238 2775 1277 secmn
2802 1234 3037 1277 armatos
3060 1226 3379 1278 candidatus

1814 1313 1960 1366 illinc
1990 1316 2225 1367 edocens
2272 1313 2571 1366 introducit
2614 1314 2691 1385 [in
2736 1314 3016 1386 magnum]
3060 1325 3113 1369 et
3157 1318 3382 1369 collocat

1814 1407 2110 1473 dextraque
2142 1407 2473 1473 sinistraque
2505 1421 2686 1459 coram
2718 1407 3033 1472 proceribus
3074 1410 3319 1476 proxime
3353 1426 3381 1462 a

1813 1497 2206 1550 censularibus.
2244 1498 2359 1563 Quo
2401 1500 2546 1553 facto
2578 1501 2688 1551 exit
2726 1515 2931 1561 rursus.
2962 1500 3256 1568 vidensque
3290 1516 3383 1570 pa-

1816 1597 1987 1640 ratum
2050 1603 2171 1641 esse
2231 1589 2484 1655 legatum,
2535 1590 2771 1643 clamat:
2831 1608 2848 1639 t
2900 1590 3063 1653 Leva,
3120 1610 3139 1642 ι
3201 1592 3252 1643 id
3304 1600 3382 1644 est

1820 1697 1838 1728 ε
1879 1678 2002 1732 tolle
2041 1698 2059 1729 ι
2095 1678 2327 1749 [scilicet
2361 1679 2459 1751 te].
2500 1680 2625 1734 Velo
2665 1683 2730 1734 ad
2765 1683 2878 1735 hinc
2920 1696 3134 1735 sursum
3184 1684 3382 1748 levato,

1815 1769 2112 1834 prosternit
2151 1783 2210 1821 se
2248 1769 2454 1837 legatus
2484 1780 2633 1821 extra
2663 1771 3069 1831 consistorium,
3099 1772 3150 1824 in
3183 1781 3379 1825 terram

128 1858 249 1908 τότε.
309 1858 593 1907 ἀνίσταται
641 1859 667 1908 ὁ
719 1856 989 1925 βασιλεὺς,
1062 1858 1156 1909 καὶ
1212 1856 1279 1909 τὰ
1326 1856 1488 1908 λοιπὰ
1537 1843 1754 1909 πάνταῙ

1818 1855 1911 1917 ibi,
1940 1855 2029 1907 ubi
2062 1856 2325 1908 rotundus
2357 1855 2768 1925 porpltyreticus
2806 1856 2942 1925 lapis
2984 1858 3035 1910 in
3081 1860 3384 1925 pavimento

128 1949 343 2013 γίνεται
371 1946 512 1999 κατὰ
549 1948 610 1998 τὸ
640 1947 777 2008 ἔθος.
836 1947 956 2016 Χρὴ
984 1948 1038 1999 δὲ
1070 1947 1159 1999 τὸν
1195 1947 1531 2017 πρεσϐευτὴν
1563 1946 1709 2000 κάτω

128 2042 418 2109 ἀναμεῖναι
447 2043 526 2101 εις
559 2042 658 2109 τὴν
700 2038 898 2108 σχολὴν
952 2038 1044 2091 τοῦ
1079 2040 1405 2108 μιγίστρου,
1466 2038 1559 2089 καὶ
1616 2040 1707 2091 τὸν

131 2131 433 2200 μάτιστρον
487 2129 763 2181 unum
834 2132 927 2182 καὶ
978 2129 1337 2194 συντάξασθαι

127 2221 420 2275 ἀπολῦσαι.

1414 2130 1559 2199 αὐτῷ
1612 2132 1706 2183 καὶ

1816 1945 2140 2012 conspicuus
2160 1946 2340 2015 jacet;
2372 1947 2764 2015 Dominumque
2788 1950 2996 2013 adorat,
3026 1964 3197 2016 caque
3221 1949 3384 2009 facto.

1817 2037 2073 2104 resurgit.
2122 2038 2399 2107 Ingressus
2442 2038 2636 2093 deinde
2679 2054 2775 2106 per
2826 2041 2989 2104 fores,
3044 2042 3288 2107 protinus
3326 2057 3385 2095 se

1816 2145 2004 2182 rursus
2027 2132 2343 2198 prosternit,
2370 2131 2666 2197 adoratque
2685 2130 2970 2185 Dominum
3007 2134 3155 2186 ltumi
3173 2133 3382 2200 jaeeus,

1812 2232 1866 2275 et
1896 2222 2146 2291 resurgit.
2185 2223 2344 2276 Iterat
2378 2221 2515 2275 hanc
2538 2222 2943 2276 venerationem
2978 2212 3134 2277 tertia
3183 2224 3295 2276 vice
3329 2224 3379 2275 in

129 2316 304 2370 medio
337 2316 656 2371 consistorio
688 2332 702 2369 :
733 2332 832 2383 qua
864 2326 1104 2385 peracta,
1149 2317 1367 2385 propius
1412 2317 1672 2371 accedens
1710 2317 1985 2370 osculatur
2010 2318 2172 2385 pedes
2240 2317 2487 2386 Augusti,
2520 2326 2573 2371 et
2604 2318 2781 2371 adstat
2839 2333 3045 2384 coram,
3113 2319 3384 2387 traditque

130 2408 337 2462 litteras
382 2410 461 2462 stti
498 2411 829 2478 principalis,
864 2420 919 2463 et
950 2410 1177 2463 salutem
1229 2399 1537 2476 imperaturi
1584 2410 1698 2477 ejus
1734 2411 1950 2463 nomine
1982 2412 2219 2463 nuntiat.
2253 2409 2401 2463 Tunc
2431 2410 2731 2476 interrogat
2796 2410 3127 2479 imperator:
3200 2427 3217 2461 t
3252 2408 3386 2463 Fra-

129 2508 209 2552 ter
237 2512 426 2554 noster
446 2503 712 2570 quomodo
736 2503 874 2555 valet
897 2518 990 2569 per
1009 2501 1236 2571 gratiam
1267 2500 1399 2555 Dei?
1424 2500 1695 2555 Lmtatttur
1732 2518 1918 2569 sospes
1940 2503 1981 2554 si
2012 2502 2205 2566 fuerit;
2242 2521 2259 2551 ι
2296 2511 2351 2555 ct
2380 2502 2483 2553 alia
2514 2502 2704 2565 verba,
2737 2516 2857 2570 quae
2886 2503 3069 2554 animo
3134 2516 3235 2556 suo
3296 2516 3385 2555 se-

126 2604 245 2645 Cum
292 2596 458 2648 volvit
500 2606 552 2649 et
593 2597 778 2664 agitat.
818 2596 953 2650 Tum
990 2597 1121 2649 dicit
1162 2595 1366 2664 legatus
1402 2614 1415 2647 :
1460 2614 1479 2646 ι
1516 2596 1707 2649 Frater
1745 2604 1865 2649 tuus
1895 2598 2043 2649 misit
2072 2596 2166 2649 tibi
2194 2594 2359 2656 dona,
2392 2610 2511 2664 qua:
2540 2610 2667 2665 rogo
2702 2597 2833 2649 velis
2855 2607 3168 2665 acceptare.
3210 2614 3230 2647 ι
3275 2595 3384 2647 Au-

126 2700 326 2742 nuente
390 2691 737 2760 imperatore,
788 2693 898 2746 exit
949 2691 1155 2760 legatus
1202 2690 1278 2763 [in
1325 2690 1873 2763 auticonsistorinm],
1902 2702 1957 2746 et
1988 2691 2147 2745 aﬂ‘ert
2178 2692 2293 2761 ipsc
2362 2708 2466 2745 una
2542 2709 2664 2746 cum
2701 2692 3064 2746 latitiliaribus
3130 2694 3245 2746 suis
3292 2692 3384 2743 illa

123 2782 263 2834 dona
300 2784 447 2838 intus
475 2787 540 2839 ad
569 2797 915 2855 conspectum
947 2786 1179 2839 Domini.
1223 2786 1287 2837 Et
1325 2788 1438 2853 ipse
1481 2786 1696 2851 quidem
1740 2795 1830 2837 aut
1877 2786 2071 2852 pallam
2150 2796 2241 2838 aut
2292 2786 2583 2852 pretiosam
2630 2787 2790 2837 aliam
2870 2785 3056 2839 ntttndi
3106 2782 3386 2838 muliebris

124 2874 516 2943 supellectilem
578 2888 671 2931 aut
728 2879 873 2931 aliud
931 2876 1309 2945 quodcunque,
1400 2876 1695 2930 dummodo
1734 2878 1915 2945 magni
1971 2888 2024 2930 et
2075 2876 2389 2931 excellentis
2436 2877 2634 2929 valoris
2679 2878 2785 2941 sit;
2825 2888 3130 2930 ceterorum
3183 2878 3384 2931 barba—

126 2983 308 3024 rorum
366 2972 563 3039 singuli
616 2975 857 3045 singulas
917 2978 1126 3045 species
1182 2975 1447 3045 bajulant.
1494 2972 1702 3026 Debent
1777 2981 1961 3025 autem
2026 2971 2177 3040 prius
2210 2973 2260 3025 in
2293 2971 2732 3025 anticonsistorio
2766 2986 2857 3037 per
2895 2972 3215 3039 interpretes
3244 2975 3387 3028 ordi-

126 3062 235 3113 nati
267 3059 440 3114 fuisse
472 3072 631 3131 atque
661 3067 972 3135 praeparati,
1003 3081 1208 3133 suaque
1236 3067 1465 3135 quisque
1493 3064 1703 3116 sarcina
1743 3063 2016 3127 instructi,
2045 3071 2097 3114 et
2126 3062 2326 3130 absque
2360 3077 2508 3115 mora
2542 3076 2661 3115 cum
2691 3062 2802 3114 suis
2830 3062 3090 3115 oneribus
3157 3062 3210 3115 in
3280 3080 3388 3117 nta-

125 3169 289 3217 gnum
378 3156 762 3210 consistorium
811 3142 1034 3212 intrare.
1078 3159 1298 3213 Stantes
1343 3159 1409 3211 ad
1492 3157 1779 3227 parietem,
1820 3156 1911 3226 qui
1957 3165 2045 3209 est
2093 3168 2123 3208 e
2170 3154 2387 3223 regione
2429 3152 2551 3207 solii
2599 3162 2750 3205 extra
2795 3152 2992 3214 velum,
3040 3162 3386 3222 prosternunt

124 3262 265 3309 sese,
299 3250 460 3303 simul
500 3265 563 3305 ac
593 3252 721 3305 illud
752 3255 1079 3318 sublevatur,
1113 3254 1281 3317 ltumi,
1316 3263 1426 3307 tum
1455 3261 1714 3321 surgunt;
1753 3260 1804 3305 et
1831 3251 2059 3319 ingressi
2093 3264 2186 3317 per
2220 3257 2456 3316 portam,
2487 3257 2835 3315 prosternunt
2891 3261 3011 3300 sese
3080 3248 3296 3309 iterum,
3332 3258 3387 3301 rt

125 3341 340 3395 tandem
369 3346 588 3397 tertium
613 3362 852 3416 quoque.
881 3347 1178 3401 Silentiarii
1204 3357 1315 3400 tum
1333 3349 1611 3416 excipiunt
1666 3348 1734 3400 ab
1776 3346 1881 3399 illis
1945 3344 2107 3408 dona,
2134 3358 2429 3410 curamque
2452 3352 2505 3395 et
2534 3340 2766 3395 omnium
2803 3340 2930 3393 illud
2959 3339 3177 3404 habent,
3211 3351 3266 3393 ut
3293 3342 3385 3393 ifla

122 3439 422 3491 secundant
472 3442 835 3510 cognitionem
885 3458 981 3497 seu
1027 3442 1320 3496 indiculum
1368 3458 1397 3494 a
1450 3443 1707 3509 magistro
1749 3441 1851 3495 sibi
1878 3438 2133 3494 traditum
2161 3438 2212 3489 in
2240 3448 2602 3490 vestosacram
2630 3450 2723 3488 seu
2789 3449 3009 3488 sacrum
3071 3436 3381 3486 vestiarium

124 3536 499 3602 deportentur,
533 3549 586 3591 et
625 3540 678 3592 in
745 3554 938 3593 manus
1002 3545 1511 3592 vestosacranorum
1583 3538 1883 3590 tradantur.
1972 3534 2069 3590 Ubi
2122 3532 2481 3597 aestimantur,
2530 3532 2832 3598 debentque
2878 3532 3243 3584 vestosacrani
3297 3537 3380 3587 vel

122 3623 356 3678 alliciunt
388 3630 530 3681 sacri
557 3630 792 3682 vestiarii
821 3630 1067 3697 protinus
1092 3644 1212 3682 eam
1248 3630 1511 3682 donorum
1549 3628 1962 3680 astitit-stionem
2032 3626 2084 3678 in
2125 3626 2330 3692 scripto
2372 3624 2631 3691 magistro
2682 3623 2984 3684 exhibere,
3061 3638 3169 3691 quo
3243 3625 3381 3676 sciat

125 3716 236 3778 ille,
274 3719 403 3786 quid
440 3734 721 3774 munerum
754 3730 809 3774 et
838 3723 1025 3790 quanti
1060 3722 1216 3787 pretii
1258 3722 1463 3791 legatus
1506 3721 1770 3783 attulerit,
1817 3719 2093 3787 possitque
2134 3718 2444 3785 imperatori
2484 3715 2599 3783 ejus
2678 3716 2752 3769 rei
2820 3717 3139 3770 memoriam
3211 3731 3371 3769 renu-

125 3822 255 3861 vare
284 3824 392 3876 quo
433 3821 671 3879 tempore
698 3813 800 3865 alia
840 3814 979 3868 dona
1023 3816 1075 3869 in
1113 3817 1340 3870 istorum
1374 3816 1876 3884 compensationem
1904 3813 2268 3881 comparanda
2301 3821 2353 3867 et
2395 3827 2516 3866 cum
2577 3811 2913 3865 nostratibus
2977 3811 3167 3879 legatis
3240 3812 3368 3864 illus

125 3903 450 3955 remittenda
490 3915 636 3957 sunt.
677 3905 843 3960 Donis
882 3906 937 3960 in
978 3908 1122 3963 hunc
1158 3910 1371 3963 modum
1406 3907 1689 3971 exhibitis,
1728 3907 1978 3960 hortatur
2019 3907 2313 3974 imperator
2350 3903 2584 3972 legatum
2617 3901 2779 3973 237
2823 3902 2907 3954 his
2981 3902 3194 3955 verbis:
3266 3922 3283 3953 ι
3320 3902 3375 3955 lit

121 3999 410 4067 prtesentia
441 4000 656 4067 quidem
698 4002 805 4063 abi.
842 4013 965 4071 post
1004 4004 1316 4074 interiectos
1354 4019 1556 4072 paucos
1585 4006 1701 4058 dies
1743 4017 1926 4057 rursus
1957 4001 2024 4053 ad
2090 3999 2416 4066 colloquium
2495 3998 2562 4051 de
2608 4000 2768 4050 rebus
2812 3997 3135 4049 necessariis
3180 4011 3381 4048 voean-

121 4091 244 4149 dns,
271 4090 622 4159 honestisque
641 4094 891 4147 onmibus
916 4097 1090 4151 modis
1108 4100 1174 4150 ad
1235 4096 1457 4151 fratrem
1524 4108 1769 4151 nostrum
1813 4093 2187 4150 remittendus.
2237 4092 2441 4145 Interea
2484 4092 2663 4157 quiete
2709 4098 2760 4143 te
2804 4102 3010 4151 recrea,
3063 4096 3375 4155 tempusque

123 4179 375 4233 hilariter
405 4182 662 4250 transige.
700 4201 719 4234 ι
756 4184 834 4236 Ad
866 4185 979 4239 ltzee
1004 4189 1208 4255 gratias
1245 4187 1354 4257 agit
1389 4188 1617 4256 legatus,
1644 4198 1696 4242 et
1738 4190 1925 4241 adorat
1957 4185 2125 4239 semel
2158 4193 2321 4249 atque
2354 4183 2544 4235 iterum
2585 4180 2774 4234 iisdem
2813 4179 2863 4231 in
2905 4179 3061 4242 locis,
3138 4177 3190 4230 in
3257 4176 3378 4243 qui-

121 4274 223 4326 bus
259 4274 311 4325 id
351 4284 506 4327 antea
542 4274 743 4330 fecerat
781 4281 1068 4344 accedens,
1108 4293 1163 4336 et
1200 4282 1281 4337 sic
1354 4285 1486 4337 abit.
1561 4283 1763 4337 Laxato
1805 4293 1914 4336 tum
1952 4282 2295 4348 detttisquue
2334 4279 2473 4339 velo.
2510 4276 2753 4345 procedit
2780 4260 3003 4329 decurio
3043 4275 3096 4329 in
3140 4275 3374 4328 medium

120 4366 527 4427 consistorium,
552 4368 789 4437 citatque
810 4384 903 4424 seu
930 4372 1128 4425 clamat
1155 4374 1413 4441 magister
1439 4392 1452 4427 :
1482 4392 1500 4425 ι
1530 4374 1811 4428 Transfer.
1850 4393 1867 4425 ι
1905 4372 2022 4439 Quo
2088 4371 2273 4423 audito
2299 4370 2520 4421 decurio
2588 4375 2828 4419 armatos
2894 4366 3212 4418 candidatos
3286 4380 3373 4415 Si"

119 4473 245 4511 cum
280 4460 331 4510 in
361 4474 580 4527 parvum
612 4464 992 4517 consistorium
1033 4468 1311 4521 transfert.
1356 4464 1539 4537 Surgit
1579 4478 1688 4521 tum
1732 4469 2047 4535 imperator,
2084 4474 2391 4530 ereteraque
2421 4461 2556 4511 ltunt
2581 4472 2679 4525 pro
2716 4470 2975 4511 consueto
3028 4471 3199 4509 more.
3273 4453 3374 4507 Le-

121 4564 283 4621 gatus
312 4555 519 4608 interea
549 4557 707 4610 debet
734 4558 872 4613 infra
902 4558 978 4631 [id
1008 4570 1091 4615 est
1114 4564 1253 4632 apttd
1281 4564 1561 4618 introitum
1595 4564 1804 4635 palatii]
1837 4580 1887 4617 tu
1920 4563 2106 4616 schola
2141 4560 2381 4629 magistri
2458 4556 2782 4625 magistrum
2846 4562 3193 4621 exspectare.
3272 4552 3367 4602 αθ·

120 4661 219 4700 nec
246 4646 336 4699 ltic
363 4643 415 4715 [e
437 4647 662 4721 palatio]
690 4652 983 4708 descendat
1022 4656 1237 4726 ipsique
1275 4660 1395 4713 vale
1427 4659 1597 4723 dicat,
1636 4670 1691 4714 et
1729 4660 1807 4715 sic
1842 4660 2058 4712 domum
2087 4671 2209 4710 eum
2238 4653 2496 4706 dimittat.

717 4792 967 4848 κΕοΑΛ.
1019 4796 1089 4863 ιη’.
1722 4764 1754 4821 c

2392 4784 2622 4840 CAPUT
2661 4782 2775 4836 XC.

120 4879 285 4933 Ὅσα
307 4879 405 4933 δεῖ
443 4880 675 4977 trial}
704 4884 937 4961 ,ἄλλως
986 4888 1259 4977 quispam”
1275 4890 1371 4943 ἐπὶ
1422 4890 1529 4943 τοῦ
1568 4906 1701 4958 πρε·
1737 4919 1750 4932 -

1813 4914 1886 4967 De
1914 4912 2000 4975 iis,
2025 4925 2143 4977 qius
2186 4914 2383 4977 oportet
2416 4917 2506 4977 per
2538 4908 2732 4977 ceteros
2763 4897 2896 4977 dies,
2928 4909 3055 4963 quos
3084 4892 3283 4973 legatus
3317 4892 3371 4944 in

477 4952 731 5005 σϐευτοῡ
760 4952 1341 5023 παραρυλιίὲτεάθαι.

200 5061 474 5130 ἐντυχὼν
516 5066 629 5126 τοῖς
658 5066 981 5141 γράμμιισιν
1015 5072 1041 5120 ὁ
1074 5071 1348 5138 βασιλεὺς.
1388 5074 1475 5126 ὅτε
1512 5074 1693 5143 βούλε-

118 5170 228 5219 ςιι,
264 5154 553 5225 ἐπιτρέπει
604 5155 681 5226 τῷ
726 5160 1008 5230 μαγίστρῳ
1045 5161 1284 5231 δηλῶσαι
1318 5164 1395 5234 τῷ
1425 5166 1691 5234 πρεσϐευο

2052 4978 2191 5032 Urbe
2218 4965 2483 5041 transigit,
2522 4971 2659 5022 circa
2691 4984 2806 5019 eum
2838 4965 3116 5018 observari.

1874 5072 2161 5139 Postquam
2218 5065 2295 5117 sic
2347 5072 2535 5115 nactus
2560 5067 2641 5111 est
2692 5057 2988 5122 imperator
3034 5049 3369 5118 perlegitquo

1804 5164 1981 5218 Persa:
2023 5164 2244 5222 litteras,
2285 5156 2536 5223 imperat,
2586 5149 2804 5219 quando
2846 5146 2946 5217 ipsi
2986 5142 3223 5207 libuerit,
3253 5159 3369 5193 nta-

1406 5299 1637 5353 V'Allldi
1678 5296 2081 5356 LECTIONES.

188 5383 236 5415 ²¹
275 5384 476 5437 ΣΧΟΛ.
513 5383 720 5453 μετάφε
731 5401 809 5453 pe.

1108 5500 1299 5558 JOAN.
1326 5499 1464 5562 με.
1501 5501 1749 5558 REISKII
1784 5496 2348 5555 COMMENTARIUS.

190 5615 269 5683 (5)
316 5613 393 5667 lta
427 5616 774 5685 membranae,
805 5616 947 5683 quod
978 5630 1041 5667 eo
1080 5630 1290 5679 moueo,
1324 5631 1391 5668 ne
1431 5627 1685 5685 typogra-

124 5686 302 5748 plttcns
351 5686 532 5751 operis
574 5684 759 5736 vitium
814 5688 1127 5754 imputetur.
1182 5686 1310 5737 Mira
1362 5689 1499 5737 inest
1534 5684 1686 5737 novis

124 5755 326 5807 Utta-eis
356 5765 408 5807 et
439 5754 662 5807 ridicula
697 5755 941 5810 scaevitas
975 5757 1085 5809 oris
1127 5758 1178 5807 in
1223 5755 1507 5809 ctl'crendis
1540 5770 1685 5823 perc-

1795 5613 1965 5680 grinis
1990 5607 2291 5680 vocabulis.
2327 5606 2705 5680 Transpanere
2734 5602 2941 5680 litteras
2982 5598 3363 5680 detestabilem

1794 5668 1845 5733 iit
1891 5682 2107 5733 modum
2144 5679 2343 5733 solent.
2376 5677 2537 5730 ltecte
2565 5684 2741 5726 tamen
2770 5670 2906 5724 infra
2934 5685 2987 5739 p.
3013 5670 3137 5733 404,
3173 5668 3367 5737 legitur

1796 5750 2061 5816 Transfer.
