4152 6436
726 405 827 469 343
1695 388 2210 452 CONSTANTINI.
2245 386 2696 448 PORPHYROG
2706 386 2916 448 ENITI
3878 387 3992 451 844

727 529 933 587 nasque
984 521 1040 568 et
1074 508 1468 566 multitudinem
1516 504 1802 560 invalidam
1845 506 2318 574 jumentorumque
2346 508 2389 564 Α
2423 500 2669 569 φύλακας
2702 502 3023 571 ὲνήλλαττον
3048 497 3135 552 διὰ
3160 498 3205 551 τί

1911 513 2318 569 Iueutorumque
2346 508 2389 564 Α
2423 500 2669 569 φύλακας
2702 502 3023 571 ὲνήλλαττον
3048 497 3135 552 διὰ
3160 498 3249 551 τὸν
3284 498 3534 553 πλεῖστον
3555 501 3741 557 κόπον.
3782 505 3861 557 Οὐ
3894 506 4000 577 γὰρ

725 604 986 674 quidquid
1021 602 1089 656 ad
1118 599 1570 655 claudicationem
1603 595 1893 649 deductum
1927 605 2022 647 aut
2065 592 2306 645 vuiueri-
2409 594 2511 663 τὴν
2550 592 2779 645 εὐθεῖαν
2827 591 3195 663 περιεπάτουν

1927 605 2022 647 aut
2065 592 2306 645 vulueri-
2409 594 2511 663 τὴν
2550 592 2779 645 εὐθεῖαν
2827 591 3195 663 περιεπάτουν
3248 591 3426 656 αὐτοὶ,
3484 594 3620 647 ἀλλὰ
3649 596 3753 666 τὴν
3787 614 4000 666 τραχυ-

727 700 827 753 hus
855 694 1162 753 confectum
1183 700 1353 749 esset.
1387 688 1482 744 llis
1509 688 1820 757 imponebat
1848 695 2011 756 caput
2041 685 2123 739 vel
2161 684 2308 753 capi-
2411 683 2578 754 τέρα-θ
2629 684 2723 737 καὶ
2769 683 3128 736 δυσεπίϐατον
3158 698 3172 713 ·

1916 695 2011 756 put
2041 685 2123 739 vel
2161 684 2308 753 capi-
2411 683 2578 754 τέρα-θ
2629 684 2723 737 καὶ
2769 683 3128 736 δυσεπίϐατον
3158 698 3172 713 ·
3238 680 3385 735 οὕτω
3428 682 3486 737 δὲ
3530 686 3870 757 κινούμενοι,
3902 690 4001 750 τὰς

728 803 942 845 laneum
978 797 1074 841 aut
1101 781 1707 850 ducem,~exiguamque
1751 776 1980 832 addebat
2020 776 2309 831 tuilitarem
2408 775 2612 840 νύκτας
2664 776 3205 848 περιχαρακωθέντες

1911 786 1980 832 iat
2020 776 2309 831 militarem
2408 775 2612 840 νύκτας
2664 776 3209 848 περιχαρακωθέντες
3282 781 3377 829 καὶ
3421 776 3520 845 τὴν
3574 779 3743 850 ἄλλην
3810 782 3995 849 demd-

725 896 967 947 mauum,
1004 878 1338 951 jubebatque
1368 888 1463 927 eos
1500 873 1552 926 iu
1582 871 1832 926 viciniam
1893 883 2016 924 sese
2066 867 2311 936 recipere
2408 867 2559 919 λειαν
2620 868 2945 938 ποιήσαντες
2998 867 3087 919 διὰ
3153 883 3205 919 το

1911 883 2016 924 sese
2066 867 2311 936 recipere
2408 867 2559 919 λειαν
2620 868 2945 938 ποιήσαντες
2998 867 3087 919 διὰ
3153 868 3279 929 τοὺς
3344 870 3782 941 νυκτοπολέμους
3816 915 3829 935 ,
3900 875 3998 925 ἁν-

725 974 890 1029 castri
918 970 1148 1040 alicujus
1194 965 1507 1023 munitioris
1539 973 1593 1019 et
1620 965 1687 1017 ad
1720 961 1867 1015 illum
1901 959 2171 1031 propioris
2203 968 2309 1013 tra-
2407 958 2699 1013 επαύοντο.

744 1076 913 1127 ctum,
957 1076 987 1116 e
1021 1073 1128 1129 quo
1157 1059 1519 1113 descensurus
1559 1055 1610 1109 in
1640 1055 1906 1109 hosticum
1946 1061 2063 1107 erat
2110 1049 2407 1106 exercitus.
2462 1052 2664 1105 Deinde
2708 1051 3005 1120 deputabat
3072 1053 3306 1111 selectos
3352 1072 3383 1111 e
3454 1056 3785 1110 thematmus
3862 1074 3985 1112 ma-

743 1154 978 1227 nipulos,
1020 1152 1215 1223 partim
1256 1162 1620 1219 praecessores
1666 1147 1925 1201 fossatum
1964 1158 2057 1199 seu
2102 1142 2403 1197 exercitum
2450 1142 2795 1212 hostiumque
2869 1144 3105 1198 subitum
3163 1148 3421 1203 insnltum
3477 1163 3787 1213 aversuros,
3859 1163 3989 1217 par-

739 1254 838 1305 tim
913 1252 1305 1305 sul-secuturos
1375 1243 1549 1307 alios;
1618 1255 1754 1309 quos
1800 1250 2103 1309 postremos
2172 1238 2559 1308 not0phylacas
2609 1252 2702 1292 seu
2762 1240 3013 1295 custodes
3080 1245 3310 1312 tergoris
3374 1242 3645 1313 appellare
3705 1254 3825 1294 mos
3879 1249 3993 1295 est.

729 1343 929 1397 llorum
1002 1338 1430 1408 tergicustodum
1483 1344 1601 1390 erat
1657 1348 1750 1386 eos
1802 1333 2008 1395 venari,
2070 1337 2159 1400 qui
2221 1341 2313 1384 aut
2353 1332 2593 1387 imbelles
2642 1342 2736 1385 aut
2810 1346 3005 1404 segnes
3058 1345 3237 1389 castra
3314 1351 3420 1391 non
3477 1344 3888 1388 assectarenlur
3946 1332 3997 1385 el

725 1436 897 1489 aciem
958 1431 1296 1487 desererent.
1351 1427 1452 1481 Alii
1484 1426 1551 1479 ab
1593 1434 1824 1493 utroque
1896 1424 2065 1479 latere
2114 1424 2518 1479 comitabantur
2578 1435 2880 1479 moventem
2959 1426 3280 1490 exercitum,
3349 1442 3485 1497 quos
3539 1425 3989 1497 plagiuphylacas

721 1540 816 1579 seu
876 1524 1105 1580 laterum
1167 1524 1420 1580 custodes
1489 1522 1853 1591 appellabant.
1908 1519 2110 1575 Horum
2178 1530 2296 1575 erat
2334 1522 2628 1577 observare
2654 1532 2817 1590 atque
2855 1535 3139 1588 coercere,
3165 1522 3212 1577 si
3247 1523 3337 1592 qui
3368 1524 3432 1578 ad
3460 1523 3671 1578 hoStem
3738 1520 3992 1574 transfu-

726 1631 858 1685 gere
884 1616 1225 1670 molirentur.
1247 1614 1450 1670 Omnes
1477 1620 1654 1668 autem
1691 1613 1769 1679 hi,
1794 1622 1903 1667 tam
1930 1627 2315 1684 przecursores,
2391 1627 2555 1682 quam
2607 1613 3003 1681 subsequentes
3034 1622 3089 1668 et
3121 1628 3152 1668 a
3185 1614 3447 1669 lateribus
3479 1614 3831 1676 comitantes,
3860 1619 3992 1664 tan-

724 1720 837 1762 tum
892 1708 1169 1763 distabant
1219 1724 1246 1760 a
1277 1706 1509 1773 fossato,
1551 1720 1609 1765 ut
1664 1726 1938 1779 nunquam
1991 1712 2103 1767 suis
2160 1720 2315 1765 extra
2356 1720 2704 1776 consiiectum
2737 1720 2952 1774 essent;
2991 1710 3153 1780 idque
3194 1711 3389 1780 duplici
3422 1710 3651 1775 ratione,
3700 1723 3771 1763 ne
3839 1709 3991 1763 scili-

721 1809 803 1855 cet
863 1799 964 1870 ipsi
1002 1801 1240 1857 hostium
1299 1814 1547 1872 paterent
1614 1804 1845 1869 insidiis,
1879 1803 2141 1859 fossntum
2214 1818 2361 1867 vero,
2405 1805 2471 1857 ab
2524 1804 2632 1858 illis
2660 1808 2723 1860 de
2756 1806 2907 1858 hoste
2942 1807 3257 1859 imminente
3300 1804 3660 1864 admonitum,
3690 1816 3817 1855 sese
3870 1815 3988 1853 ma-

726 1903 847 1947 ture
900 1893 1072 1963 possit
1131 1894 1207 1949 illi
1238 1895 1555 1962 excipiendo
1605 1910 1939 1964 comparare.
1969 1897 2071 1963 Qui
2122 1896 2336 1950 tandem
2378 1910 2563 1951 coram
2626 1896 2950 1967 imperatore
2996 1899 3241 1968 proxime
3310 1896 3655 1951 ambularent
3704 1902 3865 1948 erant
3926 1906 3989 1947 ex

723 1986 815 2040 illo
870 1987 1209 2057 porissimum
1244 1988 1481 2042 themate
1514 1991 1593 2044 vel
1640 1990 1911 2057 districtu,
1948 1992 2039 2060 qui
2098 1993 2312 2047 hostico
2350 1993 2627 2062 proximus
2684 2002 2850 2047 esset.
2891 1992 3056 2047 Periti
3104 1996 3248 2049 enim
3315 2003 3469 2047 erant
3518 1999 3572 2045 et
3611 1990 3847 2055 viarum,
3896 2002 3991 2058 per

726 2092 861 2146 quas
904 2079 1091 2133 hostes
1143 2088 1197 2133 et
1264 2079 1523 2134 invadere
1574 2090 1628 2134 et
1682 2096 1875 2136 rursus
1931 2096 1990 2135 se
2065 2080 2369 2135 subducere
2409 2090 2651 2150 possent,
2697 2090 2750 2134 et
2782 2082 3045 2147 locorum,
3087 2081 3140 2135 in
3193 2080 3389 2150 quibus
3447 2092 3609 2149 agere
3658 2087 3992 2140 amarent,e

723 2170 1031 2235 modorum,
1076 2169 1273 2238 quibus
1325 2181 1419 2224 aut
1469 2170 1718 2239 insidias,
1756 2183 1849 2227 aut
1880 2174 2026 2228 acies
2060 2175 2304 2243 bellaque
2346 2176 2617 2229 instruere
2648 2173 2907 2229 solerent.
2948 2172 3003 2228 lu
3056 2175 3141 2229 his
3194 2183 3255 2229 et
3296 2174 3348 2227 in
3386 2173 3675 2242 postremis
3745 2168 3992 2225 custodi-

724 2264 826 2315 bus
900 2261 1349 2331 permutabantur
1403 2271 1458 2316 et
1518 2263 1923 2319 renovabautur
2003 2264 2298 2319 identidem
2378 2263 2800 2320 sollicitudinum
2857 2266 3042 2329 vices;
3103 2265 3544 2335 quandoquidem
3593 2263 3709 2319 hate
3768 2262 3877 2317 duo
3902 2273 3991 2329 ge’

722 2372 852 2413 uera
884 2358 1176 2428 plurimum
1222 2357 1458 2413 laborem
1524 2358 1839 2415 tolerarent.
1896 2358 2011 2416 Non
2044 2362 2185 2416 enim
2224 2370 2426 2415 rectam
2465 2370 2520 2414 et
2547 2362 2852 2430 expeditam
2900 2362 3064 2426 viam,
3129 2360 3223 2414 sed
3279 2361 3609 2428 asperiorem
3682 2366 3736 2411 et
3812 2358 3989 2410 minus

721 2450 1059 2504 commodam
1107 2449 1275 2504 ibant.
1346 2448 1402 2503 lu
1447 2450 1590 2506 hunc
1660 2453 1877 2506 modum
1925 2463 2303 2524 promoventes
2344 2453 2601 2521 interdiu,
2647 2454 2867 2509 coibant
2934 2468 3031 2522 per
3070 2459 3280 2506 noctem
3324 2451 3462 2507 intra
3506 2448 3730 2513 vallum,
3801 2447 3991 2502 rebus-

722 2556 826 2610 que
865 2542 1195 2599 necessariis
1240 2548 1428 2598 contra
1470 2552 1770 2598 nocturnos
1799 2543 2035 2599 hostium
2070 2546 2301 2616 impetus
2342 2544 2608 2613 pravisis,
2658 2544 2945 2615 capiebant
2988 2544 3245 2613 quietem.

2799 2730 3987 2755 .—_————————

1939 2897 2653 2983 ΚΩΝΣΤΑΝΤΙΝ
2661 2896 2814 2982 ΟΥ

1543 3092 1619 3135 εν
1655 3089 1863 3149 ΧΡΙΣΤῼ
1891 3081 2004 3150 (Si)
2042 3089 2277 3135 suum
2321 3090 2531 3151 Alexio
2582 3090 2873 3139 ΒΔΣΙΛΕΩΣ
2902 3087 3208 3148 ΡΩΜΔΙΩΝ,

2122 3209 2266 3254 ΥΙΟΥ
2308 3205 2592 3254 ΛΕΟΝΤΟΣ

1706 3322 1825 3368 ΤΟΥ
1855 3320 2146 3368 ΔΟΙΔΙΜΟΥ
2176 3320 2278 3367 ΚΑΙ
2327 3322 2683 3367 ΣΟΟΩΤΔΤΟΥ
2710 3320 3019 3377 ΒΛΣΙΛΕΩΣ,

1120 3438 1439 3488 ΔΠΟΓΟΝΟΥ
1468 3440 1539 3484 ΔΕ
1572 3436 1891 3487 ΒΔΣΙΔΕΙΟΥ
1936 3442 2057 3489 ΤΟΥ
2100 3439 2579 3488 ΔΝΔΡΙΚΩΤΔΤΟΥ
2616 3442 2716 3489 ΚΔΙ
2781 3443 3232 3488 ΓΕΝΝΑΙΟΤΔΤΟΥ
3279 3439 3598 3499 ΒΔΣιΛΒΩΣ,

2125 3559 2266 3603 ΠΡΟΣ
2287 3558 2577 3605 ΡΩΜΔΝΟΝ

1644 3677 1763 3720 TON
1810 3672 2125 3720 ΘΕΟΣΤΕΦΠ
2192 3673 2447 3721 ΒΔΣΙΛΕΔ
2505 3673 2606 3719 ΚΑΙ
2667 3677 2806 3720 ΥΙΟΝ
2855 3676 3075 3729 ΑΥΤΟΥ,

1224 3812 1381 3865 Ὅσα
1417 3810 1511 3865 δεῖ
1535 3810 1825 3880 γίνεσθαι,
1862 3808 1969 3862 τοῦ
2010 3806 2282 3877 μεγάλου
2308 3805 2404 3859 καὶ
2433 3806 2678 3874 ὑψηλοῦ
2712 3805 3019 3871 ,βασιλέως
3045 3803 3164 3859 τῶν
3197 3803 3496 3877 Ῥωμαίων

1926 3902 2264 3971 μέλλοντος
2318 3900 2761 3968 φοσσατεῦσαι.

2057 4210 2676 4274 CONSTANTINI

1350 4396 1416 4439 ΙΝ
1456 4396 1723 4439 CHRISTO
1768 4394 2032 4441 ETEBNO
2075 4397 2237 4443 REGE
2269 4400 2447 4447 REGIS
2486 4400 2913 4460 ROMANORUII,
2953 4399 3101 4445 FILII
3139 4399 3387 4459 LEONIS,

1700 4518 2054 4558 CELEBIBBIII
2093 4520 2161 4560 Ετ
2200 4521 2575 4563 SAPIEN'IISSIII
2608 4524 2985 4575 IIPERA'I'OBIS,

1384 4656 1474 4702 QUI
1502 4655 1675 4694 FILIUS
1709 4654 1852 4693 ERAT
1883 4655 2096 4708 BASILII,
2130 4656 2428 4698 FORTISSIII
2448 4660 2516 4699 ετ
2542 4660 2938 4702 GENEROSISSIII
2978 4660 3353 4711 IIPEIATORIS,

2148 4791 2231 4833 AD
2280 4791 2592 4835 ROMANUM

1531 4912 1569 4955 Δ
1602 4910 1722 4956 1)Εο
1768 4909 2152 4955 ΩΟΒΟΝΔἸἮΜ
2185 4911 2632 4958 IMPERATOR!!!
2664 4914 2742 4956 ΕΤ
2773 4912 2983 4957 FILIUM
3011 4912 3203 4957 ευυιις

827 5018 1230 5084 Obseruando
1274 5024 1325 5078 et
1352 5015 1613 5097 agenda,
1650 5014 1897 5097 quando
1936 5018 2281 5095 imperator
2320 5019 2741 5079 Romanorum
2768 5022 3073 5099 fossatum
3107 5036 3286 5097 agere
3320 5036 3427 5078 seu
3459 5018 3527 5078 in
3582 5024 3794 5079 castra
3829 5024 3917 5080 ire

1911 5124 1968 5175 et
2011 5117 2078 5176 in
2112 5116 2193 5177 iis
2223 5117 2465 5177 versari
2507 5116 2795 5181 decrevit.
3622 5104 3633 5112 ’

819 5354 980 5426 263
1008 5353 1165 5417 Audi,
1192 5351 1285 5416 Illi,
1316 5364 1595 5405 sermones
1628 5351 1796 5420 patris
1828 5351 1926 5414 tui,
1979 5351 2056 5406 ait
2095 5350 2314 5405 Salumu
2347 5358 2390 5417 Β
2494 5352 2717 5417 Ἄκουε,
2748 5351 2852 5417 ett,
2904 5351 3096 5420 λόγους
3124 5367 3205 5404 πα

1911 5390 1926 5414 ,
1979 5351 2056 5406 ait
2095 5350 2314 5405 Salumu
2347 5358 2390 5417 Β
2494 5352 2717 5417 Ἄκουε,
2748 5351 2852 5417 υἱὲ,
2904 5351 3096 5420 λόγους
3124 5350 3330 5421 πατρός
3360 5366 3479 5415 σου,
3512 5350 3765 5419 Σολομῶν
3789 5369 3869 5405 σοι
3900 5370 3985 5403 m-

760 5447 854 5501 tibi
885 5444 1219 5515 praecipiens.
1269 5441 1527 5507 Quamvis
1565 5440 1710 5495 enim
1770 5456 1800 5496 a
1846 5440 2026 5499 multis
2071 5442 2317 5510 accipere
2425 5440 2807 5512 ρακελεύεται·
2836 5441 2987 5512 παρὰ
3021 5440 3205 5494 πολλῶ

1911 5440 2026 5499 uitis
2071 5442 2317 5510 accipere
2425 5440 2807 5512 ρακελεύεταιο
2836 5441 2987 5512 παρὰ
3021 5440 3231 5494 πολλῶν
3277 5440 3382 5511 γὰρ
3414 5441 3673 5503 ἀκούσεις
3691 5442 3761 5494 τὰ
3790 5443 3984 5509 δέοντα,

1755 5558 1942 5615 JOAN.
1974 5557 2114 5612 JAC.
2145 5555 2395 5613 REISKII
2420 5554 2996 5613 COMMENTARIUS.

820 5661 932 5732 (57)
972 5657 1425 5732 Ordiuarius__liic
1461 5668 1576 5711 erat
1642 5655 1827 5710 titulus
1882 5654 2304 5732 Byzantiuorum
2416 5651 2850 5732 Qhristigratite
2895 5650 3101 5732 debere
3149 5661 3203 5705 et
3261 5651 3399 5732 ejus,
3456 5660 3512 5703 ut
3568 5653 3781 5732 aeterni“
3816 5651 3983 5732 regis,

752 5720 1155 5800 imperatorum,
1188 5731 1243 5782 in
1276 5726 1501 5800 Christo,
1537 5736 1727 5780 retento
1762 5742 1896 5792 rege,
1928 5720 2019 5776 rex
2054 5722 2310 5800 Romano-
2419 5723 2541 5800 loco
2580 5730 2643 5800 ἐι
2690 5723 3242 5800 mandato_regnare.
3286 5720 3459 5800 alinus
3482 5731 3603 5800 erat
3741 5720 3883 5800 Θεοξ
3914 5721 3983 5770 \el

752 5790 890 5862 ruit,
916 5816 1022 5871 quo
1053 5790 1302 5856 volebant
1341 5798 1541 5860 dieere,
1584 5811 1640 5850 se
1679 5790 1892 5849 omnem
1926 5794 2304 5847 auctoritatem
2418 5793 2474 5844 ὲν
2505 5790 2643 5860 Θεῷ,
2674 5806 2831 5860 quem
2861 5791 3070 5869 titulum
3104 5792 3407 5846 mitioribus
3430 5791 3769 5860 principibus
3798 5790 3985 5845 tribue-
