4152 6436
151 412 252 467 995

760 407 858 468 DE
889 404 1344 465 CERIMONHS
1385 401 1604 461 AUL£
1646 396 2091 457 BYZANTIXE
2142 397 2286 455 LIB.
2320 395 2366 452 ῐ.
2429 418 2487 429 ’-
2523 391 2840 451 APPEXD.

3305 390 3413 452 906

161 518 252 569 ὶια
278 516 390 585 (ὒϐ)
419 517 692 586 ὁλόχρυσα
713 517 828 570 δύο.
861 515 1054 569 Ίστέον
1081 514 1163 567 ὅτι
1187 508 1362 564 ταῦτα
1386 509 1442 560 ἐν
1487 505 1565 575 τῷ
1593 522 1707 558 συνε

1846 507 2144 572 impcrator
2173 505 2282 557 vult
2309 503 2560 572 pietatem
2594 518 2687 556 seu
2738 503 2938 554 donum
2976 499 3220 554 caritatis
3243 502 3407 563 .dare.

147 608 432 662 εστιᾶσθαι
450 610 698 671 ἐϐνικοὺς
711 609 788 677 τῷ
807 607 1018 675 βασιλΞί
1030 606 1122 673 {cpe
1134 604 1332 655 ἱλουσιν
1350 600 1610 668 ἐνεργεῖν.
1627 597 1724 646 Διὰ

147 702 309 755 τοῦτο
327 705 434 771 γὰρ
452 704 545 756 καὶ
563 703 619 754 ἐν
635 703 753 762 ταῖς
775 701 1018 766 φορτώπε
1029 714 1080 748 σι
1098 694 1190 748 τοῦ
1212 689 1492 762 βασιλικοῦ
1512 689 1724 758 βεστια-

147 795 267 863 ρὶου
295 793 672 863 τυγχάνουσιν,
700 793 775 853 ὡς
794 791 869 860 μὴ
894 787 1018 842 καθ’
1042 786 1279 852 ἑκάστην
1299 781 1625 852 ἐνεργοῦντα
1647 780 1724 839 εἰς

147 881 202 935 τὸ
236 881 517 950 βασιλικὸν
543 881 856 951 τραπέζιον.
904 880 977 931 Τὸ
1007 879 1063 932 δὲ
1089 877 1295 946 ἀσῆμιν
1317 876 1414 945 τῆς
1438 873 1724 944 βασιλικῆς

145 971 453 1042 ὑπουργίας
512 971 714 1038 ὀφείλει
752 969 1042 1040 βαστάζειν
1094 969 1127 1038 ἡ
1179 967 1449 1036 ὑπουργία
1501 968 1578 1029 εἰς
1628 966 1724 1035 τὴν

146 1063 420 1132 φόρτωσιν
457 1061 567 1114 τῶν
597 1060 651 1113 π’
693 1061 1015 1131 σαγμαρίων
1068 1060 1166 1128 τῆς
1199 1058 1485 1127 βασιλικῆς
1528 1058 1730 1125 ὑπουρ-

147 1153 295 1221 γίας·
333 1155 425 1220 ἀφ’
460 1147 520 1206 οὗ
545 1154 600 1206 δὲ
646 1155 964 1221 ἀποκινήσει
989 1154 1017 1204 ὁ
1063 1151 1314 1220 βασιλεὺς
1351 1150 1431 1216 εἰς
1467 1151 1563 1210 τὰς
1592 1149 1726 1218 ἐρή-

143 1265 303 1316 μους,
336 1247 428 1300 δύο
471 1250 620 1314 φτναι
648 1247 923 1314 ὀφείλουσι
955 1246 1223 1314 γίνεσθαι,
1258 1243 1356 1297 καὶ
1412 1243 1545 1296 καθ’
1576 1242 1727 1295 ἑϐδο-

144 1341 291 1408 μάδα
325 1340 599 1408 ὀφείλουσι
625 1339 928 1408 λαμϐάνειν
981 1338 1324 1407 μιλιαρήσια.
1367 1334 1596 1404 Ὁμοίως
1631 1335 1727 1388 καὶ

139 1435 189 1484 ol
242 1433 512 1502 βασιλικοὶ
563 1433 786 1500 ἄγουροι
839 1430 1112 1499 μαῖουμᾶν
1144 1427 1236 1480 καὶ
1273 1425 1612 1496 μιλιαρήσια.
1662 1426 1724 1476 ΟΞ

139 1521 194 1572 δὲ
226 1523 517 1590 μάγιστροι
537 1521 632 1573 καὶ
657 1520 702 1571 οἱ
732 1519 1010 1587 πατρίκιοι
1045 1519 1135 1570 καὶ
1156 1518 1206 1568 οι
1233 1515 1568 1583 ὁφφικιάλιοι
1599 1531 1724 1566 συν-

137 1614 432 1665 εστιῶνται
474 1611 552 1681 τῷ
602 1610 814 1680 βασιλεί
860 1612 937 1674 εἰς
992 1611 1116 1672 τοὺς
1170 1607 1437 1676 ἀκλήτους
1478 1607 1575 1659 σὺν
1610 1608 1728 1668 τοῖς

139 1702 547 1772 πραιποσίτοις.

1834 599 1946 651 sive
1993 596 2157 651 semel
2203 610 2298 665 per
2341 593 2694 662 septimanam
2741 593 2791 647 id
2853 592 2967 658 fiat,
3026 593 3138 648 sive
3181 593 3409 663 singulis

1834 688 2242 756 quatuordecim
2265 687 2453 740 diebus
2475 684 2664 739 semel.
2696 683 2849 738 Mitto
2879 695 3087 740 ceteras
3112 701 3401 754 expensas.

1836 779 1960 842 Ista,
2010 794 2130 845 qua:
2177 779 2432 841 diximus,
2484 777 2760 846 accipiunt
2815 777 2987 844 iisque
3029 777 3247 833 onerari
3309 791 3408 834 sua

1835 870 2105 937 sagmaria
2169 877 2366 923 curant
2418 869 2735 923 sacellarins
2791 878 2846 922 et
2888 868 3081 931 idicus,
3125 871 3200 922 uti
3243 871 3410 925 etiam

1837 963 1988 1017 lucc:
2039 960 2390 1032 pyrecbolum
2439 975 2531 1014 seu
2567 959 2805 1016 fomitem
2860 961 3002 1032 ignis
3047 962 3305 1031 lignemn,
3356 971 3413 1018 et

1827 1059 1992 1110 εει-ειη
2031 1073 2125 1112 seu
2178 1057 2446 1111 terebram
2489 1057 2719 1124 ligneam
2768 1057 3050 1127 igniariam
3079 1097 3094 1122 ,
3122 1067 3176 1113 ct
3209 1061 3407 1118 cande-

1837 1152 1984 1203 labra
2010 1159 2267 1217 argentea
2301 1148 2400 1202 tria
2427 1158 2482 1203 et
2504 1162 2650 1202 amca
2703 1150 2958 1212 totidem;
2993 1165 3221 1218 quorum
3242 1167 3407 1205 unum

1835 1242 2051 1308 quidem
2089 1242 2141 1295 in
2175 1249 2386 1295 caelone
2415 1255 2509 1295 seu
2538 1240 2788 1295 cubiculo
2818 1241 3138 1297 dormitorio
3175 1243 3408 1310 impera-

1837 1337 1991 1398 toris,
2032 1335 2260 1386 alterum
2311 1334 2364 1386 in
2401 1333 2715 1397 cucumilio,
2750 1333 2968 1387 tertium
3011 1334 3064 1386 in
3097 1344 3405 1402 ρει-σεωιο-

1836 1430 1990 1482 nario
2016 1444 2108 1482 seu
2143 1429 2412 1493 cubiculo,
2451 1428 2593 1499 quod
2641 1430 2707 1482 ad
2743 1430 2882 1484 latus
2915 1433 3144 1487 cmtonis
3174 1442 3278 1495 est,
3313 1447 3409 1500 po-

1839 1522 2002 1575 nitur.
2034 1522 2264 1575 lnferius
2293 1521 2491 1574 habere
2513 1522 2705 1575 debent
2741 1524 2949 1592 singula
2986 1525 3223 1595 singulos
3258 1525 3407 1579 lacus

1839 1614 1904 1665 ad
1934 1613 2160 1666 duarum
2193 1613 2587 1682 Spithamarum
2617 1613 3066 1682 prolunditatem;
3098 1617 3146 1667 in
3191 1631 3408 1670 summo

1839 1710 2010 1756 tectos
2037 1702 2269 1756 bracteis
2299 1702 2465 1756 amcis
2499 1700 2564 1754 ad
2597 1701 2767 1756 instar
2792 1705 2956 1758 cribri
2994 1704 3316 1774 perforatis;
3354 1716 3408 1758 et

135 1795 393 1863 adjacere
439 1794 665 1864 singulis
714 1802 867 1848 terna
921 1792 1120 1847 cerulia
1169 1790 1244 1864 [id
1294 1801 1374 1846 est
1437 1791 1606 1855 cerei,
1652 1800 1710 1845 ut
1762 1792 2003 1857 videtur,
2050 1809 2154 1848 non
2200 1793 2355 1855 recti,
2390 1795 2484 1848 sed
2561 1795 2998 1867 conglomerati],
3043 1807 3099 1851 et
3185 1797 3406 1852 later-na;

136 1907 328 1954 auem,
355 1892 406 1944 in
438 1905 649 1946 summo
679 1901 910 1959 pertusae
933 1887 1314 1950 foraminibus,
1364 1888 1509 1941 velut
1571 1888 1789 1954 cribra;
1831 1899 1884 1942 et
1940 1888 2276 1958 horologium
2328 1904 2552 1958 parvum
2587 1899 2904 1959 argenteum
2932 1899 3152 1962 propter
3196 1892 3406 1962 vigilias

138 1999 462 2048 nocturnas,
490 1985 632 2054 quod
650 1983 905 2038 collocari
931 1984 1090 2038 debet
1126 1983 1178 2036 in
1215 1991 1463 2049 caatone;
1487 1991 1542 2036 et
1573 1982 1717 2036 aliud
1755 1999 1986 2046 amt-mn,
2016 1983 2158 2052 quod
2195 1982 2265 2037 ibi
2302 1985 2461 2037 debet
2497 1983 2771 2046 collocari,
2815 1973 2906 2037 ubi
2974 1984 3250 2039 cmtonitm
3320 1985 3403 2039 di-

135 2094 448 2137 versantur.
479 2081 745 2137 Praeterea
773 2081 1028 2136 scutellas
1051 2089 1284 2150 quatuor
1313 2080 1515 2134 solidas
1564 2093 1780 2142 aureas,
1822 2091 1874 2131 et
1905 2080 2230 2135 minsuracia
2265 2095 2358 2135 seu
2379 2080 2650 2148 missoria,
2675 2079 2756 2133 vel
2789 2079 2970 2136 lances
2986 2081 3186 2136 solidas
3209 2097 3404 2136 aureas

134 2180 295 2236 duas.
323 2175 632 2229 orthomilia
661 2173 776 2247 [seu
801 2173 1126 2245 pyramides,
1153 2172 1341 2242 quales
1373 2172 1618 2226 lancibus
1640 2173 1706 2226 ad
1747 2173 2099 2226 occultandas
2123 2173 2288 2242 dapes
2336 2171 2898 2244 superimponunturJ
2963 2175 3080 2226 dum
3117 2182 3242 2227 tota:
3307 2190 3404 2226 an-

139 2288 265 2327 reat.
295 2271 420 2326 Hac
447 2286 574 2326 vasa
608 2270 929 2340 pretiosiora
957 2268 1163 2324 servire
1185 2277 1239 2323 et
1272 2268 1326 2322 in
1363 2282 1518 2321 usum
1550 2267 1729 2322 vocari
1768 2268 1967 2320 debent
1995 2277 2134 2333 tum,
2161 2282 2325 2337 quum
2349 2266 2520 2324 exteri
2549 2281 2669 2322 cum
2738 2267 3064 2338 imperatore
3104 2270 3398 2328 convivan-

1164 2446 1355 2503 JOAN.
1393 2446 1536 2502 JAC.
1567 2447 1814 2503 REISKII
1840 2447 2411 2518 COMMENTARIUS,

143 2590 264 2625 cum
298 2573 443 2625 hunc
472 2573 536 2622 de
570 2571 851 2641 campanis
885 2570 1295 2641 malim,__qnam
1327 2584 1450 2624 cum
1485 2568 1608 2622 aliis
1653 2569 1719 2622 de

143 2659 416 2710 gnomone
450 2639 732 2696 sciaterico
781 2642 1044 2708 accipere.
1078 2639 1256 2706 )Eque
1282 2641 1502 2693 dubium
1557 2655 1718 2706 porro

143 2725 226 2766 est
249 2714 406 2775 illud,
438 2711 579 2781 quod
617 2712 1048 2765 Muhannnedaui
1075 2711 1126 2762 in
1157 2710 1396 2762 turribus
1432 2711 1716 2781 moschea-

146 2800 264 2834 rum
294 2779 517 2836 suarum
549 2782 965 2834 habebantsuos
1007 2781 1250 2832 horarios
1310 2794 1404 2832 seu
1460 2779 1715 2832 horarum

143 2855 550 2912 observatores,
578 2861 634 2902 ut
665 2865 728 2904 ex
753 2851 868 2903 Abu
903 2849 1133 2904 Oseibah
1156 2849 1344 2910 didici,
1375 2849 1465 2916 qui
1492 2850 1556 2901 de
1582 2865 1720 2916 quo-

145 2925 268 2973 dam
311 2921 686 2973 Muhammedo
711 2922 818 2972 ait:
861 2918 995 2972 Erat
1026 2919 1240 2987 plamnia:
1277 2919 1358 2971 sui
1379 2922 1627 2985 temporis
1663 2920 1716 2971 in

143 2992 372 3044 scientia
412 2990 721 3060 conﬁciendi
755 2991 920 3060 [raras
968 2988 1043 3060 [id
1083 3001 1164 3042 est
1222 2987 1522 3060 horologia]
1570 2997 1617 3040 et
1663 2988 1716 3040 in

141 3063 366 3114 scientia
400 3058 694 3112 stellarum.
751 3059 878 3113 Erat
920 3058 1004 3113 ille
1037 3061 1196 3112 homo
1243 3058 1494 3112 Saladino
1533 3073 1715 3124 a'qua-

143 3134 235 3193 lis,
275 3131 325 3182 id
359 3140 442 3182 est
471 3132 680 3182 vivebat
705 3129 904 3182 saeculo
931 3145 1027 3184 xu.
1063 3127 1262 3180 Verum
1303 3128 1426 3195 quia
1473 3127 1711 3189 additur,

1825 2571 1962 2623 tiam
2017 2581 2066 2624 et
2139 2571 2527 2634 belles’let'res,
2595 2581 2647 2625 et
2694 2571 2774 2624 Cl.
2828 2568 3178 2629 Muratorius,
3239 2578 3275 2624 t.
3329 2570 3392 2628 ll.

1823 2643 2048 2709 Antiqu.
2083 2641 2201 2694 Ital.
2234 2657 2284 2707 p.
2319 2641 2446 2704 389,
2479 2643 2566 2695 ubi
2619 2643 2762 2694 inter
2804 2641 2907 2693 alia
2955 2641 3201 2701 miratur,
3225 2655 3395 2707 quare

1824 2714 1874 2762 in
1907 2713 2070 2764 veteri
2108 2713 2316 2770 charta,
2341 2727 2502 2777 quam
2533 2712 2799 2780 producit,
2832 2721 3159 2762 memorctnr
3181 2721 3394 2763 noctur-

1825 2797 1948 2833 nam
1998 2783 2348 2849 horologium.
2392 2782 2503 2834 Non
2536 2779 2886 2850 recogitabat
2940 2779 3146 2850 scilicet
3199 2780 3256 2833 V.
3297 2780 3385 2843 Β..

1825 2863 2034 2904 veteres
2066 2866 2159 2918 per
2190 2851 2327 2904 diem
2361 2853 2428 2904 ad
2474 2851 2669 2905 solaria
2693 2849 2702 2850 7
2725 2849 3002 2918 horologia
3061 2851 3387 2916 respexisse,

1823 2921 1888 2991 de
1924 2931 2081 2974 nocte
2112 2924 2175 2971 ad
2204 2921 2537 2991 clepsydras,
2568 2929 2658 2973 aut
2708 2922 2871 2975 etiam
2905 2921 2970 2971 ad
3023 2920 3386 2988 campanalia,

1821 2989 1863 3040 si
1891 3006 2008 3058 qua!
2048 2991 2186 3044 forte
2228 2989 2486 3044 habuere.
2540 2991 2600 3044 Et
2630 3005 2695 3045 eo
2746 3002 2969 3056 prorsus
3012 2993 3172 3059 modo
3214 2991 3386 3059 accipi

1820 3057 1980 3112 debet
2008 3061 2365 3114 Aristoxenus
2385 3062 2524 3127 apud
2551 3061 2863 3114 Athenaeum
2900 3073 2951 3126 p.
3005 3057 3128 3117 17ι.
3162 3057 3389 3116 narrans

1821 3127 2098 3184 Platonem
2136 3132 2238 3183 sibi
2292 3130 2485 3185 fecisse
2539 3129 2849 3199 νυκτερινὸν
2902 3127 3213 3199 ὡρολόγιον.
3259 3131 3390 3197 Quae

140 3217 268 3254 cum
299 3199 468 3253 fuisse
496 3200 726 3268 peritmn
755 3200 1119 3261 astronomim,
1156 3214 1382 3266 pronum
1431 3209 1516 3268 est
1562 3197 1711 3250 colli-
1739 3201 1782 3258 C
1816 3199 2031 3264 quidem
2058 3202 2111 3258 in
2140 3212 2326 3254 nostro
2354 3202 2471 3254 loco
2505 3197 2877 3253 memorantur
2911 3197 3186 3266 hurologia
3221 3215 3384 3255 unum

141 3286 294 3339 gere,
347 3266 623 3337 horologia
693 3269 778 3321 illa
831 3284 1125 3339 gnomones
1187 3269 1390 3320 solares
1435 3266 1708 3339 horasrex

142 3337 338 3393 nutibra
375 3340 658 3393 metientes
708 3339 894 3394 fuisse.
934 3337 1027 3391 Est
1064 3349 1239 3391 tamen
1271 3339 1413 3405 apud
1463 3338 1710 3389 ennulem

138 3412 263 3462 Abu
293 3410 545 3463 Oseibam
573 3409 741 3472 locus,
770 3410 860 3476 qui
890 3410 1058 3478 magis
1099 3410 1368 3471 stringere
1433 3416 1489 3459 et
1534 3409 1713 3474 aptius

140 3482 217 3532 rei
250 3478 502 3546 praesenti
543 3492 848 3544 congruere
871 3477 1102 3531 videtur.
1149 3477 1476 3546 Panlopost
1519 3492 1713 3544 nempe

140 3545 284 3602 intra
345 3548 675 3613 superiorem
733 3550 798 3601 de
855 3548 993 3600 Abul
1054 3547 1258 3600 Fadhlo
1324 3545 1473 3607 (luo,
1543 3547 1710 3601 Abch

135 3618 368 3682 Caritni,
394 3619 458 3671 Al
485 3616 808 3671 Multandeso
847 3633 942 3671 seu
987 3617 1271 3671 Geomelra
1316 3617 1478 3674 dicto,
1515 3615 1710 3667 Dama-

135 3705 328 3748 sceno,
358 3688 446 3756 qui
496 3688 669 3740 medio
717 3687 916 3740 saeculo
949 3702 1068 3748 xui,
1100 3688 1152 3740 in
1204 3685 1358 3752 Syria
1397 3695 1451 3756 et
1476 3684 1709 3754 Egypto

109 3749 325 3822 ‘vixit,
377 3749 530 3810 inter
589 3757 692 3809 alia
742 3756 855 3809 ha'c
912 3767 1137 3818 narrat,
1175 3749 1300 3812 enin
1351 3749 1712 3811 subtili-iuet

135 3829 394 3881 dextrum
425 3826 589 3879 fuisse
613 3827 1051 3880 mathematicum
1070 3838 1121 3884 et
1144 3825 1537 3888 meehanicum,
1557 3826 1708 3879 initio

133 3902 358 3964 quidem
387 3897 777 3950 dexterrimum
818 3896 1028 3950 fabrum
1059 3896 1370 3962 lignarium,
1402 3895 1595 3947 deinde
1640 3895 1706 3947 ad

132 3970 332 4022 altiora
363 3967 658 4019 litterarum
681 3982 896 4035 quoque
922 3967 1298 4020 humauinrnut
1329 3976 1382 4017 et
1426 3965 1707 4035 theologia:

133 4054 295 4090 sacra
333 4033 826 4104 processissefllie
874 4046 951 4092 est
987 4039 1096 4099 ille,
1132 4038 1221 4104 qui
1267 4037 1530 4101 reparavit
1562 4033 1704 4103 [seru

133 4103 401 4159 vandis’in
434 4109 574 4159 bono
626 4115 849 4161 statuet
897 4103 1235 4174 reparandis,
1278 4123 1321 4158 st
1359 4104 1498 4158 forte
1534 4103 1704 4156 labem

130 4177 546 4234 contraherent,
581 4176 925 4244 iuvigil.tvit,]
958 4178 1230 4244 horologia
1261 4175 1439 4240 templi
1483 4174 1704 4240 majoris

133 4246 476 4305 Damasceni,
510 4261 731 4314 quorum
764 4249 825 4298 ob
861 4247 1237 4316 inspectionem
1274 4257 1322 4316 et
1354 4246 1703 4316 visitationem

127 4332 157 4368 e
195 4318 328 4381 ﬁsco
371 4319 519 4366 salar
547 4331 631 4370 um
684 4316 850 4382 ﬁxum
901 4315 1207 4382 accipiebat.
1269 4315 1438 4382 blajus
1478 4315 1608 4380 quid
1651 4325 1705 4370 cl.

127 4387 410 4438 diversum
448 4400 476 4434 a
501 4387 756 4438 sciaterio
783 4390 968 4453 procul
1021 4385 1182 4440 dubio
1236 4385 1323 4439 hic
1367 4384 1700 4452 designatur.

128 4454 269 4507 Nam
302 4453 470 4507 semel
493 4455 600 4507 fixo
633 4456 685 4508 in
723 4459 1005 4509 commodo
1041 4457 1156 4509 loco
1197 4469 1463 4524 gnomone
1515 4454 1700 4514 solari,

128 4541 237 4606 non
283 4523 522 4606 amplius
560 4538 695 4606 opus
738 4541 862 4606 eum
912 4525 1220 4606 custodire,
1253 4539 1347 4592 per
1399 4531 1698 4606 temporum
1733 4549 1777 4606 ο

128 4593 419 4650 intervalla
476 4593 696 4646 visitare
746 4603 803 4649 et
853 4610 1107 4661 reparare
1145 4591 1441 4648 ruinosnm.
1502 4591 1695 4644 Verum

125 4663 410 4716 continuis
463 4664 659 4729 vigiliis
713 4680 848 4732 opus
908 4667 1108 4719 habere
1181 4662 1453 4729 hor-oIOgia
1515 4675 1696 4716 nostra

127 4734 341 4800 majora
384 4735 659 4798 campanis
697 4735 980 4795 instrueta,
1013 4750 1170 4787 uerno
1205 4745 1284 4788 est
1320 4737 1408 4800 qui
1463 4733 1695 4801 igtIOrct.

125 4801 319 4870 Neque
361 4802 444 4875 ‘de
487 4802 782 4875 σημάντρῳ
817 4805 992 4871 ligneo
1041 4805 1322 4875 counnode
1372 4803 1475 4855 dici
1520 4812 1698 4872 potest

125 4871 432 4940 reparatio,
464 4877 546 4924 cui
597 4871 713 4924 nou'
753 4871 1194 4927 mathematicum
1251 4871 1527 4927 hominem
1559 4887 1696 4937 Optts

123 4953 233 5004 est,
271 4943 366 4993 sed
390 4951 593 4993 tantum
629 4943 900 5010 vulgarem
925 4943 1134 4996 fabrum
1175 4945 1432 4996 adhibere
1460 4940 1652 4995 snﬂimt
1678 4959 1690 5004 ;

124 5011 382 5080 quatuvis
436 5014 501 5063 de
559 5011 647 5064 tali
711 5014 884 5080 ligneo
936 5016 1087 5082 signo
1145 5017 1366 5076 ret-tius,
1421 5027 1581 5081 qnmt
1631 5015 1683 5066 d.

124 5082 411 5144 st-iaterio,
447 5082 659 5135 dicatur
711 5084 760 5137 id
792 5085 1096 5141 observari.
1161 5082 1289 5135 Nam
1328 5083 1455 5136 illud
1497 5083 1694 5144 saepius

124 5168 218 5219 per
259 5149 401 5202 diem
427 5152 624 5218 pulsari
648 5154 896 5217 debebat,
932 5163 986 5211 et
1038 5163 1222 5204 narrat
1266 5151 1606 5204 Brochardus
1640 5168 1690 5202 ιιι

122 5222 389 5287 descript,
427 5233 581 5274 terrae
607 5231 828 5282 sancta},
857 5224 1202 5276 {\estorianos
1219 5227 1282 5274 ad
1312 5236 1500 5274 omnes
1530 5219 1691 5275 horas

123 5291 763 5361 s‘gnutnifarceretabula
805 5293 996 5361 lignea,
1034 5294 1245 5346 defectu
1280 5307 1687 5356 campanarum,

124 5364 239 5413 vid.
268 5359 450 5435 p.355
483 5359 626 5435 edit.
667 5359 901 5435 Grynaet.
941 5363 1069 5416 Mihi
1113 5363 1347 5435 quidem
1381 5372 1514 5435 satis
1573 5373 1690 5413 esto

127 5446 242 5504 rem
287 5432 341 5482 in
375 5430 551 5504 medio
608 5446 808 5504 ponere
836 5434 1074 5502 ulteriori
1116 5430 1351 5485 examini
1382 5432 1684 5504 doctorum.

124 5501 335 5552 Praeter
370 5500 504 5551 alios
555 5499 773 5562 multos,
833 5505 924 5570 qui
980 5499 1045 5556 de
1097 5511 1336 5554 veterum
1393 5501 1686 5569 horologiis

121 5574 488 5635 disputarunt,
557 5584 695 5637 quos
759 5569 1230 5625 Zimtuermannns
1291 5573 1342 5624 in
1402 5569 1686 5637 Florilegto

120 5639 459 5708 l'hdologtco
487 5653 536 5694 v.
566 5639 935 5710 Horologium,
982 5653 1038 5696 et
1093 5641 1371 5696 Fabricius
1396 5643 1446 5693 in
1486 5640 1684 5694 Biblio-

117 5712 349 5781 graphia
400 5713 717 5779 Antiquarta
773 5721 1090 5776 recensent,
1153 5723 1530 5781 argumentum
1582 5712 1683 5764 hoc

121 5780 505 5849 recentissima
555 5783 814 5834 memoria
863 5783 1155 5849 attigerunt
1198 5780 1293 5835 Un.
1333 5783 1400 5835 de
1465 5780 1682 5835 Burette

115 5852 257 5903 dans
275 5848 354 5904 les
381 5847 659 5901 Memoires
684 5851 746 5904 de
766 5851 843 5904 ΓΑ
855 5847 1085 5905 εαιιέηιὶε
1107 5850 1301 5920 Royale
1341 5853 1428 5906 der
1454 5849 1681 5924 Inscrip-

417 5945 690 6006 Ps't'aoc.
742 5944 856 6003 Gn.
895 5943 1086 6009 CXII.

1816 3281 2153 3336 argenteum,
2175 3272 2400 3325 alterunt
2427 3286 2656 3331 teut-um,
2691 3270 2939 3326 videntur
2979 3269 3106 3323 mihi
3164 3270 3382 3336 quidem

1817 3350 1936 3392 arte
1962 3343 2272 3392 tucchauiea
2313 3342 2448 3395 rotis
2473 3350 2526 3394 et
2565 3339 2893 3408 ponderibus
2947 3349 3068 3391 acta
3127 3338 3292 3392 fuisse
3329 3353 3388 3396 ut

1817 3419 2025 3471 nostra,
2052 3411 2177 3463 illud
2211 3421 2409 3473 autem,
2435 3413 2574 3477 quod
2602 3409 2836 3462 tabulam
2866 3410 3118 3461 horarum
3151 3411 3381 3467 indicem

1816 3490 2129 3548 argenteam
2163 3481 2405 3543 haberet,
2438 3490 2779 3548 argenteum,
2813 3481 2957 3547 quod
2991 3492 3118 3530 vero
3145 3477 3382 3536 tahulaut

1813 3565 2019 3600 teneam
2080 3547 2324 3613 h'abcret,
2365 3545 2573 3603 aeneum
2603 3565 2630 3602 a
2689 3545 2887 3601 Nostro
2925 3548 3051 3602 dici.
3095 3548 3252 3601 Conf.
3304 3553 3379 3603 Du

1811 3617 1993 3688 Cange
2023 3635 2073 3677 ν,
2106 3619 2472 3688 Horologium,
2505 3620 2592 3672 ubi
2634 3634 2754 3672 cum
2799 3619 2937 3671 inter
2970 3618 3104 3688 alia
3140 3622 3384 3688 posuerit

1813 3687 1952 3744 hanc
1994 3705 2179 3741 vocem
2208 3686 2904 3757 absqueinterpretatione,
2941 3696 2998 3740 ut
3030 3686 3164 3757 solet
3203 3687 3382 3742 facere

1816 3757 1867 3809 in
1909 3761 2178 3825 suspectis
2224 3769 2278 3812 ct
2328 3760 2416 3812 ubi
2458 3774 2561 3814 non
2611 3759 2797 3826 liquet,
2847 3757 3002 3824 juvat
3028 3756 3096 3826 fin
3148 3759 3380 3812 transitu

1815 3843 2056 3889 monere,
2098 3846 2162 3880 cn
2219 3830 2371 3891 loco,
2434 3844 2593 3895 quem
2653 3825 2682 3879 ε
2752 3827 2968 3895 Synodo
3023 3825 3378 3881 Nemausensi

1811 3898 2020 3961 citavit,
2055 3915 2239 3951 νυιϊιιι
2271 3898 2540 3966 horologia
2573 3898 2879 3965 signiﬁcare
2913 3898 3115 3948 l'rnctns
3149 3898 3374 3966 horteos,

1897 3970 1955 4020 ὲν
1979 3973 2099 4030 ταῖς
2133 3965 2622 4048 ὤραιςὶλεγόριενα,
2647 3970 2874 4048 collecta
2921 3966 2974 4019 in
3004 3977 3212 4021 aestate.
3242 3965 3378 4023 Pus-

1807 4037 1877 4089 sit
1901 4053 2113 4104 quoque
2139 4037 2440 4107 oporologia
2469 4037 2540 4090 ibi
2574 4039 2780 4102 reponi.

1881 4107 1992 4177 (56)
2028 4110 2165 4174 Quid
2197 4111 2412 4160 credam
2454 4122 2597 4161 esse.
2624 4122 2654 4158 e
2686 4107 2894 4161 Latinis
2938 4107 3073 4162 meis
3129 4119 3372 4176 apparet.

1809 4177 2068 4232 Furtesie
2093 4179 2353 4245 appellata
2386 4178 2601 4230 fuerunt
2635 4192 2695 4228 ea
2754 4193 2904 4242 vasa,
2951 4179 3091 4244 quod
3137 4179 3369 4241 miliare,

1806 4249 2110 4304 columnam
2146 4248 2428 4309 miliarem,
2451 4248 2500 4299 in
2532 4262 2726 4299 conum
2774 4259 3091 4315 praesectum
3121 4248 3372 4302 desinen-

1809 4329 1938 4382 tem,
1971 4319 2256 4371 referrent.
2307 4317 2564 4372 Solebant
2602 4326 2783 4368 autem
2819 4319 2946 4370 olim
2991 4319 3193 4370 cibaria
3241 4332 3372 4370 coo-

1808 4390 2267 4452 pertaintroi'erri.
2314 4387 2673 4440 Cerimoniale
2716 4384 3021 4440 Davantrire
3066 4389 3204 4453 apud
3250 4384 3368 4441 Jos.

1805 4458 2163 4511 Catalannnm
2201 4460 2264 4508 ad
2292 4458 2490 4510 (ζει-ιω.
2536 4454 2691 4508 lium.
2737 4455 2877 4509 Eccl.
2910 4471 2961 4524 p.
2993 4456 3097 4510 130
3129 4471 3144 4508 :
3179 4455 3372 4508 Parta-

1807 4534 2000 4579 buutnr
2049 4529 2190 4581 dicto
2230 4528 2336 4594 regi
2394 4527 2598 4578 cibaria
2647 4526 2823 4594 omnia
2876 4536 3118 4592 cooperta
3157 4553 3227 4565 —
3261 4527 3371 4593 regi

1809 4600 2061 4650 serrietur
2087 4599 2149 4650 de
2172 4592 2434 4663 speciebus
2453 4592 2686 4714 idulcio]
2710 4611 2825 4646 cum
2845 4596 3085 4661 dragerio
3105 4592 3367 4662 conperto.

1810 4667 2037 4714 Possunt
2081 4683 2294 4714 artouue
2345 4671 2410 4714 τὰ
2488 4663 2738 4714 οθοιιξλια
2780 4664 2867 4714 illa
2921 4666 3047 4714 olim
3097 4665 3176 4714 sic
3224 4666 3367 4714 dicta

1810 4667 2038 4720 l’ossent
2081 4663 2738 4738 quoquerddeoplXta
2780 4664 2867 4716 illa
2921 4666 3047 4716 olim
3097 4665 3176 4717 sic
3223 4666 3368 4738 dicta

1807 4739 2037 4790 miliaria
2099 4733 2222 4790 esse
2277 4735 2465 4794 videri,
2516 4733 2636 4803 quae
2700 4749 2822 4785 vasa
2873 4745 3028 4786 erant
3072 4733 3367 4799 tnetallica,

1805 4823 1958 4873 aqu-.1:
1980 4808 2359 4864 calefacienda!
2387 4806 2464 4858 sic
2487 4804 2648 4865 facta,
2677 4814 2735 4856 ut
2772 4807 2823 4855 ιιι
2884 4805 3066 4856 tnhttm
3110 4805 3362 4857 conicum

1805 4880 2032 4940 abirent,
2063 4879 2347 4930 ltahentetn
2407 4875 2458 4926 iu
2489 4876 2660 4925 medio
2693 4874 2772 4926 sui
2824 4874 3130 4935 cavitatem,
3176 4874 3226 4924 iu
3255 4890 3360 4940 qua

1801 4948 2066 5004 carbones
2098 4949 2199 5000 vivi
2256 4945 2694 5010 reponebantur;
2747 4944 2935 5013 quales
2990 4944 3165 4996 adhuc
3203 4944 3359 4995 hmliu

1803 5017 2066 5070 habemus
2092 5033 2186 5086 pro
2209 5030 2348 5082 aqua
2373 5017 2509 5066 theae
2548 5015 2916 5086 caietae-renda
2947 5023 3046 5086 aut
3080 5013 3150 5086 in
3178 5013 3358 5064 calore

1801 5083 2188 5140 conservanda.
2261 5085 2334 5138 De
2385 5085 2489 5136 illis
2539 5083 2840 5136 miliarilms
2909 5083 3015 5134 vid.
3070 5083 3361 5134 Athena-nt

1799 5155 1888 5211 Ill.
1921 5156 2010 5219 20,
2041 5157 2127 5208 ubi
2161 5156 2298 5208 ridet
2330 5153 2576 5208 Grazcutn
2617 5152 3013 5222 philosophum,
3071 5152 3161 5222 qui
3211 5151 3362 5204 Latt-

1802 5243 1925 5278 natu
1959 5242 2140 5280 vocem
2190 5225 2478 5277 miliarium
2510 5223 2692 5276 erca
2725 5239 2752 5274 a
2789 5221 2846 5276 se
2876 5223 3104 5276 conficta
3153 5221 3366 5272 ἰπνολέο

1797 5295 1897 5363 6.·,ς
1923 5297 2308 5366 appellaverat,
2335 5295 2721 5366 compositione
2752 5307 2972 5366 prorsus
2992 5308 3105 5366 _n_on
3134 5292 3358 5366 ridicula

1799 5361 1919 5417 meo
1947 5361 2175 5435 judicio,
2204 5369 2296 5417 sed
2326 5366 2628 5435 aptissima.
2660 5361 2792 5414 Nam
2825 5371 2906 5414 est
2944 5361 3132 5430 λὲὃης,
3170 5363 3263 5435 sed
3293 5365 3361 5411 ab

1798 5437 1905 5489 imo
1929 5430 1997 5488 ad
2014 5451 2283 5488 summum
2314 5430 2499 5490 cavus,
2529 5433 2600 5484 ita
2628 5446 2684 5485 ut
2708 5435 2869 5485 tubus
2895 5447 3062 5486 eavus
3085 5430 3360 5483 caminum

1799 5507 2016 5569 referat,
2055 5516 2111 5559 et
2144 5520 2309 5572 vapor
2334 5504 2628 5572 carbonum
2673 5505 2812 5555 haud
2865 5515 3022 5572 secus
3075 5509 3238 5568 atque
3265 5515 3363 5572 per

1793 5576 2063 5629 (alllillum
2115 5569 2295 5630 exeat.
2353 5571 2581 5625 Miliaria
2631 5582 2810 5626 autem
2855 5571 3173 5624 dicebantur
3222 5569 3362 5622 tales

1795 5648 2016 5710 lebetes,
2045 5647 2188 5714 quod
2221 5645 2395 5701 forma
2425 5643 2658 5704 miliare,
2686 5656 2942 5707 passuum
2989 5643 3041 5714 in
3075 5641 3174 5693 viis
3212 5639 3362 5694 indi.

1790 5733 1929 5780 rein,
1965 5711 2257 5778 referrent,
2303 5717 2354 5767 id
2400 5727 2483 5767 est
2539 5714 2842 5783 cylindrum
2910 5711 3206 5780 perfectum
3263 5717 3361 5774 aut

1789 5803 2001 5841 t'onum.
2034 5787 2188 5840 Conl.
2224 5783 2504 5854 Antilolug.
2548 5782 2598 5852 ιι.
2628 5782 2745 5836 itii.

2939 5940 3016 6007 99
