4138 6440
728 403 837 465 935

1713 385 2227 450 CONSTANTINI
2266 383 2407 442 ΡοΠ
2422 380 2829 440 PIIYROGEN
2844 379 2947 438 [TI

3921 378 4027 438 935

731 510 1081 583 contingebat
1110 509 1287 579 igitur
1336 520 1399 561 eo
1437 514 1702 572 tempore,
1754 512 1811 555 tit
1844 508 2105 554 consueto
2155 496 2313 550 modo

2451 495 2536 546 ὅτε
2586 491 2866 556 διετάξατο
2931 492 3006 560 μὴ
3069 491 3264 544 ἅπτειν
3311 491 3437 552 τοὺς
3495 489 3719 558 φανούς.
3799 492 4027 552 Ἰατέον,

735 611 956 663 interna:
989 603 1092 657 illa:
1136 601 1256 655 belli
1301 597 1506 651 indices
1551 609 1795 648 accensae
1835 590 2310 658 conspicerentur.

737 695 1180 751 llatiocinabatur
1206 691 1390 759 itaque
1420 700 1601 740 secum
1639 685 1741 738 hoc
1778 682 1936 735 modo
1973 699 1985 734 :
2025 698 2042 730 ι
2082 678 2140 732 Si
2192 693 2317 748 per-

736 790 962 850 misero,
1009 793 1068 838 ut
1119 796 1307 836 rumor
1359 779 1424 832 de
1477 775 1877 831 Saracenorum
1924 771 2206 825 invasioue
2263 770 2316 822 in

737 882 885 934 cives
911 884 1155 936 emanet,
1207 870 1484 925 tristitiam
1531 867 1658 921 inde
1700 864 2008 933 concipient
2045 876 2222 931 neque
2265 860 2317 914 in

737 973 943 1024 circum
982 983 1132 1023 meas
1155 963 1531 1034 aurigationes
1576 967 1880 1029 spectatum
1921 956 2266 1010 convenient.
2297 971 2315 1004 ι

741 1063 806 1118 Ει
861 1070 1148 1132 proliterea
1190 1057 1430 1120 vetabat,
1496 1056 1852 1122 imposterum
1907 1047 2144 1101 laternas
2200 1045 2322 1099 illas

741 1156 988 1213 accendi.
1044 1151 1184 1206 Olim
1221 1157 1383 1220 typus
1419 1163 1510 1203 seu
1550 1156 1704 1200 tenor
1735 1142 1816 1196 vel
1853 1141 2028 1196 forma
2079 1140 2193 1195 haec
2221 1139 2323 1193 ob-

743 1247 1068 1304 servabatur
1116 1245 1168 1298 iit
1205 1243 1352 1311 rogis
1379 1249 1474 1295 aut
1518 1237 1808 1305 stipendiis
1841 1233 2184 1299 finilitaribus
2217 1231 2325 1287 sol-

741 1343 957 1397 vendis.
1032 1337 1295 1394 Solebant
1347 1339 1587 1388 themata
1646 1347 1741 1385 seu
1792 1330 2034 1398 legiones
2101 1327 2327 1396 singula:

743 1446 944 1504 quarto
974 1432 1166 1500 quovis
1195 1442 1338 1482 anno
1365 1437 1685 1480 recurrente
1715 1438 1844 1478 suas
1877 1437 2037 1489 rogas
2081 1422 2327 1488 accipere

745 1532 849 1584 hoc
877 1525 1118 1582 modulo.
1162 1521 1278 1575 Hoc
1314 1520 1492 1589 primo
1528 1532 1670 1572 anno
1724 1516 2069 1584 accipiebant
2101 1510 2327 1580 strategi

747 1623 798 1675 hi
835 1639 847 1673 :
881 1617 1224 1678 Anatolicus,
1255 1610 1640 1672 Arineniacus,
1687 1607 2043 1660 Thraeesius.
2079 1603 2329 1658 Secundo

745 1724 888 1763 mmo
925 1709 978 1762 hi
1015 1725 1027 1758 :
1061 1703 1410 1773 Opsieianns,
1449 1697 1805 1758 Bucellarius,
1849 1694 2166 1764 Cappadox.
2197 1693 2332 1746 Ter-

745 1805 822 1856 tio
847 1796 1273 1860 hi:Cltrasiani,
1338 1792 1601 1854 Coloniae,
1656 1789 2058 1857 Paphlagonia.
2123 1788 2331 1852 Quarto

2423 588 2503 640 ὅτι
2539 588 2596 639 τὸ
2641 585 2870 640 παλαιὸν
2895 584 3063 647 τύπος
3093 581 3181 654 ἦν,
3226 584 3295 636 τὰ
3327 584 3538 654 θέματα
3569 584 3899 655 ῥογεύεςθαι
3937 603 4032 637 κα-

2424 681 2492 734 τὰ
2520 682 2763 750 τέσσαρα
2814 678 2931 751 ἐτη,
2968 679 3130 730 οἱονεὶ
3159 677 3236 748 τῷ
3286 677 3463 748 καιρῷ
3493 676 3666 746 τούτῳ
3718 681 3746 729 ὁ
3798 680 4030 730 Ἀνατο-

2425 771 2597 838 λικὸς,
2626 773 2654 824 ό
2693 771 3081 842 Ἀρμενιακὸς,
3107 771 3134 823 ὁ
3161 770 3468 840 Θρακήσιος
3503 768 3601 840 (8)·
3635 770 3712 839 τῷ
3746 771 3802 823 δὲ
3852 772 4029 838 ἑτέρῳ

2424 868 2604 937 χρόνῳ
2649 868 2677 918 6
2726 865 3056 934 Ὀψικιανὸ;,
3108 864 3136 916 6
3179 861 3598 932 Βουκελλάριος,
3631 864 3658 913 6
3691 863 4024 925 Καππάδοξ·

2425 958 2502 1028 τῷ
2543 959 2597 1011 δὲ
2629 959 2775 1028 ἄλλῳ
2821 957 2998 1028 χρόνῳ
3027 958 3054 1009 6
3082 957 3476 1025 Χαρσιανίτης,
3527 956 3556 1007 6
3606 954 3948 1018 Κολωνεεας,
4005 958 4030 1006 6

2428 1051 2846 1117 ιιαφλαγωνίας·
2900 1050 2994 1101 xa‘t
3033 1047 3193 1101 πάλιν
3240 1047 3319 1116 τῷ
3362 1049 3535 1116 ἑτέρῳ
3582 1049 3610 1100 6
3641 1047 3741 1115 τῆς
3773 1048 4028 1117 Θρᾴκης,

2427 1140 2456 1191 6
2486 1139 2851 1204 Μακεδονίας,
2895 1141 2923 1192 ὁ
2950 1139 3206 1199 Χαλδίας.
3264 1137 3373 1191 Καὶ
3422 1137 3532 1190 τῶν
3577 1139 3616 1189 δ’
3646 1139 3859 1207 χρόνων
3895 1138 4032 1191 6:51-

2431 1232 2840 1298 Οὸντων,πᾶ.λιν
2895 1231 3251 1303 ὲρῤογεύοντο
3295 1231 3366 1283 τὰ
3428 1232 3764 1301 ρογευϐἑντα
3813 1232 4030 1300 θέματα

2429 1325 2507 1394 τῷ
2560 1323 2760 1396 πρώτῳ
2809 1324 3012 1395 χρόνῳ.
3048 1325 3200 1387 Δέον,
3247 1326 3453 1387 πάντας
3505 1325 3630 1385 τοὺς
3685 1325 4028 1394 στρατηγοὺς

2431 1422 2605 1472 ποιεῖν
2635 1437 2693 1472 τε
2740 1418 3237 1490 παραγγελίαν-εις
3266 1419 3394 1481 τοὺς
3438 1418 3793 1489 τουρμάρχας
3823 1417 4027 1477 αὐτῶν,

2431 1514 2674 1566 κάκεῖνοι
2717 1512 2797 1574 el;
2846 1512 2972 1575 τοὺς
3015 1511 3594 1581 δρουγγαροκόμητας,
3634 1505 3717 1563 ἵνα
3768 1511 3850 1563 ἑνὶ
3907 1512 4030 1562 ἐκέ·-

2433 1619 2544 1672 στῳ
2576 1602 2757 1672 βάντῳ
2788 1601 2953 1671 ἔχωσι
3026 1602 3118 1654 τὸν
3190 1601 3532 1670 κομοδρόμον
3585 1602 3786 1668 αὐτῶν,
3827 1601 4030 1672 ὁμοίως

2433 1693 2531 1747 καὶ
2563 1693 2916 1762 τζιγγάριονο
2970 1694 3065 1746 καὶ
3129 1693 3266 1746 κατὰ
3299 1693 3492 1766 βάντον
3537 1693 3700 1763 ἔχωσι
3752 1695 3893 1764 πρὸς
3938 1695 4031 1746 ἒ·.α

2436 1787 2604 1840 ἀσκὸν
2651 1785 2847 1856 βόειον,
2877 1785 2972 1837 καὶ
3019 1785 3123 1837 ἀνὰ
3156 1784 3250 1838 δύο
3299 1784 3485 1837 ἀσκῶν
3516 1786 3754 1838 ἀπιςίων
3803 1787 3944 1855 πρὸς
3977 1788 4032 1837 τὸ

747 1897 964 1948 tandem
995 1890 1262 1950 Thraciae.
1283 1884 1612 1939 Macedonia:
1630 1893 1684 1936 et
1704 1881 1964 1936 Chaldiae.
1999 1879 2332 1934 Recurrebat

2447 1877 2675 1940 εὐκόλως
2730 1877 2995 1946 διαπερᾷν
3026 1875 3226 1937 αὐτοὺς
3287 1876 3414 1939 τοὺς
3455 1876 3636 1946 βαθεῖς
3693 1878 3790 1929 καὶ
3839 1877 4030 1928 62;:er-

745 1987 939 2042 deinde
965 1984 1128 2055 285
1154 1982 1301 2035 orbis
1318 1979 1693 2049 erogationum
1718 1976 1783 2028 ad
1809 1975 1946 2027 idem
1979 1973 2327 2041 principium,

745 2078 1180 2146 decurrebatque
1233 2075 1426 2128 iterum
1473 2079 1636 2139 atque
1673 2068 1866 2122 iterum
1903 2067 2123 2121 easdem
2159 2068 2326 2120 vices.

750 2171 954 2224 Debent
990 2168 1216 2235 strategi
1256 2170 1569 2220 mandatum
1600 2162 1652 2215 in
1685 2161 1934 2214 subditos
1971 2159 2330 2212 sihiturmar-

748 2265 919 2327 chas,
976 2272 1030 2316 et
1099 2260 1152 2314 hi
1210 2260 1261 2313 in
1321 2258 1572 2312 subditos
1644 2255 1747 2310 sibi
1818 2251 2330 2320 drungarocomites

748 2363 934 2419 edere,
988 2364 1048 2408 ut
1079 2352 1502 2420 unumquodque
1539 2348 1772 2402 bandum
1819 2361 1914 2400 seu
1947 2344 2203 2398 vexillum
2237 2351 2330 2396 aut

749 2452 950 2504 cohors
976 2448 1174 2502 habeat
1202 2460 1359 2500 suum
1391 2443 1799 2497 comodromnm
1837 2454 1929 2493 seu
1972 2438 2180 2492 fabrum
2216 2436 2328 2490 fer-

754 2542 983 2605 rarittttl,
1003 2548 1130 2593 utet
1157 2536 1398 2592 sulOrein
1428 2533 1779 2599 calcearium,
1800 2531 2153 2601 singulosque
2183 2544 2331 2585 utres

753 2633 1001 2696 hovillos,
1029 2643 1084 2685 et
1115 2631 1271 2683 binos
1290 2637 1439 2681 utres
1463 2642 1528 2680 ex
1553 2626 1847 2692 aluta,quo
1877 2621 2074 2676 ﬂuvios
2103 2622 2334 2690 profutu-

751 2728 849 2780 dos
879 2735 935 2781 et
973 2724 1204 2792 trajectu
1254 2719 1509 2776 difﬁciles
1566 2717 1726 2772 facile
1773 2715 2083 2782 trajiciant;
2122 2713 2249 2767 item
2279 2721 2336 2765 ut

753 2834 919 2890 penes
952 2833 1012 2873 se
1044 2830 1318 2885 nunquam
1375 2828 1479 2868 non
1540 2811 1778 2866 habeant
1833 2809 2195 2862 instrumenta
2239 2821 2334 2858 sua

755 2913 961 2981 absque
986 2910 1148 2965 ullius
1179 2907 1415 2971 defectu,
1451 2919 1676 2960 secures
1721 2911 1847 2973 puta
1882 2899 2128 2971 singulas
2157 2909 2212 2953 ct
2237 2900 2337 2952 do-

2429 1968 2552 2031 λους
2586 1965 2864 2037 ποταμούς
2891 1983 2905 1997 ·
2942 1965 3105 2035 ἔχωσι
3165 1965 3224 2018 δὲ
3267 1966 3360 2018 καὶ
3404 1965 3472 2018 τὰ
3536 1966 3796 2036 ἐργαλεῖα
3852 1967 4030 2020 αὐτῶν

2429 2061 2754 2124 ἁνελλιπῶς,
2814 2061 2982 2130 ἡγουν
3037 2058 3312 2130 ἀξινάριον
3342 2059 3421 2125 ἓν,
3471 2062 3769 2132 σκεπάριον
3795 2061 3867 2127 α’,
3903 2080 4029 2132 σμι-

2431 2155 2618 2226 λάριον
2675 2161 2725 2208 α’
2774 2157 2913 2225 μετά
2967 2155 3062 2208 τοῦ
3112 2155 3447 2227 ξυλοσφύρου
3485 2157 3674 2210 αὐτοῦ’
3722 2158 3824 2228 τὴν
3860 2159 4032 2225 αὐτὴν

2435 2250 2813 2321 παραγγελίαν
2845 2252 3022 2303 ποιεῖν
3060 2251 3152 2302 καὶ
3210 2249 3238 2302 6
3292 2250 3610 2321 δομέστικος
3671 2252 3782 2303 τῶν
3826 2253 4030 2322 σχολῶν

2440 2346 2532 2397 καὶ
2561 2345 2640 2405 εἰς
2691 2344 2783 2396 τὸν
2845 2345 3226 2413 τοποτηρητὴν
3276 2344 3385 2396 τῶν
3427 2344 3651 2413 σχολῶν,
3698 2344 3788 2396 ἴνα
3845 2346 3939 2397 καὶ
3980 2348 4025 2395 οἱ

2443 2437 2682 2506 κάμητες
2727 2434 2870 2488 κατὰ
2917 2435 3044 2504 μίαν
3095 2436 3291 2506 σχολὴν
3342 2437 3441 2501 τὴν
3488 2436 3660 2505 αὐτὴν
3702 2436 4028 2489 ἀκολουθία-ρ

2441 2529 2659 2598 ἔχωσιν.
2708 2527 2941 2598 Ὁμοίως
2993 2529 3084 2580 καὶ
3117 2530 3142 2581 ὁ
3172 2528 3485 2593 ἔξκούϐιτος
3517 2531 3595 2593 εἰς
3638 2530 3767 2594 τοὺς
3803 2531 4034 2600 619560.»-

2441 2638 2538 2684 νας
2574 2619 2745 2674 αὑτοῦ
2808 2622 3028 2690 ποιήσει
3066 2620 3162 2690 τὴν
3212 2621 3384 2692 αὐτὴν
3427 2623 3826 2692 παραγγελίαν,
3883 2627 3978 2676 καὶ
4008 2626 4034 2676 6

2442 2714 2805 2785 δρονγγάριος
2861 2715 2958 2784 τῆς
2991 2715 3181 2784 βίγλης
3211 2715 3291 2778 ei;
3323 2717 3448 2778 τοὺς
3487 2716 3736 2787 κόμητας
3781 2717 3876 2770 τοῦ
3914 2718 4032 2786 ἀρι-

2445 2805 2608 2876 Θμοῦ,
2648 2807 2742 2859 καὶ
2780 2807 2808 2858 6
2853 2805 3104 2869 ἱκανά-ξος
3137 2808 3214 2869 εἰς
3268 2807 3396 2869 τοὺς
3432 2808 3679 2878 κόμητας
3716 2808 3886 2862 αὑτοῦ
3919 2810 4035 2879 ἐχέ-

2444 2915 2522 2950 τω
2547 2897 2615 2950 τὰ
2644 2895 2786 2950 αὐτὰ
2813 2897 3092 2968 ἐργαλεῖα.

755 3007 936 3066 Libras
987 3003 1229 3075 singulas
1279 3011 1334 3056 et
1369 2999 1576 3054 cultros
1607 3011 1804 3054 curvos
1853 2994 2184 3064 scalptorios
2219 2991 2462 3062 singulas
2510 2999 2566 3046 et
2613 2991 2800 3047 clavas
2841 2993 3072 3058 ligneas.
3103 2991 3469 3047 Domesticum
3490 3010 3706 3064 quoque
3727 2996 4030 3051 scholarum

753 3111 971 3173 oportet
1005 3099 1213 3154 vicario
1258 3097 1572 3152 scholarum
1617 3094 1908 3163 imperare,
1957 3101 2017 3145 ut
2056 3098 2235 3151 ecuret
2282 3089 2813 3160 ab_uuiuscujusque
2871 3088 3069 3144 schola:
3127 3087 3324 3143 comite
3373 3089 3485 3144 haec
3562 3088 3679 3156 ipsa
3756 3090 3812 3144 in
3851 3092 4032 3146 schola

755 3213 851 3264 sua
879 3204 1127 3268 prompta
1159 3203 1216 3248 et
1246 3201 1433 3262 parata
1463 3190 1674 3246 haberi.
1700 3189 1956 3243 Mandata
1991 3185 2180 3241 eadem
2212 3185 2336 3241 edet
2376 3187 2663 3241 cxcubitus
2714 3186 2768 3240 in
2802 3200 2931 3240 suos
2961 3185 3354 3254 scribones,_et
3383 3184 3715 3256 drungarius
3744 3187 3942 3256 vigilia:
3986 3189 4033 3241 iu

770 3289 1004 3342 t'ntnitcs
1033 3285 1280 3350 arilhmi,
1315 3291 1368 3337 et
1397 3284 1682 3338 bicanatus
1708 3281 1760 3334 in
1829 3280 2056 3335 comites
2126 3279 2209 3333 sui
2251 3278 2485 3333 ordinis.

758 3382 1136 3442 Observanda,
1180 3380 1390 3448 quando
1451 3379 1740 3446 imperator
1789 3377 1852 3428 ab
1919 3375 2160 3448 expedito
2231 3391 2323 3448 seu

2447 3375 2594 3428 'OO'a
2621 3373 2717 3428 δεῖ
2741 3375 3031 3448 γίνεσθαι,
3058 3374 3532 3448 ὅτανέεπεδζτου
3561 3374 3598 3441 ἢ
3617 3373 3860 3443 μακρᾶς
3882 3376 4032 3430 ὁδοί.

830 3454 1156 3520 expeditione
1192 3446 1436 3513 militari,
1463 3450 1629 3502 aliove
1667 3449 1822 3517 longo
1860 3455 1909 3502 et
1950 3446 2203 3499 diuturno
2234 3446 2327 3499 iti-

2717 3447 2932 3514 πυρίας
2968 3446 3358 3514 ἐπανέρχεται
3391 3447 3424 3498 ό
3447 3446 3779 3511 βασιλεὺς.

829 3519 948 3575 nere
979 3522 1030 3574 iu
1063 3519 1239 3573 urbem
1268 3528 1578 3573 revertatur.

831 3613 1112 3668 Redeuute
1141 3611 1498 3678 imperatore.
1531 3610 1666 3664 fiunt
1703 3610 1892 3665 eadem
1931 3611 2112 3666 omnia
2149 3611 2340 3666 eodem

762 3720 973 3770 tenore,
1006 3721 1125 3776 qua:
1166 3705 1306 3770 ficri,
1344 3720 1410 3759 eo
1455 3707 1710 3771 abeunte,
1739 3704 1977 3759 diximus
2009 3705 2064 3758 in
2106 3702 2346 3772 superio-

765 3800 934 3852 ribus.
971 3795 1070 3851 Ubi
1097 3807 1276 3849 autem
1323 3794 1386 3847 ad
1423 3794 1934 3862 Constantinopolin
1966 3792 2220 3858 accessit,
2252 3807 2347 3846 oc-

763 3898 990 3943 i-orruut
1043 3888 1144 3958 ipsi
1199 3901 1479 3957 proceres,
1541 3884 1630 3955 qui
1690 3885 1833 3939 domi
1892 3894 2230 3949 manserant,
2291 3883 2345 3936 in

766 3983 976 4051 lthrgio
1015 3979 1267 4054 [navali].
1310 3979 1377 4032 Et
1422 3978 1673 4033 tribunus
1722 3977 1940 4045 quidem
1986 3975 2349 4046 presentalis,

765 4076 856 4144 qui
894 4081 1231 4129 remanserat
1264 4073 1316 4126 in
1359 4071 1516 4137 urbe,
1554 4070 1921 4126 custodienda
1965 4071 2110 4125 illius
2163 4084 2350 4132 causa,

768 4165 1012 4219 oi-currit
1055 4164 1153 4233 ipsi
1201 4163 1255 4217 in
1291 4162 1497 4216 mantio
1526 4176 1621 4216 seu
1665 4176 1798 4231 sago
1845 4177 2022 4225 russo,
2063 4162 2245 4215 statim
2285 4176 2350 4214 ex

770 4275 877 4330 quo
913 4261 1074 4314 modo
1107 4258 1406 4326 imperator
1446 4255 1588 4326 apud
1617 4253 1888 4324 Rhegium
1920 4255 2117 4324 pedem
2149 4269 2180 4308 e
2227 4253 2349 4307 navi

2535 3605 3009 3676 Ἐπανερχομένου
3066 3605 3161 3658 τοῦ
3222 3604 3506 3674 βασιλέως,
3558 3604 3628 3657 τὰ
3682 3605 3827 3658 αὐτὰ
3868 3606 4033 3658 πάντα

2454 3698 2664 3767 γίνεται
2691 3699 2832 3750 κατά
2850 3700 2949 3768 τὴν
2971 3697 3107 3761 ὁδὸν,
3132 3699 3230 3750 ὅσα
3253 3699 3309 3750 ὲν
3335 3697 3414 3766 τῷ
3447 3696 3671 3753 ἀπιέναι
3696 3698 3862 3752 αὐτὸν
3887 3701 4030 3767 εὲρῆ-

2453 3805 2651 3860 καμεν.
2709 3789 3009 3859 Γινομὲνου
3040 3789 3207 3843 αὑτοῦ
3265 3789 3394 3859 περὶ
3441 3790 4032 3849 Κωνσταντινοὺπολιν,

2444 3883 2494 3934 οἱ
2530 3883 2928 3951 ἅπομείναντες
2957 3883 3218 3953 ἄρχοντες
3246 3881 3579 3936 ἀπαντοῦσιν
3610 3883 3668 3934 ὲν
3692 3883 3772 3952 τῷ
3806 3884 4002 3953 Ῥηγίῳ
4022 3899 4036 3918 ο

2453 3974 2570 4027 ἀλλ’
2600 3977 2627 4027 6
2665 3976 2763 4043 μὲν
2792 3975 3074 4044 τριὸοὗνος
3120 3976 3536 4046 πραισεντὰλιος
3573 3977 3600 4028 6
3629 3977 3934 4046 ἁπομεῦεας
3966 3993 3990 4032 ε
4015 3993 4036 4034 ς

2456 4067 2861 4137 παραφυλακὴν
2913 4068 3013 4137 τῆς
3065 4069 3272 4130 πόλεως
3325 4071 3543 4138 ἀπαντᾷ
3607 4070 3752 4136 μετὰ
3795 4072 4034 4140 pausia-4',

2450 4163 2568 4231 ἦτοι
2601 4160 2793 4229 σαγίου
2823 4159 2898 4230 (9)
2936 4161 3182 4230 ρουσέου,
3226 4160 3387 4224 εὐθὺς
3423 4162 3560 4230 μετὰ
3585 4162 3648 4215 τὸ
3677 4163 3896 4216 ttat-:16:
3933 4163 4032 4231 (ιιι)

2458 4253 2554 4306 τοῦ
2587 4253 2829 4324 Ῥηγίου,
2850 4255 2947 4306 καὶ
2975 4253 3287 4325 καθήμενος
3315 4257 3343 4307 ὁ
3371 4254 3621 4323 βασιλεὺς
3648 4259 3729 4318 εἰς
3762 4255 3856 4308 τὸν
3883 4257 4037 4312 ἵππον

1747 4407 1941 4464 JOAN.
1977 4409 2118 4465 με.
2147 4409 2404 4464 REISKII
2464 4408 3046 4466 COMMENTARIUS.

847 4528 923 4597 (8)
983 4525 1080 4581 Est
1133 4527 1422 4594 prarl'ectus
1467 4526 1696 4580 themati
1783 4527 2204 4581 Thracesiorum
2262 4543 2356 4581 seu

776 4583 942 4653 veleri
972 4583 1238 4652 lonite'vel
1271 4599 1412 4650 Asiie
1453 4597 1672 4660 minori,
1726 4612 1898 4664 coque
1951 4614 2058 4650 non
2115 4597 2351 4651 confun-
2391 4583 2432 4637 D

777 4670 989 4723 dendus
1015 4684 1137 4721 cum
1169 4677 1432 4740 sequente
1459 4669 1600 4736 ὁτῆς
1619 4668 1868 4740 βρᾴκης,
1910 4675 2150 4735 stratege
2176 4667 2352 4720 Thra-

777 4742 877 4794 ci:e
906 4740 1064 4807 vulgo
1118 4740 1198 4791 sic
1232 4739 1424 4800 dictae;
1465 4735 1576 4807 vid.
1607 4735 1892 4791 Constant.
1926 4740 1992 4788 de
2022 4740 2248 4792 themat.
2298 4755 2351 4806 p.

782 4812 832 4864 7.
880 4806 1132 4876 Fabella,
1161 4825 1318 4876 quam
1350 4809 1421 4860 ibi
1474 4806 1711 4870 infer-cit,
1741 4823 1848 4860 non
1891 4807 2008 4861 sine
2068 4809 2224 4874 nugis
2260 4824 2355 4876 pro

783 4873 940 4935 more
964 4879 1119 4932 istius
1156 4873 1335 4931 sicculi
1380 4878 1566 4941 relata,
1603 4887 1880 4931 auctorem
1915 4878 2078 4931 habet
2111 4873 2357 4932 llerodo-

785 4965 920 5004 tum.
945 4950 988 5002 Α
1034 4948 1340 5001 Thracibus
1378 4949 1644 5016 appellata
1669 4960 1754 5002 est
1785 4965 1844 5002 ea
1890 4947 2059 5016 regio,
2093 4951 2182 5016 qui
2237 4962 2356 5000 eam

785 5020 1129 5090 sequiorihus
1179 5019 2007 5090 temporibusoccuparuntivel
2055 5023 2240 5090 potius
2281 5019 2360 5090 ab

783 5087 930 5146 omni
960 5105 1074 5143 :evo
1103 5092 1430 5152 habuerunt,
1462 5087 1545 5140 vel
1575 5097 1864 5158 antequam
1888 5089 2064 5143 Graeci
2113 5088 2360 5142 colonias

785 5162 914 5216 illuc
929 5161 1210 5214 ducerent.
1240 5158 1672 5212 Prmendcbatur
1695 5174 1865 5227 usque
1897 5159 1961 5211 ad
1983 5160 2180 5211 ostium
2207 5159 2359 5211 l‘onti

791 5232 1007 5294 Euxini,
1041 5229 1289 5296 adquue
1318 5233 1478 5281 etiam
1502 5228 1798 5294 'l‘rujauutu
1841 5244 2030 5296 agrutn
2066 5229 2116 5281 in
2148 5245 2204 5280 se
2224 5244 2362 5280 com-

790 5305 1181 5370 prehendehat.
1211 5299 1291 5350 Ad
1328 5299 1965 5370 Hellespontiutramque
2006 5315 2158 5351 oram
2209 5299 2365 5351 habi-

792 5369 980 5424 tabant
1011 5371 1400 5423 vetu~tissimis
1450 5370 1784 5438 temporibus
1818 5369 2084 5430 'l‘hraci-s,
2130 5384 2362 5439 quorum

793 5441 1039 5509 liuropxi
1080 5455 1236 5492 suum
1304 5455 1498 5491 nomen
1556 5454 1830 5508 nunquam
1898 5454 2001 5492 nou
2054 5449 2363 5500 seivaruut,

796 5509 1048 5565 Asiastici
1087 5521 1266 5563 autent
1320 5525 1419 5577 pro
1476 5510 1656 5578 aliquo
1712 5518 1953 5578 tempore
1997 5511 2366 5578 perdiderunt,

798 5584 974 5635 donec
1025 5580 1105 5632 sic
1126 5581 1335 5633 volente
1365 5582 1548 5633 neseio
1582 5595 1686 5646 qua
1749 5582 1962 5633 fortuna
2003 5581 2366 5633 revivisceret.

799 5651 1053 5719 Adeoque
1085 5659 1228 5702 recte
1256 5649 1555 5704 Guilelmus
1578 5649 1722 5702 Brito
1751 5650 1979 5717 Philipp.
2019 5649 2055 5713 Ι,
2091 5650 2244 5714 v.10,
2267 5648 2372 5702 Hoc

799 5736 1008 5774 merum
1047 5721 1363 5773 describens
1400 5721 1470 5772 ait
1517 5738 1528 5772 :
1555 5720 1658 5783 Qui
1689 5726 1960 5787 supposuit
1988 5720 2267 5773 Thraciam
2300 5737 2372 5772 vl-

801 5793 1033 5843 rtoribus
1060 5792 1233 5859 Argis,
1269 5790 1318 5842 id
1337 5799 1438 5850 est.
1469 5791 1624 5856 cujus
1659 5791 1898 5843 carmina
1927 5790 2360 5844 vastatumer-

801 5861 881 5916 (i5
937 5877 1102 5915 armis
1160 5876 1345 5930 agrum
1405 5861 1701 5930 'l'rojuuum
1758 5871 2006 5928 narrant,
2064 5862 2373 5934 falliturque

2465 4527 2739 4589 Barthius,
2768 4534 2986 4594 quando
3005 4528 3180 4582 locum
3218 4527 3372 4580 illum
3402 4526 3685 4581 sollicitat.
3721 4526 3928 4579 Thema
3945 4543 4031 4579 seu

2465 4600 2603 4666 legio
2630 4598 3053 4652 Tlirai'esiormu
3090 4599 3172 4651 vel
3237 4598 3732 4651 Thracesionoruni
3759 4601 4034 4650 cratium.

2459 4671 2579 4728 κόν.
2644 4684 2737 4722 seu
2807 4679 3101 4733 equestre,
3173 4669 3386 4739 equites
3459 4667 3529 4722 ibi
3599 4667 3854 4739 pnes-ima
3932 4683 4039 4735 agi--

2461 4742 2586 4790 bant
2612 4776 2628 4799 ,
2681 4749 2740 4791 ut
2789 4739 3062 4807 colligitur
3102 4755 3132 4790 e
3192 4737 3481 4791 Constant.
3507 4741 3572 4790 de
3606 4737 3838 4789 themat.
3875 4754 3926 4804 p.
3959 4740 4032 4791 18.

2534 4809 2610 4876 (9)
2659 4810 2812 4866 Sitne
2853 4811 2939 4860 hic
2996 4809 3100 4862 loci
3143 4811 3266 4876 ἦτοι
3296 4809 3559 4876 particul-i
3633 4809 4033 4874 interpretativa

2460 4895 2526 4931 an
2582 4879 2930 4945 iliSjtittCliva,
2989 4895 3092 4933 non
3137 4879 3326 4948 liqtti’l.
3391 4877 3855 4948 Viilt'tllrdulncn
3905 4895 4036 4947 prius

2464 4950 2666 5021 potius.
2693 4950 2810 5021 Quo
2851 4950 3092 5021 admisso
3127 4946 3285 5002 fuerit
3317 4950 3455 5002 idem
3489 4946 3711 5016 μαντίων
3739 4957 3795 4998 et
3839 4946 4033 5014 σαγές-λ.

2464 5019 2605 5071 Sane
2636 5019 2740 5070 non
2774 5019 3000 5075 multum
3029 5022 3239 5072 diversa
3277 5022 3441 5071 fuisse
3502 5029 3743 5070 inantuin
3775 5033 3827 5070 et
3860 5036 4032 5087 sagum

2463 5091 2629 5163 credo
2670 5105 2733 5142 ex
2791 5089 2855 5140 iis
2889 5099 3164 5163 coiistsu-e,
3219 5105 3338 5163 quae
3395 5090 3458 5141 ad
3505 5104 3556 5154 p.
3611 5087 3719 5140 255
3759 5089 4033 5163 désputau.

2469 5158 2736 5212 Przetcri'a
2812 5159 2994 5211 malim
3036 5161 3089 5212 in
3147 5158 3358 5212 Latinis
3412 5175 3529 5211 cum
3564 5160 3794 5224 supponi
3838 5167 4034 5225 proin:

2468 5231 2778 5281 adorantem
2810 5245 2926 5281 cum
2984 5246 3130 5295 sago.
3170 5230 3262 5283 Est
3306 5240 3486 5283 autem
3523 5233 3756 5282 adorare
3776 5247 3895 5281 cum
3927 5247 4034 5295 sago

2470 5299 2808 5370 mutilatique
2835 5298 3065 5370 quadam
3101 5303 3211 5370 sagi
3249 5304 3299 5353 iu
3336 5305 3558 5368 figurant
3583 5299 3824 5370 aliquam
3848 5311 4033 5352 ceitzim

2469 5369 2849 5423 snlunissionis
2879 5369 3100 5437 dignum
3134 5369 3349 5430 facere,
3388 5381 3446 5422 ut
3476 5385 3574 5421 nos
3609 5369 3774 5422 hodie
3807 5381 3950 5424 motu
3992 5381 4036 5421 et

2473 5442 2649 5506 positu
2675 5442 2906 5509 quodam
2951 5441 3076 5509 pilei
3104 5441 3342 5495 solemus
3375 5457 3390 5504 ;
3427 5440 3537 5492 vid.
3571 5441 3716 5509 dicta
3753 5442 3822 5491 ad
3847 5457 3964 5509 pag.
3991 5441 4037 5494 8.

2545 5512 2653 5578 μυ)
2697 5508 2788 5562 Est
2818 5508 3066 5563 trunCata
3100 5527 3201 5563 vox
3251 5526 3349 5576 pro
3409 5508 3717 5570 καταόασις
3761 5512 3846 5563 vel
3887 5508 4038 5563 xm-

2473 5579 2727 5646 ϐάσιμον,
2765 5583 2908 5649 quod
2953 5583 3110 5634 novis
3145 5581 3349 5635 Grzecis
3378 5583 3518 5634 idem
3546 5591 3630 5632 est
3655 5591 3824 5648 atque
3888 5598 4036 5633 κατα-

2475 5652 2654 5711 6:52.7.
2687 5649 2804 5702 Pari
2849 5653 3008 5703 modo
3057 5651 3216 5704 διάὁα
3244 5652 3427 5705 dicunt
3458 5652 3530 5719 (ν.
3570 5651 3648 5702 Du
3677 5651 3868 5720 C..nge
3898 5655 3946 5705 h.
3975 5669 3991 5700 τ
4027 5661 4035 5707 .l

2479 5719 2877 5789 ριοδιάὀασις,
2929 5725 3209 5784 transitus,
3270 5731 3324 5775 ct
3364 5721 3502 5790 ἐκεα
3541 5723 3623 5772 vel
3661 5719 3841 5790 sua,
3870 5727 4038 5774 introi-

2478 5805 2598 5854 tus;
2630 5807 2680 5841 ν.
2754 5791 2829 5843 Du
2862 5791 3044 5859 (lange
3068 5806 3116 5844 ν.
3163 5793 3334 5862 ἔμπα.
3376 5796 3449 5845 Ita
3493 5789 3668 5845 Latini
3700 5789 3704 5790 ν
3740 5795 3905 5850 medii
3957 5791 4036 5846 Ivi

2479 5862 2693 5913 camilla
2719 5877 2815 5931 pro
2844 5863 3210 5932 capillaeium.
