4138 6440
124 435 271 502 1005

920 432 1018 495 DE
1051 430 1502 494 CERIMONIIS
1540 426 1760 490 AULE
1798 422 2238 488 ΒΥΖΑΝΤΙΝιΕ
2275 423 2420 488 LIB.
2460 423 2543 490 ΙῙ.

3257 423 3398 490 1000

119 556 157 607 6
191 551 294 622 μιν
319 544 669 620 πατριάρχης
701 545 1003 616 ἀπέρχεται
1027 546 1107 608 είς
1144 545 1272 607 τοὺς
1328 542 1545 611 Ἀγίους
1581 542 1720 594 πᾶν·

1828 539 2005 593 aditus
2040 537 2231 611 patet.)
2278 539 2521 594 inierunt
2555 538 2765 607 pedem,
2803 546 2857 593 οι
2899 536 3320 609 progrediuntur
3356 540 3413 594 in

122 662 254 707 τας.
306 641 369 697 Oi
427 640 484 694 δὲ
513 638 768 694 δεσπόται
800 636 889 692 διὰ
917 636 1012 689 τοῦ
1036 634 1183 689 ἔνδον
1210 630 1305 688 τοῦ
1333 632 1578 703 βήματος
1609 650 1707 685 κυ-

125 736 288 789 κλίου
340 732 668 802 ἀπέρχονται
724 731 805 793 εἰς
856 730 916 783 τὸ
944 728 1235 799 εὑχτήριον
1285 728 1384 796 τῆς
1430 723 1589 794 ἁγίας
1617 727 1711 777 καὶ

128 824 413 897 βασιλίδος
431 821 759 890 Θεοφανοῦς.
792 822 1030 876 Κᾰκεῖσε
1056 818 1461 873 ἀπαλλάσσουσι
1490 817 1558 868 τὰ
1578 816 1711 888 χλα-

123 922 301 977 νίδια.
359 916 455 970 καὶ
510 914 835 977 καθέζονται
890 912 1235 985 ἐκδεχόμενοι
1294 910 1393 982 τὴν
1433 909 1529 962 τοῦ
1558 910 1713 975 ἁγίου

130 1007 476 1076 Εὐαγγελίου
524 1005 849 1072 ἀνάγνωσιν.
909 1002 1017 1057 Τοῦ
1080 1003 1137 1056 δὲ
1184 1002 1341 1071 ἁγίου
1381 1001 1715 1068 Εύαγγελίου

134 1101 430 1171 μέλλοντος
456 1095 950 1165 ἀναγινώσκεσθαι.
976 1094 1289 1165 ὶξὲρχονται
1312 1092 1415 1157 ἔξω
1436 1092 1528 1145 τοῦ
1552 1089 1716 1145 αὑτοῦ

130 1190 457 1261 εὑκτηρίου,
483 1189 578 1243 καὶ
609 1188 856 1242 ἵστανται
886 1186 999 1256 (10)
1028 1185 1176 1239 ἔνδον
1219 1184 1315 1237 τοῦ
1370 1184 1547 1236 ικεῐσε
1580 1182 1719 1234 ἀπο-

131 1282 490 1354 κρεμμένου
544 1278 708 1351 βήλου
753 1278 831 1341 ὡς
862 1279 999 1349 πρὸς
1024 1277 1083 1331 τδ
1116 1276 1289 1347 βῆμα,
1312 1276 1405 1329 καὶ
1440 1273 1719 1326 ποιοῦνται

130 1374 239 1445 τὴν
274 1369 372 1426 τοῦ
404 1371 562 1439 ἁγίου
611 1367 948 1437 Εὑαγγελίου
999 1368 1285 1438 ἀκρόασιν,
1329 1367 1424 1419 καὶ
1457 1364 1594 1437 μετὰ
1622 1363 1721 1433 τὴν

131 1465 422 1518 τελείωσιν
442 1461 536 1516 τοῦ
569 1461 725 1528 ἁγίου
758 1458 1089 1526 Εὑαγγελίοιι
1123 1457 1460 1527 εἰσέρχονται
1482 1454 1643 1508 πάλιν
1665 1454 1722 1506 ὲν

132 1558 217 1627 τῷ
248 1555 404 1625 αὖτῷ
442 1553 716 1623 εύκτηρίῳ
744 1552 845 1620 τῆς
877 1550 1041 1619 ἁγίας
1078 1547 1409 1617 Θεοφανοῦς.
1458 1547 1555 1600 καὶ
1589 1543 1727 1599 καο-

135 1647 393 1717 εζόμενοι
423 1644 695 1716 στοιχοῦσι
727 1643 787 1696 τὺ
816 1643 1139 1713 κλητὼριον,
1174 1643 1268 1694 καὶ
1293 1635 1393 1693 εἷθ’
1423 1639 1594 1701 οὕτως
1626 1652 1723 1690 πε-

134 1738 485 1810 ριὸἅλλονται
510 1737 577 1789 τὰ
604 1734 1135 1806 χρυσοπερίκλειστα
1158 1732 1340 1800 σαγία,
1364 1731 1457 1784 καὶ
1481 1730 1725 1798 διέρχον-

130 1848 228 1884 ται
272 1830 363 1882 διὰ
415 1827 509 1880 τοῦ
564 1825 839 1897 νάρθηκος
890 1824 982 1877 τοῦ
1036 1823 1328 1893 εὐκτηρίου
1394 1819 1489 1874 τοῦ
1539 1819 1723 1887 Ἀγίου

1817 630 1937 700 ejus
1968 632 2100 686 tedis
2143 632 2324 696 beiua,
2357 643 2524 700 prout
2564 645 2683 686 mos
2718 640 2832 693 est;
2857 639 2913 686 et
2944 629 3143 686 exinde
3163 645 3263 701 per
3285 630 3414 686 des.

1825 732 1963 776 iram
2014 724 2298 778 tribunalis
2343 722 2660 779 orientalem
2694 722 2902 793 plagam
2941 723 3149 779 intrant
3192 724 3246 779 in
3285 738 3411 779 ora-

1818 814 2040 879 torium,
2090 816 2233 883 quod
2280 816 2475 870 ibidem
2520 825 2627 881 est,
2671 814 2731 870 S.
2780 814 2977 871 Leonis
3028 816 3312 888 martyris.
3353 831 3409 872 ei

1818 906 1960 964 trina
1986 921 2107 959 cuni
2149 907 2322 960 cereis
2349 908 2668 962 adoratione
2701 906 2867 962 [leum
2896 907 2967 961 ibi
2994 910 3261 973 venerati.
3280 924 3410 979 pro~

1826 996 1971 1052 tinus
2008 998 2320 1053 valedicuiit
2350 1009 2405 1053 et
2446 999 2691 1054 oéculuni
2730 1001 2880 1069 pacis
2907 1000 3040 1054 dant
3066 1001 3410 1069 patriarcha.

1829 1084 1894 1140 Et
1927 1088 2233 1157 patriarcha
2263 1090 2481 1159 quidem
2510 1087 2623 1143 abit
2646 1089 2700 1144 in
2734 1093 2903 1144 adem
2939 1088 3266 1145 Sanctorum
3296 1107 3417 1147 om-

1839 1183 1987 1237 nium
2024 1199 2040 1237 :
2079 1182 2285 1237 domini
2325 1194 2504 1238 autem
2556 1198 2653 1254 per
2698 1184 2957 1256 cyclium,
2992 1200 3114 1255 quin
3154 1194 3240 1239 est
3274 1186 3413 1239 intra

1831 1276 1985 1329 bema
2014 1313 2029 1339 ,
2083 1275 2283 1329 abeunt
2332 1275 2398 1328 ad
2452 1276 2751 1330 eucterium
2802 1286 3003 1331 sanctae
3051 1276 3417 1346 imperatricis

1827 1362 2254 1435 Theophanonis
2298 1364 2466 1437 [quod
2498 1375 2581 1421 est
2615 1367 2667 1420 in
2698 1371 2814 1421 :ede
2846 1366 2947 1423 SS.
2982 1365 3412 1440 Apostolorum],

1831 1458 2012 1527 ibique
2065 1457 2329 1525 depositis
2377 1459 2598 1522 tunicis,
2649 1468 2969 1528 exspectant
3025 1467 3277 1530 tempus,‘
3306 1475 3416 1530 quo

1831 1550 2049 1604 recitari
2105 1557 2352 1603 sanctum
2402 1550 2756 1621 Evangelium
2805 1553 2984 1607 debet.
3038 1552 3117 1608 Eo
3144 1554 3409 1618 instante,

1830 1647 2031 1693 exeunt
2080 1640 2343 1705 oratorio,
2394 1650 2448 1694 et
2493 1651 2639 1695 stant
2688 1642 2829 1695 intra
2875 1642 3049 1697 velum
3101 1643 3298 1699 ibidem
3349 1659 3413 1700 ea

1831 1741 2005 1799 parte,
2056 1746 2176 1800 qua:
2218 1732 2373 1785 bema
2417 1732 2657 1800 respicit,
2704 1749 3051 1804 suspensum,
3084 1736 3416 1804 andiuntqiie

1833 1822 1884 1895 [a
1941 1824 2156 1879 nemine
2200 1823 2499 1896 conspecti]
2545 1824 2831 1881 lectionem
2885 1828 3059 1884 sancti
3116 1828 3411 1899 Evangelii.

141 1921 416 1975 ’Υπατίου
450 1920 543 1973 καὶ
569 1894 662 1973 τού
697 1894 875 1971 ἐκεῖσε
903 1916 1191 1985 ἐξάγοντος
1223 1915 1473 1985 ὲξαέρου,
1499 1915 1592 1967 καὶ
1619 1911 1727 1965 ἀπὸ

1832 1894 1945 1983 Qua
1998 1916 2169 1980 ﬁnita,
2212 1916 2439 1971 redeunt
2481 1894 2536 1971 in
2583 1916 2723 1972 idem
2754 1929 2957 1974 sanctae
2993 1894 3415 1990 Tlieopbaiionia

129 2014 246 2067 τῶν
280 2015 463 2066 ἐκεῖσε
498 2013 820 2082 ἁνέρχονται
861 2010 948 2063 διὰ
995 2009 1095 2078 τῆς
1148 2007 1362 2077 ξυλίνης
1391 2005 1595 2066 σκάλας
1624 2002 1726 2071 τῆς

127 2103 443 2173 ἐξαγούσης
459 2101 564 2167 ἔξω
582 2101 675 2155 τοῦ
703 2101 886 2168 ’Δγίου
913 2098 1323 2153 Κωνσταντίνου
1353 2099 1455 2167 τῆς
1490 2095 1726 2163 ἁναγού-

129 2213 241 2262 σης
270 2199 350 2258 είς
397 2197 466 2248 τὰ
517 2194 903 2270 κατηχούμενα
952 2193 1064 2246 τῶν
1113 2193 1313 2257 Ἀγίων
1358 2188 1719 2252 Ἀποστόλων,

129 2274 234 2342 κεῖτ’.
273 2289 379 2342 ἀπὸ
407 2288 514 2341 τῶν
543 2290 721 2340 ὲκεῖσε
751 2286 1054 2355 διέρχονται
1100 2283 1191 2337 διὰ
1238 2281 1347 2336 τῶν
1378 2296 1723 2351 κατηχούμε-

127 2380 269 2433 νίων
301 2379 410 2431 τῶν
471 2378 668 2445 Ἀγίων
726 2375 1087 2440 ’Λποστόλων,
1141 2374 1232 2427 καὶ
1265 2373 1602 2443 εἰσέρχονται
1640 2372 1720 2432 είς

127 2473 205 2525 τὰ
254 2472 508 2525 salicta.
571 2471 809 2524 Κάκεῐσε
868 2468 1294 2538 ηὖτρέπισταιή
1348 2466 1506 2535 τιμία
1537 2462 1720 2516 αὐτῶν

125 2566 408 2634 τράπεζα.
434 2564 512 2616 Τὰ
542 2564 599 2616 δὲ
629 2563 722 2615 ἐπὶ
750 2562 851 2630 τῆς
888 2561 1169 2633 τραπέζης
1192 2558 1492 2627 τελούμενα
1526 2556 1620 2608 καὶ
1651 2554 1721 2606 τὰ

124 2657 235 2723 τῆς
258 2656 491 2725 δειλινῆς
527 2653 921 2726 προελεύσεως,
952 2653 1133 2713 καθὼς
1157 2652 1502 2722 προείρηται,
1522 2647 1722 2717 ὁμοίως

124 2753 237 2818 τῆς
267 2750 524 2819 δευτέρας
551 2750 651 2816 τῆς
692 2746 1109 2817 διακαινησίμου
1150 2746 1243 2798 καὶ
1288 2743 1389 2811 τῆς
1440 2742 1564 2804 νέας
1599 2742 1715 2795 Κυ-

129 2840 357 2909 ριακῆς,
394 2839 577 2903 καθὼς
606 2839 675 2892 τὰ
694 2838 791 2891 νῦν
817 2836 1211 2891 ἐπιτελοῦνται.

123 2946 217 2992 est
250 2952 405 2991 sacra
450 2952 653 2991 mensa.
703 2935 860 2989 Ritus
893 2944 1071 2989 autem
1143 2935 1194 2987 in
1236 2932 1485 3003 prandio,

1832 2008 2172 2071 eucterium,
2219 2009 2399 2076 ibique
2444 2010 2743 2067 residentes
2804 2011 3063 2067 ordinant
3126 2013 3415 2072 cletoriuin

1829 2099 1909 2171 [id
1945 2110 2029 2155 est
2059 2102 2377 2155 nominatim
2410 2103 2699 2172 designant
2731 2113 2787 2157 et
2825 2119 2855 2158 a
2902 2106 3309 2161 nomenclatore
3333 2108 3415 2162 ci-

1830 2194 1930 2247 tari
1977 2192 2192 2261 iubent,
2233 2210 2371 2264 quos
2407 2210 2473 2250 eo
2520 2195 2608 2250 die
2648 2196 2750 2251 sibi
2795 2196 2986 2251 volunt
3022 2198 3281 2255 convivas
3318 2212 3414 2254 ac-

1829 2285 2138 2358 cumbere].
2167 2285 2303 2342 Tum
2350 2287 2518 2343 induti
2546 2289 2692 2358 sagis
2741 2303 2879 2343 auro
2918 2289 3087 2359 septis
3133 2298 3415 2346 transeunt

1830 2393 1927 2449 per
1956 2382 2274 2433 narthecem
2308 2381 2533 2434 eiicterii
2565 2396 2659 2435 seu
2690 2381 2871 2437 sacelli
2906 2380 2964 2437 S.
3000 2380 3215 2453 Hypatii
3243 2391 3298 2437 et
3319 2398 3415 2453 per

1828 2470 2023 2523 atrium
2062 2471 2134 2525 illi
2165 2481 2529 2540 pratensum;
2568 2472 2693 2527 inde
2719 2474 3018 2529 ascendunt
3061 2489 3157 2544 per
3207 2475 3422 2529 scalam

1827 2563 2083 2633 ligneam,
2126 2579 2248 2634 quae
2286 2580 2353 2619 ex
2392 2566 2508 2621 :ede
2552 2566 2611 2621 S.
2659 2565 3004 2621 Constantini
3052 2576 3315 2623 exeuntes
3360 2568 3413 2623 in

1829 2654 2243 2715 catecbuiuenia
2287 2655 2390 2709 SS.
2423 2655 2803 2724 Apostolorum
2845 2658 3023 2725 ducit;
3068 2659 3416 2728 traiectisque

1830 2746 1989 2801 modo
2014 2747 2173 2803 dictis
2195 2747 2295 2802 SS.
2322 2750 2704 2817 Apostolorum
2729 2750 3177 2818 catecliumeniis,
3206 2751 3416 2806 intrant

1829 2836 1883 2893 in
1924 2840 2181 2907 palatium
2226 2838 2341 2912 [isti
2376 2840 2477 2895 indi
2511 2840 2906 2914 adstructuni];
2940 2842 3029 2897 tibi
3061 2855 3248 2913 parata
3283 2843 3417 2913 ipsis

1569 2932 1696 2985 item
1747 2934 1801 2987 in
1845 2938 2195 3005 processione
2226 2936 2617 3005 pomeridiana,
2649 2938 2973 2992 observandi
3011 2946 3158 3005 sunt,
3188 2948 3243 2993 ut
3275 2954 3418 2994 nunc

126 3029 355 3098 quidem
409 3028 537 3081 lium
561 3069 575 3092 ,
614 3027 841 3101 [similes
893 3027 997 3081 illis
1023 3024 1062 3099 ,]
1086 3041 1221 3095 quos
1273 3026 1324 3077 in
1377 3025 1744 3092 descriptione
1774 3030 2137 3097 processionis
2168 3032 2316 3087 ferite
2340 3037 2590 3088 secunda:
2620 3029 2981 3085 diacmnesimi
3007 3027 3125 3103 [seu
3160 3032 3418 3102 proxime

129 3140 160 3175 a
221 3120 505 3177 Pascliatis
557 3118 739 3191 [vste],
827 3131 881 3174 et
929 3135 1079 3173 ηονίε
1143 3120 1434 3173 Domiiiicrc
1525 3119 1645 3191 [seu
1686 3122 1820 3193 ejus,
1870 3140 1991 3197 qua:
2024 3126 2075 3182 in
2108 3127 2245 3183 albis
2283 3127 2525 3201 dicitur,]
2548 3128 2919 3207 espoSuiiniis.

744 3212 993 3266 ΚΕΦᾹΛ.
1035 3211 1116 3263 Ην.

130 3306 301 3361 ’Ὀςά
321 3305 415 3358 δεῖ
439 3303 931 3373 παραφυλάττειν
972 3300 1043 3367 τῇ
1076 3304 1280 3373 πρώτῃ
1314 3302 1421 3373 τοῦ
1483 3304 1715 3373 Adii-0157

205 3392 364 3429 στου
395 3370 615 3443 μηνὸςξ
638 3374 745 3428 τοῦ
768 3375 961 3442 τιμίου
991 3372 1087 3425 καί
1118 3370 1401 3431 (uexerat)
1450 3370 1719 3440 σταυροῦ

205 3445 629 3515 ἐξερχομένων.

219 3541 443 3604 Ίστέον,
474 3542 581 3602 ὅτι,
615 3540 665 3591 εἰ
699 3540 794 3607 μὲν
828 3537 970 3607 λάχῃ
1002 3538 1034 3606 ἠ
1067 3534 1258 3605 πρώτη
1282 3535 1376 3589 τοῦ
1406 3536 1721 3604 Αὐγούστου

132 3634 194 3684 ὲν
227 3632 505 3701 κυριακῇ,
539 3631 746 3697 ὀφείλει
770 3630 1088 3700 ἐξέρχεσοαι
1119 3630 1229 3682 ἀπὸ
1260 3628 1354 3682 τοῦ
1381 3630 1727 3699 σκευοφυλα-

132 3726 259 3777 κίου
296 3722 391 3775 τοῦ
422 3723 656 3790 μεγάλου
692 3722 955 3775 παλατίου
984 3723 1097 3791 (Η)
1124 3722 1152 3773 ὁ
1184 3721 1365 3791 τίμιος
1398 3722 1625 3790 σταυρὸς
1659 3725 1725 3793 τῇ

129 3815 367 3868 ὀπισοεν
403 3815 676 3885 κυριακῇ,
700 3814 870 3884 ἢγουν
896 3813 1002 3883 πρὸ
1029 3814 1170 3867 ἑπτὰ
1193 3813 1418 3883 ἡμερῶν
1446 3813 1544 3882 τῆς
1574 3813 1729 3882 πρὼο

131 3925 237 3977 της
267 3906 361 3959 τοῦ
389 3908 721 3974 Αὐγούστου.
764 3906 1077 3976 Ἐξὲρχεται
1101 3906 1157 3959 δὲ
1184 3906 1479 3974 ψάλλοντος
1503 3906 1597 3958 τοῦ
1628 3907 1723 3977 δρ-

129 4002 270 4068 υρου
301 4000 431 4069 περὶ
464 3999 653 4067 τρίτην
682 3998 713 4068 ἢ
741 4001 835 4052 καὶ
864 3999 1034 4065 ἕκτην
1085 3998 1252 4067 ᾠδὴν,
1281 3998 1376 4050 καὶ
1403 3998 1723 4053 ἀποτίθεται

130 4092 193 4143 ἐν
225 4090 306 4158 τῷ
331 4089 767 4159 σκευοφυλακίῳ,
800 4090 896 4142 καὶ
947 4090 1051 4142 ὑπὸ
1084 4090 1178 4142 τοῦ
1215 4090 1565 4159 πρωτοπάπα
1594 4091 1722 4160 βαλ-

133 4180 508 4251 σαμιζὸμενος
546 4182 659 4251 (Ιῖ)
717 4181 1039 4252 προτίθεται
1085 4183 1143 4235 ὲν
1196 4184 1262 4251 τῇ
1319 4182 1591 4252 ἐκκλησίᾳ
1646 4186 1724 4245 εἰς

132 4272 513 4342 προσκύνησιν
564 4274 805 4327 πάντων.
861 4274 970 4326 Καὶ
1004 4276 1143 4343 μετᾶ
1194 4273 1292 4342 τὴν
1339 4273 1602 4325 ἀπόλυσιν
1633 4272 1725 4326 τοῦ

130 4365 341 4434 ὄρθρου
376 4363 708 4434 παρίσταται
744 4363 889 4427 ἆπας
918 4367 945 4417 ὀ
974 4366 1246 4434 βασίλειος
1276 4364 1475 4432 κλῆρος
1502 4364 1723 4433 ψάλλων

133 4460 205 4510 τὰ
245 4456 458 4527 συνήθη
512 4456 893 4527 σταυρώσιμα,
940 4458 1037 4510 καὶ
1064 4458 1151 4509 ὅτε
1184 4457 1534 4510 κελεύσουσιν
1567 4458 1617 4509 οἱ
1645 4457 1728 4509 δε·
1778 4502 1779 4505 η

2330 3202 2488 3289 31'1
2521 3202 2749 3272 uspur
2783 3216 2918 3271 vui.

1826 3306 2158 3363 Observanda
2182 3308 2438 3362 Kalendis
2472 3310 2715 3378 Augusti,
2753 3309 3040 3373 prodeunte
3070 3308 3124 3361 in
3150 3309 3415 3378 publicum

1919 3382 2195 3450 uenerabili
2242 3390 2293 3433 et
2308 3379 2505 3447 viviﬁca
2520 3377 2762 3450 cruee{i'n
2780 3395 2885 3449 qua
2945 3377 3181 3434 Christus
3228 3395 3416 3447 passus

1901 3447 2049 3520 fuit].

1904 3539 1962 3594 Si
2008 3539 2285 3594 Kalendas
2306 3539 2510 3595 mensis
2550 3540 2779 3610 Augusti
2817 3539 2869 3592 in
2899 3539 3042 3594 diem
3074 3537 3413 3596 Dominicunt

1834 3631 2075 3685 incidere
2100 3632 2400 3699 contingat,
2431 3630 2594 3685 debet
2616 3639 2803 3685 sancta
2827 3646 2958 3685 crux
3000 3630 3246 3699 proxime
3275 3646 3416 3702 prat-

1834 3724 2062 3778 cedente
2082 3723 2168 3777 die
2201 3724 2484 3778 Domiiiica
2512 3738 2607 3778 seu
2633 3723 2720 3777 die
2746 3731 2892 3777 retro
2936 3722 3169 3792 septimo
3199 3738 3231 3779 e
3250 3737 3411 3780 aceti-

1831 3816 2115 3884 0pliylacio
2141 3813 2162 3887 [
2184 3814 2269 3868 vel
2303 3815 2642 3871 custodiario
2669 3816 3032 3885 pretiosorum
3077 3830 3331 3872 vasorum
3356 3827 3415 3872 et

1829 3923 2110 3963 sacrarum
2161 3906 2537 3980 reliquiarum]
2586 3907 2767 3977 magni
2820 3906 3005 3976 palatii
3060 3908 3309 3978 expromi
3359 3917 3415 3963 et

1827 4001 2073 4070 produci,
2094 4016 2200 4071 quo
2219 4011 2460 4069 tempore
2478 4001 2772 4055 matutinas
2792 4008 3015 4066 canunt,
3037 3999 3179 4054 intra
3198 3999 3412 4055 tertiam

1829 4101 2109 4145 sestamve
2132 4090 2317 4145 odam.
2346 4088 2414 4143 Et
2441 4090 2679 4159 primum
2738 4090 3057 4157 depromtus
3081 4103 3113 4143 e
3134 4088 3266 4145 sede
3314 4104 3410 4144 sua

1831 4192 1885 4236 et
1916 4182 2200 4250 depositus
2252 4180 2483 4236 bumiin
2531 4179 2970 4250 sceuopliylacio,
3027 4179 3413 4243 balsaniisatur

1834 4272 1914 4326 vel
1952 4274 2230 4341 inungitur
2255 4272 2427 4327 sacris
2456 4272 2747 4342 unguentis
2776 4286 2805 4324 a
2836 4270 2989 4344 [cleri
3043 4270 3200 4343 regii]
3230 4280 3413 4342 proto-

1834 4378 1967 4432 papa
1995 4382 2009 4427 ;
2044 4364 2162 4418 dein
2200 4367 2518 4432 proponitur
2543 4364 2624 4417 sic
2646 4363 2943 4419 inecelesia
2974 4361 3179 4434 [magni
3205 4364 3412 4434 palatii,

1839 4454 2081 4524 Deiparaa
2130 4454 2314 4516 Pliari,
2356 4463 2414 4507 ut
2461 4454 2698 4516 videtur,
2731 4464 2822 4507 aut
2864 4465 2919 4508 et
2947 4452 3081 4526 nea]
3135 4453 3413 4509 communi

134 4547 361 4611 σποται,
416 4547 761 4616 εἰσέρχονται
816 4546 913 4598 καὶ
974 4546 1314 4608 ἀσπάζονται
1375 4546 1577 4607 αὐτὸν.
1634 4549 1728 4599 καὶ

1834 4546 2075 4601 omnium
2138 4546 2467 4599 adoratioui.
2525 4544 2663 4599 Tum
2718 4554 2840 4614 post
2901 4545 3114 4599 [initum
3174 4543 3411 4600 oﬂicium

130 4637 510 4707 ἀπερχόμενοι
544 4636 869 4701 καθέζονται
904 4636 996 4689 ἐπὶ
1026 4636 1120 4689 τοῦ
1154 4638 1601 4708 χρυσοτρικλίνου
1645 4641 1723 4702 είς

1834 4638 2154 4690 matutinum
2172 4639 2375 4689 accedit
2396 4638 2459 4688 ad
2485 4651 2601 4690 eam
2631 4647 2876 4691 sanctam
2900 4652 3136 4702 crucem,
3154 4648 3209 4693 et
3229 4653 3411 4693 coram

1163 4749 1356 4805 JOAN.
1400 4750 1540 4805 JAC.
1576 4749 1830 4805 REISKII
1863 4748 2435 4806 COMMENTARIUS.

209 4842 325 4912 (IO)
358 4841 588 4912 stetisse
618 4844 683 4895 ad
710 4842 984 4911 Evangelii
1018 4840 1303 4896 lectionem
1335 4842 1717 4912 imperatores,

130 4931 163 4969 ε
200 4909 371 4965 variis
401 4909 581 4965 Nostri
612 4914 748 4967 lucis
792 4909 985 4979 patet;
1019 4913 1127 4965 vid.
1171 4926 1223 4979 ρ.
1278 4912 1384 4965 508
1428 4911 1521 4964 liii.
1569 4911 1719 4967 Fide-

134 4987 216 5039 les
242 4998 463 5051 quoque
505 4983 643 5035 idem
676 4983 891 5043 fecisse,
926 4985 1322 5035 demonstravit
1370 4980 1616 5034 Valesius
1647 4986 1713 5036 ad

133 5050 465 5118 Philestorg.
498 5051 590 5112 Ill,
614 5052 665 5106 6.
700 5051 855 5105 Conl'.
882 5052 987 5105 Leo
1007 5052 1233 5105 Allatins
1265 5055 1330 5105 de
1354 5050 1508 5105 libris
1534 5053 1711 5107 Graec.

130 5125 348 5179 Eccles.
383 5121 519 5175 Bibl.
552 5121 645 5176 Gr.
681 5121 840 5175 Fabr.
875 5131 912 5175 t.
948 5120 1012 5184 V,
1042 5137 1093 5190 p.
1128 5121 1219 5174 24.

207 5194 323 5261 ill)
364 5191 613 5261 Magiititii
669 5194 927 5262 palatium
955 5202 1039 5262 est
1089 5190 1363 5245 ordinaria
1415 5192 1708 5245 resiileiilia

133 5260 525 5330 iiiipo-ratnrum
558 5272 613 5315 et
642 5260 934 5330 opponitur
968 5260 1089 5314 aliis
1125 5262 1345 5331 urbanis
1376 5272 1429 5313 et
1454 5263 1711 5315 suburba-

134 5338 245 5387 nis.
306 5331 441 5399 Quia
486 5347 616 5385 vero
673 5332 1150 5402 sceuopliylacitiin
1205 5344 1288 5385 est
1340 5335 1712 5385 tantummodo

133 5403 336 5458 adium
360 5417 660 5461 sacrarum,
686 5403 839 5455 debet
868 5404 955 5455 bic
982 5415 1195 5470 quoque
1215 5402 1442 5455 ecclesia
1470 5402 1708 5469 palatina

134 5473 467 5541 intelligi,et
502 5473 723 5542 quidem
762 5472 987 5539 Deipara
1027 5471 1213 5542 Phari,
1279 5482 1413 5542 ut_e
1466 5488 1523 5542 p.
1580 5471 1709 5537 512,

136 5538 701 5611 βαιειᾙΟηερὶ-ορωι·
727 5538 885 5596 verba
934 5552 1023 5594 aut
1046 5552 1093 5595 et
1124 5538 1240 5594 Nea
1277 5541 1330 5595 iii
1361 5540 1574 5595 Latinis
1608 5542 1705 5594 liu-

130 5618 218 5682 jus
250 5614 458 5682 paginae
485 5613 611 5675 3H,
648 5612 813 5666 deleri
841 5612 1020 5666 velim.

208 5679 603 5751 (ιΞΗΙςιειιιηι
638 5697 824 5736 curaui
858 5683 1079 5737 adhibet
1130 5681 1327 5751 Graeca
1369 5679 1621 5751 Ecclesia
1652 5680 1703 5735 in

139 5750 407 5805 idolorum
440 5750 661 5805 siioriiui
686 5752 854 5816 cultu,
899 5766 1073 5819 neque
1109 5754 1288 5804 minus
1314 5750 1528 5805 Latina.
1568 5750 1706 5804 Ter-

136 5822 355 5890 gebam,
387 5824 659 5890 tiiigcbaiit
686 5838 746 5874 ea
774 5822 1000 5891 singulis
1043 5822 1221 5884 annis,
1256 5835 1447 5876 novam
1486 5835 1705 5889 quoque

138 5891 334 5947 stolam
372 5892 648 5947 annuatim
685 5891 930 5955 induunt,
961 5892 1264 5946 concedere
1292 5892 1579 5960 gentilibus
1606 5894 1701 5945 iiii-

1828 4844 1974 4913 piiim
2006 4843 2286 4895 ducentes.
2336 4840 2484 4913 Ordo
2536 4842 2766 4896 Roman.
2823 4858 2875 4911 p.
2929 4843 3034 4898 572
3083 4844 3293 4898 τοῖσι
3355 4863 3412 4901 es

1824 4912 2048 4982 desuper
2094 4916 2311 4964 inuncta
2370 4912 2607 4965 balsamo
2650 4923 2698 4965 et
2751 4914 2973 4982 singulis
3022 4915 3179 4967 alariis
3225 4918 3408 4970 eadem

1823 4984 1998 5035 uiiclio
2030 4992 2329 5044 renovatur,
2352 4984 2563 5051 quando
2590 4983 2832 5034 dominus
2868 4981 3014 5051 Papa
3052 5000 3170 5037 cum
3229 4990 3409 5039 cardi-

1822 5053 2029 5105 nalibus
2064 5053 2191 5121 facit
2226 5055 2606 5120 processionem
2642 5052 2695 5104 in
2726 5051 3062 5107 Ezeltatioue
3101 5052 3163 5109 δ.
3188 5054 3404 5111 Gracia.

1819 5122 1912 5177 Sic
1968 5136 2178 5192 quoque
2228 5123 2439 5191 pagani,
2473 5123 2584 5191 qui.
2633 5130 2782 5193 teste
2813 5121 3159 5177 Artemidoro
3190 5139 3243 5193 p.
3276 5125 3403 5191 ηε,

1820 5209 1868 5247 e.
1896 5191 2301 5263 55,.idola‘sua
2344 5194 2592 5244 solebant
2629 5191 2953 5263 ἐκμάσσειν,
3010 5194 3171 5248 siccis
3193 5191 3405 5263 pannis

1814 5263 1987 5317 laneis
2031 5274 2124 5333 aut
2177 5261 2357 5314 linteis
2388 5273 2697 5333 extergere.
2732 5261 3039 5329 καθαίρειν,
3101 5261 3267 5333 aqua,
3315 5281 3406 5320 sa.

1814 5347 1973 5402 pone,
2004 5332 2282 5402 scalptris,
2310 5333 2440 5385 setis
2462 5332 2700 5401 porciuis
2736 5336 2930 5402 sorites
2975 5332 3198 5389 abluere
3225 5345 3281 5389 et
3306 5352 3401 5389 re-

1817 5400 2033 5479 vellere,
2076 5401 2344 5479 ἀλείφειν,
2379 5400 3006 5479 tinge_re._quod_Noster
3034 5403 3399 5479 βαλσαμίζιιν

1816 5474 2073 5546 appellat,
2104 5471 2405 5546 oapoﬁvjrd
2435 5474 2541 5546 πρὸ
2568 5470 2678 5523 τῶν
2708 5472 2845 5546 vsth
2876 5474 2971 5525 καὶ
3022 5470 3095 5526 τὰ
3149 5470 3256 5546 πρδ
3292 5474 3403 5529 τῶν

1817 5543 2168 5611 ἀγαλμάτων.
2230 5543 2568 5615 Quibusdam
2598 5543 3114 5615 “gentilis_eaAerat
3158 5543 3402 5615 dignitas

1816 5628 1869 5667 et
1901 5628 2031 5665 cura
2068 5615 2302 5679 iungendi
2336 5624 2391 5668 et
2418 5612 2629 5665 lavandi
2657 5612 2822 5667 idola.
2845 5612 2936 5666 Sic
2956 5612 3163 5669 ιιιιιειιι
3180 5612 3401 5674 ἐκγονοι

1814 5692 1967 5736 erant
1997 5682 2319 5752 φαιδρυνταὶ
2366 5680 2513 5737 lovis
2542 5682 2795 5752 Olympii,
2856 5693 2993 5737 teste
3042 5683 3311 5739 Pausania
3344 5690 3397 5739 in

1815 5752 1977 5816 Eleis,
2009 5766 2241 5822 quorum
2266 5762 2385 5805 erat
2422 5762 2657 5805 statuam
2686 5752 2831 5806 illam
2866 5752 3277 5809 celeberrimam
3311 5769 3400 5809 se-

1815 5824 1916 5877 mel
1944 5837 2039 5892 per
2062 5837 2265 5876 annum
2289 5823 2606 5891 abstergere
2641 5832 2694 5877 et
2726 5837 2943 5877 ornare.
