4138 6440
716 402 850 464 1015

1726 402 1869 461 CON
1875 405 1960 462 ST
1963 402 2112 462 ANT
2121 401 2197 462 1N
2209 401 2238 461 Ι
2272 398 2944 460 PORPHYROGENITI

3845 401 3975 468 1016

718 513 952 567 moniale
1008 513 1282 582 imper-tat.
1317 510 1456 563 Sunt
1491 520 1669 563 autem
1710 527 1770 564 ea
1807 513 1939 566 inec.
1977 511 2293 578 Explicatur

2407 508 2701 576 δεσπότας),
2751 509 3033 577 ἐξέρχεται
3068 508 3094 558 6
3143 506 3502 577 πραιπόσιτος
3544 508 3683 575 μετὰ
3734 512 3833 560 καὶ
3885 511 3972 562 τοῦ

713 621 812 675 per
860 604 1058 675 gradus
1098 617 1406 672 magnanra:
1435 618 1462 653 a
1490 617 1700 656 summo
1732 601 1896 670 gradu
1935 602 1999 655 ad
2050 602 2294 655 inlimmn

721 711 891 763 nsque
920 691 1242 763 epeuchium
1271 707 1363 746 seu
1391 702 1562 759 tapes,
1587 705 1746 760 super
1772 705 1879 758 quo
1915 692 2114 744 domini
2145 705 2298 759 pero-

715 796 900 840 rantes
950 792 1116 838 stant.
1170 780 1306 835 Hinc
1336 791 1518 834 autem
1550 790 1604 833 et
1634 779 1803 843 illinc,
1828 795 1856 833 a
1889 785 2075 833 dextra
2106 792 2299 846 nempe

713 893 763 931 et
794 895 821 930 a
846 878 1090 940 sinislra,
1117 885 1262 929 stant
1289 875 1339 925 in
1377 878 1570 926 seriem
1602 873 1846 925 collocati
1873 888 1900 924 a
1928 872 2101 939 primo
2125 870 2296 938 gradu

716 969 781 1019 ad
816 967 1058 1020 iulimum
1104 977 1277 1030 usque
1324 971 1576 1015 asecretze
1618 969 1672 1014 et
1710 960 1930 1023 notarii,
1975 959 2135 1013 verba
2185 959 2288 1012 (Ιο-

720 1059 848 1111 mini
887 1055 1190 1124 excepturi.
1226 1055 1280 1107 In
1314 1055 1487 1123 primo
1527 1063 1704 1107 autem
1744 1054 1911 1122 gradu
1953 1054 2018 1104 ad
2054 1053 2296 1106 dextram

723 1146 1036 1201 orientalem
1064 1156 1272 1215 partem
1307 1153 1454 1197 stant
1486 1143 1756 1212 logotheta
1784 1151 1836 1195 et
1882 1143 2298 1211 protoasecretis

717 1248 768 1291 et
798 1238 1224 1306 protonatarius.
1254 1235 1466 1289 Interea
1501 1236 1626 1288 dum
1671 1235 1872 1288 domini
1913 1235 1991 1288 sic
2022 1234 2073 1287 in
2106 1249 2298 1302 magno

722 1328 959 1381 triclinio
991 1342 1292 1394 maguauraa
1307 1327 1515 1388 sedent,
1545 1335 1917 1393 exspectantes
1935 1334 2294 1392 opportunum

720 1421 1021 1488 prodeundi
1079 1429 1312 1487 tempus,
1364 1428 1542 1472 astant
1577 1417 1707 1486 ipsis
1741 1417 2058 1470 cubicularii
2109 1431 2298 1470 oman

718 1522 772 1566 et
803 1511 1103 1579 maglabitae
1141 1520 1195 1563 et
1223 1509 1440 1564 hetaaria
1473 1519 1526 1561 et
1565 1509 2059 1578 chrysotricliuitm.
2107 1507 2298 1560 Omni-

719 1605 823 1657 bus
848 1615 1030 1656 autem
1079 1601 1430 1672 comparatis,
1483 1601 1647 1654 intrat
1677 1602 1998 1671 prmpositus
2030 1613 2082 1654 et
2111 1604 2301 1654 adorat

724 1697 1007 1751 dominum
1053 1703 1201 1747 certo
1252 1693 1485 1760 quodam
1521 1701 1671 1760 gestu
1727 1705 1886 1762 caput
1919 1693 2186 1745 inclinans
2215 1707 2300 1745 sa-

721 1801 956 1857 gumque
1008 1801 1162 1839 suum
1224 1784 1471 1838 manibus
1539 1783 1779 1838 nonnihil
1854 1783 2122 1835 attollens.
2183 1781 2299 1848 Quo

2400 599 2502 667 τῆς
2537 599 2925 662 καταστάσεως
2958 599 3192 669 πρὸςτδ
3237 601 3556 670 εὐτρεπίσαι
3591 601 3712 662 τούς
3746 618 3802 653 τε
3838 602 3974 671 ἀση-

2402 691 2610 758 κρήτας
2647 689 2755 759 (23)
2785 692 2876 741 καὶ
2907 690 3104 753 πάντα,
3132 690 3231 743 ὅσα
3280 692 3311 760 ἡ
3362 689 3617 757 συνήθεια
3647 691 3780 758 ἔχει.
3829 692 3974 742 Ἀνω

2341 857 2345 860 _
2400 784 2508 853 γὰρ
2559 784 2667 836 τῶν
2717 782 3025 852 γραδηλίων
3075 784 3239 854 μέχρι
3287 782 3382 836 τοῦ
3417 784 3730 836 τελευταίου
3768 784 3974 836 τίθεται

2400 875 2678 943 ὲπεύχιον,
2717 877 2773 927 ὲν
2795 868 2838 941 ᾧ
2877 875 3124 927 ἵστανται
3155 877 3202 927 οί
3245 875 3536 927 δεσπόται·
3584 874 3733 927 ἐνθεν
3765 875 3823 927 δὲ
3874 880 3971 928 κά-

2401 968 2572 1027 κεῖσε,
2598 967 2761 1034 ἤγουν
2791 965 2942 1030 δεξιά
2971 965 3064 1018 καὶ
3081 966 3366 1035 ἀριστερὰ,
3393 966 3559 1037 ἠγουν
3577 968 3682 1018 ἀπὸ
3704 965 3799 1018 τοῦ
3821 967 3972 1036 πρῶι

2400 1074 2494 1109 του
2526 1057 2819 1126 γραδηλίου
2853 1057 3013 1127 μέχρι
3043 1056 3136 1109 τοῦ
3185 1058 3519 1121 τελευταίου,
3568 1057 3817 1110 ἵστανται
3870 1075 3975 1108 στι-

2403 1145 2560 1215 χηδδν
2585 1146 2639 1197 σῖ
2663 1161 2720 1197 τε
2750 1146 3062 1215 ἁσηκρῆται
3091 1145 3184 1198 καὶ
3210 1148 3449 1217 νοτὰριοι
3491 1147 3780 1216 μέλλοντες
3813 1147 3973 1200 ὲκλα-

2403 1236 2590 1289 6έσθαι
2630 1234 2697 1289 τὰ
2738 1235 2843 1288 ὑπὸ
2873 1236 2966 1289 τοῦ
2999 1236 3260 1306 βασιλέως
3287 1236 3768 1308 δημηγορούμενα.
3827 1239 3974 1290 Ἀνω

2398 1327 2456 1379 δὲ
2510 1330 2589 1389 είς
2627 1326 2688 1380 τὺ
2733 1326 2947 1398 πρῶτον
2998 1328 3290 1397 γραδήλιον
3325 1330 3381 1379 ἐν
3425 1327 3503 1396 τῷ
3545 1328 3679 1397 προς
3708 1328 3974 1388 ἀνατολὰς

2400 1418 2564 1488 δεξιῷ
2620 1419 2776 1489 μέρει
2834 1420 3082 1471 ἵστανται
3111 1421 3139 1471 ὅ
3169 1436 3228 1471 τε
3270 1419 3561 1487 λογοθέτης
3610 1418 3705 1471 καὶ
3763 1420 3976 1488 πρῶτος

2401 1513 2723 1582 ἀσηκρήτης
2765 1513 2857 1564 xui.
2886 1514 2913 1564 6
2948 1512 3401 1580 πρωτονοτάριος.
3453 1511 3672 1576 Ἰστέον,
3715 1512 3822 1571 ὅτι,
3872 1511 3974 1562 τιῑιν

2401 1601 2678 1655 δεσποτῶν
2709 1602 3112 1671 καθεζομένων,
3141 1603 3505 1670 παρίστανται
3536 1602 3672 1654 οἵτε
3712 1603 3807 1654 τοῦ
3851 1619 3972 1654 κου-

2405 1688 2689 1740 6ουκΑείου
2722 1689 2920 1750 πάντες
2944 1689 3037 1741 xui.
3066 1691 3113 1742 οί
3141 1689 3234 1742 τοῦ
3269 1691 3570 1758 μαγλαῦίου
3603 1691 3814 1758 καὶτῆς
3836 1692 3974 1742 ἑται-

2405 1781 2555 1851 ρείας
2583 1781 2700 1849 ἅμα
2727 1779 2820 1832 καὶ
2848 1779 2955 1831 τῶν
2985 1779 3519 1850 χρυσοτρικλινιτῶν.
3557 1782 3684 1832 Ὅτε
3714 1781 3774 1833 δὲ
3808 1783 3972 1833 πάντα

720 1880 844 1932 dato
875 1878 1049 1946 signo,
1089 1876 1341 1945 protinus
1373 1877 1616 1944 exsurgit
1660 1875 1909 1928 dominus
1940 1889 2298 1944 egressusque

2407 1873 2582 1934 καλῶς
2611 1873 3063 1938 εὐτρεπισθῶσιν,
3092 1875 3400 1944 εἰσέρχεται
3423 1875 3450 1926 6
3486 1875 3862 1944 πραιπόσιτος,
3887 1876 3975 1928 καὶ

722 1979 873 2023 extra
926 1969 1198 2023 cancellos
1232 1978 1337 2020 stat
1372 1968 1424 2020 in
1479 1982 1691 2021 summo
1720 1969 1887 2034 gradu
1926 1981 2087 2035 super
2120 1968 2298 2020 orario

725 2062 799 2116 ibi
835 2075 1112 2129 expanso;
1147 2061 1504 2130 protinusque
1534 2060 1598 2113 ad
1638 2071 1828 2112 nutum
1872 2058 2141 2128 prarpositi
2175 2059 2303 2112 dicit

721 2149 901 2204 omnis
949 2152 1177 2220 populus
1210 2150 1620 2218 polychronium
1670 2166 1764 2206 seu
1809 2161 1992 2205 votum
2039 2153 2303 2207 diuturnm

721 2251 776 2297 et
804 2257 1075 2311 prospera:
1105 2243 1244 2296 vitm.
1281 2241 1515 2296 Reddito
1549 2244 1788 2308 silentio,
1835 2245 2023 2311 incipit
2051 2246 2302 2299 dominus

726 2349 1001 2402 perorare.
1037 2335 1151 2400 Quo
1187 2334 1266 2388 sic
1295 2336 1361 2387 ad
1396 2335 1610 2389 teleiani
1642 2352 1734 2391 seu
1761 2337 2167 2406 perfectionem,
2199 2337 2301 2398 rel,

721 2429 869 2498 quod
900 2428 1037 2483 idem
1079 2437 1182 2491 est,
1219 2429 1286 2481 ad
1334 2429 1504 2482 stasin
1548 2443 1640 2483 seu
1673 2444 1914 2498 pausam,
1951 2431 2123 2486 delato
2180 2431 2305 2502 [hoc

723 2529 810 2572 est
881 2533 1132 2574 sermone
1184 2515 1375 2589 linito]
1423 2528 1562 2573 tacet
1616 2519 1731 2588 ipse
1782 2521 2031 2589 quidem;
2080 2522 2304 2591 populus

732 2620 913 2665 autem
949 2612 1221 2680 praepositi
1275 2623 1404 2664 nutu
1443 2613 1680 2665 monitus
1716 2615 1908 2667 recitat
1953 2614 2302 2676 canticqum.

727 2719 838 2773 quo
883 2705 1098 2774 longam
1152 2705 1253 2771 ipsi
1307 2705 1469 2757 vitam
1528 2714 1583 2759 et
1627 2703 1757 2758 felix
1804 2707 2087 2774 imperium
2134 2723 2162 2760 a
2197 2709 2304 2762 Dee

728 2807 1003 2867 precatur.
1040 2795 1116 2850 Eo
1147 2798 1322 2862 linito,
1353 2799 1532 2865 signat
1577 2798 1876 2866 imperator
1917 2798 2167 2865 populum
2201 2807 2302 2863 ter,

729 2901 784 2943 et
820 2890 1052 2959 primum
1104 2889 1319 2957 quidem
1379 2903 1563 2943 coram
1622 2903 1680 2942 se
1744 2889 1793 2942 in
1851 2889 2028 2942 medio
2077 2899 2302 2954 stantes,

731 2983 983 3050 deinceps
1021 2981 1084 3033 ad
1112 2981 1377 3052 dextram,
1417 2991 1467 3033 et
1505 2981 1716 3033 tandem
1767 2982 1833 3033 ad
1881 2981 2178 3034 sinistram.
2214 2979 2305 3034 llis

729 3074 986 3144 peractis,
1052 3084 1401 3128 revertuntur
1450 3073 1649 3126 domini
1705 3075 1769 3126 ad
1822 3077 2062 3138 easdem,
2111 3075 2305 3142 quibus

728 3169 884 3213 antea
938 3159 1209 3224 sederant,
1263 3161 1421 3213 sellas
1455 3175 1668 3224 aureas,
1721 3162 1901 3230 ibique
1949 3162 2216 3230 resident;
2251 3173 2299 3215 et

728 3256 908 3310 statim
965 3256 1227 3324 incipiunt
1285 3255 1480 3308 milites
1528 3255 1592 3308 ad
1632 3255 1922 3308 aritbnmm
1976 3256 2306 3323 pertinentes

728 3358 1015 3401 consuetas
1051 3347 1233 3400 laudes
1262 3346 1460 3400 dicere.
1493 3345 1715 3400 Interim
1747 3347 2020 3415 digressus
2044 3349 2111 3401 ab
2142 3348 2308 3416 impc-

731 3452 910 3493 ratore
939 3440 1258 3508 prmpositus
1283 3439 1488 3506 reliqua
1513 3439 1726 3492 ordinat
1763 3441 2023 3494 discessui
2055 3455 2306 3494 necessa-

727 3532 807 3585 ria
834 3539 888 3584 et
937 3545 1206 3599 congrua;
1243 3531 1484 3598 magistri
1537 3547 1729 3600 nempe
1769 3542 1819 3586 et
1871 3532 2083 3600 patricii
2119 3541 2174 3586 et
2223 3547 2310 3585 se-

729 3634 947 3676 natores
977 3622 1216 3675 scr—inlini
1249 3623 1553 3679 consistunt
1588 3622 1639 3675 in
1674 3621 1876 3676 laterali
1916 3623 2125 3691 porticu
2164 3624 2306 3677 sini-

729 3724 856 3768 ιιι-αξ
931 3714 1283 3767 occidentalis
1345 3717 1536 3783 plagm,
1606 3714 1947 3767 dominorum
2022 3715 2306 3769 adventum

729 3813 1130 3871 exspectantes.
1165 3804 1329 3874 316
1351 3805 1620 3862 Omnibus
1651 3804 1788 3860 bene
1822 3806 2104 3872 ordinatis,
2132 3807 2308 3877 ingre-

730 3897 877 3950 ditur
907 3911 1097 3948 rursus
1133 3897 1473 3965 prmpositus,
1505 3896 1803 3966 aderatque
1850 3897 2097 3953 dominos
2131 3901 2310 3963 modo,

732 4003 840 4057 quo
892 3989 1050 4057 paulo
1110 3998 1235 4042 ante
1297 3988 1550 4054 diximus,
1605 3991 1872 4058 simulque
1926 3992 2004 4044 sic
2059 3995 2311 4044 admonet

735 4082 918 4144 tacite,
949 4095 1134 4149 parata
1163 4082 1275 4151 jam
1309 4083 1492 4136 omnia
1531 4098 1670 4137 e-‘sc.
1707 4081 1948 4153 Surgunt
1974 4099 2102 4153 ergo
2132 4085 2309 4138 domi-

737 4173 788 4227 ui
824 4175 1090 4241 protinus,
1133 4187 1185 4228 et
1216 4184 1494 4230 transeunt
1526 4191 1620 4244 per
1653 4177 1926 4230 sinistram
1955 4178 2162 4246 plagam
2195 4193 2311 4247 gra-

737 4267 901 4318 duum
952 4265 1261 4334 dictamque
1307 4282 1402 4337 per
1457 4269 1745 4337 porticum,
1807 4283 1908 4336 qua
1963 4268 2202 4336 magistri
2257 4278 2312 4323 et

736 4357 951 4424 patricii
995 4357 1313 4425 ordinisque
1341 4359 1598 4412 senatorii
1633 4360 1729 4413 viri
1759 4365 1937 4426 stant;
1968 4368 2022 4412 et
2042 4359 2120 4412 sic
2151 4373 2309 4426 porro

738 4465 834 4516 per
868 4459 1099 4518 portam.
1128 4466 1248 4518 quae
1281 4451 1345 4503 ad
1379 4451 1668 4504 triclinium
1709 4451 2102 4504 canditatorum
2139 4451 2304 4512 ducit,

2406 1967 2719 2034 προσκυνεῖ,
2750 1965 3161 2034 σχηματοειδῶς
3197 1982 3314 2026 πως
3345 1965 3445 2036 τὴν
3484 1964 3725 2033 κεφαλὴν
3758 1966 3974 2017 ὑποκλέ-

2402 2080 2508 2116 νων
2558 2064 2650 2115 καὶ
2685 2065 2803 2124 ταῖς
2841 2062 2998 2131 χερσὶ.
3053 2061 3290 2130 μετρίως
3340 2059 3614 2128 κουφίζων
3667 2059 3727 2111 τὸ
3784 2058 3972 2112 ἑαυτοῦ

2406 2157 2613 2223 σαγίον,
2641 2156 2737 2207 καὶ
2758 2154 2962 2216 εὐθέως
2994 2154 3310 2205 ἀνίστανται
3336 2153 3384 2205 οί
3408 2151 3686 2215 δεσπόται,
3715 2155 3808 2204 καὶ
3836 2150 3976 2218 ἑξερο

2405 2249 2622 2317 χόμενοι
2675 2245 2776 2310 ἔξω
2833 2245 2927 2297 τοῦ
2979 2243 3284 2312 καγκέλλου
3336 2243 3582 2296 ἵστανται
3630 2243 3744 2296 ἄνω
3791 2243 3870 2304 εἰς
3922 2243 3976 2293 τὸ

2409 2339 2621 2410 πρῶτον
2658 2338 2970 2408 γραὸήλιον,
3002 2339 3058 2387 ὲν
3088 2329 3132 2404 ᾧ
3182 2337 3276 2390 καὶ
3315 2337 3376 2388 τὸ
3416 2335 3670 2404 ὲπεύχιον
3707 2335 3974 2403 ἦπὶωται,

2404 2433 2499 2485 καὶ
2548 2430 2748 2492 εὐθέως
2793 2430 2889 2482 διὰ
2942 2428 3210 2498 νεύματος
3266 2428 3362 2480 τοῦ
3418 2427 3784 2497 πραιποσίτου
3839 2427 3975 2493 λέγει

2406 2523 2552 2586 am;
2600 2525 2627 2575 6
2663 2521 2789 2584 λαὸς
2845 2520 3219 2590 πολυχρόνιον.
3277 2519 3389 2572 Καὶ
3438 2520 3576 2590 μετὰ
3632 2519 3696 2571 τὸ
3760 2519 3976 2588 σιγῆσαι

2406 2617 2613 2677 πάντας
2641 2613 2863 2683 ἄρχεται
2896 2613 3231 2690 δημηγορεῖν
3266 2615 3295 2666 6
3336 2612 3610 2684 βασιλεύς.
3650 2614 3976 2690 ξῐστὲονβτι

2406 2705 2497 2758 τοῦ
2555 2680 2815 2775 βασιλέως
2861 2680 3347 2776 δημινίγοροῦιιρτος,⁷
3382 2706 3522 2758 κατὰ
3569 2680 3810 2766 τελῖείαν.
3868 2709 3976 2771 ἦτοι

2410 2799 2619 2861 στάσιν,
2659 2798 2758 2865 τῆς
2790 2797 2962 2866 αὐτῆς
2995 2796 3342 2868 δημηγορίας
3368 2799 3498 2869 σιγᾷ
3528 2798 3625 2866 μὲν
3646 2799 3675 2850 6
3710 2798 3977 2867 βασιλεὺς,

2407 2893 2434 2943 6
2463 2891 2519 2942 δὲ
2540 2889 2664 2951 λαὸς
2690 2890 2776 2942 διὰ
2797 2889 3066 2959 νεύματος
3094 2890 3186 2943 τοῦ
3213 2891 3575 2958 πραιποσίτου
3606 2890 3758 2958 λέγει
3778 2907 3793 2921 °
3827 2911 3844 2941 ι
3881 2891 3978 2944 Πο·

2408 2982 2686 3050 λυχρόνιον
2707 2982 2919 3050 ποιήσει
2949 2971 3065 3049 (ει)
3087 2984 3114 3034 6
3134 2982 3265 3044 Θεὸς
3289 2981 3386 3052 τὴν
3415 2981 3693 3051 βασιλείαν
3711 2982 3868 3050 ὑμῶν
3887 2983 3972 3033 ".i

2409 3073 2518 3125 Καὶ
2553 3071 2688 3141 μετὰ
2718 3070 2778 3122 τὸ
2813 3071 3104 3140 πληρῶσαι
3128 3070 3216 3124 τὸν
3243 3071 3370 3124 λαὸν
3402 3071 3843 3138 κατασφραγίζει
3871 3071 3978 3138 τρξο

2410 3179 2498 3216 τον
2531 3165 2559 3215 6
2594 3161 2866 3230 βασιλεὺς,
2899 3161 3086 3231 μέσον,
3112 3158 3261 3226 δεξιὰ
3295 3161 3389 3212 καὶ
3417 3161 3703 3230 ἀριστερά.
3747 3162 3859 3212 Καὶ
3890 3157 3978 3212 εἷθ’

2411 3253 2584 3317 οὕτως
2611 3253 3051 3323 ὑποστρέψαντες
3086 3253 3135 3305 οἱ
3155 3253 3410 3306 δεσπόται
3439 3252 3766 3317 καθέζονται
3792 3254 3850 3305 ἐν
3878 3255 3978 3312 τοίς

2414 3350 2634 3417 χρυσοῖς
2675 3348 2880 3397 τούτων
2926 3344 3175 3407 σελλὶοις,
3229 3345 3362 3397 ὅπου
3412 3345 3507 3397 καὶ
3553 3343 3848 3414 πρότερον,
3897 3345 3980 3396 καὶ

2414 3439 2618 3500 εὐθέως
2664 3437 2919 3507 ἄρχονται
2959 3437 3226 3506 εὺιρημεῖν
3276 3439 3323 3488 οἱ
3376 3435 3470 3488 τοῦ
3525 3435 3767 3506 ἀριθμοῦ
3826 3437 3894 3489 τά
3929 3437 3979 3500 ἐξ

2413 3527 2601 3591 ἔθους,
2648 3526 2740 3579 καὶ
2794 3529 2822 3578 6
2867 3525 3224 3595 πραιπόσιτος
3270 3524 3628 3597 ἐξερχόμενος
3677 3525 3980 3593 εὐτρεπίζει

2414 3621 2592 3672 πάντα
2636 3618 2816 3679 καλῶς
2841 3634 2853 3647 ·
2893 3619 2940 3670 οί
2972 3616 3083 3687 γὰρ
3124 3617 3414 3688 μάγιστροι
3446 3619 3542 3668 καὶ
3582 3619 3868 3684 πατρίκιοι
3899 3616 3981 3668 καὶ

2415 3710 2768 3778 συγκλητικοὶ
2807 3709 3054 3763 ἵστανται
3083 3709 3172 3761 διὰ
3218 3707 3313 3761 τοῦ
3346 3709 3576 3777 πλαγίου
3617 3707 3855 3778 ἐμϐόλου
3897 3707 3979 3759 τοῦ

2416 3804 2548 3873 πρὸς
2582 3802 2734 3854 δύσιν
2764 3801 3054 3872 ἀριστεροῦ
3099 3803 3316 3871 μέρους,
3353 3801 3699 3871 ἐκδεχόμενοι
3749 3802 3849 3871 τὴν
3885 3803 3979 3853 τῶν

2414 3893 2687 3948 δεσποτῶν
2737 3892 2940 3960 ἄφιξιν.
2985 3894 3094 3946 Καὶ
3141 3894 3227 3960 ὅτε
3280 3894 3457 3946 πάντα
3495 3893 3677 3954 καλῶς
3730 3895 3980 3962 εὐτρεπι-

2417 3986 2635 4049 σθῶσιν,
2669 3987 2976 4055 εἰσέρχεται
3012 3988 3039 4037 ό
3072 3984 3449 4055 πραιπόσιτος,
3481 3985 3574 4037 καὶ
3608 3985 3984 4053 προσκυνήσας

2413 4078 2490 4149 τῷ
2528 4081 2911 4149 προειρημένῳ
2945 4079 3202 4148 σχήματι,
3239 4078 3442 4140 εὐθέως
3485 4078 3808 4131 ἀνίστανται
3837 4081 3887 4130 οί
3912 4079 3982 4129 δε-

2416 4171 2631 4232 σπόται,
2682 4171 2777 4223 καὶ
2812 4171 3118 4241 διέρχονται
3167 4171 3255 4224 διὰ
3288 4170 3382 4223 τοῦ
3431 4170 3730 4240 ἀριστεροῦ
3791 4172 3982 4239 μέρους

2413 4264 2518 4316 τῶν
2545 4263 2850 4334 γραδηλίων
2885 4266 2977 4317 καὶ
3007 4265 3099 4316 τοῦ
3128 4265 3382 4334 ἐμϐόλου,
3423 4266 3482 4316 ὲν
3504 4258 3547 4331 ᾧ
3581 4264 3831 4317 ῖστανται
3854 4266 3908 4316 οἵ
3929 4281 3982 4315 τε

2417 4359 2706 4429 μάγιστροι
2737 4359 2830 4411 καὶ
2858 4356 3138 4426 πατρίκιοι
3173 4357 3266 4409 καὶ
3300 4357 3675 4427 συγκλητικοὶ,
3709 4359 3804 4408 καὶ
3835 4355 3987 4427 ἐξέρο

2415 4468 2598 4519 χονται
2630 4450 2716 4501 διὰ
2748 4449 2846 4518 τῆς
2873 4447 3175 4518 ἐξαγούσης
3207 4446 3382 4516 πύλης
3421 4449 3460 4478 ¹¹
3495 4449 3576 4508 είς
3599 4446 3690 4499 τὸν
3715 4447 3984 4515 τρίκλινον

736 4542 938 4611 egressi
999 4552 1226 4611 pergunt
1283 4542 1428 4608 illnc,
1475 4553 1528 4596 et
1574 4544 1718 4597 illinc
1773 4543 2154 4597 continuantes
2215 4556 2303 4610 per

2412 4541 2520 4594 τῶν
2547 4540 2895 4603 κανδιδάτων,
2939 4541 3031 4591 καὶ
3061 4538 3169 4591 ἀπὸ
3208 4537 3317 4590 τῶν
3348 4539 3529 4590 ἐκεῖσε
3563 4538 3873 4608 διέρχονται
3904 4539 3985 4590 δια

740 4633 1017 4696 excubita,
1059 4648 1153 4701 per
1185 4634 1421 4695 scholas,
1451 4647 1547 4701 per
1591 4634 1809 4704 cliytum
1860 4632 2096 4698 chalces,
2141 4631 2305 4686 deve-

743 4723 893 4776 niunt
928 4723 994 4775 ad
1027 4735 1272 4777 sanctum
1307 4735 1522 4792 puteum
1556 4723 1671 4796 [seu
1701 4726 1934 4793 phialam
1964 4725 2019 4779 S.
2046 4724 2307 4794 Sepbize].

743 4814 818 4867 lbi
868 4814 1168 4868 accendunt
1205 4829 1414 4879 cereos,
1453 4827 1505 4870 et
1535 4827 1859 4870 venerantur
1911 4825 2154 4871 sanctum
2211 4832 2311 4884 pn-

744 4918 908 4970 teum,
942 4922 1240 4977 magnaque
1293 4908 1344 4960 in
1382 4917 1554 4977 porta,
1592 4923 1710 4975 quae
1744 4909 1888 4963 illiue
1939 4908 1990 4962 iu
2028 4908 2312 4962 ecclesiam

741 5000 912 5060 ducit.
949 5002 1185 5055 occurrit
1241 5001 1346 5070 ipsi
1387 5001 1695 5070 patriarcha
1722 5001 1791 5056 ibi
1823 5001 1944 5063 loci.
1994 5001 2083 5055 ubi
2126 5011 2310 5055 sancta

743 5107 876 5145 crux
943 5091 1222 5147 adoratum
1293 5095 1600 5162 exponitur.
1664 5091 1872 5148 Domini
1929 5093 2311 5162 patri’archam,

2412 4653 2472 4688 τε
2510 4635 2619 4687 τῶν
2665 4634 2990 4700 ὲξκουῦίτων
3046 4633 3139 4686 καὶ
3171 4632 3280 4684 τῶν
3321 4631 3526 4701 σχολῶν
3567 4633 3661 4684 καὶ
3694 4633 3790 4684 τοῦ
3824 4632 3983 4701 χυτοῦ

2410 4727 2508 4796 τῆς
2539 4727 2769 4796 χαλκῆς,
2817 4725 2908 4777 καί
2937 4725 3268 4793 ἀπέρχονται
3300 4724 3463 4793 μέχρι
3499 4722 3591 4775 τοῦ
3623 4723 3782 4788 ἁγίου
3816 4726 3983 4792 φρέα-

2410 4837 2521 4881 τος.
2555 4820 2790 4870 Κάκεῖσε
2837 4816 3099 4878 ἆπτοντες
3144 4816 3348 4887 κηροὺς
3395 4817 3489 4868 καὶ
3525 4815 3903 4885 ἀσπαζόμενοι
3933 4820 3983 4868 τὴ

2413 4909 2568 4977 ἅγιον
2604 4909 2800 4978 φρέαρ,
2835 4908 3048 4977 ὑπαντᾷ
3091 4906 3310 4969 τούτους
3351 4907 3380 4957 ὁ
3412 4907 3759 4976 πατριάρχης
3785 4910 3865 4969 εἰς
3895 4908 3985 4975 τὴν

2414 5003 2588 5071 πύλην
2629 5001 2728 5071 τὴν
2764 4999 3008 5071 μεγάλην
3053 5002 3154 5068 τὴν
3188 4999 3516 5067 εἰσάγουσαν
3562 5000 3671 5052 ἀπὸ
3703 4999 3800 5052 τοῦ
3838 5001 3984 5067 ἁγίου

2426 5093 2677 5161 φρέατος,
2705 5094 2762 5144 ὲν
2807 5085 2852 5159 ᾧ
2890 5094 3037 5162 τόπῳ
3074 5095 3152 5154 εἰς
3195 5091 3566 5162 προσκύνησιν
3609 5092 3821 5147 τίθεται
3852 5098 3880 5147 6
3912 5098 3985 5145 τί-

2036 5212 2121 5265 VA
2134 5212 2269 5267 ΜΔΕ
2311 5210 2602 5266 LECTlON
2614 5211 2714 5265 ES.

819 5304 862 5334 "
896 5306 1105 5373 ποιήσει
1134 5333 1201 5344 --
1231 5305 1383 5374 ὑμῶν
1414 5320 1522 5358 em.
1556 5305 1641 5369 IL,
1667 5308 1784 5362 COII.
1811 5310 1960 5372 ποιή.

2041 5309 2080 5338 ¹¹
2113 5309 2301 5376 ποιλης
2325 5308 2445 5360 Cod.

1756 5447 1945 5501 JOAN.
1960 5445 2096 5502 JAC.
2145 5447 2392 5502 REISKH
2433 5450 2878 5506 COMMENTARI
2893 5452 2928 5506 U
2942 5453 2996 5506 S.

816 5562 926 5631 (‘25)
961 5564 1035 5616 Illi
1074 5574 1264 5630 nempe
1296 5556 1738 5632 tacliygrapliicis
1767 5561 1905 5614 notis
1935 5561 2188 5628 excipere
2216 5563 2311 5614 de-

746 5634 946 5688 bebant
985 5650 1294 5686 sermonem
1353 5631 1435 5686 ab
1483 5634 1809 5701 imperatore
1861 5631 2306 5699 pronuntiatum;

743 5704 849 5755 vid.
892 5704 1049 5770 paulo
1078 5715 1194 5770 post
1228 5703 1264 5755 ιι
1292 5705 1343 5759 9.

816 5773 928 5841 (24)
955 5773 1085 5828 Cod.
1126 5776 1274 5843 ποιή.
1328 5772 1439 5826 Non
1487 5773 1673 5825 dubito
1706 5773 1755 5826 id
1785 5772 2156 5840 compendium
2186 5787 2310 5826 esse

747 5843 985 5898 lutiuttlte
1027 5845 1265 5900 ttsitatze:
1318 5843 1666 5913 πολυχρόνιον
1704 5844 1970 5912 ποιήσειὸ
2025 5844 2154 5904 Θ;ὸς
2208 5844 2306 5912 τὴν

2424 5563 2699 5631 βασιλείαν
2725 5565 2896 5633 ὑμῶν.
2929 5563 3132 5618 Auctor
3152 5563 3473 5632 apographi,
3503 5562 3802 5622 Draudius,
3834 5565 3985 5615 dedc-

2422 5644 2502 5688 rat
2549 5638 2780 5704 ποίημα.
2819 5636 2872 5687 In
2905 5635 3112 5687 Latinis
3166 5635 3284 5704 dedi
3330 5634 3555 5703 aliquid,
3612 5635 3762 5698 quod
3816 5637 3980 5698 ἐπαμ-

2420 5703 2718 5774 φοτερίζςι,
2746 5715 2798 5760 et
2847 5706 2990 5758 illam
3023 5703 3182 5759 simul
3227 5714 3388 5772 atque
3437 5707 3576 5758 lianc
3623 5706 3979 5773 conjecturam

2417 5788 2692 5844 expuunt.
