4138 6440
145 388 274 451 1οΠ

924 393 1020 452 DE
1055 395 1510 455 CERIMONIIS
1536 396 1756 456 AUL/E
1793 398 2236 460 BYZANTIN/E
2281 403 2426 462 LIB.
2483 403 2558 462 ll.

3249 398 3384 463 iOiB

137 519 258 568 μιος
309 501 562 570 σταυρός.
601 502 709 555 Καὶ
761 502 827 573 δή
870 503 960 556 106
1011 506 1355 576 πατριάρχου
1408 505 1712 578 θυμιῶντος

1830 510 1942 563 lum
1984 510 2051 563 ab
2097 512 2214 581 ipso
2238 527 2302 566 ex
2337 528 2486 566 more
2527 513 2902 574 inccnsantur,
2928 511 3113 565 osculo
3147 513 3294 580 pacis
3326 527 3418 564 vc-

135 593 277 646 κατὰ
305 591 395 645 τὸν
428 592 598 646 τύπον
640 595 764 658 τοὺς
801 595 1086 659 δεσπότας,
1133 599 1471 663 ἀσπάζονται
1527 602 1710 664 αὑτὸν,

137 687 233 737 καὶ
269 682 367 737 εἶθ’
397 684 567 749 οὕτως
601 686 938 757 εἰσέρχονται
968 689 1057 743 διὰ
1090 690 1190 760 τῆς
1221 694 1400 744 ἐκεῖσε
1431 693 1715 763 εἰσφερού-

140 793 239 845 σης
295 777 470 846 πύλης
525 779 660 847 πρὸς
719 780 780 832 τὸ
843 780 1017 844 δεξιὸν
1076 781 1243 850 μέρος
1293 783 1389 836 106
1450 783 1713 853 βήματος.

148 869 357 921 Ἑκεῖσε
390 870 500 938 γὰρ
527 872 573 922 οἱ
601 870 703 938 τῆς
737 870 1043 940 συγκλήτου
1078 873 1277 935 πάντες
1305 873 1554 927 ἵστανται
1581 875 1718 943 μετὰ

135 961 232 1014 καὶ
260 961 367 1012 τῶν
399 961 696 1030 βασιλικῶν
720 963 814 1015 καὶ
843 957 1374 1028 τοῦ’κουὸο·.›κλείου,
1411 966 1718 1034 ἐπευχόμε-

138 1070 218 1104 νοι
251 1053 378 1114 τοὺς
407 1051 695 1116 δεσπότας.
723 1055 833 1108 Καὶ
873 1055 982 1106 ἀπὸ
1019 1055 1126 1107 τῶν
1157 1056 1336 1109 ἐκεῖσε
1383 1058 1719 1127 εἰσέρχονται

143 1148 224 1208 εἰς
271 1146 340 1199 τὶ
391 1147 524 1212 ἅγια
579 1144 763 1214 θύρια,
805 1146 897 1199 καὶ
935 1146 1196 1200 ἅπτουσιν
1244 1147 1448 1216 κηροὺς
1483 1151 1620 1204 κατὰ
1661 1151 1722 1203 τὸ

148 1238 365 1302 εἰωθὸς,
400 1240 493 1290 καὶ
519 1239 588 1292 τὰ
619 1239 745 1307 ἑξῆς
789 1241 932 1292 κατὰ
977 1239 1068 1291 τὸν
1102 1240 1275 1293 τύπον
1308 1240 1573 1297 τελοῦσιν.
1612 1245 1722 1296 Καὶ

146 1328 248 1384 εἷθ’
274 1331 447 1394 οὕτως
488 1332 906 1402 παραλαμϐάνει
935 1331 1044 1385 ἀπὸ
1066 1333 1247 1402 χειρὸς
1267 1333 1361 1385 τοῦ
1388 1335 1722 1403 καστρησίου

135 1426 165 1476 ό
227 1426 578 1494 πατριάρχης
642 1424 734 1478 τὸν
793 1423 1094 1494 θυμιατδν,
1154 1427 1246 1477 καί
1311 1426 1586 1480 ἐπιδίδωσι
1648 1427 1724 1498 τῷ

140 1516 496 1586 βασιλεῇκαὶ
525 1518 697 1588 θυμιᾷ
728 1520 756 1571 ό
783 1517 1038 1587 βασιλεὺς
1073 1517 1235 1588 πέριξ
1265 1519 1366 1589 τῆς
1405 1520 1566 1587 ἁγίας
1595 1538 1723 1589 τρα-

139 1612 338 1678 πέζης,
368 1610 462 1663 καὶ
490 1607 590 1664 εἶθ’
617 1609 791 1672 οὕτως
821 1610 910 1663 διὰ
938 1610 1034 1663 τοῦ
1064 1610 1240 1675 δεξιοῦ
1268 1612 1470 1681 μέρους
1504 1611 1596 1664 τοῦ
1629 1612 1726 1683 βή-

140 1721 314 1771 ματος
338 1704 446 1757 ἁπὺ
475 1703 584 1756 τῶν
615 1706 795 1756 ἐκεῖσε
830 1703 1043 1772 μικρῶν
1069 1701 1241 1770 ἁγίων
1271 1702 1452 1774 θυρῶν
1476 1704 1727 1776 ἐξέρχον-

137 1809 230 1843 ται
263 1795 313 1843 οἱ
353 1792 613 1845 δεσπόται
656 1791 774 1861 ἁμα
815 1791 910 1844 106
945 1793 1288 1863 πατριάρχου
1322 1792 1425 1856 ἕως
1458 1792 1567 1846 τῶν
1599 1812 1730 1865 πορ-

1826 613 2105 656 ncrantur.
2169 603 2306 657 Tum
2348 613 2579 674 pergunt
2631 618 2724 672 per
2760 613 2977 670 portam
3034 604 3099 657 ad
3162 604 3412 658 dextram

1825 692 2035 763 plagam
2083 693 2352 758 bematis;
2392 695 2478 749 ubi
2527 694 2788 750 senatorii
2837 710 3027 750 omnes
3081 705 3135 747 et
3191 693 3410 762 palatini

1827 785 2059 839 ministri
2082 795 2133 839 et
2164 787 2477 840 cubicularii
2518 795 2702 840 astant
2735 785 2970 840 dominis
3007 785 3410 840 benedicentes.

1829 876 1890 930 lli
1921 893 2015 946 per
2046 892 2232 932 sacras
2265 876 2405 931 fores
2433 879 2794 933 cancellorum
2828 877 3057 947 ingressi
3109 877 3417 932 accendunt

1791 975 1806 989 ‘
1829 984 2036 1031 cereos,
2079 980 2298 1032 ut.mos
2326 953 2432 1031 est,
2474 979 2528 1023 et
2572 979 2766 1025 cetera
2813 983 3030 1038 quoque
3057 983 3122 1022 ex
3159 967 3262 1021 ritu
3294 982 3418 1036 per-

1829 1074 2017 1134 agunt.
2045 1063 2281 1119 Tandem
2314 1061 2597 1134 acceptum
2639 1081 2669 1119 ο
2720 1079 2882 1118 manu
2922 1064 3216 1119 castrensis
3247 1061 3416 1131 patri-

1832 1156 1993 1210 archa
2026 1156 2358 1209 tburibulum
2391 1155 2556 1209 tradit
2586 1157 2919 1225 imperatori.
2949 1154 3048 1209 Hic
3077 1163 3242 1207 totam
3271 1153 3414 1207 circa

1831 1228 2045 1302 sacram
2093 1263 2335 1302 mensam
2375 1249 2657 1316 incensat;
2695 1257 2750 1303 et
2781 1258 2890 1303 tum
2925 1254 3125 1302 exeunt
3152 1245 3357 1300 domini
3389 1261 3417 1297 a

1833 1340 2019 1393 dextra
2064 1341 2291 1394 bernatis
2337 1355 2440 1394 una
2490 1355 2611 1394 cum
2660 1340 2969 1410 patriarcha
3007 1354 3102 1408 per
3151 1339 3415 1395 minores.

1832 1447 1950 1500 quae
1979 1431 2049 1485 ibi
2081 1441 2228 1496 sunt,
2265 1447 2452 1487 sacras
2492 1432 2654 1496 fores,
2690 1441 2742 1486 et
2783 1445 2955 1500 usque
2978 1432 3045 1484 ad
3075 1428 3417 1499 porphyreti-

1835 1539 1925 1576 cas
1954 1524 2236 1578 columnas
2265 1525 2564 1593 procedunt
2588 1524 2768 1577 ambo.
2795 1523 2869 1578 Ibi
2899 1533 3080 1576 autem
3111 1519 3419 1573 valcdicuut

1836 1626 1890 1670 ct
1949 1617 2194 1670 osculum
2248 1617 2395 1684 pacis
2448 1616 2764 1683 imperliunl.
2816 1613 3156 1684 patriarchae.
3208 1611 3276 1665 Et
3335 1611 3420 1662 hic

1837 1708 2054 1776 quidem
2091 1706 2228 1761 rcdit
2262 1707 2313 1760 in
2351 1706 2531 1770 bema,
2568 1706 2914 1770 tritoliecten,
2948 1705 2998 1758 id
3050 1711 3134 1767 est
3184 1701 3415 1756 oliicimn

1840 1802 1981 1855 inter
2021 1800 2235 1853 tertiam
2282 1808 2338 1852 et
2379 1809 2586 1854 sextam
2637 1799 2825 1852 horam
2870 1795 3258 1866 peragendum,
3293 1807 3414 1861 per-

142 1883 338 1953 φυρῶν
392 1884 624 1946 κιόνων,
697 1885 794 1937 καὶ
868 1886 1048 1937 ἐκεῖσε
1107 1886 1586 1956 ἁποχαιρετίζουσι
1638 1889 1730 1941 τὸν

1833 1904 2092 1958 acturus;
2128 1891 2332 1945 domini
2390 1901 2572 1944 autem
2624 1890 2829 1943 intrant
2875 1889 2927 1941 in
2973 1885 3338 1948 metatorium,
3363 1895 3416 1936 et

142 1976 512 2046 πατριάρχην,
534 1976 724 2030 τοῦτον
744 1977 1134 2046 ἀσπαζόμενοι.
1157 1978 1264 2030 Καὶ
1283 1979 1312 2031 ό
1338 1978 1434 2049 μὲν
1449 1979 1690 2054 πατριάρ
1706 2006 1720 2023 ι

141 2085 244 2137 χης
280 2069 590 2138 εἰσέρχεται
620 2071 698 2132 εἰς
739 2069 802 2122 τὸ
832 2069 986 2139 βῆμα
1013 2069 1314 2124 ἐκτελέσων
1344 2071 1444 2142 τὴν
1473 2073 1725 2141 τριτοέκ-

141 2177 276 2229 την⁹
300 2161 362 2226 οἰ,
395 2161 452 2214 δὲ
496 2161 752 2215 δεσπόται
804 2163 1140 2232 εἰσέρχονται
1174 2165 1231 2215 ἐν
1269 2162 1346 2232 τῷ
1374 2165 1721 2234 μητατωρὶῳ,

145 2255 238 2306 καὶ
269 2253 410 2324 μετὰ
457 2253 556 2326 τὴν
597 2255 697 2323 τῆς
745 2254 1066 2325 τριτοέκτης
1116 2254 1376 2308 ἀπόλυσιν
1405 2257 1724 2327 ἁνέρχονται

148 2346 430 2414 μυστικῶς
463 2346 554 2399 διὰ
585 2345 678 2399 τοῦ
715 2349 892 2400 έκεῖσε
927 2346 1018 2400 τοῦ
1061 2348 1473 2417 μητατωρικίου
1509 2349 1724 2418 κοχλιοῦ

145 2439 223 2500 εἰς
244 2437 314 2490 τὰ
344 2437 749 2508 κατηχούμενα,
799 2441 893 2492 καὶ
924 2439 1010 2492 διὰ
1038 2437 1149 2491 τῶν
1179 2439 1514 2493 διαϐατικῶν
1543 2441 1724 2512 εἰσέρ-

146 2546 333 2599 χονται
368 2529 652 2599 μυστικῶς
681 2530 1095 2601 δηριγευόμενοι
1137 2531 1243 2584 ὑπό
1269 2549 1327 2584 τε
1376 2531 1486 2584 τῶν
1520 2533 1726 2602 μαγλα⁴¹

146 2621 313 2673 ϐιτῶν
342 2622 436 2674 xal.
467 2622 565 2692 τῆς
599 2622 878 2692 ἑταιρείας
909 2625 991 2686 είς
1033 2623 1094 2676 τὸ
1142 2623 1508 2690 θεοφύλακτον
1553 2626 1727 2679 παλά-

144 2726 295 2764 τιονο
332 2712 380 2764 οἰ
412 2711 468 2764 δέ
523 2711 627 2781 τῆς
659 2713 969 2783 συγκλήτου
1000 2713 1200 2776 πάντες
1254 2715 1347 2768 καὶ
1383 2717 1431 2768 oi
1467 2715 1560 2770 106
1604 2733 1730 2770 κου-

145 2803 435 2857 6ουκλείου
483 2805 579 2858 καὶ
605 2808 651 2858 οἱ
703 2806 975 2876 βασιλικοὶ
1016 2805 1295 2877 ἄνθρωποι
1331 2810 1472 2878 μετὰ
1500 2808 1599 2879 τὴν
1631 2810 1729 2880 τῆς

143 2896 468 2967 τριτοέκτης
498 2897 760 2950 ἀπόλυσιν
794 2899 902 2952 ἀπὸ
932 2897 1040 2951 τῶν
1070 2900 1267 2962 ἐκεῖσε,
1300 2900 1468 2970 ἤγουν
1501 2901 1607 2954 ἀπὸ
1629 2901 1729 2972 τῆς

143 2987 309 3054 ἁγίας
345 2988 567 3055 Σοφίας,
612 2989 914 3059 ἀπέρχεται
960 2988 1190 3053 ἱκαστος
1233 2994 1313 3053 εἰς
1352 2992 1420 3046 τὰ
1471 2992 1597 3046 ῖδια.
1629 2995 1729 3048 Διὰ

1829 1985 1981 2042 illinc
2015 1991 2135 2053 post
2171 1981 2569 2038 absolutionem
2613 1981 2694 2035 vel
2744 1981 2904 2034 linem
2952 1978 3268 2033 tritoltectes
3326 1990 3415 2029 as-

1827 2081 2064 2133 cendunt
2109 2078 2340 2149 mystice
2394 2077 2477 2130 vel
2511 2077 2650 2130 clam
2695 2074 2918 2129 arbitris
2947 2083 3002 2127 et
3039 2088 3162 2126 cum
3212 2069 3417 2124 intimis

1829 2169 2018 2225 amicis
2066 2181 2119 2224 et
2146 2167 2462 2223 custodibus
2499 2183 2596 2236 per
2631 2166 2910 2221 cochleam
2955 2177 2987 2218 ο
3027 2162 3314 2218 metatorio
3348 2161 3414 2213 ad

1826 2261 2235 2314 catecltumenia
2276 2260 2600 2324 ducentem;
2645 2265 2701 2312 et
2748 2256 2980 2324 denique
3025 2269 3120 2324 per
3146 2252 3414 2305 diabatica

1829 2352 1912 2406 vel
1943 2359 2116 2406 tcctas
2161 2351 2404 2420 porticus
2437 2349 2663 2404 redeunt
2702 2349 2756 2403 in
2781 2347 3063 2418 palatium,
3099 2346 3243 2415 quod
3277 2345 3416 2398 Deus

1830 2439 2126 2503 custodiat,
2155 2439 2337 2508 stipati
2376 2455 2404 2491 a
2437 2438 2742 2508 maglabitis
2770 2447 2825 2492 et
2867 2438 3106 2492 hetaeria.
3143 2435 3413 2490 Senatorii

1832 2541 2010 2586 autem
2068 2546 2259 2586 omnes
2311 2541 2366 2585 et
2426 2529 2743 2586 cubicularii
2802 2538 2858 2584 et
2905 2529 3126 2598 palatini
3181 2528 3414 2612 ministri

1831 2633 1952 2692 post
2007 2624 2312 2678 absolutam
2352 2624 2697 2680 tritobectam
2742 2623 2943 2678 abeunt
2996 2622 3164 2687 illinc,
3194 2621 3244 2675 id
3274 2630 3358 2676 est
3386 2639 3416 2674 υ

1834 2727 2018 2771 sancta
2055 2716 2282 2787 sophia,
2313 2718 2380 2772 ad
2425 2733 2521 2772 sua
2561 2718 2809 2786 quisque.
2860 2716 3076 2787 Pagana
3112 2716 3258 2768 enim
3292 2729 3413 2767 cum

1833 2810 1904 2864 sit
1948 2807 2038 2864 illa
2088 2811 2205 2865 dies
2239 2810 2315 2884 [id
2350 2821 2436 2864 est
2474 2811 2704 2865 solemni
2761 2819 2817 2864 et
2851 2809 3166 2864 solemniter
3201 2810 3416 2862 indicta:

1834 2904 2170 2971 proceSsioni
2224 2920 2329 2959 non
2381 2903 2606 2982 dicata],
2632 2919 2737 2960 non
2788 2905 3120 2960 comitantur
3167 2903 3416 2958 dominos
3460 2891 3467 2897 ’

1835 2998 1888 3052 in
1929 2999 2186 3068 palatium
2225 3001 2576 3055 redeuntes.‘

144 3080 257 3149 γὰρ
291 3081 354 3132 τὺ
385 3073 527 3134 εἶναι
573 3080 673 3152 τὴν
715 3082 931 3152 ἡμέραν
977 3082 1184 3151 ταύτην
1237 3077 1485 3154 παγανὴν
1517 3085 1600 3148 εἰς
1629 3085 1728 3157 τὴν
1833 3115 1837 3118 -

146 3171 500 3243 ὑποστροφὴν
525 3173 589 3225 οὐ
625 3172 1011 3243 δηριγεύουσιν
1043 3167 1190 3227 οὗτοι
1212 3175 1339 3237 τοὺς
1367 3175 1655 3240 δεσπότας.

727 3286 987 3341 ΚΕΦΑΛ.
1036 3290 1136 3341 IA'.

168 3402 300 3451 Οσα
352 3400 443 3452 δεῖ
484 3401 993 3472 παραφυλάττειν,
1039 3401 1158 3455 τῶν
1200 3404 1409 3470 τιμίων
1447 3402 1726 3472 σταυρῶν

214 3472 578 3538 μελλόντων
603 3470 825 3553 ἐξιέναι
846 3471 920 3543 τῇ
934 3474 1094 3541 μέσῃ
1113 3472 1389 3543 ἑϐδομάδι
1421 3474 1531 3542 τῆς
1552 3470 1725 3544 cii-lac

213 3557 738 3609 τεσσαρακοστης.

240 3636 462 3697 Ἰστέον,
485 3635 566 3686 ὅτι
597 3637 662 3704 τῇ
695 3635 852 3706 τρίτῃ
874 3635 1123 3704 Κυριακῇ
1145 3636 1240 3704 τῆς
1265 3636 1428 3702 ἁγίας
1458 3634 1531 3707 μ’,
1559 3637 1728 3707 ήγουν

144 3730 387 3798 ἀπδτῆς
423 3726 749 3797 ὀρθοδοξίας,
788 3727 925 3795 μετὰ
953 3727 1142 3798 τρίτην
1177 3727 1208 3796 ἢ
1247 3729 1340 3780 καὶ
1389 3729 1555 3800 ἕκτην
1584 3730 1728 3799 ᾠδὴν

142 3824 239 3876 106
263 3821 490 3891 ὄρθρου,
542 3818 826 3885 ἐξάγονται
855 3819 905 3870 οί
949 3818 1119 3888 τίμιοι
1168 3820 1264 3872 καὶ⁹
1299 3819 1551 3883 ζωοποιοὶ
1578 3824 1728 3890 τρεῖς

146 3915 401 3982 σταυροὶ,
438 3911 530 3964 καὶ
561 3910 910 3966 αποτίθενται
951 3913 1009 3961 ὲν
1037 3909 1113 3980 τῷ
1158 3911 1591 3980 σκευοφυλακίῳ,
1632 3913 1728 3964 καὶ

144 4002 250 4060 εἴθ’
277 4004 453 4066 οὕτως
483 4003 588 4056 ὑπὸ
615 4002 709 4055 106
735 4004 1080 4072 πρωτοπὰπα
1109 4003 1572 4072 βαλσαμιζόμενοι
1597 4021 1728 4074 προ-

141 4094 396 4147 τίθενται
416 4094 474 4144 ὲν
491 4094 555 4161 τῇ
581 4091 848 4162 ἐκκλησία
867 4093 947 4154 είς
965 4091 1336 4162 προσκύνησιν
1354 4093 1569 4147 πάντων
1591 4093 1724 4165 (25),

141 4186 245 4239 καὶ
291 4185 431 4255 μετὰ
473 4182 571 4253 τήν
622 4183 885 4237 ἀπόλυσιν
927 4182 1022 4236 τοῦ
1063 4182 1261 4252 δρθρου
1300 4185 1507 4252 ἀνοίγει
1541 4185 1602 4238 τὸ
1629 4185 1728 4254 τῆς

140 4278 278 4338 νέας
330 4273 646 4337 ἁνασὰσιον,
691 4274 788 4327 καὶ
836 4275 1126 4344 ἀνέρχεται
1157 4275 1186 4326 ὸ
1217 4274 1315 4344 τῆς
1357 4275 1484 4338 νέας
1508 4275 1725 4346 κλῆρος,

142 4370 243 4423 καὶ
273 4368 394 4437 ἅμα
423 4367 518 4420 τοῦ
569 4366 842 4436 βασιλείου
892 4367 1095 4436 κλήρου
1137 4365 1231 4418 106
1278 4367 1542 4420 παλατίου
1592 4385 1730 4438 παρ-

143 4464 398 4514 ίστανται
429 4459 722 4528 ψάλλοντες
750 4459 818 4512 τὰ
850 4458 1054 4529 συνήθη
1085 4457 1459 4530 σταυρώσιμα.
1503 4462 1611 4515 Καὶ
1638 4463 1726 4514 ὅτε

141 4553 473 4607 κελεύουσιν
509 4553 557 4605 οἰ
589 4553 866 4613 δεσπόται,
899 4553 1237 4622 εἰσέρχονται
1265 4555 1358 4606 καὶ
1392 4553 1727 4617 ἀσπάζονται

2338 3286 2500 3358 317
2531 3284 2761 3342 CAPUT
2799 3285 2888 3339 χι.

1871 3397 2232 3459 Obseruando,
2265 3400 2473 3466 quando
2508 3417 2684 3454 cruces
2723 3400 3011 3468 efferendae.
3041 3407 3162 3453 sunt
3204 3399 3376 3452 media

2109 3471 2404 3538 septimana
2451 3481 2648 3524 sancta:
2704 3469 3152 3539 Quadragesima'.

1900 3629 2178 3684 Dominica
2206 3638 2410 3685 sancta:
2437 3630 2873 3699 quadragesimae
2905 3628 3064 3684 tertia
3105 3610 3220 3691 seu,
3270 3626 3414 3697 quod

1833 3720 1972 3774 idem
2018 3730 2123 3785 est,
2162 3723 2317 3777 tertia
2360 3737 2388 3775 a
2419 3721 2559 3776 festo
2589 3722 2926 3775 ortliodoxitn
2955 3730 3009 3774 et
3041 3719 3411 3774 restitutartnu

1830 3825 2111 3865 sacrarum
2151 3813 2469 3882 imaginum,
2504 3820 2625 3881 post
2675 3812 2892 3864 tertium
2927 3819 3250 3878 sextumque
3283 3825 3413 3861 can—

1833 3904 1999 3957 ticum
2055 3905 2285 3958 canonis
2326 3904 2717 3959 maltttinarttin
2775 3905 3168 3973 exprOmuntur
3215 3911 3416 3954 sancta:

1831 4002 1886 4045 et
1922 3994 2149 4048 vivilicm
2201 4002 2311 4048 tres
2345 4010 2536 4049 cruces
2570 3994 2624 4067 ιο
2658 3996 2784 4049 sede
2813 4006 2868 4050 et
2895 3994 3010 4048 basi
3060 4010 3155 4048 sua
3189 3994 3240 4046 in
3266 3993 3416 4060 pala-

1832 4084 1930 4157 tio]
1974 4095 2027 4141 et
2065 4087 2408 4155 deponuntur
2460 4089 2512 4141 in
2564 4086 2851 4159 [ejusdem]
2884 4086 3321 4156 sceuopltylacln,
3362 4095 3418 4139 et

1831 4175 2081 4245 deinceps
2109 4175 2471 4232 balsamisata:
2499 4177 2584 4232 vel
2634 4179 2868 4232 inuncta:
2899 4195 2926 4230 a
2967 4188 3258 4246 protopapa
3290 4191 3416 4246 pro-

1831 4279 2104 4336 ponuntur
2155 4268 2207 4321 in
2267 4269 2500 4323 ecclcsia
2549 4268 2774 4341 [palatii
2841 4284 2938 4322 scu
3013 4264 3154 4338 nea]
3204 4263 3412 4334 vulgari

1830 4362 2070 4417 omnium
2096 4362 2419 4415 adorationi.
2453 4363 2584 4417 Post
2611 4362 2915 4416 absolutum
2954 4371 3133 4416 autem
3164 4361 3414 4414 ortitrum

1829 4468 1923 4508 seu
1957 4453 2192 4508 cilicium
2226 4455 2552 4509 matutinum
2607 4453 2905 4508 recluditur
2935 4453 3249 4508 anabasium
3295 4452 3411 4524 [seu

1831 4547 2046 4614 gradus,
2108 4559 2202 4613 per
2258 4560 2395 4614 quos
2454 4545 2520 4599 ad
2581 4545 2988 4600 catechumenia
3060 4544 3412 4618 ascenditur,]

139 4647 275 4708 τοὺς
307 4645 524 4715 τιμίους
573 4645 667 4697 καὶ
697 4644 995 4708 ζωοποιοὺς
1043 4644 1333 4711 σταυρούς.
1389 4641 1507 4698 Εἴθ’
1555 4645 1728 4710 οὕτως

1835 4651 1948 4691 ηοω
1987 4635 2106 4709 [seu
2138 4633 2301 4691 Nom
2352 4637 2404 4690 in
2454 4636 2652 4705 palatio
2705 4634 3010 4709 ecclesize],
3069 4647 3124 4690 et
3169 4640 3411 4692 ascendit

137 4739 517 4807 ἀπερχόμενοι
564 4737 887 4800 καθέζονται
925 4738 1018 4788 ἐπὶ
1046 4737 1138 4789 τοῦ
1170 4738 1623 4808 χρυσοτρικλίνου
1647 4741 1724 4801 εἰς

137 4830 246 4899 τὴν
278 4827 487 4898 συνήθη
516 4829 607 4880 καὶ
637 4826 1016 4899 καθημερινὴν
1047 4829 1387 4898 προέλευσιν.
1431 4829 1541 4882 Καὶ
1569 4832 1596 4881 ό
1626 4829 1726 4898 μὲν

138 4919 229 4984 εἷς
278 4923 572 4992 αἰρόμενος
603 4921 709 4974 ὑπὸ
753 4920 849 4973 τοῦ
895 4920 1141 4983 διάκονος
1174 4920 1270 4990 τῆς
1313 4919 1439 4980 νέας
1474 4920 1568 4972 καὶ
1608 4918 1727 4988 ὀψι-

141 5013 448 5082 κευόμενος
483 5014 587 5066 ὑπὸ
625 5011 718 5065 106
744 5013 950 5081 ταύτης
996 5012 1222 5082 κλήρου,
1272 5013 1600 5082 κατέρχεται
1633 5015 1725 5065 καὶ

142 5101 470 5172 προτίθεται
500 5104 557 5154 ἐν
602 5105 667 5172 τῇ
721 5101 859 5172 αὐτῇ
890 5102 1008 5172 Νέᾳ
1041 5101 1328 5172 ἐκκλησίᾳ.
1373 5104 1432 5153 '0
1461 5101 1516 5154 δέ
1545 5101 1732 5172 ἕτερος

139 5197 445 5266 αἰρόμενος
494 5196 588 5248 καὶ
638 5194 1042 5264 βασταζόμενος
1103 5195 1205 5246 ὑπὸ
1250 5195 1345 5247 106
1398 5196 1603 5249 παπίου
1633 5195 1732 5248 τοῦ

1833 4730 1959 4783 illuc
1985 4744 2100 4783 nea:
2149 4729 2326 4784 clerus
2361 4745 2462 4783 una
2491 4745 2615 4784 cum
2655 4730 2800 4784 clero
2833 4730 3098 4800 palatino;
3134 4742 3196 4785 et
3235 4741 3412 4784 astant

1833 4833 2092 4878 canentes
2124 4832 2379 4878 consueta
2410 4824 2734 4878 staurosima
2759 4839 2855 4879 seu
2881 4824 3087 4878 cantica
3115 4824 3167 4877 in
3200 4823 3412 4879 laudem

1832 4906 2032 4971 crucis.
2069 4915 2298 4980 Domini,
2334 4916 2378 4970 si
2411 4917 2581 4984 lubet,
2631 4917 2836 4972 intrant
2869 4915 2947 4989 [in
2983 4919 3270 4973 ecclesiam
3317 4933 3414 4988 pa-

1833 5001 1944 5057 latii
1981 5002 2198 5076 novam]
2227 5013 2281 5059 et
2311 5017 2642 5060 venerantur
2687 5019 2905 5062 sanctas
2932 5017 2986 5062 et
3015 5008 3257 5063 viviﬁcas
3280 5025 3404 5063 cru-

1836 5110 1966 5163 ces;
2000 5096 2192 5151 deinde
2234 5097 2464 5168 digresSi
2495 5097 2732 5152 resident
2759 5099 2812 5152 in
2840 5099 3257 5169 chrysotriclino
3282 5117 3416 5154 cou-

1834 5197 2012 5243 sueta:
2029 5188 2360 5258 quotidiana:
2387 5188 2752 5257 processionis
2780 5193 2974 5258 gratia.
3004 5190 3190 5245 Trium
3235 5201 3414 5245 autem

142 5287 414 5355 Μεγάλου
455 5286 741 5350 παλατίου,
788 5285 1086 5359 φοροῦντος
1117 5285 1282 5339 αὑτοῦ
1315 5287 1734 5357 σκαραμὰγγιον

1839 5283 2050 5337 illarum
2081 5284 2325 5337 crucinm
2351 5298 2455 5336 una
2490 5284 2706 5351 quidem
2739 5302 2766 5339 ε
2797 5285 3030 5339 diacono
3057 5302 3172 5340 nea:
3203 5286 3410 5340 sublata

142 5381 248 5432 καὶ
277 5379 472 5445 σαγίον
494 5378 766 5447 ἀληθινὸν.
790 5378 1178 5448 όψικευόμενος
1207 5378 1308 5430 ὑπὸ
1337 5378 1431 5431 106
1455 5379 1727 5447 βασιλείου

1839 5374 2117 5428 descendit
2149 5373 2200 5446 [e
2232 5376 2659 5429 catecltumeniis
2694 5376 2830 5450 nere]
2854 5419 2866 5439 ,
2886 5380 3083 5432 comite
3106 5377 3250 5432 clero
3270 5378 3417 5446 ejus-

138 5473 357 5546 κλήρου
389 5471 481 5524 καὶ
507 5471 601 5524 106
639 5468 980 5542 πρωτοπὰπᾶ
1028 5474 1124 5542 τῆς
1160 5473 1378 5540 Δάφνης
1405 5471 1498 5523 τοῦ
1543 5471 1728 5538 ’Λγίου

1838 5467 1960 5522 dem
2000 5482 2114 5521 nea:
2145 5482 2237 5521 seu
2285 5465 2448 5524 Nova:
2502 5469 2774 5533 ecclesiae,
2801 5481 2854 5524 ct
2893 5472 3182 5540 exponitur
3223 5472 3274 5525 in
3308 5487 3409 5526 ea-

1137 5582 1330 5639 JOAN.
1365 5580 1509 5639 JAC.
1546 5581 1799 5638 REISKII
1830 5580 2416 5638 COMMENTARIUS.

213 5696 333 5774 (ἓξ)
386 5695 662 5774 Dominica
715 5701 869 5774 tertia
896 5701 1334 5774 quadragesimae
1381 5720 1479 5757 seu
1513 5702 1707 5772 jt-junii

138 5770 658 5834 quadragesrmalis,
699 5772 840 5836 quod
892 5770 1078 5836 incipit
1117 5770 1154 5824 'a
1192 5773 1468 5828 Dontinica
1513 5770 1714 5828 Ol'lllo-

144 5839 326 5894 Joxia:
362 5838 531 5907 dicta,
555 5837 758 5896 Grmcis
787 5842 1084 5911 appellatur
1112 5844 1711 5917 σταυροπροσκύνησες,

1826 5703 1960 5768 (vid.
2010 5701 2089 5756 Du
2135 5702 2316 5824 Canée
2353 5702 2408 5754 It.
2464 5717 2539 5769 v.,
2606 5717 2660 5756 e.
2719 5720 2961 5775 κυριακη
3015 5719 3115 5774 της
3158 5720 3414 5774 προσκυ-

1826 5775 2056 5824 νήσεως.
2085 5773 2213 5824 ttuia
2287 5771 2410 5824 ι·ωοὶ
2448 5782 2575 5824 tunc
2605 5777 2937 5824 nronositam
2988 5775 3198 5824 nttblicc
3229 5777 3402 5824 inec-

1825 5775 2056 5846 νήσεως,
2085 5773 2213 5841 quia
2237 5771 2410 5846 (ἓνῳεὶ
2448 5782 2575 5826 tunc
2605 5771 2960 5845 propositam
2987 5771 3402 5846 publice-incc-

1824 5845 2000 5900 clcsiis
2027 5857 2244 5900 crucem
2275 5842 2520 5900 adurant.
