4138 6440
756 452 890 515 1035

1734 442 2243 503 ΕΟΝΞΤΑΝΤΙΣἮ
2291 440 2972 501 PORPHYROGENITI

3875 443 4011 506 1036

749 581 896 616 cium
936 562 1050 613 fuit.
1086 560 1141 613 Si
1176 572 1270 625 per
1292 555 1472 611 sinum
1504 554 1667 608 utaris
1704 553 1911 607 domini
1955 564 2321 615 revertantur,

2436 552 2627 620 τρόπον
2657 553 2961 621 εἰρήκαμεν
2999 553 3098 620 τὴν
3146 551 3347 603 τούτων
3380 553 3582 618 ἆξιξιν.
3655 557 3880 618 ’ἰστέον,
3908 559 4008 613 ὅτι,

753 663 962 708 tntrant
1008 656 1244 718 ipsorum
1304 663 1368 702 ex
1407 649 1657 701 mandato
1702 646 1754 699 in
1801 645 2117 698 dromonem
2154 643 2318 696 simul

747 763 868 803 cum
903 746 1032 812 ipsis
1054 752 1320 812 quotquot
1353 742 1450 810 ipsi
1504 741 1774 792 voluerint
1795 738 2162 805 jusserintque
2193 747 2320 803 pro-

749 853 930 891 cerum
961 849 1026 888 eo
1049 835 1136 888 die
1162 848 1344 887 secum
1375 829 1601 899 epulari.
1636 830 1831 882 Mensis
1862 828 2199 894 Septembris
2228 827 2320 879 die

745 927 1008 993 vigesimo
1065 933 1216 978 sexto
1274 921 1524 975 similiter
1573 919 1879 972 celebratur
1933 916 2191 968 memoria
2254 914 2316 969 S.

745 1013 968 1069 Joannis
1007 1012 1288 1080 Theologi,
1341 1011 1578 1063 dominis
1619 1024 1682 1061 eo
1718 1011 1803 1060 die
1852 1007 1916 1057 ad
1954 1005 2317 1059 venerabilem

747 1107 865 1176 ejus
914 1105 1220 1166 ecclesiam,
1251 1118 1370 1168 qua!
1427 1102 1478 1154 in
1531 1099 1772 1168 dihippio
1815 1098 2315 1178 est,.abeuntihus_.

750 1197 1012 1251 Kalendis
1046 1195 1248 1248 mensis
1283 1192 1608 1247 Novembris
1653 1191 1928 1257 peragitur
1957 1189 2118 1241 simili
2157 1190 2319 1243 modo

749 1288 1005 1342 memoria
1033 1286 1134 1342 SS.
1159 1288 1582 1354 Anargyrorum,
1606 1282 1840 1334 dotninis
1862 1281 1927 1333 ad
1955 1280 2315 1333 venerabilem

747 1395 936 1434 eorum
1002 1380 1320 1438 ecclesiam,
1373 1391 1492 1443 qua!
1553 1377 1814 1426 intractu
1870 1371 1949 1423 vel
1989 1373 2319 1425 monasterio

748 1472 996 1528 Basilisci
1025 1482 1132 1531 est,
1165 1470 1510 1523 abeuntibus.
1554 1465 1752 1518 Mensis
1791 1464 2018 1529 Augusti
2051 1465 2134 1517 die
2166 1463 2316 1528 vige-

749 1567 887 1620 simo
918 1579 1060 1616 nono
1102 1563 1349 1616 similiter
1406 1559 1710 1613 celebratur
1748 1558 2007 1610 memoria
2042 1556 2314 1622 ilecapita-

752 1657 911 1710 tionis
940 1655 978 1709 S
1013 1654 1235 1709 Joannis
1253 1649 1798 1719 Ρτιεειιτεοτὶς,325
1824 1648 2054 1702 dominis
2074 1649 2137 1699 ad
2157 1661 2318 1701 vene-

739 1751 975 1801 nndaui
1003 1745 1124 1815 ejus
1151 1746 1340 1806 sulem,
1376 1756 1495 1809 quze
1548 1741 1599 1794 in
1637 1740 1967 1792 monasterio
1997 1737 2168 1791 Studii
2211 1744 2315 1797 est,

750 1837 1071 1892 abeuntibus
1106 1838 1294 1888 eodem
1326 1834 1454 1898 ritu,
1485 1847 1643 1902 quem
1678 1832 1730 1884 in
1764 1830 2021 1883 memoria
2056 1845 2148 1881 seu
2181 1829 2318 1882 festo

2430 642 2553 694 πλοῖ
2614 643 3064 712 ὑποστρεψάντων
3111 645 3219 694 τῶν
3269 644 3568 708 δεσποτῶν,
3613 646 3770 709 ὅσους
3819 648 3889 697 ἂν
3925 666 4010 699 κε-

2427 729 2690 781 λεύσωσιν
2724 733 3137 800 συνεστιαθῆναι
3188 733 3302 783 τῶν
3361 736 3660 804 ἀρχόντων,
3694 740 3760 805 τῇ
3803 739 4008 790 τούτων

2428 823 2677 874 κελεύτει
2735 825 3171 894 συνεισέρχονται
3231 828 3411 888 αὐτοῖς
3472 829 3550 890 είς
3600 830 3689 880 τὸν
3743 829 4005 898 δρόμονα.

2428 913 2574 981 Μηνὶ
2609 915 2968 984 Σεπτεμϐρίῳ
3026 914 3118 979 κς¹
3191 918 3394 981 ἰστέον,
3442 919 3521 970 ὅτι
3576 920 3778 987 ὁμοίως
3828 924 4005 974 ἐπιτε-

2426 1003 2599 1058 λεῖται
2635 997 2729 1059 καὶ
2763 1010 2793 1075 ἡ
2831 1009 3018 1077 μνήμη
3067 1007 3162 1060 τοῦ
3194 1010 3351 1076 ἁγίου
3395 1011 3664 1063 Ἰωάννου-
3689 1013 3784 1064 τοῦ
3810 1014 4004 1065 Θεολὸ-

2427 1113 2548 1162 γου,
2579 1099 2687 1149 τῶν
2721 1099 2996 1152 δεσποτῶν
3020 1101 3288 1154 ἀπιόντων
3333 1104 3390 1154 ἐν
3421 1103 3500 1170 τῷ
3535 1105 3819 1174 σεϐασμίῳ
3841 1105 4003 1158 αὑτοῦ

2425 1188 2539 1259 ναῷ
2563 1188 2638 1258 τῷ
2671 1192 2727 1242 ἐν
2757 1190 2833 1260 τῷ
2869 1191 3115 1262 διιππίῳ.
3167 1195 3315 1261 Μηνὶ
3370 1194 3666 1265 Νοεμϐρίῳ
3709 1194 3756 1247 α’
3809 1198 4004 1257 ἰστέον,

2426 1283 2505 1334 ὅτι
2552 1283 2753 1351 ὁμοίως
2798 1284 3126 1338 ἐπιτελεῖται
3187 1289 3279 1339 καὶ
3327 1287 3360 1355 ἠ
3411 1288 3597 1357 μνήμη
3668 1286 3779 1340 τῶν
3837 1288 4006 1353 ἁγίων

2442 1375 2804 1443 Ἀναργύρων,
2839 1377 2946 1431 τῶν
2988 1378 3261 1430 δεσποτῶν
3293 1379 3564 1431 ἀπιόντων
3611 1381 3691 1439 εἰς
3727 1381 3820 1431 τὸν
3853 1380 4004 1446 ἅγιον

2426 1466 2602 1526 αὐτῶν
2633 1467 2759 1519 ναὸν
2795 1469 2872 1530 εἰς
2897 1470 2964 1522 τὰ
3005 1470 3352 1524 Βασιλίσκου.
3399 1472 3545 1540 Μηνὶ
3576 1471 3875 1541 Αὐγούστῳ
3926 1471 4002 1524 κῦ⁹

2431 1559 2624 1624 ἰστέον,
2664 1560 2746 1611 ὅτι
2809 1561 3008 1629 ὁμοίως
3040 1563 3368 1616 ἐπιτελεῖται
3393 1564 3487 1616 καὶ
3514 1567 3544 1629 ἡ
3600 1565 3877 1633 Ἀποτομὴ
3915 1564 4003 1618 τοῦ

2429 1651 2584 1717 ἁγίου
2658 1653 2904 1706 Ἰωάννου
2992 1656 3084 1707 τοῦ
3143 1657 3492 1726 ῙΙροδρόμου,
3559 1658 3667 1709 τῶν
3730 1659 4004 1709 δεσποτῶν

2427 1745 2695 1797 ἀπιόντων
2749 1748 2805 1798 ἐν
2851 1748 2928 1815 τῷ
2976 1749 3115 1816 ἁγίῳ
3149 1749 3313 1800 αὑτοῦ
3347 1749 3461 1818 ναῷ
3518 1751 3597 1810 είς
3640 1751 3709 1802 τὰ
3758 1749 4003 1803 Στουδίου

2427 1833 2568 1886 κατὰ
2615 1837 2709 1887 τὸν
2771 1838 3151 1907 προρρηθέντα
3207 1838 3373 1890 τύπον
3435 1840 3492 1890 ἐν
3554 1843 3619 1908 τῇ
3682 1843 3874 1910 μνήμῃ
3914 1839 4001 1892 τοῦ

752 1929 810 1982 S.
851 1924 1284 1982 Pauteleemonis
1337 1913 1502 1990 supra
1562 1919 1930 1986 exposuimus.
1981 1917 2113 1969 Nam
2171 1925 2314 1970 totus

2436 1929 2584 1994 ἁγίου
2632 1929 3087 1998 Παντελεήμονος.
3146 1931 3224 2000 Τῇ
3296 1932 3465 1984 ἕωθεν
3520 1933 3626 2000 γὰρ
3677 1935 4001 2001 προέρχεται

751 2030 973 2073 senatus
1009 2019 1060 2071 in
1093 2016 1484 2083 scaraniangiis
1512 2012 1762 2067 convenit
1788 2026 1944 2062 mane
1971 2010 2021 2062 iti
2049 2018 2320 2061 monaste-

755 2111 889 2162 rium
942 2109 1159 2172 Studii;
1213 2107 1566 2175 magistrique
1599 2112 1651 2156 et
1698 2103 1911 2170 patricii
1963 2110 2018 2154 et
2061 2099 2320 2154 omniales

753 2208 900 2253 stant
922 2208 1076 2252 extra
1113 2208 1349 2268 portam,
1380 2211 1497 2264 qua:
1532 2196 1596 2248 ad
1626 2210 1774 2247 mare
1810 2194 2065 2262 reSpicit;
2102 2194 2320 2245 cubicu-

755 2289 864 2344 lum
897 2299 1074 2343 autem
1108 2300 1162 2343 et
1211 2289 1421 2342 basilici
1461 2299 1513 2341 et
1551 2285 1853 2355 maglabitie
1910 2295 1962 2338 et
2014 2283 2234 2336 hetazria
2270 2293 2323 2337 et

753 2383 1338 2451 archontogennemata
1382 2389 1527 2432 stant
1563 2379 1610 2430 in
1655 2386 1835 2444 portu,
1867 2379 1960 2428 ubi
1996 2379 2184 2428 dromo
2225 2393 2322 2444 ap-

755 2475 923 2545 pellit.
951 2473 1196 2527 Monachi
1225 2483 1403 2525 autem
1432 2470 1571 2523 illius
1598 2469 1908 2521 monasttrii
1939 2480 2083 2522 stant
2108 2470 2157 2521 in
2186 2470 2323 2523 serie

755 2568 991 2634 gemina,
1051 2566 1240 2619 dextra
1298 2564 1650 2629 sinistraque,
1697 2562 1763 2614 ab
1814 2561 1901 2614 illa
1959 2561 2081 2615 inde
2125 2562 2322 2615 extima

756 2671 908 2728 porta
936 2674 1105 2727 usque
1134 2660 1200 2711 ad
1236 2669 1466 2728 portum.
1508 2656 1562 2709 In
1627 2671 1732 2723 quo
1768 2656 2096 2725 appelleutes
2123 2654 2323 2708 domini

747 2764 878 2804 cum
933 2753 1120 2804 eodem
1173 2749 1432 2802 comitatu
1483 2757 1539 2802 et
1588 2748 1774 2800 eodem
1815 2749 2026 2807 ordine,
2059 2761 2217 2815 quem
2272 2746 2325 2798 in

759 2839 1019 2894 memoria
1049 2838 1108 2894 S.
1153 2837 1591 2893 Panteleemonis
1642 2838 1900 2901 diximus,
1942 2837 2257 2906 egressique
2297 2849 2327 2889 e

761 2946 922 2992 nave,
961 2931 1263 3000 procedunt
1299 2931 1350 2983 in
1382 2930 1642 2996 obsequio
1666 2927 1895 2982 cubiculi
1929 2935 1983 2980 et
2015 2927 2327 2994 maglabita-

760 3038 877 3075 rum
913 3033 966 3076 et
1003 3023 1242 3086 heterie,
1270 3020 1698 3090 praecedentibus
1731 3020 2044 3072 monasterii
2078 3016 2325 3070 Studiani

761 3115 1061 3182 hegnmeno
1094 3112 1426 3166 thuribulum
1457 3109 1671 3164 l'unians
1716 3120 1936 3178 gerente
1967 3119 2019 3162 et
2048 3109 2328 3162 monachis

755 3222 884 3261 cum
915 3207 1085 3258 cereis
1120 3204 1455 3258 ardentibus.
1501 3202 1777 3265 Dominos,
1815 3212 1869 3252 ut
1920 3204 1984 3253 ad
2033 3216 2148 3252 eam
2201 3216 2322 3269 por-

764 3307 876 3350 tam
910 3295 1432 3365 appmpinquarunt.
1470 3293 1522 3346 in
1551 3306 1654 3361 qua
1687 3301 1832 3345 stant
1862 3291 2125 3358 magistri,
2163 3292 2321 3360 patri.

759 3386 834 3440 cii
865 3395 917 3438 et
967 3383 1250 3448 ollieiales,
1303 3382 1535 3436 adorant
1590 3383 1640 3435 hi
1671 3382 1836 3433 humo
1871 3381 2234 3447 procidentes,
2281 3389 2334 3433 et

766 3475 986 3528 relevati
1052 3481 1456 3539 prosequuntur
1497 3483 1593 3522 eos
1645 3470 1828 3520 iidem.
1893 3466 1984 3520 Sic
2035 3477 2333 3536 praetintes

764 3563 966 3618 domini
1004 3576 1101 3630 per
1127 3562 1324 3614 atrium
1352 3561 1653 3612 ascendunt
1682 3568 1737 3612 et
1770 3567 2047 3610 transeunt
2097 3556 2335 3625 porticus

768 3671 887 3725 qua:
927 3654 999 3708 ibi
1038 3661 1184 3712 sunt.
1211 3661 1265 3706 et
1304 3654 1381 3704 sic
1414 3649 1740 3719 perveniunt
1787 3649 1838 3702 in
1874 3649 2119 3702 dextram
2149 3649 2336 3700 orien-

769 3746 924 3799 talem
963 3753 1167 3809 partem
1203 3741 1511 3803 narthecis,
1544 3738 1632 3791 ubi
1684 3753 1811 3806 saga
1861 3753 1954 3789 sua
2005 3751 2138 3789 auro
2185 3745 2333 3803 septa

773 3838 1021 3899 induunt,
1066 3844 1120 3890 et
1154 3847 1412 3887 accensos
1449 3830 1618 3897 ﬂguut
1668 3841 1893 3892 cereos;
1933 3841 2201 3894 porroque
2253 3827 2335 3878 in-

774 3931 943 3985 terius
984 3943 1088 3981 una
1120 3941 1240 3979 cum
1268 3921 1638 3978 sacerdotibus
1665 3918 1825 3991 [intra
1856 3916 2056 3988 navim]
2086 3928 2334 3987 pergunt,

772 4021 861 4073 ubi
897 4031 1086 4072 rursus
1136 4029 1324 4069 cereos
1369 4013 1691 4068 accendunt.
1725 4010 1841 4077 Qu'o
1900 4009 2058 4072 facto,
2091 4011 2340 4078 protinus

774 4111 834 4163 Iit
879 4109 1134 4162 introitus
1165 4105 1283 4177 [seu
1326 4104 1537 4157 initium
1570 4102 1734 4153 divini
1766 4097 1984 4170 ollicii];
2021 4100 2338 4168 praepositus

777 4198 1109 4252 thuribulum
1134 4197 1297 4248 tradit
1331 4191 1640 4260 imperatori
1669 4190 1890 4252 seniori,
1921 4192 2010 4256 qui
2053 4189 2104 4241 id
2142 4197 2338 4242 tenens

778 4291 1059 4351 incensat;
1091 4287 1212 4337 inde
1237 4291 1464 4352 pergunt
1496 4280 1559 4333 ad
1585 4282 1830 4332 dextram
1857 4288 2062 4346 partem
2090 4278 2338 4340 tribunae,

777 4379 866 4432 ubi
902 4385 1062 4445 caput
1099 4375 1270 4428 sancti
1318 4371 1677 4426 Praecursoris
1716 4371 2016 4440 expositum
2046 4379 2128 4422 est
2155 4388 2169 4435 ;
2200 4370 2340 4437 quod

778 4469 1022 4537 religiose
1048 4465 1286 4519 venerati
1326 4472 1527 4516 exeunt
1561 4462 1611 4515 in
1665 4463 2035 4524 tnetatorium,
2085 4461 2227 4528 quod
2269 4462 2338 4514 ibi

2426 2017 2573 2068 πᾶσα
2625 2016 2984 2086 ήσύγκλητος
3015 2018 3122 2071 ἀπὸ
3165 2022 3599 2088 σκαραμαγγίων
3627 2025 3706 2085 εἰς
3742 2025 3810 2074 τὰ
3849 2023 4003 2073 Στω-

2424 2108 2556 2162 δίου.
2615 2107 2724 2161 Καὶ
2755 2110 2802 2161 oi
2833 2109 2930 2178 μέν
2961 2109 3247 2180 μὰγιστροι
3291 2113 3384 2163 καὶ
3416 2113 3692 2181 πατρίκιοι
3725 2115 3821 2164 καὶ
3848 2116 4002 2180 6-9;:-

2425 2199 2623 2250 κιὰλιοι
2664 2200 2907 2252 ἵστανται
2944 2199 3045 2264 ἔξω
3086 2201 3185 2268 τῆς
3210 2203 3341 2271 πρὸς
3370 2203 3645 2256 Θάλασσαν
3679 2205 3888 2272 πόρτης
3911 2222 3922 2233 ·
3957 2207 4003 2256 σί

2423 2289 2477 2341 δὲ
2534 2290 2628 2342 τοῦ
2672 2292 3054 2344 κουϐουκλείου
3103 2296 3195 2346 καὶ
3253 2295 3300 2345 οἰ
3356 2294 3626 2362 βασιλικοὶ
3672 2297 3771 2349 καὶ
3820 2298 3871 2348 οἱ
3908 2296 4002 2348 τοῦ

2429 2381 2726 2448 μαγλαϐίου
2764 2383 2856 2434 καὶ
2890 2383 2988 2452 τῆς
3023 2384 3297 2452 ἑταιρείας
3328 2385 3420 2436 καὶ
3469 2385 3537 2438 τὰ
3573 2387 4004 2457 ἀρχοντογεννή-

2431 2479 2574 2538 ματα
2615 2473 2694 2534 εἰς
2729 2472 2818 2524 τὸν
2848 2473 3040 2542 ὅρμον,
3084 2473 3212 2526 ἔνθα
3246 2476 3274 2526 ὁ
3304 2474 3518 2544 δρόμων
3557 2478 3721 2546 ὁρμᾷ.
3788 2478 4002 2536 Ἱστέον,

2425 2563 2505 2614 ὅτι
2536 2564 2582 2613 οἰ
2624 2562 2724 2630 τῆς
2769 2562 2935 2632 μονῆς
2989 2563 3222 2626 ἀϐϐάδες
3254 2566 3359 2618 ἀπὸ
3390 2566 3489 2634 τῆς
3521 2568 3728 2637 πόρτης
3770 2570 3877 2631 ἕως
3909 2571 4003 2621 τοῦ

2429 2653 2598 2721 ὅρμου
2628 2653 2873 2704 ἵστανται
2907 2654 3158 2724 στιχηδὲν
3185 2655 3333 2725 δεξιᾷ
3357 2657 3449 2708 καὶ
3477 2658 3762 2739 ἀριστερᾷ.
3797 2660 3919 2710 Τῶν
3949 2659 4004 2711 δέ

2427 2741 2700 2796 δεσποτῶν
2741 2741 2866 2795 πλοῖ
2921 2745 3232 2813 ἐρχομένων
3290 2747 3430 2798 κατὰ
3481 2747 3572 2798 τὸν
3624 2748 4005 2816 προρῤηθέντα

2427 2832 2598 2884 τύπον
2630 2830 2726 2885 τοῦ
2753 2831 2908 2900 ἁγίου
2939 2833 3380 2906 Παντελεήμονος
3406 2838 3500 2889 καὶ
3524 2836 3622 2905 τῆς
3654 2838 3784 2906 νηὸς
3812 2838 4007 2890 ἐκϐάν-

2429 2940 2558 2985 των,
2597 2923 2976 2992 δηριγεύονται
3013 2925 3117 2978 ὑπό
3143 2943 3202 2979 τε
3229 2925 3322 2978 τοῦ
3360 2926 3746 2980 κουϐουκλείου
3781 2929 4006 2981 καὶτῶν

2436 3013 2785 3082 μαγλαϐιτῶν
2833 3014 2928 3067 καὶ
2974 3015 3082 3067 τῶν
3127 3019 3225 3086 τῆς
3278 3017 3590 3087 ἑταιρείας,
3632 3018 3879 3086 δηλονότι
3914 3018 4005 3070 τοῦ

2433 3106 2736 3173 ἡγουμένου
2772 3107 3248 3176 προπορευομένΟυ
3283 3109 3418 3176 μετὰ
3461 3108 3728 3177 θυμιτιτοῦ
3775 3110 3870 3162 καὶ
3914 3110 4006 3162 ἁϐ-

2435 3183 2608 3246 ciam
2638 3198 2774 3263 μετὰ
2801 3195 3005 3264 κηρῶν.
3063 3196 3186 3248 Τῶν
3242 3197 3295 3248 δὲ
3354 3197 3628 3250 δεσποτῶν
3672 3200 4007 3268 πλησιασάνο

2433 3302 2539 3337 των
2577 3290 2640 3353 τῇ
2690 3288 2881 3357 πίρτῃ.
2931 3287 3057 3340 ἔνθα
3099 3289 3341 3341 ἵστανται
3389 3290 3442 3341 οἵ
3485 3307 3542 3342 τε
3592 3293 4007 3362 μάγιστροικαὶ

2437 3377 2715 3444 πατρίκιοι
2739 3379 2830 3428 καὶ
2864 3378 3218 3446 cacuminat,
3246 3379 3534 3432 πίπτουσιν
3561 3383 3609 3432 oi
3643 3382 3802 3434 αὐτοὶ
3838 3400 4004 3447 προσ-

2438 3467 2723 3529 κυνοῦντες
2776 3470 2900 3531 τοὺς
2957 3469 3246 3534 δεσπότας,
3307 3473 3400 3523 καὶ
3464 3472 3822 3540 ἀνιστάμενοι
3885 3491 4002 3525 συν-

2436 3558 2817 3609 ακολουθοῦσιν
2839 3558 3061 3610 ὄπισθεν
3096 3561 3292 3614 αὐτῶν.
3332 3561 3394 3614 Οἱ
3426 3561 3481 3613 δὲ
3513 3563 3771 3615 δεσπόται
3806 3581 4006 3633 προπο-

2440 3643 2717 3712 ρευόμενοι
2749 3645 2836 3696 διὰ
2867 3644 2959 3696 τοῦ
2992 3647 3212 3715 ἐξαέρου
3243 3649 3583 3718 ἀνέρχονται,
3642 3653 3737 3704 καὶ
3780 3654 3869 3704 διὰ
3904 3655 4007 3704 xxiv

2437 3735 2612 3785 ἐκεῖσε
2645 3734 2973 3787 δισϐατικῶν
3009 3737 3344 3807 εἰσέρχονται
3385 3741 3474 3792 διὰ
3519 3740 3613 3792 τοῦ
3642 3744 3784 3812 πρὸς
3823 3747 4006 3796 ἀνατο-

2439 3824 2534 3892 λὴν
2564 3826 2738 3888 δεξιοῦ
2766 3825 2964 3893 μέρους
2991 3827 3080 3878 τοῦ
3109 3829 3400 3898 νάρθηκος,
3429 3833 3652 3884 κάκεῖσε
3688 3836 4008 3903 τιεριϐςιλλοο

2445 3933 2590 3981 μενοι
2621 3917 2688 3967 τὰ
2719 3918 2927 3971 ἑαυτῶν
2957 3921 3482 3989 χρυσοπερίκλειστα
3511 3925 3700 3988 σαγία,
3745 3927 4008 3979 ἅπτουσιν

2442 4006 2669 4072 κηροὺς,
2721 4010 2812 4058 καὶ
2864 4009 3226 4066 είσοδεύουσιν
3284 4010 3424 4077 μετὰ
3487 4011 3596 4064 τῶν
3656 4015 4009 4081 ἱερέων,κσὶ

2442 4096 2601 4148 πάλιν
2647 4098 2910 4150 ἅπτουσιν
2939 4100 3159 4169 κηρούς.
3198 4100 3418 4164 ’Ῑστέον,
3453 4103 3533 4155 ὅτι
3565 4103 3768 4166 εὐθέως
3804 4110 4009 4174 γίνεται

2441 4187 2474 4254 ὴ
2505 4188 2705 4249 είσοδος
2739 4192 2837 4258 τῆς
2862 4189 3221 4259 λειτουργίας,
3257 4193 3349 4243 καὶ
3381 4193 3484 4244 ὑπὸ
3507 4194 3598 4246 τοῦ
3643 4202 4010 4266 πραιποτίτου

2443 4277 2621 4329 λαϐὼν
2675 4281 2701 4330 ὀ
2744 4279 2957 4348 πρῶτος
3016 4279 3266 4346 βασιλεὺς
3310 4280 3612 4351 θυμιατδν,
3669 4284 3868 4356 Θυμιᾷ,
3921 4291 4012 4340 καὶ

2442 4368 2591 4438 δεξιᾷ
2619 4368 2711 4420 τοῦ
2748 4369 2990 4438 βήματος
3023 4372 3310 4441 ἐρχόμενοι
3367 4372 3611 4442 (κάκεῖσε
3641 4379 3752 4445 γὰρ
3796 4381 4016 4446 πρέπει-

2444 4461 2588 4529 ταιή
2621 4460 2711 4513 τοῦ
2757 4461 3073 4530 Προδρόμου
3125 4463 3254 4529 ἁγία
3303 4464 3491 4531 κάρα),
3530 4468 3801 4519 ἅπτουσιν
3840 4472 4012 4521 ἐκεῖσε

777 4571 879 4625 est,
915 4567 1118 4612 exuunt
1161 4557 1556 4623 scaramangia,
1587 4555 2064 4614 induuntcolobia,
2101 4553 2329 4618 trajecta

2446 4553 2666 4619 κηροὺς,
2714 4553 2806 4602 καὶ
2856 4553 3059 4621 ταύτην
3114 4554 3471 4616 ἀσπάζονται,
3528 4558 3622 4608 καὶ
3661 4559 4013 4628 ὲξερχᾶμεκῆι

777 4667 882 4720 que
909 4660 1061 4719 parte
1091 4647 1428 4707 feminarum,
1461 4647 1762 4699 consistunt
1793 4646 1845 4697 in
1872 4646 2054 4697 dextra
2086 4645 2336 4698 orientali

780 4744 931 4812 plaga
967 4743 1218 4803 beniatis,
1256 4741 1671 4805 accenduntque
1732 4740 1802 4794 ibi
1856 4755 2043 4794 cereos
2071 4755 2165 4805 pro
2195 4741 2342 4792 exci-

781 4835 968 4902 pienda
1000 4833 1058 4888 S.
1098 4833 1368 4900 Evangelii
1405 4832 1657 4886 lectione.
1688 4832 1816 4886 Dein
1844 4843 2042 4885 exeunt
2069 4847 2253 4885 rursus
2290 4834 2341 4884 in

778 4924 1095 4976 viridarium
1148 4923 1286 4991 quod
1318 4922 1386 4974 ibi
1415 4932 1520 4985 est,
1546 4923 1644 4975 sub
1665 4938 1770 4990 quo
1795 4924 2012 4976 ntistum
2041 4923 2335 4987 celebrant,

783 5014 1037 5068 adhibitis
1068 5015 1386 5082 proceribus
1421 5029 1516 5082 pro
1557 5014 1730 5067 lubitu
1773 5014 2018 5073 delectis,
2057 5016 2339 5068 monachis

784 5109 992 5158 interea
1047 5105 1235 5168 pocula
1269 5113 1322 5157 et
1348 5105 1515 5173 dapes
1563 5105 2020 5158 ministrantibus.
2073 5106 2198 5156 Post
2229 5107 2342 5156 mi-

781 5205 920 5246 stmn
956 5195 1164 5247 [initum
1193 5201 1438 5261 surgunt,
1458 5204 1511 5246 et
1533 5208 1627 5262 per
1651 5194 1915 5254 eamdem,
1941 5209 2043 5260 qua
2066 5203 2341 5256 venerant,

1753 5306 1946 5362 JOAN.
1987 5307 2128 5362 JAC.
2159 5307 2406 5362 REISKII

855 5429 964 5496 (44)
999 5426 1200 5499 Samius
1238 5428 1338 5480 hoc
1371 5429 1421 5479 iu
1455 5429 1639 5481 codice
1668 5429 1758 5481 τοῦ
1799 5431 2076 5499 κράματος
2111 5431 2204 5482 καὶ
2248 5429 2340 5481 τοῦ

780 5498 1139 5568 κραματίζειν
1190 5499 1247 5550 lit
1281 5501 1502 5568 mentio.
1542 5499 1632 5551 l-Jst
1665 5498 1845 5552 autem
1874 5503 2060 5568 κραμα
2112 5513 2165 5552 et
2213 5504 2346 5550 mi:-

782 5566 1269 5636 inm‘dejr-junatio,
1301 5566 1654 5639 jeutaculutn,
1691 5579 1744 5622 ei.
1795 5566 2015 5622 mixture
2073 5570 2344 5639 κραματί-

783 5640 914 5702 ζειν,
970 5640 1320 5706 dejejuuare;
1353 5638 1462 5690 vid.
1528 5641 1602 5690 Ι)υ
1639 5639 1818 5706 Cange
1853 5656 1903 5692 ι’.
1957 5638 2218 5702 Mixtum,
2255 5641 2341 5691 ubi

787 5713 946 5760 inulta
973 5710 1128 5771 hujus
1157 5705 1566 5775 signiﬁcationis
1593 5705 1834 5776 exempla
1861 5710 2056 5762 attulit.
2089 5709 2344 5763 Solebant

787 5792 977 5845 nempe
1006 5777 1173 5830 (ἔτωοί
1203 5777 1370 5843 jejuni
1404 5781 1467 5831 ad
1503 5780 1918 5832 celebrationem
1953 5781 2116 5832 divini
2167 5781 2345 5833 cultus

785 5859 837 5900 et
891 5848 1066 5901 missae
1103 5849 1366 5916 praecipue
1417 5852 1704 5916 accedere;
1761 5850 1884 5918 quia
1919 5849 2092 5904 cibum
2129 5864 2345 5918 gustare

2446 4645 2779 4712 εἰσέρχονται
2818 4644 2896 4705 εἰς
2940 4644 2999 4695 τὸ
3041 4646 3216 4696 ἐκεῖσε
3269 4647 3629 4715 μητατώριον,
3685 4651 3782 4702 καὶ
3823 4652 4013 4703 ἐκδῶ--

2446 4732 2624 4782 λουσιν
2654 4732 2719 4784 τὰ
2750 4732 3160 4800 σκαραμάγγια,
3191 4734 3282 4785 καὶ
3313 4734 3761 4804 περιϐαλλόμενοι
3799 4740 4014 4792 κηλίίια

2452 4820 2820 4887 εἰσερχόμενοι
2879 4821 3124 4872 ἵστανται
3188 4823 3265 4883 εἰς
3318 4822 3407 4873 τὸν
3453 4825 3778 4895 γυναικίτην
3830 4831 3905 4891 εἰς
3961 4833 4014 4879 τὶ

2445 4910 2620 4974 δεξιον
2681 4912 2816 4979 πρὸς
2875 4913 3137 4970 ἀνατολὰς
3199 4914 3361 4982 μέρος
3428 4913 3520 4965 τοῦ
3583 4914 3870 4985 βήματος,
3928 4922 4014 4969 7:".

2448 5001 2708 5054 ἅπτουσιν
2734 5006 2935 5072 κηροῦς
2969 5007 3046 5064 εἰς
3077 5004 3172 5074 τὴν
3205 5007 3296 5056 τοῦ
3346 5006 3679 5073 Εὑαγγε>.ἱου
3728 5011 4009 5074 ἀκρόσςνι.

2452 5095 2560 5146 Εἶθ’
2597 5097 2766 5158 οὕτως
2801 5097 3142 5166 ἐξερχόμενοι
3195 5101 3272 5159 εἰς
3315 5099 3374 5149 τὸ
3405 5101 3580 5151 ἐκεῖσε
3614 5101 4014 5172 eumenen.

2453 5188 2849 5258 κραματίζουσι
2873 5188 2983 5256 (44)
3014 5188 3133 5257 μεθ’
3157 5182 3229 5239 ὧν
3260 5190 3323 5241 ἂν
3353 5189 3682 5243 κελεύσωσιν
3725 5196 4009 5262 ἀρχόντων,

2450 5302 3018 5358 COMMENTARIUS.

2451 5438 2577 5480 ante
2633 5435 2906 5493 sumptam
2948 5426 3379 5478 communionem
3437 5441 3532 5493 pro
3564 5442 3764 5496 magno
3801 5431 4012 5485 crimine

2452 5500 2666 5550 habent.
2700 5496 2774 5548 Ne
2804 5498 2962 5561 igitur
2993 5497 3150 5546 nimis
3182 5497 3268 5568 diu
3297 5496 3589 5568 jejunando
3625 5511 3749 5551 sese
3774 5498 4005 5568 fatigent,

2451 5569 2645 5628 solent,
2700 5577 2985 5632 antequam
3026 5581 3090 5618 ex
3142 5566 3368 5617 ecclesia
3427 5567 3716 5629 decedant,
3757 5566 4009 5623 buccelas

2451 5637 2603 5704 panis
2637 5637 2836 5702 aliquot
2867 5646 2919 5687 et
2958 5637 3062 5685 vini
3114 5636 3379 5704 poculum,
3423 5650 3515 5686 seu
3568 5637 3728 5699 meri,
3763 5653 3858 5691 seu
3889 5653 4004 5689 anna

2452 5703 2625 5769 inisti,
2669 5721 2760 5758 seu
2801 5705 3158 5763 ai-mnatibus,
3192 5719 3310 5770 quac
3367 5703 3541 5756 Latini
3596 5709 3886 5772 aequiores
3933 5711 4000 5770 pi-

2449 5788 2651 5843 gmenta
2691 5774 3028 5842 appellabant
3069 5774 3199 5844 (vid.
3259 5774 3334 5824 Ι)υ
3367 5775 3544 5841 (Lange
3582 5776 3634 5827 h.
3671 5781 3771 5840 ιτ),
3820 5779 4004 5829 (animi

2448 5859 2499 5900 et
2541 5846 2745 5900 fructus
2776 5848 2981 5900 hor-axis
3012 5857 3172 5914 atque
3208 5844 3466 5898 dulciaria
3499 5846 3547 5897 in
3583 5851 3825 5913 porticus
3852 5848 4003 5901 eccis-
