4138 6440
109 407 242 469 1045

959 402 1051 460 DE
1094 400 1549 458 CERIMON‘HS
1590 399 1810 458 AULE
1851 401 2296 459 ΒΥΖΑΝΤΙΝᾸΞ
2337 403 2486 460 LIB.
2535 402 2618 460 II.

3232 397 3369 461 1046

101 526 206 577 ὑπὸ
251 522 359 573 τῶν
395 517 868 588 ὲκκλησιαστικῶν
907 519 1354 586 ὀηριγευόμενος,
1385 522 1686 586 ἀπέρχεται

1794 517 2015 570 luerint.
2059 519 2196 570 'Ium
2231 528 2522 575 praesentat
2551 528 2604 570 et
2636 517 2928 571 committit
2955 517 3247 586 imperator
3272 535 3370 573 no-

103 619 156 667 ἑν
185 615 263 683 τῷ
295 612 696 681 πατριαρχείῳ.
738 612 797 659 'O
827 610 882 661 δὲ
920 610 1176 675 βασιλεὺς
1224 611 1558 675 ὑποστρέφει
1589 609 1683 660 καὶ

103 707 416 774 εἰσέρχεται
451 708 508 756 ἐν
531 704 609 772 τῷ
643 702 910 771 παλατίῳ.
946 702 1053 752 Καὶ
1099 701 1290 769 ἑορτῆς
1325 700 1683 768 ἐνισταμένης

103 801 132 868 ἦ
172 797 481 864 Κυριακῆς,
515 797 722 862 γίνεται
759 796 1057 861 πρόκενσον
1093 796 1150 844 ἐν
1205 796 1270 862 τῇ
1318 793 1544 862 Μεγάλῃ
1587 795 1682 844 ὲκο

104 888 322 956 κλησίᾳ,
358 886 541 948 καθὼς
572 888 603 954 ἡ
637 885 898 954 συνήθεια
931 884 1065 952 ἔχει,
1091 885 1185 936 καὶ
1210 884 1426 952 δέχεται
1455 883 1682 946 τούτους

105 979 132 1030 ὁ
175 980 489 1046 Quod/ﬁgam;
531 978 640 1045 (54)
681 978 816 1045 μετᾶ
849 975 947 1042 τῆς
1000 975 1458 1041 ὲκκλησιαστικῆς
1507 977 1686 1044 πάσης

106 1076 330 1137 τάξεως.
373 1074 480 1125 Καὶ
511 1073 574 1141 δὴ
608 1071 750 1124 κατὰ
770 1071 860 1123 τὸν
893 1070 1120 1122 εἰωθότα
1152 1069 1320 1122 τύπον
1345 1070 1684 1121 είσοδεύσαν-

106 1182 209 1224 τες,
254 1165 347 1214 καὶ
388 1162 494 1214 τῶν
539 1163 664 1230 ἑξῆς
697 1159 1158 1213 ἐπιτελεσθέντων
1193 1159 1335 1212 κατὰ
1363 1161 1462 1218 τὰς
1493 1159 1687 1220 λοιπὰς

108 1253 481 1320 προελεύσεις,
511 1253 856 1322 ἀπάρχονται
905 1253 951 1302 οἱ
986 1249 1256 1317 Θεοφιλεῖς
1293 1251 1688 1320 μητροπολῖται

105 1346 201 1412 τῆς
230 1343 419 1412 τιμίας
474 1345 831 1412 χειροτονίας.
870 1344 933 1394 Οἱ
963 1341 1018 1394 δὲ
1056 1341 1393 1410 φιλόχριστοι
1447 1342 1688 1410 βασιλεῖς

109 1438 305 1506 μικρόν
332 1455 383 1489 τι
417 1436 870 1488 ὀπισθοποδοῦσιν
893 1436 1027 1504 (55).
1050 1435 1158 1496 ἓως
1196 1435 1260 1487 ἂν
1287 1436 1512 1504 τελεσΘῇ
1539 1437 1688 1506 napi

106 1531 210 1580 τῶν
246 1528 661 1597 μητροπολιτῶν
693 1527 760 1579 τὰ
795 1527 893 1595 τῆς
939 1525 1295 1595 χειροτονίας,
1326 1525 1420 1577 καὶ
1464 1522 1565 1577 εἷθ’
1594 1526 1688 1577 οῦ-

103 1638 208 1681 τως
237 1622 326 1672 διὰ
355 1620 442 1672 τοῦ
468 1619 641 1685 δεξιοῦ
674 1620 874 1688 μέρους
910 1619 1003 1671 τοῦ
1037 1619 1282 1688 βήματος
1325 1619 1417 1671 καὶ
1469 1618 1562 1672 τοῦ
1591 1637 1689 1670 κυ-

106 1713 253 1762 κλίου
309 1714 650 1780 εἷσέρχονται
695 1714 751 1762 ὲν
779 1711 856 1778 τῷ
886 1712 1168 1780 εὐκτηρίῳ
1200 1754 1212 1773 ,
1251 1713 1308 1763 ἐν
1407 1713 1500 1764 καὶ
1591 1713 1690 1781 ἀρ-

106 1805 245 1871 γδρᾶ
281 1805 491 1872 ἵδρυται
543 1803 870 1870 σταύρωσις,
917 1805 1009 1855 καὶ
1042 1804 1126 1856 διὰ
1152 1804 1250 1870 τῆς
1289 1804 1515 1872 τρισσῆς
1549 1804 1686 1872 μετὰ

105 1893 210 1942 τῶν
237 1893 428 1960 κηρῶν
462 1895 886 1961 προσκυνήσεως
910 1893 1406 1960 ἁπευχαριστοῦσιν
1431 1893 1507 1960 τῷ
1540 1892 1681 1961 Θεῷ,

106 1986 192 2035 καὶ
239 1983 332 2033 τὸν
382 1983 727 2052 πατριάρχην
761 1984 1282 2052 ἁποχαιρετίσαντες
1305 2022 1318 2042 ,
1353 1982 1683 2046 ἐξελθόντες,

107 2076 150 2124 εἰ
181 2074 281 2141 μὲν
319 2073 466 2124 ἔστιν
509 2073 721 2142 μεγάλη
771 2076 1026 2143 Κυριακὴ
1080 2074 1110 2143 ἢ
1174 2075 1542 2144 ιιεντηκοστὴ,
1575 2075 1682 2126 εἴτε

107 2166 232 2232 ἄλλη
285 2166 472 2233 ἑορτὴ.
511 2167 566 2215 ἐν
613 2159 698 2224 αἶς
748 2167 1082 2235 ἀπέρχονται
1135 2167 1186 2218 ol
1235 2166 1491 2219 δεσπόται
1527 2168 1584 2218 ὲν
1617 2168 1682 2235 τῇ

107 2257 332 2326 Μεγάλῃ
380 2256 668 2326 ἐκκλησίᾳ,
711 2257 1052 2327 εἰσέρχονται
1104 2258 1160 2310 ἐν
1194 2257 1273 2326 τῷ
1331 2259 1683 2328 μητατωρίῳ,

109 2354 195 2403 καὶ
227 2353 295 2402 τὰ
333 2351 462 2418 ἑξῆς
496 2349 844 2411 ἐπιτελεῖται,
883 2349 1064 2414 καθὼς
1103 2349 1198 2404 καὶ
1227 2353 1284 2403 ὲν
1308 2354 1428 2410 ταῖς
1469 2351 1685 2414 λοιπαῖς

109 2442 517 2511 προελεύσεσιν.
549 2441 608 2492 Ei
638 2441 695 2493 δὲ
722 2440 855 2507 ἄλλη
884 2440 1068 2510 ἑορτὴ.
1101 2441 1157 2492 ὲν
1254 2441 1354 2492 οὐκ
1387 2440 1686 2508 ἀπέρχεται

109 2534 134 2584 ὁ
164 2533 418 2601 βασιὶεὺς
451 2533 506 2583 ὲν
560 2535 624 2601 τῇ
669 2531 892 2599 Μεγάλῃ
928 2530 1216 2599 ἐκκλησίᾳ,
1262 2529 1292 2598 ἢ
1326 2528 1544 2598 παγανὴ
1575 2531 1688 2579 Κυ-

111 2626 292 2693 ριακὴ,
324 2624 646 2691 ἀνέρχονται
681 2623 772 2675 διὰ
811 2622 904 2674 τοῦ
930 2622 1147 2691 κοχλιοῢ
1184 2620 1276 2673 τοῦ
1307 2621 1441 2688 πρὸς
1474 2621 1531 2671 τὸ
1588 2621 1686 2689 μὲ-

111 2733 194 2784 ρος
217 2718 310 2768 τοῦ
351 2716 508 2782 ἁγίου
542 2714 777 2784 Φρέατος
808 2715 864 2766 ἐν
889 2716 1001 2774 τοῖς
1030 2713 1162 2782 πρὸς
1198 2710 1465 2780 ἀνατολὴν
1492 2711 1684 2776 δεξιοῖς

1789 624 1914 662 vum
1946 610 2310 675 patriarcham
2345 611 2633 678 pra-posito
2669 619 2722 662 et
2758 610 3078 678 proceribus
3126 611 3360 664 cubiculi

1789 712 1843 754 et
1899 703 2248 766 silentiariis;
2280 713 2332 756 et
2364 703 2440 754 sic
2483 704 2736 772 utrinque
2791 702 3012 756 brachio
3057 702 3372 754 sublevatus

1788 793 2077 846 deducitur
2133 809 2160 845 a
2219 794 2509 858 praeposito
2543 802 2598 845 et
2631 808 2736 844 uno
2766 795 3000 860 quodam
3061 791 3368 845 silentiario

1791 885 1841 938 in
1879 886 2282 953 patriarcheum
2325 899 2418 938 seu
2453 883 2795 939 residentiam
2824 882 3166 950 patriarchm,
3198 883 3372 936 eccle-

1791 979 2032 1032 siasticis
2063 978 2428 1045 dirigentibus
2466 985 2520 1031 et
2564 975 3031 1044 obsequentibus;
3074 978 3371 1041 imperator

1791 1082 1969 1125 autem
2028 1072 2314 1123 revertitur
2354 1069 2405 1122 in
2468 1069 2746 1138 palatium.
2799 1067 3055 1120 Proxime
3107 1069 3255 1120 illinc
3291 1069 3374 1120 in-

1789 1167 1970 1210 stante
2000 1157 2087 1211 die
2112 1157 2250 1210 festo
2283 1156 2628 1210 Doininieove
2658 1156 2713 1210 ﬁt
2738 1158 3014 1224 processio
3039 1158 3089 1208 in
3122 1156 3368 1226 Magnam

1788 1247 2115 1310 ecclesiam,
2173 1259 2333 1315 prout
2381 1248 2508 1302 illuc
2568 1251 2945 1316 processioues
2999 1248 3113 1302 ﬁeri
3172 1251 3367 1302 sole-ut.

1791 1337 2014 1392 Electus
2046 1348 2138 1390 aut
2167 1341 2515 1404 praepositus,
2546 1354 2762 1407 unaque
2785 1353 2904 1392 cum
2940 1355 3004 1393 eo
3031 1349 3173 1392 totus
3194 1340 3371 1393 eccle-

1790 1431 2047 1484 siasticus
2087 1431 2241 1493 ordo,
2280 1430 2636 1497 imperatores
2666 1430 2736 1483 ibi
2768 1446 2887 1482 cum
2929 1433 3187 1484 comitatu
3220 1431 3370 1485 exci-

1791 1523 1885 1591 pit.
1943 1521 2184 1576 lntratur
2217 1523 2270 1576 in
2335 1525 2539 1582 navim.
2587 1532 2636 1577 et
2677 1523 2914 1578 oﬂicium
2951 1522 3011 1577 lit
3072 1526 3369 1578 secundum

1793 1613 2077 1667 formulam
2127 1624 2465 1677 consuetam,
2518 1615 2761 1683 ﬁuntque
2799 1614 2980 1667 omnia
3019 1614 3277 1684 deinceps
3309 1632 3375 1669 ea

1793 1707 1934 1758 serie
1978 1706 2155 1773 iisque
2196 1705 2412 1769 ritibus,
2443 1707 2533 1773 qui
2565 1707 2686 1758 aliis
2722 1707 2772 1759 in
2810 1708 3253 1774 processiouihus
3277 1709 3374 1762 ob-

1796 1799 1988 1851 tinent.
2021 1796 2183 1859 Tum,
2225 1798 2462 1864 peractis
2504 1797 2632 1858 illis,
2661 1797 2927 1865 incipiunt
2963 1797 3071 1850 Deo
3115 1798 3226 1849 cari
3261 1814 3372 1851 me-

1722 1871 1760 1923 Β
1792 1889 2055 1955 tropolita:
2104 1888 2422 1941 electionem
2478 1897 2530 1941 et
2580 1887 2978 1941 ordinationem
3027 1887 3370 1955 patriarcha.

1796 1981 2158 2049 Imperatores
2210 1991 2391 2033 autem
2442 1980 2641 2033 Christi
2693 1989 2944 2032 amantes
2988 1994 3176 2044 parum
3228 1988 3373 2033 retro

1795 2076 1845 2126 in
1891 2075 2115 2140 vestigia
2170 2087 2265 2126 sua
2300 2071 2559 2125 recedunt
2595 2111 2611 2135 ,
2650 2081 2702 2124 et
2752 2081 3087 2138 exspectant
3117 2071 3288 2123 donec
3343 2085 3372 2122 a

1796 2164 2152 2232 metropolitis
2205 2179 2267 2217 ea
2322 2177 2440 2230 quae
2512 2162 2578 2215 ad
2630 2161 3026 2216 ordinationem
3099 2162 3373 2229 pertinent

1796 2265 2013 2324 peracta
2051 2256 2269 2308 fuerint.
2309 2254 2444 2307 Tum
2481 2255 2747 2306 intrantes
2785 2268 2882 2322 per
2915 2253 3161 2305 dextram
3198 2252 3375 2321 regio-

1796 2364 1919 2403 nem
1973 2347 2204 2401 tribunac
2238 2357 2292 2400 et
2334 2362 2432 2411 per
2481 2346 2714 2415 cyclium
2749 2345 2801 2398 in
2851 2344 3130 2408 sacellum,
3182 2344 3234 2397 in
3265 2359 3375 2413 quo

1796 2451 2046 2510 argentea
2110 2439 2399 2494 dominica:
2457 2437 2728 2505 passionis
2782 2437 2961 2507 imago
3013 2436 3371 2505 conspicitur.

1795 2531 2022 2584 adorant
2055 2540 2136 2585 ter
2171 2530 2337 2584 Deum
2371 2546 2493 2586 cum
2530 2532 2726 2594 cereis,
2756 2539 2806 2585 et
2848 2530 3060 2585 salvere
3085 2531 3240 2599 jusso
3273 2545 3370 2598 pa-

1796 2624 2064 2685 triarcha,
2117 2632 2316 2678 exeunt
2351 2625 2403 2677 in
2460 2625 2829 2689 metatorium,
2871 2624 3113 2693 ﬁuntque
3144 2624 3373 2692 reliqua,

1793 2721 1852 2766 ut
1885 2713 1936 2765 in
1969 2715 2242 2768 consuetis
2270 2714 2730 2783 processimtihus,
2767 2713 2811 2767 si
2873 2729 3068 2781 nempe
3113 2715 3375 2768 solemnis

1094 2871 1288 2928 JOAN.
1319 2873 1457 2928 JAC.
1494 2873 1744 2928 REISKII
1768 2875 2343 2932 COMMENTARIUS.

110 2992 410 3054 δακτύλοις,
429 2991 612 3054 καθὼς
623 2990 875 3044 εἰώθασιν
891 2992 937 3042 οἱ
959 2992 1178 3046 Λατῖνοι
1201 3009 1301 3059 πρε
1312 2992 1530 3061 σενταρί
1539 2993 1568 3054 ζ
1571 3009 1594 3043 ε
1604 3011 1672 3043 ιν.

114 3065 245 3133 Ergo
291 3065 477 3117 minus
532 3063 794 3116 decorum
849 3062 1200 3127 reputabatur
1257 3061 1458 3116 Grato-is
1517 3063 1674 3114 alit-ni

115 3146 315 3186 tantum
344 3141 625 3186 extremos
655 3147 847 3187 manus
873 3133 1129 3186 articulos
1159 3149 1261 3184 non
1317 3143 1427 3184 tam
1474 3147 1668 3199 appre-

1785 2994 2089 3067 ἀποδίδωμι
2142 2996 2240 3063 οὐχ
2259 2996 2388 3067 ὑμῖν
2448 2994 2652 3067 μᾶλλον
2750 2993 2829 3067 τῷ
2885 2993 3025 3062 Θεῷ.
3055 2987 3100 3060 ᾧ
3150 2997 3374 3067 μελήσει

1791 3066 2024 3131 μάλιστα
2058 3067 2148 3117 τὸν
2201 3065 2383 3128 καλῶς
2411 3065 2510 3132 τῆς
2548 3063 2881 3134 Ἐκκλησίας
2918 3063 3369 3133 προστησόμενον

1784 3135 2196 3206 ᾀποκαλύπτειν
2285 3135 2512 3206 ὕστερον
2533 3135 2589 3186 δὲ
2605 3135 2710 3206 καὶ
2752 3134 2917 3206 αὐτος
2949 3135 3046 3206 ἕνα
3070 3137 3178 3188 τῶν
3204 3139 3374 3206 τριῶν

116 3205 444 3274 hendendOs,
477 3217 638 3270 quam
689 3207 1006 3272 tangendos,
1040 3202 1398 3274 solummodo,
1465 3202 1516 3254 in
1557 3217 1680 3268 spe-

1788 3204 2206 3274 ὑποψηφιοῦμαι
2237 3204 2840 3273 ὦσπερέθος.Εειεπ-ᾳο
2870 3205 2979 3257 ὑπό
3015 3205 3066 3259 in
3105 3209 3206 3258 hac
3225 3202 3374 3260 eom-

114 3279 266 3332 ciem.
296 3273 493 3342 Latino
513 3287 680 3335 more,
716 3271 1012 3342 porrigere,
1053 3271 1341 3342 decentius
1394 3282 1596 3342 autem,
1623 3281 1681 3324 ut

116 3343 276 3396 (Ξῖ-κεί
309 3344 411 3409 ipsi
451 3341 738 3404 faciebant,
764 3340 920 3396 suum
983 3343 1267 3396 brachium
1297 3340 1519 3393 alterius
1555 3341 1678 3393 bra-

116 3414 229 3464 rhio
246 3413 521 3478 subiicere
547 3423 599 3462 et
626 3413 1043 3480 citettmplicare
1070 3425 1123 3466 et
1155 3414 1234 3464 sic
1260 3412 1675 3480 ipsuuylucere.

116 3481 362 3534 Vetustus
390 3483 476 3532 ille
513 3496 628 3534 mos
654 3493 737 3536 est
758 3493 813 3534 et
839 3479 908 3535 ad
959 3484 1283 3550 Byzantinos
1355 3495 1385 3533 a
1417 3479 1680 3550 Romanis

120 3555 274 3606 venit.
308 3552 532 3619 Legitur
565 3553 707 3602 enim
748 3554 799 3604 in
836 3553 939 3604 vita
967 3549 1266 3608 caracalla:
1294 3551 1356 3603 Τ.
1402 3550 1419 3603 l
1473 3549 1676 3616 Script.

122 3621 245 3674 Ilist.
282 3627 421 3687 Aug.
455 3637 504 3686 p.
532 3620 651 3679 710,
675 3637 796 3673 eum
821 3638 850 3674 e
870 3622 1159 3689 Capitolio,
1193 3623 1400 3685 uhipro
1424 3630 1677 3686 suscepto

121 3707 298 3745 recens
333 3693 562 3756 imperio
621 3689 740 3744 Jovi
794 3691 1098 3758 Capitolino
1150 3693 1352 3757 gratias
1396 3700 1581 3756 egerat
1625 3700 1680 3742 et

117 3773 228 3813 vota
260 3761 487 3815 fecerat.
525 3763 574 3812 in
614 3761 868 3823 palatium
897 3763 1121 3814 rediisse
1145 3761 1450 3812 innitentem
1483 3758 1681 3829 [παρα-

117 3829 506 3899 κρατούμενον]
541 3829 838 3891 Papiniano
895 3841 944 3884 et
975 3831 1203 3893 Chilom’,
1235 3831 1497 3882 ambobus
1536 3845 1680 3899 prae-

121 3897 180 3953 iet
200 3906 265 3953 tis
298 3897 574 3968 pra-torio.
600 3900 923 3968 Plerumque
957 3902 1048 3969 qui
1094 3901 1322 3952 alterum
1378 3900 1457 3953 sic
1516 3897 1682 3950 dedu-

121 3980 315 4030 cerent,
369 3971 470 4034 ipsi
514 3980 668 4023 erant
712 3972 975 4038 dignitate
1031 3983 1320 4038 suppares;
1407 3969 1678 4038 interdum

121 4040 272 4091 eliant
305 4039 565 4106 a-qualcs,
613 4050 669 4092 ut
717 4036 853 4106 apud
889 4036 1145 4094 nostrum
1185 4054 1305 4106 pag.
1358 4038 1461 4091 565
1512 4036 1677 4090 Hera-

121 4110 244 4159 rlius
289 4111 517 4177 junior,
576 4127 605 4162 e
672 4110 908 4175 despotze
964 4110 1223 4177 dignitate
1287 4109 1337 4159 in
1406 4106 1678 4160 Cmsarem

123 4179 450 4238 evehendus,
482 4181 682 4231 dicitur
712 4180 762 4229 in
799 4181 1026 4231 solemni
1085 4180 1150 4230 ad
1196 4178 1485 4230 ecclesiam
1556 4191 1681 4238 pro-

123 4249 357 4301 cessiouc
385 4250 548 4301 ivisse
594 4249 658 4300 ad
708 4249 847 4302 latus
891 4249 1113 4315 majoris
1178 4248 1363 4298 fratris
1415 4247 1496 4297 sui
1540 4244 1682 4298 Con-

123 4321 358 4370 stantini.
395 4319 465 4371 ab
509 4319 697 4371 eodem
747 4317 1294 4386 παρακρατούμενος.
1329 4316 1681 4386 Sigttiiieetne

123 4388 250 4439 idem
285 4387 582 4440 Gervasius
620 4389 780 4441 verbo
812 4385 1206 4442 Subascellatus
1268 4391 1404 4451 apud
1433 4387 1509 4438 llu
1542 4385 1682 4438 Can-

123 4458 252 4526 giuut
286 4457 370 4509 Gl.
405 4458 525 4510 Lat.
550 4459 605 4510 h.
632 4473 705 4518 v.,
747 4459 1202 4526 videritttquibus
1229 4457 1418 4522 volupe
1451 4465 1505 4507 et
1530 4455 1680 4508 locus

125 4524 202 4577 ille
235 4531 296 4578 ad
323 4543 518 4597 titattus
542 4529 700 4579 luerit
728 4528 953 4597 integer.

189 4597 296 4663 (54)
328 4595 419 4649 Sic
452 4599 773 4663 appellatur,
814 4595 974 4665 quem
1006 4597 1180 4649 Latini
1214 4597 1434 4648 electum
1456 4595 1638 4646 dicunt
1668 4635 1683 4658 ,

125 4667 169 4716 id
193 4680 265 4717 ρει
299 4667 571 4732 sitﬂ'rag'is
614 4677 668 4719 ιιι
697 4683 790 4733 spe
819 4673 1027 4720 numeri
1071 4670 1228 4720 alicui
1260 4683 1416 4719 sacro
1449 4665 1686 4726 civilive,

124 4751 207 4787 seu
259 4753 418 4790 Sal-ro
475 4739 762 4804 przeeipue,
813 4739 1150 4797 destinatus,
1212 4739 1451 4788 nondum
1507 4744 1686 4787 tamen

123 4807 410 4870 ordinatus,
455 4809 794 4859 renuntiatus
828 4819 921 4859 aut
949 4809 1255 4867 investitus.
1285 4807 1390 4866 ille,
1425 4806 1491 4857 ad
1525 4818 1688 4871 quem

124 4879 342 4941 pertinet
396 4880 428 4945 ἡ
463 4877 797 4944 ὑποψήφισις
853 4877 933 4929 vel
959 4877 1018 4929 τὸ
1066 4876 1464 4944 ὑπεψηφίσθαι,
1517 4876 1686 4945 altera

123 4944 504 5010 denominatio,
548 4947 713 5012 priori
771 4947 1011 5016 subjecta
1068 4960 1122 5000 et
1173 4949 1462 4998 sutunissa.
1518 4944 1689 5016 Cleri-

124 5029 298 5086 rorum
334 5020 484 5070 enim
516 5015 885 5070 deuominatio
928 5017 1126 5086 ψῆφος,
1165 5017 1499 5083 sum-agitant,
1559 5015 1689 5086 sim-

124 5085 317 5150 plicitrr
344 5087 581 5144 dicitur.
621 5097 673 5140 et
724 5084 1079 5154 ψηφίζεσθαι,
1113 5099 1310 5148 vetare,
1342 5098 1400 5138 ut
1457 5087 1537 5138 sic
1604 5084 1685 5134 di-

124 5157 540 5218 dam,dicuntur
578 5156 787 5220 clerici,
815 5158 1032 5225 quando
1073 5158 1391 5210 candidatos
1446 5163 1554 5208 tt-es
1595 5155 1686 5206 de-

125 5238 391 5296 nummant
426 5238 482 5279 et
527 5239 841 5295 proponunt
873 5229 1219 5296 imperatoris
1246 5226 1477 5277 delecmi
1537 5227 1682 5296 velut

126 5292 318 5365 habiles
351 5310 406 5348 et
434 5292 646 5363 dignos.
684 5292 981 5365 Imperator
1012 5308 1190 5350 autem
1215 5296 1418 5347 dicitur
1474 5295 1686 5361 ύποψη-

127 5362 382 5427 aequos...
415 5362 720 5427 subet-tare,
753 5362 806 5418 i'd
823 5377 908 5419 est
941 5366 1496 5432 postvolare,quaudo
1520 5381 1682 5416 unum

126 5434 343 5498 aliquem
395 5453 423 5489 a
462 5437 612 5489 clero
643 5437 1117 5489 denominatorum
1144 5445 1236 5488 ant
1257 5439 1420 5486 alium
1450 5435 1682 5500 aliquem

127 5501 228 5568 ipse
258 5504 575 5557 denominat
597 5514 652 5557 et
683 5507 926 5558 ordinari
953 5506 1141 5570 jubet;
1187 5515 1242 5558 et
1296 5505 1416 5556 talis
1440 5506 1682 5557 denomi-

129 5585 272 5625 natus
293 5572 626 5643 ὑποψήφιος,
667 5577 716 5626 id
775 5586 858 5628 est
915 5577 1271 5637 subnotarim,
1309 5576 1678 5638 postvotat'ius,

127 5645 345 5713 secundo
380 5657 512 5696 voto
540 5646 857 5713 designatus
913 5648 1134 5699 dicitur.
1181 5644 1320 5698 Usus
1379 5645 1486 5707 ltic,
1525 5659 1682 5713 quem

129 5710 243 5783 dixi,
274 5717 420 5768 verbi
461 5710 1071 5782 ὑποψηᾷζεσθαίςιλτε
1112 5727 1257 5783 patet
1314 5715 1364 5766 in
1404 5714 1507 5766 illis
1525 5712 1684 5766 Joan-

132 5780 204 5832 nis
245 5780 842 5850 Cantaettzeni,ﬂp.859
883 5780 1202 5852 ετοιγαροῦν
1247 5785 1522 5851 ζητήσεως
1546 5799 1677 5848 προ-

131 5853 369 5921 ειξιμένης
403 5857 527 5922 περῖ
563 5860 902 5923 πατριᾰρχσιυ
935 5857 1030 5923 τὴν
1093 5856 1320 5921 ἀρχαίαν
1375 5853 1680 5921 ἐλευθερίαν

1785 3276 2054 3342 positione
2091 3277 2229 3329 idem
2251 3275 2393 3343 qttod
2419 3274 2729 3340 ἐπίμπρα,
2757 3285 2870 3338 post
2890 3276 3032 3327 aliud
3066 3276 3368 3346 quidquam

1784 3346 2123 3413 praecedens.

1859 3415 1972 3481 (55)
2010 3433 2027 3466 ι
2061 3414 2270 3467 Cessim
2293 3429 2350 3468 se
2375 3414 2697 3481 recipiunt,»
2725 3423 2783 3465 ut
2812 3417 2886 3466 ait
2910 3414 3211 3469 Busbekius
3242 3417 3361 3472 loco

1786 3488 1948 3538 modo
2001 3485 2246 3552 laudato,
2294 3500 2361 3538 ne
2419 3485 2684 3553 posticam
2727 3485 3004 3550 praebeant
3071 3488 3368 3541 venerabili

1784 3557 2059 3610 consessui
2103 3555 2476 3620 spectandam.
2538 3554 2809 3620 Quorsum
2864 3566 3042 3608 autem
3096 3568 3148 3609 et
3192 3560 3371 3619 quoad

1782 3626 2012 3679 cesserit
2091 3625 2257 3687 imp..
2329 3633 2480 3692 patet
2547 3639 2611 3677 ex
2684 3641 2736 3691 p.
2803 3622 2944 3683 567,
3010 3624 3100 3676 ubi
3176 3628 3374 3678 dicitur

1785 3696 1914 3766 imp.
1969 3708 2261 3766 parumper
2303 3703 2450 3766 retro
2473 3695 2723 3766 _cessisse
2776 3693 2938 3766 μέχρι
2967 3693 3064 3746 τοῦ
3121 3695 3370 3766 ἀργυροῦ

1784 3765 1962 3824 κίονος
2001 3764 2093 3816 τοῦ
2117 3763 2399 3832 κιϐωρίου.
2466 3762 2609 3832 Ergo
2640 3765 2782 3816 intra
2821 3764 2996 3817 altare
3050 3773 3103 3816 et
3159 3762 3372 3818 eanec-l-

1787 3834 1865 3888 los
1898 3835 2126 3887 tribunal:
2175 3834 2532 3900 perliciebant
2575 3833 2974 3888 ordinationem
3031 3835 3368 3889 sacerdotes.

1787 3904 1901 3958 Mos
1932 3905 2070 3958 idem
2131 3905 2307 3956 adhuc
2357 3919 2386 3957 a
2424 3903 2617 3956 Turcis
2655 3905 3003 3963 observatur,
3057 3901 3367 3958 Graecorum

1784 3974 2239 4040 exetnplodoctis,
2265 3987 2330 4026 ne
2366 3974 2722 4034 honoratiori,
2745 3983 2837 4026 aut
2863 3975 2946 4025 cui
2968 3974 3092 4040 quis
3107 3973 3367 4027 honorem

1786 4044 1986 4105 habere
2011 4046 2158 4103 velit,
2209 4053 2419 4110 tergum
2464 4044 2736 4103 obvertat,
2770 4043 2864 4096 sed
2899 4054 3046 4095 retro
3111 4045 3162 4095 in
3198 4045 3367 4098 vesti-

1822 4116 1868 4165 ia
1919 4114 2178 4164 suuvttlttt
2236 4114 2496 4165 irretorto
2544 4123 2650 4164 eat.
2699 4114 2840 4165 Idem
2903 4112 3206 4167 Busbeltius
3262 4115 3368 4167 alio

1823 4130 1868 4165 ia
1919 4130 2178 4164 suavmtu
2236 4130 2496 4165 irretorto
2544 4130 2650 4164 eat.
2699 4130 2840 4165 luem
2903 4130 3206 4167 uusoettms
3262 4130 3364 4167 ano

1784 4130 1904 4236 Foco
1935 4198 1983 4250 p.
2028 4183 2094 4235 M
2139 4182 2521 4235 salutationem
2550 4181 2951 4236 Ganizarorum
2978 4183 3058 4236 sic
3085 4183 3364 4237 describit-

1791 4271 1808 4304 ι
1844 4251 1944 4306 Ubi
1999 4253 2050 4304 in
2085 4251 2424 4306 coanaculum
2454 4259 2611 4305 erant
2645 4253 2895 4314 admissi,
2923 4252 3020 4311 ait.
3058 4251 3238 4319 capite
3265 4253 3362 4305 de-

1785 4324 1952 4402 misso
1987 4337 2071 4372 me
2100 4320 2595 4402 salutabapt.__|nde
2619 4337 2850 4402 propere
2871 4332 2925 4375 et
2970 4337 3120 4402 omne
3158 4323 3384 4402 cursim.

1785 4393 2105 4444 accedentes
2131 4392 2512 4443 vostem'tuihi
2543 4401 2638 4444 aut
2658 4406 2900 4451 manum.
2937 4393 3100 4444 veluti
3140 4393 3369 4446 deoscu-

1786 4461 1968 4522 laturi,
2017 4463 2330 4530 tangebant.
2354 4461 2813 4530 fasciculumque
2845 4462 3257 4530 hyacintborum
3283 4463 3366 4530 vet

1721 4549 1760 4601 ι)
1794 4515 2156 4603 ιιτιινςίἐευτιιῖἶι
2201 4515 2562 4603 obtrudebant
2594 4515 2898 4603 [ὀσῷράδιαῖ
2939 4529 3134 4603 Nostro
3167 4542 3290 4583 sunt
3321 4515 3362 4603 ἶ,

1793 4613 1846 4653 et
1883 4617 2004 4653 mox
2045 4602 2158 4668 pari
2204 4600 2316 4652 fere
2367 4600 2650 4654 celeritate
2699 4601 2955 4655 recessim
2988 4601 3056 4654 ad
3095 4601 3259 4662 fores,
3295 4600 3366 4654 tie

1796 4671 1922 4722 mihi
1959 4682 2165 4739 tergum
2183 4673 2550 4733 obverterent,
2601 4670 3077 4736 regrediebantur;
3114 4671 3162 4722 id
3216 4673 3360 4724 enim

1795 4742 2055 4794 institutis
2095 4755 2282 4793 eorum
2346 4740 2568 4792 habetur
2636 4739 2970 4793 indecorum.
3029 4740 3103 4793 lbi
3150 4754 3360 4792 summa

1793 4827 1913 4863 cum
1939 4811 2196 4864 modestia
2217 4809 2529 4878 compositis
2542 4819 2669 4863 ante
2687 4810 2862 4863 sinum
2901 4810 3153 4863 manibus
3180 4808 3362 4877 Ιχερσὶ

1791 4879 2123 4950 δεδεμέναις]
2181 4891 2489 4946 terramque
2521 4881 2790 4932 intuentes
2817 4880 2980 4932 tacite
3041 4881 3348 4937 adstabant.

1795 4955 1964 5021 magis
2001 4960 2060 5004 ut
2086 4954 2138 5021 in
2157 4951 2221 5002 iis
2246 4951 2542 5021 monachos
2575 4958 2790 5021 nostros
2825 4963 3169 5016 agnosceres,
3193 4963 3354 5021 quam

1795 5019 2010 5074 milites.
2049 5039 2068 5071 ι
2123 5019 2316 5072 NOSIer
2370 5021 2420 5070 id
2503 5019 2880 5070 ὀπισθοποδείν
2930 5035 3036 5070 uno
3089 5019 3258 5072 verbo
3305 5029 3356 5067 et

1791 5089 2167 5158 ὀπισθοφανῶς
2233 5088 2586 5157 ’ἀπέρχεσθαι
2664 5089 2808 5158 dicit
2876 5103 2928 5152 p.
2972 5087 3140 5158 WlOI.
3199 5091 3350 5158 item

1792 5176 1843 5222 ιι.
1900 5156 2007 5221 85,
2039 5172 2093 5213 et
2149 5177 2197 5228 p.
2258 5156 2402 5221 355,
2441 5159 2603 5212 habet
2651 5157 3033 5226 ὀπισθοφανῶς
3099 5156 3354 5222 ἀπάγειν.

1795 5231 2114 5297 Xenophon,
2166 5232 2210 5283 si
2276 5233 2410 5281 liene
2435 5229 2677 5288 memini,
2729 5229 3065 5295 ἁναποδηδὸν
3115 5238 3168 5280 et
3223 5229 3353 5277 ἁνα-

1791 5302 2104 5364 ποδξζεσθαι
2173 5301 2326 5352 dixit.
2396 5298 2662 5352 Caeterum
2716 5313 2820 5350 non
2862 5299 3062 5350 licebat
3123 5298 3356 5361 impera-

1793 5373 1998 5423 toribus
2059 5371 2311 5422 electioni
2373 5369 2670 5430 interesse,
2743 5383 2809 5419 ne
2884 5367 3205 5419 auctoritate
3259 5380 3354 5418 sua

1790 5443 2000 5494 scilicet
2033 5441 2235 5493 clerum
2261 5447 2526 5492 terrerent
2565 5448 2618 5488 et
2643 5437 2709 5490 ad
2749 5437 3068 5491 electionem
3105 5434 3354 5488 vitiosam

1791 5513 2170 5577 pertraherent
2229 5520 2320 5562 aut
2356 5517 2606 5574 cogerent
2639 5526 2652 5572 ;
2687 5509 2860 5577 clerus
2889 5507 3126 5558 vicissim
3165 5505 3355 5558 uolens

1792 5576 1972 5632 i-olens
2021 5581 2186 5632 alium
2223 5595 2381 5645 quam
2443 5577 2600 5630 vellet
2647 5589 2699 5630 et
2748 5576 3006 5642 jussisset
3067 5577 3358 5642 imperator

1791 5668 1893 5716 non
1937 5650 2194 5716 eligebat,
2229 5651 2396 5702 libere
2441 5657 2618 5700 tamen
2673 5648 2926 5715 eligebat,
2980 5646 3100 5716 §ic_
3129 5646 3350 5716 minium

1792 5714 2046 5781 ludimus,
2078 5735 2290 5772 sacrum
2324 5720 2399 5779 hi,
2449 5716 2732 5784 profanum
2758 5714 2896 5768 alii.
2969 5714 3123 5769 Conl‘.
3163 5714 3329 5782 Sigon

1790 5793 1850 5844 de
1873 5806 2034 5859 regno
2070 5790 2236 5842 italia:
2261 5805 2310 5856 p.
2335 5788 2425 5846 ‘22.
2461 5803 2487 5836 ν
2511 5829 2521 5839 .
2556 5785 2633 5848 ίῖ),
2682 5788 2746 5839 ad
2773 5787 2834 5838 Δ.
2863 5786 2986 5840 595.
