4138 6440
141 405 278 468 1085

952 405 1048 462 DE
1077 403 1529 464 CERIMONIIS
1569 404 1786 464 AUL.‘E
1829 398 2271 462 ΒΥΖΑΝΤΙΝΕ
2315 402 2462 462 LIB.
2511 402 2593 462 ll.

3276 405 3411 468 1086

131 518 227 571 τοῦ
258 518 392 569 ναοῦ
427 517 524 585 τῆς
561 514 906 582 Ὕπερσγίας
941 513 1205 566 Θεοτὸκου
1239 516 1333 566 τοῦ
1356 516 1532 584 Φάρου
1559 517 1711 584 ὲκρε-

1821 512 2056 581 pretiosa
2099 525 2260 580 opera
2303 511 2537 564 smaltita
2589 525 2684 564 seu
2719 511 2963 578 chyutice
3022 511 3162 577 picta
3204 527 3232 565 e
3269 515 3411 582 phy-

135 609 451 677 μάσθησαν.
487 609 578 666 El;
615 607 670 659 δὲ
713 607 812 676 τὴν
847 605 1175 675 ἀνατολικὴν
1209 607 1411 676 κόγχην
1468 607 1590 658 ἀντὶ
1619 607 1725 658 τῶν

129 700 306 768 τριῶν
369 700 652 767 κανδήλων
712 697 1142 768 ἐκρεμάσθησαν
1213 700 1340 768 τρία
1399 701 1721 767 στέμματα·

130 790 448 860 ἔμπροσθεν
475 792 574 860 μὲν
624 792 685 843 τὸ
728 789 992 858 πράσινον
1029 790 1254 859 στέμμα
1289 792 1397 842 τῶν
1432 792 1602 858 ἁγίων
1631 793 1726 844 καὶ

129 885 370 947 ἐνδόξων
409 884 752 936 Ἀποστόλων
785 883 924 953 μετὰ
955 884 1050 935 καὶ
1091 885 1187 936 τοῦ
1228 885 1462 954 σταυροῦ
1496 887 1589 937 καὶ
1625 888 1724 952 τῆς

129 977 471 1044 περιστερᾶς
515 976 592 1040 (8)
618 975 781 1026 αὑτοῦ
805 991 816 1002 ·
852 973 1002 1044 δεξιᾷ
1045 975 1102 1026 δὲ
1148 975 1208 1026 τὸ
1260 975 1472 1042 βένετον
1506 978 1722 1044 στέμμα

140 1069 243 1136 τῆς
296 1068 636 1134 ’Υπερσγίσς
667 1066 930 1119 Θεοτόκου
959 1066 1054 1119 τοῦ
1085 1067 1265 1136 Φάρου
1303 1068 1438 1134 μετὰ
1475 1071 1567 1118 καὶ
1625 1068 1720 1119 τοῦ

132 1159 382 1228 ⁸παυροῦ
416 1161 508 1211 καὶ
541 1160 638 1226 τῆς
675 1160 1004 1226 περιστερᾶς
1041 1158 1244 1212 αὑτοῦ·
1283 1160 1544 1227 ἀριστερᾷ
1579 1159 1635 1210 δὲ
1664 1157 1722 1210 τὸ

135 1248 362 1315 βένετον
415 1247 632 1315 στέμμα
691 1245 782 1298 τοῦ
834 1247 988 1312 ἁγίου
1027 1248 1512 1318 μεγαλομάρτυρος
1536 1252 1722 1316 Δημη-

129 1337 287 1403 τρέου
327 1336 464 1403 μετὰ
518 1336 610 1387 καὶ
653 1334 745 1386 τοῦ
782 1336 1014 1400 σταυροῦ
1076 1339 1168 1388 καὶ
1227 1338 1326 1405 τῆς
1390 1339 1719 1406 περιστερᾶς

125 1427 324 1480 αὑτοῦ.
370 1427 585 1489 Ίστέον,
633 1428 714 1479 ὅτι
765 1427 938 1478 ταῦτα.
973 1429 1040 1480 τὰ
1086 1431 1213 1498 τρία
1250 1431 1539 1498 στέμματα.
1571 1429 1721 1498 παρὰ

127 1519 552 1571 Κωνσταντίνου
581 1519 676 1570 τοῦ
729 1519 1073 1587 φιλοχρίστου
1097 1522 1357 1573 δεσπότου
1384 1522 1720 1573 κατεσκευά-

126 1612 365 1678 σθησαν.
415 1611 634 1669 Ἰστάον,
670 1612 751 1663 ὅτι
784 1612 840 1663 ὲν
878 1614 987 1674 τοῖς
1032 1613 1299 1683 τέσσαρσι
1347 1614 1720 1682 μεσοκαρδίοις

122 1702 229 1754 τοῦ
261 1704 634 1769 μεσοπυργῐου
666 1701 757 1754 τοῦ
790 1704 1199 1773 πενταπυργίου
1243 1705 1336 1756 καὶ
1381 1707 1460 1766 εἰς
1508 1705 1565 1756 τὸ
1620 1705 1718 1773 ἐμ·

127 1795 380 1864 προσθεν
417 1795 777 1864 μεσοκάρδιον
829 1795 923 1848 τοῦ
971 1795 1281 1864 ἔμπροσθεν
1332 1798 1564 1866 πυργίου
1624 1799 1719 1850 καὶ

119 1893 205 1950 εἰς
251 1889 347 1942 τοῦ
377 1889 550 1954 δεξιοῦ
587 1889 681 1942 καὶ
723 1889 1011 1959 ἀριστεροῦ
1044 1891 1272 1959 πυργίον
1300 1890 1366 1942 τὰ
1400 1889 1710 1959 ἔμπροσθεν

125 1983 470 2052 μεσοκάρδια
509 1983 930 2053 ἐκρεμάσθησαν
967 1983 1199 2052 διάφορα
1249 1983 1584 2053 ὲργομοὺκια
1638 1982 1711 2052 (9)

115 2074 233 2127 ἀπὸ
263 2075 355 2126 τοῦ
378 2074 503 2126 ναοῦ
533 2075 624 2125 τοῦ
659 2075 847 2142 Ἀγίου
878 2075 1364 2145 μεγαλομὰρτυρος
1393 2077 1705 2144 Δημητρίου

117 2169 220 2219 καὶ
270 2169 334 2218 ἐκ
385 2168 493 2220 τῶν
525 2168 969 2235 ὲναποκειμένων
1005 2170 1085 2230 εἰς
1126 2167 1218 2220 τὸν
1251 2167 1483 2236 φύλακα.
1523 2169 1609 2220 Ἐν
1656 2168 1712 2221 δὲ

117 2264 239 2323 τοῖς
277 2261 510 2326 ξυλίνοις
557 2262 801 2324 exat-sm;
839 2265 950 2324 τοῖς
983 2262 1090 2314 ἀπὸ
1123 2262 1182 2314 τὸ
1217 2261 1624 2331 πενταπὺργιον
1653 2262 1712 2312 ὲν

117 2357 243 2414 τοῖς
277 2357 477 2422 τοίχοις
511 2354 883 2424 ὲκδεδεμένοις
940 2354 1303 2424 συνεδέθησαν
1351 2354 1418 2406 τὰ
1467 2347 1712 2422 νυμξρικᾰ

120 2444 376 2515 ζωνάρια
405 2447 516 2516 (l0)
552 2447 620 2500 τὰ
651 2448 712 2497 ὲκ
745 2445 906 2499 λίθων
951 2449 1039 2499 καὶ
1071 2448 1372 2516 μσργάρων
1400 2444 1709 2515 ἠμφιεσμέ-

1834 606 1965 668 Ιιιομ,
1999 607 2302 672 tunica!th
2329 613 2435 654 tam
2479 603 2715 656 basilica:
2740 618 2836 657 seu
2863 605 3073 657 ordinis
3103 605 3232 672 regii
3258 607 3406 669 viris,

1831 711 1992 764 quam
2057 699 2386 765 augustiaca:
2440 697 2520 750 vel
2573 696 2701 750 solis
2761 697 3109 765 Augustabus
3156 701 3408 765 propriae.

1834 790 2000 840 l‘lrant
2041 797 2224 841 autem
2277 788 2378 840 illa:
2429 797 2608 842 vestes
2659 788 2758 850 hic,
2803 804 2938 857 quas
2986 790 3406 845 recensebimus.

1831 878 1959 930 Erat
1991 879 2285 944 platanium
2325 879 2706 949 holochrysum
2739 889 2790 930 et
2831 883 3136 947 margaritis
3173 882 3410 935 obsitum

1827 983 1892 1019 ex
1908 969 2019 1018 aede
2040 967 2224 1019 Sancti
2259 966 2420 1024 Petri,
2441 982 2560 1034 quae
2587 973 2637 1020 in
2671 969 2868 1034 palatio
2886 981 2986 1031 est,
3011 972 3410 1038 depromptum.

1830 1057 1961 1109 Erat
2022 1058 2550 1110 chorosanchoriuni
2613 1075 2642 1111 e
2696 1069 2883 1110 sancto
2945 1060 3234 1114 Theodoro
3286 1079 3408 1115 cum

1827 1149 2182 1218 grypolconte
2223 1166 2316 1204 seu
2365 1150 2542 1216 pallio,
2593 1154 2679 1204 cui
2721 1153 2984 1218 imagines
3038 1155 3310 1205 vulturum
3357 1163 3412 1205 et

1828 1243 2040 1294 leonum
2073 1254 2227 1295 erant
2256 1245 2509 1305 intextaz;
2557 1246 2684 1297 item
2718 1245 3028 1313 gryparium
3069 1263 3160 1299 seu
3199 1262 3410 1314 pannus

1829 1333 2012 1400 ﬁguris
2044 1335 2318 1386 vulturum
2357 1335 2626 1399 refertus;
2671 1347 2723 1388 et
2770 1337 2883 1390 hinc
2926 1340 3141 1404 quidem
3177 1355 3205 1390 e
3245 1354 3408 1405 prau-

1825 1429 1989 1482 sorio.
2030 1428 2165 1480 Tum
2200 1440 2316 1482 erat
2349 1429 2647 1496 plataniutn
2686 1431 3014 1483 triblatleum
3045 1446 3138 1483 seu
3173 1433 3405 1484 sericum

1827 1532 1907 1572 ter
1942 1520 2165 1572 tinctum
2193 1535 2223 1573 e
2263 1523 2515 1587 pantheo.
2548 1521 2712 1592 336
2736 1522 3074 1576 Caballaritis
3110 1539 3273 1590 porro
3313 1540 3404 1575 seu

1823 1627 2035 1679 pannus
2078 1626 2341 1678 equorum
2381 1613 2706 1678 imaginibus
2745 1614 2977 1676 obsitus,
3023 1615 3405 1681 augttstiacutu

1826 1704 2119 1772 lieplesium
2171 1704 2253 1756 vel
2300 1705 2555 1770 tapetium
2601 1720 2633 1760 e
2670 1706 2878 1759 fornice
2927 1709 3216 1771 pransorii.
3275 1705 3402 1759 Item

1825 1811 1961 1863 pavo
1996 1794 2110 1866 [seu
2145 1810 2356 1863 pannus
2400 1810 2639 1862 pavones
2683 1796 2998 1867 exhibens],
3047 1798 3268 1863 pallium
3307 1813 3403 1847 au-

1745 1868 1793 1926 B
1823 1883 2122 1950 gustiacum
2177 1893 2228 1934 et
2270 1881 2570 1936 diaetaricio
2621 1883 2704 1936 vel
2742 1885 2977 1937 triclinio
3013 1887 3399 1940 diaetariorum.

1817 1974 2153 2027 Caballarius
2179 1975 2517 2029 ccesaricium
2551 1993 2643 2032 seu
2679 1992 2888 2043 pannus
2912 1980 2974 2029 ad
3000 1978 3244 2032 Caesares
3280 1996 3405 2047 pro-

1817 2069 1934 2137 prie
1969 2070 2246 2136 pertinens
2287 2084 2318 2122 e
2347 2080 2504 2137 porta
2552 2081 2832 2138 argentea,
2881 2087 3002 2139 qua:
3040 2087 3226 2126 versus
3257 2074 3405 2126 occi—

1820 2161 2036 2214 dentem
2087 2170 2201 2224 est;
2242 2164 2620 2228 pavonarium,
2653 2172 2706 2216 et
2743 2179 2882 2231 pone
2918 2165 3018 2218 hoc
3059 2166 3404 2233 aquilarium,

1825 2255 1986 2308 ambo
2018 2254 2202 2323 panni.
2243 2253 2418 2324 Super
2451 2265 2765 2326 argenteam
2797 2272 2924 2309 vero
2966 2257 3207 2325 ejusdem
3246 2259 3407 2328 ειη-γη

1814 2344 2100 2398 sotriclinii
2138 2354 2348 2412 portam
2413 2358 2734 2410 stispensum
2767 2355 2886 2398 erat
2931 2361 3157 2398 aureum
3189 2349 3401 2412 sagum,

1817 2440 1962 2510 quod
1991 2439 2330 2494 caesaricium
2363 2439 2683 2509 appellatur.
2711 2439 2801 2492 Sic
2827 2450 3004 2494 autem
3039 2451 3191 2494 erant
3225 2442 3404 2509 dispo-

1122 2587 1318 2643 JOAN.
1341 2587 1482 2643 JAC.
1520 2583 1776 2643 REISKII
1800 2580 2381 2640 COMMENTARIUS.

196 2708 278 2772 f8)
335 2703 523 2760 lnfulaa
560 2705 947 2772 imperatorum
991 2707 1258 2761 habebant
1308 2708 1576 2761 interdum
1644 2709 1694 2760 in

115 2781 332 2830 vertice
360 2791 578 2830 crucem
611 2788 664 2828 et
694 2791 856 2837 super
880 2792 939 2828 ea
966 2779 1270 2831 columbam
1296 2779 1550 2844 expansis
1593 2780 1694 2834 alis

116 2851 272 2900 velut
301 2846 592 2916 volantem.
630 2846 884 2900 Tractum
931 2848 1028 2899 hoc
1069 2864 1094 2898 a
1137 2847 1417 2909 Romanis,
1460 2862 1690 2916 quorum

119 2934 335 2971 morem
390 2915 563 2987 Graeci
611 2918 757 2980 nmi,
796 2918 1179 2985 antiqutatuni
1243 2921 1436 2987 ignari,
1482 2915 1691 2985 partim

117 3003 343 3055 quoque
413 2985 726 3040 Christiano
796 2990 1059 3055 my~terio
1136 2985 1501 3048 sanctilicare,
1550 2989 1691 3054 quod

120 3061 306 3117 aiunt,
352 3056 616 3112 volentes.
655 3058 912 3109 imitando
964 3059 1044 3110 vel
1105 3059 1386 3109 retinendo
1435 3060 1694 3110 obscura-

122 3138 278 3181 runt.
323 3126 428 3179 Pro
471 3127 706 3191 scipione
739 3138 982 3178 veterum
1023 3131 1301 3179 consulum
1349 3142 1693 3182 successores

1809 2704 1961 2758 inter
1995 2704 2209 2757 tertiam
2234 2711 2287 2755 et
2313 2712 2557 2769 quartam
2588 2717 2772 2755 vocem
2804 2719 2966 2771 super
2995 2706 3170 2770 capite
3206 2709 3400 2760 sedcu-

1807 2781 1878 2826 ti's
1908 2776 1958 2825 in
1994 2777 2188 2826 throno
2209 2775 2421 2826 intersit
2453 2775 2696 2826 litteram
2725 2772 2790 2830 Χ,
2821 2784 3076 2841 tanquam
3108 2775 3152 2828 si
3187 2778 3391 2834 sedens

1808 2845 1900 2897 ille
1944 2844 2197 2897 Christus
2250 2852 2414 2896 esset.
2465 2842 2660 2895 Verum
2712 2844 2914 2896 Christi
2954 2859 3148 2896 nomen
3189 2847 3256 2897 ibi
3297 2849 3400 2904 loci

1798 2925 2162 2981 opportunum
2211 2928 2316 2986 non
2350 2922 2508 2986 estet
2547 2916 2738 2986 tur_hat_
2769 2913 3120 2986 sententiain,
3175 2917 3400 2986 ipsique

1799 2986 2012 3052 patroni
2047 2985 2246 3036 nummi
2286 2984 2444 3036 istius
2474 2998 2578 3036 non
2613 2982 2913 3043 Christum,
2949 2985 3040 3036 sed
3066 2982 3311 3039 Petrum'
3337 2990 3390 3043 iu

1791 3069 1856 3107 eo
1904 3064 2279 3120 repraesentari
2333 3052 2506 3104 aiunt.
2565 3052 2697 3117 Quis
2756 3065 2934 3105 autem
2995 3069 3236 3121 unquam
3300 3071 3398 3113 aut

1806 3124 2027 3176 Christo
2052 3133 2143 3176 aut
2173 3123 2331 3175 Petro
2375 3124 2533 3174 aliive
2571 3126 2772 3176 Sancto
2815 3126 2865 3174 in
2905 3127 3145 3176 nummis
3181 3139 3233 3178 et
3269 3130 3397 3182 reli-

118 3211 175 3250 et
229 3199 536 3249 imitatores
566 3213 773 3259 eorum,
818 3196 1174 3261 imperatores
1201 3197 1509 3266 Byzantini,
1559 3197 1686 3274 su_b-
1721 3218 1763 3274 ο
1798 3196 1921 3262 quis
1945 3195 2328 3274 .ninon‘umentis
2362 3193 2564 3274 milites
2596 3194 2956 3274 pr:etorianos
3007 3197 3082 3274 atl_
3116 3195 3255 3250 latus
3296 3216 3396 3267 ap-

120 3269 427 3320 stituehant
473 3281 711 3327 crucem,
742 3275 791 3317 et
829 3282 922 3333 pro
977 3269 1174 3332 aquila,
1226 3284 1385 3332 quam
1438 3267 1692 3321 Consules

122 3351 300 3402 super
321 3337 559 3388 eburneo
585 3337 824 3402 scipione
852 3339 1153 3402 gestabant,
1192 3341 1256 3388 ad
1299 3353 1504 3387 morem
1545 3349 1694 3390 vete-

121 3423 251 3458 rum
305 3421 489 3472 regum
523 3404 836 3457 Grmrorum
889 3416 943 3457 et
999 3407 1346 3458 barbarorum
1379 3408 1503 3471 (vid.
1545 3408 1696 3458 Aris-

120 3481 281 3544 toph.
336 3475 561 3544 Avesv.
592 3475 714 3534 510,
746 3475 924 3541 seqq.)
977 3475 1280 3527 columbam
1339 3478 1691 3543 reponebam,

117 3543 208 3598 vel
258 3546 432 3613 potius
462 3543 708 3597 Graecum
761 3560 936 3610 nugax
994 3545 1182 3612 vulgus
1229 3546 1490 3598 aviculam
1533 3562 1696 3613 super

117 3631 291 3669 cruce
324 3616 530 3672 videns,
571 3615 780 3678 imperii
815 3615 1040 3665 Itomani
1068 3615 1294 3681 insigne,
1323 3630 1427 3667 non
1465 3615 1515 3666 id
1547 3619 1690 3681 quod

117 3697 264 3744 erat,
301 3685 558 3749 aquilam,
610 3684 700 3734 sed
739 3684 1045 3736 columbam
1093 3687 1314 3748 putabat
1345 3699 1482 3736 esse.
1523 3683 1694 3751 Inspi-

116 3757 234 3808 ciat
265 3764 455 3822 ectypa
484 3753 858 3822 diplychorum
889 3755 1274 3810 consularium.
1306 3755 1394 3822 qui
1423 3754 1694 3822 scipiones

121 3825 263 3876 tales
297 3839 414 3874 cum
449 3824 626 3886 aquila
683 3824 867 3875 videre
913 3823 1079 3889 cupit,
1136 3835 1190 3872 ut
1221 3838 1270 3876 e.
1304 3839 1351 3875 c.
1409 3824 1519 3876 tab.
1555 3823 1593 3885 Ι,
1628 3826 1693 3877 ad

119 3897 350 3944 dissert.
400 3892 473 3944 Du
510 3891 698 3956 Cangii
739 3891 804 3943 de
832 3895 1069 3944 nummis
1099 3892 1259 3945 medii
1292 3894 1413 3955 a-vi,
1449 3904 1498 3946 et
1532 3909 1692 3944 utim-

119 3979 274 4013 muni
313 3961 592 4026 Philippici
619 3963 668 4012 iii
709 3959 900 4013 Famil.
936 3962 1158 4028 Byzant.
1197 3976 1247 4027 p.
1285 3961 1405 4020 illi,
1441 3972 1493 4013 et
1522 3961 1692 4014 famo-

118 4049 244 4083 sum
284 4033 432 4084 illum
496 4045 771 4082 numumm
800 4029 1045 4082 Sallustii
1103 4031 1302 4096 Crispi,
1353 4033 1690 4085 Constantini

118 4101 194 4155 Μ.
233 4101 348 4160 lilii,
383 4098 634 4159 Caesaris,
691 4100 842 4162 cujus
888 4109 1140 4167 ectypum
1182 4103 1487 4166 nuperrime
1538 4116 1694 4155 reno-

113 4171 268 4222 vavit
315 4169 636 4222 Fruticiscus
686 4168 1034 4230 Blancliiiius,
1077 4168 1136 4220 V.
1172 4168 1276 4228 CL,
1330 4170 1382 4222 iii
1413 4171 1520 4224 ﬁne
1549 4185 1682 4236 pra-

117 4240 349 4292 fationis
395 4240 458 4287 ad
509 4239 855 4290 Anastasium
906 4237 1408 4302 Bibliothecarium,
1457 4242 1689 4294 credens

116 4326 247 4364 eum
293 4307 507 4360 miriﬁci
568 4310 820 4360 momenti
871 4318 922 4359 et
965 4310 1287 4374 pra-stantia
1341 4325 1482 4364 esse.
1532 4309 1694 4363 Miror

117 4393 251 4445 ergo
279 4379 551 4447 prolecto.
583 4379 671 4441 qui
699 4379 932 4441 pomerii
964 4380 1077 4432 viro
1106 4379 1419 4432 doctissimo
1457 4380 1520 4432 de
1550 4379 1691 4432 illius

118 4450 316 4500 fraude
342 4461 395 4500 et
434 4448 778 4511 improbitate
844 4463 947 4498 non
999 4448 1337 4509 suholuisse;
1393 4459 1445 4502 ct
1500 4465 1689 4515 quare,

1803 3263 2027 3326 posuit?
2058 3262 2325 3315 Debuerat
2347 3264 2524 3314 saltim
2553 3263 2752 3316 milites
2783 3264 2835 3315 in
2869 3263 3150 3330 apostolos
3186 3262 3395 3323 mutare

1802 3332 2036 3399 lepidum
2076 3333 2203 3384 illtnl
2235 3344 2415 3397 caput.
2463 3331 2536 3384 De
2570 3334 2883 3386 obscuratis
2923 3334 3142 3386 vali'itie
3174 3337 3304 3391 cleri
3337 3351 3392 3393 et

1800 3416 2023 3474 Stupore
2057 3403 2199 3474 vulgi
2255 3403 2671 3474 antiquitatibus
2703 3401 2814 3467 jam
2849 3405 3176 3474 Stilira_dixi,
3227 3423 3390 3474 qnmn

1801 3473 1931 3525 mihi
1960 3475 2024 3524 de
2045 3472 2222 3523 acacia
2247 3480 2301 3523 et
2331 3473 2562 3539 ptycliiis
2588 3487 2772 3525 sermo
2804 3484 2969 3524 esset.
3002 3471 3204 3528 Morem
3246 3471 3392 3531 hunc

1799 3542 2080 3616 columbas
2140 3555 2304 3616 super
2351 3546 2582 3607 sceptris
2634 3543 2853 3616 gerendi
2904 3545 3108 3616 A_nglia:
3173 3561 3390 3616 quoque

1801 3627 1952 3684 reges
1988 3609 2181 3684 imitati
2227 3609 2471 3684 fuerunt
2499 3627 2633 3684 aevo
2667 3614 2866 3666 medio.
2924 3609 3388 3684 Broiuton'(apuo

1801 3680 1876 3731 Du
1903 3680 2165 3746 Caugium
2207 3696 2258 3732 v.
2299 3681 2558 3756 Baculus,
2588 3683 2675 3756 tibi
2697 3686 2875 3756 __nli_tra
2911 3696 3158 3756 prostant
3191 3680 3384 3756 Anglo-

1800 3766 1916 3802 rum
1949 3760 2229 3802 auctorum
2273 3752 2646 3818 testimonia):
2697 3752 2988 3804 Villielmus
3035 3751 3380 3811 Harescailue

1798 3830 2014 3894 portam
2045 3830 2308 3887 sceptrum
2337 3822 2541 3894 regale,
2570 3825 2624 3875 in
2655 3824 2808 3890 cujus
2841 3824 3148 3876 summitate
3177 3829 3389 3894 signum

1799 3892 1966 3966 crucis
1982 3907 2212 3966 aureum
2239 3901 2375 3966 erat,
2410 3901 2458 3943 et
2481 3893 2628 3966 alter
2653 3924 2724 3966 -_—
2752 3906 2969 3959 portaus
3001 3894 3204 3966 virgam
3229 3892 3386 3966 rega-

1798 3960 1920 4021 lem,
1971 3960 2243 4013 habentem
2294 3963 2594 4015 columbam
2650 3964 2704 4015 in
2741 3968 3067 4019 summitate
3128 3960 3387 4021 Videniur

1801 4031 1880 4082 han
1917 4031 2180 4105 columbae
2225 4031 2550 4105 uoluptates
2612 4045 2666 4084 et
2730 4036 2866 4085 forte
2892 4033 3236 4105 roch_learum
3287 4053 3388 4105 ope

1795 4100 2048 4175 Crucibus
2098 4101 2367 4167 adaptatze
2423 4100 2622 4165 fuisse;
2661 4105 2765 4155 vid.
2806 4105 2868 4156 ad
2906 4120 2956 4167 ν.
3007 4103 3131 4175 559.
3165 4100 3385 4175 Super-

1795 4177 1874 4219 est
1944 4170 2045 4242 alia
2098 4175 2312 4242 quoque
2345 4175 2484 4222 ratio
2517 4188 2699 4225 vocem
2740 4173 3041 4241 περιστερά
3076 4170 3381 4242 exponenti"

1796 4247 1984 4309 nostro
2027 4241 2127 4291 hoc
2159 4241 2238 4309 riu
2286 4242 2423 4291 loco.
2460 4242 2680 4295 Scilicet
2713 4243 3046 4309 περιστεράν
3097 4247 3372 4309 appellant

1796 4308 1917 4360 novi
1949 4307 2120 4362 Graeci
2155 4308 2408 4361 laciniam
2442 4312 2623 4362 infula:
2666 4315 2715 4363 iu
2751 4307 3008 4378 scapulas
3061 4307 3378 4377 dependen-

1797 4387 1900 4428 tem
1933 4393 2135 4445 easque
2158 4387 2442 4450 tegentem
2475 4384 2540 4433 ad
2594 4381 2764 4433 instar
2799 4383 2985 4435 cauda:
3010 4381 3376 4450 columbiutr;

1794 4461 1902 4512 quo
1941 4450 2099 4518 tiiodo
2123 4449 2166 4499 si
2219 4449 2343 4514 quis
2380 4449 2464 4501 hic
2498 4452 2649 4502 malit
2681 4452 2946 4518 accipere,
3001 4466 3104 4503 non
3157 4449 3383 4507 interce-

117 4520 210 4586 qui
250 4532 533 4607 nummqu
564 4515 709 4596 illum
764 4517 1053 4607 corilupith
1086 4517 1336 4570 falsarios
1372 4533 1402 4569 e
1449 4519 1689 4581 scipione
1716 4549 1768 4607 Β
1795 4518 1938 4595 dam.
1980 4516 2139 4607 Nouit
2179 4519 2320 4607 hunc
2364 4521 2609 4571 vocabuli
2647 4515 3025 4607 iisum'lt'icaut
3085 4521 3138 4573 in
3173 4525 3378 4607 descri-

117 4584 340 4638 t7rnt-em
375 4600 476 4636 non
511 4584 720 4644 fecerit,
757 4587 899 4652 quod
933 4586 1088 4639 facile
1113 4596 1687 4654 potuerattrausversa

119 4660 276 4708 trabe
311 4655 512 4708 addita.
534 4655 588 4705 lu
617 4669 803 4707 aversa
834 4668 979 4709 certe
1001 4658 1206 4709 nummi
1236 4667 1388 4724 parte
1422 4657 1688 4711 luculenta

117 4741 175 4777 se
219 4726 456 4790 produnt
492 4724 698 4776 fraudis
749 4726 963 4777 indicia.
1018 4724 1279 4778 Nummus
1322 4727 1436 4790 ipsc
1472 4728 1688 4793 quidem

119 4805 383 4860 antiquus
418 4804 470 4846 et
520 4793 718 4859 probus
768 4803 884 4860 est;
937 4811 1123 4848 verum
1173 4797 1512 4862 interpolavit
1565 4813 1688 4850 eum

116 4880 259 4918 nova
287 4879 476 4917 manus
497 4863 547 4914 in
571 4862 809 4933 favorem
833 4865 1075 4918 ecclesiae
1109 4863 1382 4919 Romanae.
1405 4864 1688 4933 Nunquam

116 4936 267 4988 cnim
303 4933 594 4986 defuerunt
632 4932 837 4997 Romae,
873 4936 964 5001 qui
994 4935 1137 4988 sedis
1160 4934 1419 4989 Romana:
1453 4932 1688 4990 auctori-

120 5015 316 5075 tatem.
359 5017 478 5075 cum
517 5004 722 5056 idoneis
763 5006 1096 5068 argumentis
1141 5022 1243 5058 non
1278 5017 1516 5074 possent,
1555 5022 1684 5075 sup-

118 5073 338 5140 positiis
371 5073 596 5130 chartis,
632 5077 869 5128 nummis
899 5085 950 5128 ct
975 5077 1094 5127 aliis
1121 5073 1313 5129 similis
1345 5077 1533 5129 farime
1569 5073 1684 5131 mo-

121 5143 402 5196 numentis
433 5143 680 5197 stabilire
713 5143 1046 5208 laborarunt,
1077 5151 1168 5198 sed
1206 5146 1503 5210 incassum,
1543 5151 1684 5213 apud

115 5227 218 5265 eos
249 5213 485 5284 quidem,
515 5214 613 5284 qui
639 5216 871 5266 scientes
900 5217 1140 5270 volentes
1178 5216 1278 5267 sibi
1332 5231 1434 5268 non
1466 5218 1684 5284 patiun-

119 5297 208 5333 tur
234 5283 404 5335 illudi.
443 5281 746 5348 Insculptus
768 5284 896 5335 olim
941 5285 1115 5337 fuerat
1153 5286 1237 5339 isti
1284 5281 1505 5338 nummo
1527 5286 1681 5339 Con-

113 5355 397 5406 stantinus
424 5351 666 5421 Magnus,
705 5354 754 5405 in
782 5355 976 5408 throno
1005 5357 1214 5412 sedens.
1233 5355 1680 5409 crucemsinistra

119 5434 338 5481 tenens,
388 5432 481 5474 aut
527 5423 820 5488 scipionem
852 5439 972 5478 cum
1019 5428 1299 5478 manubrio
1346 5435 1676 5489 transverso,

1797 4587 1981 4652 ptioue
2001 4589 2244 4640 ecclesiae
2257 4585 2457 4641 Graecae
2476 4607 2527 4657 p.
2555 4606 2626 4641 ιιι.
2652 4589 2790 4643 208:
2823 4591 2897 4642 lls
2924 4601 3130 4654 portent
3155 4593 3376 4648 desbon-

1795 4665 1906 4708 itels
1934 4658 2145 4709 doubléi
2184 4657 2247 4708 de
2271 4657 2445 4720 blunc,
2491 4660 2614 4711 d‘ou
2647 4662 2780 4726 pend
2813 4662 3043 4713 derrie‘re
3073 4663 3120 4713 le
3145 4663 3238 4715 dos
3271 4681 3372 4716 une

1792 4741 1955 4793 queue
1999 4728 2062 4802 de
2105 4728 2264 4802 meme
2307 4729 2476 4802 clo/fc,
2526 4732 2691 4802 qu‘ilsr
2735 4731 2996 4802 appellent
3044 4734 3368 4802 περιστερά,

1793 4811 1894 4868 une
1925 4796 2176 4857 colombe,
2231 4800 2562 4865 pi‘éiendaut,
2611 4801 2796 4868 qu'etle
2836 4811 2911 4852 est
2965 4796 3368 4857 l‘embléme'de

1791 4864 2107 4939 l_'i°_m_io_cence
2147 4867 2210 4918 de
2252 4871 2366 4919 lcur
2389 4872 2487 4932 vie,
2523 4864 2665 4939 etcl;
2709 4870 2814 4923 vid.
2869 4873 2944 4923 Du
2990 4872 3253 4939 Cangium
3315 4889 3364 4926 ν.

1791 4933 2104 4999 ιὶνὶμὶμὶωη
2134 4948 2180 4986 et
2219 4941 2535 5005 περιστερά.
2572 4938 2718 4991 Talis
2753 4941 3015 4993 columba:
3038 4933 3134 4995 seti
3158 4943 3371 4996 lacinia:

1791 5011 2058 5059 cervicem
2121 5011 2348 5076 tegentis
2409 5011 2590 5061 Videre
2636 5021 2720 5061 est
2766 5011 3051 5076 imaginem
3108 5015 3160 5063 iii
3213 5014 3370 5065 titulo

1792 5077 1978 5150 libelli,
2009 5091 2166 5143 quem
2202 5073 2259 5128 Ι).
2300 5075 2362 5129 Μ.
2404 5078 2656 5150 Pariainli
2685 5082 2750 5130 de
2783 5073 3028 5132 numella:
3060 5083 3366 5150 gestatione

1790 5145 1974 5216 lioiua:
2006 5162 2148 5199 anno
2169 5151 2451 5213 superiore
2490 5148 2626 5200 1752
2648 5153 2834 5209 edidit,
2877 5152 2925 5200 iu
2959 5145 3168 5216 genima
3197 5151 3364 5204 Musei

1790 5213 2110 5275 Victoriam,
2165 5217 2214 5266 iu
2251 5233 2352 5283 qua
2414 5219 2651 5285 pontifex
2703 5213 3033 5286 conspicitur
3081 5237 3220 5286 equo
3274 5236 3365 5272 vc—

1787 5299 1929 5347 cms,
1965 5287 2160 5358 populo
2212 5286 2560 5350 benedicens,
2597 5305 2758 5355 quem
2787 5292 3037 5358 sequitur
3087 5293 3362 5358 apparitor

1787 5371 1906 5408 cum
1942 5357 2190 5408 umbella.

1856 5425 1934 5492 (9)
1964 5424 2104 5490 Quid
2135 5427 2248 5481 haec
2298 5444 2395 5480 vox
2423 5429 2521 5480 sibi
2548 5428 2693 5486 vclit,
2727 5443 2829 5480 non
2855 5443 3135 5496 assequar.
3166 5428 3361 5497 Liquet

116 5495 312 5544 dextra
359 5506 637 5559 peroraus,
702 5494 876 5560 capite
935 5494 1196 5549 laurento.
1261 5495 1368 5549 Sed
1427 5494 1680 5551 falsarios

113 5563 365 5633 dextram
400 5576 494 5629 pro
518 5568 793 5616 schemate
816 5567 1114 5629 pcrorantis
1141 5567 1438 5633 composuit
1465 5566 1513 5617 in
1548 5566 1679 5633 ligu-

117 5647 236 5683 ram
290 5631 456 5704 illam,
520 5647 622 5698 qua
655 5634 892 5700 pontifex
946 5635 1138 5701 populo
1173 5631 1462 5698 benedicit,
1501 5645 1552 5689 et
1582 5631 1678 5704 pro

115 5717 319 5771 mruua
357 5702 617 5766 laureata,
662 5714 869 5756 tunsam
918 5715 969 5758 et
1001 5705 1183 5759 nimbo
1212 5707 1442 5760 cinctam
1475 5702 1673 5771 suppo-

115 5777 226 5842 suit
257 5770 507 5842 Iaudem
526 5773 577 5842 in
599 5783 805 5842 vetusta
824 5773 1171 5842 inscriptione
1192 5781 1391 5828 nummi
1417 5795 1428 5829 :
1456 5770 1675 5831 SALUS

119 5840 205 5893 ΕΤ
236 5840 403 5896 SPBS
433 5840 494 5894 Β.
528 5841 882 5911 PVBLICAE,
921 5840 1060 5899 inter
1088 5845 1294 5901 litteras
1328 5848 1362 5899 S
1399 5858 1448 5901 et
1484 5846 1528 5899 [ὶ
1579 5864 1671 5903 seu

1783 5497 2001 5565 quidem
2043 5513 2216 5566 opera
2268 5510 2383 5551 arte
2435 5509 2489 5550 et
2534 5502 2759 5551 materie
2802 5499 3000 5550 eximia
3061 5501 3358 5566 designari,

1784 5568 1960 5634 qualia
2026 5565 2160 5634 ἔργα.
2207 5570 2466 5637 χειμευτὰ
2519 5581 2664 5630 sunt,
2699 5577 2751 5620 et
2778 5579 3087 5631 steiiituata,
3124 5565 3362 5623 et’auro

1782 5649 1941 5704 atque
1977 5638 2208 5703 gemmis
2255 5643 2388 5692 I'acta
2424 5654 2627 5702 omnia,
2664 5651 2710 5688 at
2752 5640 2835 5690 illa
2880 5641 3193 5693 terminatio
3223 5641 3360 5706 μού-

1781 5723 1872 5759 ιιισ.
1921 5711 2057 5758 male
2100 5724 2184 5760 me
2222 5711 2399 5769 habet,
2435 5723 2605 5777 neque
2643 5719 2865 5775 expoto.
2906 5709 3047 5762 unde
3083 5711 3278 5762 veniat.

1853 5777 1965 5844 (l0)
2020 5777 2076 5831 lu
2116 5781 2364 5847 cingulis,
2427 5791 2480 5830 ut
2547 5781 2683 5840 viri,
2748 5796 2824 5830 sze
2877 5778 3348 5845 feininaxquoque

1779 5848 2080 5902 Orientales
2119 5852 2407 5902 maximum
2461 5861 2706 5902 exercent
2745 5850 2921 5902 lutum
2964 5850 3134 5904 adhuc
3176 5849 3360 5902 hodie.
