4152 6438
145 431 278 491 ΗΞΞ)

959 430 1055 489 DE
1084 424 1535 488 CE‘IllMONllS
1571 427 1790 485 AULAS
1833 430 2271 490 BYZANTIN.E
2317 431 2459 489 LIB.
2521 430 2603 489 ΙΙ.

3231 426 3370 489 1126

111 548 195 596 τὸν
235 542 460 613 βασιλέα
498 541 588 594 καί
618 541 715 612 τὴν
766 541 858 593 τοῦ
907 540 1238 611 βρουμαλίου
1274 538 1438 592 αὐτοῦ
1495 538 1681 591 αίσίαν

1785 545 2049 611 assident,
2116 545 2242 598 dum
2300 546 2483 598 caeteri
2527 544 2659 615 [non
2714 542 2926 598 inritati
2979 540 2997 612 ]
3042 544 3118 595 sic
3145 542 3364 607 saltant,

112 638 339 707 ἡμέραν.
385 634 600 698 Ἰστέον,
661 636 742 686 ὅτι
773 635 864 687 ἐπὶ
919 634 1144 694 Λέοντος
1186 632 1278 684 τοῦ
1328 631 1674 701 φιλοχρίστου

108 731 372 782 δεσπότου
407 726 659 797 ὲτυπώθη
687 726 880 788 οὕτως’
914 725 993 795 Τῇ
1022 724 1280 795 ἐπαύριον
1304 724 1398 776 τοῦ
1433 724 1675 795 βρουμα-

108 822 220 874 lim
253 822 442 874 ἵστατο
475 821 573 890 μία
609 819 858 889 τράπεζα
889 820 948 871 ἐν
974 816 1055 887 τῷ
1080 816 1454 886 ἀριστητηρίῳ
1481 816 1680 867 οἰκειο-

108 914 236 984 τέρα
293 913 381 965 διὰ
410 912 579 983 τριῶν
604 913 696 965 καὶ
744 911 814 963 τὰ
847 909 1035 978 ἔγγὺς,
1071 910 1129 961 ὲν
1252 907 1554 977 συνηστεων
1601 906 1680 975 τῷ

113 1002 332 1073 μεγάλῳ
349 1003 558 1072 βασιλεῖ
585 1003 635 1053 οί
664 1000 908 1071 συνήθως
928 998 1076 1068 αὐτῷ
1096 995 1538 1067 συνεστιώμενοι,
1571 997 1676 1064 μά-

108 1096 262 1147 λιστα
279 1096 471 1146 οἰκεῖοι
494 1092 587 1144 καὶ
614 1093 893 1159 συγγενεῖς
917 1088 1013 1142 τοῦ
1041 1087 1328 1158 βασιλέως,
1363 1087 1677 1155 μὰγιστροι,

109 1189 480 1258 πραιπόσιτοι,
513 1184 812 1238 ἀνθύπατοι
844 1183 1123 1253 πατρίκιοι
1153 1180 1248 1232 καὶ
1287 1181 1477 1232 οἰκεῖοι
1521 1194 1675 1247 πρω-

104 1278 461 1347 τοσπαθάριοι
492 1278 583 1330 καὶ
635 1274 783 1329 ἄλλοι
814 1275 958 1339 τινὲς
996 1274 1230 1342 γνωστοὶ
1267 1271 1361 1325 τοῦ
1392 1270 1675 1341 βασιλέως.

117 1370 203 1420 Ἐν
250 1369 308 1420 δὲ
358 1368 435 1435 τῷ
463 1366 809 1436 περιδλέπτῳ
853 1366 1112 1436 τρικλίνῳ
1159 1365 1253 1419 τοῦ
1297 1358 1675 1416 Ἰουστινιανοῦ

105 1462 295 1513 ἵστατο
346 1462 508 1528 ἑτέρα
540 1461 789 1530 τράπεζα
844 1460 935 1512 διὰ
982 1459 1041 1523 ἒξ
1072 1460 1166 1512 καὶ
1189 1459 1258 1511 τὰ
1282 1457 1452 1524 ἐγγὺς
1480 1456 1679 1509 ἀποκο-

105 1556 253 1615 πτζν,
287 1546 397 1626 ἑνῇ
417 1550 709 1615 ἐκαθέζετο
728 1554 755 1603 ό
786 1552 977 1622 μικρός
1003 1550 1253 1620 βασιλεὺς
1281 1549 1373 1601 καὶ
1403 1547 1452 1599 οἱ
1475 1544 1673 1609 λοιποὶ,

106 1643 419 1712 μάγιστροι.
473 1642 793 1707 ἁνθύπστοι,
850 1643 1153 1712 πατρίκιοι,
1188 1640 1525 1711 ὀφφικιάλιοι
1582 1637 1676 1690 καὶ

104 1734 609 1804 πρωτοσπαθάριοι,
646 1733 830 1796 καθὼς
876 1734 967 1787 καὶ
996 1734 1056 1786 τὸ
1088 1733 1347 1787 τακτικὸν
1392 1734 1673 1803 κλητωρο-

101 1827 278 1893 λόγιω
310 1826 634 1895 διαγορεύει.
678 1823 894 1889 Ίστέον,
922 1824 1003 1878 ὅτι
1029 1824 1121 1877 ἐπὶ
1155 1823 1373 1894 Μιχαὴλ
1398 1824 1491 1877 τοῦ
1521 1824 1672 1895 φιλο-

1784 636 1856 688 illi
1894 646 2121 705 surgunt
2147 639 2211 692 de
2243 652 2428 691 mensa
2455 646 2510 692 et
2536 637 2877 691 satisfaciunt
2898 636 3130 699 saximo,
3161 649 3362 702 partem

1781 741 1938 779 suam
1974 728 2236 783 saltantes
2264 738 2317 782 ct
2344 729 2469 782 dein
2496 730 2722 782 redeunt
2755 730 2818 782 ad
2846 743 3115 795 mensam,
3145 742 3219 794 et,
3246 747 3369 800 per-

1784 822 2030 876 mittente
2066 822 2423 890 imperatore,
2448 837 2636 875 rursas
2666 820 2730 875 ad
2774 836 2890 876 eam
2920 824 3182 883 assident,
3208 825 3371 891 quis-

1778 929 1883 983 que
1907 916 1959 967 in
1982 915 2160 968 locoet
2180 915 2368 968 ordine
2400 928 2519 969 suo.
2542 914 2625 977 lli,
2660 930 2794 984 quos
2819 915 3371 985 diximus,magistta-

1781 1016 1867 1059 tus
1888 1005 2088 1058 intrant
2104 1004 2316 1072 quidem
2336 1006 2497 1061 simul
2518 1022 2703 1061 omnes
2725 1007 2776 1060 in
2798 1006 3060 1060 saximum
3078 1008 3358 1060 etordiun~

1780 1107 1865 1151 tur
1897 1098 2057 1149 simul
2103 1112 2292 1151 omnes
2322 1098 2611 1168 tripudium
2651 1108 2742 1159 ;a'.
2779 1100 2867 1152 ubi
2922 1099 2988 1151 ad
3036 1099 3364 1153 conciuenda

1780 1195 2049 1251 poemata,
2089 1186 2192 1238 hoc
2209 1195 2292 1239 est
2320 1186 2566 1240 basilicia
2596 1188 2877 1251 brnntalii,
2911 1200 3229 1257 perventum
3260 1201 3364 1248 est.

1778 1288 1883 1325 non
1910 1289 2061 1343 atque
2083 1285 2492 1329 cauuntomues
2536 1276 2719 1339 simul,
2772 1275 2882 1338 sed,
2926 1291 3146 1330 seceSsu
3197 1274 3365 1337 facta,

1778 1381 1873 1435 per
1893 1368 2097 1421 classes
2118 1378 2173 1421 et
2203 1369 2552 1437 antiphouias
2570 1368 2927 1422 alternantes.
2952 1367 3011 1420 E.
3045 1384 3117 1430 c.,
3149 1369 3369 1435 quando

1778 1459 2024 1529 magistri
2054 1470 2107 1512 et
2135 1460 2223 1528 qui
2255 1461 2322 1513 ad
2355 1476 2543 1515 eorum
2570 1460 2800 1514 classem
2828 1460 3102 1529 pertinent
3124 1462 3367 1512 canendo

1775 1565 1933 1604 suum
1962 1565 2185 1620 pensum
2211 1552 2586 1616 absolverunt,
2607 1561 2733 1605 tunc
2758 1551 3023 1618 incipiunt
3042 1550 3365 1608 cubicularii

1773 1644 1939 1712 et;qni
1971 1646 2036 1696 ad
2062 1659 2249 1698 eorum
2284 1645 2514 1698 classem
2541 1643 2836 1713 pertinent.
2875 1643 2966 1696 llis
3003 1657 3190 1696 rursus
3217 1643 3364 1693 (lesi-

1776 1734 2049 1799 nentibus,
2089 1734 2357 1802 incipiunt
2389 1736 2743 1804 proconsules
2776 1734 2989 1802 patricii
3018 1742 3072 1786 et
3104 1734 3170 1787 ad
3204 1733 3356 1787 illam

1777 1826 2008 1880 classem
2042 1838 2357 1896 spectantes
2399 1827 2644 1881 hasilicia
2698 1827 2947 1881 brumalii
2987 1826 3091 1879 sibi
3142 1828 3361 1895 propria

101 1920 322 1988 χρίστου
364 1893 626 1973 δεσπότου
655 1917 750 1971 τοῦ
791 1916 910 1971 υίοῢ
955 1893 1548 1989 Θεοφίλου,χειμῶνοέ
1579 1935 1666 1985 γε·

1779 1936 1988 1975 canere.
2023 1920 2149 1975 Post
2175 1921 2404 1990 primaut
2439 1920 2578 1973 hanc
2610 1921 2842 1974 classem
2873 1932 3161 1986 procerum
3197 1920 3363 1970 intrat

102 2012 319 2076 γονότος
361 2028 425 2079 με
442 2010 619 2078 (dicit,
652 2009 841 2080 βιαίων
891 2025 950 2062 τε
982 2010 1203 2080 ἀνέμων
1253 2011 1676 2079 ὲμπνευσάντων

104 2105 193 2176 καὶ
225 2104 430 2172 πολλῆς
463 2105 641 2174 χιόνος
670 2102 1109 2173 κατενεχθείσης,
1133 2102 1331 2166 ἇὸατος
1358 2105 1391 2173 ἡ
1429 2101 1520 2156 τοῦ
1557 2120 1673 2175 τρι-

104 2199 301 2267 κόγχου
326 2196 439 2267 (51)
474 2196 710 2266 μυστικὴ
738 2195 905 2264 φιάλη
946 2194 1191 2262 γέγονεν,
1225 2195 1318 2246 καὶ
1357 2195 1417 2247 οὐ
1470 2194 1670 2263 κατῆλ-

99 2290 184 2343 θον
212 2292 267 2343 οἵ
294 2305 353 2341 τε
388 2288 699 2359 μάγιστροι,
740 2285 1062 2351 ἀνθύπατοι,
1105 2287 1383 2358 πατρίκιοι
1414 2287 1515 2355 τῆς
1544 2304 1673 2353 συγ-

103 2381 299 2449 κλήτου
333 2396 390 2432 τε
415 2381 507 2433 καὶ
530 2379 581 2431 οἱ
603 2377 695 2431 τοῦ
722 2376 1103 2431 κουεουκλείου
1130 2379 1332 2441 πάντες
1383 2377 1449 2430 τὰ
1474 2376 1672 2430 είθῶτα

106 2471 171 2539 τῷ
205 2469 527 2541 βρουμαλίῳ
576 2469 966 2539 πανηγυρίσαι,
1033 2467 1168 2522 ἀλλὰ
1218 2470 1436 2522 πάντων
1482 2473 1540 2522 ὲν
1597 2469 1673 2539 τῷ

100 2561 185 2614 τοῦ
219 2559 521 2613 λαυσιακοῦ
545 2559 800 2628 τρικλίνῳ
829 2556 1199 2619 εἰσελθόντων,
1222 2557 1444 2628 ἐξῆλθεν
1467 2560 1494 2611 ό
1512 2575 1673 2631 πραι-

100 2654 358 2715 πόσιτος,
412 2654 505 2704 καὶ
582 2650 1022 2721 προσεκαλέσατο
1083 2651 1208 2713 τούς
1262 2650 1672 2721 προρῤηθέντας

99 2745 328 2807 πάντας,
356 2744 447 2795 καὶ
475 2743 655 2810 ἵστησι
677 2742 784 2810 πρὸ
806 2742 903 2811 τῆς
934 2740 1106 2811 πύλης
1126 2741 1220 2794 τοῦ
1238 2741 1530 2795 λαυσιακοῦ
1554 2761 1673 2815 τρι-

97 2834 275 2888 κὶίνου
328 2836 426 2902 τῆς
478 2832 802 2901 είσαγούσης
856 2836 914 2885 ἐν
970 2833 1050 2903 τῷ
1078 2832 1175 2887 τοῦ
1224 2836 1670 2906 χρυσοτρικλίνου

98 2928 355 2999 πόρτηκι,
410 2927 577 2996 ἧγουν
627 2927 686 2978 ὲν
723 2925 800 2994 τῷ
855 2926 1157 2995 ὼρολογίῳ,
1224 2928 1318 2981 καὶ
1369 2928 1592 2997 ἐξῆλθεν
1644 2931 1673 2983 ὁ

98 3019 613 3091 πρωτοϐεστιάρισς,
632 3018 724 3070 καὶ
746 3017 1041 3071 ἐπιδέδωκε
1067 3016 1142 3087 τῷ
1167 3016 1366 3088 πρώτῳ
1387 3020 1672 3091 μαγίστρῳ

95 3112 151 3162 τὸ
174 3112 333 3164 ’κατὰ
378 3111 545 3163 τύπον
584 3108 949 3178 ἁποκόμϐιον,
996 3110 1091 3162 καὶ
1124 3111 1545 3180 εὐφημήσαντες
1572 3114 1671 3177 τὰς

1777 2013 1829 2067 in
1853 2013 2385 2067 saximumsecunda
2440 2010 2633 2065 classis
2691 2009 3104 2078 magistratuum
3156 2017 3364 2077 tagnta-

1776 2115 1886 2159 tnm
1914 2118 2008 2157 seu
2031 2103 2276 2157 ordinum
2314 2101 2655 2167 militarium,
2701 2112 2757 2154 ut
2779 2099 3111 2162 scholarum,
3137 2100 3359 2153 arithmi

1772 2204 1824 2249 et
1851 2202 2217 2257 numerorum,
2253 2194 2412 2249 simul
2471 2204 2525 2247 et
2554 2194 2608 2247 in
2638 2207 2746 2245 uno
2778 2205 3005 2261 corpore
3040 2205 3057 2242 :
3094 2191 3146 2244 in
3190 2189 3363 2243 al-ero

1774 2296 1950 2341 autem
1999 2300 2233 2354 corpore
2280 2286 2488 2340 intrant
2543 2284 2899 2354 magistratus
2961 2283 3343 2338 excubitc‘rtnu

1774 2377 2146 2431 hicanatorum
2168 2376 2545 2445 etimperialis
2582 2377 2769 2446 ploimi
2802 2389 2895 2430 seu
2950 2376 3160 2428 militim
3195 2388 3360 2428 uara-

1775 2465 1862 2527 lis.
1900 2468 1962 2523 lli
1996 2484 2190 2523 omnes
2236 2468 2514 2538 accipiunt
2542 2470 2593 2521 in
2630 2467 2845 2522 saximo
2901 2468 3222 2537 apocombia
3265 2483 3360 2534 per

1777 2576 1978 2615 mensa:
2008 2559 2345 2631 praelectum,
2384 2558 2742 2628 laudibusque
2786 2568 2843 2614 ει
2890 2560 3032 2613 rotis
3078 2560 3356 2613 dominum

1773 2652 2119 2721 faustumque
2187 2662 2348 2721 atque
2426 2652 2724 2705 solemnem
2788 2650 3039 2706 brumalii
3107 2652 3175 2704 ab
3239 2651 3358 2719 ipso

1773 2745 2030 2801 celebrati
2062 2744 2205 2798 diem
2253 2751 2678 2812 prosequuntur.
2707 2742 2820 2796 Sub
2863 2742 3043 2796 Leone
3078 2741 3354 2796 Christum

1773 2849 1991 2892 amante
2019 2838 2237 2892 domino
2261 2846 2416 2908 typus
2446 2837 2724 2890 obtinebat
2757 2836 2844 2890 hic
2871 2851 2885 2887 :
2920 2836 3107 2888 Altero
3134 2835 3355 2888 bruma-

1775 2932 1969 2985 liorum
2030 2931 2116 2984 die
2151 2930 2524 2984 collocabatur
2602 2930 2657 2983 in
2697 2928 2981 2998 prausorio
3018 2942 3122 2981 una
3171 2941 3356 2980 mensa

1774 3024 1983 3093 privata
2028 3038 2123 3091 pro
2149 3022 2324 3075 tribus
2369 3021 2481 3074 lere
2546 3020 2823 3074 missibus.
2858 3018 2932 3071 Eo
2957 3018 3041 3072 die
3069 3018 3138 3070 ibi
3172 3019 3357 3070 conri-

1776 3117 2043 3170 vabantur
2096 3113 2334 3166 maximo
2406 3110 2719 3179 imperatori
2770 3113 3015 3164 conviva:
3059 3111 3351 3175 ordinarii,

95 3200 151 3265 ἐξ
176 3201 337 3262 ἔθους
365 3203 478 3259 τοῖς
531 3198 843 3269 βασιλεῦσιν
872 3200 1149 3269 εὐφημίας
1202 3196 1364 3272 (ἦσαν
1393 3202 1448 3255 δὲ
1484 3205 1577 3256 καὶ
1604 3203 1670 3256 τὰ

1782 3210 2121 3280 potissimum
2154 3206 2454 3259 familiares
2487 3204 2792 3258 intimiores
2818 3212 2871 3257 et
2900 3201 3158 3256 alliuitate
3178 3202 3355 3269 juncti

93 3295 155 3359 τῇ
186 3293 374 3362 ἡμέρᾳ
400 3292 493 3344 τοῦ
526 3290 852 3362 βρουμαλέου
893 3292 1203 3362 ἁρμόζοντα
1223 3294 1543 3366 ποιήματα),
1571 3296 1665 3349 καὶ

97 3382 321 3449 ἐξῆλθον
358 3382 434 3451 μὴ
488 3382 725 3452 ἅψαντες
757 3382 983 3453 κηρούς.
1024 3383 1082 3435 Ὀ
1110 3383 1166 3436 δὲ
1212 3383 1533 3453 δομέστικος
1559 3387 1667 3441 τῶν

99 3469 305 3539 σχολῶν
332 3472 429 3524 καὶ
459 3473 488 3523 ό
516 3470 834 3541 δομέστικος
859 3470 969 3523 τῶν
1006 3469 1332 3535 ὲξκουῦίτων
1394 3478 1488 3528 καὶ
1518 3477 1546 3529 ό
1577 3476 1667 3530 δο-

100 3562 356 3627 μέστικος
382 3560 489 3614 τῶν
508 3561 775 3615 ίκανὰτων
801 3562 916 3631 ἆμα
944 3561 1053 3615 τῶν
1070 3566 1431 3632 ταγματικῶν
1458 3568 1664 3637 κατῆλ-

98 3651 183 3702 θον
244 3653 306 3704 ὲν
335 3655 403 3723 τῇ
449 3651 788 3723 θερμάστρᾳ.
829 3652 887 3705 '0
915 3652 1025 3721 γὰρ
1046 3653 1405 3726 δρουγγάριος
1451 3658 1548 3729 τῆς
1580 3658 1661 3729 βί-

93 3742 222 3807 γλας
284 3743 348 3794 ὲν
403 3742 482 3813 τῷ
533 3744 855 3814 ἱπποδρόμῳ
907 3739 977 3815 ἦν
1009 3746 1295 3812 φυλάττων
1323 3749 1422 3817 τὴν
1469 3750 1664 3803 ἑαυτοῦ

93 3834 240 3898 τάξιν
262 3852 277 3866 -
312 3836 343 3886 ὁ
372 3834 427 3888 δὲ
446 3834 802 3906 σακελλάριος
825 3836 1096 3905 κατῆλθεν
1125 3838 1183 3889 ὲν
1206 3842 1270 3909 τῇ
1299 3840 1436 3910 αὐτῇ
1461 3839 1666 3912 θερμά-

96 3939 249 3995 στρᾳ,
285 3926 383 3978 καὶ
409 3924 735 3978 ἐπιδέδωκεν
768 3925 847 3995 τῷ
887 3925 1195 3995 δομεστίκῳ
1229 3927 1335 3980 τῶν
1364 3929 1567 3998 σχολῶν
1609 3932 1668 3983 τὸ

92 4014 454 4086 ἀποκόμ6ιον,
482 4017 575 4070 καὶ
603 4018 929 4089 εὐφήμησαν
944 4019 971 4072 ὅ
991 4035 1049 4071 τε
1072 4019 1389 4090 δομέστικος
1410 4021 1505 4075 καὶ
1530 4024 1665 4077 πάν-

92 4123 177 4169 τες
207 4108 256 4159 οἱ
288 4106 402 4160 τῶν
458 4108 753 4177 ταγμάτων
776 4109 876 4172 τὰς
904 4109 964 4173 ἐξ
996 4109 1155 4173 ἔθους
1181 4114 1296 4173 τοῖς
1344 4111 1662 4182 βασιλεῦσ;ν

95 4196 396 4266 εὐφημίας,
423 4198 638 4268 ᾅδοντες
664 4199 759 4252 καὶ
790 4199 858 4253 τὰ
902 4204 966 4269 τῇ
993 4201 1179 4274 ἡμέρᾳ
1205 4202 1297 4257 τοῦ
1332 4202 1664 4275 βρουμαλίου

92 4288 403 4357 ἁρμόζοντα
437 4291 737 4360 ποιήματα.
774 4287 887 4343 Εἶθ’
922 4291 1094 4356 οὕτως
1122 4294 1354 4349 ἀπίεσαν
1379 4297 1434 4350 οἵ
1470 4314 1527 4351 τε
1561 4302 1666 4369 μά-

91 4401 325 4454 γιστροι,
348 4383 671 4449 ἀνθύπατοι,
690 4387 970 4455 πατρίκιοι
997 4387 1092 4439 καὶ
1120 4389 1474 4460 συγκλητικοὶ
1498 4392 1668 4445 ἃπαν-

96 4490 204 4536 τες,
244 4475 348 4528 καὶ
407 4476 457 4526 οί
487 4474 580 4527 τοῦ
626 4474 1031 4541 κουὸουκλείου,
1082 4476 1313 4542 ἕκαστος
1343 4482 1401 4532 ὲν
1461 4483 1525 4551 τῇ
1560 4481 1666 4551 ἰδία

1775 3301 2039 3374 magistri,
2096 3296 2392 3368 prmpositi,
2429 3294 2781 3366 proconsules
2821 3296 3035 3364 patricii
3075 3304 3129 3349 et
3158 3295 3355 3363 privati

1772 3391 2220 3469 protospatharii,
2256 3389 2457 3457 aliique
2489 3388 2709 3456 quidam
2740 3389 2854 3441 noti
2899 3398 2953 3440 et
2979 3388 3135 3440 amici
3187 3389 3355 3456 impe-

1773 3488 1965 3546 ratori.
1993 3484 2050 3540 In
2083 3483 2277 3540 illustri
2311 3492 2491 3536 autem
2535 3478 2827 3535 .lustiuiaui
2854 3481 3086 3536 triclinio
3124 3483 3355 3536 colloca-

1770 3583 1929 3636 batur
1952 3577 2054 3631 alia
2094 3575 2299 3645 privata
2333 3588 2514 3627 mensa
2540 3588 2637 3642 pro
2685 3588 2777 3627 sex
2829 3584 2921 3626 aut
2969 3576 3352 3642 propemodum

1772 3670 2046 3733 missibus;
2076 3665 2349 3720 assidebat
2373 3664 2443 3717 ibi
2468 3663 2767 3733 imperator
2789 3663 2973 3729 junior
3005 3661 3359 3735 [Alexanlcrl

1769 3771 1824 3816 ει
1859 3757 2048 3826 reliqui
2086 3755 2354 3824 magistri,
2392 3755 2769 3823 proconsules,
2802 3754 3044 3822 patricii,
3079 3753 3337 3807 oﬂiciales

1769 3862 1822 3907 et
1850 3847 2293 3921 protospatharii,
2324 3856 2484 3914 prout
2513 3844 2704 3900 rituale
2749 3844 3123 3897 conviviorum
3164 3845 3352 3907 edicit,

1772 3942 1884 3997 Sub
1910 3938 2197 4003 Mieltaele,
2217 3936 2418 3990 Christi
2433 3944 2647 3987 amante
2666 3933 2901 3995 domino,
2926 3931 3352 4002 ﬁlioTlteopltili,

1768 4029 2117 4098 contingebat
2150 4027 2438 4097 aliquando
2472 4035 2716 4094 tempore
2768 4024 3159 4077 brumaliornm
3208 4039 3352 4077 θωνα

1772 4131 2083 4192 tempestas.
2127 4118 2422 4188 Spirabant
2460 4117 2809 4171 vehementes
2855 4116 2998 4169 venti
3030 4126 3085 4169 et
3125 4113 3355 4169 cadebat

1772 4214 1938 4269 multa
1970 4213 2082 4276 nix,
2116 4211 2187 4264 ita
2222 4218 2280 4263 ut
2322 4209 2601 4262 inaccessa
2650 4215 2800 4260 esset
2829 4206 3113 4259 triconcbii
3141 4217 3352 4260 secreta

1774 4304 1974 4376 phiala,
2006 4315 2180 4369 eoque
2220 4299 2547 4353 descendere
2598 4297 2661 4351 ad
2693 4297 2764 4351 ibi
2814 4296 3170 4350 celebrandas
3213 4298 3351 4350 ritus

1772 4396 1888 4462 ejus
1930 4391 2241 4447 festivitatis
2275 4404 2450 4458 neque
2483 4388 2749 4457 magistri,
2781 4388 3150 4453 proconsules,
3181 4389 3351 4453 patri-

1775 4487 1843 4539 cii
1906 4483 2112 4536 ordinis
2145 4478 2424 4541 senatorii,
2464 4492 2637 4545 neque
2664 4476 2739 4530 illi
2790 4476 2855 4530 de
2885 4476 3078 4530 ordine
3122 4475 3347 4529 cubicu-

92 4571 249 4623 αὐτοῦ
280 4570 456 4640 οἰκία,
485 4570 534 4622 οἱ
564 4570 622 4622 δὲ
654 4568 765 4623 τῶν
792 4570 1088 4640 ταγμάτων
1115 4571 1342 4637 ἕκαστος
1377 4576 1432 4627 ὲν
1461 4578 1526 4647 τῇ
1563 4576 1667 4648 ἰδίᾳ

1775 4576 2027 4631 lariurum
2053 4572 2216 4644 350
2245 4576 2481 4640 possent.
2509 4566 2913 4621 Conreniebant
2971 4565 3134 4634 igitur
3164 4579 3354 4619 omnes

92 4661 254 4714 αὐτοῦ
286 4660 464 4727 τάξει.
514 4662 730 4727 ’1στέον,
761 4662 919 4733 ὅτινή
960 4662 1071 4715 τῶν
1128 4661 1475 4734 βρουμαλίων
1529 4668 1669 4738 αὐτη

1775 4664 2069 4721 inlausiaci
2120 4660 2375 4716 triclinio.
2409 4658 2488 4713 Ad
2535 4673 2677 4728 quos
2724 4657 3108 4726 egrediebatur
3144 4669 3353 4723 praepo-

91 4754 239 4817 τάξις
279 4753 550 4825 ἠλλοιώθη
574 4756 666 4807 καὶ
692 4756 773 4817 είς
801 4754 863 4807 τὸ
900 4758 1096 4824 μηκέτι
1127 4751 1267 4810 εῖναι
1294 4759 1544 4832 παρήχθη
1581 4763 1672 4814 ἐπὶ

1775 4761 1927 4822 situs,
1959 4758 2358 4824 advocatosque
2387 4753 2689 4807 collocabat
2719 4759 2845 4821 ante
2886 4760 3097 4818 portam
3123 4747 3351 4802 lausiaci

91 4844 185 4913 τῆς
220 4843 504 4913 βασιλείας
541 4843 826 4915 Ῥωμανοῦ
889 4846 1172 4900 δεσπότου.
1204 4842 1372 4911 οὗτος
1391 4852 1501 4920 γὰρ
1543 4868 1677 4922 προ·

1775 4850 2021 4914 triclinii,
2073 4864 2192 4918 qua:
2235 4847 2287 4900 in
2361 4846 2631 4906 porticum
2701 4840 3125 4910 chrysotriclinii
3168 4851 3259 4892 aut
3300 4839 3356 4892 in

95 4938 337 5004 σχήματι
366 4936 412 4967 ’⁵
456 4936 761 5001 εὐλαϐείας,
800 4938 896 4991 καὶ
948 4938 1068 5008 οὐχὶ
1113 4940 1321 4994 δίκαιον
1346 4938 1486 4995 εἶναι
1532 4944 1673 4997 κατὰ

1775 4942 2115 5011 horologium
2158 4938 2287 4994 fert.
2321 4938 2395 4992 Eo
2437 4936 2600 4999 facto,
2650 4934 2835 4989 exibat
2866 4933 2932 4986 ad
2974 4932 3120 5000 ipsos
3164 4945 3353 5001 prato-

96 5026 160 5076 τὰ
219 5024 437 5078 παλαιὰ
468 5026 717 5096 ιθήματα
746 5026 997 5080 Αὐσόνων
1045 5028 1157 5082 (52ὶ
1193 5028 1483 5099 Ῥωμαίοις
1512 5033 1672 5103 βρουο

1775 5034 2063 5090 vestiarius
2090 5041 2143 5087 et
2168 5031 2331 5087 dabat
2366 5029 2540 5101 primo
2569 5028 2832 5096 magistro
2866 5034 3182 5081 consuetum
3222 5036 3355 5091 apo-

1361 5165 1590 5224 VARMS
1632 5169 2028 5228 LECTIO‘NES.

163 5253 209 5284 “
243 5251 389 5322 πρὸς
424 5253 661 5321 σχήματι
686 5253 809 5311 cod.
842 5264 895 5309 et
924 5254 1015 5309 ed.

1078 5369 1271 5428 JOAN.
1297 5371 1440 5428 JAC.
1468 5372 1726 5430 BEISKII
1757 5370 2326 5431 COMMENTARIUS.

163 5466 276 5538 (5|)
314 5465 678 5545 Tritonehum
715 5476 771 5522 et
808 5467 993 5535 Sigma
1029 5476 1084 5521 et
1124 5468 1308 5545 Phiala
1341 5469 1483 5525 idem
1499 5480 1678 5545 _sunt.
1781 5486 1878 5545 nes
1902 5540 1916 5545 _
1942 5479 1998 5545 ει
2065 5470 2159 5539 qui
2226 5471 2319 5545 alii
2373 5472 2677 5545 saltarent,
2744 5476 2902 5545 orbes
2953 5486 3174 5545 suarum
3232 5489 3352 5545 pyr-

101 5535 281 5605 Sigma
313 5545 437 5611 erat
477 5537 761 5591 aedilicium
795 5553 824 5591 a
855 5548 1005 5611 tergo
1049 5540 1367 5611 rotundum,
1394 5551 1453 5594 ut
1495 5540 1678 5609 Sigma
1782 5535 2115 5611 rhicrhiarum
2202 5543 2527 5597 cvolrehant
2577 5560 2592 5611 ;
2662 5535 2768 5599 uid.
2858 5544 3026 5599 Leon.
3111 5535 3357 5598 Gran'n'm-

102 5604 364 5680 iturarum
393 5604 726 5680 G_r:e_cortun,
754 5618 849 5680 aut
881 5606 921 5680 (ἰ
948 5606 1288 5672 Latinorum,
1341 5610 1515 5664 instar
1559 5604 1680 5663 ine-
1778 5626 1830 5680 p.
1884 5610 2005 5664 455.

101 5676 199 5755 dia:
227 5677 391 5757 lunae.
420 5675 524 5731 Sed
557 5679 625 5729 ab
655 5677 834 5757 antica
862 5678 1182 5757 distinctum
1206 5689 1325 5757 erat
1367 5682 1469 5735 hoc
1510 5680 1680 5757 aedili-
1851 5679 1989 5757 (_52)_
2026 5679 2348 5757 Plerumque
2394 5683 2517 5757 neri
2575 5680 2748 5739 Graeci
2777 5693 2957 5757 ante?
2995 5683 3249 5757 szecttlum
3301 5697 3354 5757 ιιι

104 5746 239 5823 cium
273 5746 329 5799 in
369 5754 502 5823 tres_
528 5746 764 5801 conchas
808 5762 901 5801 seu
947 5749 1185 5823 porticus
1214 5750 1267 5801 in
1302 5764 1514 5823 sununo
1546 5750 1681 5823 apsi-
1780 5746 1949 5823 italos
1978 5746 2685 5823 hocquouii'ueAdesignant,
2740 5755 2807 5808 ab
2849 5755 3087 5823 antiquis
3119 5754 3353 5807 Ausoni-

103 5813 270 5895 datas,
312 5829 345 5868 e
394 5816 588 5895 quibus
621 5813 958 5883 prospectus
983 5817 1206 5895 patebat
1250 5820 1316 5871 ad
1371 5813 1678 5895 oppqsit‘am
1779 5820 1900 5880 bus,
1929 5818 2065 5874 Latii
2098 5821 2310 5895 incolis,
2340 5813 2708 5895 Rontanorum
2739 5839 2931 5895 notuen
2954 5813 3053 5878 sibi
3075 5825 3352 5895 proprium

104 5880 344 5939 Phialam
377 5900 471 5940 seu
500 5880 675 5941 lacum
703 5880 1089 5956 marmoreum,
1123 5889 1268 5943 circa
1302 5880 1462 5958 qun-in
1493 5888 1680 5945 faetio-
1779 5899 2081 5945 servantes.
2117 5880 2377 5960 Agathias
2414 5906 2465 5961 p.
2495 5893 2585 5959 43,
2619 5892 2703 5960 18;
2739 5880 3352 5963 ConstantiuIPdqu-
