4152 6438
135 409 268 477 ιιιι

937 414 1034 474 DE
1062 412 1522 474 CERIMONIIS
1547 415 1768 475 AULE
1810 414 2253 473 ΒΥΖΑΝΤΙΝΕ
2294 415 2442 473 LIB.
2489 414 2575 474 II.

3262 415 3396 476 1142

131 521 376 594 μούλλων
407 523 468 587 ιξ
494 524 853 594 ἀντιστρόφου
885 525 1126 577 τιθέασιν
1158 524 1271 594 (65)
1311 528 1358 578 οἱ
1397 527 1721 595 κατέχοντες

1829 541 1946 580 rum
1982 525 2275 594 captivum,
2333 525 2436 580 sub
2479 525 2646 594 pedes
2709 523 3080 593 imperatoris.
3143 525 3209 579 Et
3273 536 3399 579 tunc.

129 613 267 667 αὐτὰ
299 613 591 678 ταξεῶται.
627 615 739 669 Καὶ
775 615 936 678 εὐθὺς
967 616 1274 685 προκύπτει
1302 618 1329 670 6
1371 617 1582 687 ψάλτης
1618 618 1711 670 καὶ

127 706 273 774 λέγει
306 707 672 776 προκείμενον
701 725 718 740 ο
755 727 772 758 ι
811 707 906 771 Τίς
951 708 1084 772 Θεὸς
1139 709 1333 778 μέγας,
1388 709 1463 772 ὡς
1515 713 1543 761 6
1582 709 1709 773 Θεὸς

128 798 318 866 quas;
357 797 428 849 Σὺ
455 793 504 849 εἷ
529 799 558 849 6
587 796 720 860 Θεὸς
750 798 777 850 6
814 798 983 849 ποιῶν
1016 797 1315 867 θαυμάσια.
1339 819 1354 848 ι
1395 795 1508 852 Εἶθ’
1541 797 1711 862 οὕτως

127 889 337 955 γίνεται
368 887 628 958 ἡμεγάλη
665 889 857 958 ὲκτενὴ
882 890 987 952 ἕως
1012 888 1105 942 τοῦ
1142 907 1156 922 ·
1217 909 1234 942 ι
1279 888 1573 955 ’Υποτάξαι
1609 892 1714 944 ὑπὸ

128 981 252 1042 τοὺς
281 980 450 1042 πόδας
464 981 644 1034 αὐτῶν
663 981 840 1035 πάντα
861 980 1054 1050 ἐχθρὸν
1072 983 1168 1034 καὶ
1214 983 1487 1052 πολέμιον,
1526 1002 1545 1035 ι
1582 983 1714 1054 κρά-

128 1073 315 1136 ζοντος
350 1074 446 1126 τοῦ
462 1073 591 1126 λαοῦ
628 1081 678 1143 μ’
715 1073 826 1144 (66)
862 1074 922 1126 τό
960 1090 973 1103 °
1008 1092 1026 1124 ι
1055 1074 1253 1143 Κύριε,
1278 1076 1522 1146 ἐλέησον,
1563 1094 1580 1127 ›
1616 1079 1715 1131 καὶ

127 1163 284 1226 αὖθις
313 1165 734 1234 κεφαλοκλισίας
761 1168 1061 1238 γενομένης
1081 1169 1174 1221 καὶ
1225 1168 1320 1221 τοῦ
1371 1170 1714 1240 πατριάρχου

126 1256 396 1322 λέγοντος,
422 1276 439 1308 ι
462 1258 584 1310 Ὀτι
611 1259 856 1328 ἐλεήμων
877 1259 970 1312 κα)⁸
984 1257 1366 1330 φιλάνθρωπος
1383 1259 1515 1322 Θεὸς
1534 1259 1714 1330 ὑπάρ-

125 1363 264 1414 χεις,
279 1366 296 1397 ι
321 1349 414 1400 καὶ
435 1349 502 1402 τὰ
518 1347 669 1418 ἑξῆς,
688 1350 1005 1404 ἀνίστανται
1029 1353 1078 1404 οἱ
1102 1352 1314 1421 δέσμιοι
1335 1353 1424 1403 καὶ
1436 1351 1496 1404 ὃν
1517 1353 1717 1405 πατεῖό

133 1435 407 1502 βασιλεὺς,
474 1438 568 1489 καὶ
625 1438 1008 1508 ὀπισθοφανῶς
1056 1441 1360 1508 ἀπάγουσιν
1396 1441 1595 1505 αὐτοὺς
1625 1443 1719 1494 καὶ

132 1527 357 1579 ἱστῶσιν
387 1530 444 1580 ὲν
471 1521 514 1596 ᾧ
553 1529 704 1598 τόπῳ
735 1529 976 1583 ἵσταντο.
1001 1531 1064 1584 Οἱ
1125 1531 1181 1583 δὲ
1211 1531 1273 1600 δη
1285 1531 1464 1600 μῶται
1488 1532 1596 1584 τῶν
1626 1533 1720 1585 δύο

128 1619 334 1688 μερῶν,
375 1622 467 1671 καὶ
494 1622 542 1672 oi
574 1620 664 1672 τοῦ
705 1621 964 1692 ἰριθμοῦ,
998 1622 1091 1674 καὶ
1119 1624 1166 1673 οἱ
1193 1622 1291 1691 τῆς
1317 1623 1604 1694 βασιλικῆς
1629 1626 1720 1677 οὑ-

129 1710 252 1773 σεας
316 1711 527 1775 ἐλάται,
556 1713 650 1764 καὶ
676 1715 724 1764 oi
749 1713 1214 1780 ψάλταιῖστανται
1249 1715 1391 1767 κατὰ
1427 1714 1597 1768 τύπον
1628 1717 1722 1768 άν-

125 1805 292 1871 τεκρὺ
315 1803 421 1854 τῶν
449 1804 744 1868 δεσποτῶν,
778 1804 1025 1873 δηλονότι
1053 1804 1253 1870 ἔξωθεν
1292 1805 1392 1874 τῆς
1436 1822 1720 1858 κιονοστα-

1824 617 2054 684 imponit
2082 617 2380 687 imperator
2421 618 2612 685 pedem
2655 631 2810 671 suum
2846 617 3094 671 dextrum
3151 617 3269 686 ejus
3311 633 3400 671 ca-

1825 707 1917 774 piti
1952 727 1964 759 :
2001 715 2364 776 protostrator
2410 716 2587 761 autem
2644 705 2874 775 imponit
2905 707 3140 776 jacentis
3199 705 3399 762 cervici

1825 797 2036 849 hastam
2066 798 2424 866 imperialem,
2465 811 2624 865 quam
2663 798 2777 866 ipse
2810 798 3107 867 imperator
3134 812 3230 851 sua
3263 810 3401 865 quo-

1823 903 1928 959 que
1949 890 2137 943 dextra
2174 890 2626 960 comprehensam
2673 899 2836 945 tenet.
2873 890 2951 944 Eo
2992 889 3158 955 iacto,
3198 889 3402 957 cadunt

1825 981 2004 1035 caeteri
2047 981 2242 1049 captivi
2290 996 2480 1035 omnes
2540 981 2790 1049 protinus
2845 982 2896 1034 iu
2953 992 3153 1035 terram
3213 983 3402 1050 proai;

1827 1073 2103 1139 hastaeque
2138 1069 2487 1125 etﬂammula
2522 1073 2764 1139 ipsorum
2819 1071 3040 1125 humum
3079 1085 3268 1126 ver5us
3319 1072 3402 1123 in-

1827 1163 2024 1216 clinata
2054 1163 2401 1216 invertuntur
2454 1163 2506 1215 in
2545 1175 2710 1232 caput
2744 1179 2773 1217 a
2805 1160 3182 1218 cohortalibus
3218 1163 3404 1216 militi-

1827 1256 1946 1317 bus,
1973 1253 2065 1322 qui
2097 1252 2186 1308 illa
2237 1260 2442 1308 tenent.
2485 1253 2681 1308 Statim
2746 1263 2876 1309 tunc
2937 1254 3182 1323 procedit
3247 1262 3402 1307 extra

1828 1346 2050 1400 chorum
2090 1360 2243 1400 suum
2286 1361 2425 1401 unus
2471 1356 2779 1412 cantorum,
2833 1356 2886 1401 et
2926 1346 3242 1416 pronuntiat
3276 1362 3406 1414 pro-

1828 1437 2059 1506 positum
2098 1434 2214 1508 [seu
2251 1437 2452 1490 dictum
2479 1435 2758 1492 ePsalmis
2787 1437 3057 1491 Davidicis
3079 1446 3401 1506 excerptum

1829 1525 2081 1594 praesenti
2108 1525 2253 1579 actui
2288 1525 2612 1598 congruum]
2649 1545 2662 1580 :
2700 1545 2719 1578 ι
2776 1524 2911 1592 Quis
2974 1533 3058 1580 est
3122 1523 3262 1579 Deus
3295 1538 3409 1577 ma-

1829 1629 1986 1684 gnus,
2019 1624 2078 1668 ut
2111 1613 2250 1670 Deus
2284 1617 2512 1669 noster?
2546 1616 2624 1671 Tu
2665 1631 2724 1672 es
2774 1616 2915 1671 Deus
2967 1616 3174 1671 faciens
3229 1616 3396 1669 mira-

1831 1705 1980 1760 bilia.
2017 1723 2036 1757 ›
2069 1705 2196 1761 Post
2222 1707 2339 1761 haec
2363 1705 2506 1762 dicta
2561 1709 2621 1760 tit
2665 1716 2888 1762 extensa
2958 1722 3173 1776 magna,
3234 1707 3408 1760 donec

1833 1798 2182 1866 perveniatur
2220 1799 2286 1852 ad
2338 1798 2550 1854 verba:
2595 1816 2614 1850 ι
2672 1799 2851 1853 Donec
2901 1797 3238 1868 suppusuerit
3309 1796 3410 1851 sub

128 1893 255 1953 σίας
284 1892 375 1944 τοῦ
435 1892 611 1957 δεξιοῦ
673 1894 877 1964 μέρους
927 1895 1038 1946 τῶν
1097 1895 1395 1962 δεσποτῶν,
1455 1896 1547 1948 ἐπὶ
1602 1898 1723 1959 ταῖς

1829 1892 1992 1959 pedes
2018 1888 2254 1959 ipsorum
2297 1904 2513 1945 omnem
2553 1890 2830 1949 inimicum
2871 1901 2927 1946 et
2979 1900 3248 1944 armatum
3309 1904 3406 1957 ag-

127 1985 311 2032 ὲκεῖσε
349 1982 578 2042 λιῦίναις
611 1988 837 2053 μικραῖς
867 1984 1226 2054 άναὸάθραις,
1250 1987 1346 2038 κα)⁵
1391 1986 1480 2039 διά
1509 1987 1716 2056 νεύμα-

126 2091 221 2135 τος
285 2073 378 2126 τοῦ
444 2077 807 2144 πραιποσξτου
865 2077 1127 2146 ἄρχονται
1179 2078 1451 2146 εὐφημεῖν
1496 2078 1711 2142 οὕτως’

133 2180 146 2208 ι
201 2160 378 2212 Πολλὰ
419 2163 484 2212 τὰ
517 2161 610 2232 ἔτη
643 2161 748 2215 τῶν
785 2163 1068 2232 βασιλέων,
1107 2183 1125 2216 ι
1159 2172 1228 2233 γ’.
1279 2186 1297 2217 ι
1348 2167 1405 2219 ὐ
1451 2167 1596 2222 δεῖνα
1628 2169 1724 2221 καὶ

124 2256 150 2301 ὁ
173 2250 327 2302 δεῖνα
373 2252 626 2320 μεγάλων
650 2254 914 2322 βασιλέων
949 2257 1044 2308 καὶ
1083 2256 1501 2328 αὐτοκρατόρων
1535 2259 1707 2313 πολλὰ

127 2342 194 2393 τὰ
236 2340 357 2408 ἔτη,
397 2360 412 2390 ι
455 2349 525 2410 γ’.
578 2360 595 2393 ι
641 2341 1068 2414 Θεοπροόλήτων
1124 2344 1389 2414 βασιλέων
1430 2346 1598 2400 πολλὰ
1659 2348 1724 2400 τὰ

126 2431 244 2501 ἔτη,
276 2452 294 2482 ι
319 2431 386 2499 Υ.
413 2451 427 2483 ι
450 2433 907 2504 Θεοκυόερνὴτων
930 2435 1193 2506 βασιλέων
1220 2439 1392 2492 πολλὰ
1405 2438 1581 2512 ets-.1;
1607 2459 1625 2493 ι
1648 2440 1717 2507 γ’.

128 2522 607 2591 Κοσμοσυστάτων
648 2524 908 2594 βασιλέων
935 2527 1107 2580 πολλὰ
1138 2529 1206 2581 τά
1235 2529 1357 2600 ἐτη,
1400 2549 1419 2584 ι
1447 2537 1514 2598 γ’.
1555 2550 1572 2584 ι
1619 2533 1726 2584 Κο-

129 2615 499 2684 σμοποθήτων
533 2616 829 2686 βασιλέων,
883 2638 902 2671 ι
931 2626 997 2688 γ’.
1025 2638 1043 2671 ι
1091 2621 1508 2692 Ἀνδρειοτάτων
1575 2625 1729 2694 βασι-

130 2707 273 2759 λέων
306 2708 480 2761 πολλὰ
509 2708 578 2762 τά
607 2709 725 2780 ἐτη,
769 2727 788 2762 ο
827 2717 897 2778 γ’.
934 2730 951 2762 ι
990 2712 1247 2779 Νικητῶν
1261 2713 1525 2783 βασιλέων
1559 2716 1730 2768 πολλὰ

128 2801 197 2852 τὰ
227 2800 346 2869 ἐτη,
390 2820 406 2850 ι
443 2799 514 2867 γ’.
553 2819 572 2852 ι
619 2801 1061 2872 Ἐχθρελέγκτων
1125 2804 1388 2874 βασιλέων
1421 2806 1615 2860 πολλὰ
1662 2807 1730 2862 τὰ

129 2892 252 2958 ἔτη.
285 2909 304 2941 ι
340 2889 409 2958 γ’.
439 2910 455 2942 ι
485 2893 858 2945 Πλουτοποιῶν
877 2893 1140 2962 βασιλέων
1170 2896 1340 2949 πολλὰ
1370 2897 1437 2950 τὰ
1466 2897 1583 2966 ἔτη,
1607 2918 1624 2951 ι
1657 2906 1726 2966 γ’.

132 3001 151 3034 ι
177 2982 509 3053 Ὀρθοδὸξων
533 2983 802 3053 βασιλέων
829 2985 1000 3038 πολλὰ
1029 2988 1096 3039 τὰ
1125 2987 1248 3056 ἔτη,
1294 2996 1368 3056 γ’.
1404 3009 1420 3041 ι
1455 2990 1548 3042 Υἱὲ
1571 2990 1727 3059 Θεοῦ,

129 3075 281 3145 ζωὴν
303 3076 511 3140 αὐτοῖς,
540 3095 556 3126 ι
577 3082 647 3144 γ’.
668 3096 686 3129 ι
706 3078 801 3131 Υἱὲ
824 3077 985 3144 Θεοῦ,
1009 3079 1442 3148 συμϐασξλευσον
1470 3082 1676 3149 αὐτοῖς,
1705 3104 1723 3135 ι

140 3172 210 3232 γ’.
281 3185 298 3216 ι
339 3166 438 3218 Υἱὲ
484 3165 646 3230 Θεοῦ,
710 3167 936 3238 χάρισαι
984 3170 1115 3238 ἡμῖν
1153 3171 1357 3237 αὐτοῖς,
1390 3190 1407 3223 ι
1445 3170 1514 3239 γ’.
1578 3193 1596 3225 ι
1634 3174 1731 3227 Υἱὲ

1828 1995 2155 2051 gressorem.
2199 1998 2217 2031 ι
2256 1979 2466 2034 interea
2500 1982 2658 2036 iterat
2684 1981 2934 2051 populus,
2974 1995 3071 2051 per
3120 1978 3403 2034 intervalla

1828 2073 2189 2143 quadraginta
2241 2071 2453 2128 vicibus
2496 2073 2782 2128 clamans:
2822 2091 2842 2124 ‹
2882 2073 3050 2142 Kyrie
3098 2072 3338 2136 cleison;
3383 2090 3402 2124 ι

1830 2179 2016 2219 rursus
2044 2165 2101 2218 ﬁt
2127 2164 2302 2219 oratio
2336 2179 2460 2218 cum
2498 2164 2679 2220 vultus
2712 2179 2902 2218 versus
2939 2174 3138 2218 terram
3171 2163 3410 2217 declina-

1832 2259 2016 2323 tione;
2051 2256 2361 2325 patriarcha
2397 2257 2560 2311 verba
2590 2255 2905 2325 pronuntiat
2942 2272 2955 2310 :
2995 2273 3013 2305 ι
3055 2251 3193 2320 Quia
3239 2254 3407 2308 mise-

1829 2352 2004 2405 ricors
2029 2359 2086 2405 et
2133 2351 2414 2405 hominum
2461 2364 2650 2404 amans
2679 2347 2822 2403 Deus
2880 2363 2960 2412 es,
3010 2366 3028 2398 ι
3095 2356 3150 2401 et
3189 2356 3408 2400 caetera.

1829 2441 1983 2499 Tunc
2015 2455 2302 2512 resurgunt
2351 2443 2547 2512 captivi
2577 2450 2798 2504 eterra,
2837 2450 2890 2496 et
2920 2440 3010 2495 ille
3041 2453 3258 2508 quoque
3290 2440 3405 2506 pri-

1829 2535 2054 2600 marius,
2109 2548 2266 2603 quem
2319 2536 2616 2603 imperator
2674 2532 2867 2594 calcat,
2924 2540 3175 2599 retroque
3204 2528 3323 2584 illos
3352 2529 3405 2583 in

1831 2625 2056 2695 vestigia
2112 2640 2210 2680 sua
2266 2625 2416 2681 vultu
2464 2627 2721 2680 irretorto
2782 2623 3057 2678 abducunt
3112 2620 3260 2686 illuc,
3319 2621 3408 2676 ubi

1832 2717 1982 2789 prius
2011 2717 2258 2773 collocati
2289 2717 2528 2772 fuerant.
2557 2715 2851 2785 Populares
2882 2714 3164 2769 ambarum
3209 2712 3407 2766 tactio-

1832 2824 1959 2862 num
1994 2818 2047 2864 et
2075 2810 2278 2864 milites
2302 2809 2524 2862 arithmi
2553 2818 2609 2862 et
2639 2822 2920 2863 sacrorum
2970 2819 3263 2874 corporum
3315 2818 3408 2857 ve-

1831 2908 2010 2966 ctores
2044 2900 2280 2968 remiges
2307 2908 2362 2954 et
2393 2907 2669 2963 cantores,
2704 2906 2916 2952 stantes
2959 2912 2991 2952 ο
3045 2897 3268 2963 regione
3313 2893 3412 2948 do-

1833 2994 2130 3056 minorum,
2194 3007 2387 3062 nempe
2417 3001 2570 3046 extra
2613 3005 2800 3046 aream
2857 2989 3127 3043 columna:
3157 3003 3185 3040 a
3221 2988 3410 3040 dextra

1833 3093 1986 3152 parte
2019 3083 2384 3148 dominorum,
2430 3085 2482 3137 in
2514 3083 2706 3153 positis
2738 3082 2807 3135 ibi
2840 3083 3025 3150 parvis
3061 3077 3244 3135 saxeis
3285 3094 3411 3148 gra-

1835 3175 2011 3240 dibus,
2045 3175 2333 3244 iucipiunt,
2369 3186 2498 3228 nutu
2545 3172 2821 3244 praepositi
2853 3173 3140 3236 admoniti,
3173 3171 3253 3225 sic
3286 3171 3404 3223 lau-

129 3255 294 3321 Θεοῦ,
324 3258 452 3319 τοὺς
484 3258 709 3326 χρόνους
748 3259 926 3311 αὐτῶν
958 3258 1222 3329 πλήῦυνε,
1274 3281 1291 3313 ι
1318 3270 1423 3326 γ’.‹
1457 3264 1552 3317 Υἱὲ
1571 3264 1729 3331 Θεοῦ,

1838 3267 1994 3322 dibus
2022 3277 2076 3322 et
2120 3265 2600 3321 benedictionibus
2650 3266 3034 3333 imperatorem
3103 3262 3357 3332 prosequi
3397 3280 3412 3318 :

129 3347 448 3402 ἐπάκουσον
475 3349 653 3418 ἡμῶν,
688 3369 706 3401 ι
733 3348 802 3418 γ’.
833 3368 851 3401 ι
879 3350 1040 3415 Αὔξει
1073 3353 1106 3418 ὴ
1128 3353 1312 3417 πίστις
1341 3354 1450 3408 τῶν
1478 3357 1734 3424 Χριστια-

130 3443 265 3506 νῶν,
309 3461 328 3493 ι
368 3439 436 3509 γ’.
484 3460 502 3493 ι
542 3441 704 3506 Αὔξει
740 3445 773 3513 ἡ
824 3443 1069 3511 βασιλεία
1091 3445 1200 3499 τῶν
1233 3447 1544 3516 Ῥωμαίων,
1586 3467 1604 3500 ι
1652 3449 1722 3515 γ’.

136 3555 154 3585 ι
198 3533 430 3604 Λῦξειή
487 3532 611 3604 νίκη
663 3536 758 3588 καὶ
804 3536 1027 3606 εὐτυχία
1085 3536 1195 3590 τῶν
1251 3537 1557 3608 Ῥωμαίων,
1596 3558 1614 3589 ι
1655 3538 1723 3606 γ’.

135 3647 154 3677 ι
200 3626 370 3691 Αὔξει
399 3629 432 3696 ἡ
464 3628 683 3697 ἀνδρεία
709 3628 802 3682 τοῦ
827 3630 956 3682 λαοῦ
986 3631 1216 3701 Κυρίου,
1262 3650 1279 3681 ι
1314 3630 1386 3698 γ’.
1460 3650 1481 3681 ‹
1533 3632 1726 3701 ἰτΙμεῖς

131 3719 322 3772 δοῦλοι
378 3722 488 3774 τῶν
538 3721 826 3790 βασιλέων,
864 3721 932 3790 γ’.
970 3740 988 3774 ι
1043 3721 1102 3775 Ὀ
1146 3723 1294 3776 δεῖνα
1351 3723 1444 3776 καὶ
1509 3724 1536 3775 6
1579 3724 1728 3778 δεῖνα

1845 3378 1862 3411 ι
1899 3358 2044 3416 Multi
2081 3360 2187 3414 sint
2226 3362 2350 3413 anni
2387 3360 2812 3427 imperatorum;
2856 3375 2874 3408 ι
2912 3368 2994 3411 ter
3025 3356 3153 3410 illud
3189 3357 3411 3408 iterant.

1842 3471 1858 3503 r
1895 3451 2038 3505 Illius
2071 3462 2125 3504 et
2168 3450 2314 3504 illius
2341 3465 2368 3503 ο
2411 3451 2520 3503 Deo
2558 3453 2609 3504 in
2655 3467 2778 3505 eam
2832 3449 3150 3521 dignitatem
3195 3455 3414 3501 evecto-

1839 3560 1955 3598 rum
1995 3545 2383 3613 imperatorum
2426 3544 2579 3597 multi
2615 3545 2722 3598 sint
2749 3547 2895 3597 anni.
2939 3562 2957 3594 ι
2995 3543 3171 3595 Etiam
3205 3541 3306 3594 hoc
3334 3548 3416 3591 ter

1789 3709 1793 3714 φ
1839 3637 2063 3688 iterant.
2098 3655 2115 3686 ι
2148 3637 2189 3688 Α
2233 3636 2340 3690 Deo
2364 3637 2791 3705 gubernatorum
2843 3644 2898 3688 et
2941 3631 3416 3702 gubernandorum

1840 3726 2227 3796 impr-satorum
2262 3728 2414 3781 multi
2459 3728 2568 3782 sint
2624 3727 2792 3792 anni;
2834 3744 2850 3776 ι
2885 3735 2968 3779 ter
3003 3737 3255 3793 quoque;
3289 3721 3414 3774 item

1128 3859 1320 3916 JOAN.
1357 3861 1499 3917 JAC.
1532 3831 2393 3922 REISKIISCOMMENTARIUS.

212 3976 328 4038 (65)
357 3974 597 4027 lnversio
627 3988 903 4028 armorum
951 3982 1006 4028 et
1046 3974 1447 4029 ﬂammulorum
1499 3991 1593 4030 seu
1631 3977 1724 4031 ila-

135 4047 433 4108 hellorum,
470 4045 522 4097 id
545 4053 628 4099 est
649 4047 950 4111 signorum,
990 4044 1332 4112 signiticabat
1359 4046 1557 4113 partim
1592 4062 1719 4114 pro-

135 4116 440 4174 fessionem
487 4122 541 4167 et
584 4114 913 4183 agnitionem
974 4116 1277 4182 superioris
1333 4117 1458 4169 novi
1495 4117 1723 4180 domini,

132 4187 230 4239 cui
269 4185 431 4237 veluti
465 4183 519 4235 in
548 4183 912 4236 obedientiam
940 4183 1027 4236 illa
1057 4184 1488 4246 inclinabantur,
1518 4188 1716 4252 partim

133 4254 590 4325 degradationem
625 4255 825 4325 veteris
869 4254 1074 4325 domini
1122 4265 1176 4307 et
1204 4256 1588 4309 rescissionem
1630 4270 1722 4310 sa-

134 4322 413 4378 cramenti
455 4322 559 4390 ipsi
584 4323 714 4376 olim
752 4323 1000 4390 praestiti.
1037 4324 1114 4376 Ita
1159 4325 1287 4377 olim
1328 4337 1446 4390 post
1489 4335 1720 4378 mortem

134 4393 378 4461 Augusti
405 4393 456 4443 in
485 4392 605 4446 novi
632 4393 1046 4461 inauguratione
1075 4394 1488 4446 invertebantur
1517 4403 1722 4447 etster-

137 4464 423 4517 nebantur
454 4462 602 4514 humi
633 4462 787 4528 signa
825 4471 878 4514 et
919 4463 1108 4521 hastae,
1143 4462 1319 4515 donec
1353 4477 1494 4516 novo
1526 4477 1720 4516 renun-

137 4537 286 4586 tialo
309 4545 496 4583 rursus
523 4531 881 4599 erigerentur.
916 4531 1226 4584 lnversione
1267 4532 1352 4584 illa
1385 4532 1714 4599 proﬁteban-

138 4579 244 4656 is“;
257 4579 494 4662 arma;
528 4579 998 4667 meaemeae
1017 4579 1364 4654 manu};
1386 4579 1718 4654 :‘ga‘eﬁsae
1748 4579 1800 4637 D

135 4683 329 4725 autem
376 4671 716 4723 testabantur
758 4684 950 4725 recens
998 4671 1174 4724 electo
1214 4682 1620 4723 sacramentum
1664 4687 1722 4725 se

136 4743 336 4797 dicere
364 4739 681 4806 debitosque
710 4741 944 4793 honores
979 4740 1259 4794 exhibere.
1315 4738 1523 4793 Pariter
1580 4741 1631 4792 in
1666 4757 1723 4794 re

139 4809 409 4881 praesenti
444 4807 1198 4881 Saracenicorumdsiguorum
1227 4819 1281 4881 et
1315 4811 1622 4881 hastarum
1643 4811 1722 4861 in-

137 4879 401 4934 versione
426 4880 856 4945 signiﬁcabatur,
889 4879 1194 4932 Saracenos
1227 4880 1293 4932 ab
1312 4879 1457 4933 illius
1484 4879 1724 4932 dominio

138 4951 360 5005 solutos
383 4963 522 5009 esse,
561 4949 647 5002 cui
678 4950 805 5001 olim
835 4949 902 5001 ad
941 4949 1038 5002 ista
1067 4949 1220 5009 signa
1271 4950 1430 5001 fidem
1463 4949 1724 5002 condixe-

143 5023 255 5075 rint
288 5036 303 5070 :
334 5020 612 5073 erectioue
648 5030 830 5072 autem
867 5032 961 5072 eos
993 5019 1058 5072 ad
1116 5017 1290 5073 Graeci
1351 5019 1721 5086 imperatoris,

142 5089 379 5143 victoris
417 5089 520 5150 sui,
547 5087 843 5141 dominium
871 5087 1102 5144 transire
1133 5089 1288 5155 eique
1319 5101 1721 5142 sacramentum

140 5161 341 5223 dicere
365 5168 418 5210 et
447 5171 637 5225 parere
662 5159 817 5212 velle.
864 5158 1014 5224 Apud
1049 5158 1273 5212 Latinos
1301 5174 1518 5226 quoque
1545 5158 1722 5211 medio

141 5243 272 5282 atro
304 5228 354 5279 in
389 5228 774 5296 degradatione
801 5229 1058 5282 nobilium
1101 5227 1311 5282 felonia:
1342 5229 1721 5280 darnuatorum

147 5314 264 5353 non
301 5307 505 5350 tantum
541 5299 676 5350 bona
704 5309 757 5349 et
793 5298 1017 5352 libertas
1049 5298 1178 5366 ipsis
1204 5298 1494 5364 liberisque
1526 5299 1726 5350 adime—

148 5371 381 5428 bantur,
418 5367 511 5420 sed
539 5369 700 5419 etiam
729 5368 779 5420 in
813 5367 929 5433 ejus
957 5368 1035 5420 rei
1071 5367 1525 5436 signiﬁcationem
1572 5382 1723 5419 artua

148 5437 496 5506 proditorum
545 5436 756 5502 publice
796 5437 1211 5490 invertebautur
1240 5453 1334 5491 seu
1370 5437 1725 5491 reversaban-

151 5505 288 5571 tur;
323 5521 368 5559 ν.
405 5505 479 5557 Du
517 5507 695 5571 (lange
721 5523 767 5560 v.
799 5506 960 5559 Arma
987 5518 1266 5560 reversam.

231 5577 350 5646 (66)
381 5575 676 5642 Battologia
720 5577 806 5628 illa
849 5577 1043 5644 saepius
1069 5580 1313 5630 eamdem
1341 5576 1629 5630 formulam
1673 5577 1724 5628 in

149 5645 309 5700 votis
335 5649 398 5697 ad
436 5649 600 5697 Deum
632 5645 860 5700 iterandi
894 5649 960 5700 ab
992 5647 1224 5701 ecclesia
1253 5646 1437 5701 Graeca
1460 5659 1509 5699 et
1537 5646 1725 5700 Latina

155 5719 233 5771 ad
263 5715 742 5769 Muhatmnedanos
773 5719 1029 5771 manavit.
1060 5717 1172 5782 Qua
1199 5719 1264 5770 tle
1290 5733 1346 5771 re
1380 5717 1512 5770 alias
1537 5719 1727 5786 agendi

157 5789 320 5841 locus
368 5787 492 5840 erit.
532 5786 717 5838 Simile
770 5799 956 5840 nostro
991 5789 1108 5840 lut-o
1149 5788 1276 5839 illud
1305 5799 1385 5842 est
1436 5788 1486 5839 in
1528 5786 1726 5839 littuali

161 5859 416 5913 Humano
467 5856 774 5911 Cassiueusi
822 5860 959 5926 apud
1013 5859 1355 5914 Mabillonum
1411 5877 1422 5912 :
1467 5859 1502 5908 Α
1561 5859 1725 5909 medio

1828 3979 1992 4030 noctis
2029 3987 2369 4031 concurrente
2403 3979 2595 4044 populo
2626 3987 2814 4030 exeunt
2845 3994 2961 4030 cunt
3017 3976 3218 4029 lelnnia
3246 3977 3316 4026 ad
3349 3975 3412 4030 S.

1811 4048 2064 4100 «Mariam
2099 4050 2373 4107 minorem,
2399 4049 2667 4100 mundatis
2699 4064 2788 4108 per
2818 4048 2954 4099 viam
2981 4047 3173 4112 pluteis
3212 4054 3263 4112 et
3297 4062 3414 4112 sus-

1828 4119 1999 4183 pensis
2035 4135 2124 4182 per
2151 4121 2334 4170 domos
2365 4118 2590 4170 lucernis
2628 4119 2798 4184 ibique
2827 4119 2882 4169 in
2911 4111 3161 4182 gradibus
3195 4111 3252 4165 S.
3291 4111 3414 4184 Mra-

1827 4182 1923 4238 rm-
1954 4188 2190 4252 deposita
2226 4189 2380 4239 icona
2432 4190 2600 4239 omnis
2635 4182 2824 4238 chorus
2862 4187 3096 4237 uirorum
3127 4199 3188 4234 ac
3225 4182 3415 4252 mulie-

1826 4273 1941 4308 rnnt
1963 4249 2030 4296 -ὲ
2058 4274 2162 4309 una
2196 4273 2314 4310 race
2344 4273 2435 4318 per
2487 4271 2762 4308 numerum
2801 4254 2989 4308 dicunt
3021 4253 3214 4307 centies
3250 4249 3416 4320 Kyrie

1824 4325 2039 4386 eleison,
2080 4327 2271 4378 centies
2318 4324 2525 4378 Christe
2575 4325 2794 4385 eleison,
2845 4326 2970 4375 item
3012 4323 3209 4375 centies
3247 4319 3415 4388 Kyriu

1825 4395 2038 4447 eleison.
2063 4396 2270 4448 Coucil.
2297 4395 2536 4447 Vasense
2573 4409 2663 4446 an.
2696 4393 2799 4446 529
2851 4393 3017 4459 (apud
3040 4392 3115 4444 Du
3140 4391 3405 4457 Cangiunt

1828 4463 2005 4515 Gloss.
2045 4463 2161 4515 Lat.
2213 4477 2265 4516 ν.
2305 4462 2567 4532 It'yrieles)
2597 4477 2614 4513 :
2651 4461 2721 4514 Et
2748 4463 2872 4528 quia
2900 4472 3003 4532 tam
3031 4461 3083 4512 in
3116 4461 3261 4532 sede_
3284 4475 3415 4532 ano-

1829 4535 2035 4597 stolicn,
2069 4549 2227 4600 qnam
2260 4527 2417 4585 etia'm
2451 4527 2703 4599 ρει-’τοιάδ
2733 4527 3016 4583 orientales
3049 4541 3201 4598 atque
3232 4527 3414 4600 Italia:

1826 4599 2124 4669 provincias
2154 4601 2325 4654 dulcis
2353 4611 2400 4654 et
2443 4601 2660 4653 nimium
2687 4600 2945 4653 salutaris
2983 4599 3305 4651 consuetudo
3336 4607 3411 4648 est

1825 4671 2150 4735 intromissa,
2187 4682 2240 4723 ut
2273 4670 2438 4739 Kyrie
2480 4671 2676 4722 eleison
2712 4672 3038 4739 frequentius
3069 4684 3189 4739 cum
3221 4669 3413 4739 grandi

1827 4741 2019 4809 affectu
2057 4751 2103 4793 et
2133 4738 2531 4808 compunctione
2555 4741 2786 4800 dicatur,
2816 4738 3016 4798 placuit
3053 4738 3214 4789 etiam
3243 4738 3412 4794 nobis.

1831 4823 1882 4863 ut
1917 4813 1968 4862 in
1994 4811 2233 4863 omnibus
2265 4810 2495 4862 ecclesiis
2532 4810 2727 4861 nostris
2777 4809 2879 4860 ista
2924 4818 3031 4859 tam
3065 4816 3248 4857 sancta
3298 4820 3418 4856 con-

1828 4881 2048 4933 suetudo
2082 4891 2129 4932 et
2161 4880 2228 4931 ad
2262 4884 2580 4932 matutinum
2635 4889 2682 4931 et
2719 4877 2788 4930 ad
2818 4877 3007 4929 missas
3038 4885 3085 4926 et
3120 4876 3187 4926 ad
3236 4890 3414 4934 vespe-

1840 4967 1953 5002 rant
1995 4950 2101 5003 Deo
2135 4949 2360 5017 propitio
2388 4949 2792 5002 intromittatur.
2825 4947 2881 5000 S.
2919 4945 3152 5017 August.
3191 4943 3290 5017 Ep.
3316 4942 3408 5017 il_|.

1829 5029 2052 5072 caeteras
2112 5013 2252 5071 inter
2321 5019 2746 5072 acclamationes
2803 5031 2832 5067 a
2867 5015 3117 5067 ‘uotariis
3167 5013 3416 5066 ecclesiae

1828 5100 2083 5156 exceptas
2114 5090 2164 5140 in
2199 5087 2353 5142 Actis
2376 5087 2738 5142 ordinationis
2769 5084 2950 5139 Eradii
3003 5083 3118 5156 haec
3172 5081 3342 5156 refert
3395 5098 3409 5134 :

1828 5153 2018 5225 dignus
2047 5167 2144 5217 est.
2175 5157 2356 5225 justus
2397 5166 2495 5222 est,
2529 5157 2726 5209 dictum
2758 5155 2972 5225 vicies._
2993 5153 3118 5225 bene
3165 5153 3412 5225 meritus,

1830 5220 1954 5280 bene
1985 5220 2189 5296 dignus
2211 5237 2309 5290 est,
2345 5220 2547 5280 dictum
2584 5226 2878 5294 quinquies.
2940 5220 3048 5296 Sed
3085 5222 3213 5288 quid
3278 5234 3416 5296 Opus

1830 5309 1913 5352 est
1939 5290 2182 5365 exempla
2229 5297 2406 5350 aliena
2455 5290 2646 5357 citare,
2703 5290 2826 5347 cum
2860 5293 3028 5365 codex
3088 5290 3421 5365 noster_t_tbi-

1831 5383 1938 5434 que
1969 5359 2156 5420 eoru'm
2186 5367 2398 5420 alumde
2429 5375 2706 5433 suggerat,
2740 5363 3130 5434 monenshanc
3159 5359 3415 5434 veljllsm

1834 5427 2120 5490 formulam
2154 5437 2313 5489 toties
2336 5437 2420 5490 vel
2457 5427 2618 5489 toties
2659 5435 2827 5487 fuisse
2875 5433 3182 5484 recitatum.
3235 5427 3419 5483 Mana-

1834 5509 1907 5560 vit
1944 5510 2042 5560 hoc
2072 5523 2135 5560 ex
2174 5507 2337 5560 veteri
2372 5520 2522 5560 more
2569 5506 2734 5558 curia:
2781 5502 3039 5554 Romana.-
3074 5499 3416 5567 imperatori-

1834 5579 1932 5630 hus
1960 5577 2316 5629 acclamandi.
2346 5575 2691 5643 Spississime
2712 5575 2855 5625 enim
2883 5572 3076 5643 legitur
3107 5570 3157 5619 iu
3186 5569 3417 5643 scripto.

1835 5649 1982 5700 rillus
2005 5646 2140 5702 llist.
2166 5639 2560 5718 Augusttehtec
2589 5644 2665 5718 vel
2692 5644 2777 5696 illa
2806 5639 3057 5718 actatsie
3076 5639 3414 5718 appellabant

1834 5725 1968 5780 tum,
2027 5719 2168 5784 quod
2235 5706 2566 5785 posteriores
2627 5715 2834 5773 laudes,
2887 5706 3061 5785 (Ir-ieci
3113 5706 3422 5785 coronatas)

1834 5776 1992 5840 toties
2047 5776 2207 5855 atque
2236 5776 2412 5842 'toties
2448 5784 2614 5839 fuisse
2671 5785 2832 5837 dicta.
2872 5783 2975 5835 vid.
3009 5795 3054 5831 ε.
3101 5793 3149 5833 c.
3205 5795 3255 5847 ιι.
3299 5776 3424 5840 601,
