4152 6438
180 406 317 470 1233

992 411 1086 470 DE
1122 413 1575 475 CERIMONHS
1603 415 1820 475 AULE
1864 415 2306 475 BYZ.\N'I‘IN.E
2334 416 2477 473 LIB.
2515 416 2594 474 [.l.

3285 414 3420 478 12m

178 517 640 587 ἐκπληρώσωμεν.
703 517 915 571 Πολλῶν
964 522 1069 592 γὰρ
1132 522 1301 575 ὀντων
1351 524 1446 578 καὶ
1502 524 1752 593 μεγάλων

1855 524 2189 579 satisfacere.
2228 524 2485 578 Dill'usum
2520 532 2573 577 et
2605 535 2769 593 grave
2793 530 2845 576 et
2876 522 3164 577 obscurum
3193 540 3327 593 opus
3356 528 3421 578 de.

175 610 283 662 τῶν
311 608 462 679 παρὰ
489 612 601 672 τοῖς
631 609 880 679 ἀρχαίοις
906 612 1377 682 καταλειφθέντων
1398 615 1744 685 ἀξιωμάτων,

178 701 347 771 πολλή
376 717 436 753 τε
469 700 563 754 καὶ
596 701 804 772 μεγάλη
847 700 941 754 καὶ
995 702 1299 774 δύσληπτος
1341 707 1375 775 ἡ
1410 707 1536 778 περὶ
1569 708 1748 760 αὐτῶν

176 793 408 862 ὑπάρχει
443 792 733 862 σαφήνεια.
772 794 883 847 Καὶ
908 796 1017 866 γὰρ
1049 796 1105 848 αἱ
1138 796 1327 850 πολλαὶ
1351 798 1460 850 τῶν
1497 798 1747 868 ἀξιωμά-

174 901 282 936 των
302 882 713 952 ἀμαυρωθείσαι
734 884 813 955 τῷ
849 886 1027 957 χρόνῳ
1060 887 1449 957 προσκλήσεις,
1475 889 1612 942 ἀλλὰ
1643 892 1748 960 μὴν

175 977 270 1027 καὶ
310 977 480 1028 πᾶσαι
525 976 581 1028 αἱ
611 975 727 1046 μετ’
759 976 974 1041 ἐκείνας
1012 979 1389 1050 ἐφευρεθεῖσαι
1423 981 1749 1051 ἀξιωμάτων

173 1071 433 1141 διαφοραὶ
460 1070 721 1141 σύγχυσίν
752 1088 872 1125 τινα
909 1073 1336 1143 παρεισάγουσιν
1361 1075 1460 1143 τῆς
1488 1074 1750 1147 ἀκριϐοῦς

173 1163 355 1236 αὐτῶν
386 1162 767 1233 καταλήψεως,
802 1166 910 1218 Καὶ
942 1165 1128 1236 ἐπειδὴ
1169 1166 1267 1237 τὴν
1302 1167 1576 1239 ἡμετέραν
1606 1168 1751 1237 ἀμάς

173 1254 325 1305 θειαν
370 1254 471 1322 τῆς
525 1254 787 1325 ἀκριϐοῦς
832 1254 1037 1310 τούτων
1080 1257 1437 1327 καταλήψεως
1471 1258 1570 1329 τὴν
1616 1276 1749 1327 συγ-

171 1344 391 1416 γραφὴν
440 1332 801 1418 ἐξῃτήσασθε,
837 1348 960 1400 ὅσον
1127 1348 1502 1420 νῴλάμυδρῶς
1546 1352 1610 1402 ἐκ
1639 1350 1750 1404 τῶν

172 1432 367 1504 πρώην
391 1436 727 1506 ἐγκειμένων
761 1437 874 1510 (l5)
905 1440 999 1493 καὶ
1032 1437 1127 1493 νῦν
1159 1440 1549 1510 πραττομένων
1590 1458 1749 1513 περι-

170 1526 357 1579 λαϐεῖν
403 1526 771 1598 ἠδυνήθημεν,
825 1531 891 1601 τῇ
946 1531 1190 1600 ὑμετέρα
1243 1530 1396 1602 φιλίᾳ
1436 1531 1750 1602 περιφανῶς

169 1608 521 1697 ἐκτιθέμεθα.
556 1619 771 1675 Είδέναι
818 1623 928 1692 γάρ
958 1622 1100 1691 ὑμᾶς
1134 1622 1459 1692 βουλόμεθα,
1497 1618 1541 1675 ὦ
1582 1623 1746 1693 φίλοι,
1776 1638 1787 1649 ⁸

168 1706 254 1758 ὅτι
285 1708 433 1760 πᾶσα
485 1710 585 1779 μὲν
625 1710 830 1779 τεχνῶν
879 1711 1160 1781 ἐπιστήμη
1195 1714 1331 1781 πρός
1360 1729 1415 1764 τι
1450 1711 1749 1783 εὔχρηστον

166 1799 325 1863 τέλος
354 1801 463 1853 τῶν
504 1802 563 1855 ἐν
594 1800 669 1872 τῷ
700 1802 801 1873 βίῳ
843 1802 1195 1874 συνέστηκεν.
1236 1803 1301 1857 'ﬂ
1345 1804 1401 1856 δὲ
1440 1804 1549 1857 τῶν
1596 1808 1750 1875 ἀρτι-

1855 613 1940 666 his
1979 613 2124 667 clare
2166 612 2525 681 distincteque
2562 626 2853 680 exponere,
2903 630 3023 669 cum
3064 630 3168 667 non
3212 625 3418 670 tantum

1851 705 2094 773 plurimm
2111 704 2432 773 dignitatum
2454 720 2483 755 a
2502 704 2772 758 veteribus
2789 704 2855 757 ad
2879 714 3119 770 posteros
3142 709 3422 761 transmis-

1851 811 2033 849 sarum
2085 809 2339 865 processu
2376 795 2636 863 temporis
2676 795 3074 859 obsoleverint;
3125 799 3217 851 sed
3258 798 3422 852 etiam

1850 904 2040 943 omnes
2080 889 2334 957 deinceps
2376 886 2696 957 excogitatas
2736 896 2790 940 et
2833 888 3152 943 introducta;
3195 891 3423 944 diversa:

1852 980 2141 1049 dignitates
2181 979 2447 1034 turbelam
2485 979 2648 1034 simul
2691 980 3013 1044 invexerint,
3053 996 3251 1050 coque,
3290 997 3424 1051 quo-

1852 1070 2030 1126 minus
2071 1080 2217 1125 recte
2259 1070 2461 1139 percipi
2503 1086 2590 1125 res
2633 1071 2824 1139 possit,
2865 1072 3133 1145 ofﬁciant,
3157 1072 3423 1138 Quoniam

1852 1162 2015 1230 igitur
2038 1163 2106 1216 ab
2132 1163 2344 1230 ingenio
2369 1172 2557 1216 nostro
2580 1163 2699 1217 rudi
2725 1164 2970 1229 quamvis
2986 1173 3041 1217 et
3068 1179 3254 1231 parum
3274 1180 3425 1218 exero

1851 1258 1954 1309 cita
1968 1262 2022 1307 to
2052 1254 2406 1322 scriptioncm
2442 1253 2567 1307 huic
2599 1253 2676 1307 rei
2705 1252 2908 1308 clarius
2941 1253 3298 1324 intelligant-.1:
3327 1257 3425 1309 uti-

1850 1343 1953 1398 lem
1973 1343 2276 1412 ﬂagitastis,
2317 1341 2587 1399 voluimus
2623 1344 2722 1398 hoc
2759 1344 3017 1412 opusculo
3055 1358 3317 1412 quantum
3351 1362 3419 1399 cx

1850 1435 2093 1489 obscuris
2122 1435 2365 1502 vestigiis
2396 1444 2639 1489 veterum
2673 1436 3019 1490 traditionmn
3054 1438 3254 1493 litteris
3285 1454 3419 1495 cou-

1850 1526 2188 1596 signatarnm
2219 1534 2275 1579 et
2307 1525 2689 1580 hodiernarum
2719 1528 3175 1583 consuetudinum
3204 1532 3419 1600 assequi

1852 1618 2149 1687 potuimus,
2178 1626 2374 1671 vestrae
2400 1615 2655 1672 cliaritati
2698 1631 2989 1686 exponere.
3022 1619 3078 1674 ln
3110 1622 3423 1676 universum

1854 1708 1904 1762 id
1934 1722 1964 1761 a
1992 1708 2142 1763 vobis
2171 1707 2343 1762 teneri
2377 1707 2562 1771 velim,
2596 1717 2655 1764 ut
2685 1708 2924 1763 omnium
2959 1712 3160 1769 artium
3189 1713 3425 1781 cognitio

1852 1800 1917 1853 ad
1951 1798 2108 1853 ﬁnem
2141 1799 2372 1868 aliquem
2406 1814 2537 1856 usus
2579 1801 2667 1857 sui
2707 1802 2760 1856 in
2794 1801 3142 1870 quotidianas
3174 1802 3425 1860 humana:

169 1890 370 1943 κλινῶν
430 1893 710 1963 ἐπιστήμη
767 1894 826 1946 ἐν
873 1893 1052 1947 οὐδενὶ
1099 1894 1315 1965 ἆλλῳ⁷⁶
1352 1894 1414 1948 τὸ
1450 1894 1747 1967 εὔχρηστον

1853 1891 1973 1946 vitae
2005 1906 2089 1946 res
2124 1891 2489 1961 implicautem
2520 1891 2711 1957 tendit,
2735 1891 2897 1963 507
2926 1894 2999 1947 ita
3036 1909 3253 1964 quoque
3287 1894 3389 1948 arti
3410 1925 3423 1936 -

106 2014 107 2019 η
164 1982 465 2048 δείκνυσιν,
498 1971 613 2036 ἀλλ’
643 1985 675 2055 ἢ
704 1986 764 2038 ἐν
788 1984 867 2055 τῷ
889 1986 1039 2050 τάξει
1070 1986 1165 2039 καὶ
1188 1987 1443 2041 συστάσει
1476 1990 1567 2041 καὶ
1588 1991 1747 2059 ἀκρι-

165 2074 254 2127 ϐεῖ
288 2075 525 2129 διαθέσει
558 2078 657 2134 τὰς
688 2076 798 2130 τῶν
830 2076 1162 2147 ἀξιωμάτων
1204 2078 1467 2148 διαφορὰς
1498 2081 1747 2135 διαστέλ-

162 2164 283 2219 λειν
312 2168 382 2219 ³⁸.
431 2169 540 2223 Καὶ
572 2168 682 2238 γὰρ
711 2169 861 2222 πᾶσα
908 2168 1241 2239 περιφάνεια
1289 2170 1406 2241 βίου
1458 2172 1490 2241 ἢ
1540 2172 1748 2238 ἔνδοξος

112 2282 117 2289 -
162 2256 493 2326 ἀξιωμάτων
530 2259 657 2323 ἀξία
701 2261 759 2313 ἐν
790 2260 964 2313 οὐδενὶ
1024 2260 1181 2332 άλλῳ
1246 2265 1359 2327 τοῖς
1408 2263 1609 2334 ὁρῶσιν
1661 2268 1743 2318 ὲν-

160 2348 465 2412 δείκνυται,
510 2350 625 2402 ἀλλ’
672 2350 704 2420 ἢ
751 2351 809 2403 ἐν
855 2353 922 2421 τῇ
965 2351 1161 2423 κλήσει
1213 2352 1310 2422 τῆς
1349 2355 1748 2425 προκαθεδρέας

160 2439 268 2509 τῆς
296 2440 355 2491 ἐν
400 2442 465 2510 τῇ
518 2442 746 2513 λαμπρᾷ
788 2439 1036 2514 τραπέζῃ
1090 2444 1186 2497 καὶ
1228 2444 1581 2516 περιποθήτω
1624 2464 1749 2499 συν-

161 2534 417 2586 εστιάσει
442 2533 552 2586 τῶν
582 2535 911 2602 σοφωτάτων
942 2535 1098 2605 ἡμῶν
1131 2535 1419 2606 βασιλέων.
1466 2539 1527 2591 Εἰ
1576 2539 1632 2591 δέ
1651 2536 1747 2603 ’τις

161 2625 228 2675 ἐκ
281 2624 381 2693 τῆς
426 2625 585 2694 ἡμῶν
640 2626 971 2695 ἁπροσεξίας
1023 2628 1330 2702 ἐπισφαλὴς
1380 2630 1749 2700 προσγένηται

164 2717 431 2786 σύγχυσις
475 2720 589 2780 τοῖς
624 2717 922 2787 βασιλικοῖς
969 2718 1321 2790 κλητωρίοις,
1354 2723 1414 2775 οὐ
1458 2723 1620 2792 μόνον
1648 2725 1776 2786 τὰς·

161 2807 274 2860 τῶν
305 2807 603 2875 βασιλικῶν
624 2808 952 2878 ἀξιωμάτων
977 2795 1179 2880 ἀρετὰς
1199 2812 1580 2884 καταῤῥιπτεῖ,
1610 2813 1747 2867 ἀλλά

160 2901 260 2952 καὶ
293 2900 443 2968 ἡμᾶς
486 2898 684 2962 αὐτοὺς
733 2900 1169 2968 καταγελάστους
1214 2903 1310 2955 καὶ
1350 2902 1605 2972 ἀχρείους
1648 2904 1748 2973 τῆς

158 2989 444 3053 διακονίας
477 2991 800 3064 παρίστησι.
864 2992 956 3047 Διδ
985 2992 1100 3061 οὖν,
1132 2995 1425 3065 ἀγαπητοὶ,
1472 2996 1554 3049 δεῖ
1600 2997 1750 3066 ἡμᾶς

160 3086 222 3135 ἐν
253 3086 322 3153 τῇ
354 3084 575 3156 τοιαύτῃ
625 3086 886 3155 λαχόντας
920 3086 1196 3151 διακονίας
1237 3090 1483 3159 προσοχῇ
1519 3088 1747 3159 μελέτης

157 3179 258 3230 καὶ
288 3178 603 3247 ἐπιστήμης
641 3178 734 3241 τὰς
768 3178 879 3231 τῶν
905 3178 1236 3249 ἀξιωμάτων
1268 3181 1658 3247 κυριοκλησίας
1687 3182 1746 3234 ἐν

1790 1980 1805 2005 ‘
1850 1984 2118 2039 clinorum
2162 1984 2445 2039 scientiam
2488 1983 2649 2041 linem
2697 1985 2898 2041 habere
2934 2000 3130 2052 suum,
3175 1997 3230 2042 et
3266 1988 3317 2042 in
3358 2003 3424 2043 co

1852 2076 2088 2129 maxime
2118 2076 2204 2129 sui
2235 2075 2364 2128 dare
2395 2089 2553 2129 usum
2585 2085 2752 2145 atque
2776 2076 3117 2147 exemplum,
3146 2079 3290 2148 quod
3326 2094 3422 2134 ac-

1850 2165 2132 2220 curatione
2157 2163 2348 2218 stricta
2371 2163 2661 2233 dignitates
2686 2165 2821 2221 aulae
2844 2165 3088 2221 diversas
3115 2183 3215 2222 suo
3237 2183 3423 2236 quam-

1852 2270 1956 2327 que
1984 2256 2199 2318 ordine,
2229 2269 2459 2325 corpore
2476 2264 2531 2309 et
2552 2256 2672 2311 loco
2687 2256 2965 2327 dispescit.
2986 2257 3217 2314 lllustris
3242 2260 3422 2315 omnis

1851 2348 1959 2401 vita
2024 2360 2329 2414 munusque
2388 2360 2549 2401 omne
2602 2346 2788 2417 gloria:
2838 2349 3055 2419 plenum
3091 2349 3144 2404 in
3182 2351 3326 2405 nulla
3362 2366 3419 2406 re

1852 2454 1909 2495 se
1939 2438 2110 2509 magis
2144 2437 2439 2507 spectabile
2473 2440 2847 2509 spectantibus
2879 2442 3101 2498 exhibet
3141 2444 3422 2511 magisque

1854 2526 1977 2583 l‘erit
2004 2527 2212 2593 oculos,
2238 2542 2400 2597 quam
2424 2529 2469 2584 si
2498 2529 2709 2600 publica
2733 2546 2865 2587 voce
2887 2535 3189 2602 praecedere
3215 2547 3269 2591 et
3295 2552 3424 2606 prac-

1851 2619 2027 2674 sidcre
2052 2618 2204 2674 alteri
2223 2618 2476 2676 inferiori
2503 2623 2643 2692 apud
2670 2623 3005 2693 splendidam
3026 2626 3269 2682 tabulam
3297 2644 3424 2699 epu-

1851 2712 2040 2780 lasque
2076 2714 2305 2769 multum
2345 2715 2615 2785 expetitas
2656 2716 3180 2785 sapientissimorum
3212 2716 3425 2777 uestro-

1852 2819 1969 2857 rum
2003 2802 2388 2875 imperatorum
2415 2805 2656 2875 jubetur.
2698 2806 2756 2861 Si
2792 2808 2917 2876 quid
2942 2824 3071 2880 ergo
3101 2811 3154 2865 in
3181 2815 3425 2881 angustis

1851 2897 2115 2952 conviviis
2164 2913 2260 2966 per
2304 2908 2545 2953 nostram
2588 2900 2881 2968 quamdam
2929 2901 3192 2957 incuriam
3230 2913 3281 2959 et
3325 2906 3425 2959 im-

1851 2989 2193 3057 prudentiam
2222 2988 2545 3046 obturbetur
2565 3001 2947 3063 pecceturque,
2970 3009 3037 3050 eo
3069 3010 3175 3049 non
3206 3005 3419 3051 tantum

1851 3079 2239 3145 proculcantur
2278 3078 2579 3135 ollieiorutn
2622 3082 2907 3136 curialium
2944 3086 3193 3147 virtutes,
3228 3088 3332 3141 'sed
3370 3099 3425 3142 et

1853 3170 1953 3238 ipsi
1992 3171 2248 3227 ridiculos
2287 3187 2386 3227 nos
2416 3182 2471 3227 et
2502 3172 2714 3243 ineptos
2749 3176 3056 3232 ministerio
3083 3180 3420 3236 exhibemus.

153 3268 239 3337 τῷ
267 3268 456 3338 οίκείῳ
506 3268 588 3323 νοῒ
622 3269 1007 3341 περιγράφειν,
1051 3247 1154 3324 καὶ
1190 3267 1289 3325 εἶθ’
1328 3272 1501 3336 οὓτως
1526 3274 1621 3337 τὰς
1648 3274 1745 3327 αὑ-

1852 3260 2211 3331 Qnapropter,
2239 3264 2422 3327 amici,
2447 3275 2661 3333 oportet
2682 3281 2804 3328 nos,
2832 3267 2883 3321 in
2914 3268 3036 3336 hoc,
3064 3272 3205 3339 quod
3238 3284 3422 3326 nostra

153 3362 271 3414 τῶν
321 3362 617 3431 διαιρέσεις
646 3363 740 3416 καὶ
792 3362 1195 3434 ὑποδιαιρέσεις
1230 3363 1323 3417 καὶ
1356 3364 1605 3435 ἀκριϐεῖς
1652 3382 1745 3418 συ-

152 3454 386 3517 στάσεις
411 3455 678 3523 ἐκφωνεῖν
717 3456 814 3521 καὶ
835 3454 1166 3510 ἐκτίθεσθαι.
1207 3456 1345 3533 Ἀλλ’
1380 3457 1615 3529 ἐπείπερ
1645 3458 1744 3522 τὰς

146 3546 271 3599 τῶν
294 3547 545 3616 ἀρχαίων
576 3546 823 3610 ἐκθέσεις
852 3547 970 3617 οὐχὶ
1003 3547 1208 3609 πάσας,
1241 3546 1357 3600 ἀλλ’
1397 3548 1528 3610 ὅσας
1554 3550 1582 3602 ὁ
1628 3548 1747 3620 χρό-

149 3656 251 3703 νος
305 3638 704 3709 ἁμαυρωθῆναι
743 3638 1021 3709 ἐποίησεν,
1067 3640 1249 3692 ἑκοντὶ
1297 3640 1744 3711 παρεδράμομεν,

148 3730 297 3799 φέρε
345 3729 411 3798 δὴ
462 3727 561 3792 τάς
592 3729 687 3781 ἐπὶ
724 3728 835 3782 τῶν
867 3728 1132 3799 βασιλέων
1179 3729 1355 3799 ἡμῶν,
1397 3728 1624 3792 Λέοντος
1650 3730 1745 3783 καὶ

162 3818 556 3889 Ἀλεξάνδρου,
592 3821 1003 3891 γνωριζομένας
1043 3837 1103 3872 τε
1138 3820 1255 3890 ἅμα
1305 3821 1399 3873 καὶ
1440 3822 1746 3891 πραττομέ-

146 3929 254 3974 νας
318 3911 394 3973 ὡς
452 3913 510 3965 ὲν
563 3911 789 3976 πίνακος
854 3912 1006 3979 τάξει
1063 3911 1311 3983 στιχηδὺν
1367 3912 1743 3983 ὑποτάξωμεν.

148 4002 414 4071 Ποιῶμεν
442 4003 498 4056 δὲ
528 4002 707 4069 τοῦτο,
731 4005 829 4073 οὐχ
857 4004 933 4067 ὡς
958 4003 1055 4066 τὰς
1084 4004 1194 4056 τῶν
1225 4003 1470 4073 ἀρχαίων
1504 4021 1747 4075 συγγρα-

143 4095 265 4163 φὰς
320 4097 742 4166 ἀνατρέποντες,
772 4094 907 4149 ἀλλὰ
932 4096 1033 4158 τὰς
1082 4095 1213 4166 περὶ
1264 4095 1469 4148 τούτων
1496 4096 1745 4159 ἐκθέσεις

140 4186 224 4249 ὡς
259 4188 325 4237 ἐν
354 4186 502 4249 τάξει
553 4186 774 4249 κανόνος
830 4184 1082 4239 τυπῶσαι
1129 4185 1542 4251 σπουδάζοντες,
1594 4188 1745 4248 ὅπως

144 4279 226 4347 μὴ
264 4276 430 4345 μόνον
483 4279 531 4330 oi
574 4277 703 4349 περὶ
753 4276 929 4332 ταῦτα
978 4276 1340 4348 ἐσχολακὸτες
1392 4278 1492 4348 τὴν
1538 4279 1745 4350 εὐχερῆ

136 4370 367 4424 τούτων
419 4369 729 4440 κατάληψιν
776 4370 997 4440 ἔχωσιν,
1046 4369 1184 4422 ἀλλὰ
1221 4370 1317 4423 καὶ
1367 4371 1418 4423 οἱ
1456 4370 1575 4422 λίαν
1601 4370 1744 4440 ἀμα-

136 4465 265 4526 θεῖς
306 4462 380 4531 τῷ
413 4462 597 4532 μικρῷ
627 4465 803 4533 τούτῳ
827 4464 1012 4517 κανόνι
1034 4463 1292 4533 ἑπόμενοι
1326 4462 1744 4532 εὖκατάληπτον

1849 3362 1998 3407 sorte
2037 3353 2193 3411 nobis
2232 3356 2488 3424 contigit,
2530 3358 2859 3414 constitutos
2895 3369 3043 3415 tanto
3086 3363 3419 3429 ministerio,

1848 3448 2081 3513 primum
2113 3447 2330 3515 quidem
2369 3456 2572 3502 attenta
2612 3464 2740 3504 cura
2779 3452 3075 3507 secundum
3111 3454 3242 3509 artis
3278 3454 3421 3526 leges

1847 3540 2028 3596 animo
2067 3541 2316 3612 proprias
2347 3542 2669 3612 dignitatum
2704 3545 3097 3614 appellationes
3125 3550 3417 3618 concipere

1847 3644 2011 3704 atque
2040 3636 2404 3699 conﬁrmare,
2445 3644 2557 3690 tum
2593 3652 2725 3692 vero
2767 3638 3086 3706 dignitatum
3128 3641 3421 3696 divisiones

1848 3724 2084 3793 majores
2114 3724 2459 3794 minoresque
2483 3736 2537 3780 et
2566 3740 2723 3781 veras
2753 3729 2993 3784 rationes
3022 3732 3307 3786 enuntiare
3334 3743 3420 3788 at-

1846 3831 1951 3885 que
1981 3830 2275 3886 exponere.
2318 3818 2585 3888 Antiquas
2623 3829 2803 3875 autem
2847 3836 2972 3877 cum
3013 3823 3418 3880 decreverimus

1844 3909 2123 3973 omittere,
2173 3924 2276 3962 non
2312 3909 2531 3978 quidem
2572 3926 2780 3978 omnes,
2824 3921 2882 3966 at
2921 3927 3015 3968 eas
3052 3925 3252 3981 tamen,
3283 3932 3419 3985 quas

1848 4009 2154 4069 temporum
2192 4001 2454 4055 decursus
2494 4000 2724 4071 caligine
2759 4011 2814 4058 et
2849 4003 3189 4074 ignoratione
3225 4008 3420 4075 sepeli-

1844 4092 1943 4157 vit,
1975 4090 2309 4145 curaenobis
2337 4102 2454 4145 esto
2482 4106 2595 4154 eas.
2633 4108 2752 4161 quae
2792 4104 3035 4163 tempore
3075 4096 3416 4151 dominorum

1843 4190 2175 4247 nostrorum,
2197 4178 2392 4236 Leonis
2413 4191 2463 4235 et
2482 4182 2796 4250 Alexandri,
2817 4185 2978 4239 clarae
3000 4188 3419 4257 exercitamque

1845 4277 2087 4340 fuerunt,
2120 4289 2281 4328 unam
2324 4283 2444 4342 post
2469 4275 2695 4328 alteram
2738 4277 2999 4332 continuo
3039 4277 3130 4333 ﬁlo
3177 4278 3321 4333 velut
3363 4282 3415 4335 in

1846 4366 2026 4421 tabula
2080 4380 2404 4436 proponere.
2463 4367 2616 4430 Quod
2661 4381 2726 4420 eo
2778 4381 2884 4420 non
2935 4368 3164 4424 facimus
3207 4374 3415 4432 animo.

1844 4467 2098 4527 tanquam
2120 4456 2433 4511 convulsuri
2459 4464 2513 4510 et
2533 4457 2779 4511 eversuri
2808 4465 3049 4512 veterum
3075 4460 3298 4531 scripta,
3324 4463 3417 4516 sed

90 4590 97 4596 .
134 4554 242 4606 καὶ
293 4552 443 4620 σαφῆ
482 4551 581 4621 τὴν
618 4552 746 4621 περὶ
776 4550 875 4614 τάς
916 4550 1101 4616 τάξεις
1148 4548 1450 4619 εὑρίσκωσι
1482 4562 1741 4616 πραγμαο

1847 4535 2188 4602 studebimus
2217 4545 2283 4600 de
2314 4546 2395 4601 his
2430 4546 2590 4599 rebus
2624 4556 2892 4616 praecepta
2928 4547 3077 4602 velut
3110 4548 3162 4601 iu
3195 4550 3420 4605 canonis

132 4643 337 4695 τεξαν.
398 4641 473 4694 Οὐ
512 4641 621 4708 γάρ
663 4640 873 4694 δίκαιον
924 4639 1243 4710 ἐκρίναμεν,
1279 4637 1405 4699 τοὺς
1461 4639 1536 4705 μὴ
1567 4635 1740 4689 ταῦτα

130 4731 408 4803 ἀκριϐῶς
439 4733 848 4803 ἐξησκημένους
874 4732 943 4786 -ἐν
978 4734 1041 4803 τῇ
1076 4729 1299 4802 τοιαύτῃ
1332 4727 1593 4799 τετάχθαι
1648 4727 1742 4797 βα-

140 4825 343 4893 σιλικῇ
379 4823 718 4895 λειτουργίᾳ,
753 4825 835 4876 ὅτι
862 4822 982 4875 οὐδὲ
1012 4822 1200 4892 άσόφῳ
1229 4822 1321 4874 καὶ
1359 4818 1560 4888 ἀμαθεῖ
1585 4817 1740 4887 βασι-

130 4917 223 4969 λεῖ
262 4916 618 4982 παρεστάναι
659 4916 823 4985 ἡμεῖς
860 4914 1295 4985 εὐμοιρήσαμεν,
1320 4910 1458 4964 ἀλλά
1487 4910 1630 4963 πάνυ
1674 4925 1738 4977 γε

134 5008 460 5077 σοφωτάτῳ
490 5008 584 5060 καὶ
627 5007 773 5077 λόγῳ
799 5006 895 5059 καὶ
937 5004 1085 5075 ἐργῳ
1112 5005 1178 5074 τῇ
1207 5001 1413 5057 ἄνωθεν
1435 5000 1618 5071 χάριτι
1646 5016 1736 5051 τε-

1850 4639 2124 4693 modulum
2156 4639 2432 4706 redigere;
2466 4653 2573 4707 quo
2608 4654 2711 4693 non
2744 4637 2819 4693 illi
2848 4648 3076 4705 tantum,
3098 4643 3197 4711 qui
3226 4642 3420 4697 iisdem

1840 4730 1950 4799 jam
1981 4745 2027 4784 -a
2072 4729 2234 4797 longo
2281 4739 2527 4798 tempore
2570 4739 2936 4800 occupantur,
2975 4730 3189 4786 facilem
3230 4747 3415 4786 earnm

1843 4830 2197 4889 conspectum
2226 4821 2635 4889 doctrinamque
2659 4821 2914 4883 habeant,
2941 4823 3035 4878 sed
3060 4833 3115 4878 et
3142 4822 3222 4878 vel
3248 4824 3420 4878 maxi-

1846 4927 1931 4966 me
1960 4913 2142 4979 rudes,
2167 4912 2461 4967 dummodo
2486 4912 2742 4980 exiguum
2787 4914 2928 4968 hunc
2961 4929 3227 4969 canoncm
3267 4930 3417 4968 assc-

1846 5011 2083 5067 etentur,
2111 5002 2448 5073 perspicuam
2482 5013 2536 5058 et
2569 5014 2727 5075 captu
2772 5004 2989 5060 facilem
3032 5006 3097 5061 de
3135 5006 3416 5061 ordinibus

1436 5132 1667 5190 νΑῐὶΙᾹῧ
1712 5132 2114 5190 LECTIONES.

209 5262 262 5291 ⁷³
305 5259 441 5311 ἄλλο
468 5257 592 5311 cod.
617 5264 673 5312 et
692 5264 803 5321 eu.,
830 5264 890 5310 ut
919 5258 1083 5333 paulo
1112 5269 1259 5327 post.
1336 5258 1383 5291 "
1406 5259 1674 5316 διαστέλει
1696 5263 1819 5317 cod.
1852 5275 1906 5319 et
1926 5265 2014 5319 ed.

1216 5375 1411 5432 JOAN~.
1432 5375 1576 5432 JAC.
1609 5378 1863 5439 REISKII
1893 5382 2445 5440 COMMENTARIUS

128 5515 311 5569 νησις
338 5497 405 5549 ἐκ
425 5495 643 5566 φιλικῆς
662 5495 758 5549 καὶ
780 5493 1120 5564 εὐγνώμονος
1142 5494 1437 5557 διαθέσεως
1456 5497 1731 5552 οἰκείωσιν

128 5574 233 5620 καὶ
261 5567 489 5620 εὔνοιαν
511 5569 622 5620 τοῖς
644 5565 1019 5620 ἠγαπημένοις
1042 5566 1508 5620 ἐπαγγελλομένη.
1534 5568 1604 5620 De
1624 5584 1730 5620 auo

128 5567 233 5625 καὶ
261 5567 489 5648 εὖνριαν
511 5569 622 5629 τοῖς
644 5567 1019 5688 ἠγαπηῐμένοις
1042 5567 1508 5635 ἐπαγγελλομένη.
1534 5568 1604 5621 De
1624 5584 1730 5636 quo

130 5640 449 5707 mltuivul.
486 5634 652 5707 Guar.
697 5638 795 5707 ad”
856 5636 1121 5703 heopban.
1172 5653 1225 5706 p.
1257 5637 1384 5698 540,
1433 5636 1509 5690 Du
1546 5639 1727 5707 Gange

129 5711 266 5763 tLPli
292 5706 510 5761 Christ.
542 5703 715 5777 lll,7c.
738 5704 828 5769 6i,
857 5707 925 5759 ad
947 5703 1195 5777 AAIexiad’.
1226 5724 1277 5777 p.
1308 5707 1435 5772 293,
1462 5716 1513 5763 et
1542 5703 1719 5763 Glos's.

127 5784 333 5834 Graec.
373 5778 427 5829 h.
462 5792 516 5830 v.
549 5788 602 5831 et
634 5776 807 5829 Latin.
838 5790 890 5829 ν.
921 5775 1227 5843 A/Teclivus.

206 5850 340 5908 (IS)
388 5847 480 5901 Bst
524 5848 665 5900 idem
707 5856 867 5916 atque
897 5850 1292 5916 συγκειμένων,
1332 5848 1516 5903 litteris
1548 5849 1723 5902 consi-

1839 5517 2139 5576 gnatorum.
2185 5506 2339 5571 Saepe
2380 5504 2501 5558 novi
2551 5502 2723 5576 Graeci
2765 5510 2833 5576 ev
2872 5514 2926 5557 et
2968 5502 3067 5576 συν
3109 5502 3415 5576 promiscue

1840 5572 2123 5643 usurpant.
2147 5577 2220 5630 Ita
2251 5576 2544 5643 Procopius
2569 5591 2621 5642 p.
2642 5574 2734 5634 85,
2759 5573 2780 5626 Ι
2801 5574 2846 5635 ι,
2866 5576 2951 5626 ed:
2980 5573 3250 5627 Hmscltel.
3272 5572 3419 5643 ἕνδε-

1838 5641 1985 5713 σμον
2020 5661 2117 5713 pro
2164 5641 2460 5713 σύνδεσμον
2520 5641 2717 5711 pasuit.
2767 5644 3037 5707 Zosimus,
3072 5643 3135 5700 Il.
3175 5644 3260 5709 19,
3300 5641 3327 5710 §
3363 5644 3415 5711 ἵ,

1835 5718 2134 5788 ἐμπίπτειν
2185 5732 2296 5788 pro
2332 5714 2687 5788 συμπίπτειν.
2742 5713 2963 5766 ΔιιιΙιοΙ.
3015 5729 3068 5788 p.
3111 5714 3239 5788 296,
3288 5714 3413 5763 item

1833 5803 1883 5855 ι).
1912 5787 2038 5850 475,
2070 5785 2449 5857 ιιυίἑειόφρῦς
2482 5786 2839 5849 ενεσπάσατο,
2867 5786 3201 5837 contrahebat
3233 5797 3414 5852 διερρι-

1834 5858 1977 5910 uilia.
2037 5866 2041 5869 λ
