4168 6432
161 408 295 477 1297

962 414 1058 476 DE
1091 409 1542 476 CERIMONIIS
1573 409 1789 470 AULE
1825 406 2266 467 BYZANTlN/E
2307 406 2451 464 LIB.
2484 403 2566 462 ΙΙ.

3281 392 3410 455 1298

157 537 375 593 quoque
418 522 502 577 his
547 522 855 591 suppositas
897 533 1246 591 exsequente,
1283 522 1503 589 ordines
1539 534 1723 576 earum
1766 517 2023 571 distincte
2053 514 2381 573 declarante.
2416 522 2468 569 et
2488 510 2727 582 privatos
2761 509 2953 577 cuique
2987 524 3110 560 suos
3182 508 3410 564 honore.-

160 626 323 684 atque
366 616 753 686 pmrogatiVas
794 613 1099 671 luculenter
1135 617 1381 671 docente.
1423 612 1742 681 Propositus
1780 610 2072 665 laterculos
2139 610 2315 664 tradet
2383 606 2876 677 contemplantibus
2922 605 3110 658 barum
3150 619 3328 656 rerum
3356 616 3410 658 et

157 709 362 763 claram
389 716 446 765 et
466 710 858 778 comprehensa
886 707 1122 773 facilem,
1154 720 1212 763 ut
1242 708 1595 771 introductio,
1624 706 1891 759 notitiam.
1923 704 2201 772 Quotquot
2262 717 2385 757 eum
2441 699 2763 771 inspicietis,
2829 695 3187 751 memineritis
3248 697 3405 749 velint

159 813 331 867 tenue,
359 811 605 861 nostrum
647 801 1026 871 modicumque
1058 802 1293 875 studium
1329 816 1592 871 nusquam
1628 813 1734 855 non
1773 800 2056 852 assectari.

425 892 605 962 Ἀρχὴ
630 893 741 961 τῆς
765 894 1111 961 ὑποθέσεως
1135 895 1240 949 τοῦ
1271 897 1478 964 λόγου.

234 986 357 1039 Τῶν
392 985 690 1057 βασιλικῶν
723 987 1050 1057 ἀξιωμάτων
1088 989 1143 1040 αί
1188 988 1372 1057 χάριτι
1420 986 1556 1040 Θεοῦ
1597 985 1735 1038 διδό-

164 1095 324 1147 μεναι
347 1079 570 1149 δωρεαὶ,
600 1078 678 1142 ὡς
721 1082 785 1132 ἐκ
814 1078 952 1132 Θεοῦ
982 1079 1080 1150 τὴν
1104 1079 1287 1149 ψῆφον
1340 1078 1732 1147 λαμϐάνουσαι,

160 1172 256 1223 ἐπὶ
284 1170 378 1223 τοῦ
405 1170 551 1239 ἱεροῦ
580 1173 674 1224 καὶ
709 1170 1024 1241 θαυμαστοῦ
1061 1171 1343 1241 βασιλικοῦ
1371 1171 1615 1242 βήματος
1638 1169 1734 1223 τοῦ

160 1257 415 1329 λαμπροῦ
458 1260 910 1330 χρυσοτρικλίνου.
954 1264 1012 1314 ἐν
1060 1262 1263 1323 αἰσίαις
1304 1260 1542 1331 ἡμέραις
1586 1258 1737 1330 παρά

159 1353 271 1404 τῶν
298 1353 711 1424 θεοπροϐλὴτων
756 1354 1023 1424 βασιλέων
1072 1358 1187 1418 τοῖς
1220 1354 1393 1419 ἀξίοις
1443 1347 1737 1426 βραϐεύον-

158 1458 274 1503 ται,
308 1441 548 1511 δηλονότι
594 1444 958 1516 παρεστώσης
1004 1446 1227 1515 ἁπάσης
1253 1447 1353 1517 τῆς
1400 1447 1606 1511 τάξεως
1643 1445 1735 1497 τοῦ

162 1532 446 1599 βασιλικοῦ
502 1534 881 1589 κουϐουκλείου
933 1536 1031 1589 καὶ
1082 1536 1261 1589 αὐτῶν
1312 1537 1422 1590 τῶν
1469 1536 1737 1607 βραϐείων

163 1626 544 1693 προκειμένων
591 1626 818 1695 πλησίον
872 1627 972 1698 τῆς
1026 1627 1310 1698 βασιλικῆς
1365 1627 1632 1692 ἔξουσίας.
1673 1629 1736 1679 οί

161 1716 273 1785 γὰρ
329 1717 616 1786 μέλλοντες
674 1721 859 1790 τυχεῖν
910 1721 1011 1789 τῆς
1050 1720 1230 1774 αὐτῶν
1270 1719 1607 1791 ἀντιλήψεως
1635 1719 1735 1788 ἤδη

164 1809 691 1877 προευτρεπίζονται
774 1810 882 1863 ὑπὸ
948 1810 1042 1864 τοῦ
1109 1811 1444 1881 τεταγμένου
1527 1811 1738 1881 βασιλι-

160 1900 277 1953 κῶν
315 1901 430 1971 (l7)
469 1904 971 1975 πρωτοσπαθαρίου
1019 1903 1125 1971 ἔξω
1176 1904 1273 1959 τοῦ
1326 1906 1487 1977 βήλου
1530 1906 1737 1960 ἐστολι-

162 1991 354 2061 σμένοι
369 1994 571 2061 ροαίοις
588 1993 815 2061 σαγίοις.
836 1993 925 2048 Ἐν
940 1994 996 2049 δὲ
1009 1998 1075 2067 τῇ
1090 1996 1294 2049 τούτων
1310 1998 1584 2066 εἰσαγωγῇ
1600 2013 1737 2064 προ-

158 2083 599 2155 συνεισέρχονται
629 2086 706 2155 τῷ
762 2085 1024 2157 βασιλικῷ
1054 2087 1316 2157 ὀστιαρίῳ
1345 2088 1597 2157 ὁμότιμοι
1631 2087 1736 2140 τῶν

162 2176 471 2243 μελλόντων
497 2181 680 2248 τυχεῖν
720 2179 1057 2250 ἀντιλήψεως
1092 2180 1287 2251 ἄνδρες
1330 2180 1735 2251 σπαθαροφόροι

158 2272 331 2335 τρεῖς.
367 2268 463 2322 καὶ
490 2270 552 2322 τὸ
595 2270 825 2339 σύνηθες
857 2272 1019 2335 σέϐας
1055 2272 1381 2343 ποιήσαντες
1408 2275 1736 2343 ἀναμένουσι

159 2360 298 2429 πρὸς
327 2360 390 2413 τὸ
424 2361 588 2432 βῆλον
619 2363 854 2427 ἑστῶτες
886 2364 983 2435 τὴν
1015 2365 1109 2417 τοῦ
1149 2366 1505 2434 εἰσαγομένου
1541 2383 1738 2436 παρου-

157 2455 308 2519 σίαν,
334 2457 430 2510 καὶ
455 2454 611 2520 αὖθις
633 2458 729 2511 τοῦ
758 2458 922 2531 βήλου
956 2459 1320 2522 πετασθέντος
1350 2460 1393 2491 ⁷⁷
1437 2459 1573 2531 (18),
1606 2478 1736 2515 συν-

156 2548 471 2619 εισέρχεται
520 2550 597 2620 τῷ
646 2550 910 2621 βασιλικῷ
937 2552 1197 2623 όστιαρίῳ
1234 2554 1264 2605 ό
1305 2552 1413 2605 τῶν
1445 2553 1739 2622 βασιλικῶν

159 2643 657 2714 πρωτοσπαθάριος
731 2645 969 2714 εἰσάγων
1052 2646 1144 2699 τὸν
1215 2646 1478 2713 μέλλοντα
1554 2650 1739 2718 τυχεῖν

157 2730 539 2799 ἀντιλήψεως,
620 2734 714 2786 καὶ
790 2734 981 2787 τοῦτον
1070 2737 1513 2806 προτρεπόμενος
1592 2736 1741 2807 τρισὶ

158 2821 348 2883 τόποις
421 2823 644 2891 ποιῆσαι
719 2824 818 2895 τὴν
873 2825 1284 2896 προσκύνησιν,
1354 2827 1567 2897 ἵστησιν
1642 2830 1739 2880 αὑ-

159 2912 251 2963 τὸν
312 2914 456 2967 κα.τά
513 2914 807 2985 πρόσωπον
838 2915 935 2970 τοῦ
977 2917 1238 2986 βασιλέως
1277 2920 1413 2990 πρὸς
1455 2921 1512 2973 τὸ
1556 2920 1616 2986 ἐξ
1663 2923 1739 2973 οἰ-

161 3002 331 3055 κείων
365 3004 564 3076 χειρῶν
586 3005 752 3059 αὑτοῦ
782 3006 968 3060 λαϐεῖν
1003 3008 1065 3062 τὸ
1096 3008 1350 3079 βραϐεῖον
1378 3010 1473 3063 τοῦ
1497 3009 1740 3079 ἀξιώμα-

159 3112 274 3157 τος.
316 3097 427 3149 Καὶ
457 3099 653 3168 μικρὸν
687 3099 849 3152 αὑτὸν
879 3100 968 3153 τὸν
1018 3103 1251 3171 τυχόντα
1277 3102 1573 3172 διαστήσας
1622 3105 1742 3155 ὀπι-

163 3187 440 3251 σθοπόδως
470 3191 498 3241 ὁ
524 3190 685 3254 αὐτὸς
729 3193 1218 3265 πρωτοσπαοάριος
1249 3195 1563 3265 περιϐάλλει
1594 3197 1741 3267 αὐτῷ

158 3279 219 3327 τὸ
263 3278 421 3332 δοθὲν
468 3281 617 3351 παρὰ
684 3283 778 3336 τοῦ
827 3284 1089 3352 βασιλέως
1138 3285 1412 3356 βραϐεῖον,
1454 3289 1547 3340 καὶ
1588 3284 1743 3352 αὖθις

157 3371 328 3423 astte
378 3374 738 3444 προσωθήσας
791 3377 1144 3431 ἀσπάσασθαι
1186 3382 1331 3432 ποιεῖ
1386 3381 1514 3443 τοὺς
1563 3382 1742 3451 ἱεροὺς

156 3464 331 3527 πέδας
378 3465 473 3519 τοῦ
515 3466 810 3536 βασιλέωςο
876 3471 1236 3541 καταχθέντος
1292 3473 1348 3526 δὲ
1394 3473 1558 3527 αὑτοῦ
1608 3476 1744 3546 πρὸς

1762 891 1815 951 Δ

2084 889 2250 961 nos
2286 888 2505 942 Initium
2540 886 2805 940 tractandi
2845 886 3159 953 argumenti.

1910 980 2099 1036 Ol'licia
2125 980 2381 1050 palatina,
2416 995 2660 1045 munera,
2685 994 2805 1048 quae
2834 979 3049 1046 proprie
3076 979 3271 1031 divinze
3299 981 3406 1031 clu-

1839 1071 2055 1125 mentiae
2093 1071 2378 1135 debentur,
2416 1070 2481 1123 ab
2504 1071 2941 1138 imperatoribus,
2980 1071 3159 1123 divina
3200 1074 3402 1125 consti-

1840 1164 1970 1218 tutis
2001 1165 2346 1226 auctoritate,
2382 1164 2492 1218 Deo
2522 1163 2667 1218 velut
2697 1179 2791 1232 per
2814 1164 2959 1233 ipsos
2981 1164 3297 1234 sullragium
3328 1165 3401 1218 fe-

1843 1267 2015 1319 rente,
2065 1258 2119 1310 in
2168 1271 2324 1311 sacro
2368 1264 2423 1310 et
2466 1256 2768 1311 admirabili
2818 1258 3078 1322 imperiali
3128 1259 3405 1321 tribunali,

1845 1349 1988 1416 quod
2020 1349 2073 1402 in
2100 1348 2380 1417 Splendido
2402 1348 2819 1417 chrysotriclino
2847 1350 3199 1419 conspicitur,
3223 1352 3408 1403 diebus

1839 1436 2169 1493 solemnibus
2200 1438 2552 1494 conferuntur
2580 1450 2637 1494 ut
2663 1442 2879 1511 prmmia
2912 1441 3124 1495 virtutis
3158 1442 3212 1495 in
3245 1442 3411 1495 homi-

1841 1549 1938 1589 nes
2004 1535 2226 1604 dignos,
2275 1537 2467 1592 ordine
2518 1547 2632 1593 toto
2691 1539 2830 1592 sacri
2883 1538 3115 1592 cubiculi
3172 1548 3405 1601 astante,

1842 1626 2080 1695 ipsisque
2120 1628 2423 1684 tribuendis
2472 1630 2735 1684 honorum
2785 1630 3085 1697 insignibus
3126 1645 3291 1699 penes
3324 1648 3410 1685 sa-

1840 1732 1987 1772 cram
2035 1720 2371 1788 maiestatem
2411 1722 2462 1776 in
2500 1722 2781 1792 propatulo
2824 1724 3106 1791 expositis.
3154 1723 3283 1789 Quae
3318 1724 3408 1790 qui

1840 1808 2083 1878 adepturi
2116 1820 2262 1875 sunt,
2290 1822 2444 1866 extra
2468 1812 2643 1868 velum
2677 1813 2849 1880 parati
2886 1822 3140 1868 tenentur
3169 1828 3197 1866 a
3229 1815 3410 1867 basili-

1838 1916 2025 1954 cornm
2048 1901 2132 1956 vel
2158 1902 2578 1957 cmsarianorum
2603 1904 3043 1973 protospatbario
3066 1919 3186 1958 eam
3212 1905 3264 1959 in
3295 1920 3408 1958 rem

1840 1990 2107 2061 delegato,
2148 1992 2294 2061 sagis
2332 1993 2511 2047 rubris
2548 1992 2739 2047 induti.
2783 1994 2921 2047 Ante
2959 2008 3087 2046 vero
3122 2007 3281 2060 quam
3318 2009 3412 2060 per

1841 2081 2016 2134 velum
2047 2082 2481 2146 introducantur,
2509 2084 2779 2138 introeunt
2804 2084 2961 2139 simul
2992 2084 3407 2152 Ctllll'illlpm‘inli

1842 2172 2073 2226 ostiario
2113 2182 2220 2227 tres
2252 2175 2354 2228 viri
2398 2177 2620 2245 spatbas
2658 2186 2951 2244 gestantes,
2982 2175 3240 2244 dignitate
3284 2176 3409 2233 illis.

1845 2263 1936 2331 qui
1973 2264 2390 2319 muniﬁcentiam
2432 2277 2485 2320 et
2530 2267 2830 2321 mercedem
2860 2266 3119 2319 virtutum
3161 2268 3408 2336 adepturi

1844 2363 1989 2417 sunt,
2023 2355 2279 2425 aequales.
2318 2356 2404 2421 lli,
2439 2369 2497 2411 ut
2527 2358 2824 2427 principem
2854 2368 3114 2413 consueto
3139 2359 3282 2413 cnltu
3322 2374 3410 2412 ve-

1844 2448 2015 2502 nerati
2043 2458 2188 2512 sunt,
2229 2458 2568 2520 exspectant,
2614 2451 2752 2520 apud
2787 2451 2961 2506 velum
2993 2462 3220 2514 stantes,
3246 2452 3411 2507 intro~

1840 2539 2069 2596 ducendi
2106 2543 2419 2607 adventum,
2451 2543 2802 2612 protinusque
2827 2551 2884 2597 ul
2919 2544 3094 2598 velum
3132 2546 3410 2598 reductum

1841 2633 2027 2697 tuerit,
2056 2634 2223 2688 intrat
2248 2633 2410 2689 simul
2444 2649 2565 2689 cum
2597 2634 2746 2703 regio
2778 2634 3002 2690 ostiario
3030 2638 3411 2705 protuspatba-

1842 2723 1956 2779 rius
1997 2724 2380 2789 basilicarum,
2426 2726 2778 2781 introducens
2824 2727 3215 2781 honorandum.
3259 2727 3412 2780 llunc

1840 2815 2091 2870 hortatur
2122 2817 2292 2873 tribus
2319 2816 2373 2871 in
2405 2816 2633 2872 diversis
2664 2817 2801 2872 locis
2830 2817 3127 2887 Augustum
3161 2820 3410 2884 adorare,

1842 2907 2073 2962 collocat
2100 2924 2281 2963 coram
2308 2909 2513 2964 domini
2547 2911 2712 2972 vultu,
2748 2926 2855 2980 quo
2877 2927 2941 2965 ex
2972 2912 3140 2982 ipsius
3165 2913 3412 2967 manibus

1842 3000 2120 3069 dignitatis
2167 3000 2379 3072 insigne
2432 3002 2683 3071 accipiat.
2743 3000 2887 3056 Idem
2942 3004 3413 3073 protospatbarins

1843 3112 1964 3151 eum
2017 3099 2067 3151 id
2111 3107 2329 3152 nactum
2368 3108 2515 3154 retro
2558 3099 2894 3169 aliquantum
2945 3100 2999 3154 in
3041 3101 3272 3171 vestigia
3318 3118 3411 3155 sua

1845 3188 1994 3240 vultu
2040 3189 2294 3243 irretorto
2331 3180 2460 3259 agit,
2490 3200 2544 3244 et
2583 3192 2818 3261 acceptis
2856 3206 2884 3245 a
2936 3190 3156 3246 domino
3188 3192 3413 3261 insigni-

1844 3278 1945 3333 bus
1977 3280 2170 3342 induit,
2203 3296 2499 3351 rursusque
2533 3297 2779 3351 prorsum
2805 3285 3023 3337 ductum
3054 3285 3198 3353 cogit
3227 3298 3413 3337 sacros

1844 3372 2070 3441 Augusti
2104 3374 2268 3442 pedes
2300 3374 2554 3428 osculari.
2596 3372 2665 3429 Ut
2713 3375 2871 3428 rediit
2912 3374 3165 3429 reductus
3200 3377 3265 3429 ad
3298 3391 3412 3440 eos,

1844 3468 1935 3532 qui
1967 3466 2105 3519 intra
2132 3467 2199 3520 ad
2230 3466 2402 3519 velum
2434 3473 2606 3531 stant,
2644 3467 2743 3536 ipsi
2778 3466 3037 3536 dignitate
3072 3482 3247 3535 pares,
3274 3470 3416 3520 reci—

156 3560 269 3618 τοῖς
314 3557 508 3621 κάτω,
556 3560 603 3611 οἱ
648 3560 897 3629 ὁμότιμοι
942 3563 1035 3615 τοῦ
1080 3563 1390 3633 ἀξιώματος
1428 3563 1619 3632 ἄνδρες
1666 3564 1741 3627 ὡς

1849 3560 2002 3625 piunt
2033 3567 2091 3611 ut
2120 3559 2352 3612 anticum
2381 3568 2435 3612 et
2461 3559 2743 3627 collegam,
2769 3559 3168 3613 veneratiOnem
3194 3563 3414 3631 Augusti

159 3648 411 3716 ἰσότιμον
454 3647 825 3719 εἰσδεξάμενοι
874 3651 1045 3719 φίλον,
1092 3653 1151 3704 τὸ
1197 3653 1359 3716 σέϐας
1408 3653 1740 3723 πληροῦντες

153 3740 253 3807 τὴν
288 3738 667 3811 εὐχαριστίαν.
691 3741 779 3793 διὰ
821 3742 923 3810 τῆς
957 3744 1381 3813 προσκυνήσεως
1407 3744 1487 3814 τῷ
1534 3745 1740 3814 βασιλεῖ

154 3831 567 3900 προσςωνοῦσι,
598 3832 692 3885 καὶ
721 3834 1098 3905 συνεξέρχεται
1127 3836 1173 3866 ⁷⁸
1189 3837 1382 3906 τούτῳ.
1428 3838 1491 3888 Ἢ
1520 3838 1576 3889 δὲ
1598 3855 1741 3908 παρ-

151 3923 374 3973 εστῶσα
439 3922 653 3975 πάντων
712 3923 821 3976 τῶν
872 3925 965 3978 τοῦ
1024 3926 1408 3980 κουϐουκλείου
1470 3928 1596 3995 ἀξία
1647 3931 1741 3981 τὸν

151 4013 386 4081 βασιλέα
437 4013 600 4078 ἀξίως
647 4016 1107 4084 ὲπευφημήσασα,
1164 4019 1257 4070 καὶ
1296 4020 1435 4088 αὐτὴ
1483 4020 1739 4089 συνεξέρ-

148 4121 308 4174 χεται
349 4103 576 4167 τούτοις.
612 4105 934 4172 Εἰσάγονται
983 4107 1039 4160 δὲ
1066 4108 1235 4160 πᾶσαι
1266 4110 1320 4162 αί
1362 4112 1468 4162 τῶν
1494 4110 1578 4162 διὰ
1607 4110 1739 4180 βρα-

147 4194 313 4245 ϐεέων
368 4193 693 4263 ἀξιωμάτων
724 4195 977 4267 διαφοραὶ
1010 4197 1153 4251 κατὰ
1187 4197 1337 4263 τάξιν
1372 4201 1464 4251 καὶ
1506 4200 1738 4270 ἀριθμὸν

150 4286 243 4338 τὸν
273 4285 381 4357 ἤδη
431 4286 789 4356 ).εχθήσεσοαι
844 4289 1125 4358 μέλλοντα.
1180 4291 1401 4355 καὶτὰς
1453 4291 1740 4362 συνηθείας

1844 3650 2210 3711 absolventes,
2247 3651 2538 3719 gratiarum
2574 3651 2839 3704 actionem
2881 3665 3034 3704 suam
3069 3651 3242 3705 eidem
3286 3668 3415 3705 voce

1844 3744 1991 3794 clara
2018 3750 2071 3795 et
2102 3742 2419 3796 adoratione
2454 3743 2785 3813 signiﬁcant,
2810 3754 2861 3796 et
2892 3757 3016 3796 eum
3045 3758 3181 3797 novo
3211 3743 3411 3813 collegi

1847 3835 2007 3889 simul
2058 3835 2277 3890 abeunt.
2344 3834 2557 3890 Pariter
2600 3846 2788 3891 astans
2833 3834 3065 3891 cubiculi
3104 3844 3247 3890 totus
3282 3840 3415 3890 ordo

1844 3926 2006 3980 simul
2032 3942 2150 3980 cum
2181 3927 2283 3981 illis
2309 3928 2422 3981 abit
2448 3935 2568 3997 post
2599 3928 2788 3982 laudes
2810 3936 2865 3981 et
2895 3927 3039 3982 bona
3068 3929 3231 3980 verba
3265 3930 3413 3996 prin-

1843 4019 1946 4088 cipi
1993 4020 2252 4073 decenter
2293 4020 2458 4075 dicta.
2503 4018 2927 4073 lntroducuntur
2975 4029 3155 4074 autem
3201 4035 3410 4085 omnes,

1842 4128 1960 4182 qua:
1981 4128 2100 4166 cum
2127 4112 2341 4168 brabeis
2362 4112 2442 4166 vel
2466 4112 2701 4181 prmmiis
2725 4122 2816 4164 aut
2841 4109 3142 4181 insignibus
3168 4111 3383 4163 tribuun
3400 4140 3415 4151 -

1844 4213 1949 4267 tur,
1985 4203 2295 4274 dignitates.
2331 4218 2397 4257 eo
2431 4216 2591 4271 quem
2623 4217 2745 4257 mox
2788 4202 3051 4265 dicemus,
3091 4202 3288 4254 ordine
3316 4217 3417 4253 tnt-

1842 4310 2120 4362 meroque,
2149 4309 2254 4363 quo
2278 4294 2443 4350 etiam
2468 4295 2889 4349 consuetudines
2916 4301 3172 4362 praestare
3194 4292 3412 4347 debent.

144 4380 420 4449 παρέχειν
475 4378 807 4447 ὀφείλοντας.
862 4382 974 4434 Καὶ
1019 4382 1127 4453 γὰρ
1175 4385 1229 4436 αἰ
1282 4384 1381 4451 μὲν
1428 4384 1607 4437 αὐτῶν
1650 4384 1738 4439 διὰ

144 4471 427 4539 βραϐείων
478 4472 826 4543 παρέχονται,
885 4474 940 4525 αἰ
992 4474 1050 4527 δὲ
1105 4475 1194 4529 διὰ
1248 4475 1526 4545 βασιλικοῦ
1577 4478 1735 4546 λόγου

140 4565 560 4634 προσγίνονται,
598 4566 692 4617 καὶ
726 4565 1050 4621 συνέπονται
1090 4569 1211 4631 ταῖς
1238 4568 1325 4621 διὰ
1356 4568 1623 4638 βραϐείωι
1653 4569 1735 4621 δι-

139 4654 409 4721 δομέναις
447 4652 648 4718 ἀξίαις,
678 4655 774 4707 καὶ
805 4656 857 4707 αἰ
893 4656 991 4725 μὲν
1028 4656 1208 4711 αὐτῶν
1232 4658 1292 4710 τὸ
1324 4661 1551 4729 μόνιμον
1580 4658 1735 4729 ἐχου-

137 4759 243 4805 σιν,
279 4744 341 4795 αἱ
378 4742 435 4794 δὲ
459 4743 655 4813 ῥαδίως
687 4745 850 4798 πάλιν
880 4747 1282 4819 ἀφαιρούμεναι
1313 4750 1378 4803 ὲκ
1426 4750 1735 4821 προσώπων

137 4836 220 4897 εἰς
260 4834 539 4905 πρόσωπα
569 4835 955 4893 διαϐαίνουσιν.

518 4930 588 4981 ΑΙ
618 4926 1030 4997 ὄιὰβραϐείων
1052 4930 1214 4995 ἀξίαι
1245 4940 1342 5001 ιη’.
1770 4912 1811 4965 ο

1842 4387 2170 4457 Dignitatum
2195 4388 2440 4453 quaedam
2465 4387 2700 4451 brabeis,
2722 4388 2840 4441 alia:
2863 4386 2978 4441 solo
3002 4386 3210 4439 domini
3237 4386 3414 4439 edicto

1842 4480 2221 4547 impetrantur,
2241 4490 2296 4534 et
2316 4479 2652 4534 comitantur
2677 4478 2798 4532 illas
2826 4477 3058 4547 priores,
3079 4487 3135 4530 et
3158 4492 3279 4530 cum
3308 4477 3414 4529 illis

1839 4571 2026 4622 eodem
2072 4576 2315 4637 tempore
2351 4578 2576 4635 possunt
2622 4567 2688 4618 ab
2737 4565 2927 4620 eodem
2973 4565 3106 4633 geri.
3154 4563 3410 4629 anednni

1839 4656 2004 4712 semel
2044 4657 2257 4711 tributa:
2288 4666 2605 4712 constanter
2636 4657 2942 4721 inhaerent;
2970 4656 3088 4710 alue
3118 4656 3217 4710 levi
3249 4674 3408 4725 nego-

1840 4750 1913 4804 tio
1944 4764 2132 4804 rursus
2162 4749 2425 4819 ademptae
2448 4748 2517 4803 ab
2549 4764 2656 4803 uno
2685 4749 2750 4803 ad
2781 4747 3008 4802 altermn
3045 4749 3300 4817 migrant.

1938 4923 2012 4977 De
2039 4923 2324 4977 octodecim
2347 4922 2711 5043 dignitatibus,
2736 4937 2854 4988 qua:
2877 4937 2995 4974 cum
3024 4922 3318 4990 insignibus

2458 5002 2524 5043 tn
2568 5003 2783 5043 nuntur.

2458 5002 2783 5044 tribuuntur.

206 5082 335 5135 Εἰσὶ
383 5081 442 5134 δὲ
493 5084 666 5135 πᾶσαι
709 5082 846 5152 ὁμοῦ
907 5085 965 5138 at
1010 5085 1097 5139 διὰ
1133 5085 1404 5155 βραϐείων
1447 5087 1725 5157 διδόμεναι

1908 5086 2038 5152 Qum
2062 5100 2181 5139 cum
2215 5084 2513 5153 insignibus
2541 5086 2756 5146 dantur.
2784 5094 2839 5138 et
2864 5083 3031 5138 semel
3056 5085 3193 5137 datte
3226 5101 3410 5137 rursus

1454 5199 1688 5254 VARI/{'3
1735 5200 2136 5257 LECTIONES.

206 5295 250 5325 "
278 5292 542 5362 συρέντος
568 5288 681 5365 legs
703 5309 825 5352 esse
852 5304 1004 5367 putat
1035 5297 1099 5350 ll.
1141 5311 1238 5366 pro
1272 5296 1653 5357 πετατσθέντος.
1731 5300 1773 5330 ⁷⁸
1800 5298 2077 5367 συνεξέρχ,
2111 5296 2176 5361 ll,
2216 5297 2536 5368 συνέρχεται
2565 5296 2686 5351 cod.
2711 5302 2764 5349 el.
2793 5296 2883 5349 ed.

1193 5409 1386 5464 JOAN.
1410 5409 1554 5464 JAC.
1599 5409 1858 5467 REISKII
1893 5410 2466 5468 COMMENTARIUS.

136 5504 276 5553 nudo
301 5500 461 5572 verba
490 5498 680 5568 absque
704 5500 896 5572 scripto
920 5500 1225 5572 vetcharta,
1256 5511 1462 5552 tantum
1486 5515 1601 5552 cum
1626 5504 1721 5572 σο·
1832 5504 1991 5569 paulo
2039 5513 2180 5572 post,
2227 5504 2313 5559 ubi
2372 5505 2399 5556 ὁ
2433 5501 2539 5555 τῶν
2589 5499 2884 5571 βασιλικῶν
2922 5497 3409 5570 πρωτοσπαθάριος

138 5573 268 5623 mini
305 5567 489 5638 gladio
531 5567 607 5621 vel
643 5570 792 5639 galea
836 5573 910 5623 vel
945 5585 1105 5622 rormt
1139 5571 1213 5623 vel
1246 5580 1474 5641 cratera,
1518 5581 1572 5621 et
1608 5570 1725 5635 plu-
1832 5567 2045 5641 legitur;

138 5658 274 5693 mna
305 5648 601 5711 tenententa
634 5656 750 5693 cum
789 5641 1005 5703 calcari,
1046 5655 1165 5691 cum
1198 5640 1414 5710 strigili,
1446 5656 1561 5693 cum
1596 5656 1723 5692 arcu
1892 5640 2014 5711 ’(IS)
2052 5642 2161 5695 Iino
2200 5658 2324 5695 vero
2359 5642 2633 5711 συρέντος.
2661 5640 3023 5710 ἐφιλκοςιὲνου
3065 5681 3079 5702 ,
3113 5648 3406 5695 contractu.

138 5723 181 5764 et
227 5708 495 5782 nonnulla
524 5725 641 5763 cum
671 5714 890 5782 sagitta.
1040 5781 1044 5782 ν
1302 5708 1315 5710 “
1418 5780 1427 5782 _
1474 5781 1481 5782 ί
1513 5780 1519 5782 _
1823 5708 2040 5765 reducto
2071 5714 2202 5767 velo.
2232 5708 2554 5766 Nemuenim
2590 5708 2790 5782 ingredi
2825 5708 2991 5782 potest
3021 5711 3181 5780 βφου
3242 5725 3411 5761 πίη-

207 5782 325 5847 (17)
374 5779 451 5832 Ita
479 5778 623 5846 jacet
667 5781 717 5834 in
744 5778 1100 5845 membranis,
1126 5784 1266 5850 quod
1297 5793 1360 5832 ne
1400 5780 1612 5833 dubites
1640 5795 1722 5832 re-
1835 5784 2069 5846 σθέντος,
2101 5788 2207 5838 veto
2230 5798 2479 5850 expanso.

139 5864 285 5905 ctum
344 5866 488 5913 esse,
531 5861 619 5905 aut
643 5851 819 5907 saltim
859 5850 965 5903 τῶν
1010 5849 1336 5917 βασιλικῶν,
1383 5850 1722 5918 persuadebit
