  <div class='ocr_page' id='page_1' title='image "/cluster/home/n/w/nwhite01/storage/ocr_20150623/112/hvd.32044054759774/010.png"; bbox 0 0 3974 6188; ppageno 0'>
   <div class='ocr_carea' id='block_1_1' title="bbox 1178 496 2645 635">
    <p class='ocr_par' dir='ltr' id='par_1_1' title="bbox 1178 496 2645 635">
     <span class='ocr_line' id='line_1_1' title="bbox 1178 496 2645 635; baseline 0.004 -10"><span class='ocrx_word' id='word_1_1' title='bbox 1178 496 2645 635; x_wconf 78' lang='lat' dir='ltr'><strong>ENARRATIONUM</strong></span> 
     </span>
    </p>
   </div>
   <div class='ocr_carea' id='block_1_2' title="bbox 1870 759 1938 812">
    <p class='ocr_par' dir='ltr' id='par_1_2' title="bbox 1870 759 1938 812">
     <span class='ocr_line' id='line_1_2' title="bbox 1870 759 1938 812; baseline 0.029 -2"><span class='ocrx_word' id='word_1_2' title='bbox 1870 759 1938 812; x_wconf 79' lang='grc' dir='ltr'>ΙΝ</span> 
     </span>
    </p>
   </div>
   <div class='ocr_carea' id='block_1_3' title="bbox 575 925 3268 1067">
    <p class='ocr_par' dir='ltr' id='par_1_3' title="bbox 575 925 3268 1067">
     <span class='ocr_line' id='line_1_3' title="bbox 575 925 3268 1067; baseline 0.001 -7"><span class='ocrx_word' id='word_1_3' title='bbox 575 925 1760 1067; x_wconf 86' lang='lat' dir='ltr'><strong>EPISTOLAS</strong></span> <span class='ocrx_word' id='word_1_4' title='bbox 1865 927 2541 1067; x_wconf 85' lang='lat' dir='ltr'><strong>BEATI</strong></span> <span class='ocrx_word' id='word_1_5' title='bbox 2631 927 3268 1066; x_wconf 83' lang='lat' dir='ltr'><strong>PAULI</strong></span> 
     </span>
    </p>
   </div>
   <div class='ocr_carea' id='block_1_4' title="bbox 1440 1184 2391 1280">
    <p class='ocr_par' dir='ltr' id='par_1_4' title="bbox 1440 1184 2391 1280">
     <span class='ocr_line' id='line_1_4' title="bbox 1440 1184 2391 1280; baseline 0.004 -4"><span class='ocrx_word' id='word_1_6' title='bbox 1440 1184 1848 1277; x_wconf 86' lang='lat' dir='ltr'><strong>LIBER</strong></span> <span class='ocrx_word' id='word_1_7' title='bbox 1917 1184 2391 1280; x_wconf 87' lang='lat' dir='ltr'><strong>NONUS.</strong></span> 
     </span>
    </p>
   </div>
   <div class='ocr_carea' id='block_1_5' title="bbox 500 1481 3318 1562">
    <p class='ocr_par' dir='ltr' id='par_1_5' title="bbox 500 1481 3318 1562">
     <span class='ocr_line' id='line_1_5' title="bbox 500 1481 3318 1562; baseline 0.003 -9"><span class='ocrx_word' id='word_1_8' title='bbox 500 1481 1071 1561; x_wconf 81' lang='lat' dir='ltr'><strong>EXPOSITIO</strong></span> <span class='ocrx_word' id='word_1_9' title='bbox 1122 1486 1239 1560; x_wconf 86' lang='lat' dir='ltr'><strong>IN</strong></span> <span class='ocrx_word' id='word_1_10' title='bbox 1289 1486 1899 1562; x_wconf 83' lang='lat' dir='ltr'><strong>EPISTOLAM</strong></span> <span class='ocrx_word' id='word_1_11' title='bbox 1948 1486 2100 1559; x_wconf 85' lang='lat' dir='ltr'><strong>AD</strong></span> <span class='ocrx_word' id='word_1_12' title='bbox 2152 1482 2812 1561; x_wconf 79' lang='lat' dir='ltr'><strong>CORINTHIOS</strong></span> <span class='ocrx_word' id='word_1_13' title='bbox 2856 1484 3318 1562; x_wconf 84' lang='lat' dir='ltr'><strong>PRIMAM.</strong></span> 
     </span>
    </p>
   </div>
   <div class='ocr_carea' id='block_1_6' title="bbox 820 1746 1344 1803">
    <p class='ocr_par' dir='ltr' id='par_1_6' title="bbox 820 1746 1344 1803">
     <span class='ocr_line' id='line_1_6' title="bbox 820 1746 1344 1803; baseline 0.006 -5"><span class='ocrx_word' id='word_1_14' title='bbox 820 1746 1344 1803; x_wconf 76' lang='lat' dir='ltr'><strong>ARGUMENTUM.</strong></span> 
     </span>
    </p>
   </div>
   <div class='ocr_carea' id='block_1_7' title="bbox 359 1833 1879 1904">
    <p class='ocr_par' dir='ltr' id='par_1_7' title="bbox 359 1833 1879 1904">
     <span class='ocr_line' id='line_1_7' title="bbox 359 1833 1879 1904; baseline 0 -17"><span class='ocrx_word' id='word_1_15' title='bbox 359 1834 551 1902; x_wconf 66' lang='lat' dir='ltr'><strong>Mlier.)</strong></span> <span class='ocrx_word' id='word_1_16' title='bbox 589 1833 866 1887; x_wconf 80' lang='lat' dir='ltr'><strong>Corinthii</strong></span> <span class='ocrx_word' id='word_1_17' title='bbox 893 1842 1026 1889; x_wconf 90' lang='lat' dir='ltr'><strong>sunt</strong></span> <span class='ocrx_word' id='word_1_18' title='bbox 1064 1837 1277 1904; x_wconf 83' lang='lat' dir='ltr'><strong>Achivi,</strong></span> <span class='ocrx_word' id='word_1_19' title='bbox 1324 1844 1381 1891; x_wconf 89' lang='lat' dir='ltr'><strong>et</strong></span> <span class='ocrx_word' id='word_1_20' title='bbox 1421 1838 1477 1892; x_wconf 92' lang='lat' dir='ltr'><strong>hi</strong></span> <span class='ocrx_word' id='word_1_21' title='bbox 1520 1836 1781 1892; x_wconf 82' lang='lat' dir='ltr'><strong>similiter</strong></span> <span class='ocrx_word' id='word_1_22' title='bbox 1808 1835 1879 1888; x_wconf 87' lang='lat' dir='ltr'><strong>ab</strong></span> 
     </span>
    </p>
   </div>
   <div class='ocr_carea' id='block_1_8' title="bbox 289 1923 1878 1995">
    <p class='ocr_par' dir='ltr' id='par_1_8' title="bbox 289 1923 1878 1995">
     <span class='ocr_line' id='line_1_8' title="bbox 289 1923 1878 1995; baseline 0.003 -23"><span class='ocrx_word' id='word_1_23' title='bbox 289 1923 549 1990; x_wconf 81' lang='lat' dir='ltr'><strong>apostolis</strong></span> <span class='ocrx_word' id='word_1_24' title='bbox 581 1923 919 1995; x_wconf 73' lang='lat' dir='ltr'><strong>audiverunt</strong></span> <span class='ocrx_word' id='word_1_25' title='bbox 955 1925 1189 1980; x_wconf 89' lang='lat' dir='ltr'><strong>verbum</strong></span> <span class='ocrx_word' id='word_1_26' title='bbox 1231 1927 1499 1992; x_wconf 74' lang='lat' dir='ltr'><strong>veritatis,</strong></span> <span class='ocrx_word' id='word_1_27' title='bbox 1532 1933 1590 1980; x_wconf 86' lang='lat' dir='ltr'><strong>et</strong></span> <span class='ocrx_word' id='word_1_28' title='bbox 1628 1924 1878 1980; x_wconf 81' lang='lat' dir='ltr'><strong>subversi</strong></span> 
     </span>
    </p>
   </div>
   <div class='ocr_carea' id='block_1_9' title="bbox 294 2010 1878 2085">
    <p class='ocr_par' dir='ltr' id='par_1_9' title="bbox 294 2010 1878 2085">
     <span class='ocr_line' id='line_1_9' title="bbox 294 2010 1878 2085; baseline 0.003 -23"><span class='ocrx_word' id='word_1_29' title='bbox 294 2010 591 2064; x_wconf 76' lang='lat' dir='ltr'><strong>multifario</strong></span> <span class='ocrx_word' id='word_1_30' title='bbox 619 2029 651 2064; x_wconf 90' lang='lat' dir='ltr'><strong>a</strong></span> <span class='ocrx_word' id='word_1_31' title='bbox 684 2012 837 2066; x_wconf 79' lang='lat' dir='ltr'><strong>falsis</strong></span> <span class='ocrx_word' id='word_1_32' title='bbox 863 2014 1148 2083; x_wconf 82' lang='lat' dir='ltr'><strong>apostolis,</strong></span> <span class='ocrx_word' id='word_1_33' title='bbox 1179 2015 1406 2085; x_wconf 86' lang='lat' dir='ltr'><strong>quidam</strong></span> <span class='ocrx_word' id='word_1_34' title='bbox 1447 2032 1481 2069; x_wconf 89' lang='lat' dir='ltr'><strong>a</strong></span> <span class='ocrx_word' id='word_1_35' title='bbox 1516 2013 1878 2085; x_wconf 80' lang='lat' dir='ltr'><strong>philosophiae</strong></span> 
     </span>
    </p>
   </div>
   <div class='ocr_carea' id='block_1_10' title="bbox 294 2098 1878 2174">
    <p class='ocr_par' dir='ltr' id='par_1_10' title="bbox 294 2098 1878 2174">
     <span class='ocr_line' id='line_1_10' title="bbox 294 2098 1878 2174; baseline 0.004 -25"><span class='ocrx_word' id='word_1_36' title='bbox 294 2098 515 2152; x_wconf 85' lang='lat' dir='ltr'><strong>verbosa</strong></span> <span class='ocrx_word' id='word_1_37' title='bbox 539 2100 862 2171; x_wconf 85' lang='lat' dir='ltr'><strong>eloquentia</strong></span> <span class='ocrx_word' id='word_1_38' title='bbox 887 2103 944 2156; x_wconf 91' lang='lat' dir='ltr'><strong>in</strong></span> <span class='ocrx_word' id='word_1_39' title='bbox 982 2108 1193 2157; x_wconf 81' lang='lat' dir='ltr'><strong>sectam</strong></span> <span class='ocrx_word' id='word_1_40' title='bbox 1224 2104 1364 2174; x_wconf 84' lang='lat' dir='ltr'><strong>legis</strong></span> <span class='ocrx_word' id='word_1_41' title='bbox 1392 2104 1635 2159; x_wconf 72' lang='lat' dir='ltr'><strong>Judaicze</strong></span> <span class='ocrx_word' id='word_1_42' title='bbox 1667 2102 1878 2156; x_wconf 87' lang='lat' dir='ltr'><strong>inducti</strong></span> 
     </span>
    </p>
   </div>
   <div class='ocr_carea' id='block_1_11' title="bbox 290 2189 1880 2262">
    <p class='ocr_par' dir='ltr' id='par_1_11' title="bbox 290 2189 1880 2262">
     <span class='ocr_line' id='line_1_11' title="bbox 290 2189 1880 2262; baseline 0.003 -23"><span class='ocrx_word' id='word_1_43' title='bbox 290 2194 434 2240; x_wconf 90' lang='lat' dir='ltr'><strong>sunt.</strong></span> <span class='ocrx_word' id='word_1_44' title='bbox 472 2189 583 2242; x_wconf 85' lang='lat' dir='ltr'><strong>Hos</strong></span> <span class='ocrx_word' id='word_1_45' title='bbox 610 2198 831 2244; x_wconf 76' lang='lat' dir='ltr'><strong>revocat</strong></span> <span class='ocrx_word' id='word_1_46' title='bbox 872 2194 1171 2262; x_wconf 84' lang='lat' dir='ltr'><strong>Apostolus</strong></span> <span class='ocrx_word' id='word_1_47' title='bbox 1198 2194 1267 2247; x_wconf 84' lang='lat' dir='ltr'><strong>ad</strong></span> <span class='ocrx_word' id='word_1_48' title='bbox 1296 2210 1487 2247; x_wconf 80' lang='lat' dir='ltr'><strong>veram</strong></span> <span class='ocrx_word' id='word_1_49' title='bbox 1519 2199 1575 2245; x_wconf 90' lang='lat' dir='ltr'><strong>et</strong></span> <span class='ocrx_word' id='word_1_50' title='bbox 1604 2191 1880 2260; x_wconf 87' lang='lat' dir='ltr'><strong>evangeli-</strong></span> 
     </span>
    </p>
   </div>
   <div class='ocr_carea' id='block_1_12' title="bbox 285 2278 1879 2351">
    <p class='ocr_par' dir='ltr' id='par_1_12' title="bbox 285 2278 1879 2351">
     <span class='ocr_line' id='line_1_12' title="bbox 285 2278 1879 2351; baseline 0.003 -22"><span class='ocrx_word' id='word_1_51' title='bbox 285 2294 403 2329; x_wconf 87' lang='lat' dir='ltr'><strong>cam</strong></span> <span class='ocrx_word' id='word_1_52' title='bbox 434 2278 791 2347; x_wconf 80' lang='lat' dir='ltr'><strong>sapientiam.</strong></span> <span class='ocrx_word' id='word_1_53' title='bbox 821 2281 1068 2335; x_wconf 91' lang='lat' dir='ltr'><strong>scribens</strong></span> <span class='ocrx_word' id='word_1_54' title='bbox 1100 2283 1181 2335; x_wconf 86' lang='lat' dir='ltr'><strong>eis</strong></span> <span class='ocrx_word' id='word_1_55' title='bbox 1209 2282 1279 2335; x_wconf 87' lang='lat' dir='ltr'><strong>ab</strong></span> <span class='ocrx_word' id='word_1_56' title='bbox 1309 2282 1525 2351; x_wconf 89' lang='lat' dir='ltr'><strong>Epheso</strong></span> <span class='ocrx_word' id='word_1_57' title='bbox 1564 2298 1664 2351; x_wconf 89' lang='lat' dir='ltr'><strong>per</strong></span> <span class='ocrx_word' id='word_1_58' title='bbox 1690 2280 1879 2334; x_wconf 91' lang='lat' dir='ltr'><strong>Timo-</strong></span> 
     </span>
    </p>
   </div>
   <div class='ocr_carea' id='block_1_13' title="bbox 285 2365 1880 2439">
    <p class='ocr_par' dir='ltr' id='par_1_13' title="bbox 285 2365 1880 2439">
     <span class='ocr_line' id='line_1_13' title="bbox 285 2365 1880 2439; baseline 0.003 -22"><span class='ocrx_word' id='word_1_59' title='bbox 285 2365 473 2418; x_wconf 86' lang='lat' dir='ltr'><strong>theum</strong></span> <span class='ocrx_word' id='word_1_60' title='bbox 505 2366 842 2438; x_wconf 90' lang='lat' dir='ltr'><strong>discipulum</strong></span> <span class='ocrx_word' id='word_1_61' title='bbox 874 2386 1059 2423; x_wconf 89' lang='lat' dir='ltr'><strong>suum.</strong></span> <span class='ocrx_word' id='word_1_62' title='bbox 1095 2370 1325 2437; x_wconf 79' lang='lat' dir='ltr'><strong>(Ambr.)</strong></span> <span class='ocrx_word' id='word_1_63' title='bbox 1367 2370 1649 2439; x_wconf 63' lang='lat' dir='ltr'><strong>Praecepto</strong></span> <span class='ocrx_word' id='word_1_64' title='bbox 1688 2374 1880 2422; x_wconf 89' lang='lat' dir='ltr'><strong>autem</strong></span> 
     </span>
    </p>
   </div>
   <div class='ocr_carea' id='block_1_14' title="bbox 286 2454 1879 2529">
    <p class='ocr_par' dir='ltr' id='par_1_14' title="bbox 286 2454 1879 2529">
     <span class='ocr_line' id='line_1_14' title="bbox 286 2454 1879 2529; baseline 0.003 -23"><span class='ocrx_word' id='word_1_65' title='bbox 286 2454 502 2507; x_wconf 87' lang='lat' dir='ltr'><strong>Domini</strong></span> <span class='ocrx_word' id='word_1_66' title='bbox 534 2457 858 2511; x_wconf 75' lang='lat' dir='ltr'><strong>admonitus</strong></span> <span class='ocrx_word' id='word_1_67' title='bbox 896 2459 1196 2528; x_wconf 81' lang='lat' dir='ltr'><strong>Apostolus</strong></span> <span class='ocrx_word' id='word_1_68' title='bbox 1244 2459 1452 2512; x_wconf 69' lang='lat' dir='ltr'><strong>resedit</strong></span> <span class='ocrx_word' id='word_1_69' title='bbox 1492 2458 1640 2529; x_wconf 87' lang='lat' dir='ltr'><strong>apud</strong></span> <span class='ocrx_word' id='word_1_70' title='bbox 1682 2458 1879 2511; x_wconf 87' lang='lat' dir='ltr'><strong>Corin-</strong></span> 
     </span>
    </p>
   </div>
   <div class='ocr_carea' id='block_1_15' title="bbox 285 2543 1881 2611">
    <p class='ocr_par' dir='ltr' id='par_1_15' title="bbox 285 2543 1881 2611">
     <span class='ocr_line' id='line_1_15' title="bbox 285 2543 1881 2611; baseline 0.003 -16"><span class='ocrx_word' id='word_1_71' title='bbox 285 2543 426 2596; x_wconf 84' lang='lat' dir='ltr'><strong>thios</strong></span> <span class='ocrx_word' id='word_1_72' title='bbox 451 2561 668 2598; x_wconf 88' lang='lat' dir='ltr'><strong>annum</strong></span> <span class='ocrx_word' id='word_1_73' title='bbox 699 2553 757 2599; x_wconf 91' lang='lat' dir='ltr'><strong>et</strong></span> <span class='ocrx_word' id='word_1_74' title='bbox 782 2563 1004 2600; x_wconf 87' lang='lat' dir='ltr'><strong>menses</strong></span> <span class='ocrx_word' id='word_1_75' title='bbox 1047 2565 1161 2611; x_wconf 80' lang='lat' dir='ltr'><strong>sex,</strong></span> <span class='ocrx_word' id='word_1_76' title='bbox 1202 2548 1408 2602; x_wconf 90' lang='lat' dir='ltr'><strong>docens</strong></span> <span class='ocrx_word' id='word_1_77' title='bbox 1438 2548 1586 2601; x_wconf 89' lang='lat' dir='ltr'><strong>inter</strong></span> <span class='ocrx_word' id='word_1_78' title='bbox 1627 2564 1722 2601; x_wconf 90' lang='lat' dir='ltr'><strong>eos</strong></span> <span class='ocrx_word' id='word_1_79' title='bbox 1763 2564 1881 2600; x_wconf 90' lang='lat' dir='ltr'><strong>ver-</strong></span> 
     </span>
    </p>
   </div>
   <div class='ocr_carea' id='block_1_16' title="bbox 290 2631 1881 2706">
    <p class='ocr_par' dir='ltr' id='par_1_16' title="bbox 290 2631 1881 2706">
     <span class='ocr_line' id='line_1_16' title="bbox 290 2631 1881 2706; baseline 0.003 -22"><span class='ocrx_word' id='word_1_80' title='bbox 290 2631 417 2686; x_wconf 88' lang='lat' dir='ltr'><strong>bum</strong></span> <span class='ocrx_word' id='word_1_81' title='bbox 448 2634 544 2687; x_wconf 91' lang='lat' dir='ltr'><strong>Dei</strong></span> <span class='ocrx_word' id='word_1_82' title='bbox 574 2653 586 2685; x_wconf 90' lang='lat'><strong>:</strong></span> <span class='ocrx_word' id='word_1_83' title='bbox 618 2635 749 2689; x_wconf 87' lang='lat' dir='ltr'><strong>hinc</strong></span> <span class='ocrx_word' id='word_1_84' title='bbox 779 2642 867 2689; x_wconf 91' lang='lat' dir='ltr'><strong>est</strong></span> <span class='ocrx_word' id='word_1_85' title='bbox 895 2637 1187 2706; x_wconf 90' lang='lat' dir='ltr'><strong>quodcum</strong></span> <span class='ocrx_word' id='word_1_86' title='bbox 1218 2654 1425 2706; x_wconf 88' lang='lat' dir='ltr'><strong>magna</strong></span> <span class='ocrx_word' id='word_1_87' title='bbox 1454 2637 1658 2691; x_wconf 90' lang='lat' dir='ltr'><strong>ﬁducia</strong></span> <span class='ocrx_word' id='word_1_88' title='bbox 1681 2642 1738 2690; x_wconf 88' lang='lat' dir='ltr'><strong>et</strong></span> <span class='ocrx_word' id='word_1_89' title='bbox 1754 2637 1881 2690; x_wconf 90' lang='lat' dir='ltr'><strong>cha-</strong></span> 
     </span>
    </p>
   </div>
   <div class='ocr_carea' id='block_1_17' title="bbox 292 2721 1876 2796">
    <p class='ocr_par' dir='ltr' id='par_1_17' title="bbox 292 2721 1876 2796">
     <span class='ocr_line' id='line_1_17' title="bbox 292 2721 1876 2796; baseline 0.003 -22"><span class='ocrx_word' id='word_1_90' title='bbox 292 2721 466 2776; x_wconf 86' lang='lat' dir='ltr'><strong>ritatis</strong></span> <span class='ocrx_word' id='word_1_91' title='bbox 492 2724 690 2778; x_wconf 83' lang='lat' dir='ltr'><strong>aﬂ&#39;ectu</strong></span> <span class='ocrx_word' id='word_1_92' title='bbox 719 2725 837 2793; x_wconf 83' lang='lat' dir='ltr'><strong>agit</strong></span> <span class='ocrx_word' id='word_1_93' title='bbox 866 2742 994 2778; x_wconf 89' lang='lat' dir='ltr'><strong>cum</strong></span> <span class='ocrx_word' id='word_1_94' title='bbox 1024 2725 1123 2791; x_wconf 88' lang='lat' dir='ltr'><strong>eis,</strong></span> <span class='ocrx_word' id='word_1_95' title='bbox 1158 2726 1461 2796; x_wconf 83' lang='lat' dir='ltr'><strong>aliquando</strong></span> <span class='ocrx_word' id='word_1_96' title='bbox 1493 2742 1876 2789; x_wconf 87' lang='lat' dir='ltr'><strong>commonens,</strong></span> 
     </span>
    </p>
   </div>
   <div class='ocr_carea' id='block_1_18' title="bbox 283 2811 1876 2885">
    <p class='ocr_par' dir='ltr' id='par_1_18' title="bbox 283 2811 1876 2885">
     <span class='ocr_line' id='line_1_18' title="bbox 283 2811 1876 2885; baseline 0.002 -22"><span class='ocrx_word' id='word_1_97' title='bbox 283 2811 582 2881; x_wconf 82' lang='lat' dir='ltr'><strong>aliquando</strong></span> <span class='ocrx_word' id='word_1_98' title='bbox 624 2830 886 2882; x_wconf 83' lang='lat' dir='ltr'><strong>arguens,</strong></span> <span class='ocrx_word' id='word_1_99' title='bbox 946 2814 1248 2885; x_wconf 81' lang='lat' dir='ltr'><strong>aliquando</strong></span> <span class='ocrx_word' id='word_1_100' title='bbox 1284 2814 1575 2869; x_wconf 86' lang='lat' dir='ltr'><strong>blandiens</strong></span> <span class='ocrx_word' id='word_1_101' title='bbox 1628 2820 1690 2868; x_wconf 89' lang='lat' dir='ltr'><strong>ut</strong></span> <span class='ocrx_word' id='word_1_102' title='bbox 1728 2814 1876 2867; x_wconf 93' lang='lat' dir='ltr'><strong>ﬁliis.</strong></span> 
     </span>
    </p>
   </div>
   <div class='ocr_carea' id='block_1_19' title="bbox 282 2899 1874 2974">
    <p class='ocr_par' dir='ltr' id='par_1_19' title="bbox 282 2899 1874 2974">
     <span class='ocr_line' id='line_1_19' title="bbox 282 2899 1874 2974; baseline 0.002 -22"><span class='ocrx_word' id='word_1_103' title='bbox 282 2899 421 2954; x_wconf 74' lang='lat' dir='ltr'><strong>Nam</strong></span> <span class='ocrx_word' id='word_1_104' title='bbox 440 2903 634 2955; x_wconf 65' lang='lat' dir='ltr'><strong>multa:</strong></span> <span class='ocrx_word' id='word_1_105' title='bbox 662 2919 842 2956; x_wconf 72' lang='lat' dir='ltr'><strong>causa:</strong></span> <span class='ocrx_word' id='word_1_106' title='bbox 858 2910 992 2957; x_wconf 90' lang='lat' dir='ltr'><strong>sunt</strong></span> <span class='ocrx_word' id='word_1_107' title='bbox 1020 2909 1249 2974; x_wconf 88' lang='lat' dir='ltr'><strong>propter</strong></span> <span class='ocrx_word' id='word_1_108' title='bbox 1273 2920 1412 2974; x_wconf 89' lang='lat' dir='ltr'><strong>quas</strong></span> <span class='ocrx_word' id='word_1_109' title='bbox 1427 2903 1621 2957; x_wconf 87' lang='lat' dir='ltr'><strong>scribit</strong></span> <span class='ocrx_word' id='word_1_110' title='bbox 1646 2904 1713 2956; x_wconf 89' lang='lat' dir='ltr'><strong>ad</strong></span> <span class='ocrx_word' id='word_1_111' title='bbox 1748 2920 1843 2957; x_wconf 90' lang='lat' dir='ltr'><strong>eos</strong></span> <span class='ocrx_word' id='word_1_112' title='bbox 1864 2922 1874 2955; x_wconf 88' lang='lat'>:</span> 
     </span>
    </p>
   </div>
   <div class='ocr_carea' id='block_1_20' title="bbox 285 2992 1881 3063">
    <p class='ocr_par' dir='ltr' id='par_1_20' title="bbox 285 2992 1881 3063">
     <span class='ocr_line' id='line_1_20' title="bbox 285 2992 1881 3063; baseline 0.002 -21"><span class='ocrx_word' id='word_1_113' title='bbox 285 3007 519 3059; x_wconf 89' lang='lat' dir='ltr'><strong>quarum</strong></span> <span class='ocrx_word' id='word_1_114' title='bbox 542 2992 725 3061; x_wconf 86' lang='lat' dir='ltr'><strong>prima</strong></span> <span class='ocrx_word' id='word_1_115' title='bbox 749 2992 867 3045; x_wconf 63' lang='lat' dir='ltr'><strong>haec</strong></span> <span class='ocrx_word' id='word_1_116' title='bbox 890 3000 975 3046; x_wconf 88' lang='lat' dir='ltr'><strong>est</strong></span> <span class='ocrx_word' id='word_1_117' title='bbox 995 3009 1067 3063; x_wconf 87' lang='lat' dir='ltr'><strong>qu</strong></span> <span class='ocrx_word' id='word_1_118' title='bbox 1078 2993 1141 3046; x_wconf 78' lang='lat' dir='ltr'><strong>)d</strong></span> <span class='ocrx_word' id='word_1_119' title='bbox 1169 3009 1325 3045; x_wconf 89' lang='lat' dir='ltr'><strong>more</strong></span> <span class='ocrx_word' id='word_1_120' title='bbox 1354 2993 1742 3046; x_wconf 65' lang='lat' dir='ltr'><strong>haereticorum</strong></span> <span class='ocrx_word' id='word_1_121' title='bbox 1771 2992 1881 3045; x_wconf 89' lang='lat' dir='ltr'><strong>dis-</strong></span> 
     </span>
    </p>
   </div>
   <div class='ocr_carea' id='block_1_21' title="bbox 1900 1745 3551 1817">
    <p class='ocr_par' dir='ltr' id='par_1_21' title="bbox 1900 1745 3551 1817">
     <span class='ocr_line' id='line_1_21' title="bbox 1900 1745 3551 1817; baseline 0.003 -19"><span class='ocrx_word' id='word_1_122' title='bbox 1900 1745 2140 1805; x_wconf 83' lang='lat' dir='ltr'><strong>Aaltera</strong></span> <span class='ocrx_word' id='word_1_123' title='bbox 2165 1762 2334 1799; x_wconf 85' lang='lat' dir='ltr'><strong>causa</strong></span> <span class='ocrx_word' id='word_1_124' title='bbox 2357 1750 2441 1799; x_wconf 89' lang='lat' dir='ltr'><strong>est</strong></span> <span class='ocrx_word' id='word_1_125' title='bbox 2472 1764 2483 1797; x_wconf 88' lang='lat'><strong>:</strong></span> <span class='ocrx_word' id='word_1_126' title='bbox 2518 1746 2607 1799; x_wconf 90' lang='lat' dir='ltr'><strong>hic</strong></span> <span class='ocrx_word' id='word_1_127' title='bbox 2632 1762 2761 1799; x_wconf 88' lang='lat' dir='ltr'><strong>vero</strong></span> <span class='ocrx_word' id='word_1_128' title='bbox 2788 1747 3116 1817; x_wconf 88' lang='lat' dir='ltr'><strong>Apostolum</strong></span> <span class='ocrx_word' id='word_1_129' title='bbox 3149 1764 3207 1801; x_wconf 93' lang='lat' dir='ltr'><strong>se</strong></span> <span class='ocrx_word' id='word_1_130' title='bbox 3237 1765 3357 1803; x_wconf 88' lang='lat' dir='ltr'><strong>esse</strong></span> <span class='ocrx_word' id='word_1_131' title='bbox 3389 1750 3551 1804; x_wconf 89' lang='lat' dir='ltr'><strong>Chri-</strong></span> 
     </span>
    </p>
   </div>
   <div class='ocr_carea' id='block_1_22' title="bbox 1960 1834 3551 1910">
    <p class='ocr_par' dir='ltr' id='par_1_22' title="bbox 1960 1834 3551 1910">
     <span class='ocr_line' id='line_1_22' title="bbox 1960 1834 3551 1910; baseline 0.003 -22"><span class='ocrx_word' id='word_1_132' title='bbox 1960 1835 2032 1888; x_wconf 89' lang='lat' dir='ltr'><strong>sti</strong></span> <span class='ocrx_word' id='word_1_133' title='bbox 2061 1836 2193 1887; x_wconf 88' lang='lat' dir='ltr'><strong>Jesu</strong></span> <span class='ocrx_word' id='word_1_134' title='bbox 2222 1834 2323 1887; x_wconf 87' lang='lat' dir='ltr'><strong>Dei</strong></span> <span class='ocrx_word' id='word_1_135' title='bbox 2353 1835 2637 1888; x_wconf 84' lang='lat' dir='ltr'><strong>voluntate</strong></span> <span class='ocrx_word' id='word_1_136' title='bbox 2655 1834 2864 1900; x_wconf 84' lang='lat' dir='ltr'><strong>scribit,</strong></span> <span class='ocrx_word' id='word_1_137' title='bbox 2887 1835 3019 1905; x_wconf 85' lang='lat' dir='ltr'><strong>quia</strong></span> <span class='ocrx_word' id='word_1_138' title='bbox 3046 1836 3235 1890; x_wconf 88' lang='lat' dir='ltr'><strong>omnia</strong></span> <span class='ocrx_word' id='word_1_139' title='bbox 3263 1855 3385 1909; x_wconf 68' lang='lat' dir='ltr'><strong>qua:</strong></span> <span class='ocrx_word' id='word_1_140' title='bbox 3417 1839 3551 1910; x_wconf 83' lang='lat' dir='ltr'><strong>egit,</strong></span> 
     </span>
    </p>
   </div>
   <div class='ocr_carea' id='block_1_23' title="bbox 1962 1922 3549 1993">
    <p class='ocr_par' dir='ltr' id='par_1_23' title="bbox 1962 1922 3549 1993">
     <span class='ocr_line' id='line_1_23' title="bbox 1962 1922 3549 1993; baseline 0.004 -17"><span class='ocrx_word' id='word_1_141' title='bbox 1962 1923 2086 1976; x_wconf 86' lang='lat' dir='ltr'><strong>Filii</strong></span> <span class='ocrx_word' id='word_1_142' title='bbox 2133 1922 2233 1977; x_wconf 88' lang='lat' dir='ltr'><strong>Dei</strong></span> <span class='ocrx_word' id='word_1_143' title='bbox 2263 1923 2378 1991; x_wconf 83' lang='lat' dir='ltr'><strong>egit</strong></span> <span class='ocrx_word' id='word_1_144' title='bbox 2417 1924 2721 1990; x_wconf 85' lang='lat' dir='ltr'><strong>voluntate,</strong></span> <span class='ocrx_word' id='word_1_145' title='bbox 2774 1925 2869 1993; x_wconf 92' lang='lat' dir='ltr'><strong>qui</strong></span> <span class='ocrx_word' id='word_1_146' title='bbox 2900 1924 3041 1979; x_wconf 83' lang='lat' dir='ltr'><strong>dixit</strong></span> <span class='ocrx_word' id='word_1_147' title='bbox 3081 1926 3152 1979; x_wconf 87' lang='lat' dir='ltr'><strong>ad</strong></span> <span class='ocrx_word' id='word_1_148' title='bbox 3182 1943 3312 1980; x_wconf 90' lang='lat' dir='ltr'><strong>eum</strong></span> <span class='ocrx_word' id='word_1_149' title='bbox 3343 1945 3354 1979; x_wconf 90' lang='lat'><strong>:</strong></span> <span class='ocrx_word' id='word_1_150' title='bbox 3402 1929 3549 1991; x_wconf 72' lang='lat' dir='ltr'><strong>Vade,</strong></span> 
     </span>
    </p>
   </div>
   <div class='ocr_carea' id='block_1_24' title="bbox 1960 2014 3554 2083">
    <p class='ocr_par' dir='ltr' id='par_1_24' title="bbox 1960 2014 3554 2083">
     <span class='ocr_line' id='line_1_24' title="bbox 1960 2014 3554 2083; baseline 0.004 -18"><span class='ocrx_word' id='word_1_151' title='bbox 1960 2030 2053 2079; x_wconf 79' lang='lat' dir='ltr'><strong>ego</strong></span> <span class='ocrx_word' id='word_1_152' title='bbox 2083 2016 2238 2079; x_wconf 82' lang='lat' dir='ltr'><strong>longe</strong></span> <span class='ocrx_word' id='word_1_153' title='bbox 2264 2014 2338 2065; x_wconf 87' lang='lat' dir='ltr'><strong>ad</strong></span> <span class='ocrx_word' id='word_1_154' title='bbox 2363 2018 2543 2079; x_wconf 79' lang='lat' dir='ltr'><strong>gentes</strong></span> <span class='ocrx_word' id='word_1_155' title='bbox 2572 2015 2793 2067; x_wconf 79' lang='lat' dir='ltr'><strong>mittam</strong></span> <span class='ocrx_word' id='word_1_156' title='bbox 2825 2019 2871 2066; x_wconf 83' lang='lat' dir='ltr'><strong>te</strong></span> <span class='ocrx_word' id='word_1_157' title='bbox 2904 2015 3035 2083; x_wconf 77' lang='lat' dir='ltr'><strong>(Act.</strong></span> <span class='ocrx_word' id='word_1_158' title='bbox 3057 2015 3208 2083; x_wconf 81' lang='lat' dir='ltr'><strong>xxu).</strong></span> <span class='ocrx_word' id='word_1_159' title='bbox 3232 2015 3373 2070; x_wconf 87' lang='lat' dir='ltr'><strong>Hinc</strong></span> <span class='ocrx_word' id='word_1_160' title='bbox 3399 2033 3554 2072; x_wconf 86' lang='lat' dir='ltr'><strong>voca-</strong></span> 
     </span>
    </p>
   </div>
   <div class='ocr_carea' id='block_1_25' title="bbox 1960 2101 3549 2170">
    <p class='ocr_par' dir='ltr' id='par_1_25' title="bbox 1960 2101 3549 2170">
     <span class='ocr_line' id='line_1_25' title="bbox 1960 2101 3549 2170; baseline 0.003 -15"><span class='ocrx_word' id='word_1_161' title='bbox 1960 2106 2052 2155; x_wconf 87' lang='lat' dir='ltr'><strong>tus</strong></span> <span class='ocrx_word' id='word_1_162' title='bbox 2079 2105 2164 2154; x_wconf 88' lang='lat' dir='ltr'><strong>est</strong></span> <span class='ocrx_word' id='word_1_163' title='bbox 2192 2101 2494 2170; x_wconf 87' lang='lat' dir='ltr'><strong>apostolus,</strong></span> <span class='ocrx_word' id='word_1_164' title='bbox 2526 2101 2629 2155; x_wconf 91' lang='lat' dir='ltr'><strong>hoc</strong></span> <span class='ocrx_word' id='word_1_165' title='bbox 2658 2108 2760 2167; x_wconf 89' lang='lat' dir='ltr'><strong>est,</strong></span> <span class='ocrx_word' id='word_1_166' title='bbox 2793 2102 2895 2155; x_wconf 88' lang='lat' dir='ltr'><strong>Dei</strong></span> <span class='ocrx_word' id='word_1_167' title='bbox 2936 2103 3219 2157; x_wconf 84' lang='lat' dir='ltr'><strong>voluntate</strong></span> <span class='ocrx_word' id='word_1_168' title='bbox 3248 2105 3451 2160; x_wconf 87' lang='lat' dir='ltr'><strong>missus</strong></span> <span class='ocrx_word' id='word_1_169' title='bbox 3480 2107 3549 2160; x_wconf 88' lang='lat' dir='ltr'><strong>ad</strong></span> 
     </span>
    </p>
   </div>
   <div class='ocr_carea' id='block_1_26' title="bbox 1958 2190 3556 2265">
    <p class='ocr_par' dir='ltr' id='par_1_26' title="bbox 1958 2190 3556 2265">
     <span class='ocr_line' id='line_1_26' title="bbox 1958 2190 3556 2265; baseline 0.004 -22"><span class='ocrx_word' id='word_1_170' title='bbox 1958 2196 2175 2257; x_wconf 78' lang='lat' dir='ltr'><strong>gentes,</strong></span> <span class='ocrx_word' id='word_1_171' title='bbox 2227 2207 2325 2260; x_wconf 91' lang='lat' dir='ltr'><strong>per</strong></span> <span class='ocrx_word' id='word_1_172' title='bbox 2374 2190 2521 2259; x_wconf 90' lang='lat' dir='ltr'><strong>quod</strong></span> <span class='ocrx_word' id='word_1_173' title='bbox 2582 2191 2766 2261; x_wconf 77' lang='lat' dir='ltr'><strong>tangit</strong></span> <span class='ocrx_word' id='word_1_174' title='bbox 2807 2191 2979 2244; x_wconf 88' lang='lat' dir='ltr'><strong>etiam</strong></span> <span class='ocrx_word' id='word_1_175' title='bbox 3026 2191 3149 2245; x_wconf 91' lang='lat' dir='ltr'><strong>illos</strong></span> <span class='ocrx_word' id='word_1_176' title='bbox 3194 2210 3332 2263; x_wconf 91' lang='lat' dir='ltr'><strong>quos</strong></span> <span class='ocrx_word' id='word_1_177' title='bbox 3376 2211 3556 2265; x_wconf 88' lang='lat' dir='ltr'><strong>neque</strong></span> 
     </span>
    </p>
   </div>
   <div class='ocr_carea' id='block_1_27' title="bbox 1962 2278 3551 2350">
    <p class='ocr_par' dir='ltr' id='par_1_27' title="bbox 1962 2278 3551 2350">
     <span class='ocr_line' id='line_1_27' title="bbox 1962 2278 3551 2350; baseline 0.003 -19"><span class='ocrx_word' id='word_1_178' title='bbox 1962 2280 2217 2333; x_wconf 80' lang='lat' dir='ltr'><strong>Christus</strong></span> <span class='ocrx_word' id='word_1_179' title='bbox 2246 2278 2495 2339; x_wconf 84' lang='lat' dir='ltr'><strong>miserat,</strong></span> <span class='ocrx_word' id='word_1_180' title='bbox 2530 2295 2709 2349; x_wconf 89' lang='lat' dir='ltr'><strong>neque</strong></span> <span class='ocrx_word' id='word_1_181' title='bbox 2733 2297 2923 2333; x_wconf 91' lang='lat' dir='ltr'><strong>verum</strong></span> <span class='ocrx_word' id='word_1_182' title='bbox 2952 2288 3074 2334; x_wconf 89' lang='lat' dir='ltr'><strong>erat</strong></span> <span class='ocrx_word' id='word_1_183' title='bbox 3087 2282 3233 2350; x_wconf 91' lang='lat' dir='ltr'><strong>quod</strong></span> <span class='ocrx_word' id='word_1_184' title='bbox 3259 2282 3551 2338; x_wconf 86' lang='lat' dir='ltr'><strong>docebant.</strong></span> 
     </span>
    </p>
   </div>
   <div class='ocr_carea' id='block_1_28' title="bbox 1962 2367 3550 2439">
    <p class='ocr_par' dir='ltr' id='par_1_28' title="bbox 1962 2367 3550 2439">
     <span class='ocr_line' id='line_1_28' title="bbox 1962 2367 3550 2439; baseline 0.004 -18"><span class='ocrx_word' id='word_1_185' title='bbox 1962 2369 2140 2422; x_wconf 89' lang='lat' dir='ltr'><strong>Deum</strong></span> <span class='ocrx_word' id='word_1_186' title='bbox 2172 2368 2322 2421; x_wconf 91' lang='lat' dir='ltr'><strong>enim</strong></span> <span class='ocrx_word' id='word_1_187' title='bbox 2352 2373 2409 2420; x_wconf 90' lang='lat' dir='ltr'><strong>et</strong></span> <span class='ocrx_word' id='word_1_188' title='bbox 2438 2367 2723 2421; x_wconf 86' lang='lat' dir='ltr'><strong>Christum</strong></span> <span class='ocrx_word' id='word_1_189' title='bbox 2752 2369 2875 2421; x_wconf 89' lang='lat' dir='ltr'><strong>ideo</strong></span> <span class='ocrx_word' id='word_1_190' title='bbox 2914 2369 3237 2439; x_wconf 87' lang='lat' dir='ltr'><strong>frequenter</strong></span> <span class='ocrx_word' id='word_1_191' title='bbox 3278 2372 3550 2427; x_wconf 90' lang='lat' dir='ltr'><strong>nominat.</strong></span> 
     </span>
    </p>
   </div>
   <div class='ocr_carea' id='block_1_29' title="bbox 1962 2456 3554 2526">
    <p class='ocr_par' dir='ltr' id='par_1_29' title="bbox 1962 2456 3554 2526">
     <span class='ocr_line' id='line_1_29' title="bbox 1962 2456 3554 2526; baseline 0.003 -16"><span class='ocrx_word' id='word_1_192' title='bbox 1962 2462 2025 2510; x_wconf 90' lang='lat' dir='ltr'><strong>ut</strong></span> <span class='ocrx_word' id='word_1_193' title='bbox 2056 2456 2339 2509; x_wconf 84' lang='lat' dir='ltr'><strong>Christum</strong></span> <span class='ocrx_word' id='word_1_194' title='bbox 2372 2457 2551 2509; x_wconf 91' lang='lat' dir='ltr'><strong>Deum</strong></span> <span class='ocrx_word' id='word_1_195' title='bbox 2582 2472 2693 2508; x_wconf 88' lang='lat' dir='ltr'><strong>non</strong></span> <span class='ocrx_word' id='word_1_196' title='bbox 2719 2456 2901 2526; x_wconf 90' lang='lat' dir='ltr'><strong>ipsum</strong></span> <span class='ocrx_word' id='word_1_197' title='bbox 2918 2457 3144 2510; x_wconf 87' lang='lat' dir='ltr'><strong>Patrem</strong></span> <span class='ocrx_word' id='word_1_198' title='bbox 3172 2461 3554 2525; x_wconf 87' lang='lat' dir='ltr'><strong>ostendat,sed</strong></span> 
     </span>
    </p>
   </div>
   <div class='ocr_carea' id='block_1_30' title="bbox 1962 2544 3555 2609">
    <p class='ocr_par' dir='ltr' id='par_1_30' title="bbox 1962 2544 3555 2609">
     <span class='ocr_line' id='line_1_30' title="bbox 1962 2544 3555 2609; baseline 0.006 -12"><span class='ocrx_word' id='word_1_199' title='bbox 1962 2562 2081 2598; x_wconf 87' lang='lat' dir='ltr'><strong>esse</strong></span> <span class='ocrx_word' id='word_1_200' title='bbox 2110 2546 2395 2599; x_wconf 87' lang='lat' dir='ltr'><strong>Christum</strong></span> <span class='ocrx_word' id='word_1_201' title='bbox 2427 2544 2629 2597; x_wconf 85' lang='lat' dir='ltr'><strong>Filium</strong></span> <span class='ocrx_word' id='word_1_202' title='bbox 2672 2544 2792 2609; x_wconf 90' lang='lat' dir='ltr'><strong>Dei,</strong></span> <span class='ocrx_word' id='word_1_203' title='bbox 2840 2562 2959 2598; x_wconf 88' lang='lat' dir='ltr'><strong>esse</strong></span> <span class='ocrx_word' id='word_1_204' title='bbox 3005 2552 3062 2599; x_wconf 87' lang='lat' dir='ltr'><strong>et</strong></span> <span class='ocrx_word' id='word_1_205' title='bbox 3098 2547 3278 2601; x_wconf 91' lang='lat' dir='ltr'><strong>Deum</strong></span> <span class='ocrx_word' id='word_1_206' title='bbox 3309 2550 3555 2609; x_wconf 87' lang='lat' dir='ltr'><strong>Patrem.</strong></span> 
     </span>
    </p>
   </div>
   <div class='ocr_carea' id='block_1_31' title="bbox 1962 2634 3547 2694">
    <p class='ocr_par' dir='ltr' id='par_1_31' title="bbox 1962 2634 3547 2694">
     <span class='ocr_line' id='line_1_31' title="bbox 1962 2634 3547 2694; baseline 0.004 -6"><span class='ocrx_word' id='word_1_207' title='bbox 1962 2652 2073 2688; x_wconf 90' lang='lat' dir='ltr'><strong>non</strong></span> <span class='ocrx_word' id='word_1_208' title='bbox 2106 2635 2369 2688; x_wconf 87' lang='lat' dir='ltr'><strong>unionem</strong></span> <span class='ocrx_word' id='word_1_209' title='bbox 2400 2651 2527 2687; x_wconf 90' lang='lat' dir='ltr'><strong>cum</strong></span> <span class='ocrx_word' id='word_1_210' title='bbox 2556 2634 2871 2687; x_wconf 86' lang='lat' dir='ltr'><strong>ostenditur</strong></span> <span class='ocrx_word' id='word_1_211' title='bbox 2895 2634 3098 2688; x_wconf 85' lang='lat' dir='ltr'><strong>Filium</strong></span> <span class='ocrx_word' id='word_1_212' title='bbox 3128 2636 3256 2690; x_wconf 92' lang='lat' dir='ltr'><strong>dici.</strong></span> <span class='ocrx_word' id='word_1_213' title='bbox 3276 2638 3460 2693; x_wconf 83' lang='lat' dir='ltr'><strong>Aliam</strong></span> <span class='ocrx_word' id='word_1_214' title='bbox 3491 2640 3547 2694; x_wconf 87' lang='lat' dir='ltr'><strong>si-</strong></span> 
     </span>
    </p>
   </div>
   <div class='ocr_carea' id='block_1_32' title="bbox 1960 2722 3557 2795">
    <p class='ocr_par' dir='ltr' id='par_1_32' title="bbox 1960 2722 3557 2795">
     <span class='ocr_line' id='line_1_32' title="bbox 1960 2722 3557 2795; baseline 0.004 -19"><span class='ocrx_word' id='word_1_215' title='bbox 1960 2724 2378 2793; x_wconf 86' lang='lat' dir='ltr'><strong>gniﬁcationem</strong></span> <span class='ocrx_word' id='word_1_216' title='bbox 2430 2722 2599 2777; x_wconf 86' lang='lat' dir='ltr'><strong>habet</strong></span> <span class='ocrx_word' id='word_1_217' title='bbox 2648 2724 2827 2788; x_wconf 85' lang='lat' dir='ltr'><strong>Jesus,</strong></span> <span class='ocrx_word' id='word_1_218' title='bbox 2877 2723 3047 2777; x_wconf 86' lang='lat' dir='ltr'><strong>aliam</strong></span> <span class='ocrx_word' id='word_1_219' title='bbox 3090 2725 3557 2795; x_wconf 85' lang='lat' dir='ltr'><strong>signiﬁcationem</strong></span> 
     </span>
    </p>
   </div>
   <div class='ocr_carea' id='block_1_33' title="bbox 1964 2812 3560 2877">
    <p class='ocr_par' dir='ltr' id='par_1_33' title="bbox 1964 2812 3560 2877">
     <span class='ocr_line' id='line_1_33' title="bbox 1964 2812 3560 2877; baseline 0.005 -12"><span class='ocrx_word' id='word_1_220' title='bbox 1964 2812 2133 2866; x_wconf 88' lang='lat' dir='ltr'><strong>habet</strong></span> <span class='ocrx_word' id='word_1_221' title='bbox 2163 2812 2436 2877; x_wconf 87' lang='lat' dir='ltr'><strong>Christus,</strong></span> <span class='ocrx_word' id='word_1_222' title='bbox 2471 2830 2597 2866; x_wconf 91' lang='lat' dir='ltr'><strong>cum</strong></span> <span class='ocrx_word' id='word_1_223' title='bbox 2626 2813 2700 2865; x_wconf 90' lang='lat' dir='ltr'><strong>sit</strong></span> <span class='ocrx_word' id='word_1_224' title='bbox 2723 2829 2868 2866; x_wconf 87' lang='lat' dir='ltr'><strong>unus</strong></span> <span class='ocrx_word' id='word_1_225' title='bbox 2893 2813 3053 2866; x_wconf 87' lang='lat' dir='ltr'><strong>Jesus</strong></span> <span class='ocrx_word' id='word_1_226' title='bbox 3081 2814 3337 2870; x_wconf 89' lang='lat' dir='ltr'><strong>Christus</strong></span> <span class='ocrx_word' id='word_1_227' title='bbox 3368 2819 3560 2873; x_wconf 89' lang='lat' dir='ltr'><strong>Salva-</strong></span> 
     </span>
    </p>
   </div>
   <div class='ocr_carea' id='block_1_34' title="bbox 1962 2902 3555 2985">
    <p class='ocr_par' dir='ltr' id='par_1_34' title="bbox 1962 2902 3555 2985">
     <span class='ocr_line' id='line_1_34' title="bbox 1962 2902 3555 2985; baseline 0.003 -29"><span class='ocrx_word' id='word_1_228' title='bbox 1962 2906 2053 2956; x_wconf 88' lang='lat' dir='ltr'><strong>tor</strong></span> <span class='ocrx_word' id='word_1_229' title='bbox 2081 2908 2290 2967; x_wconf 88' lang='lat' dir='ltr'><strong>noster,</strong></span> <span class='ocrx_word' id='word_1_230' title='bbox 2327 2904 2487 2956; x_wconf 87' lang='lat' dir='ltr'><strong>Jesus</strong></span> <span class='ocrx_word' id='word_1_231' title='bbox 2517 2907 2708 2955; x_wconf 87' lang='lat' dir='ltr'><strong>tamen</strong></span> <span class='ocrx_word' id='word_1_232' title='bbox 2736 2902 3025 2985; x_wconf 46' lang='lat' dir='ltr'><strong>[imprium</strong></span> <span class='ocrx_word' id='word_1_233' title='bbox 3066 2919 3271 2958; x_wconf 89' lang='lat' dir='ltr'><strong>nomen</strong></span> <span class='ocrx_word' id='word_1_234' title='bbox 3303 2912 3406 2959; x_wconf 89' lang='lat' dir='ltr'><strong>est.</strong></span> <span class='ocrx_word' id='word_1_235' title='bbox 3448 2908 3555 2971; x_wconf 90' lang='lat' dir='ltr'><strong>Illi,</strong></span> 
     </span>
    </p>
   </div>
   <div class='ocr_carea' id='block_1_35' title="bbox 1964 2990 3557 3067">
    <p class='ocr_par' dir='ltr' id='par_1_35' title="bbox 1964 2990 3557 3067">
     <span class='ocr_line' id='line_1_35' title="bbox 1964 2990 3557 3067; baseline 0.004 -22"><span class='ocrx_word' id='word_1_236' title='bbox 1964 2992 2240 3061; x_wconf 80' lang='lat' dir='ltr'><strong>quomodo</strong></span> <span class='ocrx_word' id='word_1_237' title='bbox 2271 2992 2489 3062; x_wconf 75' lang='lat' dir='ltr'><strong>Moyses</strong></span> <span class='ocrx_word' id='word_1_238' title='bbox 2515 2990 2739 3061; x_wconf 88' lang='lat' dir='ltr'><strong>proprio</strong></span> <span class='ocrx_word' id='word_1_239' title='bbox 2770 2991 2997 3045; x_wconf 89' lang='lat' dir='ltr'><strong>nomine</strong></span> <span class='ocrx_word' id='word_1_240' title='bbox 3036 2993 3368 3063; x_wconf 85' lang='lat' dir='ltr'><strong>appellatur,</strong></span> <span class='ocrx_word' id='word_1_241' title='bbox 3423 3013 3557 3067; x_wconf 81' lang='lat' dir='ltr'><strong>quo-</strong></span> 
     </span>
    </p>
   </div>
   <div class='ocr_carea' id='block_1_36' title="bbox 283 3070 3555 3156">
    <p class='ocr_par' dir='ltr' id='par_1_36' title="bbox 283 3070 3555 3156">
     <span class='ocr_line' id='line_1_36' title="bbox 283 3070 3555 3156; baseline 0.003 -25"><span class='ocrx_word' id='word_1_242' title='bbox 283 3079 601 3145; x_wconf 84' lang='lat' dir='ltr'><strong>sentientes,</strong></span> <span class='ocrx_word' id='word_1_243' title='bbox 636 3080 705 3134; x_wconf 89' lang='lat' dir='ltr'><strong>ab</strong></span> <span class='ocrx_word' id='word_1_244' title='bbox 739 3080 997 3143; x_wconf 84' lang='lat' dir='ltr'><strong>invicem,</strong></span> <span class='ocrx_word' id='word_1_245' title='bbox 1020 3081 1337 3135; x_wconf 89' lang='lat' dir='ltr'><strong>hominibus</strong></span> <span class='ocrx_word' id='word_1_246' title='bbox 1366 3081 1570 3139; x_wconf 83' lang='lat' dir='ltr'><strong>devoti.</strong></span> <span class='ocrx_word' id='word_1_247' title='bbox 1593 3080 1869 3145; x_wconf 88' lang='lat' dir='ltr'><strong>Pauliani,</strong></span> <span class='ocrx_word' id='word_1_248' title='bbox 1896 3070 1944 3130; x_wconf 86' lang='grc' dir='ltr'>Β</span> <span class='ocrx_word' id='word_1_249' title='bbox 1966 3081 2131 3134; x_wconf 90' lang='lat' dir='ltr'><strong>modo</strong></span> <span class='ocrx_word' id='word_1_250' title='bbox 2162 3080 2328 3146; x_wconf 58' lang='lat' dir='ltr'><strong>l‘llias,</strong></span> <span class='ocrx_word' id='word_1_251' title='bbox 2362 3080 2639 3151; x_wconf 88' lang='lat' dir='ltr'><strong>quomodo</strong></span> <span class='ocrx_word' id='word_1_252' title='bbox 2667 3079 2969 3145; x_wconf 83' lang='lat' dir='ltr'><strong>Abraham,</strong></span> <span class='ocrx_word' id='word_1_253' title='bbox 3006 3080 3085 3134; x_wconf 89' lang='lat' dir='ltr'><strong>sic</strong></span> <span class='ocrx_word' id='word_1_254' title='bbox 3113 3087 3387 3153; x_wconf 86' lang='lat' dir='ltr'><strong>tanquam</strong></span> <span class='ocrx_word' id='word_1_255' title='bbox 3425 3102 3555 3156; x_wconf 87' lang='lat' dir='ltr'><strong>pro-</strong></span> 
     </span>
    </p>
   </div>
   <div class='ocr_carea' id='block_1_37' title="bbox 284 3166 1873 3240">
    <p class='ocr_par' dir='ltr' id='par_1_37' title="bbox 284 3166 1873 3240">
     <span class='ocr_line' id='line_1_37' title="bbox 284 3166 1873 3240; baseline 0.003 -22"><span class='ocrx_word' id='word_1_256' title='bbox 284 3166 527 3221; x_wconf 87' lang='lat' dir='ltr'><strong>Petriani</strong></span> <span class='ocrx_word' id='word_1_257' title='bbox 547 3175 605 3222; x_wconf 88' lang='lat' dir='ltr'><strong>et</strong></span> <span class='ocrx_word' id='word_1_258' title='bbox 622 3170 977 3240; x_wconf 86' lang='lat' dir='ltr'><strong>Apolloniani</strong></span> <span class='ocrx_word' id='word_1_259' title='bbox 997 3170 1103 3223; x_wconf 89' lang='lat' dir='ltr'><strong>dici</strong></span> <span class='ocrx_word' id='word_1_260' title='bbox 1121 3169 1395 3235; x_wconf 84' lang='lat' dir='ltr'><strong>volebant,</strong></span> <span class='ocrx_word' id='word_1_261' title='bbox 1411 3187 1523 3223; x_wconf 91' lang='lat' dir='ltr'><strong>non</strong></span> <span class='ocrx_word' id='word_1_262' title='bbox 1539 3170 1843 3224; x_wconf 87' lang='lat' dir='ltr'><strong>Christiani</strong></span> <span class='ocrx_word' id='word_1_263' title='bbox 1862 3189 1873 3235; x_wconf 89' lang='lat'>;</span> 
     </span>
    </p>
   </div>
   <div class='ocr_carea' id='block_1_38' title="bbox 283 3257 1882 3329">
    <p class='ocr_par' dir='ltr' id='par_1_38' title="bbox 283 3257 1882 3329">
     <span class='ocr_line' id='line_1_38' title="bbox 283 3257 1882 3329; baseline 0.004 -23"><span class='ocrx_word' id='word_1_264' title='bbox 283 3257 429 3324; x_wconf 87' lang='lat' dir='ltr'><strong>quod</strong></span> <span class='ocrx_word' id='word_1_265' title='bbox 460 3258 619 3311; x_wconf 85' lang='lat' dir='ltr'><strong>valde</strong></span> <span class='ocrx_word' id='word_1_266' title='bbox 652 3258 953 3329; x_wconf 86' lang='lat' dir='ltr'><strong>exprobrat</strong></span> <span class='ocrx_word' id='word_1_267' title='bbox 968 3259 1271 3328; x_wconf 87' lang='lat' dir='ltr'><strong>Apostolus</strong></span> <span class='ocrx_word' id='word_1_268' title='bbox 1308 3276 1317 3310; x_wconf 96' lang='lat'><strong>:</strong></span> <span class='ocrx_word' id='word_1_269' title='bbox 1353 3264 1514 3312; x_wconf 87' lang='lat' dir='ltr'><strong>erant</strong></span> <span class='ocrx_word' id='word_1_270' title='bbox 1542 3258 1771 3312; x_wconf 87' lang='lat' dir='ltr'><strong>tandem</strong></span> <span class='ocrx_word' id='word_1_271' title='bbox 1800 3258 1882 3312; x_wconf 91' lang='lat' dir='ltr'><strong>in-</strong></span> 
     </span>
    </p>
   </div>
   <div class='ocr_carea' id='block_1_39' title="bbox 277 3346 1874 3416">
    <p class='ocr_par' dir='ltr' id='par_1_39' title="bbox 277 3346 1874 3416">
     <span class='ocr_line' id='line_1_39' title="bbox 277 3346 1874 3416; baseline 0.004 -22"><span class='ocrx_word' id='word_1_272' title='bbox 277 3351 368 3396; x_wconf 80' lang='lat' dir='ltr'><strong>ter</strong></span> <span class='ocrx_word' id='word_1_273' title='bbox 397 3362 493 3399; x_wconf 85' lang='lat' dir='ltr'><strong>eos</strong></span> <span class='ocrx_word' id='word_1_274' title='bbox 522 3346 619 3416; x_wconf 85' lang='lat' dir='ltr'><strong>qui</strong></span> <span class='ocrx_word' id='word_1_275' title='bbox 646 3346 717 3400; x_wconf 90' lang='lat' dir='ltr'><strong>ab</strong></span> <span class='ocrx_word' id='word_1_276' title='bbox 760 3348 849 3400; x_wconf 89' lang='lat' dir='ltr'><strong>his</strong></span> <span class='ocrx_word' id='word_1_277' title='bbox 876 3348 1256 3411; x_wconf 86' lang='lat' dir='ltr'><strong>dissentirent,</strong></span> <span class='ocrx_word' id='word_1_278' title='bbox 1290 3348 1512 3401; x_wconf 81' lang='lat' dir='ltr'><strong>Christo</strong></span> <span class='ocrx_word' id='word_1_279' title='bbox 1544 3348 1647 3400; x_wconf 91' lang='lat' dir='ltr'><strong>soli</strong></span> <span class='ocrx_word' id='word_1_280' title='bbox 1687 3348 1874 3401; x_wconf 85' lang='lat' dir='ltr'><strong>dicati.</strong></span> 
     </span>
    </p>
   </div>
   <div class='ocr_carea' id='block_1_40' title="bbox 279 3433 1881 3507">
    <p class='ocr_par' dir='ltr' id='par_1_40' title="bbox 279 3433 1881 3507">
     <span class='ocr_line' id='line_1_40' title="bbox 279 3433 1881 3507; baseline 0.003 -21"><span class='ocrx_word' id='word_1_281' title='bbox 279 3433 537 3488; x_wconf 82' lang='lat' dir='ltr'><strong>Secunda</strong></span> <span class='ocrx_word' id='word_1_282' title='bbox 562 3436 679 3489; x_wconf 73' lang='lat' dir='ltr'><strong>hzec</strong></span> <span class='ocrx_word' id='word_1_283' title='bbox 721 3442 823 3502; x_wconf 89' lang='lat' dir='ltr'><strong>est,</strong></span> <span class='ocrx_word' id='word_1_284' title='bbox 858 3437 989 3507; x_wconf 88' lang='lat' dir='ltr'><strong>quia</strong></span> <span class='ocrx_word' id='word_1_285' title='bbox 1033 3436 1355 3507; x_wconf 86' lang='lat' dir='ltr'><strong>eloquentia</strong></span> <span class='ocrx_word' id='word_1_286' title='bbox 1398 3436 1661 3490; x_wconf 89' lang='lat' dir='ltr'><strong>delectari</strong></span> <span class='ocrx_word' id='word_1_287' title='bbox 1703 3454 1881 3507; x_wconf 68' lang='lat' dir='ltr'><strong>cmpe-</strong></span> 
     </span>
    </p>
   </div>
   <div class='ocr_carea' id='block_1_41' title="bbox 276 3525 1879 3597">
    <p class='ocr_par' dir='ltr' id='par_1_41' title="bbox 276 3525 1879 3597">
     <span class='ocr_line' id='line_1_41' title="bbox 276 3525 1879 3597; baseline 0.004 -23"><span class='ocrx_word' id='word_1_288' title='bbox 276 3532 405 3576; x_wconf 84' lang='lat' dir='ltr'><strong>rant</strong></span> <span class='ocrx_word' id='word_1_289' title='bbox 430 3530 485 3577; x_wconf 87' lang='lat' dir='ltr'><strong>et</strong></span> <span class='ocrx_word' id='word_1_290' title='bbox 515 3532 741 3579; x_wconf 86' lang='lat' dir='ltr'><strong>terrena</strong></span> <span class='ocrx_word' id='word_1_291' title='bbox 770 3526 1139 3597; x_wconf 60' lang='lat' dir='ltr'><strong>philosolihia,</strong></span> <span class='ocrx_word' id='word_1_292' title='bbox 1184 3532 1250 3580; x_wconf 92' lang='lat' dir='ltr'><strong>ut</strong></span> <span class='ocrx_word' id='word_1_293' title='bbox 1284 3525 1387 3580; x_wconf 90' lang='lat' dir='ltr'><strong>sub</strong></span> <span class='ocrx_word' id='word_1_294' title='bbox 1416 3525 1642 3579; x_wconf 89' lang='lat' dir='ltr'><strong>nomine</strong></span> <span class='ocrx_word' id='word_1_295' title='bbox 1671 3526 1879 3581; x_wconf 89' lang='lat' dir='ltr'><strong>Christi</strong></span> 
     </span>
    </p>
   </div>
   <div class='ocr_carea' id='block_1_42' title="bbox 272 3612 1876 3685">
    <p class='ocr_par' dir='ltr' id='par_1_42' title="bbox 272 3612 1876 3685">
     <span class='ocr_line' id='line_1_42' title="bbox 272 3612 1876 3685; baseline 0.003 -21"><span class='ocrx_word' id='word_1_296' title='bbox 272 3612 359 3665; x_wconf 87' lang='lat' dir='ltr'><strong>his</strong></span> <span class='ocrx_word' id='word_1_297' title='bbox 390 3612 781 3667; x_wconf 85' lang='lat' dir='ltr'><strong>imbuerentur</strong></span> <span class='ocrx_word' id='word_1_298' title='bbox 809 3632 931 3685; x_wconf 67' lang='lat' dir='ltr'><strong>qua:</strong></span> <span class='ocrx_word' id='word_1_299' title='bbox 958 3616 1239 3670; x_wconf 89' lang='lat' dir='ltr'><strong>contraria</strong></span> <span class='ocrx_word' id='word_1_300' title='bbox 1258 3622 1391 3670; x_wconf 89' lang='lat' dir='ltr'><strong>sunt</strong></span> <span class='ocrx_word' id='word_1_301' title='bbox 1422 3614 1569 3668; x_wconf 90' lang='lat' dir='ltr'><strong>ﬁdei.</strong></span> <span class='ocrx_word' id='word_1_302' title='bbox 1590 3615 1781 3669; x_wconf 87' lang='lat' dir='ltr'><strong>Tertia</strong></span> <span class='ocrx_word' id='word_1_303' title='bbox 1811 3633 1876 3669; x_wconf 90' lang='lat' dir='ltr'><strong>eo</strong></span> 
     </span>
    </p>
   </div>
   <div class='ocr_carea' id='block_1_43' title="bbox 266 3701 1872 3774">
    <p class='ocr_par' dir='ltr' id='par_1_43' title="bbox 266 3701 1872 3774">
     <span class='ocr_line' id='line_1_43' title="bbox 266 3701 1872 3774; baseline 0.004 -23"><span class='ocrx_word' id='word_1_304' title='bbox 266 3701 415 3770; x_wconf 88' lang='lat' dir='ltr'><strong>quod</strong></span> <span class='ocrx_word' id='word_1_305' title='bbox 448 3701 631 3755; x_wconf 80' lang='lat' dir='ltr'><strong>inﬂati</strong></span> <span class='ocrx_word' id='word_1_306' title='bbox 648 3710 852 3769; x_wconf 87' lang='lat' dir='ltr'><strong>essent,</strong></span> <span class='ocrx_word' id='word_1_307' title='bbox 868 3705 1015 3774; x_wconf 87' lang='lat' dir='ltr'><strong>quod</strong></span> <span class='ocrx_word' id='word_1_308' title='bbox 1032 3721 1144 3759; x_wconf 91' lang='lat' dir='ltr'><strong>non</strong></span> <span class='ocrx_word' id='word_1_309' title='bbox 1166 3704 1273 3758; x_wconf 91' lang='lat' dir='ltr'><strong>iret</strong></span> <span class='ocrx_word' id='word_1_310' title='bbox 1300 3705 1368 3758; x_wconf 88' lang='lat' dir='ltr'><strong>ad</strong></span> <span class='ocrx_word' id='word_1_311' title='bbox 1399 3704 1523 3758; x_wconf 91' lang='lat' dir='ltr'><strong>illos</strong></span> <span class='ocrx_word' id='word_1_312' title='bbox 1553 3705 1872 3774; x_wconf 87' lang='lat' dir='ltr'><strong>Apostolus.</strong></span> 
     </span>
    </p>
   </div>
   <div class='ocr_carea' id='block_1_44' title="bbox 264 3789 1877 3865">
    <p class='ocr_par' dir='ltr' id='par_1_44' title="bbox 264 3789 1877 3865">
     <span class='ocr_line' id='line_1_44' title="bbox 264 3789 1877 3865; baseline 0.004 -24"><span class='ocrx_word' id='word_1_313' title='bbox 264 3789 481 3852; x_wconf 84' lang='lat' dir='ltr'><strong>Quarta</strong></span> <span class='ocrx_word' id='word_1_314' title='bbox 512 3798 743 3861; x_wconf 88' lang='lat' dir='ltr'><strong>propter</strong></span> <span class='ocrx_word' id='word_1_315' title='bbox 767 3792 1364 3865; x_wconf 86' lang='lat' dir='ltr'><strong>fornicatorcm,quem</strong></span> <span class='ocrx_word' id='word_1_316' title='bbox 1383 3793 1532 3847; x_wconf 91' lang='lat' dir='ltr'><strong>inter</strong></span> <span class='ocrx_word' id='word_1_317' title='bbox 1546 3811 1605 3847; x_wconf 89' lang='lat' dir='ltr'><strong>se</strong></span> <span class='ocrx_word' id='word_1_318' title='bbox 1634 3810 1755 3847; x_wconf 91' lang='lat' dir='ltr'><strong>esse</strong></span> <span class='ocrx_word' id='word_1_319' title='bbox 1777 3811 1877 3864; x_wconf 89' lang='lat' dir='ltr'><strong>pa-</strong></span> 
     </span>
    </p>
   </div>
   <div class='ocr_carea' id='block_1_45' title="bbox 261 3873 1877 3953">
    <p class='ocr_par' dir='ltr' id='par_1_45' title="bbox 261 3873 1877 3953">
     <span class='ocr_line' id='line_1_45' title="bbox 261 3873 1877 3953; baseline 0.002 -22"><span class='ocrx_word' id='word_1_320' title='bbox 261 3879 568 3934; x_wconf 86' lang='lat' dir='ltr'><strong>tiebantur.</strong></span> <span class='ocrx_word' id='word_1_321' title='bbox 607 3873 815 3943; x_wconf 86' lang='lat' dir='ltr'><strong>Quinta</strong></span> <span class='ocrx_word' id='word_1_322' title='bbox 846 3888 908 3935; x_wconf 92' lang='lat' dir='ltr'><strong>ut</strong></span> <span class='ocrx_word' id='word_1_323' title='bbox 936 3889 1319 3936; x_wconf 88' lang='lat' dir='ltr'><strong>commoneret</strong></span> <span class='ocrx_word' id='word_1_324' title='bbox 1345 3881 1414 3935; x_wconf 83' lang='lat' dir='ltr'><strong>de</strong></span> <span class='ocrx_word' id='word_1_325' title='bbox 1435 3882 1721 3953; x_wconf 63' lang='lat' dir='ltr'><strong>praeterita</strong></span> <span class='ocrx_word' id='word_1_326' title='bbox 1751 3883 1877 3953; x_wconf 89' lang='lat' dir='ltr'><strong>Epi-</strong></span> 
     </span>
    </p>
   </div>
   <div class='ocr_carea' id='block_1_46' title="bbox 266 3970 1865 4042">
    <p class='ocr_par' dir='ltr' id='par_1_46' title="bbox 266 3970 1865 4042">
     <span class='ocr_line' id='line_1_46' title="bbox 266 3970 1865 4042; baseline 0.002 -22"><span class='ocrx_word' id='word_1_327' title='bbox 266 3970 431 4031; x_wconf 84' lang='lat' dir='ltr'><strong>stola,</strong></span> <span class='ocrx_word' id='word_1_328' title='bbox 463 3986 639 4040; x_wconf 87' lang='lat' dir='ltr'><strong>quam</strong></span> <span class='ocrx_word' id='word_1_329' title='bbox 666 3975 795 4023; x_wconf 88' lang='lat' dir='ltr'><strong>ante</strong></span> <span class='ocrx_word' id='word_1_330' title='bbox 825 3970 970 4024; x_wconf 90' lang='lat' dir='ltr'><strong>hanc</strong></span> <span class='ocrx_word' id='word_1_331' title='bbox 982 3989 1106 4041; x_wconf 67' lang='lat' dir='ltr'><strong>qua:</strong></span> <span class='ocrx_word' id='word_1_332' title='bbox 1130 3971 1314 4042; x_wconf 88' lang='lat' dir='ltr'><strong>prima</strong></span> <span class='ocrx_word' id='word_1_333' title='bbox 1328 3970 1533 4024; x_wconf 90' lang='lat' dir='ltr'><strong>dicitur</strong></span> <span class='ocrx_word' id='word_1_334' title='bbox 1547 3970 1865 4041; x_wconf 85' lang='lat' dir='ltr'><strong>scripserat.</strong></span> 
     </span>
    </p>
   </div>
   <div class='ocr_carea' id='block_1_47' title="bbox 273 4059 1879 4130">
    <p class='ocr_par' dir='ltr' id='par_1_47' title="bbox 273 4059 1879 4130">
     <span class='ocr_line' id='line_1_47' title="bbox 273 4059 1879 4130; baseline 0.001 -19"><span class='ocrx_word' id='word_1_335' title='bbox 273 4060 445 4111; x_wconf 82' lang='lat' dir='ltr'><strong>Sexta</strong></span> <span class='ocrx_word' id='word_1_336' title='bbox 472 4059 607 4129; x_wconf 88' lang='lat' dir='ltr'><strong>quia</strong></span> <span class='ocrx_word' id='word_1_337' title='bbox 636 4059 873 4113; x_wconf 89' lang='lat' dir='ltr'><strong>invicem</strong></span> <span class='ocrx_word' id='word_1_338' title='bbox 915 4059 1021 4113; x_wconf 90' lang='lat' dir='ltr'><strong>sibi</strong></span> <span class='ocrx_word' id='word_1_339' title='bbox 1060 4060 1297 4130; x_wconf 89' lang='lat' dir='ltr'><strong>injurias</strong></span> <span class='ocrx_word' id='word_1_340' title='bbox 1335 4064 1392 4113; x_wconf 90' lang='lat' dir='ltr'><strong>et</strong></span> <span class='ocrx_word' id='word_1_341' title='bbox 1426 4059 1651 4113; x_wconf 88' lang='lat' dir='ltr'><strong>fraudes</strong></span> <span class='ocrx_word' id='word_1_342' title='bbox 1698 4059 1879 4113; x_wconf 87' lang='lat' dir='ltr'><strong>facere</strong></span> 
     </span>
    </p>
   </div>
   <div class='ocr_carea' id='block_1_48' title="bbox 271 4148 1876 4219">
    <p class='ocr_par' dir='ltr' id='par_1_48' title="bbox 271 4148 1876 4219">
     <span class='ocr_line' id='line_1_48' title="bbox 271 4148 1876 4219; baseline 0.002 -20"><span class='ocrx_word' id='word_1_343' title='bbox 271 4154 584 4218; x_wconf 58' lang='lat' dir='ltr'><strong>ceperant,</strong></span> <span class='ocrx_word' id='word_1_344' title='bbox 603 4153 662 4201; x_wconf 91' lang='lat' dir='ltr'><strong>et</strong></span> <span class='ocrx_word' id='word_1_345' title='bbox 678 4148 987 4202; x_wconf 87' lang='lat' dir='ltr'><strong>inﬁdelium</strong></span> <span class='ocrx_word' id='word_1_346' title='bbox 1003 4148 1188 4219; x_wconf 88' lang='lat' dir='ltr'><strong>potius</strong></span> <span class='ocrx_word' id='word_1_347' title='bbox 1217 4148 1477 4202; x_wconf 82' lang='lat' dir='ltr'><strong>examina</strong></span> <span class='ocrx_word' id='word_1_348' title='bbox 1497 4148 1876 4219; x_wconf 88' lang='lat' dir='ltr'><strong>requirebant.</strong></span> 
     </span>
    </p>
   </div>
   <div class='ocr_carea' id='block_1_49' title="bbox 276 4236 1884 4308">
    <p class='ocr_par' dir='ltr' id='par_1_49' title="bbox 276 4236 1884 4308">
     <span class='ocr_line' id='line_1_49' title="bbox 276 4236 1884 4308; baseline 0.002 -19"><span class='ocrx_word' id='word_1_349' title='bbox 276 4237 537 4307; x_wconf 84' lang='lat' dir='ltr'><strong>Septima</strong></span> <span class='ocrx_word' id='word_1_350' title='bbox 563 4254 734 4291; x_wconf 87' lang='lat' dir='ltr'><strong>causa</strong></span> <span class='ocrx_word' id='word_1_351' title='bbox 760 4242 864 4303; x_wconf 88' lang='lat' dir='ltr'><strong>est,</strong></span> <span class='ocrx_word' id='word_1_352' title='bbox 896 4238 955 4291; x_wconf 92' lang='lat' dir='ltr'><strong>in</strong></span> <span class='ocrx_word' id='word_1_353' title='bbox 987 4255 1098 4308; x_wconf 88' lang='lat' dir='ltr'><strong>qua</strong></span> <span class='ocrx_word' id='word_1_354' title='bbox 1126 4238 1384 4307; x_wconf 79' lang='lat' dir='ltr'><strong>designat</strong></span> <span class='ocrx_word' id='word_1_355' title='bbox 1408 4238 1573 4292; x_wconf 86' lang='lat' dir='ltr'><strong>licere</strong></span> <span class='ocrx_word' id='word_1_356' title='bbox 1603 4236 1705 4290; x_wconf 87' lang='lat' dir='ltr'><strong>sibi</strong></span> <span class='ocrx_word' id='word_1_357' title='bbox 1733 4255 1884 4292; x_wconf 87' lang='lat' dir='ltr'><strong>sum-</strong></span> 
     </span>
    </p>
   </div>
   <div class='ocr_carea' id='block_1_50' title="bbox 276 4326 1860 4397">
    <p class='ocr_par' dir='ltr' id='par_1_50' title="bbox 276 4326 1860 4397">
     <span class='ocr_line' id='line_1_50' title="bbox 276 4326 1860 4397; baseline 0.001 -18"><span class='ocrx_word' id='word_1_358' title='bbox 276 4334 412 4395; x_wconf 89' lang='lat' dir='ltr'><strong>ptus</strong></span> <span class='ocrx_word' id='word_1_359' title='bbox 444 4326 717 4397; x_wconf 85' lang='lat' dir='ltr'><strong>accipere,</strong></span> <span class='ocrx_word' id='word_1_360' title='bbox 751 4328 847 4381; x_wconf 89' lang='lat' dir='ltr'><strong>sed</strong></span> <span class='ocrx_word' id='word_1_361' title='bbox 880 4333 1257 4391; x_wconf 90' lang='lat' dir='ltr'><strong>contemnere,</strong></span> <span class='ocrx_word' id='word_1_362' title='bbox 1288 4343 1358 4380; x_wconf 91' lang='lat' dir='ltr'><strong>ne</strong></span> <span class='ocrx_word' id='word_1_363' title='bbox 1402 4326 1586 4380; x_wconf 89' lang='lat' dir='ltr'><strong>forma</strong></span> <span class='ocrx_word' id='word_1_364' title='bbox 1623 4332 1769 4379; x_wconf 90' lang='lat' dir='ltr'><strong>esset</strong></span> <span class='ocrx_word' id='word_1_365' title='bbox 1794 4344 1860 4381; x_wconf 90' lang='lat' dir='ltr'><strong>ra</strong></span> 
     </span>
    </p>
   </div>
   <div class='ocr_carea' id='block_1_51' title="bbox 1962 3169 3559 3239">
    <p class='ocr_par' dir='ltr' id='par_1_51' title="bbox 1962 3169 3559 3239">
     <span class='ocr_line' id='line_1_51' title="bbox 1962 3169 3559 3239; baseline 0.005 -18"><span class='ocrx_word' id='word_1_366' title='bbox 1962 3169 2147 3239; x_wconf 88' lang='lat' dir='ltr'><strong>prium</strong></span> <span class='ocrx_word' id='word_1_367' title='bbox 2179 3185 2384 3223; x_wconf 88' lang='lat' dir='ltr'><strong>nomen</strong></span> <span class='ocrx_word' id='word_1_368' title='bbox 2412 3169 2683 3222; x_wconf 88' lang='lat' dir='ltr'><strong>Dominus</strong></span> <span class='ocrx_word' id='word_1_369' title='bbox 2722 3169 2912 3235; x_wconf 86' lang='lat' dir='ltr'><strong>Jesus;</strong></span> <span class='ocrx_word' id='word_1_370' title='bbox 2954 3170 3209 3225; x_wconf 89' lang='lat' dir='ltr'><strong>Christus</strong></span> <span class='ocrx_word' id='word_1_371' title='bbox 3246 3179 3435 3227; x_wconf 90' lang='lat' dir='ltr'><strong>autem</strong></span> <span class='ocrx_word' id='word_1_372' title='bbox 3474 3193 3559 3229; x_wconf 90' lang='lat' dir='ltr'><strong>sa-</strong></span> 
     </span>
    </p>
   </div>
   <div class='ocr_carea' id='block_1_52' title="bbox 1961 3258 3553 3334">
    <p class='ocr_par' dir='ltr' id='par_1_52' title="bbox 1961 3258 3553 3334">
     <span class='ocr_line' id='line_1_52' title="bbox 1961 3258 3553 3334; baseline 0.006 -23"><span class='ocrx_word' id='word_1_373' title='bbox 1961 3258 2233 3311; x_wconf 89' lang='lat' dir='ltr'><strong>cramenti</strong></span> <span class='ocrx_word' id='word_1_374' title='bbox 2260 3274 2464 3310; x_wconf 89' lang='lat' dir='ltr'><strong>nomen</strong></span> <span class='ocrx_word' id='word_1_375' title='bbox 2495 3263 2598 3321; x_wconf 89' lang='lat' dir='ltr'><strong>est,</strong></span> <span class='ocrx_word' id='word_1_376' title='bbox 2633 3258 2911 3326; x_wconf 87' lang='lat' dir='ltr'><strong>quomodo</strong></span> <span class='ocrx_word' id='word_1_377' title='bbox 2943 3258 2987 3311; x_wconf 87' lang='lat' dir='ltr'><strong>si</strong></span> <span class='ocrx_word' id='word_1_378' title='bbox 3015 3258 3234 3314; x_wconf 88' lang='lat' dir='ltr'><strong>dicatur</strong></span> <span class='ocrx_word' id='word_1_379' title='bbox 3262 3264 3553 3334; x_wconf 89' lang='lat' dir='ltr'><strong>propheta.</strong></span> 
     </span>
    </p>
   </div>
   <div class='ocr_carea' id='block_1_53' title="bbox 1963 3346 3558 3416">
    <p class='ocr_par' dir='ltr' id='par_1_53' title="bbox 1963 3346 3558 3416">
     <span class='ocr_line' id='line_1_53' title="bbox 1963 3346 3558 3416; baseline 0.006 -17"><span class='ocrx_word' id='word_1_380' title='bbox 1963 3346 2242 3416; x_wconf 86' lang='lat' dir='ltr'><strong>quomodo</strong></span> <span class='ocrx_word' id='word_1_381' title='bbox 2284 3346 2327 3399; x_wconf 88' lang='lat' dir='ltr'><strong>si</strong></span> <span class='ocrx_word' id='word_1_382' title='bbox 2376 3346 2596 3399; x_wconf 85' lang='lat' dir='ltr'><strong>dicatur</strong></span> <span class='ocrx_word' id='word_1_383' title='bbox 2646 3346 2945 3399; x_wconf 79' lang='lat' dir='ltr'><strong>sacerdos:</strong></span> <span class='ocrx_word' id='word_1_384' title='bbox 2992 3347 3071 3401; x_wconf 87' lang='lat' dir='ltr'><strong>sic</strong></span> <span class='ocrx_word' id='word_1_385' title='bbox 3112 3349 3368 3405; x_wconf 86' lang='lat' dir='ltr'><strong>Christus</strong></span> <span class='ocrx_word' id='word_1_386' title='bbox 3412 3370 3558 3408; x_wconf 88' lang='lat' dir='ltr'><strong>com-</strong></span> 
     </span>
    </p>
   </div>
   <div class='ocr_carea' id='block_1_54' title="bbox 1962 3435 3557 3513">
    <p class='ocr_par' dir='ltr' id='par_1_54' title="bbox 1962 3435 3557 3513">
     <span class='ocr_line' id='line_1_54' title="bbox 1962 3435 3557 3513; baseline 0.006 -25"><span class='ocrx_word' id='word_1_387' title='bbox 1962 3435 2263 3489; x_wconf 88' lang='lat' dir='ltr'><strong>mendatur</strong></span> <span class='ocrx_word' id='word_1_388' title='bbox 2276 3451 2421 3489; x_wconf 89' lang='lat' dir='ltr'><strong>unus</strong></span> <span class='ocrx_word' id='word_1_389' title='bbox 2450 3435 2507 3488; x_wconf 87' lang='lat' dir='ltr'><strong>in</strong></span> <span class='ocrx_word' id='word_1_390' title='bbox 2537 3452 2645 3505; x_wconf 84' lang='lat' dir='ltr'><strong>quo</strong></span> <span class='ocrx_word' id='word_1_391' title='bbox 2676 3442 2823 3489; x_wconf 87' lang='lat' dir='ltr'><strong>esset</strong></span> <span class='ocrx_word' id='word_1_392' title='bbox 2852 3435 3163 3507; x_wconf 88' lang='lat' dir='ltr'><strong>redemptio</strong></span> <span class='ocrx_word' id='word_1_393' title='bbox 3179 3440 3353 3494; x_wconf 88' lang='lat' dir='ltr'><strong>totius</strong></span> <span class='ocrx_word' id='word_1_394' title='bbox 3370 3445 3557 3513; x_wconf 91' lang='lat' dir='ltr'><strong>populi</strong></span> 
     </span>
    </p>
   </div>
   <div class='ocr_carea' id='block_1_55' title="bbox 1963 3516 3555 3586">
    <p class='ocr_par' dir='ltr' id='par_1_55' title="bbox 1963 3516 3555 3586">
     <span class='ocr_line' id='line_1_55' title="bbox 1963 3516 3555 3586; baseline 0.003 -7"><span class='ocrx_word' id='word_1_395' title='bbox 1963 3525 2154 3579; x_wconf 87' lang='lat' dir='ltr'><strong>Israel.</strong></span> <span class='ocrx_word' id='word_1_396' title='bbox 2192 3526 2291 3578; x_wconf 82' lang='lat' dir='ltr'><strong>Per</strong></span> <span class='ocrx_word' id='word_1_397' title='bbox 2320 3516 2655 3578; x_wconf 72' lang='lat' dir='ltr'><strong>rotuntatem</strong></span> <span class='ocrx_word' id='word_1_398' title='bbox 2696 3526 2810 3578; x_wconf 79' lang='lat' dir='ltr'><strong>Dei.</strong></span> <span class='ocrx_word' id='word_1_399' title='bbox 2844 3525 3143 3579; x_wconf 85' lang='lat' dir='ltr'><strong>Voluntate</strong></span> <span class='ocrx_word' id='word_1_400' title='bbox 3187 3527 3289 3582; x_wconf 90' lang='lat' dir='ltr'><strong>Dei</strong></span> <span class='ocrx_word' id='word_1_401' title='bbox 3330 3537 3555 3586; x_wconf 76' lang='lat' dir='ltr'><strong>vocatus</strong></span> 
     </span>
    </p>
   </div>
   <div class='ocr_carea' id='block_1_56' title="bbox 1963 3613 3551 3684">
    <p class='ocr_par' dir='ltr' id='par_1_56' title="bbox 1963 3613 3551 3684">
     <span class='ocr_line' id='line_1_56' title="bbox 1963 3613 3551 3684; baseline 0.006 -17"><span class='ocrx_word' id='word_1_402' title='bbox 1963 3619 2048 3667; x_wconf 90' lang='lat' dir='ltr'><strong>est</strong></span> <span class='ocrx_word' id='word_1_403' title='bbox 2076 3614 2146 3666; x_wconf 88' lang='lat' dir='ltr'><strong>ad</strong></span> <span class='ocrx_word' id='word_1_404' title='bbox 2178 3613 2475 3677; x_wconf 86' lang='lat' dir='ltr'><strong>ﬁdem,sed</strong></span> <span class='ocrx_word' id='word_1_405' title='bbox 2494 3630 2595 3666; x_wconf 85' lang='lat' dir='ltr'><strong>sua</strong></span> <span class='ocrx_word' id='word_1_406' title='bbox 2621 3618 2820 3684; x_wconf 88' lang='lat' dir='ltr'><strong>sponte</strong></span> <span class='ocrx_word' id='word_1_407' title='bbox 2838 3619 2894 3666; x_wconf 90' lang='lat' dir='ltr'><strong>et</strong></span> <span class='ocrx_word' id='word_1_408' title='bbox 2922 3630 3023 3667; x_wconf 89' lang='lat' dir='ltr'><strong>suo</strong></span> <span class='ocrx_word' id='word_1_409' title='bbox 3037 3614 3270 3670; x_wconf 87' lang='lat' dir='ltr'><strong>arbitrio</strong></span> <span class='ocrx_word' id='word_1_410' title='bbox 3297 3620 3551 3683; x_wconf 86' lang='lat' dir='ltr'><strong>credidit,</strong></span> 
     </span>
    </p>
   </div>
   <div class='ocr_carea' id='block_1_57' title="bbox 1962 3701 3558 3772">
    <p class='ocr_par' dir='ltr' id='par_1_57' title="bbox 1962 3701 3558 3772">
     <span class='ocr_line' id='line_1_57' title="bbox 1962 3701 3558 3772; baseline 0.006 -17"><span class='ocrx_word' id='word_1_411' title='bbox 1962 3702 2106 3756; x_wconf 89' lang='lat' dir='ltr'><strong>sicut</strong></span> <span class='ocrx_word' id='word_1_412' title='bbox 2134 3703 2214 3755; x_wconf 87' lang='lat' dir='ltr'><strong>ait</strong></span> <span class='ocrx_word' id='word_1_413' title='bbox 2240 3702 2294 3755; x_wconf 92' lang='lat' dir='ltr'><strong>in</strong></span> <span class='ocrx_word' id='word_1_414' title='bbox 2326 3701 2557 3755; x_wconf 86' lang='lat' dir='ltr'><strong>Actibus</strong></span> <span class='ocrx_word' id='word_1_415' title='bbox 2584 3702 2992 3772; x_wconf 89' lang='lat' dir='ltr'><strong>apostolorum:</strong></span> <span class='ocrx_word' id='word_1_416' title='bbox 3024 3704 3145 3759; x_wconf 75' lang='lat' dir='ltr'><strong>Non</strong></span> <span class='ocrx_word' id='word_1_417' title='bbox 3175 3707 3269 3772; x_wconf 84' lang='lat' dir='ltr'><strong>fui</strong></span> <span class='ocrx_word' id='word_1_418' title='bbox 3296 3710 3558 3765; x_wconf 84' lang='lat' dir='ltr'><strong>incredu-</strong></span> 
     </span>
    </p>
   </div>
   <div class='ocr_carea' id='block_1_58' title="bbox 1964 3789 3555 3859">
    <p class='ocr_par' dir='ltr' id='par_1_58' title="bbox 1964 3789 3555 3859">
     <span class='ocr_line' id='line_1_58' title="bbox 1964 3789 3555 3859; baseline 0.006 -16"><span class='ocrx_word' id='word_1_419' title='bbox 1964 3793 2051 3844; x_wconf 83' lang='lat' dir='ltr'><strong>lus</strong></span> <span class='ocrx_word' id='word_1_420' title='bbox 2083 3794 2278 3844; x_wconf 77' lang='lat' dir='ltr'><strong>ca’tcsti</strong></span> <span class='ocrx_word' id='word_1_421' title='bbox 2304 3793 2510 3843; x_wconf 79' lang='lat' dir='ltr'><strong>visioni</strong></span> <span class='ocrx_word' id='word_1_422' title='bbox 2541 3789 2673 3851; x_wconf 85' lang='lat' dir='ltr'><strong>(Act.</strong></span> <span class='ocrx_word' id='word_1_423' title='bbox 2720 3792 2890 3859; x_wconf 76' lang='lat' dir='ltr'><strong>xxvi).</strong></span> <span class='ocrx_word' id='word_1_424' title='bbox 2930 3790 3158 3859; x_wconf 85' lang='lat' dir='ltr'><strong>(Ambr.)</strong></span> <span class='ocrx_word' id='word_1_425' title='bbox 3188 3794 3377 3849; x_wconf 66' lang='lat' dir='ltr'><strong>Multae</strong></span> <span class='ocrx_word' id='word_1_426' title='bbox 3406 3799 3555 3853; x_wconf 90' lang='lat' dir='ltr'><strong>enim</strong></span> 
     </span>
    </p>
   </div>
   <div class='ocr_carea' id='block_1_59' title="bbox 1963 3878 3558 3954">
    <p class='ocr_par' dir='ltr' id='par_1_59' title="bbox 1963 3878 3558 3954">
     <span class='ocr_line' id='line_1_59' title="bbox 1963 3878 3558 3954; baseline -0.004 -21"><span class='ocrx_word' id='word_1_427' title='bbox 1963 3885 2125 3933; x_wconf 70' lang='lat' dir='ltr'><strong>secta”:</strong></span> <span class='ocrx_word' id='word_1_428' title='bbox 2150 3885 2514 3941; x_wconf 89' lang='lat' dir='ltr'><strong>emerserant,</strong></span> <span class='ocrx_word' id='word_1_429' title='bbox 2535 3894 2657 3947; x_wconf 68' lang='lat' dir='ltr'><strong>qua)</strong></span> <span class='ocrx_word' id='word_1_430' title='bbox 2688 3878 3048 3947; x_wconf 83' lang='lat' dir='ltr'><strong>Evangelium</strong></span> <span class='ocrx_word' id='word_1_431' title='bbox 3080 3881 3288 3935; x_wconf 87' lang='lat' dir='ltr'><strong>Christi</strong></span> <span class='ocrx_word' id='word_1_432' title='bbox 3304 3900 3405 3954; x_wconf 87' lang='lat' dir='ltr'><strong>pro</strong></span> <span class='ocrx_word' id='word_1_433' title='bbox 3436 3903 3558 3942; x_wconf 83' lang='lat' dir='ltr'><strong>seu-</strong></span> 
     </span>
    </p>
   </div>
   <div class='ocr_carea' id='block_1_60' title="bbox 1964 3965 3552 4038">
    <p class='ocr_par' dir='ltr' id='par_1_60' title="bbox 1964 3965 3552 4038">
     <span class='ocr_line' id='line_1_60' title="bbox 1964 3965 3552 4038; baseline 0.006 -17"><span class='ocrx_word' id='word_1_434' title='bbox 1964 3985 2058 4022; x_wconf 89' lang='lat' dir='ltr'><strong>sus</strong></span> <span class='ocrx_word' id='word_1_435' title='bbox 2097 3968 2183 4021; x_wconf 86' lang='lat' dir='ltr'><strong>sui</strong></span> <span class='ocrx_word' id='word_1_436' title='bbox 2226 3966 2459 4021; x_wconf 88' lang='lat' dir='ltr'><strong>arbitrio</strong></span> <span class='ocrx_word' id='word_1_437' title='bbox 2499 3965 2840 4031; x_wconf 87' lang='lat' dir='ltr'><strong>asserebant,</strong></span> <span class='ocrx_word' id='word_1_438' title='bbox 2887 3983 2953 4019; x_wconf 82' lang='lat' dir='ltr'><strong>ex</strong></span> <span class='ocrx_word' id='word_1_439' title='bbox 2996 3967 3199 4038; x_wconf 87' lang='lat' dir='ltr'><strong>quibus</strong></span> <span class='ocrx_word' id='word_1_440' title='bbox 3236 3972 3378 4026; x_wconf 88' lang='lat' dir='ltr'><strong>rami</strong></span> <span class='ocrx_word' id='word_1_441' title='bbox 3411 3976 3552 4031; x_wconf 89' lang='lat' dir='ltr'><strong>aridi</strong></span> 
     </span>
    </p>
   </div>
   <div class='ocr_carea' id='block_1_61' title="bbox 1963 4062 3558 4126">
    <p class='ocr_par' dir='ltr' id='par_1_61' title="bbox 1963 4062 3558 4126">
     <span class='ocr_line' id='line_1_61' title="bbox 1963 4062 3558 4126; baseline 0.006 -15"><span class='ocrx_word' id='word_1_442' title='bbox 1963 4062 2183 4111; x_wconf 84' lang='lat' dir='ltr'><strong>exstant</strong></span> <span class='ocrx_word' id='word_1_443' title='bbox 2224 4073 2371 4110; x_wconf 89' lang='lat' dir='ltr'><strong>nunc</strong></span> <span class='ocrx_word' id='word_1_444' title='bbox 2430 4072 2627 4126; x_wconf 85' lang='lat' dir='ltr'><strong>usque,</strong></span> <span class='ocrx_word' id='word_1_445' title='bbox 2673 4071 2911 4126; x_wconf 86' lang='lat' dir='ltr'><strong>quarum</strong></span> <span class='ocrx_word' id='word_1_446' title='bbox 2955 4062 3262 4113; x_wconf 88' lang='lat' dir='ltr'><strong>assertores</strong></span> <span class='ocrx_word' id='word_1_447' title='bbox 3298 4063 3558 4121; x_wconf 88' lang='lat' dir='ltr'><strong>ecclesias</strong></span> 
     </span>
    </p>
   </div>
   <div class='ocr_carea' id='block_1_62' title="bbox 1965 4145 3561 4219">
    <p class='ocr_par' dir='ltr' id='par_1_62' title="bbox 1965 4145 3561 4219">
     <span class='ocr_line' id='line_1_62' title="bbox 1965 4145 3561 4219; baseline 0.007 -19"><span class='ocrx_word' id='word_1_448' title='bbox 1965 4146 2305 4201; x_wconf 86' lang='lat' dir='ltr'><strong>evertebant.</strong></span> <span class='ocrx_word' id='word_1_449' title='bbox 2352 4146 2494 4200; x_wconf 85' lang='lat' dir='ltr'><strong>Hinc</strong></span> <span class='ocrx_word' id='word_1_450' title='bbox 2536 4145 2834 4215; x_wconf 86' lang='lat' dir='ltr'><strong>Apostolus</strong></span> <span class='ocrx_word' id='word_1_451' title='bbox 2865 4145 3057 4200; x_wconf 89' lang='lat' dir='ltr'><strong>omnia</strong></span> <span class='ocrx_word' id='word_1_452' title='bbox 3095 4164 3217 4219; x_wconf 68' lang='lat' dir='ltr'><strong>quae</strong></span> <span class='ocrx_word' id='word_1_453' title='bbox 3258 4149 3561 4211; x_wconf 80' lang='lat' dir='ltr'><strong>haeresibus</strong></span> 
     </span>
    </p>
   </div>
   <div class='ocr_carea' id='block_1_63' title="bbox 1964 4234 3553 4307">
    <p class='ocr_par' dir='ltr' id='par_1_63' title="bbox 1964 4234 3553 4307">
     <span class='ocr_line' id='line_1_63' title="bbox 1964 4234 3553 4307; baseline 0.006 -17"><span class='ocrx_word' id='word_1_454' title='bbox 1964 4236 2246 4290; x_wconf 87' lang='lat' dir='ltr'><strong>contraria</strong></span> <span class='ocrx_word' id='word_1_455' title='bbox 2295 4242 2443 4299; x_wconf 84' lang='lat' dir='ltr'><strong>sunt,</strong></span> <span class='ocrx_word' id='word_1_456' title='bbox 2478 4234 2653 4305; x_wconf 86' lang='lat' dir='ltr'><strong>ponit,</strong></span> <span class='ocrx_word' id='word_1_457' title='bbox 2700 4251 2763 4288; x_wconf 88' lang='lat' dir='ltr'><strong>ac</strong></span> <span class='ocrx_word' id='word_1_458' title='bbox 2805 4252 2862 4287; x_wconf 89' lang='lat' dir='ltr'><strong>se</strong></span> <span class='ocrx_word' id='word_1_459' title='bbox 2890 4252 3083 4289; x_wconf 88' lang='lat' dir='ltr'><strong>verum</strong></span> <span class='ocrx_word' id='word_1_460' title='bbox 3112 4238 3553 4307; x_wconf 57' lang='lat' dir='ltr'><strong>praedicatorem.</strong></span> 
     </span>
    </p>
   </div>
   <div class='ocr_carea' id='block_1_64' title="bbox 1965 4323 3559 4396">
    <p class='ocr_par' dir='ltr' id='par_1_64' title="bbox 1965 4323 3559 4396">
     <span class='ocr_line' id='line_1_64' title="bbox 1965 4323 3559 4396; baseline 0.005 -17"><span class='ocrx_word' id='word_1_461' title='bbox 1965 4342 2065 4395; x_wconf 88' lang='lat' dir='ltr'><strong>per</strong></span> <span class='ocrx_word' id='word_1_462' title='bbox 2088 4326 2145 4379; x_wconf 90' lang='lat' dir='ltr'><strong>id</strong></span> <span class='ocrx_word' id='word_1_463' title='bbox 2163 4325 2309 4396; x_wconf 87' lang='lat' dir='ltr'><strong>quod</strong></span> <span class='ocrx_word' id='word_1_464' title='bbox 2343 4342 2378 4379; x_wconf 90' lang='lat' dir='ltr'><strong>a</strong></span> <span class='ocrx_word' id='word_1_465' title='bbox 2407 4324 2628 4379; x_wconf 87' lang='lat' dir='ltr'><strong>Christo</strong></span> <span class='ocrx_word' id='word_1_466' title='bbox 2645 4323 2745 4376; x_wconf 87' lang='lat' dir='ltr'><strong>Dei</strong></span> <span class='ocrx_word' id='word_1_467' title='bbox 2761 4324 3046 4378; x_wconf 87' lang='lat' dir='ltr'><strong>voluntate</strong></span> <span class='ocrx_word' id='word_1_468' title='bbox 3064 4326 3267 4381; x_wconf 87' lang='lat' dir='ltr'><strong>missus</strong></span> <span class='ocrx_word' id='word_1_469' title='bbox 3295 4335 3396 4395; x_wconf 88' lang='lat' dir='ltr'><strong>est,</strong></span> <span class='ocrx_word' id='word_1_470' title='bbox 3414 4350 3559 4386; x_wconf 89' lang='lat' dir='ltr'><strong>asse-</strong></span> 
     </span>
    </p>
   </div>
   <div class='ocr_carea' id='block_1_65' title="bbox 278 4399 3560 4487">
    <p class='ocr_par' dir='ltr' id='par_1_65' title="bbox 278 4399 3560 4487">
     <span class='ocr_line' id='line_1_65' title="bbox 278 4399 3560 4487; baseline 0.002 -18"><span class='ocrx_word' id='word_1_471' title='bbox 278 4415 511 4484; x_wconf 86' lang='lat' dir='ltr'><strong>pacibus</strong></span> <span class='ocrx_word' id='word_1_472' title='bbox 538 4417 1036 4487; x_wconf 77' lang='lat' dir='ltr'><strong>pseudoapostolis.</strong></span> <span class='ocrx_word' id='word_1_473' title='bbox 1059 4417 1268 4471; x_wconf 85' lang='lat' dir='ltr'><strong>Octava</strong></span> <span class='ocrx_word' id='word_1_474' title='bbox 1282 4433 1411 4469; x_wconf 88' lang='lat' dir='ltr'><strong>vero</strong></span> <span class='ocrx_word' id='word_1_475' title='bbox 1438 4421 1542 4479; x_wconf 89' lang='lat' dir='ltr'><strong>est,</strong></span> <span class='ocrx_word' id='word_1_476' title='bbox 1558 4420 1622 4469; x_wconf 89' lang='lat' dir='ltr'><strong>ut</strong></span> <span class='ocrx_word' id='word_1_477' title='bbox 1652 4432 1878 4486; x_wconf 85' lang='lat' dir='ltr'><strong>respon—</strong></span> <span class='ocrx_word' id='word_1_478' title='bbox 1899 4399 1945 4463; x_wconf 83' lang='lat' dir='ltr'><strong>C</strong></span> <span class='ocrx_word' id='word_1_479' title='bbox 1968 4421 2141 4469; x_wconf 86' lang='lat' dir='ltr'><strong>verat.</strong></span> <span class='ocrx_word' id='word_1_480' title='bbox 2165 4416 2227 4468; x_wconf 83' lang='lat' dir='ltr'><strong>Et</strong></span> <span class='ocrx_word' id='word_1_481' title='bbox 2258 4415 2536 4469; x_wconf 83' lang='lat' dir='ltr'><strong>Sosthencs</strong></span> <span class='ocrx_word' id='word_1_482' title='bbox 2550 4415 2747 4480; x_wconf 80' lang='lat' dir='ltr'><strong>frater.</strong></span> <span class='ocrx_word' id='word_1_483' title='bbox 2769 4412 2951 4466; x_wconf 88' lang='lat' dir='ltr'><strong>Etiam</strong></span> <span class='ocrx_word' id='word_1_484' title='bbox 2973 4413 3143 4468; x_wconf 89' lang='lat' dir='ltr'><strong>istum</strong></span> <span class='ocrx_word' id='word_1_485' title='bbox 3159 4432 3261 4469; x_wconf 90' lang='lat' dir='ltr'><strong>sua</strong></span> <span class='ocrx_word' id='word_1_486' title='bbox 3280 4434 3560 4476; x_wconf 90' lang='lat' dir='ltr'><strong>commen-</strong></span> 
     </span>
    </p>
   </div>
   <div class='ocr_carea' id='block_1_66' title="bbox 285 4504 1880 4576">
    <p class='ocr_par' dir='ltr' id='par_1_66' title="bbox 285 4504 1880 4576">
     <span class='ocr_line' id='line_1_66' title="bbox 285 4504 1880 4576; baseline 0.001 -20"><span class='ocrx_word' id='word_1_487' title='bbox 285 4505 421 4556; x_wconf 85' lang='lat' dir='ltr'><strong>deat</strong></span> <span class='ocrx_word' id='word_1_488' title='bbox 450 4505 694 4575; x_wconf 64' lang='lat' dir='ltr'><strong>epistolae</strong></span> <span class='ocrx_word' id='word_1_489' title='bbox 726 4506 950 4560; x_wconf 89' lang='lat' dir='ltr'><strong>illorum</strong></span> <span class='ocrx_word' id='word_1_490' title='bbox 988 4524 999 4558; x_wconf 94' lang='lat'>:</span> <span class='ocrx_word' id='word_1_491' title='bbox 1041 4504 1359 4576; x_wconf 88' lang='lat' dir='ltr'><strong>perturbari</strong></span> <span class='ocrx_word' id='word_1_492' title='bbox 1399 4504 1551 4558; x_wconf 90' lang='lat' dir='ltr'><strong>enim</strong></span> <span class='ocrx_word' id='word_1_493' title='bbox 1597 4510 1880 4574; x_wconf 68' lang='lat' dir='ltr'><strong>coeperant</strong></span> 
     </span>
    </p>
   </div>
   <div class='ocr_carea' id='block_1_67' title="bbox 283 4592 1882 4664">
    <p class='ocr_par' dir='ltr' id='par_1_67' title="bbox 283 4592 1882 4664">
     <span class='ocr_line' id='line_1_67' title="bbox 283 4592 1882 4664; baseline 0.001 -19"><span class='ocrx_word' id='word_1_494' title='bbox 283 4592 361 4645; x_wconf 88' lang='lat' dir='ltr'><strong>ab</strong></span> <span class='ocrx_word' id='word_1_495' title='bbox 394 4592 662 4647; x_wconf 79' lang='lat' dir='ltr'><strong>haereticis</strong></span> <span class='ocrx_word' id='word_1_496' title='bbox 686 4594 757 4647; x_wconf 91' lang='lat' dir='ltr'><strong>de</strong></span> <span class='ocrx_word' id='word_1_497' title='bbox 786 4595 1179 4648; x_wconf 88' lang='lat' dir='ltr'><strong>matrimoniis.</strong></span> <span class='ocrx_word' id='word_1_498' title='bbox 1218 4595 1379 4647; x_wconf 85' lang='lat' dir='ltr'><strong>Nona</strong></span> <span class='ocrx_word' id='word_1_499' title='bbox 1408 4600 1510 4657; x_wconf 89' lang='lat' dir='ltr'><strong>est,</strong></span> <span class='ocrx_word' id='word_1_500' title='bbox 1545 4594 1601 4647; x_wconf 91' lang='lat' dir='ltr'><strong>in</strong></span> <span class='ocrx_word' id='word_1_501' title='bbox 1642 4610 1754 4664; x_wconf 87' lang='lat' dir='ltr'><strong>qua</strong></span> <span class='ocrx_word' id='word_1_502' title='bbox 1789 4593 1882 4646; x_wconf 90' lang='lat' dir='ltr'><strong>de-</strong></span> 
     </span>
    </p>
   </div>
   <div class='ocr_carea' id='block_1_68' title="bbox 279 4681 1875 4753">
    <p class='ocr_par' dir='ltr' id='par_1_68' title="bbox 279 4681 1875 4753">
     <span class='ocr_line' id='line_1_68' title="bbox 279 4681 1875 4753; baseline 0.001 -20"><span class='ocrx_word' id='word_1_503' title='bbox 279 4682 465 4734; x_wconf 85' lang='lat' dir='ltr'><strong>clarat</strong></span> <span class='ocrx_word' id='word_1_504' title='bbox 489 4682 565 4734; x_wconf 90' lang='lat' dir='ltr'><strong>sic</strong></span> <span class='ocrx_word' id='word_1_505' title='bbox 589 4681 793 4736; x_wconf 85' lang='lat' dir='ltr'><strong>debere</strong></span> <span class='ocrx_word' id='word_1_506' title='bbox 809 4700 1038 4737; x_wconf 90' lang='lat' dir='ltr'><strong>manere</strong></span> <span class='ocrx_word' id='word_1_507' title='bbox 1056 4699 1516 4753; x_wconf 90' lang='lat' dir='ltr'><strong>unumquemque</strong></span> <span class='ocrx_word' id='word_1_508' title='bbox 1544 4688 1608 4735; x_wconf 92' lang='lat' dir='ltr'><strong>ut</strong></span> <span class='ocrx_word' id='word_1_509' title='bbox 1621 4682 1875 4735; x_wconf 89' lang='lat' dir='ltr'><strong>credidit.</strong></span> 
     </span>
    </p>
   </div>
   <div class='ocr_carea' id='block_1_69' title="bbox 277 4770 1880 4842">
    <p class='ocr_par' dir='ltr' id='par_1_69' title="bbox 277 4770 1880 4842">
     <span class='ocr_line' id='line_1_69' title="bbox 277 4770 1880 4842; baseline 0.001 -20"><span class='ocrx_word' id='word_1_510' title='bbox 277 4770 511 4824; x_wconf 88' lang='lat' dir='ltr'><strong>Decima</strong></span> <span class='ocrx_word' id='word_1_511' title='bbox 538 4777 731 4826; x_wconf 87' lang='lat' dir='ltr'><strong>autem</strong></span> <span class='ocrx_word' id='word_1_512' title='bbox 760 4772 830 4825; x_wconf 91' lang='lat' dir='ltr'><strong>de</strong></span> <span class='ocrx_word' id='word_1_513' title='bbox 859 4771 1184 4841; x_wconf 77' lang='lat' dir='ltr'><strong>virginibus,</strong></span> <span class='ocrx_word' id='word_1_514' title='bbox 1218 4789 1283 4825; x_wconf 92' lang='lat' dir='ltr'><strong>eo</strong></span> <span class='ocrx_word' id='word_1_515' title='bbox 1313 4772 1459 4842; x_wconf 87' lang='lat' dir='ltr'><strong>quod</strong></span> <span class='ocrx_word' id='word_1_516' title='bbox 1494 4771 1635 4824; x_wconf 89' lang='lat' dir='ltr'><strong>nihil</strong></span> <span class='ocrx_word' id='word_1_517' title='bbox 1670 4771 1745 4824; x_wconf 88' lang='lat' dir='ltr'><strong>sit</strong></span> <span class='ocrx_word' id='word_1_518' title='bbox 1774 4770 1880 4825; x_wconf 88' lang='lat' dir='ltr'><strong>sibi</strong></span> 
     </span>
    </p>
   </div>
   <div class='ocr_carea' id='block_1_70' title="bbox 276 4859 1880 4932">
    <p class='ocr_par' dir='ltr' id='par_1_70' title="bbox 276 4859 1880 4932">
     <span class='ocr_line' id='line_1_70' title="bbox 276 4859 1880 4932; baseline 0.001 -21"><span class='ocrx_word' id='word_1_519' title='bbox 276 4866 642 4929; x_wconf 67' lang='lat' dir='ltr'><strong>praeceptum.</strong></span> <span class='ocrx_word' id='word_1_520' title='bbox 678 4866 737 4914; x_wconf 90' lang='lat' dir='ltr'><strong>et</strong></span> <span class='ocrx_word' id='word_1_521' title='bbox 764 4861 993 4931; x_wconf 72' lang='lat' dir='ltr'><strong>reliqum</strong></span> <span class='ocrx_word' id='word_1_522' title='bbox 1031 4866 1163 4915; x_wconf 91' lang='lat' dir='ltr'><strong>sunt</strong></span> <span class='ocrx_word' id='word_1_523' title='bbox 1202 4878 1324 4932; x_wconf 66' lang='lat' dir='ltr'><strong>quae</strong></span> <span class='ocrx_word' id='word_1_524' title='bbox 1367 4859 1423 4913; x_wconf 91' lang='lat' dir='ltr'><strong>in</strong></span> <span class='ocrx_word' id='word_1_525' title='bbox 1462 4876 1693 4930; x_wconf 90' lang='lat' dir='ltr'><strong>corpore</strong></span> <span class='ocrx_word' id='word_1_526' title='bbox 1733 4859 1880 4913; x_wconf 89' lang='lat' dir='ltr'><strong>vide-</strong></span> 
     </span>
    </p>
   </div>
   <div class='ocr_carea' id='block_1_71' title="bbox 277 4947 515 5002">
    <p class='ocr_par' dir='ltr' id='par_1_71' title="bbox 277 4947 515 5002">
     <span class='ocr_line' id='line_1_71' title="bbox 277 4947 515 5002; baseline 0.004 -3"><span class='ocrx_word' id='word_1_527' title='bbox 277 4947 515 5002; x_wconf 88' lang='lat' dir='ltr'><strong>buntur.</strong></span> 
     </span>
    </p>
   </div>
   <div class='ocr_carea' id='block_1_72' title="bbox 803 5010 1366 5112">
    <p class='ocr_par' dir='ltr' id='par_1_72' title="bbox 803 5010 1366 5112">
     <span class='ocr_line' id='line_1_72' title="bbox 803 5010 1366 5112; baseline -0.004 -1"><span class='ocrx_word' id='word_1_528' title='bbox 803 5057 1036 5112; x_wconf 88' lang='lat' dir='ltr'><strong>CAPUT</strong></span> <span class='ocrx_word' id='word_1_529' title='bbox 1060 5010 1366 5111; x_wconf 80' lang='lat' dir='ltr'><strong>PRIMUM.</strong></span> 
     </span>
    </p>
   </div>
   <div class='ocr_carea' id='block_1_73' title="bbox 274 5162 1868 5232">
    <p class='ocr_par' dir='ltr' id='par_1_73' title="bbox 274 5162 1868 5232">
     <span class='ocr_line' id='line_1_73' title="bbox 274 5162 1868 5232; baseline -0.001 -15"><span class='ocrx_word' id='word_1_530' title='bbox 274 5165 495 5217; x_wconf 78' lang='lat' dir='ltr'><strong>Laudat</strong></span> <span class='ocrx_word' id='word_1_531' title='bbox 522 5164 831 5218; x_wconf 76' lang='lat' dir='ltr'><strong>Corinthios</strong></span> <span class='ocrx_word' id='word_1_532' title='bbox 861 5162 1162 5232; x_wconf 80' lang='lat' dir='ltr'><strong>Apostolus,</strong></span> <span class='ocrx_word' id='word_1_533' title='bbox 1183 5165 1272 5217; x_wconf 85' lang='lat' dir='ltr'><strong>ad</strong></span> <span class='ocrx_word' id='word_1_534' title='bbox 1300 5165 1647 5217; x_wconf 77' lang='lat' dir='ltr'><strong>concordiam</strong></span> <span class='ocrx_word' id='word_1_535' title='bbox 1677 5165 1868 5218; x_wconf 63' lang='lat' dir='ltr'><strong>exhor-</strong></span> 
     </span>
    </p>
   </div>
   <div class='ocr_carea' id='block_1_74' title="bbox 350 5235 1877 5304">
    <p class='ocr_par' dir='ltr' id='par_1_74' title="bbox 350 5235 1877 5304">
     <span class='ocr_line' id='line_1_74' title="bbox 350 5235 1877 5304; baseline -0.001 -16"><span class='ocrx_word' id='word_1_536' title='bbox 350 5240 513 5288; x_wconf 81' lang='lat' dir='ltr'><strong>tatur</strong></span> <span class='ocrx_word' id='word_1_537' title='bbox 542 5238 665 5289; x_wconf 85' lang='lat' dir='ltr'><strong>ittos</strong></span> <span class='ocrx_word' id='word_1_538' title='bbox 689 5238 790 5303; x_wconf 85' lang='lat' dir='ltr'><strong>qui</strong></span> <span class='ocrx_word' id='word_1_539' title='bbox 815 5236 1011 5289; x_wconf 83' lang='lat' dir='ltr'><strong>dicunt</strong></span> <span class='ocrx_word' id='word_1_540' title='bbox 1038 5252 1090 5289; x_wconf 85' lang='lat' dir='ltr'><strong>se</strong></span> <span class='ocrx_word' id='word_1_541' title='bbox 1129 5237 1430 5304; x_wconf 77' lang='lat' dir='ltr'><strong>baptizatos</strong></span> <span class='ocrx_word' id='word_1_542' title='bbox 1459 5251 1495 5289; x_wconf 92' lang='lat' dir='ltr'><strong>a</strong></span> <span class='ocrx_word' id='word_1_543' title='bbox 1520 5235 1750 5289; x_wconf 74' lang='lat' dir='ltr'><strong>diversis</strong></span> <span class='ocrx_word' id='word_1_544' title='bbox 1784 5254 1800 5288; x_wconf 94' lang='lat'><em>:</em></span> <span class='ocrx_word' id='word_1_545' title='bbox 1830 5241 1877 5288; x_wconf 70' lang='lat' dir='ltr'><strong>et</strong></span> 
     </span>
    </p>
   </div>
   <div class='ocr_carea' id='block_1_75' title="bbox 345 5307 1013 5375">
    <p class='ocr_par' dir='ltr' id='par_1_75' title="bbox 345 5307 1013 5375">
     <span class='ocr_line' id='line_1_75' title="bbox 345 5307 1013 5375; baseline 0.001 -17"><span class='ocrx_word' id='word_1_546' title='bbox 345 5307 499 5375; x_wconf 80' lang='lat' dir='ltr'><strong>quod</strong></span> <span class='ocrx_word' id='word_1_547' title='bbox 567 5307 706 5360; x_wconf 83' lang='lat' dir='ltr'><strong>Deus</strong></span> <span class='ocrx_word' id='word_1_548' title='bbox 779 5309 1013 5360; x_wconf 83' lang='lat' dir='ltr'><strong>stuttam</strong></span> 
     </span>
    </p>
   </div>
   <div class='ocr_carea' id='block_1_76' title="bbox 346 5378 573 5430">
    <p class='ocr_par' dir='ltr' id='par_1_76' title="bbox 346 5378 573 5430">
     <span class='ocr_line' id='line_1_76' title="bbox 346 5378 573 5430; baseline -0.004 -2"><span class='ocrx_word' id='word_1_549' title='bbox 346 5378 573 5430; x_wconf 83' lang='lat' dir='ltr'><strong>mundi.</strong></span> 
     </span>
    </p>
   </div>
   <div class='ocr_carea' id='block_1_77' title="bbox 344 5484 1881 5552">
    <p class='ocr_par' dir='ltr' id='par_1_77' title="bbox 344 5484 1881 5552">
     <span class='ocr_line' id='line_1_77' title="bbox 344 5484 1881 5552; baseline 0.002 -17"><span class='ocrx_word' id='word_1_550' title='bbox 344 5484 562 5536; x_wconf 81' lang='lat' dir='ltr'><strong>Paulus</strong></span> <span class='ocrx_word' id='word_1_551' title='bbox 590 5488 811 5537; x_wconf 76' lang='lat' dir='ltr'><strong>vocatus</strong></span> <span class='ocrx_word' id='word_1_552' title='bbox 835 5487 1107 5552; x_wconf 74' lang='lat' dir='ltr'><strong>apostolus</strong></span> <span class='ocrx_word' id='word_1_553' title='bbox 1137 5484 1346 5539; x_wconf 78' lang='lat' dir='ltr'><strong>Christi</strong></span> <span class='ocrx_word' id='word_1_554' title='bbox 1362 5486 1489 5538; x_wconf 79' lang='lat' dir='ltr'><strong>Jesu</strong></span> <span class='ocrx_word' id='word_1_555' title='bbox 1509 5499 1609 5552; x_wconf 85' lang='lat' dir='ltr'><strong>per</strong></span> <span class='ocrx_word' id='word_1_556' title='bbox 1626 5486 1881 5538; x_wconf 84' lang='lat' dir='ltr'><strong>volunta-</strong></span> 
     </span>
    </p>
   </div>
   <div class='ocr_carea' id='block_1_78' title="bbox 271 5569 1881 5643">
    <p class='ocr_par' dir='ltr' id='par_1_78' title="bbox 271 5569 1881 5643">
     <span class='ocr_line' id='line_1_78' title="bbox 271 5569 1881 5643; baseline 0.002 -22"><span class='ocrx_word' id='word_1_557' title='bbox 271 5575 385 5622; x_wconf 70' lang='lat' dir='ltr'><strong>tem</strong></span> <span class='ocrx_word' id='word_1_558' title='bbox 422 5570 533 5623; x_wconf 75' lang='lat' dir='ltr'><strong>Dei.</strong></span> <span class='ocrx_word' id='word_1_559' title='bbox 576 5569 820 5643; x_wconf 79' lang='lat' dir='ltr'><strong>(Ambr.)</strong></span> <span class='ocrx_word' id='word_1_560' title='bbox 858 5570 946 5626; x_wconf 84' lang='lat' dir='ltr'><strong>Ad</strong></span> <span class='ocrx_word' id='word_1_561' title='bbox 988 5571 1269 5627; x_wconf 87' lang='lat' dir='ltr'><strong>Romanos</strong></span> <span class='ocrx_word' id='word_1_562' title='bbox 1308 5570 1474 5626; x_wconf 87' lang='lat' dir='ltr'><strong>aliter</strong></span> <span class='ocrx_word' id='word_1_563' title='bbox 1514 5570 1700 5642; x_wconf 60' lang='lat' dir='ltr'><strong>cepit.</strong></span> <span class='ocrx_word' id='word_1_564' title='bbox 1747 5572 1881 5642; x_wconf 86' lang='lat' dir='ltr'><strong>quia</strong></span> 
     </span>
    </p>
   </div>
   <div class='ocr_carea' id='block_1_79' title="bbox 686 5671 1136 5731">
    <p class='ocr_par' dir='ltr' id='par_1_79' title="bbox 686 5671 1136 5731">
     <span class='ocr_line' id='line_1_79' title="bbox 686 5671 1136 5731; baseline 0.002 -1"><span class='ocrx_word' id='word_1_565' title='bbox 686 5672 952 5731; x_wconf 75' lang='lat' dir='ltr'><strong>PATBOL.</strong></span> <span class='ocrx_word' id='word_1_566' title='bbox 982 5671 1136 5731; x_wconf 82' lang='lat' dir='ltr'><strong>CX&quot;</strong></span> 
     </span>
    </p>
   </div>
   <div class='ocr_carea' id='block_1_80' title="bbox 1067 5307 1877 5375">
    <p class='ocr_par' dir='ltr' id='par_1_80' title="bbox 1067 5307 1877 5375">
     <span class='ocr_line' id='line_1_80' title="bbox 1067 5307 1877 5375; baseline -0.002 -14"><span class='ocrx_word' id='word_1_567' title='bbox 1067 5308 1258 5374; x_wconf 77' lang='lat' dir='ltr'><strong>fecerit</strong></span> <span class='ocrx_word' id='word_1_568' title='bbox 1316 5308 1651 5375; x_wconf 84' lang='lat' dir='ltr'><strong>sapientiam</strong></span> <span class='ocrx_word' id='word_1_569' title='bbox 1709 5307 1877 5375; x_wconf 78' lang='lat' dir='ltr'><strong>hujus</strong></span> 
     </span>
    </p>
   </div>
   <div class='ocr_carea' id='block_1_81' title="bbox 193 5843 502 6055">
    <p class='ocr_par' dir='ltr' id='par_1_81' title="bbox 193 5843 502 6055">
     <span class='ocr_line' id='line_1_81' title="bbox 193 5843 502 6055; baseline 0.003 0"><span class='ocrx_word' id='word_1_570' title='bbox 193 5843 502 6055; x_wconf 52' lang='grc' dir='ltr'><strong>ανδ</strong></span> 
     </span>
    </p>
   </div>
   <div class='ocr_carea' id='block_1_82' title="bbox 1963 4502 3558 4577">
    <p class='ocr_par' dir='ltr' id='par_1_82' title="bbox 1963 4502 3558 4577">
     <span class='ocr_line' id='line_1_82' title="bbox 1963 4502 3558 4577; baseline -0.004 -19"><span class='ocrx_word' id='word_1_571' title='bbox 1963 4505 2059 4558; x_wconf 90' lang='lat' dir='ltr'><strong>dat</strong></span> <span class='ocrx_word' id='word_1_572' title='bbox 2088 4504 2370 4557; x_wconf 88' lang='lat' dir='ltr'><strong>societate.</strong></span> <span class='ocrx_word' id='word_1_573' title='bbox 2411 4503 2645 4573; x_wconf 66' lang='lat' dir='ltr'><strong>(Mer</strong></span> <span class='ocrx_word' id='word_1_574' title='bbox 2696 4503 2905 4565; x_wconf 81' lang='lat' dir='ltr'><strong>Frater,</strong></span> <span class='ocrx_word' id='word_1_575' title='bbox 2954 4502 3156 4571; x_wconf 91' lang='lat' dir='ltr'><strong>inquit,</strong></span> <span class='ocrx_word' id='word_1_576' title='bbox 3190 4520 3301 4558; x_wconf 88' lang='lat' dir='ltr'><strong>non</strong></span> <span class='ocrx_word' id='word_1_577' title='bbox 3341 4514 3558 4577; x_wconf 70' lang='grc' dir='ltr'><strong>ηροειο-</strong></span> 
     </span>
    </p>
   </div>
   <div class='ocr_carea' id='block_1_83' title="bbox 1962 4590 3552 4665">
    <p class='ocr_par' dir='ltr' id='par_1_83' title="bbox 1962 4590 3552 4665">
     <span class='ocr_line' id='line_1_83' title="bbox 1962 4590 3552 4665; baseline 0.004 -18"><span class='ocrx_word' id='word_1_578' title='bbox 1962 4594 2050 4648; x_wconf 90' lang='lat' dir='ltr'><strong>lus</strong></span> <span class='ocrx_word' id='word_1_579' title='bbox 2080 4612 2091 4646; x_wconf 87' lang='lat'><strong>:</strong></span> <span class='ocrx_word' id='word_1_580' title='bbox 2124 4594 2271 4647; x_wconf 90' lang='lat' dir='ltr'><strong>hunc</strong></span> <span class='ocrx_word' id='word_1_581' title='bbox 2299 4599 2488 4646; x_wconf 89' lang='lat' dir='ltr'><strong>autem</strong></span> <span class='ocrx_word' id='word_1_582' title='bbox 2517 4590 2721 4644; x_wconf 89' lang='lat' dir='ltr'><strong>idcirco</strong></span> <span class='ocrx_word' id='word_1_583' title='bbox 2751 4606 2940 4643; x_wconf 88' lang='lat' dir='ltr'><strong>secum</strong></span> <span class='ocrx_word' id='word_1_584' title='bbox 2956 4590 3291 4647; x_wconf 87' lang='lat' dir='ltr'><strong>scribentem</strong></span> <span class='ocrx_word' id='word_1_585' title='bbox 3320 4593 3552 4665; x_wconf 81' lang='lat' dir='ltr'><strong>inducit,</strong></span> 
     </span>
    </p>
   </div>
   <div class='ocr_carea' id='block_1_84' title="bbox 1965 4680 3554 4754">
    <p class='ocr_par' dir='ltr' id='par_1_84' title="bbox 1965 4680 3554 4754">
     <span class='ocr_line' id='line_1_84' title="bbox 1965 4680 3554 4754; baseline 0.003 -17"><span class='ocrx_word' id='word_1_586' title='bbox 1965 4683 2095 4754; x_wconf 86' lang='lat' dir='ltr'><strong>quia</strong></span> <span class='ocrx_word' id='word_1_587' title='bbox 2128 4699 2192 4735; x_wconf 84' lang='lat' dir='ltr'><strong>ex</strong></span> <span class='ocrx_word' id='word_1_588' title='bbox 2236 4681 2371 4751; x_wconf 89' lang='lat' dir='ltr'><strong>ipsis</strong></span> <span class='ocrx_word' id='word_1_589' title='bbox 2428 4681 2623 4733; x_wconf 88' lang='lat' dir='ltr'><strong>doctor</strong></span> <span class='ocrx_word' id='word_1_590' title='bbox 2662 4684 2801 4744; x_wconf 86' lang='lat' dir='ltr'><strong>erat,</strong></span> <span class='ocrx_word' id='word_1_591' title='bbox 2849 4683 2905 4731; x_wconf 89' lang='lat' dir='ltr'><strong>et</strong></span> <span class='ocrx_word' id='word_1_592' title='bbox 2943 4696 3044 4749; x_wconf 90' lang='lat' dir='ltr'><strong>pro</strong></span> <span class='ocrx_word' id='word_1_593' title='bbox 3087 4680 3175 4734; x_wconf 89' lang='lat' dir='ltr'><strong>his</strong></span> <span class='ocrx_word' id='word_1_594' title='bbox 3211 4683 3371 4738; x_wconf 87' lang='lat' dir='ltr'><strong>valde</strong></span> <span class='ocrx_word' id='word_1_595' title='bbox 3401 4688 3554 4742; x_wconf 90' lang='lat' dir='ltr'><strong>solli-</strong></span> 
     </span>
    </p>
   </div>
   <div class='ocr_carea' id='block_1_85' title="bbox 1963 4772 2124 4826">
    <p class='ocr_par' dir='ltr' id='par_1_85' title="bbox 1963 4772 2124 4826">
     <span class='ocr_line' id='line_1_85' title="bbox 1963 4772 2124 4826; baseline 0 -1"><span class='ocrx_word' id='word_1_596' title='bbox 1963 4772 2124 4826; x_wconf 88' lang='lat' dir='ltr'><strong>citus.</strong></span> 
     </span>
    </p>
   </div>
   <div class='ocr_carea' id='block_1_86' title="bbox 2034 4857 3557 4927">
    <p class='ocr_par' dir='ltr' id='par_1_86' title="bbox 2034 4857 3557 4927">
     <span class='ocr_line' id='line_1_86' title="bbox 2034 4857 3557 4927; baseline 0.003 -13"><span class='ocrx_word' id='word_1_597' title='bbox 2034 4861 2278 4914; x_wconf 61' lang='lat' dir='ltr'><strong>Ecclesia!</strong></span> <span class='ocrx_word' id='word_1_598' title='bbox 2304 4860 2531 4927; x_wconf 54' lang='lat' dir='ltr'><strong>Deique</strong></span> <span class='ocrx_word' id='word_1_599' title='bbox 2558 4863 2631 4910; x_wconf 78' lang='lat' dir='ltr'><strong>est</strong></span> <span class='ocrx_word' id='word_1_600' title='bbox 2652 4857 2908 4911; x_wconf 74' lang='lat' dir='ltr'><strong>Corinthi</strong></span> <span class='ocrx_word' id='word_1_601' title='bbox 2936 4862 3297 4926; x_wconf 72' lang='lat' dir='ltr'><strong>sancti/iratis</strong></span> <span class='ocrx_word' id='word_1_602' title='bbox 3320 4865 3382 4917; x_wconf 87' lang='lat' dir='ltr'><strong>in</strong></span> <span class='ocrx_word' id='word_1_603' title='bbox 3400 4863 3557 4919; x_wconf 78' lang='lat' dir='ltr'><strong>Chri-</strong></span> 
     </span>
    </p>
   </div>
   <div class='ocr_carea' id='block_1_87' title="bbox 1962 4945 3557 5025">
    <p class='ocr_par' dir='ltr' id='par_1_87' title="bbox 1962 4945 3557 5025">
     <span class='ocr_line' id='line_1_87' title="bbox 1962 4945 3557 5025; baseline 0.005 -24"><span class='ocrx_word' id='word_1_604' title='bbox 1962 4956 2041 5004; x_wconf 83' lang='lat' dir='ltr'><strong>sto</strong></span> <span class='ocrx_word' id='word_1_605' title='bbox 2083 4952 2229 5003; x_wconf 84' lang='lat' dir='ltr'><strong>Jesu.</strong></span> <span class='ocrx_word' id='word_1_606' title='bbox 2262 4947 2498 5010; x_wconf 79' lang='lat' dir='ltr'><strong>(Ambr.)</strong></span> <span class='ocrx_word' id='word_1_607' title='bbox 2533 4947 2836 5017; x_wconf 88' lang='lat' dir='ltr'><strong>Pr0pterea</strong></span> <span class='ocrx_word' id='word_1_608' title='bbox 2880 4945 3136 5001; x_wconf 72' lang='lat' dir='ltr'><strong>Ecclesia:</strong></span> <span class='ocrx_word' id='word_1_609' title='bbox 3179 4949 3389 5019; x_wconf 86' lang='lat' dir='ltr'><strong>scribit,</strong></span> <span class='ocrx_word' id='word_1_610' title='bbox 3425 4956 3557 5025; x_wconf 89' lang='lat' dir='ltr'><strong>quia</strong></span> 
     </span>
    </p>
   </div>
   <div class='ocr_carea' id='block_1_88' title="bbox 1962 5035 3557 5107">
    <p class='ocr_par' dir='ltr' id='par_1_88' title="bbox 1962 5035 3557 5107">
     <span class='ocr_line' id='line_1_88' title="bbox 1962 5035 3557 5107; baseline 0.003 -14"><span class='ocrx_word' id='word_1_611' title='bbox 1962 5039 2145 5094; x_wconf 89' lang='lat' dir='ltr'><strong>adhuc</strong></span> <span class='ocrx_word' id='word_1_612' title='bbox 2174 5035 2408 5107; x_wconf 83' lang='lat' dir='ltr'><strong>singulis</strong></span> <span class='ocrx_word' id='word_1_613' title='bbox 2450 5035 2693 5089; x_wconf 89' lang='lat' dir='ltr'><strong>ecclesiis</strong></span> <span class='ocrx_word' id='word_1_614' title='bbox 2734 5041 2977 5090; x_wconf 89' lang='lat' dir='ltr'><strong>rectores</strong></span> <span class='ocrx_word' id='word_1_615' title='bbox 3008 5053 3118 5091; x_wconf 90' lang='lat' dir='ltr'><strong>non</strong></span> <span class='ocrx_word' id='word_1_616' title='bbox 3150 5045 3312 5093; x_wconf 87' lang='lat' dir='ltr'><strong>erant</strong></span> <span class='ocrx_word' id='word_1_617' title='bbox 3354 5043 3557 5097; x_wconf 88' lang='lat' dir='ltr'><strong>consti-</strong></span> 
     </span>
    </p>
   </div>
   <div class='ocr_carea' id='block_1_89' title="bbox 1961 5124 3555 5197">
    <p class='ocr_par' dir='ltr' id='par_1_89' title="bbox 1961 5124 3555 5197">
     <span class='ocr_line' id='line_1_89' title="bbox 1961 5124 3555 5197; baseline 0.001 -14"><span class='ocrx_word' id='word_1_618' title='bbox 1961 5128 2089 5183; x_wconf 90' lang='lat' dir='ltr'><strong>tuti.</strong></span> <span class='ocrx_word' id='word_1_619' title='bbox 2125 5128 2192 5182; x_wconf 90' lang='lat' dir='ltr'><strong>Et</strong></span> <span class='ocrx_word' id='word_1_620' title='bbox 2222 5142 2349 5181; x_wconf 91' lang='lat' dir='ltr'><strong>cum</strong></span> <span class='ocrx_word' id='word_1_621' title='bbox 2380 5124 2437 5178; x_wconf 93' lang='lat' dir='ltr'><strong>in</strong></span> <span class='ocrx_word' id='word_1_622' title='bbox 2463 5124 2655 5179; x_wconf 87' lang='lat' dir='ltr'><strong>multis</strong></span> <span class='ocrx_word' id='word_1_623' title='bbox 2681 5129 2885 5194; x_wconf 88' lang='lat' dir='ltr'><strong>arguat</strong></span> <span class='ocrx_word' id='word_1_624' title='bbox 2914 5141 3027 5189; x_wconf 88' lang='lat' dir='ltr'><strong>eos,</strong></span> <span class='ocrx_word' id='word_1_625' title='bbox 3060 5126 3159 5191; x_wconf 89' lang='lat' dir='ltr'><strong>ait,</strong></span> <span class='ocrx_word' id='word_1_626' title='bbox 3196 5132 3555 5197; x_wconf 79' lang='lat' dir='ltr'><strong>sanctiﬁcatis</strong></span> 
     </span>
    </p>
   </div>
   <div class='ocr_carea' id='block_1_90' title="bbox 1962 5213 3557 5284">
    <p class='ocr_par' dir='ltr' id='par_1_90' title="bbox 1962 5213 3557 5284">
     <span class='ocr_line' id='line_1_90' title="bbox 1962 5213 3557 5284; baseline 0.003 -13"><span class='ocrx_word' id='word_1_627' title='bbox 1962 5220 2023 5271; x_wconf 83' lang='lat' dir='ltr'><strong>in</strong></span> <span class='ocrx_word' id='word_1_628' title='bbox 2056 5218 2269 5272; x_wconf 78' lang='lat' dir='ltr'><strong>Christo</strong></span> <span class='ocrx_word' id='word_1_629' title='bbox 2295 5217 2439 5269; x_wconf 78' lang='lat' dir='ltr'><strong>Jesu.</strong></span> <span class='ocrx_word' id='word_1_630' title='bbox 2457 5213 2563 5268; x_wconf 88' lang='lat' dir='ltr'><strong>Sed</strong></span> <span class='ocrx_word' id='word_1_631' title='bbox 2594 5213 2718 5268; x_wconf 89' lang='lat' dir='ltr'><strong>ideo</strong></span> <span class='ocrx_word' id='word_1_632' title='bbox 2746 5213 2879 5283; x_wconf 72' lang='lat' dir='ltr'><strong>quia</strong></span> <span class='ocrx_word' id='word_1_633' title='bbox 2904 5215 3219 5284; x_wconf 88' lang='lat' dir='ltr'><strong>regenerati</strong></span> <span class='ocrx_word' id='word_1_634' title='bbox 3247 5216 3303 5271; x_wconf 92' lang='lat' dir='ltr'><strong>in</strong></span> <span class='ocrx_word' id='word_1_635' title='bbox 3336 5218 3557 5276; x_wconf 87' lang='lat' dir='ltr'><strong>Christo</strong></span> 
     </span>
    </p>
   </div>
   <div class='ocr_carea' id='block_1_91' title="bbox 1962 5304 3552 5375">
    <p class='ocr_par' dir='ltr' id='par_1_91' title="bbox 1962 5304 3552 5375">
     <span class='ocr_line' id='line_1_91' title="bbox 1962 5304 3552 5375; baseline 0.003 -16"><span class='ocrx_word' id='word_1_636' title='bbox 1962 5304 2291 5360; x_wconf 87' lang='lat' dir='ltr'><strong>sanctiﬁcati</strong></span> <span class='ocrx_word' id='word_1_637' title='bbox 2318 5308 2451 5359; x_wconf 89' lang='lat' dir='ltr'><strong>sunt</strong></span> <span class='ocrx_word' id='word_1_638' title='bbox 2490 5321 2501 5355; x_wconf 91' lang='lat'><strong>:</strong></span> <span class='ocrx_word' id='word_1_639' title='bbox 2532 5307 2658 5375; x_wconf 87' lang='lat' dir='ltr'><strong>post</strong></span> <span class='ocrx_word' id='word_1_640' title='bbox 2686 5308 2876 5356; x_wconf 90' lang='lat' dir='ltr'><strong>autem</strong></span> <span class='ocrx_word' id='word_1_641' title='bbox 2914 5309 3200 5374; x_wconf 85' lang='lat' dir='ltr'><strong>coeperant</strong></span> <span class='ocrx_word' id='word_1_642' title='bbox 3244 5306 3390 5362; x_wconf 88' lang='lat' dir='ltr'><strong>male</strong></span> <span class='ocrx_word' id='word_1_643' title='bbox 3426 5325 3552 5365; x_wconf 53' lang='lat' dir='ltr'><strong>conv</strong></span> 
     </span>
    </p>
   </div>
   <div class='ocr_carea' id='block_1_92' title="bbox 1961 5391 3551 5459">
    <p class='ocr_par' dir='ltr' id='par_1_92' title="bbox 1961 5391 3551 5459">
     <span class='ocr_line' id='line_1_92' title="bbox 1961 5391 3551 5459; baseline 0.004 -13"><span class='ocrx_word' id='word_1_644' title='bbox 1961 5395 2190 5459; x_wconf 89' lang='lat' dir='ltr'><strong>versari,</strong></span> <span class='ocrx_word' id='word_1_645' title='bbox 2218 5400 2284 5449; x_wconf 88' lang='lat' dir='ltr'><strong>ut</strong></span> <span class='ocrx_word' id='word_1_646' title='bbox 2311 5392 2631 5448; x_wconf 87' lang='lat' dir='ltr'><strong>ostenderet</strong></span> <span class='ocrx_word' id='word_1_647' title='bbox 2655 5407 2880 5446; x_wconf 88' lang='lat' dir='ltr'><strong>omnem</strong></span> <span class='ocrx_word' id='word_1_648' title='bbox 2907 5391 3207 5447; x_wconf 88' lang='lat' dir='ltr'><strong>Ecclesiam</strong></span> <span class='ocrx_word' id='word_1_649' title='bbox 3239 5396 3551 5454; x_wconf 83' lang='lat' dir='ltr'><strong>sanctiﬁca-</strong></span> 
     </span>
    </p>
   </div>
   <div class='ocr_carea' id='block_1_93' title="bbox 1959 5480 3553 5556">
    <p class='ocr_par' dir='ltr' id='par_1_93' title="bbox 1959 5480 3553 5556">
     <span class='ocr_line' id='line_1_93' title="bbox 1959 5480 3553 5556; baseline 0.002 -18"><span class='ocrx_word' id='word_1_650' title='bbox 1959 5489 2079 5538; x_wconf 88' lang='lat' dir='ltr'><strong>tam</strong></span> <span class='ocrx_word' id='word_1_651' title='bbox 2104 5483 2275 5538; x_wconf 81' lang='lat' dir='ltr'><strong>fuisse</strong></span> <span class='ocrx_word' id='word_1_652' title='bbox 2305 5483 2365 5536; x_wconf 87' lang='lat' dir='ltr'><strong>in</strong></span> <span class='ocrx_word' id='word_1_653' title='bbox 2396 5481 2619 5536; x_wconf 86' lang='lat' dir='ltr'><strong>Christo</strong></span> <span class='ocrx_word' id='word_1_654' title='bbox 2654 5498 2665 5532; x_wconf 89' lang='lat'>:</span> <span class='ocrx_word' id='word_1_655' title='bbox 2699 5480 2797 5534; x_wconf 89' lang='lat' dir='ltr'><strong>sed</strong></span> <span class='ocrx_word' id='word_1_656' title='bbox 2826 5481 3098 5551; x_wconf 86' lang='lat' dir='ltr'><strong>quosdam</strong></span> <span class='ocrx_word' id='word_1_657' title='bbox 3130 5480 3354 5539; x_wconf 89' lang='lat' dir='ltr'><strong>illorum</strong></span> <span class='ocrx_word' id='word_1_658' title='bbox 3381 5502 3553 5556; x_wconf 85' lang='lat' dir='ltr'><strong>prava</strong></span> 
     </span>
    </p>
   </div>
   <div class='ocr_carea' id='block_1_94' title="bbox 1962 5567 3550 5642">
    <p class='ocr_par' dir='ltr' id='par_1_94' title="bbox 1962 5567 3550 5642">
     <span class='ocr_line' id='line_1_94' title="bbox 1962 5567 3550 5642; baseline 0.003 -16"><span class='ocrx_word' id='word_1_659' title='bbox 1962 5570 2217 5636; x_wconf 86' lang='lat' dir='ltr'><strong>doctrina</strong></span> <span class='ocrx_word' id='word_1_660' title='bbox 2275 5567 2868 5642; x_wconf 87' lang='lat' dir='ltr'><strong>pseudoapostolorum</strong></span> <span class='ocrx_word' id='word_1_661' title='bbox 2914 5584 3136 5625; x_wconf 85' lang='lat' dir='ltr'><strong>eversos</strong></span> <span class='ocrx_word' id='word_1_662' title='bbox 3176 5586 3209 5624; x_wconf 89' lang='lat' dir='ltr'><strong>a</strong></span> <span class='ocrx_word' id='word_1_663' title='bbox 3249 5573 3550 5630; x_wconf 83' lang='lat' dir='ltr'><strong>traditione</strong></span> 
     </span>
    </p>
   </div>
   <div class='ocr_carea' id='block_1_95' title="bbox 3130 5674 3149 5731">
    <p class='ocr_par' dir='ltr' id='par_1_95' title="bbox 3130 5674 3149 5731">
     <span class='ocr_line' id='line_1_95' title="bbox 3130 5674 3149 5731; baseline 0 0"><span class='ocrx_word' id='word_1_664' title='bbox 3130 5674 3149 5731; x_wconf 87' lang='grc' dir='ltr'><strong>Ι</strong></span> 
     </span>
    </p>
   </div>
  </div>
