3900 6196
360 197 412 250 il

949 196 1010 262 B,
1051 194 1322 248 RABANI
1365 192 1594 249 MAURI
1634 188 1970 248 ARCHIEP.
2011 193 2336 251 MOGUNT.
2379 193 2676 250 OPERUM
2713 185 2899 248 PARS
2937 191 3034 248 Ill.

3565 185 3628 250 {2

355 321 622 376 veritatis.
657 323 856 375 Vocatis
885 321 1108 372 sanctis.
1142 316 1332 388 (Aug.)
1350 318 1466 370 Hoc
1499 323 1584 371 est
1613 317 1788 370 vocati
1817 317 1952 370 estis
1971 318 2221 376 Atutum
2250 325 2336 371 est
2365 335 2400 372 a
2424 319 2538 372 Deo
2569 324 2632 372 ut
2670 318 2766 388 qui
2807 317 2986 372 credit
3022 317 3082 372 in
3119 319 3404 373 Christum
3445 319 3630 372 salvus

351 416 416 465 ut
445 410 622 465 sancti
647 409 792 473 sitis,
823 407 970 478 quod
999 411 1102 470 est,
1137 412 1201 459 ut
1237 421 1350 458 non
1388 405 1662 462 recedatis
1691 422 1724 460 ει
1754 405 1950 476 regula

358 496 834 554 sanctificationis.
851 497 1076 550 Invocat
1103 499 1178 558 te,
1197 491 1453 554 Domine,
1469 494 1605 548 ﬁdes
1619 509 1762 558 mea,
1780 509 1950 564 quam

357 587 560 642 dedisti
591 586 750 650 mihi,
771 601 938 656 quam
956 583 1241 654 inspirasti
1260 583 1397 636 mihi
1425 599 1524 654 per
1540 583 1952 636 humanitatem

363 677 486 730 Filii
515 675 617 738 tui,
649 691 749 746 per
777 672 1154 726 ministerium
1189 671 1567 742 prazdicatoris
1595 671 1698 736 tui,
1734 677 1791 725 et
1819 688 1953 742 quo-

365 766 528 819 modo
557 761 824 816 invocabo
865 761 1046 815 Deum
1085 776 1295 825 meum,
1338 761 1516 814 Deum
1557 766 1613 814 et
1650 759 1952 814 Dominum

365 853 592 908 meum?
621 850 886 922 quoniam
916 849 1109 920 utique
1153 849 1213 908 in
1254 849 1533 919 meipsum
1575 864 1706 904 eum
1751 847 1954 902 vocabo

357 959 485 996 cum
516 939 782 995 invocabo
807 955 958 993 eum.
993 939 1130 993 Cum
1159 939 1414 991 omnibus
1441 937 1542 1006 qui
1566 940 1825 992 invocant
1854 953 1954 991 no-

359 1047 483 1084 men
510 1032 737 1084 Domini
753 1029 1068 1082 nostriJesu
1088 1026 1297 1080 Christi
1315 1029 1379 1078 in
1407 1029 1563 1079 omni
1579 1029 1690 1079 loco
1707 1029 1954 1094 ipsorum.

357 1123 407 1173 et
437 1124 638 1172 nostro.
658 1115 1022 1171 Sacerdotum
1041 1121 1127 1168 est
1157 1114 1415 1168 invocare
1449 1113 1626 1168 Deum
1655 1113 1858 1186 quibus
1876 1113 1957 1167 di-

353 1207 542 1262 citur:
594 1207 686 1262 Sic
725 1205 1042 1259 bcnedicetis
1085 1206 1227 1270 ﬁlios
1273 1205 1444 1256 Israel
1485 1207 1798 1256 invocantes
1850 1220 1956 1255 no-

361 1312 484 1350 men
509 1312 692 1350 meum
705 1309 870 1362 super
886 1295 1010 1346 illos
1033 1291 1229 1360 (Num.
1250 1289 1321 1360 vi)
1344 1310 1356 1347 ;
1381 1296 1439 1344 et
1467 1290 1768 1344 Psalmista
1782 1290 1950 1344 dicit:

359 1386 426 1439 Et
455 1385 678 1440 Samuel
708 1385 852 1436 inter
881 1398 964 1433 eos
993 1383 1092 1448 qui
1125 1383 1381 1434 invocant
1413 1396 1610 1433 nomen
1639 1383 1756 1447 ejus
1790 1383 1950 1444 (Psal.

363 1474 569 1539 xcvm),
627 1487 794 1541 quem
847 1469 1194 1523 sacerdotem
1238 1467 1411 1522 fuisse
1448 1467 1548 1521 illa
1603 1485 1692 1522 res
1733 1467 1951 1538 probat,

361 1561 494 1632 quia
520 1565 578 1614 et
605 1559 880 1614 sacerdoti
911 1557 1194 1622 successit,
1229 1563 1287 1610 et
1316 1557 1527 1610 hostias
1566 1557 1852 1619 offerebat,
1890 1557 1958 1609 de

2031 405 2105 460 sit
2135 403 2254 462 sine
2281 423 2468 478 opere,
2484 407 2601 460 sola
2630 405 2756 466 ﬁde.
2789 406 2848 460 in
2877 423 2989 477 qua
3015 407 3193 476 gratis
3206 407 3410 478 accipit
3437 406 3631 461 remis-

2033 494 2247 548 sionem
2275 501 2648 566 peccatorum.
2669 495 2808 562 Quia
2841 499 2905 549 in
2936 497 3190 550 omnibus
3219 499 3386 550 ditati
3413 499 3538 550 estis
3571 499 3632 548 in

2035 587 2165 652 ipso,
2187 587 2250 637 in
2280 588 2434 637 omni
2458 586 2615 638 verbo
2631 590 2679 637 et
2711 587 2774 638 in
2803 589 2957 637 omni
2983 588 3232 638 scientia.
3261 585 3496 652 (Ainer
3516 586 3634 638 Hoc

2035 672 2314 742 signiﬁcat
2342 673 2476 743 quia
2504 673 2562 726 in
2593 679 2820 743 accepta
2845 673 3030 742 gratia
3075 679 3133 727 et
3173 673 3338 728 verbo
3380 673 3635 728 veritatis

2037 761 2320 827 doctrinae,
2355 761 2644 816 scientiam
2679 761 2987 832 spiritalem
3033 763 3272 817 assecuti
3313 779 3636 834 permanse-

2037 856 2187 904 runt.
2219 850 2350 906 Ideo
2376 849 2590 920 gratias
2619 850 2738 919 agit
2777 849 2834 904 in
2875 849 2965 904 his
2996 851 3112 906 Deo
3145 869 3156 904 :
3192 851 3438 922 primum
3471 852 3637 906 solito

2039 955 2193 992 more
2222 939 2500 992 laudando
2529 941 2792 1010 provocat
2815 937 2888 992 ad
2931 939 3258 1010 profectum,
3307 946 3362 994 et
3399 939 3537 994 dicit
3577 957 3637 993 se

2039 1028 2266 1097 quidem
2293 1028 2540 1098 gaudere
2571 1028 2639 1080 de
2672 1044 2866 1082 eorum
2899 1029 3149 1094 scientia,
3187 1029 3283 1082 sed
3327 1029 3468 1083 scire
3509 1029 3638 1082 illos

2039 1117 2242 1170 debere
2272 1116 2406 1186 quia
2431 1133 2562 1170 vera
2589 1117 2864 1186 sapientia
2891 1133 3002 1170 non
3028 1118 3278 1184 inflatur,
3311 1135 3494 1189 neque
3526 1118 3640 1172 dis-

2040 1205 2228 1270 sentit,
2261 1205 2525 1276 quoniam
2567 1205 2624 1258 in
2669 1204 2928 1259 omnibus
2966 1206 3166 1260 divites
3203 1207 3334 1260 facti
3377 1212 3539 1260 erant
3580 1207 3642 1259 in

2041 1294 2156 1356 illo,
2187 1293 2247 1348 in
2277 1293 2536 1348 omnibus
2553 1293 2854 1347 virtutibus
2875 1311 2976 1364 per
3001 1295 3337 1366 sapientiam
3354 1312 3476 1365 quae
3502 1295 3645 1349 ami-

2048 1401 2140 1436 cos
2179 1382 2280 1436 Dei
2339 1389 2396 1435 et
2434 1383 2734 1453 prophetas
2779 1382 3088 1448 constituit,
3137 1383 3195 1436 in
3235 1384 3386 1437 omni
3431 1383 3648 1437 scilicet

2040 1470 2206 1524 verbo
2250 1477 2306 1524 et
2357 1471 2511 1524 omni
2557 1470 2850 1540 sapientia,
2899 1471 2953 1524 id
2993 1478 3096 1536 est,
3129 1477 3248 1525 tam
3291 1471 3430 1525 Novi
3471 1489 3643 1542 quam

2041 1559 2261 1612 Veteris
2291 1559 2655 1613 Testamenti.
2692 1561 2849 1614 Sicut
2877 1563 3252 1613 testimonium.
3285 1561 3494 1614 Christi
3521 1577 3647 1614 con-

363 1667 471 1721 quo
501 1649 672 1703 etiam
699 1647 1004 1702 secundum
1033 1646 1327 1700 historiam
1359 1645 1572 1700 dictum
1601 1651 1685 1700 est
1720 1665 1730 1698 :
1767 1647 1952 1701 Susei-
1980 1645 2029 1705 B
2047 1651 2339 1715 firmatum
2379 1653 2453 1700 est
2492 1651 2555 1702 in
2595 1649 2760 1701 vobis.
2809 1645 3046 1718 (MAUB.)
3079 1648 3490 1702 Testimonium
3531 1665 3645 1718 quo

307 1783 332 1798 ,
361 1740 482 1794 tabo
509 1741 654 1792 mihi
681 1738 1010 1792 sacerdotem
1039 1737 1251 1804 ﬁdelem
1281 1737 1331 1804 (Ι
1357 1737 1478 1804 Reg.
1511 1735 1595 1804 il),
1643 1735 1740 1806 qui
1772 1751 1964 1804 quam-
2047 1736 2126 1790 ait
2159 1753 2170 1788 :
2210 1737 2400 1791 Omnis
2427 1739 2606 1791 scriba
2638 1739 2824 1792 doctus
2855 1739 2918 1789 in
2956 1753 3122 1804 regno
3149 1741 3406 1792 caelorum
3436 1740 3645 1790 similis

364 1825 446 1881 vis
475 1843 589 1882 non
617 1825 692 1881 sit
727 1842 793 1880 ex
822 1841 1028 1896 genere
1065 1826 1273 1888 Aaron,
1315 1829 1508 1878 tamen
1546 1824 1615 1877 de
1651 1823 1803 1878 tribu
1832 1823 1964 1878 Levi
2047 1829 2122 1878 est
2147 1825 2364 1877 homini
2386 1826 2814 1892 patrifamilias,
2830 1827 2930 1893 qui
2954 1826 3243 1893 profertde
3262 1825 3517 1878 thesauro
3545 1840 3648 1876 suo

370 1933 489 1970 esse
516 1915 575 1970 in
601 1914 1068 1986 Paralipomenon
1097 1913 1321 1982 legitur,
1351 1913 1484 1983 quia
1508 1911 1626 1984 ipse
1658 1913 1804 1967 hunc
1831 1929 1964 1966 con—
2049 1929 2186 1966 nova
2216 1918 2265 1966 et
2293 1917 2473 1967 vetera
2501 1912 2721 1986 (Matth.
2757 1912 2892 1984 xm).

367 2004 570 2072 stituit,
603 2003 699 2076 qui
727 2008 784 2057 et
814 2003 993 2056 illum.
1025 2004 1111 2056 Ita
1138 2001 1288 2056 enim
1315 2002 1504 2056 Aaron
1535 2002 1720 2071 elegit,
1738 2009 1802 2056 ut
1828 2001 1967 2056 alios
2120 2005 2205 2056 Ita
2216 2003 2438 2056 utnihil
2451 2003 2744 2057 vobisdes-it
2755 2005 2817 2056 in
2839 2006 2958 2058 ulla
2975 2005 3182 2071 gratia.
3199 2002 3357 2056 Unde
3379 2003 3461 2056 ait
3483 2003 3638 2056 Salo-

373 2101 566 2166 postea
591 2093 832 2163 eligendi
871 2108 984 2145 non
1027 2091 1283 2146 amiserit
1327 2096 1680 2160 potestatem.
1721 2093 1783 2144 In
1813 2093 1968 2144 omni
2050 2107 2182 2144 mon
2215 2108 2225 2142 :
2275 2092 2541 2146 Venerunt
2572 2093 2716 2146 mihi
2745 2095 2935 2146 omnia
2963 2093 3101 2146 bona
3135 2095 3355 2160 pariter
3383 2107 3509 2145 eum
3540 2095 3648 2146 illa

369 2185 479 2237 loco
509 2185 756 2252 ipsorum
797 2187 844 2234 et
889 2186 1091 2246 nostro,
1141 2179 1274 2250 quia
1315 2179 1630 2234 sacerdotes
1671 2186 1729 2232 et
1769 2196 1869 2232 suo
1912 2185 1970 2232 et
2046 2180 2196 2248 (Sap.
2231 2180 2349 2247 vn),
2386 2179 2443 2232 id
2472 2185 2558 2233 est
2587 2197 2715 2234 cum
2754 2180 3048 2250 sapientia.
3091 2179 3334 2252 (Ambr.)
3375 2180 3652 2233 Testimo-

373 2271 754 2344 apostolorum
781 2269 900 2324 loco
926 2269 1256 2338 funguntur,
1277 2275 1508 2340 propter
1535 2269 1682 2338 quod
1715 2266 1968 2322 ecclesia-
2051 2267 2208 2321 nium
2238 2268 2445 2322 Christi
2475 2270 2868 2322 conﬁrmatum
2897 2277 2982 2322 est
3007 2269 3065 2322 in
3097 2269 3202 2336 his,
3237 2268 3368 2338 quia
3399 2267 3649 2322 roborati

377 2376 500 2414 rum
528 2359 698 2413 etiam
727 2357 962 2429 apostoli
1002 2357 1386 2411 nominantur.
1421 2357 1663 2424 (Ambr.)
1701 2355 1879 2410 Aliter
1911 2356 1970 2410 in
2052 2357 2110 2409 in
2139 2357 2266 2420 ﬁde,
2315 2357 2455 2410 nihil
2493 2357 2562 2411 de
2601 2357 2923 2411 hominibus
2967 2356 3286 2428 sperabant,
3331 2357 3428 2410 sed
3465 2356 3652 2410 omnis

379 2454 689 2504 memorata
715 2446 1012 2510 sententia,
1032 2462 1143 2516 qua
1174 2445 1309 2499 dicit
1336 2463 1458 2499 cum
1477 2447 1732 2498 omnibus
1759 2448 1858 2513 qui
1884 2449 1970 2499 in-
2053 2462 2178 2515 spes
2205 2445 2430 2499 illorum
2461 2445 2519 2500 in
2545 2446 2768 2500 Christo
2786 2452 2926 2513 erat,
2943 2445 3110 2500 nullis
3141 2445 3442 2516 voluptatis
3469 2445 3654 2498 illece-

379 2543 566 2592 vocant
597 2553 794 2590 nomen
820 2537 1048 2589 Domini
1088 2537 1265 2588 nostri
1287 2537 1412 2588 Jesu
1444 2535 1668 2595 Christi,
1715 2537 1778 2588 in
1817 2537 1972 2587 omni
2052 2532 3455 2604 briscapti.ErspeetanlibusreuelationemDomini
3469 2538 3655 2588 nostri

382 2633 491 2682 loco
523 2629 787 2694 ipsorum,
823 2629 870 2676 et
903 2627 1104 2676 nostro.
1137 2624 1277 2676 Cum
1309 2622 1514 2676 Judaeis
1545 2638 1674 2675 vero
1698 2621 1889 2692 jungit
1915 2627 1974 2675 et
2050 2624 2175 2675 Jesu
2207 2623 2434 2676 Christi.
2475 2625 2710 2692 (MAUR.)
2737 2623 2836 2677 Ille
2868 2639 2997 2676 vero
3025 2627 3308 2693 exspectat
3346 2623 3650 2676 adventum

381 2701 597 2786 gentes,
628 2715 764 2780 quia
814 2715 966 2764 salus
1009 2727 1072 2764 ea;
1109 2712 1312 2765 Juda’is
1357 2716 1432 2764 est
1477 2708 1652 2781 (Joan.
1687 2714 1781 2776 1v),
1819 2716 1882 2764 ut
1912 2710 1968 2763 in
2054 2711 2281 2776 Christi,
2318 2711 2412 2781 qui
2441 2710 2700 2765 omnibus
2729 2718 3074 2782 praeparatus
3102 2717 3219 2778 est;
3252 2711 3518 2765 revelatio
3547 2727 3652 2765 au-

378 2802 531 2857 omni
562 2802 680 2856 loco
710 2799 805 2856 ubi
835 2805 1032 2870 gentes
1061 2816 1182 2870 quae
1209 2799 1468 2853 invocant
1505 2815 1709 2853 nomen
1747 2797 1970 2854 Domini
2054 2805 2168 2853 tem
2210 2799 2417 2853 dicitur
2453 2799 2676 2854 Domini
2714 2799 3005 2860 adventus,
3045 2801 3179 2871 quia
3214 2800 3380 2854 modo
3421 2817 3455 2852 a
3490 2799 3654 2853 nobis

380 2889 556 2946 nostri
581 2891 712 2946 Jesu
745 2889 972 2954 Christi,
1019 2895 1075 2942 et
1104 2887 1200 2942 ubi
1237 2887 1414 2943 Judaei
1463 2905 1635 2960 supra
1677 2889 1971 2943 memorati
2055 2887 2410 2942 absconditus
2446 2894 2548 2943 est.
2593 2887 2833 2960 (Auter
2862 2889 3218 2943 Manifestum
3257 2895 3342 2944 est
3378 2889 3526 2942 hunc
3563 2905 3656 2942 ex-

285 3030 302 3045 ,
379 2984 530 3045 sunt,
573 2977 834 3034 similiter
873 2977 986 3030 sint
1039 2993 1232 3048 omnes
1275 2993 1469 3030 unum.
1516 2969 2306 3048 PseudoapostoliCspectare
2334 2977 2484 3032 diem
2517 2977 2735 3046 judicii,
2781 2978 2875 3048 qui
2901 2979 3336 3049 circumspectus
3375 2977 3650 3032 sollicitus

382 3069 531 3124 enim
554 3067 648 3139 qui
671 3083 874 3122 nomen
894 3065 1102 3120 Christi
1133 3082 1232 3136 per
1250 3066 1607 3136 prudentiam
1625 3065 1820 3120 mundi
1840 3082 1976 3136 praa-
2055 3072 2140 3120 est
2170 3085 2180 3119 :
2215 3066 2466 3122 futurum
2491 3065 2768 3136 judicium
2796 3067 2914 3132 Dei,
2935 3067 2995 3120 in
3023 3084 3133 3138 quo
3163 3067 3435 3122 Dominus
3465 3073 3657 3120 noster

379 3156 657 3222 dicabant,
673 3153 1092 3222 idest,admista
1105 3154 1904 3225 philosophiavetercmlegein
1919 3159 1977 3207 et
2056 3154 2394 3224 revelabitur
2431 3161 2550 3209 tam
2593 3155 2719 3208 ﬁdis
2749 3171 2917 3226 quam
2962 3155 3170 3220 inﬁdis,
3209 3162 3273 3210 ut
3315 3163 3658 3225 cognoscant

381 3246 679 3318 prophetas
691 3242 1370 3315 reprobabant,negabant
1384 3243 1536 3298 enim
1550 3243 1835 3298 Christum
1849 3258 1975 3296 vere
2059 3243 2328 3298 increduli
2357 3261 2422 3298 ac
2449 3243 2630 3298 sciant
2658 3261 2852 3298 verum
2889 3262 3027 3309 esse,
3043 3245 3190 3315 quod
3216 3243 3442 3298 credere
3461 3245 3656 3298 nolue—

379 3333 837 3401 cruciﬁxum,sed
855 3337 1076 3386 tantum
1093 3333 1272 3386 visum
1289 3332 1717 3402 cruciﬁgi,sicut
1730 3332 1974 3386 Marcion
2059 3340 2191 3388 runt
2219 3339 2276 3387 et
2313 3333 2688 3403 pereantgﬁdi
2717 3349 2848 3386 vero
2879 3333 3166 3404 gaudeant
3195 3333 3322 3403 plus
3347 3331 3476 3386 boni
3505 3332 3656 3386 inve-

379 3429 436 3478 et
462 3421 818 3478 Manichacus.
845 3421 1000 3476 Unde
1031 3422 1330 3492 Apostolus
1366 3439 1376 3472 :
1414 3423 1519 3475 Nos
1546 3421 1971 3491 autcm,inquit.
2059 3423 2281 3478 nientes
2315 3439 2482 3492 quam
2517 3428 2870 3492 putaverant.

376 3511 743 3581 praedicamus
774 3511 1058 3566 Christum
1089 3513 1436 3577 cruci/imum
1459 3511 1650 3580 Neque
1680 3509 1864 3563 carnis
1894 3527 1978 3563 re-
2134 3513 2242 3576 Qui
2268 3515 2318 3564 et
2348 3513 2694 3578 conﬁrmabit
2711 3527 2798 3564 vos
2828 3527 2994 3578 usque
3013 3513 3252 3577 inﬁnem
3267 3513 3386 3564 sine
3414 3513 3654 3564 crimine

381 3600 785 3656 surrectionem
811 3598 1132 3654 fatebantur
1161 3597 1308 3669 quod
1343 3599 1617 3668 propheta
1651 3597 1824 3653 Isaias
1863 3597 1976 3652 cla-
2061 3603 2124 3654 in
2151 3603 2240 3661 die
2267 3602 2533 3653 adcentus
2561 3601 2786 3652 Dom-ini
2814 3602 2992 3652 nostri
3017 3602 3144 3653 Jesu
3175 3599 3384 3654 Christi
3415 3598 3660 3670 (MAUH.)

386 3696 521 3756 mat,
551 3689 741 3743 dicens
771 3705 782 3741 :
821 3687 927 3754 Qui
964 3689 1027 3740 in
1060 3691 1428 3741 monumentis
1457 3692 1586 3740 sunt
1631 3703 1742 3740 non
1787 3703 1976 3740 resur-
2061 3689 2166 3742 Per
2195 3687 2527 3752 doctrinam,
2569 3687 2715 3741 sicut
2757 3687 2838 3741 ait
2874 3687 3073 3742 beatus
3117 3687 3292 3741 David
3326 3705 3337 3741 :
3374 3687 3657 3755 Conﬁrma

381 3783 527 3848 gent.
559 3779 696 3850 (Isa.
725 3779 900 3848 xxvi).
2063 3794 2142 3831 me
2187 3779 2250 3830 in
2287 3778 2463 3830 verbis
2504 3779 2615 3829 tuis
2649 3777 2820 3847 (Psal.
2877 3773 3096 3842 cxvm);
3137 3782 3196 3830 et
3233 3775 3438 3830 iterum
3487 3793 3496 3826 :
3545 3779 3664 3830 Pas:

457 3867 653 3922 Gratia
681 3867 827 3920 vobis
857 3870 905 3918 et
930 3881 1045 3933 par
1085 3881 1120 3916 a
1151 3865 1252 3918 Deo
1281 3867 1444 3918 Putre
1476 3869 1659 3918 nostro
1686 3870 1732 3917 et
1766 3864 1980 3917 Christo
2060 3869 2241 3920 multa
2269 3866 2626 3932 diligentibus
2653 3881 2847 3918 nomen
2883 3871 3060 3929 tuum,
3105 3871 3152 3918 et
3193 3882 3306 3919 non
3345 3870 3420 3918 est
3452 3867 3514 3918 in
3542 3867 3662 3918 illis

385 3959 509 4009 Jesu
540 3956 772 4008 Domino
803 3958 1006 4006 nostra.
1042 3953 1339 4014 Caeterum,
1359 3952 1491 4022 quia
1519 3952 1870 4020 dixerat,qui
1897 3955 1982 4006 in-
2060 3955 2388 4008 scandalum
2418 3952 2580 4022 (Ibid.
2583 3952 2629 4023 j.
2647 3953 2706 4018 (A
2719 3955 2856 4006 mbr.
2862 3953 3072 4023 )Alacri
3100 3954 3290 4008 animo
3316 3954 3560 4008 conlisus
3593 3954 3662 4007 de

390 4047 580 4096 vocant
614 4058 809 4095 nomen
839 4043 1066 4095 Domini
1094 4042 1272 4092 nostri
1297 4042 1422 4093 Jesu
1453 4043 1766 4102 Chr-isti,ne
1799 4039 1980 4094 Patris
2063 4057 2160 4113 spe
2187 4041 2410 4095 illorum
2442 4057 2671 4094 securus
2697 4047 2800 4107 est,
2821 4041 2955 4110 quia
2987 4041 3239 4094 inviolati
3269 4058 3446 4113 usque
3476 4042 3546 4094 ad
3583 4042 3666 4095 fu-

389 4136 486 4186 aut
512 4133 854 4194 nomen,aut
882 4129 1091 4181 donum
1115 4128 1354 4183 tacuisse
1385 4128 1684 4188 videretur,
1717 4135 1772 4182 et
1807 4128 1985 4199 suspi-
2065 4137 2254 4185 turum
2281 4129 2556 4200 judicium
2571 4135 2756 4215 .erunt
2787 4146 2797 4180 :
2845 4129 2941 4198 qui
2983 4129 3136 4184 enim
3179 4129 3329 4184 inter
3358 4136 3444 4184 tot
3471 4129 3667 4183 discri-

389 4220 607 4279 cionem
646 4218 788 4272 forte
824 4225 924 4270 aut
958 4216 1303 4271 occasionem
1345 4217 1507 4270 daret
1547 4217 1788 4280 unionis,
1826 4219 1988 4272 docet
2068 4219 2224 4274 mina
2251 4235 2516 4274 sensuum
2557 4223 2612 4270 et
2649 4217 3101 4289 perturbationes
3139 4219 3528 4274 diversitatum
3561 4218 3667 4272 im-

393 4307 679 4364 Christum
711 4305 938 4378 quidem
955 4306 1060 4360 rite
1088 4305 1478 4372 invocandum,
1499 4293 1597 4359 sed
1619 4322 1844 4360 omnem
1859 4296 2275 4375 gra-Dmutari
2305 4307 2537 4360 minime
2574 4313 2896 4377 potuerunt,
2934 4308 3125 4377 procul
3164 4307 3333 4362 dubio
3370 4308 3428 4362 in
3467 4307 3667 4361 eodem

395 4398 534 4452 tiam
553 4414 674 4451 esse
689 4395 963 4461 Patris,ut
978 4399 1035 4448 et
1063 4395 1204 4448 duos
1233 4395 1328 4465 qui
1357 4395 1414 4448 in
1435 4411 1610 4448 unum
1637 4402 1768 4449 sunt
1793 4395 1986 4466 perdi-
2069 4413 2364 4451 mansuros
2391 4413 2449 4449 se
2481 4395 2801 4452 ostendunt.
2835 4397 2978 4450 Cum
3017 4397 3119 4450 hos
3156 4397 3368 4463 laudat,
3411 4396 3536 4450 illos
3569 4397 3666 4466 qui

391 4485 685 4555 vinitatem
713 4484 1050 4550 ostenderet,
1069 4489 1126 4538 et
1144 4483 1326 4537 Patris
1342 4483 1735 4538 auctoritatem
1765 4484 1987 4554 praet'er—
2069 4502 2258 4540 errore
2274 4484 2866 4555 pseudoapostolorum
2882 4485 3170 4555 depravati
3187 4485 3413 4540 fuerant
3432 4485 3632 4538 invitat
3652 4504 3662 4536 :

391 4581 495 4629 ret.
527 4553 749 4630 Gratias
778 4591 879 4642 ago
911 4576 1010 4627 Deo
1037 4590 1150 4627 meo
1179 4589 1390 4642 semper
1427 4589 1528 4642 pro
1567 4574 1710 4626 vobis
1748 4613 1758 4624 .
1797 4573 1985 4637 Quan-
2069 4575 2204 4628 dum
2236 4575 2436 4628 horum
2465 4573 2614 4627 enim
2645 4573 2812 4630 ﬁdem
2829 4575 3112 4644 praedicat,
3141 4574 3266 4629 illos
3291 4575 3360 4629 ad
3390 4572 3666 4644 pmniten-

390 4680 560 4735 quam
586 4661 845 4716 omnibus
875 4661 932 4714 in
968 4661 1211 4716 Ecclesia
1238 4661 1462 4726 scribat,
1477 4661 1570 4715 sed
1600 4661 1680 4715 ita
1711 4661 1990 4731 signiﬁcat
2069 4663 2209 4718 tiam
2239 4668 2517 4734 provocat.
2553 4662 2658 4728 Qui
2683 4669 2731 4716 et
2763 4665 3130 4731 conﬁrmabit,
3163 4663 3362 4733 inquit,
3381 4677 3467 4714 vos
3498 4677 3666 4728 usque

390 4769 518 4808 cum
545 4750 846 4822 aliquando
875 4749 1124 4820 corripit,
1161 4751 1462 4822 aliquando
1489 4751 1701 4811 laudat,
1723 4757 1786 4805 ut
1814 4767 1986 4806 unus-
2071 4755 2133 4806 in
2162 4755 2327 4820 ﬁnem
2353 4755 2470 4806 sine
2499 4754 2736 4806 crimine
2765 4754 2829 4806 in
2855 4755 3154 4808 adventum
3184 4752 3426 4807 Domini.
3462 4749 3670 4820 (Greg.)

395 4841 631 4914 quisque
659 4855 786 4894 cum
817 4835 1052 4910 epistola
1078 4838 1304 4909 legitur,
1321 4840 1599 4911 intelligat
1615 4839 1748 4911 quid
1777 4857 1876 4912 pro
1907 4858 1984 4898 se.
2071 4843 2133 4896 In
2149 4839 3006 4912 EpistolaJoannisitascriptum
3019 4847 3129 4895 est:
3149 4841 3211 4897 Si
3220 4841 3529 4894 diaerimus
3541 4854 3673 4907 qua-

397 4929 530 5001 quid
559 4927 856 4984 adversum
889 4944 948 4980 se
979 4925 1228 4992 dicatur;
1260 4927 1320 4981 in
1348 4945 1462 4983 una
1487 4929 1639 4984 enim
1667 4928 1824 5000 plebe
1855 4929 1989 4983 duo-
2072 4933 2230 4984 niam
2257 4935 2536 4998 peccatum
2567 4946 2677 4984 non
2706 4931 2982 4993 habemus,
3021 4932 3130 4998 ipsi
3158 4945 3254 4984 nos
3282 4929 3593 4982 seducimus
3623 4933 3671 4982 et

389 5019 494 5074 bus
521 5016 740 5092 populis
767 5013 976 5081 scribit,
1000 5023 1062 5070 ut
1091 5033 1219 5070 cum
1249 5017 1438 5086 arguit
1469 5017 1564 5089 qui
1595 5019 1742 5072 male
1770 5034 1989 5074 versan-
2070 5021 2271 5072 veritas
2308 5022 2369 5070 in
2399 5005 2550 5070 nabis
2582 5034 2691 5072 non
2721 5023 2797 5072 est
2829 5020 2880 5072 ι]
2901 5018 3293 5090 Joan.1).Cum
3323 5015 3572 5071 seductio
3589 5021 3678 5070 est

393 5115 504 5174 tur,
520 5107 700 5163 sciant
725 5103 829 5160 sibi
864 5105 980 5160 haec
1006 5105 1244 5178 scripta:
1266 5105 1528 5160 similiter
1553 5113 1609 5160 et
1635 5123 1762 5160 cum
1778 5107 1990 5172 laudat,
2076 5107 2396 5162 existimare
2413 5123 2532 5161 esse
2542 5106 2661 5162 sine
2672 5111 2915 5179 peccato,
2931 5106 3211 5176 quomodo
3225 5105 3626 5160 conﬁrmam'ur
3641 5121 3674 5158 a

394 5197 535 5264 sciat
561 5195 656 5267 qui
685 5195 746 5260 in
773 5195 967 5265 regula
998 5201 1190 5250 manet
1217 5194 1289 5248 ad
1329 5210 1387 5248 se
1431 5194 1548 5248 haec
1587 5195 1715 5250 dici.
1755 5195 1996 5266 Ideoque
2077 5196 2314 5251 Domino
2329 5195 2450 5249 sine
2477 5195 2709 5250 crimine
2724 5195 2782 5250 in
2797 5194 3100 5250 adventum
3129 5195 3270 5265 ejus,
3290 5193 3534 5249 maxime
3547 5209 3674 5250 cum

388 5291 601 5354 gratias
627 5301 746 5352 ago,
779 5283 981 5354 inquit,
1017 5285 1116 5338 Deo
1150 5299 1260 5336 meo
1291 5299 1500 5351 semper
1523 5299 1626 5352 pro
1660 5286 1802 5338 vobis
1829 5301 1993 5353 super
2077 5285 2246 5339 etiam
2278 5283 2463 5338 infans
2478 5285 2644 5338 unius
2662 5283 2772 5337 diei
2790 5299 2902 5337 non
2931 5290 3116 5354 potest
3129 5299 3251 5338 esse
3270 5283 3392 5336 sine
3410 5283 3676 5352 peccato?

393 5377 578 5438 gratia
611 5375 723 5436 Dei,
759 5389 876 5440 quae
904 5373 1034 5424 data
1061 5377 1133 5424 est
1165 5373 1308 5424 vobis
1340 5374 1394 5424 in
1432 5371 1648 5426 Christo
1677 5375 1822 5427 Jesu.
1861 5373 1992 5436 ρων
2077 5373 2363 5443 Numquid
2379 5390 2511 5444 ergo
2543 5378 2600 5427 et
2626 5372 2839 5428 crimen
2854 5378 3148 5444 peccatum
3163 5371 3380 5426 estsine
3412 5388 3522 5442 quo
3552 5371 3678 5442 quis

397 5461 574 5528 gratia
609 5461 684 5514 sic
716 5461 844 5514 data
875 5469 959 5512 est
985 5461 1043 5513 in
1071 5460 1294 5514 Christo
1333 5461 1482 5524 Jesu,
1517 5460 1612 5530 qui
1653 5462 1754 5515 hoc
1785 5463 1990 5517 consti-
2076 5461 2456 5518 conformatus
2491 5479 2525 5515 a
2553 5461 2792 5518 Domino
2819 5461 2942 5517 ﬁeri
2968 5461 3191 5532 potest?
3219 5460 3523 5517 Sciendum
3553 5476 3680 5532 pro-

3487 5733 3730 5904 .55!)-

3703 5913 3728 5936 r
3771 5923 3788 5937 ο

3741 5833 3771 5848 ⁸.
