  <div class='ocr_page' id='page_1' title='image "/cluster/home/n/w/nwhite01/storage/ocr_20150623/112/hvd.32044054759774/012.png"; bbox 0 0 3900 6196; ppageno 0'>
   <div class='ocr_carea' id='block_1_1' title="bbox 1471 195 1502 210">
    <p class='ocr_par' dir='ltr' id='par_1_1' title="bbox 1471 195 1502 210">
     <span class='ocr_line' id='line_1_1' title="bbox 1471 195 1502 210; baseline 0 0"><span class='ocrx_word' id='word_1_1' title='bbox 1471 195 1502 210; x_wconf 56' lang='lat' dir='ltr'><strong>h-</strong></span> 
     </span>
    </p>
   </div>
   <div class='ocr_carea' id='block_1_2' title="bbox 237 334 3490 405">
    <p class='ocr_par' dir='ltr' id='par_1_2' title="bbox 237 334 3490 405">
     <span class='ocr_line' id='line_1_2' title="bbox 237 334 3490 405; baseline 0.005 -17"><span class='ocrx_word' id='word_1_2' title='bbox 237 334 288 388; x_wconf 83' lang='lat' dir='ltr'><strong>l3</strong></span> <span class='ocrx_word' id='word_1_3' title='bbox 710 335 1290 394; x_wconf 77' lang='lat' dir='ltr'><strong>ENARRATIONUM</strong></span> <span class='ocrx_word' id='word_1_4' title='bbox 1327 337 1407 392; x_wconf 71' lang='grc' dir='ltr'>ΙΝ</span> <span class='ocrx_word' id='word_1_5' title='bbox 1445 337 1596 395; x_wconf 84' lang='lat' dir='ltr'><strong>EPP.</strong></span> <span class='ocrx_word' id='word_1_6' title='bbox 1640 334 1852 395; x_wconf 76' lang='lat' dir='ltr'><strong>PAULI</strong></span> <span class='ocrx_word' id='word_1_7' title='bbox 1892 339 2027 396; x_wconf 75' lang='lat' dir='ltr'><strong>LIB.</strong></span> <span class='ocrx_word' id='word_1_8' title='bbox 2071 339 2342 396; x_wconf 56' lang='lat' dir='ltr'><strong>lit—IN</strong></span> <span class='ocrx_word' id='word_1_9' title='bbox 2381 339 2602 396; x_wconf 69' lang='lat' dir='ltr'><strong>EPIST.</strong></span> <span class='ocrx_word' id='word_1_10' title='bbox 2644 341 2666 400; x_wconf 75' lang='grc' dir='ltr'><strong>Ι</strong></span> <span class='ocrx_word' id='word_1_11' title='bbox 2704 342 2800 398; x_wconf 73' lang='grc' dir='ltr'><strong>ΑΙ)</strong></span> <span class='ocrx_word' id='word_1_12' title='bbox 2839 344 3003 400; x_wconf 78' lang='lat' dir='ltr'><strong>00R.</strong></span> <span class='ocrx_word' id='word_1_13' title='bbox 3423 346 3490 405; x_wconf 70' lang='grc' dir='ltr'>η</span> 
     </span>
    </p>
   </div>
   <div class='ocr_carea' id='block_1_3' title="bbox 239 457 3488 539">
    <p class='ocr_par' dir='ltr' id='par_1_3' title="bbox 239 457 3488 539">
     <span class='ocr_line' id='line_1_3' title="bbox 239 457 3488 539; baseline 0.005 -28"><span class='ocrx_word' id='word_1_14' title='bbox 239 460 356 513; x_wconf 77' lang='lat' dir='ltr'><strong>tecto</strong></span> <span class='ocrx_word' id='word_1_15' title='bbox 381 457 538 512; x_wconf 85' lang='lat' dir='ltr'><strong>nobis</strong></span> <span class='ocrx_word' id='word_1_16' title='bbox 566 465 662 513; x_wconf 83' lang='lat' dir='ltr'><strong>est</strong></span> <span class='ocrx_word' id='word_1_17' title='bbox 691 460 830 530; x_wconf 82' lang='lat' dir='ltr'><strong>quia</strong></span> <span class='ocrx_word' id='word_1_18' title='bbox 858 477 972 514; x_wconf 90' lang='lat' dir='ltr'><strong>non</strong></span> <span class='ocrx_word' id='word_1_19' title='bbox 998 476 1164 514; x_wconf 87' lang='lat' dir='ltr'><strong>omne</strong></span> <span class='ocrx_word' id='word_1_20' title='bbox 1177 467 1466 531; x_wconf 86' lang='lat' dir='ltr'><strong>peccatum</strong></span> <span class='ocrx_word' id='word_1_21' title='bbox 1483 461 1694 516; x_wconf 83' lang='lat' dir='ltr'><strong>crimen</strong></span> <span class='ocrx_word' id='word_1_22' title='bbox 1711 468 1814 524; x_wconf 88' lang='lat' dir='ltr'><strong>est,</strong></span> <span class='ocrx_word' id='word_1_23' title='bbox 1832 465 1879 524; x_wconf 80' lang='grc' dir='ltr'><strong>Α</strong></span> <span class='ocrx_word' id='word_1_24' title='bbox 1898 463 1957 517; x_wconf 88' lang='lat' dir='ltr'><strong>in</strong></span> <span class='ocrx_word' id='word_1_25' title='bbox 1986 463 2139 518; x_wconf 88' lang='lat' dir='ltr'><strong>omni</strong></span> <span class='ocrx_word' id='word_1_26' title='bbox 2167 464 2354 533; x_wconf 85' lang='lat' dir='ltr'><strong>gratia</strong></span> <span class='ocrx_word' id='word_1_27' title='bbox 2377 464 2608 532; x_wconf 84' lang='lat' dir='ltr'><strong>diceret,</strong></span> <span class='ocrx_word' id='word_1_28' title='bbox 2629 466 2832 537; x_wconf 79' lang='lat' dir='ltr'><strong>quibus</strong></span> <span class='ocrx_word' id='word_1_29' title='bbox 2854 472 3212 539; x_wconf 72' lang='lat' dir='ltr'><strong>postmodum</strong></span> <span class='ocrx_word' id='word_1_30' title='bbox 3238 472 3488 530; x_wconf 85' lang='lat' dir='ltr'><strong>dicturus</strong></span> 
     </span>
    </p>
   </div>
   <div class='ocr_carea' id='block_1_4' title="bbox 245 549 3486 630">
    <p class='ocr_par' dir='ltr' id='par_1_4' title="bbox 245 549 3486 630">
     <span class='ocr_line' id='line_1_4' title="bbox 245 549 3486 630; baseline 0.004 -26"><span class='ocrx_word' id='word_1_31' title='bbox 245 559 460 604; x_wconf 77' lang='lat' dir='ltr'><strong>attamen</strong></span> <span class='ocrx_word' id='word_1_32' title='bbox 510 565 686 602; x_wconf 87' lang='lat' dir='ltr'><strong>omne</strong></span> <span class='ocrx_word' id='word_1_33' title='bbox 722 549 940 604; x_wconf 84' lang='lat' dir='ltr'><strong>crimen</strong></span> <span class='ocrx_word' id='word_1_34' title='bbox 975 554 1264 620; x_wconf 86' lang='lat' dir='ltr'><strong>peccatum</strong></span> <span class='ocrx_word' id='word_1_35' title='bbox 1303 557 1390 604; x_wconf 89' lang='lat' dir='ltr'><strong>est</strong></span> <span class='ocrx_word' id='word_1_36' title='bbox 1421 569 1432 605; x_wconf 88' lang='lat'><strong>:</strong></span> <span class='ocrx_word' id='word_1_37' title='bbox 1468 551 1611 604; x_wconf 91' lang='lat' dir='ltr'><strong>sicut</strong></span> <span class='ocrx_word' id='word_1_38' title='bbox 1638 551 1820 604; x_wconf 88' lang='lat' dir='ltr'><strong>omnis</strong></span> <span class='ocrx_word' id='word_1_39' title='bbox 1899 559 2022 606; x_wconf 86' lang='lat' dir='ltr'><strong>erat</strong></span> <span class='ocrx_word' id='word_1_40' title='bbox 2047 551 2322 608; x_wconf 85' lang='lat' dir='ltr'><strong>unitatem</strong></span> <span class='ocrx_word' id='word_1_41' title='bbox 2351 553 2543 608; x_wconf 85' lang='lat' dir='ltr'><strong>deesse</strong></span> <span class='ocrx_word' id='word_1_42' title='bbox 2558 556 2580 608; x_wconf 69' lang='grc' dir='ltr'><strong>’ἔ</strong></span> <span class='ocrx_word' id='word_1_43' title='bbox 2609 554 2771 610; x_wconf 80' lang='lat' dir='ltr'><strong>Absit</strong></span> <span class='ocrx_word' id='word_1_44' title='bbox 2799 557 2934 623; x_wconf 90' lang='lat' dir='ltr'><strong>hoc;</strong></span> <span class='ocrx_word' id='word_1_45' title='bbox 2968 559 3092 630; x_wconf 89' lang='lat' dir='ltr'><strong>quis</strong></span> <span class='ocrx_word' id='word_1_46' title='bbox 3119 561 3190 614; x_wconf 83' lang='lat' dir='ltr'><strong>de</strong></span> <span class='ocrx_word' id='word_1_47' title='bbox 3217 561 3310 616; x_wconf 91' lang='lat' dir='ltr'><strong>illo</strong></span> <span class='ocrx_word' id='word_1_48' title='bbox 3349 563 3486 618; x_wconf 81' lang='lat' dir='ltr'><strong>talia</strong></span> 
     </span>
    </p>
   </div>
   <div class='ocr_carea' id='block_1_5' title="bbox 250 639 3483 714">
    <p class='ocr_par' dir='ltr' id='par_1_5' title="bbox 250 639 3483 714">
     <span class='ocr_line' id='line_1_5' title="bbox 250 639 3483 714; baseline 0.004 -21"><span class='ocrx_word' id='word_1_49' title='bbox 250 639 420 709; x_wconf 82' lang='lat' dir='ltr'><strong>impius</strong></span> <span class='ocrx_word' id='word_1_50' title='bbox 443 644 500 692; x_wconf 88' lang='lat' dir='ltr'><strong>et</strong></span> <span class='ocrx_word' id='word_1_51' title='bbox 524 645 794 708; x_wconf 88' lang='lat' dir='ltr'><strong>peccator</strong></span> <span class='ocrx_word' id='word_1_52' title='bbox 823 645 928 706; x_wconf 83' lang='lat' dir='ltr'><strong>est,</strong></span> <span class='ocrx_word' id='word_1_53' title='bbox 962 655 1076 693; x_wconf 91' lang='lat' dir='ltr'><strong>non</strong></span> <span class='ocrx_word' id='word_1_54' title='bbox 1114 644 1304 693; x_wconf 90' lang='lat' dir='ltr'><strong>autem</strong></span> <span class='ocrx_word' id='word_1_55' title='bbox 1343 639 1526 694; x_wconf 88' lang='lat' dir='ltr'><strong>omnis</strong></span> <span class='ocrx_word' id='word_1_56' title='bbox 1565 645 1820 710; x_wconf 83' lang='lat' dir='ltr'><strong>peccator</strong></span> <span class='ocrx_word' id='word_1_57' title='bbox 1899 641 1984 694; x_wconf 89' lang='lat' dir='ltr'><strong>vel</strong></span> <span class='ocrx_word' id='word_1_58' title='bbox 2015 640 2296 711; x_wconf 85' lang='lat' dir='ltr'><strong>desipiens</strong></span> <span class='ocrx_word' id='word_1_59' title='bbox 2335 643 2554 709; x_wconf 81' lang='lat' dir='ltr'><strong>credat;</strong></span> <span class='ocrx_word' id='word_1_60' title='bbox 2596 644 2692 698; x_wconf 88' lang='lat' dir='ltr'><strong>sed</strong></span> <span class='ocrx_word' id='word_1_61' title='bbox 2732 645 2866 714; x_wconf 87' lang='lat' dir='ltr'><strong>quia</strong></span> <span class='ocrx_word' id='word_1_62' title='bbox 2902 655 3066 703; x_wconf 86' lang='lat' dir='ltr'><strong>erant</strong></span> <span class='ocrx_word' id='word_1_63' title='bbox 3101 649 3249 704; x_wconf 83' lang='lat' dir='ltr'><strong>inter</strong></span> <span class='ocrx_word' id='word_1_64' title='bbox 3286 650 3483 707; x_wconf 85' lang='lat' dir='ltr'><strong>Corin-</strong></span> 
     </span>
    </p>
   </div>
   <div class='ocr_carea' id='block_1_6' title="bbox 255 727 1810 800">
    <p class='ocr_par' dir='ltr' id='par_1_6' title="bbox 255 727 1810 800">
     <span class='ocr_line' id='line_1_6' title="bbox 255 727 1810 800; baseline 0 -18"><span class='ocrx_word' id='word_1_65' title='bbox 255 728 440 800; x_wconf 83' lang='lat' dir='ltr'><strong>impius.</strong></span> <span class='ocrx_word' id='word_1_66' title='bbox 473 727 713 782; x_wconf 71' lang='lat' dir='ltr'><strong>Minima</strong></span> <span class='ocrx_word' id='word_1_67' title='bbox 743 744 880 798; x_wconf 82' lang='lat' dir='ltr'><strong>ergo</strong></span> <span class='ocrx_word' id='word_1_68' title='bbox 911 733 970 782; x_wconf 88' lang='lat' dir='ltr'><strong>et</strong></span> <span class='ocrx_word' id='word_1_69' title='bbox 999 728 1245 782; x_wconf 80' lang='lat' dir='ltr'><strong>maxime</strong></span> <span class='ocrx_word' id='word_1_70' title='bbox 1266 735 1492 798; x_wconf 88' lang='lat' dir='ltr'><strong>peccata</strong></span> <span class='ocrx_word' id='word_1_71' title='bbox 1516 727 1810 795; x_wconf 88' lang='lat' dir='ltr'><strong>dicuntur;</strong></span> 
     </span>
    </p>
   </div>
   <div class='ocr_carea' id='block_1_7' title="bbox 257 816 1815 887">
    <p class='ocr_par' dir='ltr' id='par_1_7' title="bbox 257 816 1815 887">
     <span class='ocr_line' id='line_1_7' title="bbox 257 816 1815 887; baseline -0.001 -15"><span class='ocrx_word' id='word_1_72' title='bbox 257 817 450 872; x_wconf 84' lang='lat' dir='ltr'><strong>crimina</strong></span> <span class='ocrx_word' id='word_1_73' title='bbox 475 823 667 870; x_wconf 83' lang='lat' dir='ltr'><strong>autem</strong></span> <span class='ocrx_word' id='word_1_74' title='bbox 698 816 810 870; x_wconf 85' lang='lat' dir='ltr'><strong>nisi</strong></span> <span class='ocrx_word' id='word_1_75' title='bbox 838 833 1048 887; x_wconf 88' lang='lat' dir='ltr'><strong>magna</strong></span> <span class='ocrx_word' id='word_1_76' title='bbox 1074 817 1306 871; x_wconf 88' lang='lat' dir='ltr'><strong>minime</strong></span> <span class='ocrx_word' id='word_1_77' title='bbox 1337 817 1602 886; x_wconf 89' lang='lat' dir='ltr'><strong>leguntur</strong></span> <span class='ocrx_word' id='word_1_78' title='bbox 1633 835 1644 870; x_wconf 90' lang='lat'><strong>:</strong></span> <span class='ocrx_word' id='word_1_79' title='bbox 1682 817 1815 887; x_wconf 83' lang='lat' dir='ltr'><strong>quia</strong></span> 
     </span>
    </p>
   </div>
   <div class='ocr_carea' id='block_1_8' title="bbox 263 905 1812 976">
    <p class='ocr_par' dir='ltr' id='par_1_8' title="bbox 263 905 1812 976">
     <span class='ocr_line' id='line_1_8' title="bbox 263 905 1812 976; baseline -0.001 -14"><span class='ocrx_word' id='word_1_80' title='bbox 263 907 486 962; x_wconf 85' lang='lat' dir='ltr'><strong>nimirum</strong></span> <span class='ocrx_word' id='word_1_81' title='bbox 515 905 626 959; x_wconf 85' lang='lat' dir='ltr'><strong>vita</strong></span> <span class='ocrx_word' id='word_1_82' title='bbox 653 906 908 960; x_wconf 86' lang='lat' dir='ltr'><strong>humana</strong></span> <span class='ocrx_word' id='word_1_83' title='bbox 933 907 1052 960; x_wconf 90' lang='lat' dir='ltr'><strong>Deo</strong></span> <span class='ocrx_word' id='word_1_84' title='bbox 1085 907 1452 960; x_wconf 85' lang='lat' dir='ltr'><strong>conﬁrmante</strong></span> <span class='ocrx_word' id='word_1_85' title='bbox 1481 913 1665 976; x_wconf 84' lang='lat' dir='ltr'><strong>potest</strong></span> <span class='ocrx_word' id='word_1_86' title='bbox 1692 923 1812 960; x_wconf 88' lang='lat' dir='ltr'><strong>esse</strong></span> 
     </span>
    </p>
   </div>
   <div class='ocr_carea' id='block_1_9' title="bbox 263 993 1810 1064">
    <p class='ocr_par' dir='ltr' id='par_1_9' title="bbox 263 993 1810 1064">
     <span class='ocr_line' id='line_1_9' title="bbox 263 993 1810 1064; baseline -0.001 -15"><span class='ocrx_word' id='word_1_87' title='bbox 263 996 358 1049; x_wconf 75' lang='lat' dir='ltr'><strong>sine</strong></span> <span class='ocrx_word' id='word_1_88' title='bbox 379 994 610 1060; x_wconf 79' lang='lat' dir='ltr'><strong>crimine,</strong></span> <span class='ocrx_word' id='word_1_89' title='bbox 643 993 768 1048; x_wconf 88' lang='lat' dir='ltr'><strong>sine</strong></span> <span class='ocrx_word' id='word_1_90' title='bbox 796 999 1026 1064; x_wconf 87' lang='lat' dir='ltr'><strong>peccato</strong></span> <span class='ocrx_word' id='word_1_91' title='bbox 1043 995 1363 1048; x_wconf 79' lang='lat' dir='ltr'><strong>nullatenus</strong></span> <span class='ocrx_word' id='word_1_92' title='bbox 1381 1000 1565 1064; x_wconf 79' lang='lat' dir='ltr'><strong>potest</strong></span> <span class='ocrx_word' id='word_1_93' title='bbox 1581 1009 1810 1064; x_wconf 88' lang='lat' dir='ltr'><strong>nec_uno</strong></span> 
     </span>
    </p>
   </div>
   <div class='ocr_carea' id='block_1_10' title="bbox 267 1085 1809 1152">
    <p class='ocr_par' dir='ltr' id='par_1_10' title="bbox 267 1085 1809 1152">
     <span class='ocr_line' id='line_1_10' title="bbox 267 1085 1809 1152; baseline 0 -16"><span class='ocrx_word' id='word_1_94' title='bbox 267 1085 352 1137; x_wconf 85' lang='lat' dir='ltr'><strong>die.</strong></span> <span class='ocrx_word' id='word_1_95' title='bbox 377 1085 554 1138; x_wconf 76' lang='lat' dir='ltr'><strong>Fidelis</strong></span> <span class='ocrx_word' id='word_1_96' title='bbox 579 1089 766 1136; x_wconf 58' lang='lat' dir='ltr'><strong>alitem</strong></span> <span class='ocrx_word' id='word_1_97' title='bbox 797 1085 938 1137; x_wconf 83' lang='lat' dir='ltr'><strong>Deus</strong></span> <span class='ocrx_word' id='word_1_98' title='bbox 965 1099 1064 1152; x_wconf 81' lang='lat' dir='ltr'><strong>per</strong></span> <span class='ocrx_word' id='word_1_99' title='bbox 1091 1099 1250 1151; x_wconf 83' lang='lat' dir='ltr'><strong>quem</strong></span> <span class='ocrx_word' id='word_1_100' title='bbox 1271 1085 1448 1137; x_wconf 80' lang='lat' dir='ltr'><strong>vocati</strong></span> <span class='ocrx_word' id='word_1_101' title='bbox 1478 1086 1604 1138; x_wconf 81' lang='lat' dir='ltr'><strong>estis</strong></span> <span class='ocrx_word' id='word_1_102' title='bbox 1633 1087 1696 1138; x_wconf 87' lang='lat' dir='ltr'><strong>in</strong></span> <span class='ocrx_word' id='word_1_103' title='bbox 1725 1100 1809 1136; x_wconf 88' lang='lat' dir='ltr'><strong>so-</strong></span> 
     </span>
    </p>
   </div>
   <div class='ocr_carea' id='block_1_11' title="bbox 273 1172 1807 1240">
    <p class='ocr_par' dir='ltr' id='par_1_11' title="bbox 273 1172 1807 1240">
     <span class='ocr_line' id='line_1_11' title="bbox 273 1172 1807 1240; baseline -0.001 -13"><span class='ocrx_word' id='word_1_104' title='bbox 273 1178 469 1227; x_wconf 73' lang='lat' dir='ltr'><strong>cietatem</strong></span> <span class='ocrx_word' id='word_1_105' title='bbox 521 1173 651 1225; x_wconf 78' lang='lat' dir='ltr'><strong>Filii</strong></span> <span class='ocrx_word' id='word_1_106' title='bbox 701 1175 822 1240; x_wconf 68' lang='lat' dir='ltr'><strong>eius</strong></span> <span class='ocrx_word' id='word_1_107' title='bbox 878 1173 1004 1225; x_wconf 83' lang='lat' dir='ltr'><strong>Jesu</strong></span> <span class='ocrx_word' id='word_1_108' title='bbox 1063 1172 1272 1226; x_wconf 79' lang='lat' dir='ltr'><strong>Christi</strong></span> <span class='ocrx_word' id='word_1_109' title='bbox 1323 1173 1550 1225; x_wconf 84' lang='lat' dir='ltr'><strong>Dom-ini</strong></span> <span class='ocrx_word' id='word_1_110' title='bbox 1613 1175 1807 1226; x_wconf 86' lang='lat' dir='ltr'><strong>nostri.</strong></span> 
     </span>
    </p>
   </div>
   <div class='ocr_carea' id='block_1_12' title="bbox 275 1259 1812 1330">
    <p class='ocr_par' dir='ltr' id='par_1_12' title="bbox 275 1259 1812 1330">
     <span class='ocr_line' id='line_1_12' title="bbox 275 1259 1812 1330; baseline 0 -15"><span class='ocrx_word' id='word_1_111' title='bbox 275 1261 458 1328; x_wconf 60' lang='lat' dir='ltr'><strong>(Mirm)</strong></span> <span class='ocrx_word' id='word_1_112' title='bbox 489 1260 685 1315; x_wconf 82' lang='lat' dir='ltr'><strong>Fidelis</strong></span> <span class='ocrx_word' id='word_1_113' title='bbox 723 1261 874 1314; x_wconf 85' lang='lat' dir='ltr'><strong>Deus</strong></span> <span class='ocrx_word' id='word_1_114' title='bbox 911 1259 1008 1330; x_wconf 88' lang='lat' dir='ltr'><strong>qui</strong></span> <span class='ocrx_word' id='word_1_115' title='bbox 1045 1260 1414 1322; x_wconf 85' lang='lat' dir='ltr'><strong>conﬁrmavit,</strong></span> <span class='ocrx_word' id='word_1_116' title='bbox 1457 1261 1589 1330; x_wconf 83' lang='lat' dir='ltr'><strong>quia</strong></span> <span class='ocrx_word' id='word_1_117' title='bbox 1623 1278 1719 1314; x_wconf 87' lang='lat' dir='ltr'><strong>vos</strong></span> <span class='ocrx_word' id='word_1_118' title='bbox 1753 1260 1812 1316; x_wconf 89' lang='lat' dir='ltr'><strong>in</strong></span> 
     </span>
    </p>
   </div>
   <div class='ocr_carea' id='block_1_13' title="bbox 275 1347 1810 1419">
    <p class='ocr_par' dir='ltr' id='par_1_13' title="bbox 275 1347 1810 1419">
     <span class='ocr_line' id='line_1_13' title="bbox 275 1347 1810 1419; baseline 0 -15"><span class='ocrx_word' id='word_1_119' title='bbox 275 1351 545 1404; x_wconf 77' lang='lat' dir='ltr'><strong>societatem</strong></span> <span class='ocrx_word' id='word_1_120' title='bbox 572 1349 672 1403; x_wconf 90' lang='lat' dir='ltr'><strong>ﬁlii</strong></span> <span class='ocrx_word' id='word_1_121' title='bbox 701 1350 827 1419; x_wconf 83' lang='lat' dir='ltr'><strong>ejus</strong></span> <span class='ocrx_word' id='word_1_122' title='bbox 853 1349 1086 1412; x_wconf 84' lang='lat' dir='ltr'><strong>vocavit,</strong></span> <span class='ocrx_word' id='word_1_123' title='bbox 1107 1365 1276 1418; x_wconf 88' lang='lat' dir='ltr'><strong>quam</strong></span> <span class='ocrx_word' id='word_1_124' title='bbox 1303 1347 1624 1404; x_wconf 83' lang='lat' dir='ltr'><strong>societatem</strong></span> <span class='ocrx_word' id='word_1_125' title='bbox 1639 1350 1810 1404; x_wconf 86' lang='lat' dir='ltr'><strong>Joan-</strong></span> 
     </span>
    </p>
   </div>
   <div class='ocr_carea' id='block_1_14' title="bbox 274 1437 1810 1510">
    <p class='ocr_par' dir='ltr' id='par_1_14' title="bbox 274 1437 1810 1510">
     <span class='ocr_line' id='line_1_14' title="bbox 274 1437 1810 1510; baseline -0.001 -17"><span class='ocrx_word' id='word_1_126' title='bbox 274 1456 353 1494; x_wconf 81' lang='lat' dir='ltr'><strong>nes</strong></span> <span class='ocrx_word' id='word_1_127' title='bbox 372 1439 571 1510; x_wconf 79' lang='lat' dir='ltr'><strong>exponit</strong></span> <span class='ocrx_word' id='word_1_128' title='bbox 594 1438 784 1492; x_wconf 87' lang='lat' dir='ltr'><strong>dicens</strong></span> <span class='ocrx_word' id='word_1_129' title='bbox 819 1455 830 1488; x_wconf 91' lang='lat'><strong>:</strong></span> <span class='ocrx_word' id='word_1_130' title='bbox 871 1437 1142 1503; x_wconf 80' lang='lat' dir='ltr'><strong>Quoniam</strong></span> <span class='ocrx_word' id='word_1_131' title='bbox 1171 1439 1312 1491; x_wconf 82' lang='lat' dir='ltr'><strong>Deus</strong></span> <span class='ocrx_word' id='word_1_132' title='bbox 1350 1441 1449 1492; x_wconf 75' lang='lat' dir='ltr'><strong>lus:</strong></span> <span class='ocrx_word' id='word_1_133' title='bbox 1483 1444 1556 1491; x_wconf 82' lang='lat' dir='ltr'><strong>est</strong></span> <span class='ocrx_word' id='word_1_134' title='bbox 1588 1444 1636 1492; x_wconf 85' lang='lat' dir='ltr'><strong>et</strong></span> <span class='ocrx_word' id='word_1_135' title='bbox 1667 1443 1810 1492; x_wconf 86' lang='lat' dir='ltr'><strong>tene-</strong></span> 
     </span>
    </p>
   </div>
   <div class='ocr_carea' id='block_1_15' title="bbox 274 1527 1812 1594">
    <p class='ocr_par' dir='ltr' id='par_1_15' title="bbox 274 1527 1812 1594">
     <span class='ocr_line' id='line_1_15' title="bbox 274 1527 1812 1594; baseline 0 -14"><span class='ocrx_word' id='word_1_136' title='bbox 274 1531 360 1581; x_wconf 77' lang='lat' dir='ltr'><strong>brz</strong></span> <span class='ocrx_word' id='word_1_137' title='bbox 386 1531 436 1581; x_wconf 82' lang='lat' dir='ltr'><strong>in</strong></span> <span class='ocrx_word' id='word_1_138' title='bbox 463 1545 514 1581; x_wconf 75' lang='lat' dir='ltr'><strong>eo</strong></span> <span class='ocrx_word' id='word_1_139' title='bbox 543 1543 650 1580; x_wconf 87' lang='lat' dir='ltr'><strong>non</strong></span> <span class='ocrx_word' id='word_1_140' title='bbox 680 1532 815 1580; x_wconf 83' lang='lat' dir='ltr'><strong>sunt</strong></span> <span class='ocrx_word' id='word_1_141' title='bbox 841 1529 970 1580; x_wconf 62' lang='lat' dir='ltr'><strong>ulla</strong></span> <span class='ocrx_word' id='word_1_142' title='bbox 992 1545 1007 1580; x_wconf 93' lang='lat'><strong><em>:</em></strong></span> <span class='ocrx_word' id='word_1_143' title='bbox 1029 1529 1080 1580; x_wconf 86' lang='lat' dir='ltr'><strong>si</strong></span> <span class='ocrx_word' id='word_1_144' title='bbox 1107 1527 1412 1581; x_wconf 66' lang='lat' dir='ltr'><strong>dixerimus</strong></span> <span class='ocrx_word' id='word_1_145' title='bbox 1438 1530 1704 1594; x_wconf 87' lang='lat' dir='ltr'><strong>quoniam</strong></span> <span class='ocrx_word' id='word_1_146' title='bbox 1733 1544 1812 1580; x_wconf 83' lang='lat' dir='ltr'><strong>so-</strong></span> 
     </span>
    </p>
   </div>
   <div class='ocr_carea' id='block_1_16' title="bbox 273 1615 1804 1678">
    <p class='ocr_par' dir='ltr' id='par_1_16' title="bbox 273 1615 1804 1678">
     <span class='ocr_line' id='line_1_16' title="bbox 273 1615 1804 1678; baseline -0.001 -8"><span class='ocrx_word' id='word_1_147' title='bbox 273 1622 476 1670; x_wconf 67' lang='lat' dir='ltr'><strong>cietatem</strong></span> <span class='ocrx_word' id='word_1_148' title='bbox 502 1617 759 1669; x_wconf 79' lang='lat' dir='ltr'><strong>habemus</strong></span> <span class='ocrx_word' id='word_1_149' title='bbox 781 1631 905 1668; x_wconf 85' lang='lat' dir='ltr'><strong>cum</strong></span> <span class='ocrx_word' id='word_1_150' title='bbox 926 1631 1000 1677; x_wconf 82' lang='lat' dir='ltr'><strong>eo,</strong></span> <span class='ocrx_word' id='word_1_151' title='bbox 1026 1617 1156 1668; x_wconf 81' lang='lat' dir='ltr'><strong>etin</strong></span> <span class='ocrx_word' id='word_1_152' title='bbox 1180 1615 1415 1668; x_wconf 77' lang='lat' dir='ltr'><strong>tenebris</strong></span> <span class='ocrx_word' id='word_1_153' title='bbox 1433 1616 1804 1678; x_wconf 78' lang='lat' dir='ltr'><strong>ambulamus,</strong></span> 
     </span>
    </p>
   </div>
   <div class='ocr_carea' id='block_1_17' title="bbox 271 1703 1811 1772">
    <p class='ocr_par' dir='ltr' id='par_1_17' title="bbox 271 1703 1811 1772">
     <span class='ocr_line' id='line_1_17' title="bbox 271 1703 1811 1772; baseline 0.001 -15"><span class='ocrx_word' id='word_1_154' title='bbox 271 1709 525 1772; x_wconf 68' lang='lat' dir='ltr'><strong>iiuiili&#39;mur</strong></span> <span class='ocrx_word' id='word_1_155' title='bbox 555 1707 602 1770; x_wconf 82' lang='grc' dir='ltr'><strong>(Ι</strong></span> <span class='ocrx_word' id='word_1_156' title='bbox 623 1707 786 1757; x_wconf 87' lang='lat' dir='ltr'><strong>Joan.</strong></span> <span class='ocrx_word' id='word_1_157' title='bbox 817 1705 854 1766; x_wconf 78' lang='grc' dir='ltr'><strong>ι)</strong></span> <span class='ocrx_word' id='word_1_158' title='bbox 880 1722 892 1767; x_wconf 90' lang='grc'>;</span> <span class='ocrx_word' id='word_1_159' title='bbox 925 1708 984 1757; x_wconf 89' lang='lat' dir='ltr'><strong>et</strong></span> <span class='ocrx_word' id='word_1_160' title='bbox 1011 1703 1217 1757; x_wconf 81' lang='lat' dir='ltr'><strong>Paulus</strong></span> <span class='ocrx_word' id='word_1_161' title='bbox 1246 1703 1360 1757; x_wconf 84' lang='lat' dir='ltr'><strong>ait:</strong></span> <span class='ocrx_word' id='word_1_162' title='bbox 1387 1704 1452 1759; x_wconf 88' lang='lat' dir='ltr'><strong>Si</strong></span> <span class='ocrx_word' id='word_1_163' title='bbox 1482 1708 1811 1759; x_wconf 77' lang='lat' dir='ltr'><strong>commortui</strong></span> 
     </span>
    </p>
   </div>
   <div class='ocr_carea' id='block_1_18' title="bbox 1899 729 3486 810">
    <p class='ocr_par' dir='ltr' id='par_1_18' title="bbox 1899 729 3486 810">
     <span class='ocr_line' id='line_1_18' title="bbox 1899 729 3486 810; baseline 0.008 -27"><span class='ocrx_word' id='word_1_164' title='bbox 1899 729 2048 784; x_wconf 88' lang='lat' dir='ltr'><strong>thios</strong></span> <span class='ocrx_word' id='word_1_165' title='bbox 2077 729 2306 799; x_wconf 88' lang='lat' dir='ltr'><strong>quidam</strong></span> <span class='ocrx_word' id='word_1_166' title='bbox 2333 731 2488 785; x_wconf 90' lang='lat' dir='ltr'><strong>omni</strong></span> <span class='ocrx_word' id='word_1_167' title='bbox 2516 732 2704 801; x_wconf 85' lang='lat' dir='ltr'><strong>gratia</strong></span> <span class='ocrx_word' id='word_1_168' title='bbox 2733 734 2951 803; x_wconf 79' lang='lat' dir='ltr'><strong>repleti,</strong></span> <span class='ocrx_word' id='word_1_169' title='bbox 2981 741 3038 790; x_wconf 90' lang='lat' dir='ltr'><strong>et</strong></span> <span class='ocrx_word' id='word_1_170' title='bbox 3063 743 3226 793; x_wconf 84' lang='lat' dir='ltr'><strong>erant</strong></span> <span class='ocrx_word' id='word_1_171' title='bbox 3258 739 3486 810; x_wconf 83' lang='lat' dir='ltr'><strong>quidam</strong></span> 
     </span>
    </p>
   </div>
   <div class='ocr_carea' id='block_1_19' title="bbox 1895 817 3487 894">
    <p class='ocr_par' dir='ltr' id='par_1_19' title="bbox 1895 817 3487 894">
     <span class='ocr_line' id='line_1_19' title="bbox 1895 817 3487 894; baseline 0.008 -23"><span class='ocrx_word' id='word_1_172' title='bbox 1895 817 1954 872; x_wconf 90' lang='lat' dir='ltr'><strong>in</strong></span> <span class='ocrx_word' id='word_1_173' title='bbox 1985 835 2353 888; x_wconf 86' lang='lat' dir='ltr'><strong>personarum</strong></span> <span class='ocrx_word' id='word_1_174' title='bbox 2402 818 2684 874; x_wconf 79' lang='lat' dir='ltr'><strong>favoribus</strong></span> <span class='ocrx_word' id='word_1_175' title='bbox 2726 821 2940 887; x_wconf 80' lang='lat' dir='ltr'><strong>excissi,</strong></span> <span class='ocrx_word' id='word_1_176' title='bbox 2969 825 3140 894; x_wconf 72' lang='lat' dir='ltr'><strong>cmpit</strong></span> <span class='ocrx_word' id='word_1_177' title='bbox 3165 842 3202 882; x_wconf 86' lang='lat' dir='ltr'><strong>a</strong></span> <span class='ocrx_word' id='word_1_178' title='bbox 3227 827 3487 884; x_wconf 77' lang='lat' dir='ltr'><strong>laudibus</strong></span> 
     </span>
    </p>
   </div>
   <div class='ocr_carea' id='block_1_20' title="bbox 1895 907 3485 986">
    <p class='ocr_par' dir='ltr' id='par_1_20' title="bbox 1895 907 3485 986">
     <span class='ocr_line' id='line_1_20' title="bbox 1895 907 3485 986; baseline 0.008 -26"><span class='ocrx_word' id='word_1_179' title='bbox 1895 907 2285 976; x_wconf 78' lang='lat' dir='ltr'><strong>perfectorum,</strong></span> <span class='ocrx_word' id='word_1_180' title='bbox 2327 915 2392 962; x_wconf 90' lang='lat' dir='ltr'><strong>ut</strong></span> <span class='ocrx_word' id='word_1_181' title='bbox 2435 909 2689 964; x_wconf 87' lang='lat' dir='ltr'><strong>modesta</strong></span> <span class='ocrx_word' id='word_1_182' title='bbox 2725 909 3036 966; x_wconf 86' lang='lat' dir='ltr'><strong>invectione</strong></span> <span class='ocrx_word' id='word_1_183' title='bbox 3078 913 3148 967; x_wconf 86' lang='lat' dir='ltr'><strong>ad</strong></span> <span class='ocrx_word' id='word_1_184' title='bbox 3188 917 3485 986; x_wconf 84' lang='lat' dir='ltr'><strong>reprehen-</strong></span> 
     </span>
    </p>
   </div>
   <div class='ocr_carea' id='block_1_21' title="bbox 1893 995 3488 1071">
    <p class='ocr_par' dir='ltr' id='par_1_21' title="bbox 1893 995 3488 1071">
     <span class='ocr_line' id='line_1_21' title="bbox 1893 995 3488 1071; baseline 0.008 -23"><span class='ocrx_word' id='word_1_185' title='bbox 1893 995 2108 1050; x_wconf 87' lang='lat' dir='ltr'><strong>sionem</strong></span> <span class='ocrx_word' id='word_1_186' title='bbox 2151 996 2495 1066; x_wconf 84' lang='lat' dir='ltr'><strong>pertingeret</strong></span> <span class='ocrx_word' id='word_1_187' title='bbox 2535 997 2906 1054; x_wconf 88' lang='lat' dir='ltr'><strong>inﬁrmorum.</strong></span> <span class='ocrx_word' id='word_1_188' title='bbox 2943 1000 2997 1067; x_wconf 83' lang='grc' dir='ltr'><strong>(Α</strong></span> <span class='ocrx_word' id='word_1_189' title='bbox 3009 1001 3180 1071; x_wconf 88' lang='lat' dir='ltr'><strong>mbr.)</strong></span> <span class='ocrx_word' id='word_1_190' title='bbox 3221 1003 3488 1066; x_wconf 86' lang='lat' dir='ltr'><strong>Quamvis</strong></span> 
     </span>
    </p>
   </div>
   <div class='ocr_carea' id='block_1_22' title="bbox 1893 1084 3485 1159">
    <p class='ocr_par' dir='ltr' id='par_1_22' title="bbox 1893 1084 3485 1159">
     <span class='ocr_line' id='line_1_22' title="bbox 1893 1084 3485 1159; baseline 0.008 -23"><span class='ocrx_word' id='word_1_191' title='bbox 1893 1084 2070 1138; x_wconf 88' lang='lat' dir='ltr'><strong>eversi</strong></span> <span class='ocrx_word' id='word_1_192' title='bbox 2097 1085 2337 1150; x_wconf 85' lang='lat' dir='ltr'><strong>fuerant,</strong></span> <span class='ocrx_word' id='word_1_193' title='bbox 2365 1091 2555 1142; x_wconf 88' lang='lat' dir='ltr'><strong>tamen</strong></span> <span class='ocrx_word' id='word_1_194' title='bbox 2584 1086 2784 1142; x_wconf 83' lang='lat' dir='ltr'><strong>fratres</strong></span> <span class='ocrx_word' id='word_1_195' title='bbox 2813 1087 2938 1142; x_wconf 89' lang='lat' dir='ltr'><strong>illos</strong></span> <span class='ocrx_word' id='word_1_196' title='bbox 2966 1090 3228 1159; x_wconf 85' lang='lat' dir='ltr'><strong>appellat.</strong></span> <span class='ocrx_word' id='word_1_197' title='bbox 3256 1091 3412 1147; x_wconf 82' lang='lat' dir='ltr'><strong>Sicut</strong></span> <span class='ocrx_word' id='word_1_198' title='bbox 3427 1101 3485 1149; x_wconf 86' lang='lat' dir='ltr'><strong>et</strong></span> 
     </span>
    </p>
   </div>
   <div class='ocr_carea' id='block_1_23' title="bbox 1893 1172 3478 1247">
    <p class='ocr_par' dir='ltr' id='par_1_23' title="bbox 1893 1172 3478 1247">
     <span class='ocr_line' id='line_1_23' title="bbox 1893 1172 3478 1247; baseline 0.006 -21"><span class='ocrx_word' id='word_1_199' title='bbox 1893 1172 1950 1227; x_wconf 92' lang='lat' dir='ltr'><strong>in</strong></span> <span class='ocrx_word' id='word_1_200' title='bbox 1968 1172 2112 1227; x_wconf 83' lang='lat' dir='ltr'><strong>Isaia</strong></span> <span class='ocrx_word' id='word_1_201' title='bbox 2126 1174 2398 1246; x_wconf 86' lang='lat' dir='ltr'><strong>propheta</strong></span> <span class='ocrx_word' id='word_1_202' title='bbox 2409 1175 2546 1229; x_wconf 87' lang='lat' dir='ltr'><strong>dicit</strong></span> <span class='ocrx_word' id='word_1_203' title='bbox 2560 1175 2708 1230; x_wconf 90' lang='lat' dir='ltr'><strong>Deus</strong></span> <span class='ocrx_word' id='word_1_204' title='bbox 2729 1177 2800 1229; x_wconf 87' lang='lat' dir='ltr'><strong>ad</strong></span> <span class='ocrx_word' id='word_1_205' title='bbox 2815 1176 2960 1242; x_wconf 88' lang='lat' dir='ltr'><strong>illos,</strong></span> <span class='ocrx_word' id='word_1_206' title='bbox 2977 1177 3072 1247; x_wconf 89' lang='lat' dir='ltr'><strong>qui</strong></span> <span class='ocrx_word' id='word_1_207' title='bbox 3091 1195 3280 1234; x_wconf 87' lang='lat' dir='ltr'><strong>secum</strong></span> <span class='ocrx_word' id='word_1_208' title='bbox 3299 1189 3478 1247; x_wconf 88' lang='lat' dir='ltr'><strong>erant,</strong></span> 
     </span>
    </p>
   </div>
   <div class='ocr_carea' id='block_1_24' title="bbox 1895 1263 3480 1335">
    <p class='ocr_par' dir='ltr' id='par_1_24' title="bbox 1895 1263 3480 1335">
     <span class='ocr_line' id='line_1_24' title="bbox 1895 1263 3480 1335; baseline 0.006 -20"><span class='ocrx_word' id='word_1_209' title='bbox 1895 1267 1960 1316; x_wconf 91' lang='lat' dir='ltr'><strong>ut</strong></span> <span class='ocrx_word' id='word_1_210' title='bbox 2010 1263 2109 1328; x_wconf 88' lang='lat' dir='ltr'><strong>eis,</strong></span> <span class='ocrx_word' id='word_1_211' title='bbox 2155 1264 2250 1334; x_wconf 91' lang='lat' dir='ltr'><strong>qui</strong></span> <span class='ocrx_word' id='word_1_212' title='bbox 2303 1263 2802 1335; x_wconf 87' lang='lat' dir='ltr'><strong>pseudoprophetis</strong></span> <span class='ocrx_word' id='word_1_213' title='bbox 2855 1265 3172 1333; x_wconf 82' lang='lat' dir='ltr'><strong>credebant,</strong></span> <span class='ocrx_word' id='word_1_214' title='bbox 3212 1267 3480 1334; x_wconf 85' lang='lat' dir='ltr'><strong>dicerent,</strong></span> 
     </span>
    </p>
   </div>
   <div class='ocr_carea' id='block_1_25' title="bbox 1895 1353 3484 1424">
    <p class='ocr_par' dir='ltr' id='par_1_25' title="bbox 1895 1353 3484 1424">
     <span class='ocr_line' id='line_1_25' title="bbox 1895 1353 3484 1424; baseline 0.006 -20"><span class='ocrx_word' id='word_1_215' title='bbox 1895 1353 2100 1418; x_wconf 76' lang='lat' dir='ltr'><strong>fratres</strong></span> <span class='ocrx_word' id='word_1_216' title='bbox 2129 1355 2306 1406; x_wconf 84' lang='lat' dir='ltr'><strong>nostri</strong></span> <span class='ocrx_word' id='word_1_217' title='bbox 2334 1355 2491 1406; x_wconf 86' lang='lat' dir='ltr'><strong>eritis</strong></span> <span class='ocrx_word' id='word_1_218' title='bbox 2519 1369 2623 1416; x_wconf 83' lang='lat' dir='ltr'><strong>vos,</strong></span> <span class='ocrx_word' id='word_1_219' title='bbox 2658 1359 2724 1408; x_wconf 90' lang='lat' dir='ltr'><strong>ut</strong></span> <span class='ocrx_word' id='word_1_220' title='bbox 2749 1371 2849 1424; x_wconf 89' lang='lat' dir='ltr'><strong>per</strong></span> <span class='ocrx_word' id='word_1_221' title='bbox 2877 1353 2934 1407; x_wconf 90' lang='lat' dir='ltr'><strong>id</strong></span> <span class='ocrx_word' id='word_1_222' title='bbox 2963 1371 3076 1408; x_wconf 90' lang='lat' dir='ltr'><strong>non</strong></span> <span class='ocrx_word' id='word_1_223' title='bbox 3121 1355 3484 1413; x_wconf 83' lang='lat' dir='ltr'><strong>dissentirent</strong></span> 
     </span>
    </p>
   </div>
   <div class='ocr_carea' id='block_1_26' title="bbox 1895 1439 3481 1513">
    <p class='ocr_par' dir='ltr' id='par_1_26' title="bbox 1895 1439 3481 1513">
     <span class='ocr_line' id='line_1_26' title="bbox 1895 1439 3481 1513; baseline 0.006 -21"><span class='ocrx_word' id='word_1_224' title='bbox 1895 1439 1964 1493; x_wconf 90' lang='lat' dir='ltr'><strong>ab</strong></span> <span class='ocrx_word' id='word_1_225' title='bbox 1983 1440 2064 1494; x_wconf 91' lang='lat' dir='ltr'><strong>eis</strong></span> <span class='ocrx_word' id='word_1_226' title='bbox 2083 1441 2240 1511; x_wconf 85' lang='lat' dir='ltr'><strong>quasi</strong></span> <span class='ocrx_word' id='word_1_227' title='bbox 2260 1441 2479 1496; x_wconf 68' lang='lat' dir='ltr'><strong>fratres.</strong></span> <span class='ocrx_word' id='word_1_228' title='bbox 2495 1442 2654 1505; x_wconf 84' lang='lat' dir='ltr'><strong>Quod</strong></span> <span class='ocrx_word' id='word_1_229' title='bbox 2674 1447 2864 1496; x_wconf 89' lang='lat' dir='ltr'><strong>autem</strong></span> <span class='ocrx_word' id='word_1_230' title='bbox 2885 1442 3120 1509; x_wconf 88' lang='lat' dir='ltr'><strong>dicit,ab</strong></span> <span class='ocrx_word' id='word_1_231' title='bbox 3136 1445 3221 1497; x_wconf 85' lang='lat' dir='ltr'><strong>his</strong></span> <span class='ocrx_word' id='word_1_232' title='bbox 3236 1449 3336 1513; x_wconf 90' lang='lat' dir='ltr'><strong>qui</strong></span> <span class='ocrx_word' id='word_1_233' title='bbox 3349 1453 3481 1501; x_wconf 88' lang='lat' dir='ltr'><strong>sunt</strong></span> 
     </span>
    </p>
   </div>
   <div class='ocr_carea' id='block_1_27' title="bbox 1895 1528 3484 1600">
    <p class='ocr_par' dir='ltr' id='par_1_27' title="bbox 1895 1528 3484 1600">
     <span class='ocr_line' id='line_1_27' title="bbox 1895 1528 3484 1600; baseline 0.006 -18"><span class='ocrx_word' id='word_1_234' title='bbox 1895 1528 2096 1594; x_wconf 78' lang='lat' dir='ltr'><strong>Chloes,</strong></span> <span class='ocrx_word' id='word_1_235' title='bbox 2114 1529 2393 1600; x_wconf 87' lang='lat' dir='ltr'><strong>aliquibus</strong></span> <span class='ocrx_word' id='word_1_236' title='bbox 2407 1530 2667 1584; x_wconf 89' lang='lat' dir='ltr'><strong>videntur</strong></span> <span class='ocrx_word' id='word_1_237' title='bbox 2691 1530 2947 1585; x_wconf 87' lang='lat' dir='ltr'><strong>homines</strong></span> <span class='ocrx_word' id='word_1_238' title='bbox 2974 1548 3095 1585; x_wconf 89' lang='lat' dir='ltr'><strong>esse</strong></span> <span class='ocrx_word' id='word_1_239' title='bbox 3121 1540 3412 1590; x_wconf 85' lang='lat' dir='ltr'><strong>manentes</strong></span> <span class='ocrx_word' id='word_1_240' title='bbox 3427 1542 3484 1590; x_wconf 84' lang='lat' dir='ltr'><strong>et</strong></span> 
     </span>
    </p>
   </div>
   <div class='ocr_carea' id='block_1_28' title="bbox 1892 1617 3485 1690">
    <p class='ocr_par' dir='ltr' id='par_1_28' title="bbox 1892 1617 3485 1690">
     <span class='ocr_line' id='line_1_28' title="bbox 1892 1617 3485 1690; baseline 0.004 -19"><span class='ocrx_word' id='word_1_241' title='bbox 1892 1617 2290 1672; x_wconf 81' lang='lat' dir='ltr'><strong>fructiﬁcantes</strong></span> <span class='ocrx_word' id='word_1_242' title='bbox 2321 1619 2379 1673; x_wconf 91' lang='lat' dir='ltr'><strong>in</strong></span> <span class='ocrx_word' id='word_1_243' title='bbox 2420 1619 2528 1672; x_wconf 88' lang='lat' dir='ltr'><strong>ﬁde</strong></span> <span class='ocrx_word' id='word_1_244' title='bbox 2564 1619 2685 1683; x_wconf 90' lang='lat' dir='ltr'><strong>Dei,</strong></span> <span class='ocrx_word' id='word_1_245' title='bbox 2718 1619 2996 1690; x_wconf 80' lang='lat' dir='ltr'><strong>aliquibus</strong></span> <span class='ocrx_word' id='word_1_246' title='bbox 3034 1621 3297 1677; x_wconf 89' lang='lat' dir='ltr'><strong>videntur</strong></span> <span class='ocrx_word' id='word_1_247' title='bbox 3331 1623 3485 1678; x_wconf 77' lang='lat' dir='ltr'><strong>locus</strong></span> 
     </span>
    </p>
   </div>
   <div class='ocr_carea' id='block_1_29' title="bbox 1893 1707 3481 1779">
    <p class='ocr_par' dir='ltr' id='par_1_29' title="bbox 1893 1707 3481 1779">
     <span class='ocr_line' id='line_1_29' title="bbox 1893 1707 3481 1779; baseline 0.005 -20"><span class='ocrx_word' id='word_1_248' title='bbox 1893 1723 2032 1771; x_wconf 88' lang='lat' dir='ltr'><strong>esse,</strong></span> <span class='ocrx_word' id='word_1_249' title='bbox 2052 1713 2114 1760; x_wconf 93' lang='lat' dir='ltr'><strong>ut</strong></span> <span class='ocrx_word' id='word_1_250' title='bbox 2145 1713 2281 1777; x_wconf 87' lang='lat' dir='ltr'><strong>puta</strong></span> <span class='ocrx_word' id='word_1_251' title='bbox 2308 1707 2354 1760; x_wconf 91' lang='lat' dir='ltr'><strong>si</strong></span> <span class='ocrx_word' id='word_1_252' title='bbox 2383 1707 2620 1772; x_wconf 86' lang='lat' dir='ltr'><strong>dicatur,</strong></span> <span class='ocrx_word' id='word_1_253' title='bbox 2640 1707 2724 1762; x_wconf 83' lang='lat' dir='ltr'><strong>Ab</strong></span> <span class='ocrx_word' id='word_1_254' title='bbox 2753 1708 2841 1762; x_wconf 89' lang='lat' dir='ltr'><strong>his</strong></span> <span class='ocrx_word' id='word_1_255' title='bbox 2869 1709 2964 1779; x_wconf 85' lang='lat' dir='ltr'><strong>qui</strong></span> <span class='ocrx_word' id='word_1_256' title='bbox 2991 1716 3124 1764; x_wconf 90' lang='lat' dir='ltr'><strong>sunt</strong></span> <span class='ocrx_word' id='word_1_257' title='bbox 3154 1711 3481 1778; x_wconf 61' lang='lat' dir='ltr'><strong>Antiochia,</strong></span> 
     </span>
    </p>
   </div>
   <div class='ocr_carea' id='block_1_30' title="bbox 266 1781 3482 1866">
    <p class='ocr_par' dir='ltr' id='par_1_30' title="bbox 266 1781 3482 1866">
     <span class='ocr_line' id='line_1_30' title="bbox 266 1781 3482 1866; baseline 0.003 -22"><span class='ocrx_word' id='word_1_258' title='bbox 266 1811 441 1854; x_wconf 84' lang='lat' dir='ltr'><strong>smnus,</strong></span> <span class='ocrx_word' id='word_1_259' title='bbox 473 1799 517 1847; x_wconf 70' lang='lat' dir='ltr'><strong>et</strong></span> <span class='ocrx_word' id='word_1_260' title='bbox 541 1795 885 1854; x_wconf 65' lang='lat' dir='ltr'><strong>concitemus</strong></span> <span class='ocrx_word' id='word_1_261' title='bbox 909 1811 925 1844; x_wconf 90' lang='lat'><strong><em>:</em></strong></span> <span class='ocrx_word' id='word_1_262' title='bbox 947 1795 998 1845; x_wconf 87' lang='lat' dir='ltr'><strong>si</strong></span> <span class='ocrx_word' id='word_1_263' title='bbox 1011 1795 1365 1856; x_wconf 76' lang='lat' dir='ltr'><strong>sustinemus,</strong></span> <span class='ocrx_word' id='word_1_264' title='bbox 1388 1797 1438 1846; x_wconf 78' lang='lat' dir='ltr'><strong>et</strong></span> <span class='ocrx_word' id='word_1_265' title='bbox 1457 1781 1872 1861; x_wconf 83' lang='lat' dir='ltr'><strong>conregnabi-B</strong></span> <span class='ocrx_word' id='word_1_266' title='bbox 1891 1795 2170 1866; x_wconf 69' lang='lat' dir='ltr'><strong>aliquibus</strong></span> <span class='ocrx_word' id='word_1_267' title='bbox 2199 1802 2388 1850; x_wconf 89' lang='lat' dir='ltr'><strong>autem</strong></span> <span class='ocrx_word' id='word_1_268' title='bbox 2419 1795 2639 1850; x_wconf 89' lang='lat' dir='ltr'><strong>videtur</strong></span> <span class='ocrx_word' id='word_1_269' title='bbox 2665 1796 2833 1851; x_wconf 89' lang='lat' dir='ltr'><strong>fuisse</strong></span> <span class='ocrx_word' id='word_1_270' title='bbox 2863 1797 3130 1852; x_wconf 85' lang='lat' dir='ltr'><strong>feminam</strong></span> <span class='ocrx_word' id='word_1_271' title='bbox 3161 1800 3277 1854; x_wconf 86' lang='lat' dir='ltr'><strong>Deo</strong></span> <span class='ocrx_word' id='word_1_272' title='bbox 3315 1800 3482 1855; x_wconf 84' lang='lat' dir='ltr'><strong>devo-</strong></span> 
     </span>
    </p>
   </div>
   <div class='ocr_carea' id='block_1_31' title="bbox 273 1880 1805 1948">
    <p class='ocr_par' dir='ltr' id='par_1_31' title="bbox 273 1880 1805 1948">
     <span class='ocr_line' id='line_1_31' title="bbox 273 1880 1805 1948; baseline 0.001 -15"><span class='ocrx_word' id='word_1_273' title='bbox 273 1900 371 1935; x_wconf 82' lang='lat' dir='ltr'><strong>mm</strong></span> <span class='ocrx_word' id='word_1_274' title='bbox 407 1885 476 1948; x_wconf 78' lang='lat'><em>(&#39;11</em></span> <span class='ocrx_word' id='word_1_275' title='bbox 514 1884 646 1936; x_wconf 85' lang='lat' dir='ltr'><strong>Tim.</strong></span> <span class='ocrx_word' id='word_1_276' title='bbox 685 1880 768 1946; x_wconf 73' lang='grc' dir='ltr'><strong>ιι).</strong></span> <span class='ocrx_word' id='word_1_277' title='bbox 812 1881 914 1934; x_wconf 87' lang='lat' dir='ltr'><strong>Hic</strong></span> <span class='ocrx_word' id='word_1_278' title='bbox 957 1881 1110 1934; x_wconf 91' lang='lat' dir='ltr'><strong>locus</strong></span> <span class='ocrx_word' id='word_1_279' title='bbox 1147 1887 1342 1935; x_wconf 87' lang='lat' dir='ltr'><strong>contra</strong></span> <span class='ocrx_word' id='word_1_280' title='bbox 1378 1881 1617 1936; x_wconf 74' lang='lat' dir='ltr'><strong>Arianos</strong></span> <span class='ocrx_word' id='word_1_281' title='bbox 1653 1881 1805 1948; x_wconf 83' lang='lat' dir='ltr'><strong>facit,</strong></span> 
     </span>
    </p>
   </div>
   <div class='ocr_carea' id='block_1_32' title="bbox 269 1969 1809 2041">
    <p class='ocr_par' dir='ltr' id='par_1_32' title="bbox 269 1969 1809 2041">
     <span class='ocr_line' id='line_1_32' title="bbox 269 1969 1809 2041; baseline 0.001 -17"><span class='ocrx_word' id='word_1_282' title='bbox 269 1971 347 2040; x_wconf 87' lang='lat' dir='ltr'><strong>qui</strong></span> <span class='ocrx_word' id='word_1_283' title='bbox 380 1971 430 2024; x_wconf 91' lang='lat' dir='ltr'><strong>in</strong></span> <span class='ocrx_word' id='word_1_284' title='bbox 462 1971 557 2024; x_wconf 89' lang='lat' dir='ltr'><strong>hoc</strong></span> <span class='ocrx_word' id='word_1_285' title='bbox 593 1970 872 2024; x_wconf 87' lang='lat' dir='ltr'><strong>minorem</strong></span> <span class='ocrx_word' id='word_1_286' title='bbox 913 1987 1032 2024; x_wconf 87' lang='lat' dir='ltr'><strong>esse</strong></span> <span class='ocrx_word' id='word_1_287' title='bbox 1076 1969 1275 2025; x_wconf 88' lang='lat' dir='ltr'><strong>Filium</strong></span> <span class='ocrx_word' id='word_1_288' title='bbox 1311 1971 1523 2035; x_wconf 90' lang='lat' dir='ltr'><strong>volunt,</strong></span> <span class='ocrx_word' id='word_1_289' title='bbox 1557 1987 1667 2041; x_wconf 93' lang='lat' dir='ltr'><strong>quo</strong></span> <span class='ocrx_word' id='word_1_290' title='bbox 1710 1988 1809 2041; x_wconf 88' lang='lat' dir='ltr'><strong>per</strong></span> 
     </span>
    </p>
   </div>
   <div class='ocr_carea' id='block_1_33' title="bbox 267 2059 1807 2129">
    <p class='ocr_par' dir='ltr' id='par_1_33' title="bbox 267 2059 1807 2129">
     <span class='ocr_line' id='line_1_33' title="bbox 267 2059 1807 2129; baseline 0.002 -19"><span class='ocrx_word' id='word_1_291' title='bbox 267 2059 420 2129; x_wconf 84' lang='lat' dir='ltr'><strong>ipsum</strong></span> <span class='ocrx_word' id='word_1_292' title='bbox 457 2059 633 2114; x_wconf 86' lang='lat' dir='ltr'><strong>omnia</strong></span> <span class='ocrx_word' id='word_1_293' title='bbox 669 2059 815 2112; x_wconf 85' lang='lat' dir='ltr'><strong>facta</strong></span> <span class='ocrx_word' id='word_1_294' title='bbox 859 2059 1194 2122; x_wconf 88' lang='lat' dir='ltr'><strong>referuntur,</strong></span> <span class='ocrx_word' id='word_1_295' title='bbox 1230 2075 1358 2112; x_wconf 88' lang='lat' dir='ltr'><strong>cum</strong></span> <span class='ocrx_word' id='word_1_296' title='bbox 1397 2059 1502 2114; x_wconf 91' lang='lat' dir='ltr'><strong>hoc</strong></span> <span class='ocrx_word' id='word_1_297' title='bbox 1539 2060 1710 2114; x_wconf 87' lang='lat' dir='ltr'><strong>etiam</strong></span> <span class='ocrx_word' id='word_1_298' title='bbox 1750 2060 1807 2113; x_wconf 92' lang='lat' dir='ltr'><strong>in</strong></span> 
     </span>
    </p>
   </div>
   <div class='ocr_carea' id='block_1_34' title="bbox 261 2142 1810 2220">
    <p class='ocr_par' dir='ltr' id='par_1_34' title="bbox 261 2142 1810 2220">
     <span class='ocr_line' id='line_1_34' title="bbox 261 2142 1810 2220; baseline 0.001 -19"><span class='ocrx_word' id='word_1_299' title='bbox 261 2149 454 2202; x_wconf 82' lang='lat' dir='ltr'><strong>Patrem</strong></span> <span class='ocrx_word' id='word_1_300' title='bbox 479 2149 652 2214; x_wconf 83' lang='lat' dir='ltr'><strong>cadat,</strong></span> <span class='ocrx_word' id='word_1_301' title='bbox 671 2166 772 2220; x_wconf 92' lang='lat' dir='ltr'><strong>per</strong></span> <span class='ocrx_word' id='word_1_302' title='bbox 801 2165 968 2218; x_wconf 89' lang='lat' dir='ltr'><strong>quem</strong></span> <span class='ocrx_word' id='word_1_303' title='bbox 999 2149 1057 2202; x_wconf 90' lang='lat' dir='ltr'><strong>in</strong></span> <span class='ocrx_word' id='word_1_304' title='bbox 1085 2142 1408 2203; x_wconf 81' lang='lat' dir='ltr'><strong>societatem</strong></span> <span class='ocrx_word' id='word_1_305' title='bbox 1437 2149 1538 2202; x_wconf 87' lang='lat' dir='ltr'><strong>ﬁlii</strong></span> <span class='ocrx_word' id='word_1_306' title='bbox 1560 2150 1682 2218; x_wconf 80' lang='lat' dir='ltr'><strong>ejus</strong></span> <span class='ocrx_word' id='word_1_307' title='bbox 1695 2165 1810 2202; x_wconf 88' lang='lat' dir='ltr'><strong>cre-</strong></span> 
     </span>
    </p>
   </div>
   <div class='ocr_carea' id='block_1_35' title="bbox 254 2236 1806 2306">
    <p class='ocr_par' dir='ltr' id='par_1_35' title="bbox 254 2236 1806 2306">
     <span class='ocr_line' id='line_1_35' title="bbox 254 2236 1806 2306; baseline 0.003 -18"><span class='ocrx_word' id='word_1_308' title='bbox 254 2238 426 2291; x_wconf 83' lang='lat' dir='ltr'><strong>dentes</strong></span> <span class='ocrx_word' id='word_1_309' title='bbox 461 2239 630 2292; x_wconf 81' lang='lat' dir='ltr'><strong>vocati</strong></span> <span class='ocrx_word' id='word_1_310' title='bbox 672 2238 957 2292; x_wconf 87' lang='lat' dir='ltr'><strong>dicuntur.</strong></span> <span class='ocrx_word' id='word_1_311' title='bbox 1005 2237 1233 2303; x_wconf 74' lang='lat' dir='ltr'><strong>(Ambr)</strong></span> <span class='ocrx_word' id='word_1_312' title='bbox 1281 2236 1416 2300; x_wconf 84' lang='lat' dir='ltr'><strong>Quis</strong></span> <span class='ocrx_word' id='word_1_313' title='bbox 1460 2236 1712 2306; x_wconf 82' lang='lat' dir='ltr'><strong>ambigat</strong></span> <span class='ocrx_word' id='word_1_314' title='bbox 1739 2238 1806 2292; x_wconf 90' lang='lat' dir='ltr'><strong>de</strong></span> 
     </span>
    </p>
   </div>
   <div class='ocr_carea' id='block_1_36' title="bbox 252 2325 1810 2397">
    <p class='ocr_par' dir='ltr' id='par_1_36' title="bbox 252 2325 1810 2397">
     <span class='ocr_line' id='line_1_36' title="bbox 252 2325 1810 2397; baseline 0 -17"><span class='ocrx_word' id='word_1_315' title='bbox 252 2327 507 2396; x_wconf 84' lang='lat' dir='ltr'><strong>promissis</strong></span> <span class='ocrx_word' id='word_1_316' title='bbox 534 2334 590 2380; x_wconf 90' lang='lat' dir='ltr'><strong>et</strong></span> <span class='ocrx_word' id='word_1_317' title='bbox 615 2327 724 2380; x_wconf 88' lang='lat' dir='ltr'><strong>ﬁde</strong></span> <span class='ocrx_word' id='word_1_318' title='bbox 753 2327 874 2389; x_wconf 87' lang='lat' dir='ltr'><strong>Dei,</strong></span> <span class='ocrx_word' id='word_1_319' title='bbox 906 2325 1038 2397; x_wconf 85' lang='lat' dir='ltr'><strong>quia</strong></span> <span class='ocrx_word' id='word_1_320' title='bbox 1063 2343 1176 2380; x_wconf 92' lang='lat' dir='ltr'><strong>non</strong></span> <span class='ocrx_word' id='word_1_321' title='bbox 1205 2325 1312 2379; x_wconf 87' lang='lat' dir='ltr'><strong>erit</strong></span> <span class='ocrx_word' id='word_1_322' title='bbox 1339 2326 1504 2380; x_wconf 83' lang='lat' dir='ltr'><strong>aliter</strong></span> <span class='ocrx_word' id='word_1_323' title='bbox 1531 2343 1699 2396; x_wconf 89' lang='lat' dir='ltr'><strong>quam</strong></span> <span class='ocrx_word' id='word_1_324' title='bbox 1730 2326 1810 2380; x_wconf 92' lang='lat' dir='ltr'><strong>di-</strong></span> 
     </span>
    </p>
   </div>
   <div class='ocr_carea' id='block_1_37' title="bbox 245 2414 1807 2486">
    <p class='ocr_par' dir='ltr' id='par_1_37' title="bbox 245 2414 1807 2486">
     <span class='ocr_line' id='line_1_37' title="bbox 245 2414 1807 2486; baseline -0.001 -18"><span class='ocrx_word' id='word_1_325' title='bbox 245 2417 330 2468; x_wconf 75' lang='lat' dir='ltr'><strong>xit.</strong></span> <span class='ocrx_word' id='word_1_326' title='bbox 359 2417 492 2470; x_wconf 81' lang='lat' dir='ltr'><strong>ﬁlios</strong></span> <span class='ocrx_word' id='word_1_327' title='bbox 519 2416 812 2486; x_wconf 78' lang='lat' dir='ltr'><strong>adeptams</strong></span> <span class='ocrx_word' id='word_1_328' title='bbox 841 2432 944 2469; x_wconf 91' lang='lat' dir='ltr'><strong>nos</strong></span> <span class='ocrx_word' id='word_1_329' title='bbox 971 2414 1075 2468; x_wconf 88' lang='lat' dir='ltr'><strong>sibi</strong></span> <span class='ocrx_word' id='word_1_330' title='bbox 1107 2415 1396 2468; x_wconf 88' lang='lat' dir='ltr'><strong>credentes</strong></span> <span class='ocrx_word' id='word_1_331' title='bbox 1412 2415 1470 2468; x_wconf 92' lang='lat' dir='ltr'><strong>in</strong></span> <span class='ocrx_word' id='word_1_332' title='bbox 1487 2415 1807 2470; x_wconf 82' lang='lat' dir='ltr'><strong>Christum?</strong></span> 
     </span>
    </p>
   </div>
   <div class='ocr_carea' id='block_1_38' title="bbox 241 2503 1805 2574">
    <p class='ocr_par' dir='ltr' id='par_1_38' title="bbox 241 2503 1805 2574">
     <span class='ocr_line' id='line_1_38' title="bbox 241 2503 1805 2574; baseline -0.001 -17"><span class='ocrx_word' id='word_1_333' title='bbox 241 2505 331 2558; x_wconf 89' lang='lat' dir='ltr'><strong>hoc</strong></span> <span class='ocrx_word' id='word_1_334' title='bbox 357 2505 500 2558; x_wconf 88' lang='lat' dir='ltr'><strong>enim</strong></span> <span class='ocrx_word' id='word_1_335' title='bbox 531 2522 629 2559; x_wconf 88' lang='lat' dir='ltr'><strong>nos</strong></span> <span class='ocrx_word' id='word_1_336' title='bbox 655 2505 847 2570; x_wconf 88' lang='lat' dir='ltr'><strong>donat,</strong></span> <span class='ocrx_word' id='word_1_337' title='bbox 881 2504 1028 2574; x_wconf 88' lang='lat' dir='ltr'><strong>quod</strong></span> <span class='ocrx_word' id='word_1_338' title='bbox 1056 2503 1353 2567; x_wconf 88' lang='lat' dir='ltr'><strong>credimus,</strong></span> <span class='ocrx_word' id='word_1_339' title='bbox 1375 2511 1439 2557; x_wconf 91' lang='lat' dir='ltr'><strong>ut</strong></span> <span class='ocrx_word' id='word_1_340' title='bbox 1467 2503 1600 2574; x_wconf 87' lang='lat' dir='ltr'><strong>quia</strong></span> <span class='ocrx_word' id='word_1_341' title='bbox 1625 2503 1805 2557; x_wconf 90' lang='lat' dir='ltr'><strong>credi-</strong></span> 
     </span>
    </p>
   </div>
   <div class='ocr_carea' id='block_1_39' title="bbox 235 2591 1806 2657">
    <p class='ocr_par' dir='ltr' id='par_1_39' title="bbox 235 2591 1806 2657">
     <span class='ocr_line' id='line_1_39' title="bbox 235 2591 1806 2657; baseline -0.001 -11"><span class='ocrx_word' id='word_1_342' title='bbox 235 2610 351 2647; x_wconf 85' lang='lat' dir='ltr'><strong>mus</strong></span> <span class='ocrx_word' id='word_1_343' title='bbox 377 2594 654 2648; x_wconf 83' lang='lat' dir='ltr'><strong>Christum</strong></span> <span class='ocrx_word' id='word_1_344' title='bbox 681 2593 885 2648; x_wconf 90' lang='lat' dir='ltr'><strong>Filium</strong></span> <span class='ocrx_word' id='word_1_345' title='bbox 923 2609 1042 2646; x_wconf 89' lang='lat' dir='ltr'><strong>esse</strong></span> <span class='ocrx_word' id='word_1_346' title='bbox 1072 2592 1192 2657; x_wconf 88' lang='lat' dir='ltr'><strong>Dei,</strong></span> <span class='ocrx_word' id='word_1_347' title='bbox 1225 2593 1329 2646; x_wconf 90' lang='lat' dir='ltr'><strong>hoc</strong></span> <span class='ocrx_word' id='word_1_348' title='bbox 1366 2608 1469 2646; x_wconf 87' lang='lat' dir='ltr'><strong>nos</strong></span> <span class='ocrx_word' id='word_1_349' title='bbox 1507 2609 1626 2646; x_wconf 88' lang='lat' dir='ltr'><strong>esse</strong></span> <span class='ocrx_word' id='word_1_350' title='bbox 1667 2591 1806 2646; x_wconf 88' lang='lat' dir='ltr'><strong>inci-</strong></span> 
     </span>
    </p>
   </div>
   <div class='ocr_carea' id='block_1_40' title="bbox 229 2681 1807 2752">
    <p class='ocr_par' dir='ltr' id='par_1_40' title="bbox 229 2681 1807 2752">
     <span class='ocr_line' id='line_1_40' title="bbox 229 2681 1807 2752; baseline 0.001 -18"><span class='ocrx_word' id='word_1_351' title='bbox 229 2683 468 2752; x_wconf 86' lang='lat' dir='ltr'><strong>piamus,</strong></span> <span class='ocrx_word' id='word_1_352' title='bbox 513 2682 748 2736; x_wconf 82' lang='lat' dir='ltr'><strong>mansuri</strong></span> <span class='ocrx_word' id='word_1_353' title='bbox 783 2682 843 2736; x_wconf 90' lang='lat' dir='ltr'><strong>in</strong></span> <span class='ocrx_word' id='word_1_354' title='bbox 883 2681 1079 2734; x_wconf 87' lang='lat' dir='ltr'><strong>eadem</strong></span> <span class='ocrx_word' id='word_1_355' title='bbox 1121 2681 1395 2752; x_wconf 81' lang='lat' dir='ltr'><strong>dignitate</strong></span> <span class='ocrx_word' id='word_1_356' title='bbox 1433 2681 1578 2736; x_wconf 87' lang='lat' dir='ltr'><strong>sicut</strong></span> <span class='ocrx_word' id='word_1_357' title='bbox 1617 2687 1807 2735; x_wconf 88' lang='lat' dir='ltr'><strong>manet</strong></span> 
     </span>
    </p>
   </div>
   <div class='ocr_carea' id='block_1_41' title="bbox 229 2769 1805 2842">
    <p class='ocr_par' dir='ltr' id='par_1_41' title="bbox 229 2769 1805 2842">
     <span class='ocr_line' id='line_1_41' title="bbox 229 2769 1805 2842; baseline -0.001 -19"><span class='ocrx_word' id='word_1_358' title='bbox 229 2771 492 2836; x_wconf 83' lang='lat' dir='ltr'><strong>Christus,</strong></span> <span class='ocrx_word' id='word_1_359' title='bbox 525 2788 684 2842; x_wconf 86' lang='lat' dir='ltr'><strong>quem</strong></span> <span class='ocrx_word' id='word_1_360' title='bbox 713 2770 994 2825; x_wconf 88' lang='lat' dir='ltr'><strong>credimus</strong></span> <span class='ocrx_word' id='word_1_361' title='bbox 1011 2770 1214 2824; x_wconf 88' lang='lat' dir='ltr'><strong>Filium</strong></span> <span class='ocrx_word' id='word_1_362' title='bbox 1232 2769 1333 2824; x_wconf 90' lang='lat' dir='ltr'><strong>Dei</strong></span> <span class='ocrx_word' id='word_1_363' title='bbox 1358 2788 1368 2822; x_wconf 92' lang='lat'>:</span> <span class='ocrx_word' id='word_1_364' title='bbox 1391 2770 1627 2823; x_wconf 87' lang='lat' dir='ltr'><strong>societas</strong></span> <span class='ocrx_word' id='word_1_365' title='bbox 1655 2769 1805 2823; x_wconf 89' lang='lat' dir='ltr'><strong>enim</strong></span> 
     </span>
    </p>
   </div>
   <div class='ocr_carea' id='block_1_42' title="bbox 226 2858 1804 2930">
    <p class='ocr_par' dir='ltr' id='par_1_42' title="bbox 226 2858 1804 2930">
     <span class='ocr_line' id='line_1_42' title="bbox 226 2858 1804 2930; baseline -0.001 -18"><span class='ocrx_word' id='word_1_366' title='bbox 226 2859 533 2914; x_wconf 72' lang='lat' dir='ltr'><strong>fraternitas</strong></span> <span class='ocrx_word' id='word_1_367' title='bbox 561 2867 664 2924; x_wconf 88' lang='lat' dir='ltr'><strong>est,</strong></span> <span class='ocrx_word' id='word_1_368' title='bbox 697 2865 762 2913; x_wconf 91' lang='lat' dir='ltr'><strong>ut</strong></span> <span class='ocrx_word' id='word_1_369' title='bbox 797 2859 1078 2930; x_wconf 88' lang='lat' dir='ltr'><strong>quomodo</strong></span> <span class='ocrx_word' id='word_1_370' title='bbox 1120 2859 1287 2913; x_wconf 90' lang='lat' dir='ltr'><strong>ﬁdem</strong></span> <span class='ocrx_word' id='word_1_371' title='bbox 1326 2858 1427 2912; x_wconf 92' lang='lat' dir='ltr'><strong>Dei</strong></span> <span class='ocrx_word' id='word_1_372' title='bbox 1466 2858 1804 2912; x_wconf 85' lang='lat' dir='ltr'><strong>incolumem</strong></span> 
     </span>
    </p>
   </div>
   <div class='ocr_carea' id='block_1_43' title="bbox 227 2947 1804 3013">
    <p class='ocr_par' dir='ltr' id='par_1_43' title="bbox 227 2947 1804 3013">
     <span class='ocr_line' id='line_1_43' title="bbox 227 2947 1804 3013; baseline -0.001 -12"><span class='ocrx_word' id='word_1_373' title='bbox 227 2949 278 3002; x_wconf 91' lang='lat' dir='ltr'><strong>in</strong></span> <span class='ocrx_word' id='word_1_374' title='bbox 315 2949 410 3002; x_wconf 84' lang='lat' dir='ltr'><strong>hac</strong></span> <span class='ocrx_word' id='word_1_375' title='bbox 446 2966 614 3003; x_wconf 84' lang='lat' dir='ltr'><strong>causa</strong></span> <span class='ocrx_word' id='word_1_376' title='bbox 653 2948 812 3003; x_wconf 90' lang='lat' dir='ltr'><strong>nobis</strong></span> <span class='ocrx_word' id='word_1_377' title='bbox 850 2949 1097 3003; x_wconf 86' lang='lat' dir='ltr'><strong>futuram</strong></span> <span class='ocrx_word' id='word_1_378' title='bbox 1137 2947 1400 3013; x_wconf 89' lang='lat' dir='ltr'><strong>ostendit,</strong></span> <span class='ocrx_word' id='word_1_379' title='bbox 1436 2947 1516 3001; x_wconf 83' lang='lat' dir='ltr'><strong>ita</strong></span> <span class='ocrx_word' id='word_1_380' title='bbox 1547 2963 1650 3000; x_wconf 90' lang='lat' dir='ltr'><strong>nos</strong></span> <span class='ocrx_word' id='word_1_381' title='bbox 1693 2963 1804 3001; x_wconf 92' lang='lat' dir='ltr'><strong>non</strong></span> 
     </span>
    </p>
   </div>
   <div class='ocr_carea' id='block_1_44' title="bbox 224 3037 1806 3109">
    <p class='ocr_par' dir='ltr' id='par_1_44' title="bbox 224 3037 1806 3109">
     <span class='ocr_line' id='line_1_44' title="bbox 224 3037 1806 3109; baseline -0.001 -17"><span class='ocrx_word' id='word_1_382' title='bbox 224 3039 312 3092; x_wconf 81' lang='lat' dir='ltr'><strong>sed</strong></span> <span class='ocrx_word' id='word_1_383' title='bbox 341 3039 650 3093; x_wconf 84' lang='lat' dir='ltr'><strong>difﬁdentes</strong></span> <span class='ocrx_word' id='word_1_384' title='bbox 679 3045 738 3092; x_wconf 90' lang='lat' dir='ltr'><strong>et</strong></span> <span class='ocrx_word' id='word_1_385' title='bbox 765 3037 964 3109; x_wconf 85' lang='lat' dir='ltr'><strong>perﬁdi</strong></span> <span class='ocrx_word' id='word_1_386' title='bbox 992 3037 1362 3100; x_wconf 86' lang='lat' dir='ltr'><strong>inveniamur,</strong></span> <span class='ocrx_word' id='word_1_387' title='bbox 1390 3041 1806 3108; x_wconf 82' lang='lat' dir='ltr'><strong>perseverantes</strong></span> 
     </span>
    </p>
   </div>
   <div class='ocr_carea' id='block_1_45' title="bbox 224 3128 676 3199">
    <p class='ocr_par' dir='ltr' id='par_1_45' title="bbox 224 3128 676 3199">
     <span class='ocr_line' id='line_1_45' title="bbox 224 3128 676 3199; baseline 0.002 -20"><span class='ocrx_word' id='word_1_388' title='bbox 224 3128 276 3181; x_wconf 89' lang='lat' dir='ltr'><strong>in</strong></span> <span class='ocrx_word' id='word_1_389' title='bbox 304 3128 676 3199; x_wconf 80' lang='lat' dir='ltr'><strong>adoptionem.</strong></span> 
     </span>
    </p>
   </div>
   <div class='ocr_carea' id='block_1_46' title="bbox 287 3216 1802 3283">
    <p class='ocr_par' dir='ltr' id='par_1_46' title="bbox 287 3216 1802 3283">
     <span class='ocr_line' id='line_1_46' title="bbox 287 3216 1802 3283; baseline -0.002 -12"><span class='ocrx_word' id='word_1_390' title='bbox 287 3218 497 3271; x_wconf 75' lang='lat' dir='ltr'><strong>Obsecro</strong></span> <span class='ocrx_word' id='word_1_391' title='bbox 527 3222 719 3270; x_wconf 83' lang='lat' dir='ltr'><strong>autem</strong></span> <span class='ocrx_word' id='word_1_392' title='bbox 750 3233 858 3280; x_wconf 74' lang='lat' dir='ltr'><strong>vos,</strong></span> <span class='ocrx_word' id='word_1_393' title='bbox 881 3219 1105 3283; x_wconf 84' lang='lat' dir='ltr'><strong>fratres,</strong></span> <span class='ocrx_word' id='word_1_394' title='bbox 1126 3231 1225 3283; x_wconf 83' lang='lat' dir='ltr'><strong>per</strong></span> <span class='ocrx_word' id='word_1_395' title='bbox 1245 3231 1442 3268; x_wconf 83' lang='lat' dir='ltr'><strong>nomen</strong></span> <span class='ocrx_word' id='word_1_396' title='bbox 1459 3216 1687 3268; x_wconf 83' lang='lat' dir='ltr'><strong>Domini</strong></span> <span class='ocrx_word' id='word_1_397' title='bbox 1705 3231 1802 3268; x_wconf 90' lang='lat' dir='ltr'><strong>no-</strong></span> 
     </span>
    </p>
   </div>
   <div class='ocr_carea' id='block_1_47' title="bbox 219 3303 1807 3373">
    <p class='ocr_par' dir='ltr' id='par_1_47' title="bbox 219 3303 1807 3373">
     <span class='ocr_line' id='line_1_47' title="bbox 219 3303 1807 3373; baseline -0.001 -16"><span class='ocrx_word' id='word_1_398' title='bbox 219 3310 318 3358; x_wconf 82' lang='lat' dir='ltr'><strong>stri</strong></span> <span class='ocrx_word' id='word_1_399' title='bbox 341 3310 461 3361; x_wconf 77' lang='lat' dir='ltr'><strong>Jesu</strong></span> <span class='ocrx_word' id='word_1_400' title='bbox 495 3307 730 3370; x_wconf 75' lang='lat' dir='ltr'><strong>Christi,</strong></span> <span class='ocrx_word' id='word_1_401' title='bbox 752 3310 812 3358; x_wconf 86' lang='lat' dir='ltr'><strong>ut</strong></span> <span class='ocrx_word' id='word_1_402' title='bbox 839 3307 1022 3373; x_wconf 86' lang='lat' dir='ltr'><strong>ipsum</strong></span> <span class='ocrx_word' id='word_1_403' title='bbox 1051 3305 1248 3357; x_wconf 83' lang='lat' dir='ltr'><strong>dicatis</strong></span> <span class='ocrx_word' id='word_1_404' title='bbox 1276 3319 1478 3357; x_wconf 84' lang='lat' dir='ltr'><strong>omnes.</strong></span> <span class='ocrx_word' id='word_1_405' title='bbox 1497 3303 1659 3356; x_wconf 84' lang='lat' dir='ltr'><strong>Nunc</strong></span> <span class='ocrx_word' id='word_1_406' title='bbox 1682 3309 1807 3356; x_wconf 87' lang='lat' dir='ltr'><strong>orat</strong></span> 
     </span>
    </p>
   </div>
   <div class='ocr_carea' id='block_1_48' title="bbox 219 3391 1805 3463">
    <p class='ocr_par' dir='ltr' id='par_1_48' title="bbox 219 3391 1805 3463">
     <span class='ocr_line' id='line_1_48' title="bbox 219 3391 1805 3463; baseline -0.001 -16"><span class='ocrx_word' id='word_1_407' title='bbox 219 3405 274 3449; x_wconf 85' lang='lat' dir='ltr'><strong>ut</strong></span> <span class='ocrx_word' id='word_1_408' title='bbox 298 3413 467 3450; x_wconf 89' lang='lat' dir='ltr'><strong>unum</strong></span> <span class='ocrx_word' id='word_1_409' title='bbox 495 3395 768 3457; x_wconf 86' lang='lat' dir='ltr'><strong>sentiant,</strong></span> <span class='ocrx_word' id='word_1_410' title='bbox 788 3394 892 3447; x_wconf 90' lang='lat' dir='ltr'><strong>hoc</strong></span> <span class='ocrx_word' id='word_1_411' title='bbox 922 3393 1116 3463; x_wconf 90' lang='lat' dir='ltr'><strong>utique</strong></span> <span class='ocrx_word' id='word_1_412' title='bbox 1146 3391 1203 3446; x_wconf 90' lang='lat' dir='ltr'><strong>in</strong></span> <span class='ocrx_word' id='word_1_413' title='bbox 1234 3408 1342 3462; x_wconf 92' lang='lat' dir='ltr'><strong>quo</strong></span> <span class='ocrx_word' id='word_1_414' title='bbox 1373 3392 1554 3446; x_wconf 84' lang='lat' dir='ltr'><strong>renati</strong></span> <span class='ocrx_word' id='word_1_415' title='bbox 1583 3391 1685 3446; x_wconf 89' lang='lat' dir='ltr'><strong>Dei</strong></span> <span class='ocrx_word' id='word_1_416' title='bbox 1706 3392 1805 3446; x_wconf 87' lang='lat' dir='ltr'><strong>ﬁlii</strong></span> 
     </span>
    </p>
   </div>
   <div class='ocr_carea' id='block_1_49' title="bbox 217 3480 1804 3556">
    <p class='ocr_par' dir='ltr' id='par_1_49' title="bbox 217 3480 1804 3556">
     <span class='ocr_line' id='line_1_49' title="bbox 217 3480 1804 3556; baseline -0.002 -20"><span class='ocrx_word' id='word_1_417' title='bbox 217 3485 462 3556; x_wconf 80' lang='lat' dir='ltr'><strong>appellati</strong></span> <span class='ocrx_word' id='word_1_418' title='bbox 482 3491 648 3538; x_wconf 85' lang='lat' dir='ltr'><strong>sunt:</strong></span> <span class='ocrx_word' id='word_1_419' title='bbox 671 3483 757 3537; x_wconf 75' lang='lat' dir='ltr'><strong>Ad</strong></span> <span class='ocrx_word' id='word_1_420' title='bbox 785 3498 1013 3536; x_wconf 87' lang='lat' dir='ltr'><strong>omnem</strong></span> <span class='ocrx_word' id='word_1_421' title='bbox 1042 3481 1194 3535; x_wconf 89' lang='lat' dir='ltr'><strong>enim</strong></span> <span class='ocrx_word' id='word_1_422' title='bbox 1223 3481 1389 3534; x_wconf 90' lang='lat' dir='ltr'><strong>modo</strong></span> <span class='ocrx_word' id='word_1_423' title='bbox 1410 3480 1709 3534; x_wconf 88' lang='lat' dir='ltr'><strong>Ecclesiam</strong></span> <span class='ocrx_word' id='word_1_424' title='bbox 1727 3481 1804 3534; x_wconf 88' lang='lat' dir='ltr'><strong>lo-</strong></span> 
     </span>
    </p>
   </div>
   <div class='ocr_carea' id='block_1_50' title="bbox 215 3571 1804 3644">
    <p class='ocr_par' dir='ltr' id='par_1_50' title="bbox 215 3571 1804 3644">
     <span class='ocr_line' id='line_1_50' title="bbox 215 3571 1804 3644; baseline -0.004 -16"><span class='ocrx_word' id='word_1_425' title='bbox 215 3575 410 3644; x_wconf 83' lang='lat' dir='ltr'><strong>quitur.</strong></span> <span class='ocrx_word' id='word_1_426' title='bbox 431 3581 496 3628; x_wconf 91' lang='lat' dir='ltr'><strong>ut</strong></span> <span class='ocrx_word' id='word_1_427' title='bbox 526 3574 584 3628; x_wconf 91' lang='lat' dir='ltr'><strong>hi</strong></span> <span class='ocrx_word' id='word_1_428' title='bbox 617 3573 714 3644; x_wconf 90' lang='lat' dir='ltr'><strong>qui</strong></span> <span class='ocrx_word' id='word_1_429' title='bbox 744 3571 1041 3625; x_wconf 86' lang='lat' dir='ltr'><strong>dissentire</strong></span> <span class='ocrx_word' id='word_1_430' title='bbox 1069 3575 1804 3640; x_wconf 70' lang='lat' dir='ltr'><strong>cmperant,reverterentur</strong></span> 
     </span>
    </p>
   </div>
   <div class='ocr_carea' id='block_1_51' title="bbox 214 3657 1802 3734">
    <p class='ocr_par' dir='ltr' id='par_1_51' title="bbox 214 3657 1802 3734">
     <span class='ocr_line' id='line_1_51' title="bbox 214 3657 1802 3734; baseline -0.005 -16"><span class='ocrx_word' id='word_1_431' title='bbox 214 3665 276 3717; x_wconf 77' lang='lat' dir='ltr'><strong>ad</strong></span> <span class='ocrx_word' id='word_1_432' title='bbox 299 3669 538 3734; x_wconf 69' lang='lat' dir='ltr'><strong>emptam</strong></span> <span class='ocrx_word' id='word_1_433' title='bbox 573 3661 765 3724; x_wconf 87' lang='lat' dir='ltr'><strong>ﬁdem,</strong></span> <span class='ocrx_word' id='word_1_434' title='bbox 784 3676 954 3731; x_wconf 88' lang='lat' dir='ltr'><strong>quam</strong></span> <span class='ocrx_word' id='word_1_435' title='bbox 974 3659 1234 3713; x_wconf 88' lang='lat' dir='ltr'><strong>videbant</strong></span> <span class='ocrx_word' id='word_1_436' title='bbox 1259 3659 1318 3712; x_wconf 92' lang='lat' dir='ltr'><strong>in</strong></span> <span class='ocrx_word' id='word_1_437' title='bbox 1348 3657 1433 3712; x_wconf 89' lang='lat' dir='ltr'><strong>his</strong></span> <span class='ocrx_word' id='word_1_438' title='bbox 1452 3658 1689 3722; x_wconf 87' lang='lat' dir='ltr'><strong>laudari,</strong></span> <span class='ocrx_word' id='word_1_439' title='bbox 1709 3658 1802 3728; x_wconf 91' lang='lat' dir='ltr'><strong>qui</strong></span> 
     </span>
    </p>
   </div>
   <div class='ocr_carea' id='block_1_52' title="bbox 213 3747 1797 3822">
    <p class='ocr_par' dir='ltr' id='par_1_52' title="bbox 213 3747 1797 3822">
     <span class='ocr_line' id='line_1_52' title="bbox 213 3747 1797 3822; baseline -0.003 -17"><span class='ocrx_word' id='word_1_440' title='bbox 213 3753 263 3805; x_wconf 87' lang='lat' dir='ltr'><strong>in</strong></span> <span class='ocrx_word' id='word_1_441' title='bbox 287 3752 382 3806; x_wconf 83' lang='lat' dir='ltr'><strong>illa</strong></span> <span class='ocrx_word' id='word_1_442' title='bbox 409 3749 866 3822; x_wconf 84' lang='lat' dir='ltr'><strong>perseverabant.</strong></span> <span class='ocrx_word' id='word_1_443' title='bbox 889 3749 953 3802; x_wconf 84' lang='lat' dir='ltr'><strong>Et</strong></span> <span class='ocrx_word' id='word_1_444' title='bbox 973 3764 1084 3802; x_wconf 89' lang='lat' dir='ltr'><strong>non</strong></span> <span class='ocrx_word' id='word_1_445' title='bbox 1101 3750 1217 3800; x_wconf 85' lang='lat' dir='ltr'><strong>sint</strong></span> <span class='ocrx_word' id='word_1_446' title='bbox 1233 3749 1294 3800; x_wconf 88' lang='lat' dir='ltr'><strong>in</strong></span> <span class='ocrx_word' id='word_1_447' title='bbox 1316 3747 1460 3800; x_wconf 82' lang='lat' dir='ltr'><strong>vobis</strong></span> <span class='ocrx_word' id='word_1_448' title='bbox 1482 3747 1797 3812; x_wconf 83' lang='lat' dir='ltr'><strong>schismata,</strong></span> 
     </span>
    </p>
   </div>
   <div class='ocr_carea' id='block_1_53' title="bbox 215 3837 1800 3908">
    <p class='ocr_par' dir='ltr' id='par_1_53' title="bbox 215 3837 1800 3908">
     <span class='ocr_line' id='line_1_53' title="bbox 215 3837 1800 3908; baseline -0.003 -16"><span class='ocrx_word' id='word_1_449' title='bbox 215 3843 320 3894; x_wconf 79' lang='lat' dir='ltr'><strong>sitis</strong></span> <span class='ocrx_word' id='word_1_450' title='bbox 329 3847 518 3894; x_wconf 80' lang='lat' dir='ltr'><strong>autem</strong></span> <span class='ocrx_word' id='word_1_451' title='bbox 537 3840 771 3908; x_wconf 83' lang='lat' dir='ltr'><strong>perfecti</strong></span> <span class='ocrx_word' id='word_1_452' title='bbox 792 3840 854 3890; x_wconf 88' lang='lat' dir='ltr'><strong>in</strong></span> <span class='ocrx_word' id='word_1_453' title='bbox 876 3839 1056 3890; x_wconf 82' lang='lat' dir='ltr'><strong>eodem</strong></span> <span class='ocrx_word' id='word_1_454' title='bbox 1073 3852 1252 3900; x_wconf 85' lang='lat' dir='ltr'><strong>sensu,</strong></span> <span class='ocrx_word' id='word_1_455' title='bbox 1270 3841 1318 3890; x_wconf 86' lang='lat' dir='ltr'><strong>et</strong></span> <span class='ocrx_word' id='word_1_456' title='bbox 1340 3839 1406 3890; x_wconf 89' lang='lat' dir='ltr'><strong>in</strong></span> <span class='ocrx_word' id='word_1_457' title='bbox 1423 3837 1606 3890; x_wconf 79' lang='lat' dir='ltr'><strong>eadem</strong></span> <span class='ocrx_word' id='word_1_458' title='bbox 1625 3838 1800 3890; x_wconf 83' lang='lat' dir='ltr'><strong>scien—</strong></span> 
     </span>
    </p>
   </div>
   <div class='ocr_carea' id='block_1_54' title="bbox 217 3925 1802 3994">
    <p class='ocr_par' dir='ltr' id='par_1_54' title="bbox 217 3925 1802 3994">
     <span class='ocr_line' id='line_1_54' title="bbox 217 3925 1802 3994; baseline -0.002 -14"><span class='ocrx_word' id='word_1_459' title='bbox 217 3934 302 3982; x_wconf 79' lang='lat' dir='ltr'><strong>tia.</strong></span> <span class='ocrx_word' id='word_1_460' title='bbox 331 3929 618 3982; x_wconf 85' lang='lat' dir='ltr'><strong>Perfectos</strong></span> <span class='ocrx_word' id='word_1_461' title='bbox 649 3927 769 3981; x_wconf 89' lang='lat' dir='ltr'><strong>vult</strong></span> <span class='ocrx_word' id='word_1_462' title='bbox 798 3942 894 3980; x_wconf 87' lang='lat' dir='ltr'><strong>eos</strong></span> <span class='ocrx_word' id='word_1_463' title='bbox 925 3943 1044 3979; x_wconf 88' lang='lat' dir='ltr'><strong>esse</strong></span> <span class='ocrx_word' id='word_1_464' title='bbox 1081 3925 1138 3979; x_wconf 90' lang='lat' dir='ltr'><strong>in</strong></span> <span class='ocrx_word' id='word_1_465' title='bbox 1173 3925 1370 3978; x_wconf 91' lang='lat' dir='ltr'><strong>eodem</strong></span> <span class='ocrx_word' id='word_1_466' title='bbox 1407 3941 1592 3991; x_wconf 89' lang='lat' dir='ltr'><strong>sensu,</strong></span> <span class='ocrx_word' id='word_1_467' title='bbox 1635 3940 1802 3994; x_wconf 91' lang='lat' dir='ltr'><strong>quem</strong></span> 
     </span>
    </p>
   </div>
   <div class='ocr_carea' id='block_1_55' title="bbox 217 4013 1799 4084">
    <p class='ocr_par' dir='ltr' id='par_1_55' title="bbox 217 4013 1799 4084">
     <span class='ocr_line' id='line_1_55' title="bbox 217 4013 1799 4084; baseline -0.004 -13"><span class='ocrx_word' id='word_1_468' title='bbox 217 4018 315 4071; x_wconf 81' lang='lat' dir='ltr'><strong>illis</strong></span> <span class='ocrx_word' id='word_1_469' title='bbox 357 4016 693 4080; x_wconf 75' lang='lat' dir='ltr'><strong>tradiderat,</strong></span> <span class='ocrx_word' id='word_1_470' title='bbox 729 4021 795 4068; x_wconf 90' lang='lat' dir='ltr'><strong>ut</strong></span> <span class='ocrx_word' id='word_1_471' title='bbox 829 4031 940 4068; x_wconf 91' lang='lat' dir='ltr'><strong>non</strong></span> <span class='ocrx_word' id='word_1_472' title='bbox 979 4013 1378 4084; x_wconf 86' lang='lat' dir='ltr'><strong>discreparent.</strong></span> <span class='ocrx_word' id='word_1_473' title='bbox 1424 4013 1510 4067; x_wconf 82' lang='lat' dir='ltr'><strong>Ad</strong></span> <span class='ocrx_word' id='word_1_474' title='bbox 1560 4013 1799 4067; x_wconf 88' lang='lat' dir='ltr'><strong>aliorum</strong></span> 
     </span>
    </p>
   </div>
   <div class='ocr_carea' id='block_1_56' title="bbox 217 4103 1807 4177">
    <p class='ocr_par' dir='ltr' id='par_1_56' title="bbox 217 4103 1807 4177">
     <span class='ocr_line' id='line_1_56' title="bbox 217 4103 1807 4177; baseline -0.003 -17"><span class='ocrx_word' id='word_1_475' title='bbox 217 4109 354 4160; x_wconf 83' lang='lat' dir='ltr'><strong>enim</strong></span> <span class='ocrx_word' id='word_1_476' title='bbox 385 4106 712 4177; x_wconf 74' lang='lat' dir='ltr'><strong>exemplum</strong></span> <span class='ocrx_word' id='word_1_477' title='bbox 741 4119 882 4174; x_wconf 86' lang='lat' dir='ltr'><strong>quos</strong></span> <span class='ocrx_word' id='word_1_478' title='bbox 912 4119 1080 4174; x_wconf 88' lang='lat' dir='ltr'><strong>supra</strong></span> <span class='ocrx_word' id='word_1_479' title='bbox 1109 4103 1301 4156; x_wconf 83' lang='lat' dir='ltr'><strong>laudat</strong></span> <span class='ocrx_word' id='word_1_480' title='bbox 1318 4103 1420 4156; x_wconf 90' lang='lat' dir='ltr'><strong>hos</strong></span> <span class='ocrx_word' id='word_1_481' title='bbox 1445 4107 1724 4172; x_wconf 86' lang='lat' dir='ltr'><strong>provocat,</strong></span> <span class='ocrx_word' id='word_1_482' title='bbox 1745 4107 1807 4156; x_wconf 91' lang='lat' dir='ltr'><strong>ut</strong></span> 
     </span>
    </p>
   </div>
   <div class='ocr_carea' id='block_1_57' title="bbox 216 4191 1806 4261">
    <p class='ocr_par' dir='ltr' id='par_1_57' title="bbox 216 4191 1806 4261">
     <span class='ocr_line' id='line_1_57' title="bbox 216 4191 1806 4261; baseline -0.004 -11"><span class='ocrx_word' id='word_1_483' title='bbox 216 4197 308 4249; x_wconf 83' lang='lat' dir='ltr'><strong>hoc</strong></span> <span class='ocrx_word' id='word_1_484' title='bbox 343 4195 598 4249; x_wconf 83' lang='lat' dir='ltr'><strong>sentiant</strong></span> <span class='ocrx_word' id='word_1_485' title='bbox 632 4210 696 4246; x_wconf 86' lang='lat' dir='ltr'><strong>ac</strong></span> <span class='ocrx_word' id='word_1_486' title='bbox 730 4192 1063 4257; x_wconf 87' lang='lat' dir='ltr'><strong>defendant;</strong></span> <span class='ocrx_word' id='word_1_487' title='bbox 1109 4191 1411 4245; x_wconf 85' lang='lat' dir='ltr'><strong>schismata</strong></span> <span class='ocrx_word' id='word_1_488' title='bbox 1465 4207 1688 4261; x_wconf 87' lang='lat' dir='ltr'><strong>semper</strong></span> <span class='ocrx_word' id='word_1_489' title='bbox 1740 4207 1806 4244; x_wconf 82' lang='lat' dir='ltr'><strong>ex</strong></span> 
     </span>
    </p>
   </div>
   <div class='ocr_carea' id='block_1_58' title="bbox 212 4281 1805 4339">
    <p class='ocr_par' dir='ltr' id='par_1_58' title="bbox 212 4281 1805 4339">
     <span class='ocr_line' id='line_1_58' title="bbox 212 4281 1805 4339; baseline -0.004 0"><span class='ocrx_word' id='word_1_490' title='bbox 212 4285 564 4339; x_wconf 83' lang='lat' dir='ltr'><strong>contentione</strong></span> <span class='ocrx_word' id='word_1_491' title='bbox 591 4285 920 4336; x_wconf 88' lang='lat' dir='ltr'><strong>nascuntur.</strong></span> <span class='ocrx_word' id='word_1_492' title='bbox 952 4283 1238 4335; x_wconf 86' lang='lat' dir='ltr'><strong>Perlatum</strong></span> <span class='ocrx_word' id='word_1_493' title='bbox 1269 4285 1343 4334; x_wconf 81' lang='lat' dir='ltr'><strong>est</strong></span> <span class='ocrx_word' id='word_1_494' title='bbox 1371 4283 1521 4334; x_wconf 83' lang='lat' dir='ltr'><strong>enim</strong></span> <span class='ocrx_word' id='word_1_495' title='bbox 1565 4281 1709 4333; x_wconf 88' lang='lat' dir='ltr'><strong>mihi</strong></span> <span class='ocrx_word' id='word_1_496' title='bbox 1743 4281 1805 4333; x_wconf 84' lang='lat' dir='ltr'><strong>dc</strong></span> 
     </span>
    </p>
   </div>
   <div class='ocr_carea' id='block_1_59' title="bbox 215 4369 1804 4440">
    <p class='ocr_par' dir='ltr' id='par_1_59' title="bbox 215 4369 1804 4440">
     <span class='ocr_line' id='line_1_59' title="bbox 215 4369 1804 4440; baseline -0.004 -13"><span class='ocrx_word' id='word_1_497' title='bbox 215 4377 376 4437; x_wconf 68' lang='lat' dir='ltr'><strong>vobis,</strong></span> <span class='ocrx_word' id='word_1_498' title='bbox 389 4375 618 4440; x_wconf 80' lang='lat' dir='ltr'><strong>fratres,</strong></span> <span class='ocrx_word' id='word_1_499' title='bbox 635 4373 704 4425; x_wconf 79' lang='lat' dir='ltr'><strong>ab</strong></span> <span class='ocrx_word' id='word_1_500' title='bbox 725 4373 812 4425; x_wconf 87' lang='lat' dir='ltr'><strong>his</strong></span> <span class='ocrx_word' id='word_1_501' title='bbox 832 4373 933 4440; x_wconf 85' lang='lat' dir='ltr'><strong>qui</strong></span> <span class='ocrx_word' id='word_1_502' title='bbox 951 4369 1276 4424; x_wconf 80' lang='lat' dir='ltr'><strong>suntGhloes</strong></span> <span class='ocrx_word' id='word_1_503' title='bbox 1287 4370 1430 4436; x_wconf 86' lang='lat' dir='ltr'><strong>quod</strong></span> <span class='ocrx_word' id='word_1_504' title='bbox 1440 4371 1804 4421; x_wconf 81' lang='lat' dir='ltr'><strong>contentiones</strong></span> 
     </span>
    </p>
   </div>
   <div class='ocr_carea' id='block_1_60' title="bbox 1891 1885 3487 1960">
    <p class='ocr_par' dir='ltr' id='par_1_60' title="bbox 1891 1885 3487 1960">
     <span class='ocr_line' id='line_1_60' title="bbox 1891 1885 3487 1960; baseline 0.004 -22"><span class='ocrx_word' id='word_1_505' title='bbox 1891 1889 2028 1947; x_wconf 84' lang='lat' dir='ltr'><strong>tam,</strong></span> <span class='ocrx_word' id='word_1_506' title='bbox 2061 1901 2186 1937; x_wconf 90' lang='lat' dir='ltr'><strong>cum</strong></span> <span class='ocrx_word' id='word_1_507' title='bbox 2217 1901 2328 1954; x_wconf 87' lang='lat' dir='ltr'><strong>qua</strong></span> <span class='ocrx_word' id='word_1_508' title='bbox 2359 1885 2522 1939; x_wconf 90' lang='lat' dir='ltr'><strong>multi</strong></span> <span class='ocrx_word' id='word_1_509' title='bbox 2562 1893 2750 1939; x_wconf 89' lang='lat' dir='ltr'><strong>essent</strong></span> <span class='ocrx_word' id='word_1_510' title='bbox 2779 1887 3021 1940; x_wconf 89' lang='lat' dir='ltr'><strong>colentes</strong></span> <span class='ocrx_word' id='word_1_511' title='bbox 3051 1888 3250 1954; x_wconf 90' lang='lat' dir='ltr'><strong>Deum,</strong></span> <span class='ocrx_word' id='word_1_512' title='bbox 3285 1889 3487 1960; x_wconf 88' lang='lat' dir='ltr'><strong>quibus</strong></span> 
     </span>
    </p>
   </div>
   <div class='ocr_carea' id='block_1_61' title="bbox 1892 1973 3480 2043">
    <p class='ocr_par' dir='ltr' id='par_1_61' title="bbox 1892 1973 3480 2043">
     <span class='ocr_line' id='line_1_61' title="bbox 1892 1973 3480 2043; baseline 0.004 -18"><span class='ocrx_word' id='word_1_513' title='bbox 1892 1973 2029 2026; x_wconf 83' lang='lat' dir='ltr'><strong>ﬁdes</strong></span> <span class='ocrx_word' id='word_1_514' title='bbox 2058 1989 2169 2026; x_wconf 91' lang='lat' dir='ltr'><strong>non</strong></span> <span class='ocrx_word' id='word_1_515' title='bbox 2198 1978 2520 2043; x_wconf 82' lang='lat' dir='ltr'><strong>negaretur,</strong></span> <span class='ocrx_word' id='word_1_516' title='bbox 2537 1980 2602 2028; x_wconf 89' lang='lat' dir='ltr'><strong>ut</strong></span> <span class='ocrx_word' id='word_1_517' title='bbox 2620 1975 2766 2043; x_wconf 87' lang='lat' dir='ltr'><strong>quod</strong></span> <span class='ocrx_word' id='word_1_518' title='bbox 2791 1975 3072 2030; x_wconf 89' lang='lat' dir='ltr'><strong>deferrent</strong></span> <span class='ocrx_word' id='word_1_519' title='bbox 3092 1977 3160 2030; x_wconf 90' lang='lat' dir='ltr'><strong>de</strong></span> <span class='ocrx_word' id='word_1_520' title='bbox 3175 1977 3480 2032; x_wconf 89' lang='lat' dir='ltr'><strong>Corinthiis</strong></span> 
     </span>
    </p>
   </div>
   <div class='ocr_carea' id='block_1_62' title="bbox 1893 2062 3485 2132">
    <p class='ocr_par' dir='ltr' id='par_1_62' title="bbox 1893 2062 3485 2132">
     <span class='ocr_line' id='line_1_62' title="bbox 1893 2062 3485 2132; baseline 0.005 -19"><span class='ocrx_word' id='word_1_521' title='bbox 1893 2077 2084 2114; x_wconf 86' lang='lat' dir='ltr'><strong>verum</strong></span> <span class='ocrx_word' id='word_1_522' title='bbox 2103 2068 2266 2124; x_wconf 86' lang='lat' dir='ltr'><strong>esset,</strong></span> <span class='ocrx_word' id='word_1_523' title='bbox 2287 2062 2434 2132; x_wconf 88' lang='lat' dir='ltr'><strong>quod</strong></span> <span class='ocrx_word' id='word_1_524' title='bbox 2451 2063 2836 2118; x_wconf 88' lang='lat' dir='ltr'><strong>contentiones</strong></span> <span class='ocrx_word' id='word_1_525' title='bbox 2853 2071 3039 2118; x_wconf 89' lang='lat' dir='ltr'><strong>essent</strong></span> <span class='ocrx_word' id='word_1_526' title='bbox 3053 2065 3322 2120; x_wconf 90' lang='lat' dir='ltr'><strong>intereos.</strong></span> <span class='ocrx_word' id='word_1_527' title='bbox 3343 2068 3485 2121; x_wconf 91' lang='lat' dir='ltr'><strong>Con-</strong></span> 
     </span>
    </p>
   </div>
   <div class='ocr_carea' id='block_1_63' title="bbox 1889 2149 3483 2216">
    <p class='ocr_par' dir='ltr' id='par_1_63' title="bbox 1889 2149 3483 2216">
     <span class='ocr_line' id='line_1_63' title="bbox 1889 2149 3483 2216; baseline 0.006 -14"><span class='ocrx_word' id='word_1_528' title='bbox 1889 2149 2168 2203; x_wconf 89' lang='lat' dir='ltr'><strong>tentiones</strong></span> <span class='ocrx_word' id='word_1_529' title='bbox 2185 2151 2331 2204; x_wconf 89' lang='lat' dir='ltr'><strong>inter</strong></span> <span class='ocrx_word' id='word_1_530' title='bbox 2344 2167 2440 2204; x_wconf 86' lang='lat' dir='ltr'><strong>eos</strong></span> <span class='ocrx_word' id='word_1_531' title='bbox 2457 2168 2577 2205; x_wconf 85' lang='lat' dir='ltr'><strong>esse</strong></span> <span class='ocrx_word' id='word_1_532' title='bbox 2601 2151 2757 2216; x_wconf 84' lang='lat' dir='ltr'><strong>dixit,</strong></span> <span class='ocrx_word' id='word_1_533' title='bbox 2777 2158 2840 2206; x_wconf 90' lang='lat' dir='ltr'><strong>ut</strong></span> <span class='ocrx_word' id='word_1_534' title='bbox 2859 2155 3179 2208; x_wconf 86' lang='lat' dir='ltr'><strong>ostenderet</strong></span> <span class='ocrx_word' id='word_1_535' title='bbox 3193 2155 3483 2211; x_wconf 85' lang='lat' dir='ltr'><strong>diversita-</strong></span> 
     </span>
    </p>
   </div>
   <div class='ocr_carea' id='block_1_64' title="bbox 1889 2239 3478 2312">
    <p class='ocr_par' dir='ltr' id='par_1_64' title="bbox 1889 2239 3478 2312">
     <span class='ocr_line' id='line_1_64' title="bbox 1889 2239 3478 2312; baseline 0.004 -21"><span class='ocrx_word' id='word_1_536' title='bbox 1889 2243 2004 2292; x_wconf 86' lang='lat' dir='ltr'><strong>tem</strong></span> <span class='ocrx_word' id='word_1_537' title='bbox 2029 2239 2232 2293; x_wconf 89' lang='lat' dir='ltr'><strong>mentis</strong></span> <span class='ocrx_word' id='word_1_538' title='bbox 2248 2239 2473 2294; x_wconf 88' lang='lat' dir='ltr'><strong>illorum</strong></span> <span class='ocrx_word' id='word_1_539' title='bbox 2502 2241 2570 2294; x_wconf 90' lang='lat' dir='ltr'><strong>de</strong></span> <span class='ocrx_word' id='word_1_540' title='bbox 2600 2240 2892 2312; x_wconf 86' lang='lat' dir='ltr'><strong>disciplina</strong></span> <span class='ocrx_word' id='word_1_541' title='bbox 2907 2242 3211 2296; x_wconf 87' lang='lat' dir='ltr'><strong>Dominica.</strong></span> <span class='ocrx_word' id='word_1_542' title='bbox 3249 2243 3478 2311; x_wconf 67' lang='grc' dir='ltr'><strong>(Μλυιι.)</strong></span> 
     </span>
    </p>
   </div>
   <div class='ocr_carea' id='block_1_65' title="bbox 1890 2327 3480 2402">
    <p class='ocr_par' dir='ltr' id='par_1_65' title="bbox 1890 2327 3480 2402">
     <span class='ocr_line' id='line_1_65' title="bbox 1890 2327 3480 2402; baseline 0.004 -22"><span class='ocrx_word' id='word_1_543' title='bbox 1890 2327 2171 2390; x_wconf 69' lang='lat' dir='ltr'><strong>Quaeritur</strong></span> <span class='ocrx_word' id='word_1_544' title='bbox 2197 2329 2477 2398; x_wconf 91' lang='lat' dir='ltr'><strong>quomodo</strong></span> <span class='ocrx_word' id='word_1_545' title='bbox 2504 2331 2803 2400; x_wconf 87' lang='lat' dir='ltr'><strong>Apostolus</strong></span> <span class='ocrx_word' id='word_1_546' title='bbox 2827 2329 3126 2384; x_wconf 72' lang='lat' dir='ltr'><strong>crediderit</strong></span> <span class='ocrx_word' id='word_1_547' title='bbox 3163 2331 3373 2402; x_wconf 89' lang='lat' dir='ltr'><strong>aliquid</strong></span> <span class='ocrx_word' id='word_1_548' title='bbox 3412 2333 3480 2387; x_wconf 87' lang='lat' dir='ltr'><strong>de</strong></span> 
     </span>
    </p>
   </div>
   <div class='ocr_carea' id='block_1_66' title="bbox 1889 2414 3478 2488">
    <p class='ocr_par' dir='ltr' id='par_1_66' title="bbox 1889 2414 3478 2488">
     <span class='ocr_line' id='line_1_66' title="bbox 1889 2414 3478 2488; baseline 0.004 -20"><span class='ocrx_word' id='word_1_549' title='bbox 1889 2414 2229 2480; x_wconf 87' lang='lat' dir='ltr'><strong>absentibus,</strong></span> <span class='ocrx_word' id='word_1_550' title='bbox 2276 2433 2404 2470; x_wconf 91' lang='lat' dir='ltr'><strong>cum</strong></span> <span class='ocrx_word' id='word_1_551' title='bbox 2445 2417 2714 2488; x_wconf 88' lang='lat' dir='ltr'><strong>scriptum</strong></span> <span class='ocrx_word' id='word_1_552' title='bbox 2755 2417 2828 2470; x_wconf 89' lang='lat' dir='ltr'><strong>sit</strong></span> <span class='ocrx_word' id='word_1_553' title='bbox 2867 2435 2877 2468; x_wconf 90' lang='lat'>:</span> <span class='ocrx_word' id='word_1_554' title='bbox 2921 2419 3042 2472; x_wconf 81' lang='lat' dir='ltr'><strong>Non</strong></span> <span class='ocrx_word' id='word_1_555' title='bbox 3084 2420 3270 2472; x_wconf 83' lang='lat' dir='ltr'><strong>credas</strong></span> <span class='ocrx_word' id='word_1_556' title='bbox 3311 2422 3478 2474; x_wconf 84' lang='lat' dir='ltr'><strong>audi-</strong></span> 
     </span>
    </p>
   </div>
   <div class='ocr_carea' id='block_1_67' title="bbox 1891 2504 3474 2576">
    <p class='ocr_par' dir='ltr' id='par_1_67' title="bbox 1891 2504 3474 2576">
     <span class='ocr_line' id='line_1_67' title="bbox 1891 2504 3474 2576; baseline 0.004 -21"><span class='ocrx_word' id='word_1_557' title='bbox 1891 2506 1976 2556; x_wconf 84' lang='lat' dir='ltr'><strong>lui</strong></span> <span class='ocrx_word' id='word_1_558' title='bbox 2003 2519 2172 2558; x_wconf 64' lang='lat' dir='ltr'><strong>vallo:</strong></span> <span class='ocrx_word' id='word_1_559' title='bbox 2201 2511 2258 2558; x_wconf 90' lang='lat' dir='ltr'><strong>et</strong></span> <span class='ocrx_word' id='word_1_560' title='bbox 2286 2504 2520 2558; x_wconf 89' lang='lat' dir='ltr'><strong>iterum:</strong></span> <span class='ocrx_word' id='word_1_561' title='bbox 2541 2505 2666 2570; x_wconf 64' lang='lat' dir='ltr'><strong>Qua</strong></span> <span class='ocrx_word' id='word_1_562' title='bbox 2685 2507 2929 2558; x_wconf 82' lang='lat' dir='ltr'><strong>viderint</strong></span> <span class='ocrx_word' id='word_1_563' title='bbox 2949 2508 3096 2558; x_wconf 84' lang='lat' dir='ltr'><strong>oculi</strong></span> <span class='ocrx_word' id='word_1_564' title='bbox 3127 2509 3220 2559; x_wconf 79' lang='lat' dir='ltr'><strong>tui</strong></span> <span class='ocrx_word' id='word_1_565' title='bbox 3243 2510 3474 2576; x_wconf 83' lang='lat' dir='ltr'><strong>loquere,</strong></span> 
     </span>
    </p>
   </div>
   <div class='ocr_carea' id='block_1_68' title="bbox 1890 2592 3480 2662">
    <p class='ocr_par' dir='ltr' id='par_1_68' title="bbox 1890 2592 3480 2662">
     <span class='ocr_line' id='line_1_68' title="bbox 1890 2592 3480 2662; baseline 0.003 -18"><span class='ocrx_word' id='word_1_566' title='bbox 1890 2598 1994 2644; x_wconf 89' lang='lat' dir='ltr'><strong>etc.</strong></span> <span class='ocrx_word' id='word_1_567' title='bbox 2031 2593 2203 2660; x_wconf 86' lang='lat' dir='ltr'><strong>(Pror.</strong></span> <span class='ocrx_word' id='word_1_568' title='bbox 2241 2593 2524 2655; x_wconf 83' lang='lat' dir='ltr'><strong>xxv)..Sed</strong></span> <span class='ocrx_word' id='word_1_569' title='bbox 2552 2593 2694 2646; x_wconf 89' lang='lat' dir='ltr'><strong>hanc</strong></span> <span class='ocrx_word' id='word_1_570' title='bbox 2720 2592 2963 2662; x_wconf 82' lang='lat' dir='ltr'><strong>gratiam</strong></span> <span class='ocrx_word' id='word_1_571' title='bbox 2995 2593 3250 2660; x_wconf 88' lang='lat' dir='ltr'><strong>habebat,</strong></span> <span class='ocrx_word' id='word_1_572' title='bbox 3274 2601 3340 2649; x_wconf 87' lang='lat' dir='ltr'><strong>ut</strong></span> <span class='ocrx_word' id='word_1_573' title='bbox 3354 2611 3480 2649; x_wconf 87' lang='lat' dir='ltr'><strong>nos—</strong></span> 
     </span>
    </p>
   </div>
   <div class='ocr_carea' id='block_1_69' title="bbox 1889 2679 3482 2751">
    <p class='ocr_par' dir='ltr' id='par_1_69' title="bbox 1889 2679 3482 2751">
     <span class='ocr_line' id='line_1_69' title="bbox 1889 2679 3482 2751; baseline 0.004 -18"><span class='ocrx_word' id='word_1_574' title='bbox 1889 2685 1975 2733; x_wconf 88' lang='lat' dir='ltr'><strong>set</strong></span> <span class='ocrx_word' id='word_1_575' title='bbox 2001 2679 2200 2734; x_wconf 89' lang='lat' dir='ltr'><strong>absens</strong></span> <span class='ocrx_word' id='word_1_576' title='bbox 2227 2679 2360 2751; x_wconf 90' lang='lat' dir='ltr'><strong>quid</strong></span> <span class='ocrx_word' id='word_1_577' title='bbox 2390 2681 2459 2734; x_wconf 88' lang='lat' dir='ltr'><strong>de</strong></span> <span class='ocrx_word' id='word_1_578' title='bbox 2491 2680 2725 2750; x_wconf 82' lang='lat' dir='ltr'><strong>singulis</strong></span> <span class='ocrx_word' id='word_1_579' title='bbox 2755 2680 2999 2734; x_wconf 88' lang='lat' dir='ltr'><strong>ecclesiis</strong></span> <span class='ocrx_word' id='word_1_580' title='bbox 3025 2688 3306 2751; x_wconf 84' lang='lat' dir='ltr'><strong>ageretur,</strong></span> <span class='ocrx_word' id='word_1_581' title='bbox 3336 2684 3482 2740; x_wconf 83' lang='lat' dir='ltr'><strong>sicut</strong></span> 
     </span>
    </p>
   </div>
   <div class='ocr_carea' id='block_1_70' title="bbox 1888 2767 3481 2838">
    <p class='ocr_par' dir='ltr' id='par_1_70' title="bbox 1888 2767 3481 2838">
     <span class='ocr_line' id='line_1_70' title="bbox 1888 2767 3481 2838; baseline 0.004 -16"><span class='ocrx_word' id='word_1_582' title='bbox 1888 2767 2024 2823; x_wconf 90' lang='lat' dir='ltr'><strong>dicit</strong></span> <span class='ocrx_word' id='word_1_583' title='bbox 2051 2768 2120 2823; x_wconf 90' lang='lat' dir='ltr'><strong>ad</strong></span> <span class='ocrx_word' id='word_1_584' title='bbox 2149 2769 2505 2824; x_wconf 87' lang='lat' dir='ltr'><strong>Colossenses</strong></span> <span class='ocrx_word' id='word_1_585' title='bbox 2539 2787 2550 2822; x_wconf 90' lang='lat'><strong>:</strong></span> <span class='ocrx_word' id='word_1_586' title='bbox 2588 2770 2652 2823; x_wconf 83' lang='lat' dir='ltr'><strong>Ut</strong></span> <span class='ocrx_word' id='word_1_587' title='bbox 2675 2771 2726 2823; x_wconf 91' lang='lat' dir='ltr'><strong>si</strong></span> <span class='ocrx_word' id='word_1_588' title='bbox 2753 2785 2976 2838; x_wconf 80' lang='lat' dir='ltr'><strong>corpore</strong></span> <span class='ocrx_word' id='word_1_589' title='bbox 3002 2771 3191 2824; x_wconf 83' lang='lat' dir='ltr'><strong>absens</strong></span> <span class='ocrx_word' id='word_1_590' title='bbox 3221 2787 3366 2838; x_wconf 84' lang='lat' dir='ltr'><strong>sum,</strong></span> <span class='ocrx_word' id='word_1_591' title='bbox 3389 2776 3481 2828; x_wconf 80' lang='lat' dir='ltr'><strong>sed</strong></span> 
     </span>
    </p>
   </div>
   <div class='ocr_carea' id='block_1_71' title="bbox 1886 2859 3482 2926">
    <p class='ocr_par' dir='ltr' id='par_1_71' title="bbox 1886 2859 3482 2926">
     <span class='ocr_line' id='line_1_71' title="bbox 1886 2859 3482 2926; baseline 0.003 -15"><span class='ocrx_word' id='word_1_592' title='bbox 1886 2861 2095 2926; x_wconf 80' lang='lat' dir='ltr'><strong>spiritu</strong></span> <span class='ocrx_word' id='word_1_593' title='bbox 2119 2874 2374 2926; x_wconf 58' lang='lat' dir='ltr'><strong>presens,</strong></span> <span class='ocrx_word' id='word_1_594' title='bbox 2396 2860 2641 2926; x_wconf 82' lang='lat' dir='ltr'><strong>gaudens</strong></span> <span class='ocrx_word' id='word_1_595' title='bbox 2668 2864 2717 2912; x_wconf 82' lang='lat' dir='ltr'><strong>et</strong></span> <span class='ocrx_word' id='word_1_596' title='bbox 2744 2859 2933 2912; x_wconf 76' lang='lat' dir='ltr'><strong>videns</strong></span> <span class='ocrx_word' id='word_1_597' title='bbox 2963 2860 3372 2914; x_wconf 80' lang='lat' dir='ltr'><strong>ordinationem</strong></span> <span class='ocrx_word' id='word_1_598' title='bbox 3398 2879 3482 2916; x_wconf 81' lang='grc' dir='ltr'><strong>υο-</strong></span> 
     </span>
    </p>
   </div>
   <div class='ocr_carea' id='block_1_72' title="bbox 1886 2945 3482 3018">
    <p class='ocr_par' dir='ltr' id='par_1_72' title="bbox 1886 2945 3482 3018">
     <span class='ocr_line' id='line_1_72' title="bbox 1886 2945 3482 3018; baseline 0.004 -19"><span class='ocrx_word' id='word_1_599' title='bbox 1886 2951 2080 3010; x_wconf 86' lang='lat' dir='ltr'><strong>stram,</strong></span> <span class='ocrx_word' id='word_1_600' title='bbox 2117 2951 2174 3000; x_wconf 89' lang='lat' dir='ltr'><strong>et</strong></span> <span class='ocrx_word' id='word_1_601' title='bbox 2203 2947 2421 3018; x_wconf 90' lang='lat' dir='ltr'><strong>reliqua</strong></span> <span class='ocrx_word' id='word_1_602' title='bbox 2450 2947 2579 3014; x_wconf 77' lang='grc' dir='ltr'><strong>(σοι.</strong></span> <span class='ocrx_word' id='word_1_603' title='bbox 2612 2946 2686 3014; x_wconf 84' lang='lat' dir='ltr'><strong>n).</strong></span> <span class='ocrx_word' id='word_1_604' title='bbox 2718 2945 2861 3010; x_wconf 85' lang='lat' dir='ltr'><strong>Quia</strong></span> <span class='ocrx_word' id='word_1_605' title='bbox 2888 2963 3022 3016; x_wconf 88' lang='lat' dir='ltr'><strong>ergo</strong></span> <span class='ocrx_word' id='word_1_606' title='bbox 3050 2947 3262 3003; x_wconf 84' lang='lat' dir='ltr'><strong>sciebat</strong></span> <span class='ocrx_word' id='word_1_607' title='bbox 3289 2949 3482 3005; x_wconf 87' lang='lat' dir='ltr'><strong>Corin-</strong></span> 
     </span>
    </p>
   </div>
   <div class='ocr_carea' id='block_1_73' title="bbox 1886 3035 3479 3104">
    <p class='ocr_par' dir='ltr' id='par_1_73' title="bbox 1886 3035 3479 3104">
     <span class='ocr_line' id='line_1_73' title="bbox 1886 3035 3479 3104; baseline 0.004 -16"><span class='ocrx_word' id='word_1_608' title='bbox 1886 3035 2034 3089; x_wconf 90' lang='lat' dir='ltr'><strong>thios</strong></span> <span class='ocrx_word' id='word_1_609' title='bbox 2062 3035 2143 3089; x_wconf 86' lang='lat' dir='ltr'><strong>ita</strong></span> <span class='ocrx_word' id='word_1_610' title='bbox 2170 3053 2336 3104; x_wconf 85' lang='lat' dir='ltr'><strong>agere</strong></span> <span class='ocrx_word' id='word_1_611' title='bbox 2365 3041 2430 3090; x_wconf 91' lang='lat' dir='ltr'><strong>ut</strong></span> <span class='ocrx_word' id='word_1_612' title='bbox 2455 3035 2738 3100; x_wconf 86' lang='lat' dir='ltr'><strong>audiebat,</strong></span> <span class='ocrx_word' id='word_1_613' title='bbox 2757 3051 2869 3090; x_wconf 90' lang='lat' dir='ltr'><strong>non</strong></span> <span class='ocrx_word' id='word_1_614' title='bbox 2899 3035 3137 3091; x_wconf 90' lang='lat' dir='ltr'><strong>credidit</strong></span> <span class='ocrx_word' id='word_1_615' title='bbox 3161 3036 3281 3092; x_wconf 86' lang='lat' dir='ltr'><strong>sine</strong></span> <span class='ocrx_word' id='word_1_616' title='bbox 3310 3054 3479 3094; x_wconf 83' lang='lat' dir='ltr'><strong>causa</strong></span> 
     </span>
    </p>
   </div>
   <div class='ocr_carea' id='block_1_74' title="bbox 1823 3123 3476 3198">
    <p class='ocr_par' dir='ltr' id='par_1_74' title="bbox 1823 3123 3476 3198">
     <span class='ocr_line' id='line_1_74' title="bbox 1823 3123 3476 3198; baseline 0.002 -21"><span class='ocrx_word' id='word_1_617' title='bbox 1823 3127 1866 3186; x_wconf 87' lang='lat' dir='ltr'><strong>C</strong></span> <span class='ocrx_word' id='word_1_618' title='bbox 1890 3124 2049 3194; x_wconf 90' lang='lat' dir='ltr'><strong>quasi</strong></span> <span class='ocrx_word' id='word_1_619' title='bbox 2077 3124 2146 3178; x_wconf 90' lang='lat' dir='ltr'><strong>de</strong></span> <span class='ocrx_word' id='word_1_620' title='bbox 2177 3123 2519 3191; x_wconf 84' lang='lat' dir='ltr'><strong>absentibus,</strong></span> <span class='ocrx_word' id='word_1_621' title='bbox 2538 3141 2776 3194; x_wconf 88' lang='lat' dir='ltr'><strong>quorum</strong></span> <span class='ocrx_word' id='word_1_622' title='bbox 2790 3124 3271 3180; x_wconf 87' lang='lat' dir='ltr'><strong>conversationem</strong></span> <span class='ocrx_word' id='word_1_623' title='bbox 3285 3125 3345 3180; x_wconf 86' lang='lat' dir='ltr'><strong>in</strong></span> <span class='ocrx_word' id='word_1_624' title='bbox 3361 3127 3476 3198; x_wconf 80' lang='lat' dir='ltr'><strong>spi-</strong></span> 
     </span>
    </p>
   </div>
   <div class='ocr_carea' id='block_1_75' title="bbox 1887 3212 2319 3284">
    <p class='ocr_par' dir='ltr' id='par_1_75' title="bbox 1887 3212 2319 3284">
     <span class='ocr_line' id='line_1_75' title="bbox 1887 3212 2319 3284; baseline 0 -18"><span class='ocrx_word' id='word_1_625' title='bbox 1887 3213 1998 3268; x_wconf 89' lang='lat' dir='ltr'><strong>ritu</strong></span> <span class='ocrx_word' id='word_1_626' title='bbox 2029 3212 2319 3284; x_wconf 86' lang='lat' dir='ltr'><strong>probabat.</strong></span> 
     </span>
    </p>
   </div>
   <div class='ocr_carea' id='block_1_76' title="bbox 1957 3303 3475 3370">
    <p class='ocr_par' dir='ltr' id='par_1_76' title="bbox 1957 3303 3475 3370">
     <span class='ocr_line' id='line_1_76' title="bbox 1957 3303 3475 3370; baseline 0.003 -14"><span class='ocrx_word' id='word_1_627' title='bbox 1957 3304 2088 3356; x_wconf 81' lang='lat' dir='ltr'><strong>Dico</strong></span> <span class='ocrx_word' id='word_1_628' title='bbox 2116 3308 2303 3356; x_wconf 85' lang='lat' dir='ltr'><strong>autem</strong></span> <span class='ocrx_word' id='word_1_629' title='bbox 2336 3303 2434 3356; x_wconf 85' lang='lat' dir='ltr'><strong>hoc</strong></span> <span class='ocrx_word' id='word_1_630' title='bbox 2459 3303 2604 3370; x_wconf 89' lang='lat' dir='ltr'><strong>quod</strong></span> <span class='ocrx_word' id='word_1_631' title='bbox 2639 3305 3016 3370; x_wconf 81' lang='lat' dir='ltr'><strong>unusquisque</strong></span> <span class='ocrx_word' id='word_1_632' title='bbox 3052 3308 3294 3358; x_wconf 78' lang='lat' dir='ltr'><strong>vestrum</strong></span> <span class='ocrx_word' id='word_1_633' title='bbox 3319 3305 3475 3361; x_wconf 84' lang='lat' dir='ltr'><strong>dicit.</strong></span> 
     </span>
    </p>
   </div>
   <div class='ocr_carea' id='block_1_77' title="bbox 1886 3391 3478 3460">
    <p class='ocr_par' dir='ltr' id='par_1_77' title="bbox 1886 3391 3478 3460">
     <span class='ocr_line' id='line_1_77' title="bbox 1886 3391 3478 3460; baseline 0.003 -16"><span class='ocrx_word' id='word_1_634' title='bbox 1886 3391 1996 3458; x_wconf 86' lang='lat' dir='ltr'><strong>Ego</strong></span> <span class='ocrx_word' id='word_1_635' title='bbox 2025 3391 2246 3458; x_wconf 84' lang='lat' dir='ltr'><strong>quidem</strong></span> <span class='ocrx_word' id='word_1_636' title='bbox 2275 3407 2400 3444; x_wconf 86' lang='lat' dir='ltr'><strong>sum</strong></span> <span class='ocrx_word' id='word_1_637' title='bbox 2431 3393 2608 3453; x_wconf 80' lang='lat' dir='ltr'><strong>Pauli,</strong></span> <span class='ocrx_word' id='word_1_638' title='bbox 2643 3406 2734 3458; x_wconf 85' lang='lat' dir='ltr'><strong>ego</strong></span> <span class='ocrx_word' id='word_1_639' title='bbox 2762 3396 2949 3444; x_wconf 79' lang='lat' dir='ltr'><strong>autem</strong></span> <span class='ocrx_word' id='word_1_640' title='bbox 2979 3391 3168 3459; x_wconf 78' lang='lat' dir='ltr'><strong>Apollo</strong></span> <span class='ocrx_word' id='word_1_641' title='bbox 3199 3411 3217 3446; x_wconf 94' lang='lat'><em>:</em></span> <span class='ocrx_word' id='word_1_642' title='bbox 3246 3409 3338 3460; x_wconf 89' lang='lat' dir='ltr'><strong>ego</strong></span> <span class='ocrx_word' id='word_1_643' title='bbox 3354 3409 3478 3448; x_wconf 77' lang='lat' dir='ltr'><strong>vero</strong></span> 
     </span>
    </p>
   </div>
   <div class='ocr_carea' id='block_1_78' title="bbox 1890 3476 3477 3550">
    <p class='ocr_par' dir='ltr' id='par_1_78' title="bbox 1890 3476 3477 3550">
     <span class='ocr_line' id='line_1_78' title="bbox 1890 3476 3477 3550; baseline 0.003 -18"><span class='ocrx_word' id='word_1_644' title='bbox 1890 3479 2088 3547; x_wconf 66' lang='lat' dir='ltr'><strong>Gephae,</strong></span> <span class='ocrx_word' id='word_1_645' title='bbox 2125 3496 2217 3546; x_wconf 77' lang='lat' dir='ltr'><strong>ego</strong></span> <span class='ocrx_word' id='word_1_646' title='bbox 2246 3484 2432 3532; x_wconf 79' lang='lat' dir='ltr'><strong>autem</strong></span> <span class='ocrx_word' id='word_1_647' title='bbox 2459 3479 2668 3532; x_wconf 77' lang='lat' dir='ltr'><strong>Christi</strong></span> <span class='ocrx_word' id='word_1_648' title='bbox 2723 3476 2966 3550; x_wconf 83' lang='lat' dir='ltr'><strong>(Ambr.)</strong></span> <span class='ocrx_word' id='word_1_649' title='bbox 2998 3480 3258 3534; x_wconf 87' lang='lat' dir='ltr'><strong>Errorem</strong></span> <span class='ocrx_word' id='word_1_650' title='bbox 3289 3487 3477 3537; x_wconf 87' lang='lat' dir='ltr'><strong>osten—</strong></span> 
     </span>
    </p>
   </div>
   <div class='ocr_carea' id='block_1_79' title="bbox 1887 3566 3480 3638">
    <p class='ocr_par' dir='ltr' id='par_1_79' title="bbox 1887 3566 3480 3638">
     <span class='ocr_line' id='line_1_79' title="bbox 1887 3566 3480 3638; baseline 0.003 -17"><span class='ocrx_word' id='word_1_651' title='bbox 1887 3567 1986 3631; x_wconf 91' lang='lat' dir='ltr'><strong>dit,</strong></span> <span class='ocrx_word' id='word_1_652' title='bbox 2020 3567 2118 3621; x_wconf 90' lang='lat' dir='ltr'><strong>sed</strong></span> <span class='ocrx_word' id='word_1_653' title='bbox 2150 3573 2440 3622; x_wconf 86' lang='lat' dir='ltr'><strong>auctorum</strong></span> <span class='ocrx_word' id='word_1_654' title='bbox 2473 3566 2702 3620; x_wconf 88' lang='lat' dir='ltr'><strong>nomina</strong></span> <span class='ocrx_word' id='word_1_655' title='bbox 2733 3583 2845 3621; x_wconf 88' lang='lat' dir='ltr'><strong>non</strong></span> <span class='ocrx_word' id='word_1_656' title='bbox 2875 3567 3119 3638; x_wconf 89' lang='lat' dir='ltr'><strong>prodidit</strong></span> <span class='ocrx_word' id='word_1_657' title='bbox 3149 3587 3161 3621; x_wconf 90' lang='lat'>:</span> <span class='ocrx_word' id='word_1_658' title='bbox 3196 3585 3298 3624; x_wconf 88' lang='lat' dir='ltr'><strong>nec</strong></span> <span class='ocrx_word' id='word_1_659' title='bbox 3327 3571 3480 3625; x_wconf 88' lang='lat' dir='ltr'><strong>enim</strong></span> 
     </span>
    </p>
   </div>
   <div class='ocr_carea' id='block_1_80' title="bbox 1886 3655 3481 3720">
    <p class='ocr_par' dir='ltr' id='par_1_80' title="bbox 1886 3655 3481 3720">
     <span class='ocr_line' id='line_1_80' title="bbox 1886 3655 3481 3720; baseline 0.003 -10"><span class='ocrx_word' id='word_1_660' title='bbox 1886 3657 1944 3711; x_wconf 90' lang='lat' dir='ltr'><strong>in</strong></span> <span class='ocrx_word' id='word_1_661' title='bbox 1979 3657 2097 3710; x_wconf 91' lang='lat' dir='ltr'><strong>loco</strong></span> <span class='ocrx_word' id='word_1_662' title='bbox 2124 3655 2366 3720; x_wconf 82' lang='lat' dir='ltr'><strong>stabant,</strong></span> <span class='ocrx_word' id='word_1_663' title='bbox 2386 3655 2480 3710; x_wconf 89' lang='lat' dir='ltr'><strong>sed</strong></span> <span class='ocrx_word' id='word_1_664' title='bbox 2506 3655 2878 3710; x_wconf 88' lang='lat' dir='ltr'><strong>circumibant</strong></span> <span class='ocrx_word' id='word_1_665' title='bbox 2895 3655 2964 3710; x_wconf 87' lang='lat' dir='ltr'><strong>ad</strong></span> <span class='ocrx_word' id='word_1_666' title='bbox 2986 3657 3330 3712; x_wconf 87' lang='lat' dir='ltr'><strong>eversionem</strong></span> <span class='ocrx_word' id='word_1_667' title='bbox 3348 3659 3481 3714; x_wconf 86' lang='lat' dir='ltr'><strong>sim-</strong></span> 
     </span>
    </p>
   </div>
   <div class='ocr_carea' id='block_1_81' title="bbox 1885 3745 3477 3816">
    <p class='ocr_par' dir='ltr' id='par_1_81' title="bbox 1885 3745 3477 3816">
     <span class='ocr_line' id='line_1_81' title="bbox 1885 3745 3477 3816; baseline 0.003 -18"><span class='ocrx_word' id='word_1_668' title='bbox 1885 3745 2132 3816; x_wconf 90' lang='lat' dir='ltr'><strong>plicium.</strong></span> <span class='ocrx_word' id='word_1_669' title='bbox 2177 3746 2323 3798; x_wconf 88' lang='lat' dir='ltr'><strong>Nam</strong></span> <span class='ocrx_word' id='word_1_670' title='bbox 2365 3745 2466 3798; x_wconf 89' lang='lat' dir='ltr'><strong>hos</strong></span> <span class='ocrx_word' id='word_1_671' title='bbox 2503 3761 2642 3815; x_wconf 88' lang='lat' dir='ltr'><strong>quos</strong></span> <span class='ocrx_word' id='word_1_672' title='bbox 2681 3745 2940 3800; x_wconf 88' lang='lat' dir='ltr'><strong>nominat</strong></span> <span class='ocrx_word' id='word_1_673' title='bbox 2975 3745 3094 3800; x_wconf 88' lang='lat' dir='ltr'><strong>sine</strong></span> <span class='ocrx_word' id='word_1_674' title='bbox 3129 3746 3301 3801; x_wconf 89' lang='lat' dir='ltr'><strong>dubio</strong></span> <span class='ocrx_word' id='word_1_675' title='bbox 3345 3747 3477 3803; x_wconf 89' lang='lat' dir='ltr'><strong>boni</strong></span> 
     </span>
    </p>
   </div>
   <div class='ocr_carea' id='block_1_82' title="bbox 1885 3831 3478 3904">
    <p class='ocr_par' dir='ltr' id='par_1_82' title="bbox 1885 3831 3478 3904">
     <span class='ocr_line' id='line_1_82' title="bbox 1885 3831 3478 3904; baseline 0.002 -18"><span class='ocrx_word' id='word_1_676' title='bbox 1885 3840 2048 3886; x_wconf 85' lang='lat' dir='ltr'><strong>erant</strong></span> <span class='ocrx_word' id='word_1_677' title='bbox 2075 3833 2349 3897; x_wconf 88' lang='lat' dir='ltr'><strong>doctores,</strong></span> <span class='ocrx_word' id='word_1_678' title='bbox 2380 3832 2476 3885; x_wconf 89' lang='lat' dir='ltr'><strong>sed</strong></span> <span class='ocrx_word' id='word_1_679' title='bbox 2505 3831 2608 3885; x_wconf 90' lang='lat' dir='ltr'><strong>sub</strong></span> <span class='ocrx_word' id='word_1_680' title='bbox 2635 3833 2838 3886; x_wconf 88' lang='lat' dir='ltr'><strong>horum</strong></span> <span class='ocrx_word' id='word_1_681' title='bbox 2865 3832 3046 3902; x_wconf 89' lang='lat' dir='ltr'><strong>specie</strong></span> <span class='ocrx_word' id='word_1_682' title='bbox 3069 3833 3238 3887; x_wconf 83' lang='lat' dir='ltr'><strong>falsos</strong></span> <span class='ocrx_word' id='word_1_683' title='bbox 3259 3840 3478 3904; x_wconf 89' lang='lat' dir='ltr'><strong>aposto-</strong></span> 
     </span>
    </p>
   </div>
   <div class='ocr_carea' id='block_1_83' title="bbox 1885 3919 3476 3991">
    <p class='ocr_par' dir='ltr' id='par_1_83' title="bbox 1885 3919 3476 3991">
     <span class='ocr_line' id='line_1_83' title="bbox 1885 3919 3476 3991; baseline 0.003 -17"><span class='ocrx_word' id='word_1_684' title='bbox 1885 3922 1968 3978; x_wconf 90' lang='lat' dir='ltr'><strong>los</strong></span> <span class='ocrx_word' id='word_1_685' title='bbox 1995 3921 2177 3990; x_wconf 88' lang='lat' dir='ltr'><strong>tangit</strong></span> <span class='ocrx_word' id='word_1_686' title='bbox 2204 3939 2214 3972; x_wconf 92' lang='lat'>:</span> <span class='ocrx_word' id='word_1_687' title='bbox 2247 3921 2292 3973; x_wconf 91' lang='lat' dir='ltr'><strong>si</strong></span> <span class='ocrx_word' id='word_1_688' title='bbox 2323 3920 2471 3974; x_wconf 90' lang='lat' dir='ltr'><strong>enim</strong></span> <span class='ocrx_word' id='word_1_689' title='bbox 2502 3919 2560 3972; x_wconf 90' lang='lat' dir='ltr'><strong>in</strong></span> <span class='ocrx_word' id='word_1_690' title='bbox 2580 3920 2667 3972; x_wconf 89' lang='lat' dir='ltr'><strong>his</strong></span> <span class='ocrx_word' id='word_1_691' title='bbox 2684 3919 3039 3990; x_wconf 86' lang='lat' dir='ltr'><strong>gloriandum</strong></span> <span class='ocrx_word' id='word_1_692' title='bbox 3063 3927 3250 3990; x_wconf 87' lang='lat' dir='ltr'><strong>negat,</strong></span> <span class='ocrx_word' id='word_1_693' title='bbox 3267 3929 3476 3991; x_wconf 85' lang='lat' dir='ltr'><strong>quanto</strong></span> 
     </span>
    </p>
   </div>
   <div class='ocr_carea' id='block_1_84' title="bbox 1886 4007 3474 4081">
    <p class='ocr_par' dir='ltr' id='par_1_84' title="bbox 1886 4007 3474 4081">
     <span class='ocr_line' id='line_1_84' title="bbox 1886 4007 3474 4081; baseline 0.001 -17"><span class='ocrx_word' id='word_1_694' title='bbox 1886 4010 2066 4080; x_wconf 83' lang='lat' dir='ltr'><strong>magis</strong></span> <span class='ocrx_word' id='word_1_695' title='bbox 2092 4009 2152 4062; x_wconf 91' lang='lat' dir='ltr'><strong>in</strong></span> <span class='ocrx_word' id='word_1_696' title='bbox 2181 4009 2345 4064; x_wconf 85' lang='lat' dir='ltr'><strong>malis</strong></span> <span class='ocrx_word' id='word_1_697' title='bbox 2376 4007 2695 4062; x_wconf 90' lang='lat' dir='ltr'><strong>doctoribus</strong></span> <span class='ocrx_word' id='word_1_698' title='bbox 2722 4024 2960 4078; x_wconf 88' lang='lat' dir='ltr'><strong>quorum</strong></span> <span class='ocrx_word' id='word_1_699' title='bbox 2991 4008 3303 4065; x_wconf 87' lang='lat' dir='ltr'><strong>doctrinam</strong></span> <span class='ocrx_word' id='word_1_700' title='bbox 3344 4027 3474 4081; x_wconf 88' lang='lat' dir='ltr'><strong>pra-</strong></span> 
     </span>
    </p>
   </div>
   <div class='ocr_carea' id='block_1_85' title="bbox 1887 4097 3478 4171">
    <p class='ocr_par' dir='ltr' id='par_1_85' title="bbox 1887 4097 3478 4171">
     <span class='ocr_line' id='line_1_85' title="bbox 1887 4097 3478 4171; baseline 0.002 -19"><span class='ocrx_word' id='word_1_701' title='bbox 1887 4117 2010 4154; x_wconf 87' lang='lat' dir='ltr'><strong>vam</strong></span> <span class='ocrx_word' id='word_1_702' title='bbox 2043 4099 2102 4152; x_wconf 90' lang='lat' dir='ltr'><strong>in</strong></span> <span class='ocrx_word' id='word_1_703' title='bbox 2128 4097 2392 4168; x_wconf 88' lang='lat' dir='ltr'><strong>subjectis</strong></span> <span class='ocrx_word' id='word_1_704' title='bbox 2421 4097 2715 4166; x_wconf 86' lang='lat' dir='ltr'><strong>signiﬁcat.</strong></span> <span class='ocrx_word' id='word_1_705' title='bbox 2735 4099 2888 4152; x_wconf 89' lang='lat' dir='ltr'><strong>Inter</strong></span> <span class='ocrx_word' id='word_1_706' title='bbox 2917 4114 3012 4151; x_wconf 89' lang='lat' dir='ltr'><strong>eos</strong></span> <span class='ocrx_word' id='word_1_707' title='bbox 3035 4103 3226 4154; x_wconf 87' lang='lat' dir='ltr'><strong>tamen</strong></span> <span class='ocrx_word' id='word_1_708' title='bbox 3241 4099 3344 4154; x_wconf 90' lang='lat' dir='ltr'><strong>hos</strong></span> <span class='ocrx_word' id='word_1_709' title='bbox 3355 4117 3478 4171; x_wconf 89' lang='lat' dir='ltr'><strong>per-</strong></span> 
     </span>
    </p>
   </div>
   <div class='ocr_carea' id='block_1_86' title="bbox 1887 4185 3477 4256">
    <p class='ocr_par' dir='ltr' id='par_1_86' title="bbox 1887 4185 3477 4256">
     <span class='ocr_line' id='line_1_86' title="bbox 1887 4185 3477 4256; baseline 0.003 -15"><span class='ocrx_word' id='word_1_710' title='bbox 1887 4193 2204 4242; x_wconf 81' lang='lat' dir='ltr'><strong>severantes</strong></span> <span class='ocrx_word' id='word_1_711' title='bbox 2219 4187 2493 4256; x_wconf 86' lang='lat' dir='ltr'><strong>designat,</strong></span> <span class='ocrx_word' id='word_1_712' title='bbox 2511 4185 2606 4256; x_wconf 90' lang='lat' dir='ltr'><strong>qui</strong></span> <span class='ocrx_word' id='word_1_713' title='bbox 2626 4185 2884 4240; x_wconf 87' lang='lat' dir='ltr'><strong>dicebant</strong></span> <span class='ocrx_word' id='word_1_714' title='bbox 2905 4203 2966 4240; x_wconf 89' lang='lat' dir='ltr'><strong>se</strong></span> <span class='ocrx_word' id='word_1_715' title='bbox 2981 4186 3188 4241; x_wconf 88' lang='lat' dir='ltr'><strong>Christi</strong></span> <span class='ocrx_word' id='word_1_716' title='bbox 3205 4203 3343 4254; x_wconf 87' lang='lat' dir='ltr'><strong>esse,</strong></span> <span class='ocrx_word' id='word_1_717' title='bbox 3364 4205 3477 4244; x_wconf 91' lang='lat' dir='ltr'><strong>non</strong></span> 
     </span>
    </p>
   </div>
   <div class='ocr_carea' id='block_1_87' title="bbox 1885 4274 3474 4346">
    <p class='ocr_par' dir='ltr' id='par_1_87' title="bbox 1885 4274 3474 4346">
     <span class='ocr_line' id='line_1_87' title="bbox 1885 4274 3474 4346; baseline 0.001 -16"><span class='ocrx_word' id='word_1_718' title='bbox 1885 4276 2148 4340; x_wconf 90' lang='lat' dir='ltr'><strong>hominis,</strong></span> <span class='ocrx_word' id='word_1_719' title='bbox 2183 4291 2324 4346; x_wconf 90' lang='lat' dir='ltr'><strong>quos</strong></span> <span class='ocrx_word' id='word_1_720' title='bbox 2351 4274 2608 4345; x_wconf 89' lang='lat' dir='ltr'><strong>superius</strong></span> <span class='ocrx_word' id='word_1_721' title='bbox 2637 4275 2848 4328; x_wconf 86' lang='lat' dir='ltr'><strong>laudat.</strong></span> <span class='ocrx_word' id='word_1_722' title='bbox 2871 4277 3175 4332; x_wconf 77' lang='lat' dir='ltr'><strong>Dieisusest</strong></span> <span class='ocrx_word' id='word_1_723' title='bbox 3188 4275 3474 4332; x_wconf 79' lang='lat' dir='ltr'><strong>Christus?</strong></span> 
     </span>
    </p>
   </div>
   <div class='ocr_carea' id='block_1_88' title="bbox 1885 4362 3478 4434">
    <p class='ocr_par' dir='ltr' id='par_1_88' title="bbox 1885 4362 3478 4434">
     <span class='ocr_line' id='line_1_88' title="bbox 1885 4362 3478 4434; baseline 0.001 -16"><span class='ocrx_word' id='word_1_724' title='bbox 1885 4365 2162 4419; x_wconf 87' lang='lat' dir='ltr'><strong>Dividitur</strong></span> <span class='ocrx_word' id='word_1_725' title='bbox 2187 4381 2388 4434; x_wconf 89' lang='lat' dir='ltr'><strong>corpus</strong></span> <span class='ocrx_word' id='word_1_726' title='bbox 2415 4380 2543 4418; x_wconf 91' lang='lat' dir='ltr'><strong>cum</strong></span> <span class='ocrx_word' id='word_1_727' title='bbox 2574 4362 2826 4418; x_wconf 88' lang='lat' dir='ltr'><strong>membra</strong></span> <span class='ocrx_word' id='word_1_728' title='bbox 2852 4363 3207 4430; x_wconf 86' lang='lat' dir='ltr'><strong>dissentiunt,</strong></span> <span class='ocrx_word' id='word_1_729' title='bbox 3238 4365 3478 4420; x_wconf 89' lang='lat' dir='ltr'><strong>divisum</strong></span> 
     </span>
    </p>
   </div>
   <div class='ocr_carea' id='block_1_89' title="bbox 215 4439 3478 4532">
    <p class='ocr_par' dir='ltr' id='par_1_89' title="bbox 215 4439 3478 4532">
     <span class='ocr_line' id='line_1_89' title="bbox 215 4439 3478 4532; baseline -0.003 -17"><span class='ocrx_word' id='word_1_730' title='bbox 215 4468 322 4517; x_wconf 81' lang='lat' dir='ltr'><strong>sint</strong></span> <span class='ocrx_word' id='word_1_731' title='bbox 345 4439 498 4516; x_wconf 79' lang='lat' dir='ltr'><strong>inter</strong></span> <span class='ocrx_word' id='word_1_732' title='bbox 515 4479 624 4516; x_wconf 81' lang='lat' dir='ltr'><strong>ros.</strong></span> <span class='ocrx_word' id='word_1_733' title='bbox 649 4439 856 4532; x_wconf 82' lang='lat' dir='ltr'><strong>(Greg.</strong></span> <span class='ocrx_word' id='word_1_734' title='bbox 870 4459 1006 4513; x_wconf 88' lang='lat' dir='ltr'><strong>Ecce</strong></span> <span class='ocrx_word' id='word_1_735' title='bbox 1037 4474 1176 4528; x_wconf 90' lang='lat' dir='ltr'><strong>quos</strong></span> <span class='ocrx_word' id='word_1_736' title='bbox 1203 4458 1261 4511; x_wconf 91' lang='lat' dir='ltr'><strong>in</strong></span> <span class='ocrx_word' id='word_1_737' title='bbox 1289 4457 1443 4511; x_wconf 83' lang='lat' dir='ltr'><strong>omni</strong></span> <span class='ocrx_word' id='word_1_738' title='bbox 1471 4455 1638 4510; x_wconf 86' lang='lat' dir='ltr'><strong>verbo</strong></span> <span class='ocrx_word' id='word_1_739' title='bbox 1665 4462 1722 4510; x_wconf 90' lang='lat' dir='ltr'><strong>et</strong></span> <span class='ocrx_word' id='word_1_740' title='bbox 1749 4456 1806 4510; x_wconf 92' lang='lat' dir='ltr'><strong>in</strong></span> <span class='ocrx_word' id='word_1_741' title='bbox 1823 4439 1869 4497; x_wconf 84' lang='lat' dir='ltr'><strong>D</strong></span> <span class='ocrx_word' id='word_1_742' title='bbox 1887 4453 2028 4507; x_wconf 84' lang='lat' dir='ltr'><strong>dixit</strong></span> <span class='ocrx_word' id='word_1_743' title='bbox 2055 4452 2362 4516; x_wconf 89' lang='lat' dir='ltr'><strong>Christum,</strong></span> <span class='ocrx_word' id='word_1_744' title='bbox 2383 4451 2517 4521; x_wconf 90' lang='lat' dir='ltr'><strong>quia</strong></span> <span class='ocrx_word' id='word_1_745' title='bbox 2540 4451 2778 4520; x_wconf 85' lang='lat' dir='ltr'><strong>gloriam</strong></span> <span class='ocrx_word' id='word_1_746' title='bbox 2807 4453 2929 4520; x_wconf 89' lang='lat' dir='ltr'><strong>ejus</strong></span> <span class='ocrx_word' id='word_1_747' title='bbox 2956 4451 3210 4505; x_wconf 88' lang='lat' dir='ltr'><strong>homines</strong></span> <span class='ocrx_word' id='word_1_748' title='bbox 3225 4452 3330 4506; x_wconf 89' lang='lat' dir='ltr'><strong>sibi</strong></span> <span class='ocrx_word' id='word_1_749' title='bbox 3352 4470 3478 4523; x_wconf 88' lang='lat' dir='ltr'><strong>par-</strong></span> 
     </span>
    </p>
   </div>
   <div class='ocr_carea' id='block_1_90' title="bbox 216 4545 1808 4618">
    <p class='ocr_par' dir='ltr' id='par_1_90' title="bbox 216 4545 1808 4618">
     <span class='ocr_line' id='line_1_90' title="bbox 216 4545 1808 4618; baseline -0.004 -12"><span class='ocrx_word' id='word_1_750' title='bbox 216 4551 364 4606; x_wconf 86' lang='lat' dir='ltr'><strong>omni</strong></span> <span class='ocrx_word' id='word_1_751' title='bbox 383 4551 626 4606; x_wconf 86' lang='lat' dir='ltr'><strong>scientia</strong></span> <span class='ocrx_word' id='word_1_752' title='bbox 645 4549 987 4612; x_wconf 80' lang='lat' dir='ltr'><strong>laudaverat,</strong></span> <span class='ocrx_word' id='word_1_753' title='bbox 1007 4546 1208 4618; x_wconf 88' lang='lat' dir='ltr'><strong>quibus</strong></span> <span class='ocrx_word' id='word_1_754' title='bbox 1228 4545 1369 4600; x_wconf 91' lang='lat' dir='ltr'><strong>nihil</strong></span> <span class='ocrx_word' id='word_1_755' title='bbox 1389 4547 1581 4599; x_wconf 88' lang='lat' dir='ltr'><strong>deesse</strong></span> <span class='ocrx_word' id='word_1_756' title='bbox 1601 4545 1660 4598; x_wconf 93' lang='lat' dir='ltr'><strong>in</strong></span> <span class='ocrx_word' id='word_1_757' title='bbox 1692 4545 1808 4600; x_wconf 86' lang='lat' dir='ltr'><strong>ulla</strong></span> 
     </span>
    </p>
   </div>
   <div class='ocr_carea' id='block_1_91' title="bbox 212 4634 1805 4710">
    <p class='ocr_par' dir='ltr' id='par_1_91' title="bbox 212 4634 1805 4710">
     <span class='ocr_line' id='line_1_91' title="bbox 212 4634 1805 4710; baseline -0.003 -15"><span class='ocrx_word' id='word_1_758' title='bbox 212 4642 390 4710; x_wconf 80' lang='lat' dir='ltr'><strong>gratia</strong></span> <span class='ocrx_word' id='word_1_759' title='bbox 415 4641 660 4704; x_wconf 84' lang='lat' dir='ltr'><strong>dixerat,</strong></span> <span class='ocrx_word' id='word_1_760' title='bbox 695 4637 978 4709; x_wconf 90' lang='lat' dir='ltr'><strong>paulisper</strong></span> <span class='ocrx_word' id='word_1_761' title='bbox 1013 4637 1264 4707; x_wconf 91' lang='lat' dir='ltr'><strong>loquens,</strong></span> <span class='ocrx_word' id='word_1_762' title='bbox 1297 4635 1367 4688; x_wconf 88' lang='lat' dir='ltr'><strong>ad</strong></span> <span class='ocrx_word' id='word_1_763' title='bbox 1405 4634 1805 4704; x_wconf 85' lang='lat' dir='ltr'><strong>increpandum</strong></span> 
     </span>
    </p>
   </div>
   <div class='ocr_carea' id='block_1_92' title="bbox 213 4723 1806 4796">
    <p class='ocr_par' dir='ltr' id='par_1_92' title="bbox 213 4723 1806 4796">
     <span class='ocr_line' id='line_1_92' title="bbox 213 4723 1806 4796; baseline -0.005 -12"><span class='ocrx_word' id='word_1_764' title='bbox 213 4732 410 4784; x_wconf 85' lang='lat' dir='ltr'><strong>leniter</strong></span> <span class='ocrx_word' id='word_1_765' title='bbox 436 4729 689 4792; x_wconf 86' lang='lat' dir='ltr'><strong>veniens,</strong></span> <span class='ocrx_word' id='word_1_766' title='bbox 721 4726 926 4781; x_wconf 88' lang='lat' dir='ltr'><strong>divisos</strong></span> <span class='ocrx_word' id='word_1_767' title='bbox 951 4741 1086 4796; x_wconf 82' lang='lat' dir='ltr'><strong>erga</strong></span> <span class='ocrx_word' id='word_1_768' title='bbox 1111 4725 1324 4795; x_wconf 86' lang='lat' dir='ltr'><strong>seipsos</strong></span> <span class='ocrx_word' id='word_1_769' title='bbox 1352 4723 1729 4794; x_wconf 80' lang='lat' dir='ltr'><strong>reprehendit,</strong></span> <span class='ocrx_word' id='word_1_770' title='bbox 1750 4729 1806 4777; x_wconf 91' lang='lat' dir='ltr'><strong>et</strong></span> 
     </span>
    </p>
   </div>
   <div class='ocr_carea' id='block_1_93' title="bbox 212 4813 1806 4890">
    <p class='ocr_par' dir='ltr' id='par_1_93' title="bbox 212 4813 1806 4890">
     <span class='ocr_line' id='line_1_93' title="bbox 212 4813 1806 4890; baseline -0.003 -17"><span class='ocrx_word' id='word_1_771' title='bbox 212 4835 448 4890; x_wconf 80' lang='lat' dir='ltr'><strong>quorum</strong></span> <span class='ocrx_word' id='word_1_772' title='bbox 480 4817 639 4888; x_wconf 87' lang='lat' dir='ltr'><strong>prius</strong></span> <span class='ocrx_word' id='word_1_773' title='bbox 667 4817 907 4870; x_wconf 80' lang='lat' dir='ltr'><strong>salutem</strong></span> <span class='ocrx_word' id='word_1_774' title='bbox 936 4820 1281 4876; x_wconf 82' lang='lat' dir='ltr'><strong>narraverat,</strong></span> <span class='ocrx_word' id='word_1_775' title='bbox 1304 4813 1662 4884; x_wconf 88' lang='lat' dir='ltr'><strong>postmodum</strong></span> <span class='ocrx_word' id='word_1_776' title='bbox 1691 4813 1806 4868; x_wconf 86' lang='lat' dir='ltr'><strong>vul-</strong></span> 
     </span>
    </p>
   </div>
   <div class='ocr_carea' id='block_1_94' title="bbox 213 4902 1806 4978">
    <p class='ocr_par' dir='ltr' id='par_1_94' title="bbox 213 4902 1806 4978">
     <span class='ocr_line' id='line_1_94' title="bbox 213 4902 1806 4978; baseline -0.003 -16"><span class='ocrx_word' id='word_1_777' title='bbox 213 4925 344 4962; x_wconf 76' lang='lat' dir='ltr'><strong>nera</strong></span> <span class='ocrx_word' id='word_1_778' title='bbox 372 4906 656 4978; x_wconf 80' lang='lat' dir='ltr'><strong>patefacit.</strong></span> <span class='ocrx_word' id='word_1_779' title='bbox 687 4905 908 4959; x_wconf 80' lang='lat' dir='ltr'><strong>Peritus</strong></span> <span class='ocrx_word' id='word_1_780' title='bbox 936 4903 1084 4958; x_wconf 87' lang='lat' dir='ltr'><strong>enim</strong></span> <span class='ocrx_word' id='word_1_781' title='bbox 1114 4902 1362 4958; x_wconf 81' lang='lat' dir='ltr'><strong>medicus</strong></span> <span class='ocrx_word' id='word_1_782' title='bbox 1389 4903 1590 4956; x_wconf 89' lang='lat' dir='ltr'><strong>vulnus</strong></span> <span class='ocrx_word' id='word_1_783' title='bbox 1619 4917 1806 4958; x_wconf 87' lang='lat' dir='ltr'><strong>secan-</strong></span> 
     </span>
    </p>
   </div>
   <div class='ocr_carea' id='block_1_95' title="bbox 214 4989 1800 5064">
    <p class='ocr_par' dir='ltr' id='par_1_95' title="bbox 214 4989 1800 5064">
     <span class='ocr_line' id='line_1_95' title="bbox 214 4989 1800 5064; baseline -0.003 -15"><span class='ocrx_word' id='word_1_784' title='bbox 214 4999 342 5051; x_wconf 87' lang='lat' dir='ltr'><strong>dum</strong></span> <span class='ocrx_word' id='word_1_785' title='bbox 373 4996 590 5059; x_wconf 89' lang='lat' dir='ltr'><strong>videns,</strong></span> <span class='ocrx_word' id='word_1_786' title='bbox 623 4993 719 5048; x_wconf 85' lang='lat' dir='ltr'><strong>sed</strong></span> <span class='ocrx_word' id='word_1_787' title='bbox 748 5009 959 5064; x_wconf 62' lang='lat' dir='ltr'><strong>agrum</strong></span> <span class='ocrx_word' id='word_1_788' title='bbox 989 4991 1251 5048; x_wconf 88' lang='lat' dir='ltr'><strong>timidum</strong></span> <span class='ocrx_word' id='word_1_789' title='bbox 1281 5008 1402 5045; x_wconf 88' lang='lat' dir='ltr'><strong>esse</strong></span> <span class='ocrx_word' id='word_1_790' title='bbox 1436 4989 1800 5062; x_wconf 88' lang='lat' dir='ltr'><strong>conspiciens,</strong></span> 
     </span>
    </p>
   </div>
   <div class='ocr_carea' id='block_1_96' title="bbox 213 5079 1803 5157">
    <p class='ocr_par' dir='ltr' id='par_1_96' title="bbox 213 5079 1803 5157">
     <span class='ocr_line' id='line_1_96' title="bbox 213 5079 1803 5157; baseline -0.004 -17"><span class='ocrx_word' id='word_1_791' title='bbox 213 5086 301 5140; x_wconf 84' lang='lat' dir='ltr'><strong>diu</strong></span> <span class='ocrx_word' id='word_1_792' title='bbox 331 5084 600 5157; x_wconf 80' lang='lat' dir='ltr'><strong>palpavit,</strong></span> <span class='ocrx_word' id='word_1_793' title='bbox 635 5090 694 5138; x_wconf 89' lang='lat' dir='ltr'><strong>et</strong></span> <span class='ocrx_word' id='word_1_794' title='bbox 719 5082 903 5137; x_wconf 90' lang='lat' dir='ltr'><strong>subito</strong></span> <span class='ocrx_word' id='word_1_795' title='bbox 935 5081 1225 5153; x_wconf 87' lang='lat' dir='ltr'><strong>percussit.</strong></span> <span class='ocrx_word' id='word_1_796' title='bbox 1258 5079 1420 5134; x_wconf 88' lang='lat' dir='ltr'><strong>Prius</strong></span> <span class='ocrx_word' id='word_1_797' title='bbox 1457 5079 1606 5133; x_wconf 90' lang='lat' dir='ltr'><strong>enim</strong></span> <span class='ocrx_word' id='word_1_798' title='bbox 1647 5079 1803 5134; x_wconf 86' lang='lat' dir='ltr'><strong>blan-</strong></span> 
     </span>
    </p>
   </div>
   <div class='ocr_carea' id='block_1_97' title="bbox 213 5167 1806 5241">
    <p class='ocr_par' dir='ltr' id='par_1_97' title="bbox 213 5167 1806 5241">
     <span class='ocr_line' id='line_1_97' title="bbox 213 5167 1806 5241; baseline -0.005 -13"><span class='ocrx_word' id='word_1_799' title='bbox 213 5177 338 5228; x_wconf 80' lang='lat' dir='ltr'><strong>dam</strong></span> <span class='ocrx_word' id='word_1_800' title='bbox 367 5191 606 5228; x_wconf 85' lang='lat' dir='ltr'><strong>manum</strong></span> <span class='ocrx_word' id='word_1_801' title='bbox 641 5171 824 5227; x_wconf 80' lang='lat' dir='ltr'><strong>laudis</strong></span> <span class='ocrx_word' id='word_1_802' title='bbox 862 5170 1066 5241; x_wconf 86' lang='lat' dir='ltr'><strong>posuit,</strong></span> <span class='ocrx_word' id='word_1_803' title='bbox 1105 5168 1462 5240; x_wconf 89' lang='lat' dir='ltr'><strong>postmodum</strong></span> <span class='ocrx_word' id='word_1_804' title='bbox 1493 5167 1700 5221; x_wconf 89' lang='lat' dir='ltr'><strong>ferrum</strong></span> <span class='ocrx_word' id='word_1_805' title='bbox 1725 5167 1806 5220; x_wconf 90' lang='lat' dir='ltr'><strong>in-</strong></span> 
     </span>
    </p>
   </div>
   <div class='ocr_carea' id='block_1_98' title="bbox 215 5255 1804 5334">
    <p class='ocr_par' dir='ltr' id='par_1_98' title="bbox 215 5255 1804 5334">
     <span class='ocr_line' id='line_1_98' title="bbox 215 5255 1804 5334; baseline -0.006 -17"><span class='ocrx_word' id='word_1_806' title='bbox 215 5263 548 5334; x_wconf 68' lang='lat' dir='ltr'><strong>mpationis</strong></span> <span class='ocrx_word' id='word_1_807' title='bbox 577 5262 716 5316; x_wconf 75' lang='lat' dir='ltr'><strong>fixit.</strong></span> <span class='ocrx_word' id='word_1_808' title='bbox 747 5259 867 5314; x_wconf 82' lang='lat' dir='ltr'><strong>Nisi</strong></span> <span class='ocrx_word' id='word_1_809' title='bbox 898 5259 1049 5314; x_wconf 87' lang='lat' dir='ltr'><strong>enim</strong></span> <span class='ocrx_word' id='word_1_810' title='bbox 1087 5257 1409 5312; x_wconf 70' lang='lat' dir='ltr'><strong>verecunda:</strong></span> <span class='ocrx_word' id='word_1_811' title='bbox 1443 5263 1658 5309; x_wconf 88' lang='lat' dir='ltr'><strong>mentes</strong></span> <span class='ocrx_word' id='word_1_812' title='bbox 1685 5255 1804 5308; x_wconf 87' lang='lat' dir='ltr'><strong>fue-</strong></span> 
     </span>
    </p>
   </div>
   <div class='ocr_carea' id='block_1_99' title="bbox 219 5344 1806 5424">
    <p class='ocr_par' dir='ltr' id='par_1_99' title="bbox 219 5344 1806 5424">
     <span class='ocr_line' id='line_1_99' title="bbox 219 5344 1806 5424; baseline -0.006 -17"><span class='ocrx_word' id='word_1_813' title='bbox 219 5356 322 5407; x_wconf 76' lang='lat' dir='ltr'><strong>rint</strong></span> <span class='ocrx_word' id='word_1_814' title='bbox 347 5352 636 5424; x_wconf 78' lang='lat' dir='ltr'><strong>pelpando</strong></span> <span class='ocrx_word' id='word_1_815' title='bbox 667 5349 1036 5420; x_wconf 62' lang='lat' dir='ltr'><strong>reprehensas,</strong></span> <span class='ocrx_word' id='word_1_816' title='bbox 1069 5347 1148 5402; x_wconf 86' lang='lat' dir='ltr'><strong>ita</strong></span> <span class='ocrx_word' id='word_1_817' title='bbox 1177 5352 1240 5402; x_wconf 88' lang='lat' dir='ltr'><strong>ut</strong></span> <span class='ocrx_word' id='word_1_818' title='bbox 1268 5363 1333 5400; x_wconf 81' lang='lat' dir='ltr'><strong>ex</strong></span> <span class='ocrx_word' id='word_1_819' title='bbox 1362 5344 1487 5400; x_wconf 87' lang='lat' dir='ltr'><strong>aliis</strong></span> <span class='ocrx_word' id='word_1_820' title='bbox 1511 5344 1677 5398; x_wconf 86' lang='lat' dir='ltr'><strong>rebus</strong></span> <span class='ocrx_word' id='word_1_821' title='bbox 1706 5361 1806 5398; x_wconf 87' lang='lat' dir='ltr'><strong>au-</strong></span> 
     </span>
    </p>
   </div>
   <div class='ocr_carea' id='block_1_100' title="bbox 215 5433 1807 5513">
    <p class='ocr_par' dir='ltr' id='par_1_100' title="bbox 215 5433 1807 5513">
     <span class='ocr_line' id='line_1_100' title="bbox 215 5433 1807 5513; baseline -0.008 -16"><span class='ocrx_word' id='word_1_822' title='bbox 215 5443 382 5506; x_wconf 74' lang='lat' dir='ltr'><strong>diant,</strong></span> <span class='ocrx_word' id='word_1_823' title='bbox 413 5441 568 5513; x_wconf 85' lang='lat' dir='ltr'><strong>quod</strong></span> <span class='ocrx_word' id='word_1_824' title='bbox 600 5440 659 5495; x_wconf 90' lang='lat' dir='ltr'><strong>in</strong></span> <span class='ocrx_word' id='word_1_825' title='bbox 688 5437 1130 5494; x_wconf 82' lang='lat' dir='ltr'><strong>consolationem</strong></span> <span class='ocrx_word' id='word_1_826' title='bbox 1157 5441 1403 5500; x_wconf 86' lang='lat' dir='ltr'><strong>sumant,</strong></span> <span class='ocrx_word' id='word_1_827' title='bbox 1423 5451 1524 5504; x_wconf 88' lang='lat' dir='ltr'><strong>per</strong></span> <span class='ocrx_word' id='word_1_828' title='bbox 1553 5433 1807 5504; x_wconf 82' lang='lat' dir='ltr'><strong>increpa-</strong></span> 
     </span>
    </p>
   </div>
   <div class='ocr_carea' id='block_1_101' title="bbox 217 5523 1806 5602">
    <p class='ocr_par' dir='ltr' id='par_1_101' title="bbox 217 5523 1806 5602">
     <span class='ocr_line' id='line_1_101' title="bbox 217 5523 1806 5602; baseline -0.008 -15"><span class='ocrx_word' id='word_1_829' title='bbox 217 5534 416 5587; x_wconf 79' lang='lat' dir='ltr'><strong>tionem</strong></span> <span class='ocrx_word' id='word_1_830' title='bbox 480 5529 743 5602; x_wconf 73' lang='lat' dir='ltr'><strong>protinus</strong></span> <span class='ocrx_word' id='word_1_831' title='bbox 796 5528 868 5582; x_wconf 82' lang='lat' dir='ltr'><strong>ad</strong></span> <span class='ocrx_word' id='word_1_832' title='bbox 922 5525 1370 5597; x_wconf 85' lang='lat' dir='ltr'><strong>desperationem</strong></span> <span class='ocrx_word' id='word_1_833' title='bbox 1425 5523 1651 5577; x_wconf 88' lang='lat' dir='ltr'><strong>cadunt.</strong></span> <span class='ocrx_word' id='word_1_834' title='bbox 1702 5523 1806 5576; x_wconf 87' lang='lat' dir='ltr'><strong>Sed</strong></span> 
     </span>
    </p>
   </div>
   <div class='ocr_carea' id='block_1_102' title="bbox 215 5611 1810 5695">
    <p class='ocr_par' dir='ltr' id='par_1_102' title="bbox 215 5611 1810 5695">
     <span class='ocr_line' id='line_1_102' title="bbox 215 5611 1810 5695; baseline -0.008 -19"><span class='ocrx_word' id='word_1_835' title='bbox 215 5622 462 5695; x_wconf 71' lang='lat' dir='ltr'><strong>nunquid</strong></span> <span class='ocrx_word' id='word_1_836' title='bbox 479 5619 758 5676; x_wconf 82' lang='lat' dir='ltr'><strong>mentitus</strong></span> <span class='ocrx_word' id='word_1_837' title='bbox 777 5623 868 5672; x_wconf 81' lang='lat' dir='ltr'><strong>est</strong></span> <span class='ocrx_word' id='word_1_838' title='bbox 884 5616 1110 5680; x_wconf 82' lang='lat' dir='ltr'><strong>Paulus,</strong></span> <span class='ocrx_word' id='word_1_839' title='bbox 1129 5621 1196 5672; x_wconf 85' lang='lat' dir='ltr'><strong>ut</strong></span> <span class='ocrx_word' id='word_1_840' title='bbox 1219 5613 1375 5685; x_wconf 89' lang='lat' dir='ltr'><strong>prius</strong></span> <span class='ocrx_word' id='word_1_841' title='bbox 1403 5612 1484 5666; x_wconf 89' lang='lat' dir='ltr'><strong>eis</strong></span> <span class='ocrx_word' id='word_1_842' title='bbox 1512 5611 1592 5668; x_wconf 90' lang='lat' dir='ltr'><strong>nil</strong></span> <span class='ocrx_word' id='word_1_843' title='bbox 1619 5611 1810 5666; x_wconf 84' lang='lat' dir='ltr'><strong>deesse</strong></span> 
     </span>
    </p>
   </div>
   <div class='ocr_carea' id='block_1_103' title="bbox 1886 4538 3478 4610">
    <p class='ocr_par' dir='ltr' id='par_1_103' title="bbox 1886 4538 3478 4610">
     <span class='ocr_line' id='line_1_103' title="bbox 1886 4538 3478 4610; baseline 0 -14"><span class='ocrx_word' id='word_1_844' title='bbox 1886 4542 1976 4596; x_wconf 89' lang='lat' dir='ltr'><strong>titi</strong></span> <span class='ocrx_word' id='word_1_845' title='bbox 2005 4548 2166 4608; x_wconf 88' lang='lat' dir='ltr'><strong>sunt;</strong></span> <span class='ocrx_word' id='word_1_846' title='bbox 2199 4541 2344 4596; x_wconf 88' lang='lat' dir='ltr'><strong>sicut</strong></span> <span class='ocrx_word' id='word_1_847' title='bbox 2370 4539 2613 4595; x_wconf 62' lang='lat' dir='ltr'><strong>haeretici</strong></span> <span class='ocrx_word' id='word_1_848' title='bbox 2643 4540 2738 4610; x_wconf 89' lang='lat' dir='ltr'><strong>qui</strong></span> <span class='ocrx_word' id='word_1_849' title='bbox 2766 4556 2826 4592; x_wconf 90' lang='lat' dir='ltr'><strong>se</strong></span> <span class='ocrx_word' id='word_1_850' title='bbox 2851 4544 2950 4592; x_wconf 87' lang='lat' dir='ltr'><strong>aut</strong></span> <span class='ocrx_word' id='word_1_851' title='bbox 2979 4538 3360 4606; x_wconf 87' lang='lat' dir='ltr'><strong>Photinianos,</strong></span> <span class='ocrx_word' id='word_1_852' title='bbox 3377 4550 3478 4596; x_wconf 88' lang='lat' dir='ltr'><strong>aut</strong></span> 
     </span>
    </p>
   </div>
   <div class='ocr_carea' id='block_1_104' title="bbox 1886 4625 3480 4700">
    <p class='ocr_par' dir='ltr' id='par_1_104' title="bbox 1886 4625 3480 4700">
     <span class='ocr_line' id='line_1_104' title="bbox 1886 4625 3480 4700; baseline 0 -15"><span class='ocrx_word' id='word_1_853' title='bbox 1886 4631 2142 4696; x_wconf 86' lang='lat' dir='ltr'><strong>Arianos,</strong></span> <span class='ocrx_word' id='word_1_854' title='bbox 2173 4637 2274 4686; x_wconf 85' lang='lat' dir='ltr'><strong>aut</strong></span> <span class='ocrx_word' id='word_1_855' title='bbox 2299 4630 2702 4700; x_wconf 86' lang='lat' dir='ltr'><strong>Cataphrygas,</strong></span> <span class='ocrx_word' id='word_1_856' title='bbox 2735 4632 2834 4680; x_wconf 89' lang='lat' dir='ltr'><strong>aut</strong></span> <span class='ocrx_word' id='word_1_857' title='bbox 2861 4625 3222 4692; x_wconf 77' lang='lat' dir='ltr'><strong>Novatianos,</strong></span> <span class='ocrx_word' id='word_1_858' title='bbox 3249 4635 3348 4684; x_wconf 90' lang='lat' dir='ltr'><strong>aut</strong></span> <span class='ocrx_word' id='word_1_859' title='bbox 3372 4631 3480 4685; x_wconf 86' lang='lat' dir='ltr'><strong>Do-</strong></span> 
     </span>
    </p>
   </div>
   <div class='ocr_carea' id='block_1_105' title="bbox 1887 4715 3479 4785">
    <p class='ocr_par' dir='ltr' id='par_1_105' title="bbox 1887 4715 3479 4785">
     <span class='ocr_line' id='line_1_105' title="bbox 1887 4715 3479 4785; baseline 0.001 -11"><span class='ocrx_word' id='word_1_860' title='bbox 1887 4721 2163 4785; x_wconf 86' lang='lat' dir='ltr'><strong>natianos,</strong></span> <span class='ocrx_word' id='word_1_861' title='bbox 2198 4724 2298 4775; x_wconf 86' lang='lat' dir='ltr'><strong>aut</strong></span> <span class='ocrx_word' id='word_1_862' title='bbox 2325 4717 2655 4773; x_wconf 68' lang='lat' dir='ltr'><strong>Manichasos</strong></span> <span class='ocrx_word' id='word_1_863' title='bbox 2681 4715 2864 4770; x_wconf 84' lang='lat' dir='ltr'><strong>vocari</strong></span> <span class='ocrx_word' id='word_1_864' title='bbox 2891 4732 3004 4770; x_wconf 91' lang='lat' dir='ltr'><strong>non</strong></span> <span class='ocrx_word' id='word_1_865' title='bbox 3036 4716 3284 4772; x_wconf 86' lang='lat' dir='ltr'><strong>horrent.</strong></span> <span class='ocrx_word' id='word_1_866' title='bbox 3307 4719 3394 4774; x_wconf 87' lang='lat' dir='ltr'><strong>Ita</strong></span> <span class='ocrx_word' id='word_1_867' title='bbox 3422 4729 3479 4776; x_wconf 86' lang='lat' dir='ltr'><strong>et</strong></span> 
     </span>
    </p>
   </div>
   <div class='ocr_carea' id='block_1_106' title="bbox 1889 4804 3488 4864">
    <p class='ocr_par' dir='ltr' id='par_1_106' title="bbox 1889 4804 3488 4864">
     <span class='ocr_line' id='line_1_106' title="bbox 1889 4804 3488 4864; baseline 0 0"><span class='ocrx_word' id='word_1_868' title='bbox 1889 4809 2162 4864; x_wconf 88' lang='lat' dir='ltr'><strong>Corinthii</strong></span> <span class='ocrx_word' id='word_1_869' title='bbox 2191 4807 2538 4861; x_wconf 88' lang='lat' dir='ltr'><strong>diversorum</strong></span> <span class='ocrx_word' id='word_1_870' title='bbox 2576 4804 2963 4859; x_wconf 68' lang='lat' dir='ltr'><strong>haereticorum</strong></span> <span class='ocrx_word' id='word_1_871' title='bbox 3002 4805 3324 4862; x_wconf 89' lang='lat' dir='ltr'><strong>nominibus</strong></span> <span class='ocrx_word' id='word_1_872' title='bbox 3353 4809 3488 4864; x_wconf 66' lang='lat' dir='ltr'><strong>sub-</strong></span> 
     </span>
    </p>
   </div>
   <div class='ocr_carea' id='block_1_107' title="bbox 1883 4893 3478 4968">
    <p class='ocr_par' dir='ltr' id='par_1_107' title="bbox 1883 4893 3478 4968">
     <span class='ocr_line' id='line_1_107' title="bbox 1883 4893 3478 4968; baseline 0.001 -15"><span class='ocrx_word' id='word_1_873' title='bbox 1883 4899 1979 4968; x_wconf 87' lang='lat' dir='ltr'><strong>jici</strong></span> <span class='ocrx_word' id='word_1_874' title='bbox 2016 4902 2316 4968; x_wconf 68' lang='lat' dir='ltr'><strong>coeperant,</strong></span> <span class='ocrx_word' id='word_1_875' title='bbox 2349 4901 2414 4948; x_wconf 90' lang='lat' dir='ltr'><strong>ut</strong></span> <span class='ocrx_word' id='word_1_876' title='bbox 2455 4893 2775 4949; x_wconf 88' lang='lat' dir='ltr'><strong>viderentur</strong></span> <span class='ocrx_word' id='word_1_877' title='bbox 2812 4895 2933 4949; x_wconf 91' lang='lat' dir='ltr'><strong>loco</strong></span> <span class='ocrx_word' id='word_1_878' title='bbox 2973 4893 3180 4950; x_wconf 86' lang='lat' dir='ltr'><strong>Christi</strong></span> <span class='ocrx_word' id='word_1_879' title='bbox 3221 4896 3478 4954; x_wconf 85' lang='lat' dir='ltr'><strong>homines</strong></span> 
     </span>
    </p>
   </div>
   <div class='ocr_carea' id='block_1_108' title="bbox 1889 4983 3478 5056">
    <p class='ocr_par' dir='ltr' id='par_1_108' title="bbox 1889 4983 3478 5056">
     <span class='ocr_line' id='line_1_108' title="bbox 1889 4983 3478 5056; baseline 0 -14"><span class='ocrx_word' id='word_1_880' title='bbox 1889 4986 2158 5053; x_wconf 87' lang='lat' dir='ltr'><strong>venerari,</strong></span> <span class='ocrx_word' id='word_1_881' title='bbox 2193 4985 2287 5056; x_wconf 90' lang='lat' dir='ltr'><strong>qui</strong></span> <span class='ocrx_word' id='word_1_882' title='bbox 2316 4984 2452 5038; x_wconf 90' lang='lat' dir='ltr'><strong>dum</strong></span> <span class='ocrx_word' id='word_1_883' title='bbox 2479 4983 2699 5038; x_wconf 87' lang='lat' dir='ltr'><strong>diversa</strong></span> <span class='ocrx_word' id='word_1_884' title='bbox 2727 4984 2795 5038; x_wconf 92' lang='lat' dir='ltr'><strong>de</strong></span> <span class='ocrx_word' id='word_1_885' title='bbox 2827 4983 3047 5040; x_wconf 88' lang='lat' dir='ltr'><strong>Christo</strong></span> <span class='ocrx_word' id='word_1_886' title='bbox 3072 4985 3368 5056; x_wconf 86' lang='lat' dir='ltr'><strong>accipiunt,</strong></span> <span class='ocrx_word' id='word_1_887' title='bbox 3400 4988 3478 5043; x_wconf 87' lang='lat' dir='ltr'><strong>di-</strong></span> 
     </span>
    </p>
   </div>
   <div class='ocr_carea' id='block_1_109' title="bbox 1889 5073 3479 5132">
    <p class='ocr_par' dir='ltr' id='par_1_109' title="bbox 1889 5073 3479 5132">
     <span class='ocr_line' id='line_1_109' title="bbox 1889 5073 3479 5132; baseline 0.001 -2"><span class='ocrx_word' id='word_1_888' title='bbox 1889 5077 2083 5132; x_wconf 87' lang='lat' dir='ltr'><strong>vidunt</strong></span> <span class='ocrx_word' id='word_1_889' title='bbox 2111 5074 2414 5130; x_wconf 90' lang='lat' dir='ltr'><strong>Christum.</strong></span> <span class='ocrx_word' id='word_1_890' title='bbox 2454 5073 2611 5128; x_wconf 87' lang='lat' dir='ltr'><strong>Unus</strong></span> <span class='ocrx_word' id='word_1_891' title='bbox 2637 5073 2787 5127; x_wconf 91' lang='lat' dir='ltr'><strong>enim</strong></span> <span class='ocrx_word' id='word_1_892' title='bbox 2821 5073 3106 5128; x_wconf 88' lang='lat' dir='ltr'><strong>hominem</strong></span> <span class='ocrx_word' id='word_1_893' title='bbox 3144 5079 3366 5130; x_wconf 84' lang='lat' dir='ltr'><strong>tantum</strong></span> <span class='ocrx_word' id='word_1_894' title='bbox 3393 5093 3479 5132; x_wconf 88' lang='lat' dir='ltr'><strong>ac-</strong></span> 
     </span>
    </p>
   </div>
   <div class='ocr_carea' id='block_1_110' title="bbox 1888 5161 3478 5237">
    <p class='ocr_par' dir='ltr' id='par_1_110' title="bbox 1888 5161 3478 5237">
     <span class='ocr_line' id='line_1_110' title="bbox 1888 5161 3478 5237; baseline -0.001 -17"><span class='ocrx_word' id='word_1_895' title='bbox 1888 5166 2022 5237; x_wconf 89' lang='lat' dir='ltr'><strong>cipit</strong></span> <span class='ocrx_word' id='word_1_896' title='bbox 2049 5164 2367 5228; x_wconf 85' lang='lat' dir='ltr'><strong>Christum;</strong></span> <span class='ocrx_word' id='word_1_897' title='bbox 2401 5163 2544 5216; x_wconf 88' lang='lat' dir='ltr'><strong>alter</strong></span> <span class='ocrx_word' id='word_1_898' title='bbox 2569 5163 2745 5216; x_wconf 89' lang='lat' dir='ltr'><strong>Deum</strong></span> <span class='ocrx_word' id='word_1_899' title='bbox 2776 5177 2980 5232; x_wconf 91' lang='lat' dir='ltr'><strong>purum</strong></span> <span class='ocrx_word' id='word_1_900' title='bbox 3002 5161 3120 5214; x_wconf 89' lang='lat' dir='ltr'><strong>sine</strong></span> <span class='ocrx_word' id='word_1_901' title='bbox 3144 5179 3373 5232; x_wconf 91' lang='lat' dir='ltr'><strong>corpore</strong></span> <span class='ocrx_word' id='word_1_902' title='bbox 3403 5165 3478 5220; x_wconf 85' lang='lat' dir='ltr'><strong>fa-</strong></span> 
     </span>
    </p>
   </div>
   <div class='ocr_carea' id='block_1_111' title="bbox 1851 5249 3469 5322">
    <p class='ocr_par' dir='ltr' id='par_1_111' title="bbox 1851 5249 3469 5322">
     <span class='ocr_line' id='line_1_111' title="bbox 1851 5249 3469 5322; baseline 0 -14"><span class='ocrx_word' id='word_1_903' title='bbox 1851 5255 1862 5266; x_wconf 83' lang='grc'><strong>“</strong></span> <span class='ocrx_word' id='word_1_904' title='bbox 1890 5261 2058 5320; x_wconf 86' lang='lat' dir='ltr'><strong>tetur;</strong></span> <span class='ocrx_word' id='word_1_905' title='bbox 2077 5254 2220 5308; x_wconf 88' lang='lat' dir='ltr'><strong>alius</strong></span> <span class='ocrx_word' id='word_1_906' title='bbox 2235 5251 2370 5306; x_wconf 90' lang='lat' dir='ltr'><strong>dicit</strong></span> <span class='ocrx_word' id='word_1_907' title='bbox 2386 5267 2485 5322; x_wconf 88' lang='lat' dir='ltr'><strong>per</strong></span> <span class='ocrx_word' id='word_1_908' title='bbox 2499 5251 2798 5321; x_wconf 86' lang='lat' dir='ltr'><strong>prophetas</strong></span> <span class='ocrx_word' id='word_1_909' title='bbox 2814 5249 3139 5320; x_wconf 71' lang='lat' dir='ltr'><strong>praedictum</strong></span> <span class='ocrx_word' id='word_1_910' title='bbox 3157 5249 3440 5308; x_wconf 89' lang='lat' dir='ltr'><strong>Christum</strong></span> <span class='ocrx_word' id='word_1_911' title='bbox 3459 5275 3469 5308; x_wconf 91' lang='lat'>:</span> 
     </span>
    </p>
   </div>
   <div class='ocr_carea' id='block_1_112' title="bbox 1891 5339 3477 5413">
    <p class='ocr_par' dir='ltr' id='par_1_112' title="bbox 1891 5339 3477 5413">
     <span class='ocr_line' id='line_1_112' title="bbox 1891 5339 3477 5413; baseline -0.003 -16"><span class='ocrx_word' id='word_1_912' title='bbox 1891 5345 2032 5398; x_wconf 87' lang='lat' dir='ltr'><strong>alter</strong></span> <span class='ocrx_word' id='word_1_913' title='bbox 2058 5348 2226 5412; x_wconf 86' lang='lat' dir='ltr'><strong>negat</strong></span> <span class='ocrx_word' id='word_1_914' title='bbox 2257 5341 2557 5412; x_wconf 83' lang='lat' dir='ltr'><strong>prophetas</strong></span> <span class='ocrx_word' id='word_1_915' title='bbox 2585 5339 2653 5392; x_wconf 87' lang='lat' dir='ltr'><strong>de</strong></span> <span class='ocrx_word' id='word_1_916' title='bbox 2684 5339 2906 5392; x_wconf 87' lang='lat' dir='ltr'><strong>Christo</strong></span> <span class='ocrx_word' id='word_1_917' title='bbox 2928 5339 3158 5392; x_wconf 87' lang='lat' dir='ltr'><strong>locutos.</strong></span> <span class='ocrx_word' id='word_1_918' title='bbox 3179 5341 3319 5396; x_wconf 84' lang='lat' dir='ltr'><strong>Cum</strong></span> <span class='ocrx_word' id='word_1_919' title='bbox 3344 5357 3477 5413; x_wconf 75' lang='lat' dir='ltr'><strong>ergo</strong></span> 
     </span>
    </p>
   </div>
   <div class='ocr_carea' id='block_1_113' title="bbox 1893 5427 3478 5503">
    <p class='ocr_par' dir='ltr' id='par_1_113' title="bbox 1893 5427 3478 5503">
     <span class='ocr_line' id='line_1_113' title="bbox 1893 5427 3478 5503; baseline -0.002 -17"><span class='ocrx_word' id='word_1_920' title='bbox 1893 5432 2147 5486; x_wconf 84' lang='lat' dir='ltr'><strong>Christus</strong></span> <span class='ocrx_word' id='word_1_921' title='bbox 2163 5447 2308 5484; x_wconf 89' lang='lat' dir='ltr'><strong>unus</strong></span> <span class='ocrx_word' id='word_1_922' title='bbox 2321 5429 2394 5483; x_wconf 82' lang='lat' dir='ltr'><strong>sit</strong></span> <span class='ocrx_word' id='word_1_923' title='bbox 2405 5430 2554 5484; x_wconf 87' lang='lat' dir='ltr'><strong>Deus</strong></span> <span class='ocrx_word' id='word_1_924' title='bbox 2573 5434 2629 5480; x_wconf 88' lang='lat' dir='ltr'><strong>et</strong></span> <span class='ocrx_word' id='word_1_925' title='bbox 2649 5429 2834 5492; x_wconf 87' lang='lat' dir='ltr'><strong>homo,</strong></span> <span class='ocrx_word' id='word_1_926' title='bbox 2856 5427 2945 5482; x_wconf 84' lang='lat' dir='ltr'><strong>isti</strong></span> <span class='ocrx_word' id='word_1_927' title='bbox 2964 5427 3068 5480; x_wconf 90' lang='lat' dir='ltr'><strong>sibi</strong></span> <span class='ocrx_word' id='word_1_928' title='bbox 3084 5427 3254 5495; x_wconf 88' lang='lat' dir='ltr'><strong>aliud,</strong></span> <span class='ocrx_word' id='word_1_929' title='bbox 3273 5431 3478 5503; x_wconf 82' lang='lat' dir='ltr'><strong>aliique</strong></span> 
     </span>
    </p>
   </div>
   <div class='ocr_carea' id='block_1_114' title="bbox 1893 5515 3478 5588">
    <p class='ocr_par' dir='ltr' id='par_1_114' title="bbox 1893 5515 3478 5588">
     <span class='ocr_line' id='line_1_114' title="bbox 1893 5515 3478 5588; baseline -0.002 -14"><span class='ocrx_word' id='word_1_930' title='bbox 1893 5520 2044 5574; x_wconf 86' lang='lat' dir='ltr'><strong>aliud</strong></span> <span class='ocrx_word' id='word_1_931' title='bbox 2065 5521 2115 5574; x_wconf 88' lang='lat' dir='ltr'><strong>ei</strong></span> <span class='ocrx_word' id='word_1_932' title='bbox 2139 5520 2498 5582; x_wconf 79' lang='lat' dir='ltr'><strong>vindicantes,</strong></span> <span class='ocrx_word' id='word_1_933' title='bbox 2518 5517 2774 5572; x_wconf 87' lang='lat' dir='ltr'><strong>dividunt</strong></span> <span class='ocrx_word' id='word_1_934' title='bbox 2805 5515 3110 5579; x_wconf 83' lang='lat' dir='ltr'><strong>Christum,</strong></span> <span class='ocrx_word' id='word_1_935' title='bbox 3130 5523 3186 5570; x_wconf 91' lang='lat' dir='ltr'><strong>et</strong></span> <span class='ocrx_word' id='word_1_936' title='bbox 3216 5519 3346 5588; x_wconf 80' lang='lat' dir='ltr'><strong>quia</strong></span> <span class='ocrx_word' id='word_1_937' title='bbox 3376 5523 3478 5578; x_wconf 74' lang='lat' dir='ltr'><strong>sub</strong></span> 
     </span>
    </p>
   </div>
   <div class='ocr_carea' id='block_1_115' title="bbox 1895 5605 3310 5674">
    <p class='ocr_par' dir='ltr' id='par_1_115' title="bbox 1895 5605 3310 5674">
     <span class='ocr_line' id='line_1_115' title="bbox 1895 5605 3310 5674; baseline -0.004 -10"><span class='ocrx_word' id='word_1_938' title='bbox 1895 5609 2118 5664; x_wconf 85' lang='lat' dir='ltr'><strong>nomine</strong></span> <span class='ocrx_word' id='word_1_939' title='bbox 2151 5627 2252 5664; x_wconf 88' lang='lat' dir='ltr'><strong>suo</strong></span> <span class='ocrx_word' id='word_1_940' title='bbox 2281 5605 2540 5661; x_wconf 86' lang='lat' dir='ltr'><strong>ecclesias</strong></span> <span class='ocrx_word' id='word_1_941' title='bbox 2571 5605 2782 5660; x_wconf 85' lang='lat' dir='ltr'><strong>faciunt</strong></span> <span class='ocrx_word' id='word_1_942' title='bbox 2808 5605 3032 5670; x_wconf 84' lang='lat' dir='ltr'><strong>multas,</strong></span> <span class='ocrx_word' id='word_1_943' title='bbox 3067 5605 3269 5674; x_wconf 78' lang='lat' dir='ltr'><strong>adjecit</strong></span> <span class='ocrx_word' id='word_1_944' title='bbox 3301 5627 3310 5659; x_wconf 87' lang='lat'>:</span> 
     </span>
    </p>
   </div>
  </div>
