3974 6188
425 330 492 386 15

910 360 923 375 .
1034 329 1097 382 Β.
1137 325 1410 383 RABANI
1446 322 1678 382 MAURI
1714 321 2034 381 ARCHIEP
2067 321 2393 379 MOGUNT.
2434 318 2735 378 OPERUM
2767 319 2954 376 PARS
2988 319 3090 376 ΙΙΙ.

3626 319 3692 374 16

495 453 770 523 Nunquid
780 454 996 509 Paulus
1010 450 1314 522 cruciﬁxus
1334 456 1412 505 est
1425 466 1530 520 pro
1546 449 1737 505 nobis?
1766 444 1899 504 Ideo
1912 464 1948 502 a
1961 464 2021 502 se
2034 448 2087 510 Α
2101 446 2286 502 latria.
2301 447 2424 502 Non
2451 449 2516 502 in
2544 448 2821 517 sapientia
2837 445 3007 510 verbi,
3034 449 3097 498 ut
3116 458 3228 498 non
3246 449 3539 498 ecacuetur
3556 458 3696 497 om:

428 541 615 616 coepit,
630 557 705 597 ne
718 539 861 597 forte
876 545 1173 614 putaretur
1180 538 1419 594 aliorum
1434 538 1564 594 ideo
1578 537 1824 594 refutare
1837 552 2026 609 perso-

430 648 533 688 nas
541 636 607 687 ut
615 647 778 687 suam
785 629 1222 686 commendaret.
1230 627 1291 684 Si
1300 627 1451 683 enim
1462 627 1718 683 Christus
1727 642 1831 698 pro
1840 624 2020 693 nobis,

430 720 635 794 inquit,
652 724 909 775 mortuus
927 723 1032 784 est,
1049 717 1331 789 quomodo
1341 716 1585 788 gratiam
1600 717 1723 788 ejus
1737 721 1797 769 et
1809 714 2022 769 beneﬁ-

429 809 580 866 cium
601 806 924 864 hominibus
940 805 1288 878 imputamus
1307 806 1380 860 ad
1393 805 1517 877 ejus
1532 804 1799 876 injuriam
1811 803 1836 857 ?
1850 806 1920 859 In
1931 820 2027 858 no-

430 901 583 954 mine
608 898 777 953 Pauli
791 896 1065 964 baptizati
1082 897 1246 950 estis?
1270 895 1330 950 Si
1356 894 1647 949 credentes
1673 893 1796 959 hoc,
1814 892 2018 964 inquit,

432 986 492 1042 in
516 983 801 1040 Christum
818 981 1190 1054 baptizamur,
1206 987 1274 1038 ut
1293 982 1354 1038 in
1370 981 1599 1037 nomine
1619 982 1743 1053 ejus
1756 980 2024 1052 justiﬁce-

429 1089 578 1141 mur,
601 1072 736 1145 quid
764 1077 850 1127 est
876 1076 939 1126 ut
965 1070 1095 1126 ﬁdei
1120 1072 1292 1144 hujus
1311 1071 1568 1126 homines
1587 1069 1749 1125 nobis
1769 1073 2025 1125 auctores

2106 537 2335 592 Christi.
2353 534 2498 600 Quia
2512 533 2831 607 praedicatio
2850 531 3169 588 Christiana
3180 547 3294 586 non
3305 530 3522 602 indiget
3534 545 3691 602 pom-

2104 641 2178 697 pa
2216 629 2275 679 et
2308 624 2464 691 cultu
2500 622 2796 689 sermonis,
2827 622 3066 694 ideoque
3103 619 3408 693 piscatores
3443 618 3697 674 homines

2105 713 2352 785 imperiti
2381 711 2543 767 electi
2571 716 2705 766 sunt
2730 711 2827 783 qui
2855 709 3319 782 evangelizarent,
3347 714 3412 764 ut
3438 708 3699 763 doctrina:

2104 801 2310 857 veritas
2336 801 2459 873 ipsa
2498 817 2558 856 se
2596 800 3020 855 commendaret
3057 803 3200 854 teste
3228 798 3454 863 virtute,
3493 813 3564 852 ne
3604 797 3702 851 ho-

2104 890 2323 945 minum
2350 890 2600 945 versutia
2630 893 2688 943 et
2713 888 2998 944 caliditate
3028 888 3292 943 humanae
3309 886 3595 958 sapientia:
3614 902 3702 940 ac-

2104 978 2404 1051 ceptabiles
2429 979 2772 1045 viderentur,
2803 994 2918 1032 non
2944 977 3198 1044 veritate,
3228 974 3374 1031 sicut
3399 974 3702 1046 disciplina:

2105 1067 2176 1122 ab
2205 1067 2526 1123 hominibus
2542 1067 2800 1132 inventae,
2824 1067 2884 1120 in
2909 1064 3114 1138 quibus
3137 1081 3252 1120 non
3268 1064 3434 1129 ratio,
3454 1079 3567 1118 non
3585 1063 3699 1117 vir-

429 1161 720 1230 faciamus,
768 1160 1132 1216 immemores
1183 1165 1378 1232 emptae
1417 1158 1802 1215 credulitatis?
1844 1159 1901 1229 (Α
1910 1158 2028 1228 ug.)
2104 1163 2217 1223 tus,
2250 1157 2347 1212 sed
2373 1157 2671 1212 verborum
2699 1155 2970 1228 quaeritur
2994 1152 3344 1227 compositio,
3376 1169 3441 1208 ac
3470 1169 3572 1224 per
3594 1153 3701 1207 hoc

430 1251 578 1306 Nam
603 1247 981 1305 dividentibus
1008 1247 1117 1303 sibi
1143 1248 1445 1304 Ecclesiam
1472 1253 1531 1302 et
1547 1252 1737 1319 partes
1753 1247 1936 1301 facere
1954 1245 2025 1301 de
2104 1245 2344 1318 gloriam
2374 1263 2535 1302 suam
2565 1245 2786 1319 quaerit,
2809 1244 2908 1316 qui
2926 1244 3097 1299 ﬁdem
3119 1241 3325 1298 Christi
3346 1240 3530 1297 verbis
3547 1257 3703 1296 exoro

420 1338 651 1395 ‘unitate
678 1335 1012 1393 conantibus
1049 1336 1370 1408 parturiens
1394 1331 1654 1408 parvulos
1682 1340 1866 1390 mater
1892 1334 2026 1389 cha-
2107 1351 2244 1390 nare
2264 1335 2412 1390 vult:
2431 1335 2694 1390 obscurat
2710 1333 2864 1393 enim
2888 1333 3046 1387 illam
3063 1331 3360 1404 splendore
3382 1329 3699 1389 verborum.

435 1427 574 1483 ritas
587 1425 928 1498 inApostolo
943 1424 1171 1496 exponit
1184 1425 1400 1480 viscera
1418 1441 1539 1492 sua,
1554 1423 1865 1480 conscindit
1885 1439 2026 1495 quo-
2086 1429 2175 1485 .ut
2198 1440 2312 1482 non
2340 1423 2438 1479 illa
2465 1424 2563 1479 sed
2591 1423 2710 1496 ipse
2738 1422 3017 1478 laudetur.
3043 1421 3133 1477 Sic
3159 1425 3217 1475 et
3250 1417 3701 1492 pseudoapostoli

434 1514 736 1572 dammodo
761 1512 946 1568 verbis
963 1513 1140 1569 ubera
1158 1530 1279 1582 sua,
1304 1515 1492 1586 plorat
1514 1513 1678 1582 ﬁlios,
1706 1529 1847 1585 quos
1876 1512 2028 1568 videt
2109 1529 2181 1584 ne
2211 1513 2371 1569 stulti
2399 1513 2724 1568 viderentur
2744 1509 3113 1584 prudentibus
3136 1508 3332 1564 mundi
3352 1507 3411 1563 in
3429 1506 3709 1579 sapientia

432 1604 638 1671 efferri,
666 1607 891 1659 revocat
919 1602 992 1658 ad
1026 1618 1207 1658 unum
1232 1619 1441 1658 nomen
1466 1620 1564 1658 eos
1588 1602 1685 1675 qui
1713 1602 1896 1658 multa
1922 1617 2027 1656 no-
2109 1602 2405 1658 hominum
2434 1601 2721 1657 Christum
2750 1598 3128 1672 praedicabant
3155 1597 3363 1669 duplici
3389 1611 3617 1667 genere,
3641 1600 3707 1649 ut

432 1692 589 1748 mina
624 1691 733 1749 sibi
757 1691 957 1766 {facere
993 1691 1273 1759 volebant,
1310 1692 1534 1765 repellit
1567 1691 1639 1747 ab
1671 1707 1864 1747 amore
1902 1707 2024 1757 suo,
2048 1753 2092 1766 _
2112 1691 2447 1763 eloquentiae
2475 1689 2785 1757 studerent,
2819 1694 2879 1743 et
2904 1704 2973 1743 ea
3010 1704 3134 1763 quae
3170 1686 3415 1742 mundus
3450 1685 3511 1740 in
3547 1683 3710 1739 nobis

434 1786 502 1837 ut
809 1786 1050 1847 ametur,
1082 1785 1141 1836 et
1166 1753 1302 1836 dicit
1333 1798 1346 1835 :
1374 1753 1651 1850 ‘Nunquid
1686 1782 1897 1836 Paulus
1921 1753 2027 1850 pro
2048 1753 2094 1819 Β
2113 1753 2287 1836 stulta
2315 1779 2536 1851 judicat
2571 1753 2864 1843 evitarvint,
2893 1782 2960 1832 ut
2997 1753 3181 1848 neque
3216 1775 3571 1830 incamatum
3606 1772 3710 1828 Dei

434 1871 582 1925 vobis
611 1872 912 1939 cruciﬁaus
939 1875 1033 1937 est,
1064 1875 1169 1925 aut
1197 1873 1262 1924 in
1299 1871 1523 1925 nomine
1558 1871 1728 1926 Pauli
1763 1870 2032 1939 baptizati
2110 1867 2290 1924 ﬁlium
2321 1873 2380 1923 et
2405 1868 2476 1923 de
2502 1867 2717 1938 virgine
2756 1871 2955 1925 natum
2990 1865 3275 1930 docerent,
3308 1879 3490 1935 neque
3525 1861 3713 1916 carnis

437 1960 602 2014 estis?
636 1957 770 2030 quid
808 1958 962 2025 dicit,
1008 1958 1136 2013 nolo
1177 1957 1290 2013 mei
1331 1958 1471 2025 sitis,
1516 1964 1583 2013 ut
1622 1974 1843 2014 mecum
1885 1955 2026 2023 sitis,

437 2063 660 2103 mecum
685 2051 864 2104 estote
895 2066 908 2101 :
942 2062 1137 2103 omnes
1165 2046 1317 2102 illius
1346 2063 1561 2114 sumus,
1596 2046 1695 2119 qui
1731 2062 1835 2118 pro
1869 2045 2031 2100 nobis

438 2141 715 2203 mortuus,
747 2136 845 2208 qui
873 2152 976 2208 pro
1002 2135 1164 2191 nobis
1189 2135 1485 2192 cruciﬁxus
1509 2141 1614 2191 est.

507 2225 732 2282 Gratias
759 2241 862 2295 ago
889 2227 995 2281 Deo
1015 2226 1161 2295 quod
1178 2227 1455 2280 neminem
1472 2230 1715 2280 oestrum
1735 2224 2032 2293 baptizavi,

441 2315 557 2369 nisi
572 2313 832 2383 Crispum
847 2318 897 2368 et
917 2312 1137 2380 Gaium,
1163 2330 1232 2368 ne
1250 2317 1377 2383 quis
1393 2315 1544 2369 dicat
1561 2313 1706 2383 quod
1725 2315 1789 2367 in
1810 2315 2034 2367 nomine

438 2418 556 2458 meo
584 2402 855 2472 baptizati
883 2404 1029 2457 estis.
1052 2403 1342 2472 Baptizari
1365 2407 1554 2456 autem
1571 2407 1622 2456 et
1637 2401 1925 2471 Stephanae
1943 2401 2034 2455 do-

437 2506 626 2557 mum;
665 2495 921 2546 ceterum
969 2493 1146 2545 nescio
1189 2493 1242 2545 si
1286 2506 1448 2560 quem
1493 2493 1678 2545 alium
1731 2489 2028 2558 baptizavi.

442 2579 680 2650 (Ambr.)
704 2578 929 2634 Gratias
968 2578 1089 2650 agit
1124 2578 1242 2634 Deo
1280 2578 1415 2650 quia
1452 2594 1567 2634 non
1607 2577 1816 2633 multos
1842 2594 1907 2631 ex
1944 2577 2034 2631 his

440 2666 760 2738 baptizavit,
789 2683 862 2721 ne
887 2666 985 2738 qui
1014 2682 1172 2721 error
1197 2665 1300 2727 sub
1329 2666 1436 2721 hac
1463 2683 1525 2721 re
1553 2671 1816 2738 coeperat,
1844 2681 1911 2719 ex
1937 2682 2036 2721 no-

442 2755 594 2810 mine
609 2755 733 2826 ejus
752 2759 902 2810 esset
927 2755 987 2809 in
1010 2754 1288 2827 plurimis,
1310 2770 1412 2826 per
1438 2755 1546 2810 hoc
1577 2754 1766 2826 arguit
1791 2771 2034 2825 arguen-

443 2842 564 2910 dos,
595 2847 656 2897 et
677 2842 1026 2915 baptizantes
1061 2848 1121 2898 et
1154 2841 1486 2915 baptizatos,
1518 2843 1613 2915 qui
1656 2843 1729 2898 ad
1764 2843 2034 2914 injuriam

444 2929 748 2987 Salvatoris
776 2929 1129 3002 baptismatis
1157 2931 1282 3002 ejus
1306 2930 1549 3002 gratiam
1577 2928 1900 2986 hominibus
1933 2931 2034 2987 de-

443 3018 738 3091 putabunt,
754 3018 868 3075 illis
883 3019 1368 3076 dissimulantibus
1379 3018 1574 3091 gloriae
1587 3036 1774 3075 causa.
1794 3019 1853 3075 Si
1883 3019 2035 3075 enim

445 3080 611 3163 erant
632 3080 779 3164 sicut
794 3123 945 3163 nunc
967 3108 1267 3164 Novatiani
1293 3113 1352 3164 et
1378 3080 1698 3176 Donatiani,
1727 3108 1823 3181 qui
1850 3107 2036 3181 bapti-
2055 3080 2101 3141 θ

446 3211 635 3253 smum
657 3195 766 3251 sibi
789 3195 1092 3264 vindicant,
1113 3214 1150 3252 a
1175 3197 1382 3253 nostris
1404 3196 1715 3270 baptizatos
1740 3196 2041 3270 reproban-

445 3291 552 3355 tes,
582 3289 642 3340 et
666 3283 931 3357 baptizati
960 3284 1031 3340 ab
1058 3285 1147 3341 his
1181 3286 1501 3357 gloriantur
1536 3287 1597 3342 in
1630 3287 1886 3359 personis
1920 3287 2041 3341 illo-

448 3391 598 3430 rum.
613 3373 867 3446 Denique
880 3391 915 3429 a
927 3374 1135 3430 Christi
1163 3375 1390 3430 nomine
1418 3375 1680 3441 abdicati,
1698 3375 2042 3432 Novatianos

449 3468 509 3519 et
545 3462 890 3519 Donatianos
932 3463 1118 3518 vocari
1159 3481 1220 3519 se
1258 3464 1590 3535 gloriantur.
1637 3464 1867 3536 Crispus
1906 3480 2041 3536 ergo

449 3551 696 3609 etGaius
708 3550 985 3607 Corinthii
1012 3558 1164 3621 sunt,
1183 3553 1333 3624 quod
1355 3553 1427 3608 ad
1448 3553 1835 3610 testimonium
1864 3553 2043 3609 nomi-

2111 1956 2361 2014 futuram
2388 1955 2875 2021 resurrectionem,
2898 1953 3032 2026 quia
3049 1953 3248 2008 mundi
3266 1951 3416 2007 istud
3435 1949 3711 2023 sapientia

2115 2051 2174 2101 et
2215 2045 2362 2100 ratio
2404 2045 2641 2100 stultum
2684 2043 2946 2110 aestimat,
2989 2058 3130 2114 quos
3164 2040 3446 2114 reprobat.
3480 2040 3557 2095 Ne
3591 2054 3713 2094 eua-

2116 2140 2326 2201 cuetur,
2358 2133 2564 2206 inquit,
2592 2149 2735 2189 crum
2763 2133 2990 2188 Christi.
3022 2130 3169 2196 Quia
3205 2130 3301 2203 qui
3338 2129 3400 2184 in
3436 2126 3715 2200 sapientia

2115 2223 2361 2278 hominis
2387 2222 2675 2278 Christum
2702 2219 3018 2287 annuntiat,
3050 2224 3222 2292 negat
3248 2218 3542 2274 veritatem
3572 2232 3716 2288 prae-

2113 2310 2429 2377 dicationis,
2460 2311 2605 2366 sicut
2630 2327 2804 2383 supra
2832 2308 3161 2365 memoravi.

2196 2401 2424 2456 Verbum
2450 2403 2601 2455 enim
2627 2402 2810 2455 crucis
2832 2398 3194 2469 pereuntibus
3218 2399 3435 2466 quidem
3466 2398 3708 2452 stultitia

2114 2495 2210 2545 est.
2244 2488 2605 2544 Manifestum
2634 2494 2721 2543 est
2759 2487 2893 2559 quia
2929 2485 3132 2558 quibus
3169 2501 3305 2540 crux
3332 2485 3542 2540 Christi
3577 2485 3715 2540 stul-

2114 2578 2242 2633 titia
2269 2583 2372 2643 est,
2395 2577 2457 2632 in
2484 2577 2801 2650 perditione
2820 2580 2971 2641 sunt,
2993 2575 3197 2630 inferni
3222 2574 3373 2630 enim
3400 2580 3581 2630 morte
3601 2590 3714 2628 non

2115 2671 2250 2722 sunt
2275 2666 2471 2739 erepti.
2502 2668 2601 2722 IIis
2629 2672 2815 2721 autem
2842 2667 2944 2736 qui
2968 2667 3113 2720 salvi
3131 2666 3279 2733 ﬁunt
3294 2666 3476 2718 virtus
3494 2664 3595 2718 Dei
3611 2667 3707 2718 cst.

2115 2757 2242 2810 Non
2277 2761 2364 2811 est
2402 2754 2700 2810 obscurum
2742 2754 2875 2826 quia
2899 2753 2989 2809 his
3017 2752 3114 2824 qui
3141 2752 3380 2808 credunt
3404 2751 3506 2808 Dei
3532 2751 3712 2806 virtus

2115 2850 2221 2911 est,
2259 2844 2498 2899 credunt
2540 2843 2692 2898 enim
2737 2859 2852 2898 non
2885 2841 3275 2897 inﬁrmitatem
3322 2858 3443 2896 esse
3489 2857 3713 2896 crucem

2116 2932 2343 2999 Christi,
2375 2933 2473 2987 sed
2500 2932 2765 2988 virtutem
2789 2951 2802 2999 ;
2832 2930 3212 3002 intelligentes
3240 2936 3482 2986 mortem
3510 2929 3717 2985 victam

2116 3021 2175 3077 in
2193 3038 2356 3077 cruce
2376 3022 2537 3093 cujus
2554 3021 2781 3093 signum
2801 3019 2897 3092 qui
2918 3019 3145 3089 habent,
3164 3019 3300 3074 salvi
3321 3025 3470 3087 sunt,
3493 3021 3627 3091 quia
3641 3018 3715 3073 ab

2118 3111 2215 3166 illa
2239 3111 2420 3166 teneri
2448 3127 2562 3166 non
2588 3115 2840 3183 possunt.
2872 3110 3159 3179 Scriptum
3178 3115 3257 3164 est
3275 3112 3425 3163 enim
3446 3108 3504 3163 in
3526 3108 3711 3163 Isaia:

2119 3202 2353 3257 Perdam
2382 3202 2715 3270 sapientiam
2744 3200 3103 3268 sapientium,
3132 3203 3182 3252 et
3209 3200 3545 3253 intellectum
3570 3210 3721 3268 pru-

2120 3291 2372 3345 dentium
2404 3289 2719 3360 reprobabo.
2752 3287 2947 3343 Perdit
2984 3285 3318 3359 sapientiam
3353 3286 3717 3358 sapientium.

2121 3394 2235 3434 non
2253 3395 2415 3434 suam
2434 3377 2492 3432 in
2512 3377 2595 3432 eis
2614 3377 2947 3449 sapientiam
2960 3375 3147 3448 perdit
3164 3380 3222 3430 et
3240 3375 3522 3447 reprobat,
3545 3391 3722 3447 quam

2121 3467 2241 3540 ipse
2259 3467 2505 3531 donavit,
2527 3465 2624 3522 sed
2645 3482 2816 3538 quam
2835 3464 2942 3521 sibi
2961 3470 3230 3536 arrogant
3249 3464 3344 3536 qui
3362 3481 3477 3520 non
3508 3463 3722 3519 habent

2121 3557 2324 3629 ipsius:
2338 3555 2473 3610 dum
2495 3571 2619 3626 quae
2634 3554 2733 3609 illa
2751 3558 2921 3625 negat
2939 3569 3102 3626 posse
3120 3553 3242 3609 ﬁeri
3260 3553 3395 3608 facit
3415 3570 3428 3606 :
3452 3558 3511 3608 et
3528 3568 3724 3624 repro—

450 3645 568 3716 nat,
601 3637 737 3712 quia
762 3639 843 3694 sic
867 3638 1133 3711 baptizati
1157 3646 1292 3697 sunt
1317 3640 1388 3696 ab
1416 3642 1702 3714 Apostolo,
1734 3647 1800 3695 ut
1824 3641 2040 3697 nullam
2120 3645 2220 3701 bat
2253 3644 2600 3699 intellectum
2638 3643 3018 3716 prudentium,
3051 3642 3275 3715 quando
3312 3643 3510 3703 Deum,
3546 3658 3721 3715 quem

452 3712 534 3783 ilii
558 3725 799 3799 gloriam
826 3743 894 3782 ex
922 3727 1026 3783 hac
1053 3745 1224 3784 causa
1249 3712 1495 3784 dandam
1523 3729 1890 3785 addiscerent.
1923 3730 2043 3785 Ste-
2122 3733 2468 3789 incuriosum
2488 3712 2701 3796 dicunt,
2735 3712 3289 3803 aggressum-probat
3305 3748 3374 3786 ea
3396 3748 3520 3802 quae
3542 3712 3723 3786 stulta

451 3817 651 3889 phante
678 3819 871 3871 autem
896 3815 1098 3873 domus
1112 3817 1385 3891 primitiae
1404 3823 1537 3874 sunt
1556 3817 1799 3886 Achaiae,
1818 3819 1963 3874 sicut
1983 3817 2042 3873 in
2124 3827 2343 3896 putant,
2374 3827 2441 3878 ut
2466 3821 2566 3878 Dei
2598 3820 2747 3876 ﬁlius
2768 3821 3094 3876 incarnatus
3110 3819 3179 3875 de
3196 3819 3412 3891 virgine
3430 3820 3753 3890 cruciﬁge.‘

453 3910 739 3978 postrema
763 3909 923 3976 parte
950 3905 1210 3978 Epistolas
1235 3906 1532 3979 signiﬁcat,
1564 3907 1767 3979 quibus
1794 3907 2046 3963 testimo-
2123 3919 2284 3968 retur
2312 3927 2415 3985 pro
2435 3911 2687 3966 humana
2705 3910 2905 3977 salute,
2928 3896 3079 3981 quod
3098 3909 3307 3964 factum
3324 3925 3454 3963 vere
3470 3913 3721 3964 testatur

452 3995 612 4051 nium
639 3993 757 4059 dat,
776 3994 925 4063 quod
952 3994 1013 4049 in
1034 3995 1413 4051 ministerium
1435 3997 1643 4052 sanctis
1665 4014 1724 4052 se
1746 3997 2046 4053 constitue-
2125 4001 2353 4067 virtute,
2384 4017 2497 4055 non
2544 3998 2746 4055 verbis.
2802 4000 2901 4054 Ubi
2942 4002 3195 4069 sapiens?
3221 3999 3321 4052 ubi
3365 3998 3584 4052 scriba?
3618 3997 3723 4051 ubi

452 4089 600 4138 rant.
640 4081 771 4141 Non
801 4085 955 4138 enim
998 4087 1155 4138 misit
1200 4099 1286 4138 me
1323 4085 1577 4140 Christus
1614 4087 1912 4155 baptizare,
1953 4088 2046 4141 sed
2125 4092 2467 4159 eonquisitor
2492 4089 2662 4159 hujus
2690 4089 2914 4142 seculi?
2942 4086 3045 4142 His
3069 4085 3233 4141 dictis
3260 4090 3381 4141 tam
3408 4084 3467 4140 in
3492 4083 3721 4140 Iudaeos

451 4175 848 4241 δυσηρθιίεανθ.
867 4171 1145 4237 Quoniam
1165 4172 1350 4242 majus
1367 4177 1454 4227 est
1470 4173 1850 4244 evangelizare
1872 4189 2043 4245 quam
2124 4194 2295 4249 quam
2321 4177 2381 4232 in
2410 4176 2650 4248 gentiles
2675 4175 2977 4242 invehitur,
3000 4174 3135 4247 quia
3148 4180 3208 4230 et
3224 4174 3547 4230 Iudaeorum
3575 4171 3719 4228 scri-

452 4259 753 4332 baptizare,
782 4260 910 4316 ideo
938 4276 1051 4315 non
1080 4276 1140 4315 se
1168 4260 1405 4316 missum
1439 4259 1726 4334 baptizare
1763 4261 1916 4328 dicit,
1945 4262 2043 4316 sed
2122 4264 2227 4333 bis,
2257 4271 2317 4321 et
2340 4265 2482 4337 legis
2507 4265 2764 4320 doctores
2800 4265 2982 4319 Deum
3018 4263 3200 4318 ﬁlium
3235 4262 3442 4318 habere
3477 4261 3719 4317 stultum

452 4349 852 4460 evangelicum,
884 4348 1018 4460 qm'a
1051 4347 1110 4404 in
1150 4349 1414 4460 episcopq
1452 4349 1704 4406 omnium
1743 4350 2107 4460 ordinatio-0
2124 4361 2330 4428 putant
2356 4352 2741 4409 enedi.‘Simili
2770 4352 2939 4408 modo
2964 4356 3024 4408 et
3045 4357 3244 4424 gentes
3271 4345 3425 4407 istud
3451 4349 3591 4405 risui
3614 4350 3720 4404 de-

452 4453 590 4494 num
615 4438 859 4510 dignitas
884 4443 990 4505 est,
1021 4442 1192 4510 caput
1216 4443 1304 4493 est
1327 4438 1479 4493 enim
1504 4445 1835 4495 ceterorum
1860 4457 2042 4495 mem-
2059 4438 2106 4460 "'
2124 4449 2344 4517 putant.
2373 4443 2483 4499 Sed
2512 4442 2711 4509 Judaei,
2745 4442 2878 4515 quia
2903 4442 3010 4496 hoc
3036 4458 3151 4497 non
3168 4447 3286 4496 tam
3305 4444 3497 4513 aperte
3514 4439 3576 4493 in
3592 4439 3721 4510 lege

451 4526 702 4584 brorum.
737 4527 846 4584 Per
874 4527 1024 4601 quod
1052 4527 1224 4583 etiam
1260 4526 1385 4583 illos
1424 4527 1702 4596 humiliat,
1734 4528 1937 4601 quibus
1961 4529 2043 4585 illi
2124 4533 2503 4606 signiﬁcatum
2523 4538 2627 4599 est,
2646 4531 2908 4588 difﬁdunt
2926 4548 2939 4584 :
2960 4530 3200 4602 gentiles
3216 4546 3349 4584 vero
3369 4528 3503 4601 quia
3518 4527 3719 4583 mundi

456 4617 698 4672 multum
718 4616 948 4685 dabant,
964 4622 1264 4690 propterea
1291 4616 1439 4688 quod
1465 4616 1537 4671 ab
1564 4617 1676 4673 illis
1700 4617 1926 4675 fuerant
1951 4618 2046 4675 ba-
2125 4623 2269 4679 ratio
2290 4639 2403 4678 non
2430 4621 2581 4677 istud
2608 4619 2843 4692 recipit;
2873 4619 3015 4674 nihil
3042 4619 3194 4675 enim
3224 4618 3360 4675 dicit
3393 4634 3557 4690 posse
3594 4617 3719 4671 ﬁeri

455 4703 668 4776 ptizati,
684 4710 751 4760 ut
777 4722 844 4760 ex
866 4722 936 4761 eo
955 4706 1165 4761 scirent
1179 4722 1293 4762 non
1314 4722 1583 4777 magnum
1599 4724 1721 4763 esse
1739 4706 2042 4780 baptizare;
2125 4711 2247 4767 sine
2275 4710 2684 4776 commistione,
2714 4708 2951 4764 stultum
2964 4708 3242 4780 judicant.
3265 4705 3723 4779 Conquisitorta-

455 4791 592 4866 quia
617 4808 733 4848 non
758 4793 944 4848 omnis
970 4795 1065 4866 qui
1092 4794 1340 4866 baptizat
1368 4795 1604 4851 idoneus
1619 4801 1708 4852 est
1727 4802 1786 4852 et
1812 4814 2047 4870 evange-
2126 4817 2260 4855 men
2287 4798 2474 4855 saeculi
2500 4798 2593 4853 hic
2621 4803 2725 4863 est,
2760 4797 2859 4869 qui
2887 4795 3403 4853 constellationibus
3439 4794 3532 4866 agi
3557 4810 3723 4849 mun-

455 4881 645 4950 lizare,
680 4881 852 4937 verba
877 4882 1031 4937 enim
1059 4883 1333 4938 solemnia
1359 4890 1492 4940 sunt
1528 4901 1652 4958 quae
1687 4886 1952 4943 dicuntur
1986 4887 2046 4941 in
2127 4889 2263 4944 dum
2291 4893 2350 4944 et
2375 4886 2670 4943 duodecim
2699 4886 2874 4959 signis
2911 4891 3070 4942 ortus
3104 4892 3164 4942 et
3196 4901 3426 4942 occasus
3462 4882 3585 4938 ﬁeri
3618 4883 3720 4937 de-

458 4970 811 5042 baptismate.
854 4971 1108 5043 Denique
1161 4972 1448 5042 apostolus
1485 4974 1687 5031 Petrus
1726 4976 2045 5032 credentem
2126 4977 2307 5034 cernit
2322 4976 2566 5043 calculis,
2581 4975 2723 5032 nihil
2736 4976 2964 5032 omnino
2976 4974 3097 5030 sine
3115 4975 3319 5030 horum
3337 4978 3496 5029 motu
3514 4976 3725 5045 putans

457 5059 780 5116 Cornelium
821 5076 951 5116 cum
993 5059 1109 5115 suis
1139 5059 1312 5132 jussit
1348 5058 1633 5135 baptizari
1654 5064 1796 5135 (Act.
1840 5066 1916 5133 x),
1945 5080 2047 5120 nec
2127 5066 2251 5122 ﬁeri
2281 5082 2462 5138 posse.
2493 5065 2692 5122 Nonne
2709 5069 2943 5121 stultam
2962 5066 3090 5133 fecit
3107 5065 3249 5120 Deus
3266 5065 3600 5135 sapientiam
3618 5058 3723 5117 hu-

459 5148 725 5221 dignatus
751 5155 839 5206 est
854 5148 1130 5205 ministris
1148 5149 1465 5208 astantibus
1484 5151 1588 5208 hoc
1605 5169 1746 5226 opus
1767 5153 1976 5220 facere;
1999 5152 2047 5208 si
2117 5158 2218 5227 jus
2245 5157 2482 5211 mundi?
2512 5155 2704 5211 Stulta
2729 5153 2878 5211 facta
2894 5157 2982 5208 est
2997 5152 3275 5225 sapientia
3299 5152 3472 5224 hujus
3499 5148 3719 5227 mundi.

457 5238 611 5295 enim
636 5239 960 5307 defuissent,
987 5239 1108 5312 ipse
1143 5239 1247 5295 hoc
1270 5240 1488 5313 egisset
1525 5242 1855 5298 necessitate
1890 5259 2046 5298 com-

460 5327 671 5398 pulsus.
702 5329 925 5394 Quanto
948 5345 1086 5402 ergo
1114 5329 1318 5386 melior
1343 5329 1433 5386 his
1463 5329 1555 5397 sit,
1587 5347 1727 5403 quos
1767 5330 1848 5386 illi
1884 5349 2047 5389 vene-

460 5414 750 5485 rabantur,
782 5417 1047 5485 ostendit,
1077 5423 1138 5474 et
1165 5435 1280 5475 non
1314 5424 1507 5475 tamen
1542 5419 1649 5474 hoc
1685 5420 1903 5476 nomini
1943 5438 2048 5478 suo

460 5502 685 5562 decerni
711 5506 988 5580 permisit,
1019 5507 1200 5564 sciens
1235 5508 1610 5580 periculosum
1650 5524 1772 5563 esse
1807 5509 2047 5580 gloriam

453 5589 560 5648 Dei
584 5595 796 5652 nomini
815 5596 1060 5653 hominis
1078 5596 1358 5652 vindicum
1376 5614 1388 5650 :
1406 5600 1494 5651 est
1515 5582 1666 5652 enim
1687 5596 1849 5668 quasi
1875 5597 2048 5654 idolo-

2127 5250 2336 5318 putans
2363 5244 2515 5300 enim
2542 5260 2604 5300 se
2631 5258 2828 5315 sapere
2843 5241 3071 5297 inventa
3087 5247 3174 5296 est
3189 5240 3536 5314 imprudens.
3559 5238 3723 5304 Quod

2127 5335 2280 5390 enim
2301 5332 2645 5406 impossibile
2659 5329 2953 5403 judicabat
2966 5329 3231 5403 possibile
3247 5329 3596 5386 declaratum
3611 5331 3720 5394 est,

2128 5423 2310 5479 Deum
2330 5422 2676 5478 incuriosum
2692 5419 3000 5476 aestimans.
3024 5419 3125 5476 Est
3148 5418 3362 5492 aliquid
3379 5419 3485 5474 hac
3500 5431 3722 5472 asseve-

2126 5510 2345 5567 ratione
2372 5509 2619 5576 stultius,
2649 5513 2715 5563 ut
2738 5507 2933 5565 fecisse
2958 5508 3182 5565 dicatur
3214 5506 3493 5565 mundum
3534 5509 3594 5560 et
3626 5519 3726 5560 cu-

2128 5615 2250 5656 ram
2279 5600 2404 5672 ejus
2428 5615 2541 5657 non
2568 5612 2739 5670 agere
2755 5596 2782 5651 ?
2808 5597 2880 5653 ad
2910 5597 3047 5670 quid
3077 5597 3226 5665 fecit,
3248 5595 3298 5653 si
3314 5611 3430 5653 non
3456 5594 3529 5651 ad
3557 5592 3721 5649 illum
