3974 6188
275 344 325 398 n
713 340 1290 398 ENARRATIONUM
1327 342 1405 397 IN
1441 343 1597 398 EPP.
1640 344 1854 401 mum
1891 346 2028 402 LIB.
2071 348 2165 402 1x.
2210 377 2275 388 —
2315 348 2393 404 IN
2433 349 2652 406 EPIST.
2695 353 2720 407 ι
2757 354 2854 410 AD
2893 356 3054 413 con.
3095 366 3105 381 ι

3456 356 3522 414 18

270 488 489 562 pertinet
515 487 668 557 quod
697 485 830 540 fecit
857 485 882 537 ?
912 485 1011 538 sed
1041 485 1173 556 quia
1200 485 1393 540 vident
1423 487 1696 556 quosdam
1725 489 1837 542 feli-

1929 473 2159 527 credere
2185 474 2530 529 cruciﬁxum.
2565 475 2810 550 (Ambr.)
2839 481 3176 538 Scandalum
3203 489 3291 539 est
3313 485 3520 542 Iudaeis

267 578 388 636 citer
401 574 613 629 mundo
634 573 767 640 frui,
795 573 1068 644 quosdam
1084 573 1348 644 deprimi,
1371 580 1428 628 et
1443 573 1586 629 bene
1612 583 1843 645 agentes

267 665 470 736 despici,
490 664 792 720 malevolos
803 662 1053 733 gloriari,
1077 662 1284 717 idcirco
1301 663 1648 718 incuriosum
1663 666 1843 719 Deum

267 773 371 811 esse
395 753 775 808 crediderunt.
807 752 912 816 Qui
943 751 1289 806 incuriosum
1330 753 1512 806 Deum
1543 753 1695 818 dicit,
1731 771 1843 809 non

265 850 413 914 negat
440 843 798 907 malevolum,
831 847 930 896 aut
955 841 1236 910 injustum
1271 859 1282 894 :
1316 847 1416 896 aut
1445 831 1843 912 enim'judica-

265 945 410 988 turus
433 937 521 986 est
546 931 844 990 mundum,
877 937 934 984 et
964 929 1210 1000 injustus
1239 937 1344 998 est,
1385 931 1744 986 dissimulans
1773 933 1843 986 de

267 1023 408 1077 bonis
436 1029 492 1076 et
515 1021 736 1093 patiens
761 1019 883 1074 ﬁeri
907 1019 1075 1074 mala.
1107 1018 1164 1074 Si
1193 1020 1370 1090 igitur
1393 1019 1845 1076 animadvertant

264 1111 486 1182 seposito
517 1110 646 1164 odio
677 1109 878 1164 divinae
905 1109 1066 1177 legis,
1107 1114 1343 1178 possunt
1387 1109 1574 1164 videre
1613 1127 1842 1164 causam

267 1204 414 1255 istam
441 1217 474 1253 a
504 1199 666 1253 nobis
690 1197 1006 1263 terminari,
1041 1198 1136 1269 qui
1167 1197 1268 1252 Dei
1292 1198 1573 1269 judicium
1611 1217 1840 1270 exspec-

263 1299 449 1348 tamus.
483 1288 542 1342 in
573 1305 684 1360 quo
713 1288 764 1341 vi
792 1286 1042 1358 depressi
1082 1286 1494 1354 exaltabuntur,
1528 1294 1586 1341 et
1612 1287 1840 1342 violenti

263 1375 710 1443 humiliabuntur,
747 1376 878 1448 quia
907 1392 1020 1430 non
1051 1381 1137 1430 est
1176 1392 1544 1447 peisonarum
1587 1376 1836 1448 acceptio

264 1467 398 1538 apud
423 1467 625 1521 Deum.

327 1575 458 1630 Nam
485 1575 753 1643 quoniam
784 1576 847 1627 in
867 1576 1142 1642 sapientia
1160 1575 1259 1628 Dei
1275 1589 1386 1627 non
1409 1576 1656 1640 cognovit
1675 1589 1841 1627 mun-

265 1663 357 1716 dus
379 1678 472 1731 per
488 1664 822 1731 sapientiam
845 1663 1035 1725 Deum,
1056 1663 1274 1730 placuit
1293 1662 1398 1714 Deo
1412 1676 1514 1730 per
1534 1663 1840 1716 stultitiam

1929 562 2065 616 dum
2092 562 2331 616 audiunt
2354 563 2640 618 Christum
2657 566 2756 620 Dei
2775 584 2834 622 se
2863 569 3039 624 ﬁlium
3063 573 3443 640 conﬁtentem,
3462 582 3520 629 et

1927 651 2234 706 Sabbatum
2265 659 2659 722 evacuantem;
2685 655 2948 725 gentibus
2977 666 3168 714 autem
3195 661 3514 729 stultitiam,

1927 739 2060 810 quia
2089 739 2325 794 audiunt
2353 757 2420 794 ea
2447 742 2756 812 praedicari,
2793 761 2915 816 quae
2953 747 3089 802 dum
3116 749 3320 804 rationi
3351 768 3516 807 mun-

1925 828 2084 884 danae
2115 845 2226 884 non
2257 837 2593 900 congruunt,
2615 833 2900 889 insensata
2929 835 3208 906 videntur,
3239 847 3296 894 et
3321 848 3517 912 partus
3575 820 3580 824 .

1925 917 2155 988 virginis
2187 924 2245 972 et
2270 920 2605 974 resurrectio
2634 929 3006 980 mortuorum.
3025 929 3164 996 Ipsis
3179 944 3302 982 vero
3317 935 3518 986 uocatis

1923 1009 2128 1062 Judaeis
2155 1013 2318 1077 atque
2347 1009 2544 1065 Grmcis
2579 1011 2866 1068 Christum
2902 1016 3002 1069 Dei
3044 1019 3310 1071 virtutem
3337 1025 3388 1072 et
3415 1021 3516 1074 Dei

1924 1098 2274 1164 sapientiam,
2312 1097 2445 1168 quia
2473 1099 2624 1169 apud
2673 1099 2858 1170 ipsum
2899 1119 3122 1174 semper
3148 1111 3252 1171 est,
3283 1105 3418 1177 quia
3453 1109 3515 1161 in

1918 1187 2200 1254 principio
2227 1193 2348 1240 erat
2390 1188 2633 1252 Verbum,
2654 1194 2706 1242 ct
2742 1191 2968 1244 Verbum
2997 1199 3118 1247 erat
3144 1195 3296 1263 apud
3320 1196 3514 1266 Deum,

1923 1278 1973 1326 et
2019 1275 2155 1328 Deus
2197 1281 2316 1329 erat
2373 1277 2622 1336 Verbum.
2669 1278 2953 1334 Suadente
2995 1281 3222 1348 virtute,
3257 1299 3380 1354 qua:
3421 1302 3517 1356 po-

1922 1363 2036 1417 tior
2061 1363 2244 1418 verbis
2274 1370 2377 1430 est,
2413 1366 2705 1421 credentes
2742 1367 2802 1420 in
2841 1368 3128 1424 Christum
3172 1370 3512 1442 intelligunt,

1919 1451 2098 1507 Judaei
2127 1451 2393 1523 primum,
2427 1454 2524 1525 qui
2564 1455 2791 1526 signum
2839 1455 3180 1527 quazrebant,
3228 1459 3515 1516 Christum

1921 1541 2022 1596 Dei
2053 1557 2174 1595 esse
2201 1541 2500 1610 virtutem;
2546 1549 2604 1599 et
2631 1544 2810 1600 Graeci
2848 1545 3110 1603 similiter
3135 1546 3326 1604 vident
3351 1550 3514 1606 Chri-

1923 1636 2072 1684 stum
2105 1630 2206 1685 Dei
2235 1649 2356 1686 esse
2382 1632 2739 1704 sapientiam,
2761 1633 2916 1689 illam
2946 1641 3138 1690 autem
3169 1638 3514 1694 mundanam

265 1720 675 1820 praedicationis,
721 1753 898 1804 salvos
925 1720 1104 1817 facere
1135 1720 1430 1803 credentes:
1464 1748 1659 1819 (Aug.)
1693 1749 1838 1814 Quid
1858 1808 1902 1820 _
1923 1720 2292 1820 Prius,
2312 1721 3007 1820 ,Puwﬂ‘il’mdentfafnv
3049 1725 3353 1820 ma’fima“?
3393 1745 3514 1784 esse

271 1841 406 1894 enim
433 1847 547 1894 tam
573 1839 757 1893 simile
783 1838 1193 1908 imprudentia},
1214 1855 1384 1908 quam
1415 1838 1509 1908 qui
1537 1837 1770 1893 haberet
1783 1837 1842 1893 in

271 1936 524 2001 potestate
553 1945 670 1982 una
709 1945 840 1982 voce
885 1944 1014 1981 suos
1045 1933 1427 1998 persecutores
1464 1933 1838 1998 prosternere,

272 2025 538 2090 pateretur
564 2035 623 2071 se
647 2017 850 2083 teneri,
884 2016 1177 2086 ﬂagellari,
1197 2017 1448 2087 conspui,
1481 2016 1837 2088 colaphizari,

270 2107 434 2178 spinis
457 2107 724 2171 coronari,
742 2106 893 2176 ligno
915 2105 1088 2176 afﬁgi,
1107 2105 1500 2176 imprudentiae
1521 2105 1702 2160 simile
1718 2123 1840 2160 esse

269 2203 320 2250 et
345 2196 568 2250 stultum
595 2195 819 2249 videtur
849 2213 860 2247 :
893 2195 988 2249 sed
1018 2195 1253 2250 stultum
1270 2194 1374 2249 hoc
1394 2201 1624 2266 superat
1640 2212 1838 2250 omnes

264 2285 540 2357 sapientes.
573 2283 781 2356 (ὓπερ.)
796 2283 1043 2338 Verbum
1072 2284 1279 2355 quippe
1307 2284 1408 2338 Dei
1437 2283 1714 2355 sapientia
1729 2290 1832 2350 est,

263 2375 348 2429 sed
376 2374 608 2429 stultitia
619 2374 793 2444 hujus
817 2373 1102 2444 sapientia:
1119 2373 1270 2428 dicta
1286 2379 1372 2428 est
1403 2389 1533 2427 caro
1565 2372 1754 2440 Verbi,
1771 2380 1838 2428 ut

262 2464 378 2535 quia
389 2464 638 2517 carnales
652 2463 862 2534 quique
878 2480 978 2533 per
992 2463 1178 2516 carnis
1190 2479 1304 2516 suae
1319 2462 1679 2534 prudentiam
1705 2479 1833 2534 per-

260 2554 453 2624 tingere
463 2569 578 2607 non
591 2552 856 2606 valebant
867 2552 936 2606 ad
950 2551 1282 2623 sapientiam
1295 2551 1417 2616 Dei,
1425 2569 1526 2622 per
1535 2551 1832 2606 stultitiam

259 2641 662 2713 predicationis,
681 2641 739 2694 id
766 2647 852 2695 est
881 2658 981 2712 per
1008 2657 1235 2694 carnem
1262 2640 1451 2706 Verbi,
1475 2646 1828 2695 sanarentur.

255 2732 430 2802 Ling.)
454 2732 574 2784 Non
601 2729 867 2800 cognovit
893 2729 1156 2796 mundus,
1174 2730 1232 2783 id
1254 2736 1340 2784 est
1357 2729 1634 2796 homines,
1651 2730 1831 2784 Deum

253 2820 304 2873 in
330 2820 593 2891 sapientia
635 2821 779 2888 ejus.
828 2819 974 2884 Quia
1012 2819 1242 2873 unicam
1284 2819 1641 2889 majestatem
1679 2818 1831 2872 illius

252 2909 511 2979 figmentis
539 2908 842 2974 dederunt,
879 2909 964 2962 vel
994 2907 1308 2974 elementis,
1327 2908 1746 2962 dissimulantes
1761 2908 1830 2961 de

248 3015 324 3061 eo,
355 3015 449 3068 per
477 2997 818 3069 sapientiam
848 2997 1031 3051 carnis
1058 3002 1324 3068 putantes
1342 2997 1460 3052 haec
1483 2995 1687 3050 debere
1700 2993 1827 3063 coli,

246 3103 358 3156 qua:
373 3086 629 3140 videntur
649 3105 660 3139 :
679 3092 980 3156 propterea
1001 3085 1210 3156 placuit
1231 3086 1348 3139 Deo
1379 3085 1830 3156 praedicationem

243 3175 505 3240 ordinare,
529 3191 657 3246 quae
673 3174 785 3228 illis
804 3175 977 3228 stulta
991 3173 1293 3238 videretur,
1316 3180 1378 3227 ut
1399 3174 1690 3227 credentes
1706 3190 1829 3244 qua:

245 3263 316 3318 illi
331 3263 608 3328 difﬁdunt,
629 3263 768 3317 salvi
788 3263 1006 3326 ﬁerent,
1033 3263 1144 3316 illis
1160 3262 1462 3316 damnatis.
1489 3261 1829 3316 Vicissitudo

244 3369 364 3422 ergo
393 3352 508 3406 huic
537 3358 645 3408 est.
668 3369 771 3423 per
799 3369 969 3423 quam
1001 3351 1102 3407 Dei
1132 3351 1364 3406 consilio
1393 3351 1598 3406 falsum
1631 3367 1665 3404 a
1690 3367 1828 3426 vero

243 3441 548 3496 damnatur.

307 3568 574 3634 Quoniam
605 3567 787 3620 Judaei
811 3569 975 3633 signa
999 3554 1193 3634 petunt
1221 3574 1271 3620 et
1297 3553 1470 3621 Graeci
1497 3566 1831 3633 sapientiam

241 3663 502 3724 quzrunt.
532 3655 603 3724 (Α
613 3655 781 3726 mbr.)
794 3653 974 3708 Judaei
1004 3654 1166 3724 signa
1194 3659 1412 3726 petunt,
1434 3653 1568 3724 quia
1593 3669 1706 3707 non
1729 3652 1832 3706 dif-

248 3745 411 3798 fidunt
446 3743 705 3815 potuisse
749 3743 893 3809 ﬁeri,
927 3744 1024 3797 sed
1066 3760 1140 3797 an
1179 3743 1388 3798 factum
1435 3742 1509 3796 sit
1552 3746 1830 3813 quaerunt.

248 3834 480 3887 Scientes
511 3834 736 3903 virgam
765 3834 957 3886 Aaron
987 3832 1206 3888 aridam
1235 3832 1582 3904 germinasse
1626 3837 1683 3884 et
1723 3831 1836 3884 fru-

248 3928 381 3975 ctum
408 3921 697 3988 attulisse,
715 3927 773 3975 et
797 3922 1001 3975 Ionam
1032 3939 1068 3976 a
1094 3928 1218 3976 ceto
1251 3921 1593 3991 deglutitum
1621 3919 1682 3974 in
1707 3935 1837 3973 ven-

247 4018 319 4063 tre
344 4012 464 4081 ejus
493 4009 686 4065 tribus
726 4008 925 4064 diebus
952 4016 1011 4064 et
1045 4009 1228 4064 tribus
1272 4009 1528 4064 noctibus
1557 4007 1748 4074 fuisse,
1781 4013 1840 4062 et

248 4100 412 4153 vivum
439 4101 694 4170 ejectum
724 4115 845 4152 esse
862 4117 872 4151 :
895 4099 1034 4153 illud
1049 4105 1242 4153 tamen
1259 4099 1536 4170 praecipue
1553 4104 1832 4169 quaerunt,

247 4195 300 4242 ut
323 4189 536 4260 aliquid
561 4188 684 4242 tale
729 4187 976 4253 videant,
1010 4189 1158 4259 quod
1196 4188 1334 4242 vidit
1367 4188 1587 4258 Moyses
1619 4187 1677 4240 in
1706 4185 1836 4254 igne

243 4277 440 4339 Deum;
469 4278 630 4332 unde
655 4277 871 4344 dicunt,
899 4278 1014 4331 Nos
1035 4277 1244 4331 scimus
1269 4276 1402 4348 quia
1427 4277 1602 4348 Moysi
1621 4277 1840 4330 locutus

243 4373 322 4421 est
345 4368 514 4432 Deus,
530 4383 670 4422 cum
687 4367 874 4436 majus
902 4365 978 4420 sit
1005 4371 1293 4421 mortuum
1308 4367 1582 4420 Lazarum
1602 4363 1840 4419 fetidum

1858 1808 1904 1868 B
1921 1809 2241 1864 stultitiam.
2264 1809 2326 1879 [Α
2339 1811 2472 1882 mb.)
2496 1812 2688 1866 Virtus
2703 1829 2836 1883 ergo
2852 1813 2953 1867 Dei
2971 1819 3058 1868 est
3071 1815 3206 1886 quia
3219 1831 3321 1886 per
3332 1817 3514 1888 ipsam

1923 1898 2115 1952 omnia
2150 1898 2280 1954 fecit
2323 1899 2472 1954 Deus
2513 1900 2710 1968 Pater;
2760 1902 3040 1973 sapientia
3079 1908 3269 1958 autem
3308 1905 3514 1962 idcirco

1923 1987 2056 2058 quia
2084 2004 2185 2058 per
2208 1987 2390 2059 ipsam
2423 1989 2680 2059 cognitus
2707 1996 2793 2044 est
2819 1991 2970 2045 Deus
2989 2009 3000 2044 :
3017 2007 3120 2046 nec
3146 1993 3298 2048 enim
3324 2005 3515 2066 posset

1919 2077 2176 2148 cognosci
2217 2077 2386 2144 Deus,
2419 2077 2525 2132 nisi
2553 2096 2654 2150 per
2695 2095 2825 2133 eum
2857 2079 2954 2150 qui
2980 2087 3128 2136 esset
3153 2082 3223 2137 de
3251 2099 3337 2138 eo.
3370 2084 3516 2150 Quia

1921 2182 2078 2220 nemo
2105 2169 2272 2231 novit,
2309 2183 2405 2222 nec
2432 2169 2572 2222 vidit
2603 2171 2822 2222 Patrem
2850 2171 2966 2223 nisi
2994 2171 3191 2239 Filius,
3225 2177 3274 2226 el
3304 2177 3399 2228 cui
3421 2192 3513 2230 vo-

1918 2257 2089 2310 luerit
2114 2256 2292 2310 Filius
2323 2259 2568 2312 revelare
2599 2255 2748 2327 (Luc.
2785 2257 2865 2329 x).

1991 2416 2133 2482 Quia
2160 2418 2305 2485 quod
2329 2421 2566 2471 stultum
2596 2423 2673 2471 est
2698 2420 2813 2482 Dei,
2833 2421 3142 2488 sapientius
3155 2427 3233 2474 est
3260 2422 3509 2478 homini-

1917 2506 2034 2559 bus.
2063 2506 2298 2574 (ΜΑυει.)
2319 2506 2478 2570 Quod
2508 2506 2746 2560 stultum
2777 2512 3011 2578 putatur
3035 2507 3138 2562 Dei
3168 2525 3395 2566 omnem
3410 2513 3512 2568 hu-

1916 2610 2143 2648 manam
2172 2593 2508 2664 sapientiam
2538 2595 2837 2662 antecedit,
2871 2596 3006 2667 quia
3036 2614 3138 2667 per
3174 2599 3508 2670 sapientiam

1914 2699 2076 2736 suam
2120 2682 2350 2737 liberari
2379 2699 2492 2736 non
2535 2689 2799 2754 poterant
2825 2684 2922 2756 qui
2953 2702 3054 2756 per
3080 2686 3258 2740 crucis
3296 2695 3508 2760 myste-

1915 2771 2062 2826 rium
2078 2777 2212 2826 sunt
2231 2771 2446 2825 salvati.
2467 2771 2675 2844 (Greg.)
2693 2772 2944 2827 Stultum
2965 2773 3171 2845 quippe
3187 2775 3510 2834 hominibus

1915 2860 2094 2914 visum
2121 2866 2226 2926 est,
2259 2867 2324 2915 ut
2351 2877 2453 2932 pro
2471 2860 2794 2915 hominibus
2821 2867 3018 2917 auctor
3031 2862 3154 2918 vitae
3169 2871 3504 2934 moreretur,

1913 2955 1970 3003 et
1997 2949 2126 3004 inde
2153 2956 2350 3004 contra
2374 2966 2503 3004 eum
2535 2950 2702 3004 homo
2729 2951 3055 3006 scandalum
3081 2953 3340 3024 sumpsit,
3357 2956 3508 3011 unde

1912 3039 1965 3094 ci
1993 3039 2233 3110 amplius
2261 3037 2482 3093 debitor
2505 3038 2627 3093 ﬁeri
2655 3038 2866 3094 debuit.
2897 3041 3041 3094 Nam
3069 3046 3228 3096 tanto
3256 3043 3407 3098 Deus
3435 3044 3506 3099 ab

1849 3153 1894 3214 ο
1910 3127 2234 3183 hominibus
2259 3127 2484 3197 dignius
2512 3128 2875 3184 honorandus
2903 3135 3006 3196 est,
3040 3136 3252 3201 quanto
3277 3148 3382 3204 pro
3407 3132 3505 3188 ho-

1912 3216 2159 3271 minibus
2186 3216 2505 3286 indigniora
2532 3217 2793 3288 suscepit.
2823 3217 3068 3291 (Ambr.)
3098 3220 3348 3276 Stultum
3379 3222 3502 3289 Dei,

1910 3307 2113 3378 inquit,
2143 3323 2255 3360 non
2283 3306 2418 3378 quia
2442 3323 2570 3360 vere
2586 3307 2822 3360 stultum
2849 3314 2953 3372 est,
2974 3308 3072 3362 sed
3086 3309 3222 3380 quia
3235 3309 3306 3364 ab
3325 3310 3505 3366 homi-

1911 3395 2094 3462 nibus,
2129 3395 2263 3450 dum
2295 3395 2499 3450 rationi
2516 3395 2815 3450 mundana:
2831 3413 2944 3450 non
2963 3398 3239 3466 convenit,
3267 3400 3505 3457 stultum

1913 3490 2163 3556 putatur,
2197 3501 2325 3539 cum
2355 3485 2430 3540 sit
2454 3485 2597 3539 ratio
2627 3485 2927 3556 spiritalis:
2948 3503 3014 3540 ac
3038 3504 3140 3558 per
3169 3488 3275 3544 hoc
3286 3490 3506 3562 sapien-

1912 3574 2024 3629 tius
2053 3574 2400 3645 dignoscitur
2425 3591 2545 3628 esse
2573 3573 2914 3641 hominibus,
2933 3575 3066 3646 quia
3091 3577 3369 3648 spiritalia
3379 3581 3506 3652 plus

1915 3664 2142 3736 sapiunt
2171 3681 2342 3735 quam
2369 3664 2636 3718 carnalia.
2659 3664 2784 3718 Non
2797 3664 2950 3718 enim
2977 3665 3253 3736 spiritalia
3268 3685 3371 3740 per
3383 3685 3508 3724 car-

1917 3753 2068 3808 nalia
2093 3758 2243 3820 sunt,
2263 3753 2361 3810 sed
2389 3752 2636 3808 carnalia
2662 3759 2924 3808 constant
2936 3769 3038 3825 per
3049 3755 3510 3826 spiritalia,ideo-

1919 3859 2026 3914 que
2053 3842 2306 3914 subjecta
2332 3848 2464 3896 sunt
2493 3843 2740 3896 carnalia
2765 3842 3130 3913 spiritalibus.
3160 3845 3229 3898 Et
3251 3847 3396 3913 quod
3423 3849 3511 3900 in-

1919 3936 2147 4000 ﬁrmum
2173 3937 2249 3984 est
2275 3933 2374 3986 Dei
2401 3933 2605 3998 fortius
2634 3936 2708 3982 est
2737 3931 3075 3983 hominibus.
3111 3931 3334 4002 (Maus)
3367 3933 3512 3988 Mor-

1918 4029 2032 4076 tem
2042 4062 2056 4088 ,
2075 4037 2246 4092 quam
2267 4036 2369 4074 nec
2384 4018 2652 4090 Gigantes
2665 4019 2901 4072 evadere
2915 4023 3242 4090 potuerunt,
3261 4021 3508 4077 cruciﬁxi

1919 4110 2220 4164 inﬁrmitas
2259 4107 2562 4179 superavit.
2609 4107 2852 4179 (Ambr.)
2894 4107 3027 4162 Sine
3063 4108 3234 4163 dubio
3262 4110 3510 4167 ccelestia

1919 4200 2148 4254 vincunt
2172 4203 2417 4264 terrena,
2437 4197 2803 4269 quamobrem
2835 4197 3127 4253 inﬁrmum
3153 4198 3256 4252 Dei
3285 4216 3399 4254 non
3428 4209 3515 4256 est

1921 4287 2230 4351 inﬁrmum,
2249 4286 2382 4357 quia
2396 4285 2696 4340 inﬁrmitas
2712 4285 2921 4340 Christi
2937 4302 3146 4357 magna
3159 4287 3392 4342 victoria
3407 4296 3512 4346 est.

1920 4375 2068 4429 Vicit
2094 4374 2246 4428 enim
2282 4391 2410 4428 cum
2455 4374 2633 4428 victus
2671 4373 2911 4439 videtur,
2951 4373 3098 4428 sicut
3141 4375 3224 4430 ait
3263 4375 3321 4430 in
3354 4377 3510 4431 Psal-

243 4463 429 4526 quarto
455 4456 550 4510 die
579 4455 656 4508 de
685 4461 1055 4508 monumento
1072 4455 1258 4508 vivum
1284 4454 1480 4509 exisse.
1515 4452 1693 4508 Graeci
1708 4466 1837 4505 vero

1923 4480 2014 4518 mo
2044 4480 2076 4518 L
2109 4480 2120 4516 :
2158 4464 2220 4518 Ut
2241 4465 2431 4517 vincas
2461 4478 2588 4516 cum
2611 4461 3125 4530 judicaris.Victor
3137 4463 3288 4516 enim
3303 4463 3510 4530 existit,

245 4545 572 4616 sapientiam
589 4551 874 4614 quierunt,
895 4544 1030 4615 quia
1041 4544 1242 4598 nolunt
1251 4543 1447 4598 audire
1463 4549 1838 4615 praeterquam

245 4653 358 4705 quae
385 4635 593 4689 mundi
630 4633 848 4687 ratione
874 4632 1162 4704 possibilia
1184 4639 1336 4687 sunt.

306 4763 410 4816 Nos
436 4766 637 4814 autem
661 4759 1032 4827 praedicamus
1059 4758 1343 4812 Christum
1373 4760 1725 4826 cruciﬁxum,
1743 4760 1843 4812 Ju-

245 4852 361 4903 dzis
388 4851 625 4918 quidem
653 4847 1001 4911 scandalum,
1033 4847 1285 4914 gentibus
1310 4851 1496 4900 autem
1515 4847 1838 4899 stultitiam.

247 4939 464 5000 Mira.)
497 4936 750 4990 Multum
778 4951 940 4988 suam
968 4934 1282 4989 doctrinam
1310 4934 1381 4988 ab
1409 4934 1633 4988 illorum
1675 4951 1843 4989 sensu

246 5028 556 5098 discrepare
588 5025 960 5078 demonstrat.
1001 5025 1207 5078 Iudaeis
1237 5025 1457 5092 quidem
1488 5024 1841 5077 scandalum.

249 5115 712 5170 Scandalizantur
739 5113 784 5166 si
815 5113 1046 5167 audiant
1075 5129 1108 5166 a
1147 5129 1206 5166 se
1250 5112 1536 5167 Christum
1577 5112 1722 5166 mori
1751 5127 1846 5183 po—

247 5207 428 5270 tuisse,
465 5220 646 5275 quem
675 5202 758 5256 illi
787 5202 947 5272 quasi
973 5193 1370 5256 immortalem
1411 5206 1753 5272 exspectant,
1789 5201 1846 5254 id

249 5299 337 5358 est,
371 5293 526 5366 quod
559 5289 827 5346 dicebant
857 5307 954 5344 nos
968 5292 1290 5344 audi-vimus
1320 5307 1384 5343 ea:
1411 5293 1669 5359 lcgcquia
1687 5289 1846 5344 Chri-

1923 4553 2019 4624 qui
2046 4553 2254 4623 injuste
2284 4551 2574 4617 occiditur,
2608 4566 2769 4606 reum
2799 4549 3145 4634 constituens
3173 4567 3209 4604 a
3234 4567 3345 4622 quo
3375 4551 3515 4607 occi-

1925 4641 2095 4696 ditur.

2007 4751 2195 4813 Videte,
2215 4751 2437 4817 fratres,
2456 4750 2790 4802 vocationem
2804 4749 3203 4815 vestram,quia
3220 4762 3332 4802 non
3344 4751 3517 4803 mulli

1923 4840 2190 4906 sapientes
2215 4837 2516 4890 secundum
2539 4850 2785 4901 carnem,
2808 4849 2919 4888 non
2937 4837 3107 4889 multi
3122 4841 3379 4904 potentes,
3401 4852 3517 4891 non

1928 4929 2094 4980 multi
2123 4926 2345 4980 nobiles.
2379 4923 2739 4978 Manifestum
2769 4929 2856 4978 est
2884 4923 3018 4995 quia
3049 4923 3210 4994 pauci
3249 4931 3382 4979 sunt
3418 4926 3512 4996 qui

1926 5013 2122 5070 mundi
2147 5013 2456 5068 rationibus
2484 5012 2666 5068 inﬂati
2695 5012 2874 5083 magis
2914 5029 3084 5082 quam
3119 5011 3327 5066 eruditi
3359 5019 3511 5080 sunt,

1926 5105 2031 5158 hoc
2059 5109 2162 5170 est,
2195 5103 2290 5175 qui
2317 5103 2609 5158 stellarum
2647 5109 2834 5157 motus
2863 5100 3185 5172 inspiciunt,
3217 5105 3274 5154 et
3310 5101 3515 5156 discer-

1928 5197 2088 5248 nunt.
2125 5193 2280 5264 Ipsos
2307 5198 2498 5248 autem
2529 5191 2663 5246 dicit
2675 5197 2732 5246 et
2743 5191 2916 5245 fortes
2945 5189 3512 5260 secundumcarnem,

1932 5300 2072 5354 quos
2099 5289 2157 5336 et
2183 5283 2488 5353 prudentes
2519 5301 2530 5335 :
2561 5287 2619 5335 et
2645 5281 2772 5334 ideo
2807 5279 2998 5345 fortes,
3029 5277 3164 5350 quia
3199 5277 3518 5350 passionem

251 5391 352 5437 stus
375 5387 570 5436 manet
596 5383 661 5433 in
681 5385 948 5433 aeternum
965 5378 1147 5449 (Joan.
1179 5379 1309 5450 xu);
1344 5393 1456 5432 non
1473 5377 1850 5449 intelligentes
1932 5371 2110 5427 crucis
2148 5371 2355 5426 Christi
2395 5371 2676 5424 inﬁrmam
2715 5374 2974 5423 asserunt
3013 5372 3026 5420 ε
3059 5366 3328 5438 iniquitas
3365 5369 3518 5424 enim

255 5472 374 5541 quia
399 5471 572 5524 illum
605 5468 852 5539 primum
883 5467 1004 5538 pati
1047 5467 1362 5538 oportebat,
1397 5472 1454 5520 et
1494 5467 1573 5521 sic
1600 5467 1657 5520 in
1686 5483 1847 5522 suam

255 5561 482 5629 gloriam
513 5557 791 5626 introire;
824 5557 1078 5625 gentibus
1093 5563 1281 5611 autem
1299 5559 1602 5611 stultitiam
1623 5575 1638 5620 ;
1659 5572 1854 5611 secun-

1932 5460 2094 5517 fortis
2121 5466 2178 5514 et
2207 5459 2426 5514 vincere
2453 5458 2557 5512 sibi
2583 5458 2805 5512 videtur
2831 5458 2904 5512 ad
2933 5463 3176 5529 tempus.
3206 5457 3319 5529 Ipsi
3346 5457 3518 5513 etiam

1936 5549 2150 5606 nobiles
2171 5565 2270 5620 per
2284 5565 2424 5620 quos
2439 5547 2825 5620 superstitioni
2851 5563 2966 5603 suae
2981 5547 3255 5618 originem
3269 5545 3520 5618 antiqui-

263 5649 383 5704 dum
413 5645 776 5704 mundanam
801 5646 1137 5718 sapientiam
1167 5645 1407 5702 stultitia
1420 5645 1660 5711 videtur,
1676 5645 1856 5702 Deum
1937 5639 2072 5697 tatis
2098 5637 2404 5710 assignant,
2423 5653 2526 5693 nos
2547 5637 2793 5694 novellos
2805 5637 3080 5704 dicentes;
3100 5652 3214 5692 non
3228 5651 3364 5708 ergo
3380 5635 3526 5691 hanc
