3900 6196
423 341 493 399 ιθ
1017 341 1079 396 s.
1120 337 1392 395 RABANI
1430 337 1661 396 mum
1699 331 2032 395 ARCHIEP.
2074 333 2397 393 MOGUNT.
2438 331 2736 392 sesami
2772 333 2956 391 mas
2993 293 3120 392 m.’
3622 339 3694 396 eo

426 468 895 524 asseverationem
927 466 1096 537 elegit
1117 467 1268 520 Deus
1298 481 1421 536 quae
1457 466 1518 519 in
1549 465 1741 537 paucis
1772 469 1874 519 est.
1910 463 2072 524 SedA
2089 462 2284 531 incolae
2313 463 2418 516 loci
2447 462 2598 517 illius
2623 462 2815 516 villam
2861 461 3166 532 appellant,
3195 466 3316 516 tam
3345 477 3537 532 parva,
3566 468 3694 518 tam

420 562 594 614 stulta
621 559 826 612 mundi
861 560 1018 623 elegit
1056 556 1462 622 ut'confundat
1499 557 1784 624 sapientes.
1829 553 2013 608 Stulta

422 645 620 702 mundi
647 651 781 702 sunt
806 645 1080 716 virginem
1112 642 1413 714 peperisse,
1433 649 1492 698 et
1517 643 1616 698 Dei
1642 643 1817 697 ﬁlium
1836 643 2011 697 cruci-

420 737 593 790 ﬁxum
615 753 626 789 :
647 727 799 790 credi
826 733 979 788 enim
1007 733 1113 787 hoc
1139 731 1374 788 stultum
1404 737 1583 804 putat,
1616 733 1740 785 ideo
1767 733 1918 786 Deus
1945 737 2011 787 ut

420 825 569 878 hunc
599 823 922 888 confundat,
955 822 1060 876 hos
1087 821 1275 892 elegit,
1309 819 1404 892 qui
1432 822 1536 876 hoc
1573 821 1826 885 credunt,
1859 821 2006 892 quod

417 912 509 967 hic
539 914 776 967 stultum
800 907 1017 982 judicat
1052 926 1064 963 :
1095 910 1511 965 confunduntur
1523 909 1674 964 enim
1705 909 2004 980 sapientes,

418 1000 552 1056 dum
585 1017 708 1072 quae
736 1001 896 1072 pauci
929 1005 1153 1070 negant,
1187 1000 1394 1052 multos
1430 999 1619 1052 vident
1654 999 1837 1053 fateri.
1881 999 2005 1052 Non

419 1095 503 1144 est
517 1090 668 1144 enim
685 1089 1013 1160 ambiguum
1033 1089 1340 1143 multorum
1363 1087 1672 1142 sententias
1700 1103 2005 1159 paucorum

419 1179 686 1250 anteponi
716 1178 1025 1232 sententiis.
1061 1175 1266 1247 (Greg.)
1295 1177 1492 1241 Aliter,
1527 1178 1598 1230 ad
1630 1176 2006 1246 cognitionem

421 1267 550 1322 ﬁdei
565 1267 721 1338 prius
735 1268 908 1320 stulta
922 1266 1115 1320 mundi
1128 1267 1359 1319 collecta
1372 1271 1522 1331 sunt,
1541 1272 1605 1319 ut
1620 1271 1814 1336 postea
1837 1265 2006 1318 etiam

419 1361 608 1410 astuta
634 1360 982 1420 vocarentur,
1032 1355 1206 1408 Paulo
1237 1359 1563 1419 attestante,
1597 1353 1691 1424 qui
1724 1353 1805 1406 ait
1837 1371 1848 1406 :
1883 1354 2006 1407 Νοη

417 1448 588 1497 multi
613 1447 880 1512 sapientes
907 1445 1206 1498 secundum
1235 1459 1460 1496 carnem
1491 1457 1600 1496 non
1632 1445 1802 1496 multi
1823 1447 2008 1510 poten-

419 1537 508 1596 tes,
545 1547 658 1585 non
685 1535 854 1585 mulli
883 1531 1086 1585 nobiles
1117 1551 1132 1595 ;
1167 1533 1258 1584 sed
1285 1547 1404 1600 qua:
1441 1535 1616 1584 stulta
1645 1535 1778 1584 sunt
1809 1532 2010 1583 mundi

417 1622 571 1686 elegit
591 1621 744 1684 Deus,
767 1625 829 1672 ut
846 1621 1148 1685 eorifundal
1163 1622 1449 1686 sapientes.
1468 1619 1748 1688 Tempora
1763 1633 2006 1688 namque

415 1707 878 1762 sanctzeEcclesiaa
891 1705 1398 1778 primalitterarum
1411 1706 1778 1778 perhibentur
1787 1707 2002 1776 ignara,

2093 551 2312 621 exigua,
2342 556 2460 604 tam
2490 567 2666 622 prope
2696 551 2851 608 nulla
2891 557 2979 604 est
3025 550 3132 604 nisi
3185 551 3426 622 pristina
3462 551 3692 607 Domini

2093 640 2300 694 Christi
2324 640 2614 694 nativitate
2627 638 3040 694 nobilitaretur.
3065 639 3392 710 Elegitergo
3403 639 3679 703 inﬁrmos,

2092 745 2386 800 pauperes,
2401 729 2670 794 indoctos,
2695 745 2808 786 non
2832 729 2965 800 quia
2983 728 3216 800 reliquit
3231 729 3444 794 ﬁrmos,
3459 729 3682 788 divites.

2091 819 2388 889 sapientes,
2415 817 2649 884 nobiles,
2681 817 2778 872 sed
2807 818 2855 872 si
2884 817 3036 889 ipsos
3065 817 3249 887 primo
3273 817 3530 888 eligeret,
3563 835 3685 872 me-

2091 907 2198 962 rito
2227 906 2548 962 divitiarum
2570 923 2820 974 suarum,
2845 907 3046 961 merito
3078 905 3542 972 substantiarum,
3565 924 3681 961 me-

2091 995 2198 1050 rito
2230 996 2506 1050 natalium
2534 995 2640 1049 sibi
2668 995 2800 1066 eligi
2826 995 3168 1060 viderentur,
3205 1001 3374 1067 atque
3407 996 3592 1050 inﬂati
3614 996 3685 1050 de

2089 1084 2174 1138 his
2205 1085 2371 1139 rebus
2397 1085 2640 1138 salutem
2673 1084 3008 1152 humilitatis
3041 1101 3154 1138 non
3188 1085 3523 1156 reciperent,
3555 1085 3678 1139 sine

2090 1190 2201 1244 qua
2229 1190 2396 1228 nemo
2425 1179 2610 1243 potest
2657 1173 2839 1227 redire
2871 1173 2940 1226 ad
2972 1173 3127 1227 illam
3153 1174 3348 1238 vitam,
3376 1174 3528 1228 unde
3567 1190 3683 1228 non

2091 1262 2488 1316 labereturnisi
2501 1278 2601 1332 per
2619 1262 2958 1333 superbiam.
2979 1262 3005 1332 (
3001 1265 3038 1316 Α
3051 1279 3084 1316 u
3089 1279 3122 1330 g
3132 1304 3142 1315 .
3145 1263 3170 1332 )
3187 1262 3294 1316 Sed
3307 1263 3450 1317 forte
3470 1262 3685 1318 diceret

2089 1351 2314 1422 aliquis:
2332 1351 2448 1406 Etsi
2459 1351 2576 1422 ipse
2588 1351 2878 1405 humiliter
2897 1357 3063 1406 natus
3084 1357 3188 1417 est,
3203 1351 3260 1405 in
3273 1351 3676 1422 discipulorum

2090 1439 2380 1494 nobilitate
2403 1441 2616 1508 jactare
2640 1457 2698 1493 se
2717 1440 2911 1493 voluit.
2942 1441 3069 1494 Non
3101 1439 3272 1509 elegit
3293 1457 3454 1510 reges
3473 1446 3574 1494 aut
3599 1457 3684 1494 se-

2089 1535 2331 1592 natores,
2367 1535 2467 1582 aut
2510 1529 2887 1599 philosophos,
2919 1533 3018 1582 aut
3068 1533 3338 1583 oratores.
3390 1529 3510 1584 lmo
3548 1545 3682 1582 vero

2090 1617 2260 1688 elegit
2287 1616 2552 1688 plebeios,
2586 1633 2877 1688 pauperes,
2910 1617 3180 1684 indoctos,
3213 1617 3538 1688 piscatores.
3585 1619 3688 1672 Pe-

2088 1711 2210 1760 trus
2222 1705 2480 1777 piscator,
2507 1705 2820 1776 Cyprianus
2839 1711 3046 1760 orator.
3070 1705 3191 1760 Nisi
3213 1705 3456 1760 ﬁdeliter
3476 1723 3681 1778 praece-

417 1801 481 1850 ut
507 1796 765 1852 videlicet
792 1796 1007 1851 cunctis
1035 1797 1092 1849 in
1130 1796 1586 1867 prmdicatoribus
1617 1796 1733 1850 suis
1769 1793 2065 1869 Redem-B
2089 1795 2248 1848 deret
2268 1794 2528 1866 piscator,
2545 1811 2655 1848 non
2675 1795 2964 1849 humiliter
2983 1801 3533 1866 sequereturorator.
3550 1797 3680 1850 Non

415 1889 545 1954 pter
563 1885 886 1939 ostenderet
897 1885 1044 1956 quod
1061 1885 1132 1940 ad
1147 1885 1317 1940 vitam
1339 1886 1464 1938 cred
1471 1891 1628 1940 entes
1642 1885 1877 1956 populos
1891 1901 2003 1938 non

413 1989 618 2040 sermo,
635 1971 730 2028 sed
757 1989 927 2028 causa
953 1973 1232 2028 suaderet.
1256 1975 1320 2027 Et
1354 1977 1586 2042 inﬁrma
1615 1975 1818 2027 niumli
1845 1977 2004 2042 elegit

411 2065 568 2128 Deus,
602 2068 666 2116 ut
693 2065 998 2130 confundat
1030 2066 1222 2130 fortia.
1241 2061 1482 2134 (Ambr.)
1501 2063 1656 2118 Idem
1685 2079 1882 2116 sensus
1895 2069 1998 2128 est,

415 2151 549 2221 quia
573 2151 720 2222 quod
745 2151 905 2222 pauci
928 2151 1216 2213 infirmum
1241 2157 1462 2223 putant,
1483 2151 1541 2204 hi
1565 2152 1660 2222 qui
1677 2168 1736 2205 se
1761 2151 2004 2222 pruden-

411 2246 498 2294 tes
522 2241 805 2294 zestimant
832 2241 890 2294 in
919 2241 1138 2305 saeculo,
1158 2241 1476 2294 difﬁdentes
1507 2241 1576 2294 de
1609 2257 1725 2312 spe,
1749 2257 1780 2294 a
1811 2240 2003 2294 multis

411 2328 590 2383 virtus
617 2329 904 2395 asseritur,
939 2330 1073 2400 quia
1104 2329 1268 2384 multi
1298 2329 1550 2392 credunt,
1573 2330 1722 2400 quod
1748 2329 2003 2383 inﬁdeles

411 2433 523 2472 non
551 2417 790 2472 credunt
813 2418 883 2472 ad
909 2418 1133 2472 illorum
1164 2417 1448 2472 ruborem.
1469 2418 1676 2472 Vident
1699 2418 1906 2471 etenim
1922 2417 2004 2471 in-

411 2506 577 2560 ﬁrma
592 2506 798 2562 Christi
813 2507 1105 2561 nominata
1117 2507 1410 2561 daemoniis
1429 2507 1726 2578 imperare,
1747 2505 2004 2578 prodigia

407 2593 590 2649 facere
623 2613 635 2647 :
671 2595 900 2649 inﬁrma
924 2599 1114 2649 autem
1144 2601 1278 2649 sunt
1314 2595 1524 2648 mundo
1553 2595 1856 2665 injuriae,et
1881 2611 2004 2666 pas-—

409 2682 492 2736 slo
523 2683 827 2738 Salvatoris
854 2683 1120 2737 nescienti
1155 2684 1270 2737 haec
1298 2683 1368 2737 ad
1404 2683 1668 2737 virtutem
1709 2685 1997 2754 proﬁcere,

410 2770 544 2842 quia
569 2768 694 2826 ideo
724 2769 834 2826 ista
847 2771 963 2847 pati
979 2788 1040 2826 se
1062 2772 1338 2843 permisit,
1360 2776 1424 2826 ut
1449 2772 1694 2826 vinceret
1723 2777 1996 2826 mortem:

405 2859 617 2936 injuste
648 2860 799 2915 enim
829 2859 943 2932 pati
957 2866 1015 2914 et
1031 2865 1318 2936 potentem
1348 2858 1608 2915 resistere
1635 2862 1802 2927 nolle,
1819 2862 2002 2931 gloria

409 2953 495 3004 est
523 2947 806 3020 patientis,
841 2955 899 3003 et
928 2949 1216 3004 damnatio
1253 2947 1570 3004 occidentis.
1615 2947 1680 3003 Et
1729 2951 2000 3018 ignobilia

407 3039 578 3106 hujus
603 3040 804 3092 mundi
831 3045 879 3092 et
918 3039 1349 3107 contemptibilia
1387 3041 1545 3106 elegit
1579 3041 1714 3093 Deus
1741 3054 1860 3106 quae
1889 3055 2000 3092 non

2087 1883 2156 1936 de
2174 1900 2234 1938 se
2258 1883 2554 1954 quisquam
2576 1883 2836 1955 desperet
2856 1883 3124 1954 abjectus,
3149 1889 3341 1937 teneat
3365 1885 3680 1950 Christum,

2085 1977 2142 2026 et
2164 1989 2292 2043 spes
2320 1973 2443 2042 ejus
2471 1971 2611 2025 falsa
2638 1988 2750 2026 non
2783 1972 2910 2026 erit.
2943 1975 3006 2026 Ut
3038 1989 3148 2026 non
3192 1976 3466 2040 glorietur
3493 1977 3678 2028 omnis

2085 2076 2212 2114 caro
2223 2064 2285 2113 in
2296 2065 2576 2129 conspectu
2597 2062 2710 2114 Dei.
2726 2060 2971 2132 {Ambn}
2984 2061 3046 2115 Id
3067 2067 3169 2127 est,
3185 2065 3250 2114 ut
3269 2061 3547 2132 sapientia
3557 2078 3677 2116 car-

2085 2147 2172 2202 nis
2219 2148 2512 2203 erubescat
2557 2149 2614 2203 in
2661 2165 2850 2204 errore
2897 2166 3002 2222 suo
3044 2149 3234 2220 judice
3277 2150 3394 2204 Deo
3429 2168 3439 2202 :
3475 2167 3685 2204 sensus

2085 2237 2236 2292 enim
2280 2237 2464 2292 carnis
2513 2243 2600 2292 est
2641 2237 2896 2292 difﬁdere
2951 2238 3052 2292 Dei
3101 2239 3354 2308 potentia
3397 2238 3678 2310 virginem

2088 2325 2388 2398 peperisse,
2423 2326 2552 2397 quia
2581 2327 2686 2381 hoc
2725 2327 2924 2382 mundi
2971 2327 3134 2392 ratio,
3176 2327 3270 2398 qui
3301 2335 3575 2398 cognatus
3602 2336 3688 2382 est

2087 2415 2290 2480 carnis,
2327 2432 2438 2470 non
2483 2416 2698 2486 recipit.
2729 2416 2894 2486 (Aug.
2900 2417 2928 2488 j
2956 2415 3154 2470 Videte
3206 2416 3686 2487 quemadmodum

2087 2503 2248 2559 nobis
2279 2503 2512 2558 abstulit
2538 2505 2798 2575 gloriam,
2853 2511 2916 2560 ut
2953 2506 3114 2560 daret
3139 2505 3378 2576 gloriam
3405 2525 3417 2574 ;
3449 2505 3688 2560 abstulit

2085 2599 2356 2660 nostram,
2389 2599 2454 2648 ut
2479 2593 2640 2648 daret
2666 2611 2827 2648 suam
2852 2613 2865 2662 ;
2887 2593 3119 2648 abstulit
3149 2594 3394 2659 inanem,
3425 2600 3490 2648 ut
3517 2594 3681 2649 daret

2085 2682 2307 2754 plenam
2335 2700 2348 2748 ;
2377 2682 2608 2737 abstulit
2633 2688 2949 2749 nutantem,
2983 2689 3047 2738 ut
3071 2683 3230 2737 daret
3262 2683 3518 2737 solidam.
3553 2684 3681 2738 Non

2085 2786 2219 2840 ergo
2231 2771 2356 2825 inte
2379 2770 2546 2825 debes
2565 2771 2820 2841 gloriari,
2848 2771 2996 2843 quod
3017 2771 3304 2843 prohibuit
3324 2771 3548 2826 Veritas
3572 2773 3670 2826 sed

2086 2859 2236 2929 quod
2264 2859 2344 2914 ait
2367 2859 2688 2930 Apostolus,
2717 2859 2822 2914 hoc
2848 2860 3112 2931 praecepit
3142 2858 3363 2914 Veritas
3390 2878 3401 2913 :
3432 2860 3538 2928 Qui
3564 2864 3680 2929 glo-

2082 2951 2294 3012 riatur,
2328 2951 2390 3002 in
2417 2949 2652 3002 Domino
2681 2951 2955 3017 glorietur
2980 2949 3066 3020 (II
3093 2949 3216 3004 Cor.
3247 2950 3328 3016 Χ),

2152 3037 2234 3090 Ex
2279 3040 2394 3105 ipso
2439 3039 2589 3091 enim
2620 3053 2708 3092 vos
2735 3041 2861 3091 estis
2897 3053 2960 3090 in
2992 3037 3206 3092 Christo
3228 3040 3395 3108 ,Jesu.
3429 3036 3680 3112 (Ambr.)

407 3132 556 3192 sunt,
593 3132 655 3180 ut
684 3141 745 3180 ea
773 3143 892 3195 qua
927 3132 1060 3180 sunt
1099 3127 1420 3180 destrueret.
1457 3125 1732 3198 Ignobilia
1777 3143 1910 3198 ergo
1939 3132 1996 3181 et
2017 3110 2058 3170 (ἶ
2083 3125 2158 3180 Ex
2189 3125 2330 3196 ipso,
2364 3125 2422 3179 id
2451 3131 2554 3191 est,
2605 3142 2670 3179 ex
2722 3126 2857 3192 Deo,
2893 3125 2989 3197 qui
3033 3125 3387 3198 omnipotens
3419 3131 3524 3193 est,
3557 3110 3680 3182 esse

407 3214 848 3286 contemptibilis
877 3215 1064 3285 elegit,
1082 3232 1195 3270 non
1213 3215 1346 3288 quia
1361 3232 1487 3269 vere
1515 3215 1784 3286 ignobilia
1802 3219 1858 3269 et
1873 3231 2001 3269 con-

405 3301 744 3376 temptibilis
773 3309 920 3370 sunt,
954 3304 1050 3358 sed
1083 3304 1160 3358 sic
1182 3303 1510 3375 judicantur
1536 3321 1570 3358 a
1597 3304 1826 3366 mundo,
1871 3304 2002 3375 quia

406 3377 682 3464 spernunt
699 3393 943 3448 rationes
966 3393 1280 3447 mundanas
1305 3394 1582 3447 credendo
1605 3393 1665 3446 in
1688 3393 1994 3458 Christum,

405 3487 472 3536 ut
501 3497 570 3536 ea
595 3498 718 3556 qua:
744 3487 877 3536 sunt
905 3499 1032 3536 vere
1061 3481 1327 3552 ignobilia
1351 3487 1408 3536 et
1434 3481 1880 3552 contemptibilis
1907 3482 2000 3536 de-

405 3575 667 3634 strueret,
703 3571 835 3644 quia
861 3570 967 3647 ipsi
999 3570 1176 3641 magis
1193 3571 1482 3642 judicandi
1507 3577 1564 3624 et
1588 3570 1996 3624 condemnandi

405 3666 539 3715 sunt
569 3660 664 3730 qui
687 3659 973 3731 judicent:
993 3661 1464 3714 asseverationem
1489 3659 1641 3713 enim
1667 3659 1890 3713 illorum
1913 3675 1998 3712 er-

405 3765 503 3804 ror
525 3747 772 3816 invenit;
805 3765 908 3803 nec
935 3747 1043 3802 fuit
1070 3748 1139 3802 ab
1169 3748 1360 3816 initio;
1394 3754 1588 3802 nostra
1617 3754 1806 3802 autem
1837 3747 1998 3801 disci-

404 3837 560 3910 plina
585 3837 655 3892 ab
685 3838 847 3892 initio
877 3829 980 3892 est.
1015 3835 1340 3892 Destruitur
1365 3854 1498 3908 ergo
1527 3837 1661 3892 dum
1689 3838 1808 3890 sine
1835 3837 1997 3890 testi-

409 3927 600 3982 monio
615 3927 782 3982 nudis
795 3926 980 3981 verbis
992 3927 1279 3982 asseritur.
1310 3929 1516 3982 Nostra
1542 3943 1672 3980 vero
1689 3943 1800 3980 non
1813 3926 1996 3980 verbis

403 4015 556 4080 solis,
579 4015 686 4092 sed
717 4021 774 4068 et
811 4021 955 4070 teste
980 4008 1200 4070 'virtute
1241 4009 1529 4086 probatur.
1579 4016 1763 4079 Quare
1801 4020 1994 4068 autem

403 4101 586 4174 primo
615 4102 889 4172 ignobiles
932 4121 1156 4174 paucos,
1201 4103 1511 4176 imperitos,
1556 4103 1838 4174 impolitos
1877 4105 1992 4156 ele-

2082 3231 2184 3268 nos
2211 3213 2268 3268 in
2297 3214 2406 3268 ﬁde
2439 3213 2646 3268 Christi
2671 3233 2682 3268 :
2709 3215 2808 3270 Dei
2839 3215 2990 3270 enim
3024 3215 3374 3286 propositum
3402 3221 3488 3270 est
3509 3221 3576 3270 ut
3591 3233 3682 3270 ve-

2082 3302 2308 3358 ritatem
2336 3305 2459 3374 ejus
2485 3309 2541 3358 et
2573 3303 3017 3358 misericordiam
3049 3321 3147 3375 per
3185 3304 3472 3359 Christum
3502 3305 3679 3360 disce—

2081 3409 2288 3446 remus.
2315 3393 2536 3446 Veritas
2562 3397 2648 3446 est
2673 3393 3002 3464 mysterium
3024 3393 3334 3460 Trinitatis,
3361 3393 3676 3448 misericor-

2080 3480 2173 3534 dia
2199 3497 2350 3547 vero,
2373 3481 2467 3552 qui
2497 3498 2625 3536 cum
2651 3497 2901 3535 essemus
2923 3481 3124 3552 captivi
3148 3481 3387 3554 redemit
3413 3499 3536 3536 nos.
3569 3483 3678 3548 Qui

2079 3571 2258 3636 factus
2277 3576 2353 3623 est
2376 3573 2648 3638 sapientia
2673 3571 2839 3635 nobis,
2871 3577 2919 3624 et
2937 3573 3186 3638 justitia,
3214 3576 3261 3623 et.
3285 3573 3670 3639 sanctiﬁcatio,

2080 3662 2130 3712 et
2159 3660 2475 3726 redemptio.
2497 3659 2583 3712 Ad
2613 3659 3100 3712 conﬁrmationem
3128 3659 3480 3713 credentium
3507 3661 3674 3714 Chri-

2079 3753 2230 3801 stum
2256 3746 2358 3800 Dei
2385 3747 2673 3802 voluntate
2701 3747 2838 3802 dicit
2866 3747 3043 3817 egisse
3073 3763 3196 3818 quaa
3223 3747 3414 3818 gessit,
3449 3754 3515 3802 ut
3537 3748 3675 3802 scia-

2079 3853 2205 3889 mus
2237 3853 2366 3888 vere
2398 3853 2500 3890 nos
2547 3836 2881 3908 sapientiam
2911 3836 3171 3890 didicisse
3200 3837 3257 3890 et
3295 3837 3672 3892 sanctiﬁcatos

2079 3941 2220 3992 esse,
2254 3930 2310 3979 et
2333 3925 2688 3995 justiﬁcatos,
2726 3931 2782 3979 et
2811 3925 3132 3996 redemptos
3163 3941 3197 3980 a
3225 3926 3340 3980 Deo
3373 3941 3474 3996 per
3512 3927 3674 3980 Chri-

2077 4019 2246 4081 stum,
2262 4031 2428 4068 nemo
2441 4015 2590 4068 enim
2615 4015 2708 4068 red
2717 4015 2854 4068 emit
2864 4014 2972 4068 nisi
2985 4013 3133 4085 quod
3145 4013 3330 4069 fuerat
3340 4031 3525 4068 suum.
3543 4015 3672 4070 Sive

2077 4119 2209 4172 ergo
2237 4104 2384 4174 quod
2413 4103 2688 4175 redempti
2718 4119 2929 4164 sumus,
2962 4103 3076 4156 sive
3113 4103 3262 4174 quod
3315 4103 3668 4164 sanctiﬁcati,

400 4191 550 4262 gerit
575 4190 869 4256 Dominus,
902 4207 1029 4245 cum
1059 4192 1292 4246 haberet
1327 4199 1458 4246 ante
1499 4193 1687 4246 oculos
1717 4208 1848 4246 suos
1877 4197 1995 4246 tur-
2075 4191 2130 4244 id
2163 4197 2264 4253 est,
2289 4191 2358 4245 ab
2380 4209 2546 4263 opere
2575 4191 2758 4246 carnis
2779 4197 2834 4245 et
2855 4191 3134 4244 idolorum
3155 4191 3519 4246 immunditia
3537 4207 3672 4262 pur-

399 4278 528 4332 bam
557 4293 820 4354 magnam
848 4277 906 4332 in
921 4280 1337 4350 comparatione
1363 4280 1589 4351 quidem
1619 4280 1844 4334 illorum
1861 4297 1995 4350 pau-
2073 4280 2210 4351 gati,
2235 4281 2348 4334 sive
2371 4281 2518 4352 quod
2538 4280 2830 4350 justiﬁcati
2855 4281 3088 4349 (justum
3119 4285 3205 4334 est
3251 4281 3404 4334 enim
3452 4285 3673 4335 creato—

400 4367 688 4440 periorum
717 4367 1027 4442 pauciores,
1064 4368 1160 4423 sed
1200 4369 1258 4423 in
1295 4385 1502 4439 genere
1536 4386 1639 4422 suo
1667 4369 1873 4423 multos
1905 4369 1992 4423 di-
2071 4386 2193 4423 rem
2223 4371 2403 4424 colere
2433 4369 2648 4424 cmteris
2677 4369 2920 4439 spretis),
2944 4368 3056 4422 sive
3088 4369 3238 4439 quod
3265 4369 3546 4440 sapientes
3569 4385 3671 4441 per

399 4457 559 4524 vites,
593 4453 826 4524 nobiles,
855 4457 1064 4523 doctos,
1097 4457 1394 4529 sapientes,
1426 4475 1566 4528 quos
1595 4465 1790 4530 postea
1819 4459 2128 4544 etiamDid
2141 4459 2289 4530 quod
2303 4459 2616 4512 mundanos
2627 4457 3430 4530 didicimusimperitos,totum
3444 4459 3547 4512 hoc
3558 4459 3662 4513 Dei

397 4545 640 4617 collegit,
675 4546 902 4617 exponit
925 4548 1226 4618 Apostolus
1255 4551 1667 4602 sacramentum
1702 4565 1713 4599 :
1750 4549 1990 4616 Inﬂrma
2072 4547 2409 4601 beneﬁcium
2454 4553 2539 4600 est
2560 4563 2661 4618 per
2682 4546 3334 4618 Christum.Redemptio
3354 4552 3546 4601 tamen
3565 4564 3666 4602 no-

398 4637 602 4689 mundi
626 4639 784 4702 elegit
799 4637 940 4688 Deus
955 4642 1018 4689 ut
1032 4639 1336 4704 confundat
1351 4638 1540 4705 fortia,
1571 4639 1805 4690 etstulla
1821 4637 1990 4704 νιν-1ης

399 4723 603 4777 mundi
631 4725 792 4790 elegit
819 4724 980 4789 Deus,
1009 4731 1074 4778 ut
1101 4727 1410 4794 confundat
1437 4728 1724 4794 sapientes,
1759 4731 1809 4779 et
1835 4727 1989 4791 igno-

398 4813 536 4866 bilia
564 4811 734 4878 hujus
749 4812 954 4863 mundi
967 4815 1127 4878 elegit
1140 4815 1297 4878 Deus,
1321 4820 1372 4868 et
1394 4831 1457 4868 ea
1471 4831 1590 4884 qua:
1619 4830 1729 4868 non
1757 4819 1909 4878 sunt,
1929 4813 1988 4866 id

397 4905 502 4966 est,
516 4913 632 4952 non
658 4903 1076 4968 computantur,
1094 4908 1161 4956 ut
1186 4919 1310 4973 qua
1337 4911 1470 4958 sunt
1492 4907 1849 4957 evacuentur.
1882 4903 1987 4955 Ve-

394 4994 561 5044 nerat
591 4987 745 5042 enim
772 4987 972 5041 docere
998 4989 1396 5054 humilitatem,
1428 5007 1748 5063 expugnare
1787 5007 1986 5062 super-

397 5079 580 5144 biam;
611 5081 842 5130 venerat
870 5077 1100 5132 humilis
1127 5079 1280 5134 nullo
1321 5081 1486 5134 modo
1515 5081 1604 5134 hic
1647 5081 1804 5151 prius
1842 5081 1986 5134 altos

2070 4641 2189 4690 stra
2217 4637 2333 4690 hac
2361 4641 2446 4690 est
2470 4655 2481 4702 ;
2521 4635 2725 4690 obtulit
2753 4635 2904 4689 enim
2929 4653 2988 4689 se
3018 4636 3273 4690 Christus
3321 4635 3543 4690 diabolo
3569 4652 3664 4692 cn-

2070 4724 2245 4796 pienti
2272 4730 2335 4778 ut
2365 4725 2575 4796 peccati
2602 4725 2662 4778 in
2691 4741 2750 4778 se
2777 4725 3274 4780 contradictionem
3303 4725 3570 4792 auferret,
3602 4732 3660 4780 et

2069 4813 2148 4868 sic
2173 4813 2420 4884 captivos
2441 4815 2564 4884 ejus
2584 4820 2826 4869 erueret.
2850 4813 3063 4887 {Greg.)
3085 4816 3192 4881 Qui
3208 4817 3386 4882 factus
3408 4821 3482 4869 est
3506 4817 3664 4869 nobis

2068 4905 2342 4971 sapientia
2359 4919 2395 4958 α
2417 4905 2536 4966 Deo,
2559 4909 2610 4958 et
2619 4907 2866 4972 juslilia,
2897 4921 3008 4974 qua
3036 4903 3246 4958 scilicet
3265 4903 3506 4973 justitia,
3521 4902 3658 4958 dum

2069 4991 2128 5050 in
2139 4991 2242 5045 hoc
2254 4991 2464 5046 mundo
2475 4998 2671 5047 contra
2678 4993 2796 5048 vias
2812 4999 3164 5064 peccatorum
3184 4993 3352 5054 venit,
3360 4993 3662 5063 antiquum

2067 5081 2287 5134 hostem
2297 5081 2551 5147 vicimus,
2564 5099 2719 5153 aquo
2738 5082 2886 5152 capti
2905 5081 3258 5136 tenebamur.
3275 5081 3464 5151 (Aug)
3478 5081 3657 5136 Filius

396 5183 648 5240 genere
665 5165 762 5237 qui
789 5171 908 5218 tam
939 5167 1165 5221 humilis
1185 5175 1444 5234 venerat;
1467 5170 1650 5240 primo
1669 5169 1802 5240 quia
1817 5169 1986 5239 elegit
2067 5171 2245 5226 factus
2272 5175 2357 5224 est
2383 5169 2542 5224 nobis
2562 5171 2838 5242 sapientia
2867 5187 2901 5224 a
2929 5171 3045 5228 Deo
3073 5177 3130 5225 et
3151 5171 3497 5240 justiﬁcatio,
3525 5171 3660 5241 quia

393 5257 548 5312 nasci
575 5255 646 5309 de
685 5255 786 5311 illa
833 5253 1058 5323 femina,
1094 5273 1216 5327 qua:
1242 5258 1580 5328 desponsata
1609 5264 1732 5312 erat
1775 5257 1934 5312 fabro
1966 5277 1979 5314 :
2065 5258 2454 5330 temporaliter
2480 5276 2581 5313 nos
2633 5260 2704 5313 ad
2747 5259 2906 5313 illum
2954 5259 3350 5326 convertimur,
3385 5259 3440 5313 id
3469 5266 3556 5313 est
3593 5277 3661 5314 ex

392 5360 508 5400 non
529 5343 700 5413 elegit
717 5359 851 5413 ergo
869 5345 1086 5415 amplos
1107 5347 1322 5400 natales
1341 5363 1411 5400 ne
1436 5347 1494 5400 in
1519 5347 1624 5401 hac
1644 5353 1797 5401 terra
1820 5346 1981 5401 nobi-
2065 5349 2254 5419 aliquo
2271 5355 2542 5420 tempore,
2566 5355 2631 5402 ut
2657 5365 2787 5402 cum
2813 5348 2908 5402 illo
2929 5365 3258 5402 maneamus
3279 5348 3338 5402 in
3359 5355 3654 5413 aeternum,

393 5435 528 5488 litus
551 5429 894 5502 superbimt;
928 5447 1040 5486 non
1067 5434 1236 5504 elegit
1263 5436 1461 5489 saltem
1489 5435 1641 5490 nasci
1671 5435 1728 5490 in
1758 5436 1984 5507 amplis—
2065 5443 2121 5492 et
2142 5438 2258 5508 ipse
2271 5455 2336 5492 ex
2361 5439 2603 5509 quodam
2622 5443 2893 5508 tempore.
2931 5439 3154 5492 Verbum
3177 5454 3304 5492 caro
3322 5440 3532 5504 factum
3557 5447 3652 5504 est,

389 5523 536 5578 sima
559 5519 803 5585 civitate,
823 5519 921 5574 sed
941 5527 1106 5576 natus
1127 5524 1290 5578 estin
1310 5525 1638 5579 Bethlehem
1656 5525 1831 5590 Judae,
1859 5542 1982 5596 quae
2063 5532 2112 5580 et
2139 5528 2412 5581 habitavit
2435 5530 2496 5581 in
2539 5527 2707 5590 nobis,
2733 5543 2802 5580 ea
2825 5543 2993 5598 porro
3019 5526 3244 5598 justitia'
3270 5543 3394 5597 quae
3419 5527 3556 5582 vivit
3591 5529 3652 5584 in

391 5627 497 5667 nec
793 5609 1023 5664 nomine
1051 5619 1487 5686 nuncuparetur.
1519 5614 1796 5686 hodieque
1823 5615 1979 5669 illam
2062 5615 2246 5686 seipse
2271 5616 2470 5686 procul
2494 5615 2664 5670 dubio
2701 5615 2852 5672 Deus
2889 5623 2994 5684 est,
3025 5621 3089 5672 et
3113 5616 3653 5673 ineommutabiliter
