3900 6196
287 262 328 314 2i
720 257 1298 316 ENARRATIONUM
1337 259 1416 316 IN
1456 257 1608 316 EPP'.
1655 259 1864 316 PAULI
1905 261 2039 318 LIB.
2083 265 2176 318 IX.
2213 294 2277 306 —-
2311 263 2386 320 IN
2427 263 2646 320 EPIST.
2690 267 2712 321 Ι
2752 264 2848 320 ΑΙ)
2887 265 3052 321 COR.
3457 267 3524 325 “2‘2

286 392 407 452 vivit;
436 389 584 443 sicut
614 392 809 442 autem
839 404 969 442 cum
999 387 1071 442 sit
1098 387 1155 441 in
1187 389 1371 459 seipsa
1398 388 1530 450 vita,
1551 388 1722 442 etiam
1753 389 1918 448 κιο-Α

285 480 341 534 his
365 481 420 532 ﬁt
445 478 576 540 vita,
598 493 730 531 cum
751 478 875 548 ejus
903 477 1180 531 efﬁcimur
1204 483 1487 548 utcunque
1515 477 1843 548 participes;

281 571 338 623 iis
355 583 470 621 cum
496 566 558 620 in
586 583 650 620 se
675 566 752 620 sit
761 567 1003 636 justitia,
1023 554 1194 620 etiam
1211 565 1368 620 nobis
1394 567 1457 620 fit
1476 565 1696 635 justitia
1718 583 1846 620 cum

279 659 312 711 ei
343 654 661 710 cohaerentia
708 655 964 718 vivimus,
1012 659 1070 709 et
1097 659 1255 709 tanto
1311 655 1490 724 magis
1550 655 1846 726 minusque

273 748 376 818 justi
388 762 596 806 sumus,
619 751 837 817 quanto
860 745 941 798 illi
967 745 1150 813 magis
1167 745 1466 815 minusque
1481 743 1840 798 cohzeremus.

277 836 399 890 Unde
426 835 705 905 scriptum
737 839 820 888 est
851 834 921 887 de
965 833 1253 902 unigenito
1295 831 1435 887 Filio
1467 831 1586 897 Dei,
1616 849 1743 886 cum
1774 833 1848 887 sit

275 926 432 995 utique
461 923 651 977 Patris
680 923 962 994 sapientia
991 927 1159 993 atque
1179 921 1419 991 justitia,
1453 927 1511 976 et
1541 938 1762 992 semper
1787 922 1844 975 in

271 1014 420 1085 seipse
445 1013 532 1074 sit,
567 1013 724 1083 quod
753 1013 935 1066 factus
962 1011 1034 1065 sit
1061 1009 1219 1065 nobis
1247 1011 1522 1082 sapientia
1547 1017 1605 1064 et
1621 1010 1845 1081 justitia

270 1107 314 1157 et
334 1101 710 1160 sanctiﬁcatio.
741 1106 799 1153 et
825 1100 1156 1170 redemptio.

328 1191 381 1245 Et
403 1190 866 1260 quemadmodum
895 1192 1164 1257 scriptum
1187 1195 1299 1243 est:
1326 1188 1432 1254 Qui
1457 1192 1752 1256 gloriatur,
1781 1191 1842 1242 in

270 1282 468 1336 Domino
487 1281 790 1346 glorietur.
813 1278 910 1332 Est
936 1278 1097 1348 plane
1121 1277 1214 1331 ille
1241 1293 1497 1331 summus
1525 1279 1690 1340 Deus,
1711 1293 1843 1330 vera

259 1367 468 1438 justitia,
499 1366 584 1420 vel
619 1366 718 1420 ille
749 1381 915 1420 verus
955 1365 1104 1420 Deus
1142 1381 1366 1420 summa
1395 1366 1636 1434 justitia,
1671 1382 1840 1436 quam

265 1457 475 1528 profecto
503 1456 726 1510 esurire
755 1471 820 1509 ac
849 1455 1008 1509 sitire
1037 1454 1335 1520 debemus;
1356 1471 1423 1508 ea
1454 1459 1645 1508 nostra
1675 1459 1759 1508 est
1782 1455 1840 1508 in

263 1549 349 1601 hac
374 1545 822 1620 peregrinatione
848 1543 1090 1614 justitia,
1125 1551 1181 1598 et
1221 1560 1332 1614 qua
1375 1547 1570 1614 postea
1598 1544 1840 1597 saturari

2559 391 2792 446 CAPUT
2829 391 2898 447 ΙΙ.

1931 495 2175 550 Ostendit
2201 495 2485 565 Apostolus
2513 513 2565 550 se
2585 514 2747 550 usum
2772 513 2879 550 non.
2899 500 3067 566 fuisse
3089 503 3406 556 excellentia
3423 516 3524 556 sw-

2000 569 2211 620 eularis
2230 571 2517 632 sermonis,
2541 572 2676 637 quia
2696 570 2922 636 perfecti
2941 575 3177 634 tantum,
3202 577 3265 624 ut
3281 575 3413 625 sunt
3434 572 3522 625 ho-

2001 641 2174 692 mines
2199 643 2537 708 spiritua’es,
2560 644 2788 709 possunt
2811 657 2928 695 eam
2961 657 3164 710 capere.

1999 747 2065 799 Et
2093 762 2184 813 ego
2213 761 2334 798 eum
2359 750 2620 800 venissem
2640 748 2715 801 ad
2740 763 2847 811 vos,
2869 748 3090 815 fratres,
3119 751 3243 800 veni
3266 763 3375 801 non
3395 763 3520 801 cum

1927 836 2228 887 eminentia
2268 838 2538 888 sermonis
2575 841 2674 888 aut
2715 837 2998 903 sapientia;-
3029 835 3338 904 pradicans
3376 836 3520 888 vobis

1930 925 2254 988 mysterium
2275 924 2399 977 Dei:
2425 939 2592 992 neque
2610 925 3029 992 enimjudicavi
3047 925 3186 976 scire
3208 925 3454 992 mealiqu
3465 926 3521 978 id

1927 1013 2075 1063 inter
2103 1028 2206 1074 ros,
2245 1015 2358 1065 nisi
2387 1012 2670 1066 Christum
2697 1013 2880 1065 Jesmn
2915 1017 2964 1065 et
2993 1013 3143 1066 hunc
3167 1013 3515 1079 cruciﬁxum.

1925 1098 2086 1169 (Greg
2109 1100 2225 1167 )Ac
2239 1100 2284 1154 si
2301 1101 2528 1162 diceret,
2558 1099 2700 1164 Quia
2731 1117 2826 1153 vos
2851 1117 3049 1171 capere
3065 1099 3374 1155 divinitatis
3399 1103 3521 1171 ejus

1927 1189 2196 1259 mysteria
2225 1206 2334 1243 non
2367 1207 2524 1260 posse
2555 1187 2940 1259 pensavi.'sola
2972 1189 3124 1243 vobis
3153 1189 3522 1244 humanitatis

1925 1279 2046 1346 ejus
2073 1278 2297 1331 infirma
2327 1279 2542 1332 loeutus
2571 1295 2716 1332 sum.
2735 1278 3012 1342 Quoniam
3040 1279 3296 1350 superius
3322 1279 3521 1350 grada-

1923 1365 2026 1420 tim
2056 1366 2290 1421 forrnam
2320 1367 2622 1438 disciplinae
2647 1375 2851 1422 nostra;
2874 1368 3137 1433 ostendit,
3157 1385 3305 1422 nunc
3333 1384 3443 1422 non
3460 1385 3519 1422 se

1923 1455 2088 1510 aliter
2127 1455 2236 1509 illis
2276 1455 2572 1510 tradidisse
2618 1456 2836 1527 probat,
2882 1474 3050 1528 quam
3093 1472 3215 1529 quae
3255 1457 3515 1512 ostendit.

1925 1545 2058 1615 quia
2073 1550 2130 1598 et
2145 1545 2200 1598 in
2219 1543 2536 1599 humilitate
2561 1545 2836 1600 sermonis
2860 1551 2917 1599 et
2937 1545 2993 1600 in
3010 1545 3251 1601 stultitia
3261 1545 3521 1618 praedica-

264 1637 488 1708 cnpimus
519 1656 532 1699 ;
564 1651 638 1689 ea
667 1639 864 1688 nostra
883 1638 969 1686 est
987 1633 1044 1686 in
1066 1633 1380 1687 aeternitate
1411 1633 1576 1703 plena
1597 1631 1836 1702 justitia.
1860 1707 1886 1708 ί
1923 1633 2092 1686 tionis
2119 1633 2262 1686 sicut
2279 1631 2488 1688 mundo
2501 1634 2740 1698 videtur,
2755 1635 2975 1689 locutus
2992 1635 3198 1690 estillis
3215 1635 3284 1690 de
3298 1635 3519 1690 Christo

264 1707 434 1797 (Casa)
471 1726 688 1780 Cuncta
730 1737 978 1793 namque
1007 1721 1052 1776 si
1083 1721 1154 1775 ab
1185 1737 1294 1776 uno
1325 1721 1550 1774 homine
1581 1721 1837 1775 volumus
1859 1707 1904 1766 Β
1923 1722 2286 1793 mysterium:
2325 1723 2472 1794 quod
2502 1721 2628 1777 ideo
2656 1725 2987 1795 mysterium
3020 1731 3179 1779 vocat
3209 1725 3341 1796 quia
3371 1725 3518 1798 quod

267 1814 498 1878 mutuari,
516 1819 618 1868 aut
646 1812 895 1876 difficile,
915 1817 1014 1866 aut
1032 1817 1180 1865 certe
1206 1825 1514 1880 numquam
1543 1810 1744 1863 idonea
1770 1810 1840 1863 ad
1924 1811 2274 1865 incarnatum
2299 1817 2402 1876 est,
2429 1814 2707 1867 occultum
2726 1817 2849 1867 erat
2871 1829 2906 1867 a
2932 1813 3148 1868 saeculis
3169 1813 3316 1886 apud
3339 1810 3516 1868 Deum

268 1903 568 1957 imitandum
599 1901 859 1972 exempla
887 1901 1046 1955 nobis
1074 1899 1322 1972 poterint
1350 1899 1604 1970 reperiri,
1624 1899 1755 1970 quia
1777 1898 1840 1952 li-
1922 1900 2070 1954 Deus
2097 1899 2360 1965 verbum;
2393 1901 2680 1956 hzereticos
2709 1909 2897 1956 autem
2927 1919 3048 1956 esse
3077 1903 3135 1956 in
3166 1900 3368 1974 quibus
3395 1901 3517 1973 glo-

266 1997 341 2045 cet
361 1991 581 2046 necdum
613 1991 907 2044 Christum
939 1989 1124 2044 omnia
1151 1989 1206 2042 in
1233 1988 1494 2042 omnibus
1516 1988 1726 2042 factum
1757 2004 1839 2040 se-
1921 1988 2230 2054 riabantur,
2264 1989 2398 2062 quia
2425 1998 2482 2044 et
2522 2008 2621 2062 per
2649 1989 3026 2062 eloquentiam
3055 2007 3284 2064 pravam
3312 1992 3518 2048 doctri-

264 2081 480 2134 cundum
501 2081 834 2152 Apostolum
852 2080 1122 2134 videmus.
1141 2095 1270 2131 eum
1287 2077 1344 2131 in
1361 2077 1622 2131 omnibus
1646 2083 1836 2131 tamen

265 2169 352 2222 hoc
381 2170 532 2223 modo
559 2183 883 2240 possumus.
901 2167 956 2221 id
987 2174 1088 2230 est,
1121 2183 1222 2237 per
1253 2171 1439 2236 partes
1465 2167 1522 2219 in
1553 2165 1831 2232 omnibus,

261 2259 498 2312 invenire.
531 2259 609 2312 De
641 2259 766 2328 ipso
793 2256 944 2310 enim
973 2255 1204 2312 dicitur:
1234 2256 1339 2320 Qui
1367 2256 1547 2322 factus
1576 2261 1650 2308 est
1683 2256 1834 2308 nobis

265 2361 319 2400 τε
353 2348 442 2400 Deo
475 2350 767 2416 sapientia.
801 2347 1051 2412 justitia,
1093 2347 1374 2404 sanctitas,
1421 2349 1470 2396 et
1513 2345 1826 2412 redemptio.

259 2435 390 2489 Dum
417 2451 543 2506 ergo
569 2436 628 2488 in
656 2435 767 2488 alio
801 2433 1096 2504 sapientia,
1133 2433 1193 2486 in
1225 2432 1335 2486 alio
1359 2431 1599 2501 justitia,
1635 2431 1691 2484 in
1723 2432 1832 2486 alio

261 2524 530 2586 sanctitas,
557 2525 616 2577 in
649 2523 758 2577 alio
797 2522 1192 2582 mansuetudo,
1238 2522 1295 2574 in
1342 2521 1453 2575 alio
1481 2521 1728 2580 castitas.
1775 2521 1832 2574 in

265 2611 370 2665 alio
403 2612 681 2666 humilitas
709 2612 1004 2682 reperitur,
1039 2609 1394 2664 membratim
1441 2609 1696 2679 Christus
1735 2627 1835 2680 per

263 2717 698 2773 unumquemque
741 2715 894 2755 nunc
937 2703 1256 2754 sanctorum
1298 2699 1507 2752 divisus
1551 2705 1673 2751 est:
1707 2715 1834 2752 con-

258 2791 588 2845 currentibus
621 2807 750 2844 vero
781 2788 1057 2844 universis
1087 2789 1145 2842 in
1173 2788 1448 2842 unitatem
1478 2787 1608 2840 ﬁdei
1637 2804 1701 2841 ac
1733 2788 1838 2840 vir-

255 2881 397 2940 tutis.
413 2879 660 2934 redditur
679 2880 738 2933 in
764 2879 948 2932 virum
975 2879 1301 2949 perfectum,
1325 2875 1731 2947 plenitudinem
1749 2877 1836 2930 sui

1917 2095 2049 2132 nam
2075 2079 2562 2142 commendabant,
2601 2079 2956 2151 prudentiam
2991 2080 3186 2135 mundi
3217 2085 3514 2136 sectantes.

1917 2184 2137 2222 crucem
2155 2167 2362 2222 Christi
2377 2168 2736 2234 evacuabant,
2756 2170 3146 2224 erubescentes
3160 2170 3316 2224 stulti
3333 2169 3520 2245 appel-

1916 2257 2020 2310 lari
2050 2273 2082 2310 a
2115 2257 2342 2320 mundo,
2376 2264 2440 2312 ut
2468 2275 2649 2328 neque
2675 2265 2870 2312 natum
2902 2259 3187 2313 Christum
3217 2277 3280 2312 ex
3305 2259 3518 2332 virgine

1917 2345 2301 2416 praedicarent,
2333 2363 2513 2417 neque
2541 2363 2669 2400 vere
2706 2347 3030 2401 cruciﬁxum
3069 2347 3351 2420 docerent,
3386 2349 3516 2418 quia

1915 2435 2150 2487 stultum
2171 2434 2406 2500 videtur,
2437 2435 2537 2488 Dei
2563 2433 2746 2488 Flium
2765 2440 2962 2489 natum
2979 2435 3266 2489 hominem
3281 2434 3445 2490 fateri
3463 2443 3515 2490 et

1914 2521 2256 2576 crucifixum.
2304 2522 2418 2576 Hos
2455 2528 2512 2576 et
2546 2523 2788 2577 Joannes
2826 2524 3111 2594 apostolus
3146 2523 3404 2594 designat
3430 2523 3516 2577 dl-

1913 2628 2075 2664 cens:
2114 2613 2218 2677 ()ui
2249 2618 2410 2679 negat
2441 2612 2725 2666 Christum.
2752 2617 2974 2677 venisse,
2999 2614 3378 2668 Antichristus
3407 2620 3516 2668 est:

1914 2705 1962 2753 et
1993 2717 2088 2767 qui
2123 2706 2281 2767 negat
2327 2701 2556 2766 Filium,
2591 2716 2688 2754 nec
2715 2703 2932 2756 Patrem
2964 2702 3122 2755 habet
3148 2700 3203 2772 (I
3224 2703 3384 2756 Joan.
3419 2703 3513 2772 rr);

1919 2788 2053 2859 quia
2080 2789 2264 2860 ipsum
2287 2789 2513 2844 Patrem
2536 2787 2640 2843 sibi
2675 2789 2875 2844 Filium
2895 2790 3240 2861 appellatum
3259 2789 3517 2846 dicebant

1918 2895 1983 2931 ex
2011 2877 2212 2948 quibus
2232 2878 2478 2932 Marcion
2502 2879 2675 2934 traxit
2691 2896 2959 2933 errorem.
2977 2880 3110 2944 Quae
3127 2880 3313 2950 arguit
3327 2880 3517 2935 clausa

253 2969 480 3040 corporis
495 2969 551 3023 in
566 2969 921 3038 singulorum
938 2967 1318 3020 membrorum
1344 2981 1613 3036 compage
1629 2981 1692 3018 ac
1709 2981 1832 3036 pro-
1854 3024 1892 3040 η
1915 2966 2193 3028 videntur,
2213 2967 2346 3037 quia
2375 2984 2488 3022 non
2519 2967 2615 3023 illa
2643 2969 2981 3028 manifestat.
3001 2969 3096 3023 sed
3123 2969 3361 3040 intelligi
3376 2969 3512 3027 vult.

251 3059 468 3128 prietate
499 3059 814 3130 perficiens.
846 3055 1032 3110 Donec
1061 3055 1248 3109 veniat
1276 3069 1409 3120 ergo
1440 3055 1578 3108 illud
1607 3061 1831 3125 tempus

253 3161 352 3217 quo
375 3148 442 3202 sit
468 3148 618 3202 Deus
649 3146 844 3200 omnia
873 3147 931 3200 in
958 3144 1236 3206 omnibus,
1276 3144 1334 3198 in
1362 3145 1622 3215 praesenti
1648 3150 1834 3215 potest

1916 3073 1980 3110 ex
2012 3073 2077 3109 eo
2109 3055 2255 3126 quod
2287 3057 2346 3111 in
2375 3057 2730 3128 prudentiam
2751 3058 2944 3113 mundi
2974 3058 3276 3121 invehitur,
3294 3073 3417 3132 quae
3432 3065 3517 3114 est

1915 3145 2174 3215 religioni
2201 3145 2464 3213 inimica;
2485 3163 2606 3218 quze
2636 3153 2826 3202 autem
2847 3153 2978 3202 sunt
3001 3164 3122 3219 quae
3141 3147 3374 3219 corripit
3393 3149 3516 3218 ejus

251 3235 342 3289 hoc
369 3253 471 3308 quo
500 3237 749 3290 diximus
781 3233 966 3299 modo,
1001 3233 1056 3286 id
1085 3237 1172 3288 est
1199 3247 1298 3305 per
1325 3239 1514 3305 partes
1537 3233 1828 3295 virtutum,
1909 3233 2121 3304 judicio
2148 3235 2268 3288 vult
2297 3234 2454 3297 disci,
2498 3241 2564 3289 ut
2604 3251 2837 3307 quaeque
2882 3241 3076 3290 nostra
3114 3234 3331 3306 irridet,
3365 3233 3517 3290 velut

249 3337 358 3377 esse
384 3325 438 3377 in
466 3323 732 3379 omnibus
759 3324 927 3386 Deus,
961 3322 1090 3376 licet
1114 3322 1365 3376 nondum
1405 3321 1694 3392 plenitudo
1737 3337 1832 3374 ea-

248 3429 360 3467 rum
385 3415 570 3468 omnia
589 3414 666 3467 sit
687 3413 746 3466 in
767 3411 1055 3466 omnibus:
1079 3411 1208 3481 quia
1221 3411 1353 3465 licet
1374 3425 1520 3465 unus
1546 3410 1834 3480 religionis

245 3511 431 3556 nostris
457 3504 534 3557 sit
559 3503 708 3558 ﬁnis.
743 3501 1113 3572 professiones
1141 3507 1332 3554 tamen
1363 3501 1613 3562 diversae,
1633 3498 1833 3570 quibus

242 3591 304 3644 ad
335 3592 632 3646 Dominum
660 3591 934 3654 tenditur,
968 3590 1112 3644 sicut
1137 3589 1194 3642 in
1223 3587 1612 3643 collationibus
1647 3588 1831 3642 senio-

1915 3323 2088 3377 stulta
2115 3341 2149 3376 a
2177 3339 2236 3377 se
2272 3325 2462 3378 omnia
2504 3325 2563 3378 in
2603 3323 2907 3380 Corinthiis
2948 3325 3285 3398 reprehendi
3325 3331 3514 3380 osten-

1915 3411 2040 3465 dat:
2074 3429 2274 3483 corpus
2305 3413 2454 3466 enim
2491 3414 2674 3484 ipsum
2715 3420 3009 3479 memorat,
3039 3421 3104 3469 ut
3131 3431 3198 3469 ex
3237 3429 3302 3470 eo
3334 3428 3515 3469 mem-

1914 3499 2144 3554 brorum
2174 3503 2296 3572 ejus
2333 3502 2477 3557 ratio
2517 3502 2915 3573 dignoscatur;
2965 3504 3270 3560 Corinthiis
3323 3509 3514 3560 tamen

1915 3589 2212 3644 manifesta
2239 3598 2402 3645 erant
2429 3591 2562 3662 quia
2591 3609 2788 3646 causas
2817 3593 2876 3647 in
2904 3593 3106 3664 quibus
3133 3591 3515 3664 arguebantur

244 3695 355 3733 rum
387 3681 608 3752 plenius
635 3679 1041 3751 disputandum
1072 3683 1174 3732 est.
1209 3679 1452 3749 Ideoque
1481 3677 1832 3731 discretionis
1914 3695 2025 3733 non
2053 3679 2406 3749 ignorabant.
2425 3681 2490 3734 Et
2508 3697 2599 3747 ego
2619 3685 2681 3734 in
2702 3685 3032 3750 inﬁrmitate
3049 3690 3098 3737 et
3123 3687 3317 3737 timore
3340 3685 3513 3736 multo

242 3773 292 3823 et
313 3771 676 3824 oontinentire
696 3769 880 3822 forma
899 3767 972 3822 ab
992 3768 1082 3821 his
1098 3772 1185 3821 est
1204 3767 1363 3821 nobis
1392 3766 1728 3838 peculiarius
1744 3781 1833 3820 ex-
1915 3770 2007 3835 fui
2035 3769 2186 3835 apud
2217 3783 2323 3820 ros.
2351 3770 2407 3828 (Α
2419 3771 2544 3835 mb.)
2564 3769 2849 3822 Christum
2878 3771 3029 3823 enim
3063 3771 3120 3822 in
3147 3770 3388 3824 stultitia
3413 3769 3514 3822 hu-

239 3859 498 3928 petenda,
517 3873 554 3912 a
581 3858 780 3929 quibus
804 3858 1039 3911 virtutes
1067 3857 1168 3910 has
1199 3873 1298 3927 per
1323 3856 1567 3926 gratiam
1595 3855 1836 3926 Spiritus
1918 3871 2098 3909 mana-2
2125 3855 2414 3926 sapientia:
2431 3857 2758 3926 prmdicans,
2777 3855 2967 3910 odium
2987 3853 3090 3911 sibi
3107 3862 3166 3911 et
3178 3856 3513 3928 persecutio-

239 3948 418 4002 sancti
445 3947 680 4000 uberius
705 3947 941 4001 vidimus
963 3947 1211 4012 eﬁluere,
1229 3961 1340 4000 non
1366 3945 1514 4017 quod
1539 3945 1686 3998 ullus
1713 3959 1835 4015 qua:
1919 3959 2047 3998 men
2077 3944 2430 4016 provocabat,
2463 3943 2620 4016 quasi
2655 3961 2775 3998 rem
2819 3961 3020 4000 vanam
3061 3941 3420 4014 annuntians,
3457 3953 3515 4001 et

237 4036 292 4090 in
319 4038 538 4090 multos
565 4036 738 4090 divisa
761 4043 913 4096 sunt.
931 4037 1083 4090 solus
1113 4037 1288 4107 possit
1313 4034 1621 4106 acquirere,
1653 4033 1748 4087 sed
1775 4040 1838 4088 ut
1917 4034 2270 4088 inimicitiam
2300 4034 2508 4088 Judmis
2531 4040 2699 4105 atque
2717 4034 2996 4104 gentibus.
3015 4037 3080 4091 Et
3097 4051 3273 4090 sermo
3291 4051 3444 4090 one-us
3464 4043 3514 4092 et

240 4126 292 4178 in
306 4125 394 4180 his
411 4125 578 4180 bonis
601 4141 842 4196 quorum
854 4142 1085 4196 capaces
1099 4141 1218 4179 esse
1240 4141 1536 4196 possumus
1551 4123 1620 4177 ad
1638 4139 1835 4177 eorum
1913 4125 2230 4194 pradicatio
2241 4139 2360 4178 mea
2374 4140 2482 4177 non
2497 4127 2559 4178 in
2570 4128 2978 4192 persuasionem.
2997 4127 3283 4194 sapientia
3317 4123 3514 4180 Osten-

239 4228 333 4269 nos
360 4215 744 4270 imitationem
761 4215 859 4286 qui
877 4231 972 4268 eas
997 4214 1334 4286 peculiarius
1357 4212 1836 4279 obstinuere,ten-
1917 4212 2002 4266 dit
2030 4212 2163 4282 quia
2201 4228 2272 4266 ne
2311 4211 2604 4266 hominum
2647 4212 2892 4268 favorem
2932 4213 3267 4286 acquireret,
3308 4209 3512 4267 idcirco

236 4305 448 4358 damus.
467 4305 530 4373 (Α
543 4305 714 4376 mbr.)
745 4305 808 4359 Ut
834 4305 1293 4372 quemadmodum
1311 4305 1583 4370 scriptum
1610 4302 1898 4376 agnoui“
1917 4303 2176 4356 humanae
2207 4301 2494 4372 sapientiae
2525 4302 2744 4372 placere
2785 4302 3046 4367 noluisse,
3089 4317 3271 4373 neque
3313 4299 3511 4356 verbo-

234 4396 516 4459 gtoriatur
543 4397 610 4446 in
639 4395 875 4447 Domino
901 4396 1190 4461 glorietur.
1219 4392 1336 4446 Hoc
1365 4391 1634 4462 scriptum
1664 4395 1750 4443 est
1775 4389 1899 4444 in”
1917 4407 2044 4445 rum
2071 4391 2180 4444 arti
2205 4390 2504 4456 studuisse,
2525 4391 2620 4445 sed
2639 4391 2805 4446 fidem
2830 4392 3043 4446 auctori
3061 4389 3392 4454 exhibuisse,
3413 4390 3507 4460 qui

233 4482 477 4537 Ieremia
509 4483 790 4554 propheta
817 4481 950 4546 (Jer.
985 4483 1089 4553 rx.)
1132 4481 1376 4550 Dignum
1406 4487 1492 4534 est
1527 4479 1673 4550 quod
1699 4479 1835 4532 dicit
1915 4479 2227 4534 doctrinam
2253 4493 2413 4534 suam
2437 4491 2549 4533 non
2577 4487 2778 4534 ornatu
2801 4479 3121 4534 traditionis
3147 4478 3408 4532 humanae
3423 4493 3510 4531 ac-

231 4571 507 4642 propheta
532 4575 598 4625 ut
629 4571 690 4624 in
717 4571 958 4624 Domino
985 4571 1308 4640 gloriemur.
1331 4570 1474 4634 Quia
1501 4585 1612 4623 non
1629 4569 1836 4639 poterit
1915 4568 2245 4640 ceptabilem
2277 4583 2396 4623 esse
2425 4568 2599 4622 voluit
2628 4567 2919 4622 verborum
2947 4565 3206 4639 strepitu,
3239 4566 3337 4621 sed
3373 4565 3509 4638 ipsis

227 4660 490 4714 confundi
519 4661 618 4731 qui
648 4660 925 4730 gioriatur
949 4660 1007 4713 in
1037 4660 1152 4714 Deo
1181 4678 1192 4712 :
1227 4675 1399 4730 opera
1426 4658 1576 4712 enim
1608 4658 1748 4727 ejus,
1778 4662 1834 4710 et
1917 4657 2100 4723 rebus,
2119 4657 2249 4729 quia
2271 4671 2360 4712 res
2375 4663 2505 4711 ante
2532 4655 2702 4710 verba
2725 4663 2873 4711 sunt.
2894 4655 2980 4712 Ad
3007 4661 3364 4712 ostensionem
3388 4652 3508 4726 Spi-

225 4749 648 4819 magniﬁceutia
676 4749 736 4802 in
767 4748 930 4803 rebus
956 4753 1130 4819 gestis
1151 4753 1444 4820 apparent.
1472 4748 1733 4817 Ideoque,
1753 4746 1834 4799 in-
1916 4751 2062 4802 ritus
2092 4753 2138 4802 et
2172 4750 2399 4801 virtutis
2432 4747 2546 4800 Dei.
2591 4745 2666 4800 Ut
2704 4745 2836 4816 quia
2871 4745 3072 4812 verbis,
3121 4759 3243 4818 quae
3284 4744 3509 4802 infirma

224 4839 360 4908 quit,
377 4839 808 4893 confundantur
837 4838 892 4891 in
915 4837 1080 4892 idolis
1101 4838 1237 4899 suis,
1269 4837 1362 4908 qui
1387 4851 1498 4891 non
1516 4837 1833 4908 pluuntnec
1910 4838 2071 4907 juxta
2106 4837 2371 4890 virtutem
2421 4840 2570 4900 sunt,
2619 4852 2708 4890 res
2735 4836 2902 4892 fatuae
2941 4841 3163 4908 compte
3205 4836 3508 4907 prudentes

221 4926 472 4983 fecerunt
496 4929 706 4983 malum
732 4935 790 4982 et
804 4934 1035 4981 terram.
1055 4927 1235 4981 Simili
1251 4925 1436 4992 modo,
1457 4933 1514 4980 et
1541 4925 1637 4996 qui
1664 4925 1723 4978 in
1738 4925 1836 4978 ho-
1918 4925 2196 4990 videntur,
2216 4925 2364 4979 Deus
2392 4923 2841 4995 praedicationem
2865 4941 3025 4980 suam
3047 4941 3158 4980 non
3185 4924 3508 4982 testimonio

223 5018 470 5072 minibus
510 5017 837 5089 gloriantur
866 5032 1006 5087 quos
1033 5017 1218 5070 sciunt
1255 5016 1450 5086 utique
1478 5014 1686 5069 nullius
1713 5029 1834 5069 esse
1917 5015 2212 5070 verborum
2263 5013 2439 5068 voluit
2487 5015 2886 5078 commendari,
2932 5015 3028 5070 sed
3084 5014 3401 5079 virtutibus,
3444 5020 3508 5070 ut

219 5108 462 5166 virtutis.
486 5122 668 5179 quare
697 5112 755 5161 et
773 5107 857 5160 ait
885 5105 1203 5178 Scriptum:
1243 5107 1388 5160 Vana
1408 5121 1524 5174 spes
1551 5110 1624 5157 est
1656 5107 1718 5157 in
1741 5105 1831 5156 ho-
1914 5104 2065 5160 verbi
2093 5103 2334 5158 stultitia
2361 5103 2607 5158 indicata
2629 5104 2789 5161 factis
2820 5121 2878 5159 se
2905 5104 3239 5176 sapientiam
3270 5101 3503 5157 demon-

219 5201 366 5251 mine
399 5198 597 5255 (Ereti.
635 5197 854 5263 xxmv).
877 5195 968 5250 Sic
993 5196 1124 5250 enin
1155 5195 1248 5266 qui
1277 5194 1553 5266 gloriatur
1580 5209 1692 5247 non
1720 5193 1828 5247 nisi
1911 5200 2118 5249 straret
2134 5191 2373 5263 spiritali
2393 5193 2610 5248 ratione
2632 5193 2882 5248 fundata.
2901 5194 3409 5262 Sapientiamenim
3431 5193 3506 5245 lo-

216 5286 268 5340 in
295 5287 544 5341 Domino
572 5285 874 5357 gloriatur,
909 5299 1035 5338 cum
1067 5283 1351 5355 cognoscit
1393 5299 1506 5338 non
1533 5299 1699 5337 suum
1731 5282 1827 5336 sed
1910 5286 2143 5352 quimur
2160 5284 2310 5335 inter
2326 5284 2602 5350 perfectos.
2623 5283 2740 5338 Hoc
2767 5289 2852 5337 est
2881 5284 3029 5338 inter
3047 5298 3143 5338 eos
3165 5281 3260 5355 qui
3281 5295 3502 5341 crucem

215 5375 361 5430 illius
387 5393 531 5444 esse,
551 5391 670 5430 non
695 5374 880 5428 solum
907 5380 970 5428 ut
989 5374 1078 5437 sit,
1096 5390 1292 5428 verum
1313 5373 1486 5427 etiam
1511 5378 1577 5427 ut
1594 5372 1827 5427 nonnisi
1915 5372 2122 5427 Christi
2159 5371 2386 5425 virtutis
2421 5371 2744 5426 testimonio
2771 5372 3106 5445 sapientiam
3132 5371 3409 5426 fatentur:
3445 5369 3504 5425 hi

1911 5462 2062 5517 enim
2087 5461 2368 5532 sapientes
2391 5465 2450 5514 et
2469 5459 2698 5532 perfecti
2725 5469 2857 5518 sunt
2883 5462 2977 5534 qui
3001 5457 3170 5518 fidem
3195 5475 3308 5518 non
3325 5459 3504 5540 magis

1911 5549 2093 5604 verbis
2121 5549 2348 5614 habent,
2377 5563 2548 5620 quam
2577 5549 2763 5605 rebus.
2802 5551 3147 5620 Sapientiam
3175 5557 3360 5607 autem
3393 5563 3502 5602 non

214 5465 280 5516 ab
313 5461 418 5520 illo
447 5465 591 5520 bene
625 5464 736 5518 sibi
765 5463 862 5516 sit.
895 5479 931 5517 a
958 5479 1068 5533 quo
1095 5462 1266 5518 habet
1294 5469 1359 5517 ut
1388 5463 1480 5517 sit.
