3974 6188
339 262 408 322 23

934 261 996 317 Β.
1038 260 1310 317 RABANI
1348 258 1579 316 MAURI
1616 258 1952 319 ARCHJEP.
1992 258 2318 316 MOGUNT.
2358 257 2656 315 OPERUM
2691 256 2877 314 PARS
2913 256 3014 314 Ill.

3536 244 3606 313 2t

342 389 511 458 hujus
539 388 744 442 smli.
763 387 934 442 Recte
949 385 1034 440 ait
1053 386 1386 456 sapientiam
1405 399 1517 438 non
1537 383 1707 452 hujus
1723 385 1929 446 saeculi,
1947 384 2001 445 Α
2016 383 2250 456 impiam
2276 383 2573 452 faciebant,
2593 400 2707 440 non
2725 390 2889 440 erant
2904 383 3098 439 nescii.
3127 382 3402 438 Dominus
3417 388 3615 437 tamen

342 475 441 531 sed
460 474 658 543 futuri,
678 474 740 530 in
763 491 876 547 quo
896 474 1101 529 veritas
1120 472 1221 528 Dei
1248 471 1584 542 negantibus
1609 469 1927 543 apparebit:

343 565 449 621 hoc
475 563 630 620 enim
653 565 920 620 saeculum
960 562 1238 618 rationem
1284 561 1429 617 hanc
1451 577 1569 616 non
1597 560 1746 632 capit
1774 559 1933 614 inﬁr-

341 653 540 710 mitate
567 652 921 726 cogitationis
936 657 1194 707 terrenae.
1218 651 1398 721 Neque
1409 653 1738 721 principum
1766 650 1934 719 hujus

340 745 529 798 saeculi
551 745 652 813 qui
669 744 1058 798 destruantur.
1088 739 1447 796 Manifestum
1468 745 1556 795 est
1572 755 1686 794 non
1708 754 1829 794 esse
1850 754 1936 793 sa-

341 831 612 904 pientiam
622 831 765 886 hanc
775 829 1090 902 principum
1100 829 1270 902 hujus
1279 828 1939 900 mundi,quiadestruun-

342 918 519 976 turab
528 919 626 975 illa
641 937 654 974 :
669 919 1063 976 Christianitas
1076 918 1228 974 enim
1238 935 1434 974 omnes
1446 917 1688 974 destruit
1695 933 1933 983 errores,

345 1025 486 1081 quos
523 1007 658 1064 alibi
680 1008 982 1082 Apostolus
1006 1007 1385 1076 enumerat,id
1405 1012 1508 1075 est,
1536 1005 1932 1074 idololatriam,

345 1097 643 1153 avaritiam
671 1103 730 1154 et
755 1103 959 1154 cetera
985 1097 1141 1165 vitia,
1190 1097 1337 1153 sicut
1360 1096 1497 1152 dicit
1531 1096 1775 1152 Joannes
1801 1112 1938 1168 apo-

344 1186 522 1242 stolus
543 1204 556 1241 :
578 1189 808 1258 Propter
824 1188 924 1242 hoc
940 1190 1087 1243 venit
1106 1189 1284 1242 Filius
1308 1188 1410 1243 Dei
1445 1191 1509 1241 ut
1532 1189 1759 1242 solveret
1776 1201 1939 1256 opera

348 1276 559 1332 diaboli
577 1274 802 1353 (lJoan.
818 1276 1093 1345 ru).—Sed
1111 1279 1397 1345 loquimur
1413 1276 1514 1331 Dei
1530 1277 1865 1345 sapientiam
1878 1277 1943 1329 in

347 1368 630 1434 mysterio,
649 1381 770 1436 qua:
794 1366 1112 1421 abscondita
1138 1370 1233 1420 est.
1257 1364 1551 1421 Occultum
1569 1379 1798 1419 sensum
1824 1378 1942 1417 ma-

348 1453 615 1509 nifestare
634 1453 873 1510 missum
892 1471 951 1509 se
968 1459 1229 1521 testatur,
1253 1470 1420 1526 quem
1438 1469 1623 1526 neque
1642 1451 1940 1525 principes,

348 1559 530 1614 neque
561 1548 868 1615 potestates
900 1543 1128 1611 scirent,
1159 1558 1343 1615 neque
1372 1542 1619 1598 mundus
1644 1541 1939 1608 audierat;

350 1648 416 1686 ac
437 1648 540 1704 per
554 1632 661 1687 hoc
679 1633 918 1688 stultum
935 1633 1143 1705 putari,
1161 1633 1297 1706 quia
1314 1631 1664 1703 incognitum
1683 1636 1796 1697 est;
1823 1646 1944 1684 esse

2015 472 2330 545 majestatis
2361 473 2570 528 dicitur
2587 473 2903 541 cruciﬁxus,
2917 489 3046 529 cum
3077 471 3224 528 mori
3240 470 3478 526 nesciat:
3510 469 3610 525 sed

2016 561 2152 634 quia
2180 563 2407 619 Verbum
2442 578 2571 618 caro
2590 564 2802 632 factum
2832 567 2928 629 est,
2958 561 3017 616 id
3053 566 3158 628 est,
3190 559 3294 615 Dei
3324 558 3500 615 Filius
3519 558 3611 614 in-

2015 655 2281 707 carnatus
2322 651 2492 707 homo
2536 650 2719 707 factus
2754 655 2859 718 est,
2900 649 3008 724 ipsi
3043 649 3290 722 ascripta
3321 654 3410 704 est
3436 664 3610 715 mors,

2017 739 2153 812 quia
2180 739 2360 795 Judaei
2396 755 2511 795 non
2545 739 2742 811 utique
2771 754 2999 794 carnem
3024 736 3305 811 persecuti
3331 742 3484 803 sunt,
3514 735 3616 791 sed

2017 844 2148 884 eum
2170 829 2267 901 qui
2287 827 2627 902 operabatur
2645 844 2747 901 per
2764 843 3018 895 carnem;
3033 843 3102 882 ac
3119 843 3221 899 per
3236 825 3343 880 hoc
3359 825 3617 897 quamvis

2016 917 2292 974 Dominus
2341 917 2656 990 majestatis
2704 922 2947 973 mortem
2974 916 3218 987 ignoret,
3249 919 3525 987 quantum
3543 913 3620 968 ad

2019 1007 2342 1064 Judaeorum
2368 1013 2562 1063 tamen
2588 1012 2783 1063 votum
2820 1006 3084 1079 pertinet,
3115 1012 3174 1060 et
3197 1003 3270 1060 ad
3298 1002 3621 1076 principum

2019 1097 2191 1168 hujus
2227 1096 2435 1165 saeculi,
2491 1096 2797 1152 Dominum
2844 1094 3169 1151 occiderunt
3200 1093 3263 1149 in
3310 1108 3496 1148 carne.
3539 1091 3623 1147 Ex

2020 1185 2203 1241 forma
2231 1186 2382 1241 enim
2429 1185 2574 1241 servi
2603 1185 2900 1241 cruciﬁxus
2928 1188 3017 1239 est
3042 1189 3102 1239 et
3125 1187 3319 1237 tamen
3344 1180 3622 1237 Dominus

2021 1274 2215 1347 gloriae
2247 1275 2545 1331 cruciﬁxus
2574 1279 2693 1330 est:
2721 1274 2855 1330 talis
2883 1273 3036 1329 enim
3065 1277 3190 1328 erat
3215 1271 3315 1326 illa
3339 1270 3625 1342 susceptio

2024 1382 2148 1437 quae
2186 1365 2367 1423 Deum
2403 1364 2691 1420 hominem
2738 1363 2964 1432 faceret,
2994 1367 3054 1418 et
3089 1361 3377 1417 hominem
3414 1361 3620 1416 Deum.

2031 1456 2212 1524 (AugJ
2272 1453 2419 1520 Quid
2467 1459 2662 1510 tamen
2713 1458 2943 1526 prOpter
2997 1451 3152 1524 quid,
3207 1455 3268 1506 et
3311 1449 3625 1505 secundum

2029 1544 2164 1616 quid
2189 1543 2428 1610 dicatur,
2452 1542 2756 1615 adjuvante
2774 1540 3292 1613 Domino,prudens
3309 1543 3368 1594 et
3381 1537 3627 1609 diligens

2025 1633 2202 1688 lector
2230 1632 2514 1704 intelligit.
2545 1633 2694 1688 Nam
2722 1649 2848 1687 ecce
2865 1630 3129 1696 diximus,
3152 1629 3288 1701 quia
3312 1627 3628 1683 secundum

350 1726 542 1776 autem
563 1721 838 1777 rationale
867 1728 925 1778 et
951 1723 1198 1778 salutare
1223 1728 1369 1778 teste
1387 1721 1615 1784 virtute,
1646 1720 1737 1776 cui
1755 1718 1941 1774 omnis
1956 1711 2006 1772 B
2027 1721 2087 1777 id
2116 1721 2267 1793 quod
2294 1721 2447 1777 Deus
2475 1728 2563 1777 est
2579 1721 2858 1792 gloriﬁcat
2883 1736 3034 1781 suos,
3063 1717 3372 1774 secundum
3389 1716 3495 1771 hoc
3514 1715 3629 1770 uti-

348 1809 587 1866 intentio
605 1810 754 1869 cedit
770 1810 1006 1869 rationis
1024 1811 1304 1867 humanae.
1327 1809 1669 1866 Abscondita
1694 1815 1784 1865 est
1811 1824 1946 1880 ergo

2029 1827 2138 1883 que
2157 1809 2308 1883 quod
2322 1811 2597 1867 Dominus
2615 1811 2810 1882 gloriae
2828 1815 2934 1877 est,
2948 1815 3007 1864 et
3022 1814 3214 1864 tamen
3225 1805 3497 1863 Dominus
3504 1804 3629 1875 glo-

352 1899 456 1955 Dei
491 1899 788 1972 sapientia,
826 1899 964 1955 dum
1008 1917 1121 1956 non
1166 1900 1226 1956 in
1273 1899 1476 1967 verbis,
1525 1900 1624 1955 sed
1654 1899 1712 1954 in
1739 1898 1947 1953 virtute
2028 1900 2126 1956 riae
2141 1900 2438 1956 cruciﬁxus
2463 1906 2568 1967 est,
2607 1899 2743 1972 quia
2767 1906 2918 1954 recte
2942 1897 3168 1964 dicitur,
3189 1902 3248 1951 et
3272 1896 3422 1952 Deus
3440 1894 3628 1949 cruci-

352 1992 465 2057 est;
498 2004 613 2044 non
638 1988 890 2045 humana
916 1989 1135 2045 ratione
1152 1989 1450 2062 possibilis,
1480 1989 1580 2045 sed
1609 1987 1854 2060 Spiritus
1873 1985 1949 2041 ef-
2029 1990 2173 2044 ﬁxus
2205 2005 2319 2044 non
2346 2005 2416 2043 ex
2440 1988 2649 2044 virtute
2683 1986 3014 2055 divinitatis,
3062 1985 3160 2041 sed
3198 2001 3267 2040 ex
3292 1983 3630 2040 inﬁrmitate

354 2076 546 2133 ﬁcacia
571 2077 868 2133 credibilis.
907 2078 1074 2146 Quem
1097 2080 1510 2149 praedestinavit
1531 2078 1673 2133 Deus
1690 2081 1822 2132 ante
1849 2093 1948 2131 sae.
2031 2079 2234 2133 carnis.

357 2169 484 2222 cula
505 2168 571 2221 in
589 2170 830 2237 gloriam
848 2173 1118 2223 nostram.
1132 2168 1322 2240 Usque
1341 2167 1482 2223 adeo
1502 2183 1636 2222 vera
1652 2164 1949 2239 sapientia,
2105 2167 2211 2224 Sed
2235 2170 2380 2222 sicut
2407 2169 2679 2237 scriptum
2708 2173 2785 2222 est
2807 2186 2824 2222 :
2845 2166 2997 2234 ροιιά
3014 2168 3204 2222 oculus
3224 2179 3336 2219 non
3353 2164 3514 2231 vidit,
3536 2179 3640 2218 nec

359 2262 419 2312 et
442 2271 572 2311 cum
598 2255 715 2312 Deo
735 2272 960 2328 semper
977 2256 1149 2313 fuisse
1168 2257 1506 2325 declaratur,
1519 2261 1585 2311 ut
1601 2261 1733 2311 ante
1752 2255 1956 2310 saecula
2035 2260 2197 2312 auris
2215 2258 2452 2323 audivit,
2474 2273 2572 2312 nec
2592 2259 2653 2312 in
2681 2271 2775 2311 cor
2801 2256 3045 2310 hominis
3073 2254 3336 2318 ascendit,
3356 2268 3477 2321 qua
3486 2267 3640 2322 prae-

357 2344 756 2418 praadestinata
773 2345 833 2401 in
849 2346 1092 2417 gloriam
1113 2352 1365 2402 nostram
1385 2345 1624 2412 dicatur,
1653 2344 1751 2417 qui
1773 2343 1956 2399 credi-
2032 2348 2262 2417 paravit
2279 2346 2422 2400 Deus
2438 2345 2799 2414 diligentibus
2808 2360 2955 2399 eum.
2976 2342 3170 2409 (Ambr
3193 2344 3208 2412 )
3228 2342 3348 2397 Hoc
3365 2341 3647 2413 scriptum

360 2450 507 2489 mus.
522 2433 795 2490 Prmscius
815 2435 969 2490 enim
988 2435 1140 2491 Deus
1159 2451 1380 2491 errores
1397 2435 1618 2490 futuros
1643 2433 1702 2489 in
1723 2432 1954 2499 mundo,
2041 2441 2129 2491 est
2153 2434 2213 2489 in
2230 2433 2567 2507 Apocalypsi
2584 2433 2735 2501 Elim,
2752 2433 2813 2488 in
2830 2433 3200 2505 Apocryphis.
3214 2432 3325 2487 Per
3336 2430 3442 2486 hoc
3455 2445 3647 2485 exem-
3755 2421 3761 2427 ’

363 2539 534 2595 quem
567 2530 692 2579 erat
732 2523 1001 2593 facturus,
1048 2524 1156 2580 hoc
1190 2524 1438 2580 decrevit
1475 2523 1547 2579 ad
1576 2522 1962 2579 confusionem
2043 2524 2201 2596 plum
2217 2523 2570 2596 inopinatam
2587 2539 2708 2578 rem
2723 2522 2930 2578 factam
2946 2521 3102 2589 dicit,
3125 2527 3184 2577 et
3194 2538 3319 2594 qua:
3332 2536 3446 2583 non
3458 2519 3649 2574 solum

363 2611 589 2668 illorum
620 2613 718 2685 qui
743 2612 848 2668 sibi
868 2613 1170 2668 stultitiam
1197 2612 1535 2685 sapientiam
1553 2611 1756 2668 facturi
1777 2615 1959 2678 erant,
2044 2613 2104 2668 in
2142 2613 2457 2668 humanum
2485 2628 2716 2668 sensum
2769 2627 2884 2667 non
2913 2611 3157 2678 caderet,
3187 2610 3287 2665 sed
3306 2614 3365 2664 et
3389 2608 3652 2664 celestes

363 2700 437 2757 ad
463 2706 716 2759 nostram
745 2707 939 2756 autem
962 2701 1203 2773 gloriam
1230 2701 1328 2773 qui
1355 2701 1625 2757 credituri
1653 2716 1880 2755 eramus
1907 2705 1965 2754 et
2045 2701 2328 2774 potentias
2357 2702 2579 2768 lateret,
2601 2700 2705 2757 Dei
2730 2700 2944 2756 scilicet
2959 2700 3165 2756 Filium
3181 2699 3558 2763 incarnatum,
3576 2703 3649 2752 ut

359 2788 660 2845 credimus.
678 2789 853 2858 Quam
875 2806 1032 2845 nemo
1043 2793 1373 2861 principum
1383 2791 1553 2860 hujus
1569 2793 1758 2845 δεταιιί
1774 2804 1964 2858 cogno-
2045 2790 2195 2863 quod
2217 2807 2393 2862 supra
2416 2790 2633 2846 dixerat
2648 2790 2918 2856 ﬁrmaret,
2935 2789 3070 2861 quia
3083 2788 3133 2844 si
3161 2787 3443 2860 principes
3467 2785 3648 2857 hujus

361 2881 471 2934 vit:
491 2881 544 2934 si
560 2881 711 2934 enim
727 2881 1113 2948 cognovissent,
1138 2895 1451 2949 numquam
1470 2881 1774 2935 Dominum
1796 2881 1964 2947 mqie—
2045 2879 2233 2936 saeculi
2252 2879 2557 2936 Dominum
2565 2879 2856 2935 hominem
2869 2877 3077 2935 factum
3092 2894 3208 2933 non
3218 2876 3641 2942 intellexerunt,

363 2969 525 3023 statis
549 2970 971 3036 cruciﬁeissent.
1002 2968 1292 3040 Principes
1320 2968 1490 3040 hujus
1517 2967 1703 3024 saeculi
1729 2983 1844 3023 non
1870 2983 1961 3021 so-
1989 3031 2024 3041 ‘_
2045 2974 2258 3041 quanto
2294 2969 2476 3040 magis
2510 2968 2788 3024 homines.
2822 2969 2932 3024 Sed
2957 2968 3007 3023 si
3035 2966 3206 3022 verba
3241 2964 3646 3022 offendiculum

364 3057 486 3113 lum
501 3031 760 3112 homines
776 3056 1129 3129 accipiendos
1137 3031 1460 3113 Iudaeorum
1472 3074 1538 3113 ac
1552 3058 1959 3123 Romanorum,
1981 3031 2028 3094 (ἶ
2044 3031 2131 3113 vel
2151 3031 2479 3114 scandalum
2505 3057 2803 3125 faciebant,
2833 3055 3135 3113 virtutibus
3160 3061 3355 3111 tamen
3378 3058 3438 3109 et
3462 3052 3647 3124 signis

367 3144 465 3201 sed
492 3149 552 3200 et
577 3145 682 3200 hos
709 3145 988 3218 principes
1016 3152 1074 3201 et
1103 3152 1409 3218 potestates
1433 3163 1574 3218 quos
1598 3162 1768 3219 supra
1801 3145 1959 3213 dixit,
2045 3148 2185 3203 ﬁdes
2222 3164 2338 3203 non
2374 3146 2648 3202 debuerat
2686 3146 2987 3219 denegari:
3032 3143 3352 3201 inﬁrmitati
3391 3142 3545 3197 enim
3582 3150 3648 3196 et

367 3233 442 3290 ad
458 3249 599 3306 quos
622 3250 753 3290 vere
778 3235 1026 3306 pertinet
1044 3235 1257 3291 dictum
1285 3236 1410 3303 hoc,
1423 3236 1692 3291 adversus
1709 3250 1850 3307 quos
1868 3251 1966 3290 no-
2046 3236 2379 3309 ignorantiaa
2422 3237 2685 3292 humanae
2734 3236 2915 3291 virtus
2972 3234 3246 3290 debuerat
3287 3231 3539 3306 praeponi
3583 3239 3647 3287 et

370 3322 459 3379 bis
485 3321 804 3379 colluctatio
835 3329 922 3379 est
958 3327 1245 3394 spiritalia
1288 3328 1546 3395 nequitiae
1574 3328 1639 3381 in
1670 3325 1966 3381 caelestibus
2047 3326 2199 3382 credi
2240 3326 2391 3398 quod
2426 3325 2689 3381 humanae
2715 3325 2922 3381 rationi
2954 3323 3301 3396 irupossibile
3324 3320 3643 3385 videbatur,

375 3412 529 3483 (Eph.
559 3415 654 3482 ιν),
702 3413 836 3485 quia
863 3413 1095 3469 consilio
1121 3430 1188 3469 ac
1215 3414 1503 3471 voluntate
1528 3413 1757 3470 illorum
1793 3412 1969 3468 cruci-
2048 3416 2288 3488 ideoque
2316 3414 2680 3487 diligentibus
2708 3413 3033 3481 Dominum,
3063 3413 3123 3468 id
3154 3418 3258 3480 est,
3288 3409 3650 3468 credentibus

375 3502 518 3557 ﬁxus
541 3505 629 3556 est
655 3500 930 3557 Christus.
955 3502 1210 3574 Denique
1228 3509 1357 3575 post
1373 3501 1714 3559 tentationes
1731 3505 1965 3568 recessit,

372 3589 474 3658 ait,
504 3591 757 3646 diabolus
785 3607 956 3661 usque
983 3593 1058 3647 ad
1086 3597 1295 3663 tempus
1311 3594 1468 3662 (Luc.
1499 3594 1595 3663 ιν),
1627 3597 1688 3647 et
1709 3591 1830 3664 ipse
1857 3592 1972 3646 Do-

374 3678 596 3735 minus:
626 3681 905 3750 Princeps,
932 3679 1137 3753 inquit,
1161 3683 1330 3751 hujus
1347 3682 1553 3736 mundi
1568 3684 1718 3736 venit
1735 3685 1784 3735 et
1807 3683 1866 3735 in
1889 3697 1975 3735 me

374 3771 591 3824 invenit
619 3769 769 3825 nihil
777 3771 962 3843 (Joan.
978 3776 1114 3839 xrv).
1128 3769 1417 3843 Principes
1431 3786 1565 3844 ergo
1591 3770 1764 3842 hujus
1785 3768 1974 3825 saeculi

373 3872 476 3928 per
490 3857 873 3929 ignorantiam
893 3858 1199 3915 Dominum
1217 3859 1534 3932 majestatis
1553 3858 1967 3915 cruciﬁxerunt.

376 3945 524 4001 Nam
541 3947 865 4003 Iudaeorum
876 3948 1174 4021 principes,
1199 3949 1480 4021 quomodo
1501 3949 1783 4021 principes
1803 3948 1974 4019 hujus

377 4035 566 4090 saeculi
610 4042 848 4107 possunt
882 4037 1141 4109 intelligi,
1190 4037 1287 4110 qui
1317 4043 1481 4093 erant
1519 4037 1757 4109 subjecti
1799 4054 1974 4108 regno

376 4123 651 4193 Romano,
683 4131 741 4181 et
766 4141 948 4198 neque
978 4127 1362 4182 Romanorum
1387 4126 1667 4198 principes
1690 4125 1975 4181 cruciﬁxe-

380 4217 515 4268 runt
541 4213 830 4270 Christum
853 4233 866 4283 ;
885 4215 1092 4288 quippe
1111 4232 1240 4272 cum
1261 4215 1466 4271 dixerit
1481 4214 1720 4272 Pilatus:
1736 4214 1974 4273 Nullam

2051 3504 2389 3577 praeparavit
2429 3504 2642 3560 donum
2670 3503 2792 3560 hoc.
2826 3506 3012 3573 (Λαυρ)
3041 3502 3242 3570 Aliter,
3272 3499 3422 3574 quod
3451 3499 3652 3554 oculus

2055 3611 2169 3649 non
2190 3593 2349 3661 vidit,
2367 3593 2503 3666 quia
2518 3610 2634 3649 non
2652 3599 2740 3648 est
2758 3593 2930 3659 color,
2951 3609 3056 3648 nec
3079 3591 3237 3647 auris
3262 3588 3495 3656 audivit,
3512 3587 3654 3661 quia

2055 3700 2169 3739 non
2201 3688 2288 3739 est
2305 3699 2498 3751 sonus,
2521 3700 2626 3738 nec
2651 3683 2712 3738 in
2739 3699 2836 3737 cor
2852 3681 3099 3737 hominis
3114 3678 3386 3746 ascendit,
3407 3677 3543 3750 quia
3554 3694 3657 3732 cor

2054 3772 2300 3828 hominis
2327 3772 2461 3828 illuc
2484 3771 2653 3827 debet
2679 3771 2999 3828 ascendere.
3029 3771 3195 3827 Nobis
3228 3784 3356 3827 vim
3390 3769 3656 3822 revelavit

2053 3864 2324 3918 Dominus
2345 3877 2448 3932 per
2474 3861 2754 3932 Spiritum
2784 3877 2971 3916 suum.
3006 3860 3208 3930 (Hien)
3229 3858 3288 3915 Si
3316 3856 3510 3913 oculus
3534 3870 3653 3912 non

2052 3950 2196 4006 vidit
2220 3967 2324 4005 nec
2350 3951 2505 4006 auris
2536 3950 2755 4006 audivit
2770 3966 2894 4022 qua:
2916 3948 3253 4022 praeparavit
3268 3948 3418 4003 Deus
3432 3945 3523 4001 his
3553 3945 3653 4017 qui

2054 4039 2300 4110 diligunt
2326 4056 2476 4106 eum,
2493 4039 2775 4111 quomodo
2792 4039 2945 4093 idem
2964 4038 3265 4110 Apostolus
3287 4035 3474 4103 infert,
3496 4035 3654 4089 nobis

2053 4133 2241 4182 autem
2272 4130 2533 4183 reuelauit
2554 4129 2693 4183 Deus
2712 4143 2815 4197 per
2832 4127 3111 4197 Spiritum
3131 4143 3299 4180 suum
3315 4132 3339 4180 7
3360 4124 3419 4180 Si
3442 4123 3652 4178 revela-

2053 4222 2179 4272 tum
2225 4222 2314 4272 est
2351 4216 2620 4288 Apostolo
2646 4215 3152 4287 intelligendumne
3177 4221 3267 4270 est
3293 4213 3443 4286 quod
3469 4218 3529 4268 et
3555 4211 3653 4266 ille

377 4317 605 4357 causam
631 4307 828 4358 mortis
850 4307 1068 4360 invenio
1086 4307 1150 4360 in
1169 4321 1227 4360 eo
1243 4306 1426 4375 (Joan.
1448 4304 1587 4375 nx),
1612 4303 1762 4359 unde
1781 4309 1841 4359 et
1856 4313 2039 4374 ma-D
2056 4304 2183 4361 aliis
2222 4304 2582 4373 revelaverit;
2619 4310 2790 4377 atque
2830 4304 3012 4359 brevis
3052 4303 3342 4376 responsio
3384 4308 3489 4368 est,
3536 4317 3653 4355 non

379 4389 650 4459 nuslavit,
663 4391 854 4448 dicens
871 4393 1081 4450 Judaeis
1096 4412 1108 4447 :
1130 4396 1398 4450 Innocens
1417 4409 1510 4462 ego
1518 4408 1690 4449 suma
1700 4395 1974 4462 sanguine

369 4483 515 4550 justi
528 4480 717 4552 hujus,
730 4498 821 4537 vos
830 4482 1314 4556 valeritisulatth.
1328 4483 1500 4549 xxvrr)
1515 4499 1528 4534 :
1551 4481 1609 4536 hi
1621 4497 1755 4552 ergo
1772 4481 1976 4554 princi-

382 4584 481 4640 pes
503 4570 902 4627 cruciﬁxerunt
919 4571 1243 4638 Dominum,
1269 4587 1410 4643 quos
1426 4569 1796 4643 triumphavit
1803 4570 1976 4626 libere

380 4655 441 4710 in
450 4657 773 4730 semetipso.
795 4659 1221 4724 Quamvisdicat
1231 4660 1410 4715 Lucas
1419 4659 1762 4731 evangelista
1783 4659 1853 4715 de
1862 4660 1978 4716 dae-

380 4743 676 4801 monibus:
707 4746 961 4803 Sciebant
985 4751 1137 4804 enim
1156 4748 1442 4804 Christum
1460 4751 1645 4818 ipsum
1669 4765 1775 4804 esse
1791 4751 1978 4805 Jesum

378 4833 532 4904 (Luc.
553 4833 658 4905 rv);
708 4835 958 4892 scierunt
983 4836 1213 4909 quidem
1232 4836 1422 4909 ipsum
1449 4853 1590 4903 esse,
1639 4838 1737 4910 qui
1766 4838 1827 4894 in
1854 4839 1978 4910 lege

380 4922 693 4997 promissus
739 4930 880 4992 erat,
932 4925 1267 4998 mysterium
1306 4930 1500 4982 tamen
1536 4927 1660 4998 ejus
1688 4944 1800 5000 quo
1829 4928 1980 4983 ﬁlius

380 5010 485 5066 Dei
520 5018 607 5069 est
650 5013 994 5070 nesciebant.
1024 5015 1144 5070 Hoc
1172 5015 1345 5070 etiam
1373 5021 1432 5071 et
1458 5016 1659 5072 Petrus
1695 5017 1980 5090 apostolus

383 5097 457 5155 ad
480 5101 754 5174 populum
779 5102 1075 5159 Iudaicum
1103 5092 1242 5158 dicit
1265 5105 1325 5175 (Α
1333 5109 1402 5158 ct.
1430 5107 1537 5177 ru):
1571 5105 1711 5171 Scio,
1745 5107 1971 5175 fratres,

380 5191 516 5257 quia
536 5206 642 5261 per
670 5194 1057 5262 ignorantiam
1081 5195 1321 5262 gessistis
1352 5193 1452 5249 hoc
1488 5198 1725 5262 malum,
1756 5197 1901 5250 sicut
1929 5199 1979 5248 et

376 5280 662 5349 principes
689 5283 876 5348 vestri,
900 5297 1014 5337 non
1030 5287 1224 5338 tamen
1249 5283 1454 5340 saeculi.
1478 5282 1538 5339 Si
1553 5300 1690 5357 ergo
1707 5298 1810 5357 per
1822 5283 1980 5355 igno-

382 5365 627 5423 rantiam
672 5369 820 5425 servi
855 5370 1180 5428 occiderunt
1212 5373 1538 5441 Dominum,
1578 5379 1870 5446 peccatum
1895 5374 1978 5429 eis

380 5453 586 5513 ascribi
609 5473 726 5515 non
749 5457 950 5516 debet:
998 5461 1097 5518 sed
1131 5477 1245 5517 non
1281 5461 1416 5518 liuet
1440 5462 1548 5517 hoc
1578 5460 1860 5534 ignorare.
1908 5463 1981 5519 Et

381 5546 638 5616 quamvis
658 5546 963 5608 Dominum
980 5567 1104 5608 esse
1122 5551 1444 5620 nescierint,
1466 5556 1681 5618 tamen,
1701 5551 1838 5629 quia
1857 5567 1979 5610 rem

2054 4394 2260 4451 debere
2290 4395 2598 4466 requirere,
2624 4394 2761 4466 quid
2790 4394 2867 4449 sit
2892 4393 3032 4449 illud
3061 4392 3211 4465 quod
3231 4409 3335 4448 nec
3350 4390 3545 4447 oculus
3574 4389 3656 4443 vi-

2055 4485 2159 4553 dit,
2176 4501 2280 4540 nec
2306 4484 2462 4540 auris
2489 4483 2724 4549 audivit,
2757 4499 2862 4538 nec
2887 4482 2948 4538 in
2972 4498 3070 4537 cor
3084 4481 3332 4537 hominis
3359 4477 3651 4536 ascendit:

2059 4571 2109 4628 si
2130 4573 2283 4628 enim
2297 4572 2593 4644 ignoratur
2605 4571 2886 4643 quomodo
2903 4569 3035 4625 sciri
3053 4574 3242 4642 potest
3257 4568 3409 4642 quod
3420 4566 3658 4640 promit-

2057 4661 2201 4717 titur
2225 4661 2287 4717 in
2312 4660 2521 4729 futuro,
2541 4676 2655 4715 non
2682 4659 2932 4714 cernitur
2948 4658 3009 4714 in
3030 4658 3322 4731 praesenti;
3342 4673 3471 4730 spes
3500 4655 3655 4711 enim

2060 4768 2184 4824 quae
2212 4750 2453 4819 videtur,
2472 4765 2587 4804 non
2613 4755 2701 4804 est
2726 4765 2874 4821 spes,
2896 4747 2996 4804 sed
3014 4749 3137 4820 jam
3161 4754 3317 4803 certa
3336 4744 3617 4819 possessio

2061 4840 2340 4914 quomodo
2388 4838 2438 4893 si
2478 4837 2615 4893 velit
2651 4837 2933 4910 quispiam
2972 4835 3176 4905 dicere,
3232 4835 3465 4892 ostende
3514 4833 3659 4889 mihi

2061 4930 2211 5002 quod
2238 4926 2584 5000 impossibile
2622 4932 2727 4993 est,
2767 4926 2997 4998 loquere
3022 4925 3173 4998 quod
3199 4923 3385 4981 audiri
3414 4939 3529 4979 non
3556 4939 3661 4995 po-

2060 5023 2192 5086 test,
2211 5032 2423 5090 expone
2445 5015 2594 5088 quod
2614 5032 2728 5072 non
2744 5014 3173 5088 comprehendit
3189 5014 3440 5069 humana
3450 5011 3663 5083 cogita-

2057 5109 2159 5165 tio.
2179 5107 2324 5177 Ergo
2352 5105 2458 5161 hoc
2482 5121 2652 5161 sensu
2680 5103 2981 5177 Apostolus
2997 5103 3204 5158 dixisse
3220 5102 3532 5159 credendus
3550 5105 3660 5168 est,

2062 5196 2213 5270 quod
2230 5194 2549 5251 carnalibus
2565 5193 2741 5250 oculis
2757 5198 2817 5248 et
2834 5209 2973 5248 aure
2988 5191 3222 5261 carnali,
3241 5198 3302 5247 et
3316 5189 3661 5247 cohitatione

2063 5285 2309 5354 mortali,
2340 5300 2455 5340 non
2481 5283 2699 5356 possint
2727 5281 3007 5354 spiritalia
3030 5279 3450 5354 comprehendi.
3491 5280 3588 5335 Et:
3607 5281 3661 5334 si

2058 5377 2211 5432 enim
2239 5390 2566 5430 noveramus
2582 5372 2863 5443 quondam
2883 5373 3069 5426 Iesum
3086 5373 3388 5426 secundum
3407 5384 3657 5437 carnem,

2059 5465 2152 5519 sed
2174 5479 2328 5519 nunc
2343 5466 2471 5532 jam
2492 5477 2604 5517 non
2625 5462 2880 5515 novimus
2908 5475 3065 5525 eum;
3097 5465 3156 5515 et
3172 5459 3233 5515 in
3258 5457 3492 5515 Joannis
3520 5457 3656 5530 Epi-

2061 5552 2208 5610 stola
2230 5549 2526 5608 scribitur:
2562 5550 2912 5615 Charissimi,
2947 5564 3103 5606 nunc
3119 5550 3232 5618 ﬁlii
3245 5549 3347 5605 Dei
3362 5563 3574 5614 sumus,
3608 5554 3658 5602 et
