3974 6188
291 334 341 389 25
704 320 1283 377 ENARRATIONUM
1318 321 1398 376 IN
1436 321 1588 376 EPP.
1633 320 1847 376 PAULI
1888 317 2026 374 LIB.
2067 317 2160 372 IX.
2198 348 2262 358 —
2292 318 2370 374 IN
2401 318 2621 375 EPIST.
2656 320 2679 374 Ι
2719 320 2815 374 AD
2855 319 3016 374 00R.

3431 313 3500 369 26

294 457 463 512 necdum
482 449 831 516 mani/estur):
858 453 931 501 est
958 448 1094 516 quid
1109 447 1302 515 futuri
1314 463 1523 511 sumus,
1548 450 1879 515 quoniamA
1900 450 2001 503 Dei
2030 448 2220 504 docuit
2238 462 2340 502 nos
2370 445 2649 517 quodscit
2676 444 3027 508 naturaliter,
3061 458 3174 496 non
3200 442 3415 505 doctus,
3442 447 3499 493 et

296 544 527 599 ridebimus
563 546 690 591 eum
727 539 897 591 simili
930 541 1003 589 est
1038 537 1085 599 (Ι
1111 538 1274 590 Joan.
1308 540 1403 604 in).
1439 535 1708 605 Quodque
1738 552 1822 589 re-

294 634 479 688 velatum
503 626 600 681 sibi
631 634 689 681 et
715 626 921 679 sanctis
961 641 1063 696 per
1105 623 1377 695 Spiritum
1409 640 1529 678 esse
1559 629 1817 691 testatur,

297 738 377 777 non
396 717 560 773 statim
583 716 860 785 sequitur,
874 720 937 768 ut
956 714 1077 784 ipse
1096 713 1223 767 aliis
1250 713 1545 778 revelarit;
1571 712 1823 782 alioquin

297 808 457 864 audivit
488 810 539 859 et
575 804 633 858 in
682 803 942 876 paradiso
986 802 1154 856 verba
1192 800 1515 865 ineffabilia,
1550 818 1672 872 qua:
1697 800 1824 855 aliis

297 913 469 954 narrare
504 910 607 948 non
648 899 889 964 poterat,
940 898 1039 946 aut
1090 891 1139 945 si
1166 891 1433 957 narravit,
1466 907 1824 961 nequaquam

297 985 532 1042 ineffabilia
556 988 701 1037 sunt.
729 982 968 1048 (.rlmbr.)
998 982 1147 1035 Nam
1167 980 1299 1051 quia
1328 980 1607 1051 principes
1637 980 1824 1033 saeculi

298 1078 373 1130 hoc
394 1071 708 1144 ignorabant,
731 1071 883 1124 Deus
912 1070 1015 1124 hoc
1044 1086 1146 1141 per
1174 1070 1448 1142 Spiritum
1476 1086 1643 1123 suum
1674 1086 1825 1123 reve-

300 1164 400 1218 lavit
421 1161 765 1227 credentibus,
788 1160 924 1230 quia
952 1176 1042 1213 res
1074 1158 1175 1213 Dei
1197 1175 1309 1212 non
1332 1164 1518 1228 potest
1542 1158 1665 1211 sine
1696 1157 1821 1228 Spi-

299 1254 381 1307 ritu
403 1252 486 1306 Dei
509 1249 725 1304 addisci.
757 1250 905 1303 Nam
936 1265 1048 1302 non
1082 1248 1264 1302 solum
1291 1246 1616 1301 hominibus
1643 1264 1823 1301 sacra-

298 1348 499 1395 mentum
515 1339 647 1393 istud
664 1338 902 1392 missum
930 1354 989 1391 se
1007 1337 1143 1407 dicit
1153 1337 1457 1402 declarare,
1481 1336 1579 1391 sed
1594 1342 1651 1390 et
1666 1336 1823 1407 prin-

297 1429 469 1500 cipibus
495 1434 542 1482 et
576 1426 944 1498 potestatibus
973 1427 1032 1480 in
1059 1425 1377 1481 coelestibus
1399 1426 1494 1496 qui
1520 1425 1825 1479 Dominum

300 1518 642 1582 crucifixerunt,
687 1521 753 1571 ut
802 1517 906 1570 hoc
932 1516 1267 1587 praedicante
1304 1515 1363 1568 in
1394 1515 1578 1579 terris,
1611 1514 1829 1568 discant

296 1607 368 1677 qui
384 1616 499 1661 sunt
514 1608 561 1660 in
579 1604 891 1660 carnalibus
911 1605 1084 1669 caelis,
1106 1605 1200 1675 qui
1228 1605 1441 1674 degunt
1458 1603 1561 1657 sub
1581 1603 1827 1656 elemen-

294 1697 348 1749 tis
370 1694 689 1749 ﬁrmamenti.
705 1695 810 1748 Hic
837 1711 969 1763 ergo
992 1694 1295 1763 singularis
1328 1692 1613 1763 apostolus
1637 1698 1739 1753 est,
1773 1698 1831 1744 et

1902 538 2092 593 docuit
2120 554 2222 592 nos
2251 536 2319 589 de
2348 534 2615 606 mysterio
2643 534 2870 599 Christi,
2901 533 2997 603 qui
3028 548 3139 586 non
3170 530 3351 584 solum
3382 528 3501 599 Spi-
3565 530 3568 534 λ

1906 627 2045 681 ritus
2073 627 2174 681 Dei
2207 631 2310 691 est,
2345 625 2442 678 sed
2472 630 2529 677 et
2560 623 2786 676 Christi.

1975 718 2079 771 Nos
2107 721 2293 769 autem
2324 730 2433 767 non
2462 715 2726 780 spiritum
2752 713 2921 779 hujus
2942 714 3144 765 mundi
3170 713 3493 778 accepimus,

1905 808 1994 859 sed
2022 806 2301 873 Spiritum
2333 805 2433 871 qui
2459 817 2522 855 ea:
2548 802 2652 855 Deo
2682 806 2776 853 est.
2805 801 2948 854 Hinc
2978 800 3185 853 scimus
3212 799 3345 870 quia
3373 799 3501 869 Spi-

1907 895 2079 947 ritum
2101 894 2196 964 qui
2216 893 2285 946 de
2313 892 2429 945 Deo
2451 896 2537 944 est
2555 890 2890 960 accepimus,
2911 889 3045 960 quia
3058 888 3253 943 mundi
3273 887 3504 958 spiritus

1908 1000 2020 1036 non
2050 988 2235 1052 potest
2261 981 2421 1045 scire,
2467 996 2588 1050 quae
2619 978 2687 1032 ab
2716 979 2820 1032 hoc
2851 978 3012 1032 nobis
3044 978 3330 1032 insinuata
3349 984 3499 1030 sunt.

1908 1071 2151 1142 Spiritus
2171 1076 2362 1124 tanien
2388 1069 2583 1123 mundi
2602 1068 2690 1121 hic
2721 1075 2824 1133 est,
2843 1085 2945 1139 per
2967 1084 3134 1138 quem
3156 1065 3506 1137 arripiuntur

1905 1160 2151 1225 fanatici,
2179 1160 2273 1231 qui
2304 1159 2426 1212 sine
2460 1158 2574 1211 Deo
2605 1164 2764 1211 sunt:
2801 1162 2887 1210 est
2913 1157 3063 1210 enim
3091 1156 3240 1209 inter
3264 1154 3504 1208 munda-

1906 1267 2007 1303 nos
2060 1248 2291 1319 spiritus
2344 1247 2545 1317 potior,
2601 1247 2750 1301 unde
2804 1246 2947 1299 solet
2995 1244 3332 1315 conjecturis
3384 1260 3506 1313 quae

1906 1339 2103 1392 mundi
2126 1344 2257 1391 sunt
2273 1338 2544 1401 divinare,
2567 1352 2734 1406 quem
2756 1336 3061 1406 pythonem
3081 1334 3384 1404 appellant.
3405 1332 3508 1385 Hie

1907 1427 2058 1481 enim
2089 1433 2192 1491 est,
2228 1427 2323 1497 qui
2366 1442 2466 1497 per
2499 1424 2828 1478 verisimilia
2856 1423 3071 1477 fallitur
3100 1429 3158 1476 et
3193 1422 3372 1488 fallit;
3418 1421 3508 1473 hic

1910 1524 2024 1581 est,
2080 1516 2175 1587 qui
2227 1532 2328 1586 per
2375 1514 2634 1585 sibyllam
2688 1515 2903 1567 locutus
2942 1518 3058 1579 est,
3109 1527 3338 1565 sensum
3376 1527 3506 1563 nos-

1908 1611 2063 1658 trum
2091 1610 2334 1669 secutus,
2374 1604 2555 1657 locum
2586 1603 2777 1656 volens
2815 1602 2964 1655 inter
2998 1601 3250 1655 caelestes
3278 1598 3503 1652 habere.

1916 1695 1977 1747 Ut
1997 1697 2254 1757 sciamus,
2277 1710 2397 1761 quae
2414 1709 2448 1745 α
2473 1695 2576 1745 Deo
2606 1694 2811 1744 donata
2832 1696 2963 1744 sunt
2996 1691 3164 1743 nobis.
3192 1688 3333 1752 Quia
3357 1688 3508 1741 enim

293 1785 363 1855 qui
397 1785 530 1838 hanc
557 1784 787 1854 gratiam
837 1787 1167 1837 consecutus
1208 1788 1311 1846 est,
1357 1781 1491 1851 quia
1528 1781 1822 1835 Trinitatis
1842 1774 1889 1834 B
1911 1782 2012 1835 Dei
2032 1782 2274 1853 Spiritus
2294 1781 2459 1834 datus
2479 1786 2565 1834 est
2585 1779 2763 1846 nobis,
2779 1780 2986 1833 scimus
2998 1779 3291 1849 quaeaDeo
3302 1763 3509 1829 donata

296 1873 573 1943 mysterium
583 1889 611 1925 a
620 1872 772 1926 nullo
785 1872 865 1925 sic
875 1871 1059 1942 potuit
1070 1870 1355 1941 explanari
1372 1888 1385 1936 ;
1399 1870 1548 1924 unde
1559 1874 1617 1923 et
1625 1886 1718 1923 ras
1730 1874 1828 1923 ele-

292 1964 469 2015 ctionis
487 1960 638 2013 divino
644 1959 857 2030 judicio
873 1960 1146 2013 vocitatus
1168 1964 1271 2012 est.
1298 1958 1545 2027 Spiritus
1558 1963 1707 2012 enim
1719 1974 1831 2011 om-

291 2053 367 2104 nia
391 2055 659 2114 :rrutatur,
691 2051 857 2102 etiam
890 2049 1177 2117 profunda
1204 2050 1321 2102 Dei.
1349 2048 1534 2115 (Aug.)
1568 2048 1692 2101 Non
1720 2046 1830 2100 uti-

295 2156 397 2209 que,
410 2141 482 2192 ut
495 2138 611 2207 quod
630 2137 811 2191 nescit
836 2137 1103 2203 inveniat,
1138 2136 1235 2192 sed
1258 2137 1391 2208 quia
1403 2136 1544 2189 nihil
1560 2135 1830 2206 relinquit

298 2228 484 2280 omnino
499 2226 625 2297 quod
652 2226 884 2280 nesciat.
914 2227 1150 2293 (Ambr.)
1178 2225 1324 2289 Quia
1346 2225 1499 2279 enim
1519 2226 1589 2278 de
1609 2225 1724 2278 Deo
1744 2231 1831 2279 est

304 2316 371 2368 hic
388 2315 609 2386 Spiritus,
633 2315 825 2369 omnia
848 2316 1019 2368 novit.
1050 2316 1148 2369 Dei
1164 2316 1451 2383 profunda
1482 2319 1671 2368 autem
1704 2313 1828 2367 ideo

302 2404 490 2475 ait,quia
504 2420 708 2457 omnem
730 2404 995 2457 virtutem
1016 2408 1072 2457 et
1095 2403 1485 2474 przescentiam
1497 2404 1545 2472 ej
1556 2419 1620 2456 us
1632 2403 1787 2456 novit
1812 2420 1823 2454 :

304 2493 414 2563 quod
445 2494 644 2547 omnino
685 2498 957 2547 creaturae
998 2491 1342 2563 impossibile
1379 2497 1482 2545 est.
1518 2492 1649 2558 Quis
1679 2494 1829 2545 eriim

303 2585 379 2634 scit
400 2583 646 2635 hominum
666 2599 728 2637 ea
757 2598 877 2651 qua
896 2586 1027 2635 sunt
1048 2582 1307 2645 hominis,
1346 2583 1460 2634 nisi
1485 2583 1721 2649 spiritus
1742 2581 1833 2634 ho-

307 2673 440 2722 minis
461 2672 545 2737 qui
558 2668 625 2741 ξίη
656 2673 773 2740 ipso
799 2676 920 2723 est?
959 2668 1318 2724 Manifestum
1349 2674 1436 2722 est
1464 2668 1832 2738 cogitationes

306 2764 477 2811 nostras
500 2776 529 2811 a
573 2758 722 2812 nullo
764 2758 915 2823 sciri,
962 2757 1072 2811 nisi
1103 2758 1173 2811 ab
1198 2758 1388 2811 animo
1418 2762 1629 2823 nostro,
1662 2772 1829 2826 quem

302 2847 506 2916 spiritum
529 2848 676 2902 dixit.
713 2848 898 2916 (.4ug.)
943 2847 1198 2918 Denique
1238 2847 1298 2900 in
1338 2846 1639 2915 Evangelio
1681 2845 1830 2899 inter

1911 1874 2043 1924 sunt
2060 1869 2221 1924 nobis
2245 1888 2255 1922 :
2287 1886 2397 1923 non
2421 1869 2571 1922 enim
2592 1868 2708 1921 haec
2733 1884 3030 1939 possumus
3057 1868 3219 1931 scire,
3245 1865 3293 1919 si
3314 1865 3507 1919 mundi

1911 1959 2172 2030 spiritum
2215 1958 2569 2023 haberemus,
2615 1957 2748 2027 quia
2789 1974 2900 2011 non
2930 1963 3114 2028 potest
3145 1956 3285 2010 scire
3313 1954 3509 2008 mundi

1912 2048 2161 2119 spiritus.
2198 2049 2436 2102 Sensum
2469 2048 2620 2100 enim
2648 2047 2749 2101 Dei
2778 2063 2942 2100 nemo
2970 2046 3142 2110 novit,
3172 2044 3281 2098 nisi
3314 2043 3409 2114 qui
3442 2042 3510 2095 de

1910 2139 2026 2192 Deo
2047 2144 2132 2191 est
2154 2137 2397 2208 Spiritus
2416 2136 2536 2191 Dei.
2562 2135 2835 2190 Inferiora
2853 2134 3004 2188 enim
3026 2151 3136 2189 non
3159 2139 3394 2205 possunt
3421 2148 3510 2186 su-

1911 2226 2195 2297 periorum
2226 2226 2368 2280 scire
2397 2225 2712 2291 consilium,
2728 2242 2909 2296 neque
2930 2229 3187 2278 creatura
3209 2220 3511 2276 conditoris

1910 2315 2235 2385 dignoscere
2267 2315 2632 2369 voluntatem.
2668 2314 2792 2380 Qua:
2831 2320 2880 2366 et
2933 2315 3234 2381 loquimur.
3280 2312 3353 2364 Ut
3383 2311 3513 2365 hinc

1912 2404 2272 2457 manifestum
2318 2403 2394 2456 sit
2423 2402 2564 2456 scire
2595 2419 2695 2456 nos
2734 2419 2856 2472 quae
2896 2418 2928 2455 a
2971 2402 3086 2454 Deo
3113 2399 3274 2453 nobis
3305 2399 3513 2454 donata

1911 2497 2061 2557 sunt,
2100 2492 2233 2562 quia
2267 2491 2383 2544 haec
2413 2498 2470 2544 et
2514 2491 2814 2561 loquimur,
2856 2496 2920 2543 ut
2947 2495 3003 2543 et
3043 2489 3137 2542 alii
3166 2488 3387 2541 discant
3413 2506 3515 2559 per

1914 2580 2226 2634 doctrinam
2273 2579 2605 2651 spiritalem.
2648 2577 3112 2633 Prasdicatoribus
3141 2576 3311 2642 enim,
3343 2577 3398 2631 id
3428 2584 3515 2631 est

1912 2670 2198 2740 apostolis,
2232 2669 2519 2722 insinuata
2560 2668 2827 2721 divinitus
2870 2672 3019 2732 sunt,
3058 2683 3180 2737 quae
3221 2665 3516 2720 traderent

1913 2758 2151 2830 populis,
2184 2764 2241 2812 et
2268 2758 2620 2811 addiscerent
2645 2757 2925 2827 principes
2954 2757 3121 2826 hujus
3152 2756 3338 2810 saeculi
3378 2756 3514 2826 quid

1913 2847 2273 2901 admisissent
2314 2846 2467 2900 mali.
2521 2845 2708 2914 (Aug.)
2742 2847 2888 2899 Nam
2931 2862 3060 2899 cum
3091 2845 3364 2898 Dominus
3391 2845 3509 2899 ait:

302 2943 454 2989 (mera
478 2937 546 2991 sic
571 2938 681 2991 ait:
704 2938 773 2992 Et
790 2939 1025 3005 spiritus
1053 2940 1169 3005 ejus
1199 2952 1445 2989 reversus
1465 2940 1540 2989 est
1565 2936 1638 2988 ad
1668 2937 1831 2988 illam
1917 2937 2057 3003 Quia
2094 2952 2280 2990 servus
2314 2938 2481 2989 nescit
2508 2937 2644 3003 quid
2672 2937 2845 3003 faciat
2872 2936 3143 2988 Dominus
3184 2938 3299 3011 ejus
3331 2936 3511 3001 (Joan.

302 3024 582 3094 (Hatth.1x).
622 3027 867 3097 Spiritus
906 3025 1151 3079 hominis
1198 3025 1257 3078 in
1294 3023 1587 3094 scripturis
1628 3023 1834 3077 dicitur
1864 3094 1893 3097 __
1916 3029 2032 3089 xv),
2065 3042 2167 3078 nos
2209 3031 2401 3078 autem
2434 3021 2770 3090 charissimi,
2816 3028 2881 3077 ut
2919 3023 3085 3077 amici
3120 3023 3347 3077 Domini
3391 3040 3513 3076 esse

298 3111 435 3182 ipsius
455 3115 633 3169 animos
656 3115 912 3186 potentia
938 3114 1248 3179 rationalis,
1277 3130 1389 3184 qua
1418 3112 1593 3166 distat
1621 3129 1655 3165 a
1674 3128 1833 3183 peco-
1851 3094 1895 3153 (ἶ
1917 3114 2216 3185 possimus,
2273 3113 2407 3184 quid
2459 3118 2649 3166 noster
2704 3113 2977 3166 Dominus
3028 3112 3214 3178 faciat,
3273 3112 3513 3165 sciamus

300 3200 434 3265 ribus,
459 3210 507 3255 et
541 3204 616 3258 eis
660 3208 879 3258 natura:
924 3204 1045 3273 lege
1079 3202 1422 3269 dominatur,
1456 3202 1525 3255 de
1556 3217 1665 3272 quo
1700 3201 1837 3255 dicit
1917 3219 2029 3256 non
2082 3203 2265 3256 solum
2321 3202 2472 3255 enim
2532 3201 2808 3265 homines,
2855 3218 3049 3256 verum
3107 3201 3277 3254 etiam
3333 3201 3515 3270 justus

295 3290 563 3360 Apostolus:
597 3294 764 3347 Nemo
792 3295 897 3347 scit
925 3309 985 3345 ea
1014 3309 1133 3360 quae
1160 3297 1292 3345 sunt
1312 3293 1576 3356 hominis,
1598 3293 1712 3344 nisi
1728 3294 1836 3359 spi-
1915 3292 2035 3362 ipse
2105 3292 2238 3345 facit
2308 3308 2429 3356 nos,
2504 3297 2563 3345 et
2626 3307 2739 3344 non
2807 3289 2914 3360 ipsi
2968 3307 3116 3356 nos;
3175 3296 3241 3344 ut
3299 3296 3356 3343 et
3414 3290 3517 3342 hoc

296 3381 413 3431 ritus
445 3381 663 3435 hominis
701 3385 805 3451 qui
842 3382 902 3435 in
931 3384 1042 3450 ipso
1063 3386 1158 3434 est.
1182 3381 1362 3434 Nemo
1392 3380 1544 3433 enim
1565 3380 1671 3433 scit
1698 3380 1833 3450 quid
1916 3380 2177 3446 sciamus,
2236 3379 2359 3450 quis
2414 3380 2520 3433 nisi
2549 3380 2669 3450 ipse
2726 3379 2859 3433 facit
2898 3379 2921 3431 ’ἶ
2974 3380 3101 3433 Non
3155 3379 3305 3432 enim
3356 3378 3517 3449 spiri-

296 3474 457 3537 agatur
480 3469 530 3523 in
554 3471 799 3535 homine,
823 3470 932 3524 nisi
963 3469 1196 3540 spiritus
1225 3468 1469 3522 hominis
1498 3469 1593 3539 qui
1624 3468 1684 3521 in
1711 3468 1834 3539 ipso
1916 3476 2040 3524 tum
2054 3469 2223 3539 hujus
2238 3468 2435 3523 mundi
2451 3468 2890 3539 accepimus,sed
2911 3468 3185 3539 Spiritum
3202 3467 3297 3539 qui
3313 3484 3378 3520 ex
3402 3468 3517 3520 Deo

297 3565 376 3621 est,
401 3558 551 3614 donec
576 3560 763 3614 veniat
789 3559 1083 3623 Dominus,
1115 3566 1172 3612 et
1198 3558 1480 3611 illuminet
1508 3556 1837 3611 abscondita
1920 3564 2022 3622 est,
2038 3563 2103 3612 ut
2118 3557 2377 3623 sciamus,
2394 3575 2517 3627 quae
2533 3558 2697 3611 aDeo
2722 3558 2931 3611 donata
2957 3563 3091 3611 sunt
3105 3556 3284 3621 nobis,
3308 3555 3378 3609 ab
3396 3556 3518 3626 ipso

296 3645 597 3702 tenebrarum
613 3655 670 3703 et
687 3648 1013 3703 manifestet
1029 3647 1396 3717 cogitationes
1417 3646 1619 3712 cordis,
1634 3652 1699 3700 ut
1715 3663 1829 3711 eas,

300 3750 382 3787 non
412 3737 571 3790 solum
607 3738 847 3809 quisque
886 3754 1016 3791 suas
1059 3736 1263 3803 videat,
1296 3735 1394 3789 sed
1432 3735 1691 3789 aliorum.
1736 3736 1837 3789 Se-

296 3824 494 3879 cundum
518 3826 616 3880 hoc
654 3827 809 3880 enim
850 3826 992 3880 dixit
1024 3825 1344 3896 Apostolus,
1371 3824 1657 3879 neminem
1696 3824 1838 3878 scire

300 3912 399 3979 quid
415 3922 596 3984 agatur
624 3917 682 3969 in
710 3915 961 3981 homine,
989 3915 1097 3968 nisi
1118 3914 1351 3985 spiritus
1374 3914 1620 3967 hominis
1652 3914 1748 3983 qui
1778 3914 1839 3967 in

300 3998 390 4068 ipso
413 4008 501 4069 est,
518 4004 822 4058 secundum
844 4004 991 4074 quod
1020 4002 1271 4057 videmus
1301 4002 1359 4055 in
1390 4001 1581 4055 nobis:
1604 4019 1737 4055 nam
1757 4018 1840 4056 se-

1921 3646 2191 3717 quidquid
2220 3645 2350 3700 boni
2373 3652 2460 3699 est
2477 3647 2738 3700 donatur.
2767 3647 2911 3715 Ergo
2940 3646 3073 3715 quia
3100 3653 3158 3700 et
3184 3647 3288 3700 hoc
3310 3645 3517 3699 bonum

1922 3742 2025 3801 est,
2054 3735 2124 3788 ab
2161 3736 2283 3806 ipso
2323 3735 2518 3806 utique
2561 3736 2745 3800 datur,
2780 3742 2844 3789 ut
2872 3735 3082 3789 sciatur
3111 3753 3146 3788 a
3172 3752 3282 3806 quo
3310 3734 3517 3789 bonum

1921 3840 2086 3877 omne
2126 3825 2386 3891 donetur,
2431 3830 2496 3877 ut
2535 3824 2764 3876 omnino
2818 3824 2887 3876 de
2933 3823 3191 3877 omnibus
3232 3823 3394 3876 bonis
3421 3826 3522 3891 qui

1920 3915 2207 3981 gloriatur
2226 3915 2288 3965 in
2303 3914 2536 3966 Domino
2546 3914 2838 3979 glorietur;
2856 3915 2956 3978 qui
2964 3928 3028 3963 en
3036 3914 3113 3964 im
3127 3912 3282 3964 habet
3292 3912 3521 3964 dabitur

1922 4003 1973 4054 ei
1997 4002 2144 4068 (Luc.
2173 4003 2308 4069 vm).
2327 4000 2471 4064 Quid
2500 4006 2583 4054 est
2611 4000 2775 4070 plene
2799 3999 3005 4053 habere
3029 3999 3053 4052 7
3080 3999 3232 4054 Scire
3256 3999 3405 4053 unde
3427 3999 3523 4052 ha-

1923 4088 2079 4143 beas.
2102 4089 2206 4155 Qui
2219 4096 2404 4143 autem
2420 4106 2529 4143 non
2544 4090 2717 4153 habet,
2738 4089 2791 4142 id
2806 4087 2909 4154 es‘t,
2925 4089 3261 4142 nescitunde
3272 4088 3458 4142 habet.
3475 4096 3522 4143 et

1925 4180 2068 4246 quod
2078 4179 2317 4232 habetau
2323 4181 2535 4245 [eretur
2557 4180 2626 4231 ab
2641 4195 2714 4231 eo.
2732 4178 3003 4249 Denique,
3022 4178 3165 4232 sicut
3183 4178 3301 4249 ipse
3314 4178 3410 4244 ait,
3429 4180 3525 4232 hoc

299 4090 495 4144 cundum
530 4093 583 4146 id
622 4093 771 4164 quod
808 4092 1089 4146 credimus
1126 4108 1239 4146 non
1270 4091 1522 4145 videmus
1550 4097 1607 4144 et
1635 4091 1840 4144 multos

301 4176 448 4231 ﬁdeles
473 4198 585 4235 esse
606 4182 883 4246 novimus,
903 4187 960 4234 et
986 4181 1178 4234 multis
1200 4179 1318 4233 noti
1338 4196 1534 4233 sumus
1564 4196 1691 4233 cum
1712 4179 1843 4232 scri-

300 4272 424 4331 ptum
440 4269 521 4334 sit,
540 4270 673 4334 Quis
694 4286 830 4339 ergo
852 4269 1146 4323 hominum
1166 4269 1305 4323 scit?
1324 4268 1524 4336 (Greg.)
1557 4268 1615 4321 Si
1635 4284 1703 4322 ea
1721 4285 1843 4338 qua:
1926 4270 2112 4336 ipsum
2139 4273 2259 4320 erat
2288 4270 2570 4335 sapientia:
2598 4270 2739 4321 scire
2768 4271 2925 4336 cujus
2954 4273 3082 4321 esset
3116 4272 3165 4321 et
3195 4268 3293 4321 hoc
3316 4269 3523 4320 donum

295 4361 403 4424 sunt
421 4356 647 4412 hominis
676 4375 845 4412 nemo
875 4358 996 4421 scit,
1011 4358 1120 4411 nisi
1149 4357 1380 4427 spiritus
1394 4356 1639 4411 hominis
1662 4357 1759 4427 qui
1784 4357 1843 4410 in
1859 4412 1906 4427 ﬁ
1930 4356 2219 4424 (Sap.vm).
2242 4356 2331 4409 Sic
2347 4362 2403 4409 et
2423 4357 2709 4427 apostolus
2731 4357 2938 4410 Paulus
2958 4373 3085 4410 cum
3107 4357 3526 4410 commendaret

301 4438 393 4510 ipso
414 4453 504 4510 est,
534 4464 642 4517 qua
670 4447 889 4501 ratione
913 4447 970 4500 in
990 4445 1094 4500 Job
1114 4446 1322 4514 legitur
1345 4464 1355 4498 :
1383 4446 1532 4500 Certe
1554 4448 1683 4498 novi
1705 4448 1844 4512 cogi-
1862 4438 1909 4471 υ
1927 4443 2085 4497 nobis
2112 4444 2355 4513 gratiam
2387 4445 2489 4498 Dei
2514 4445 2573 4497 in
2605 4445 2816 4515 Spiritu
2842 4451 3034 4498 sancto
3064 4446 3145 4497 ait
3168 4464 3178 4496 :
3206 4446 3311 4498 Nos
3339 4450 3520 4497 autem

300 4534 485 4587 lationes
510 4541 708 4590 vestras
740 4537 876 4599 (Job.
921 4538 1058 4603 XXI).
1094 4534 1202 4589 Sed
1232 4540 1367 4587 tunc
1397 4534 1630 4604 spiritus
1658 4534 1842 4587 homi-
1932 4549 2051 4587 non
2080 4535 2347 4601 spiritum
2383 4534 2548 4602 hujus
2568 4534 2770 4586 mundi
2786 4536 3105 4601 accepimus,
3133 4534 3223 4585 sed
3250 4534 3530 4601 Spiritum

299 4618 365 4671 nis
385 4621 656 4691 ignoratur
674 4624 745 4677 ab
764 4625 961 4687 altero,
981 4640 1109 4677 cum
1123 4622 1324 4689 verbis,
1340 4624 1425 4677 vel
1446 4622 1709 4693 operibus
1730 4639 1843 4676 non
1923 4626 2025 4690 qui
2052 4638 2116 4675 ea:
2138 4624 2244 4676 Deo
2266 4628 2344 4675 est
2368 4640 2384 4686 ;
2411 4627 2467 4675 et
2487 4620 2647 4692 quasi
2666 4620 2949 4673 diceretur
2966 4620 3047 4673 illi
3068 4621 3217 4674 unde
3236 4621 3528 4690 discernis,

297 4706 685 4779 demonstratur,
706 4729 841 4766 nam
871 4729 998 4766 cum
1030 4711 1303 4783 scriptum
1332 4712 1440 4765 sit:
1468 4713 1549 4765 Es:
1564 4713 1841 4780 fructibus
1926 4716 2149 4765 secutus
2171 4711 2268 4776 ait,
2294 4716 2357 4763 ut
2376 4713 2616 4780 sciamus
2635 4724 2753 4776 qua:
2770 4725 2805 4762 a
2825 4711 2929 4763 Deo
2958 4711 3163 4764 donata
3192 4717 3323 4765 sunt
3354 4714 3526 4767 nobis.

298 4811 449 4851 eorum
478 4805 792 4869 cognoscetis
827 4818 909 4855 eos
948 4802 1163 4867 (Matth.
1188 4804 1303 4867 vn),
1336 4817 1436 4870 per
1461 4800 1565 4854 hoc
1593 4801 1741 4871 quod
1769 4800 1845 4853 fo-

299 4900 369 4937 ras
384 4889 566 4956 agitur,
591 4890 864 4961 quidquid
884 4891 1037 4943 intus
1056 4890 1196 4943 latet
1224 4888 1493 4959 aperitur.
1518 4888 1676 4943 Unde
1697 4895 1845 4942 recte

298 4988 478 5046 quoque
505 4996 600 5049 per
630 4979 991 5033 Salomonem
1020 4978 1227 5032 dicitur
1251 4995 1262 5030 :
1300 4977 1569 5043 Quomodo
1600 4980 1661 5031 in
1691 4981 1854 5046 aquis

299 5068 609 5131 respondeant
622 5071 807 5121 vultus
816 5070 1125 5136 prospicien
1134 5070 1295 5131 tium,
1305 5069 1385 5120 sic
1393 5065 1685 5120 cordolium
1692 5070 1747 5119 in
1758 5083 1791 5119 u
1800 5084 1853 5119 m

300 5156 551 5220 manifesta
584 5161 717 5209 sunt
746 5156 1120 5224 prudentibus
1159 5156 1341 5222 (Prov.
1384 5158 1576 5223 xxvn).
1610 5154 1852 5209 Proinde

301 5237 459 5295 beatus
484 5244 583 5297 Job
611 5261 738 5298 cum
762 5244 1074 5298 amicorum
1095 5244 1536 5314 colloquentium
1563 5243 1852 5313 cogitatio-

301 5342 376 5381 nes
398 5346 541 5386 nosse
563 5350 683 5387 sese
711 5332 942 5399 diceret,
967 5332 1242 5403 adjunxit,
1268 5338 1315 5385 et
1340 5336 1637 5386 sententias
1659 5338 1852 5386 contra

302 5432 365 5469 me
398 5422 620 5489 iniquas,
672 5428 736 5476 ut
779 5440 844 5477 ex
883 5422 1100 5493 patenti
1128 5439 1190 5475 re
1218 5421 1557 5487 ostenderet,
1590 5421 1723 5492 quia
1748 5421 1852 5474 hoc

301 5507 419 5574 quod
436 5509 488 5565 in
505 5511 582 5565 eis
597 5511 809 5566 latebat
822 5511 1146 5565 invenisset.
1172 5512 1265 5567 Sic
1287 5516 1336 5564 et
1358 5526 1477 5578 qua
1496 5513 1560 5564 in
1572 5512 1674 5565 Deo
1698 5516 1846 5575 sunt,

302 5607 428 5649 nemo
452 5604 688 5667 cognovit
718 5603 833 5656 nisi
859 5600 1105 5671 Spiritus
1131 5602 1232 5656 Dei
1255 5598 1462 5667 (Amb.)
1485 5600 1588 5654 Hic
1614 5599 1856 5671 Spiritus

1929 4799 2074 4868 Ergo
2097 4799 2341 4869 Spiritus
2363 4798 2462 4852 Dei
2487 4797 2719 4868 spiritus
2738 4803 2826 4852 est
2845 4798 3156 4864 charitatis,
3178 4800 3410 4871 spiritus
3430 4802 3530 4856 hu-

1924 4888 2019 4956 jus
2042 4887 2239 4941 mundi
2260 4887 2492 4957 spiritus
2516 4892 2602 4940 est
2622 4887 2900 4941 elationis.
2922 4888 3027 4952 Qui
3044 4888 3252 4943 habent
3269 4890 3531 4959 spiritum

1936 4977 2105 5046 hujus
2130 4975 2345 5039 mundi,
2369 4975 2595 5046 superbi
2614 4983 2764 5041 sunt,
2788 4976 2994 5047 ingrati
3015 4984 3148 5031 sunt
3169 4978 3283 5032 Deo
3309 4997 3320 5030 :
3354 4980 3533 5033 multa

1936 5065 2083 5119 dona
2102 5065 2223 5135 ejus
2243 5063 2469 5131 habent,
2494 5065 2591 5119 sed
2611 5082 2722 5119 non
2746 5067 2937 5119 colunt
2956 5082 3084 5119 eum
3105 5084 3139 5120 a
3168 5080 3277 5136 quo
3301 5068 3527 5128 habent.

1935 5154 2059 5207 ideo
2095 5159 2227 5207 sunt
2264 5153 2531 5208 infelices.
2580 5154 2781 5223 (Greg.)
2820 5156 2946 5210 Non
2973 5155 3031 5208 in
3059 5155 3313 5209 doctrina
3340 5156 3533 5211 verbo-

1935 5259 2061 5297 rum
2099 5243 2361 5297 humante
2401 5243 2710 5314 sapientia},
2752 5245 2849 5297 sed
2888 5244 2943 5296 in
2975 5243 3229 5297 doctrina
3265 5244 3528 5315 Spiritus,

1936 5330 2182 5385 malebat
2213 5332 2417 5402 quippe
2446 5333 2592 5386 hanc
2621 5332 2953 5402 sapientiam
2974 5333 3093 5386 sola
3120 5333 3364 5403 puritate
3392 5336 3532 5389 veri-

1933 5421 2069 5475 tatis
2098 5421 2412 5487 ostendere,
2434 5438 2544 5475 non
2569 5427 2758 5475 autem
2789 5421 2993 5491 eloquii
3024 5421 3293 5477 tinctione
3322 5424 3527 5478 fucare.

1939 5509 2142 5579 (Αηιῦ.)
2163 5509 2345 5565 Verba
2364 5511 2514 5564 enim
2539 5510 2797 5564 humanae
2819 5510 3107 5582 sapientiae
3136 5512 3283 5566 hunc
3303 5529 3530 5567 sensum

1937 5615 2050 5654 non
2071 5598 2280 5666 vident,
2304 5615 2487 5671 neque
2503 5598 2832 5655 litteratum
2850 5600 3050 5656 studiis
3070 5602 3526 5672 apprehenditur,
