3900 6196
319 299 384 356 ετ
919 298 983 352 Β.
1023 296 1298 356 ΜΒΑΝῙ
1335 294 1566 356 ΜΑΠΒΙ
1603 295 1921 357 ARCHIEP

2010 288 2304 356 EOGUNT.
2347 295 2644 356 OPERUM
2679 297 2864 353 PARS
2902 297 2980 353 Ill

3516 299 3587 356 28

320 425 419 481 sed
455 439 556 498 per
595 425 765 479 ﬁdem
794 424 1032 496 spiritali
1073 426 1291 482 ratione
1333 427 1660 498 concipitur,
1691 427 1910 480 dicente
1927 431 1977 489 Α
1995 427 2129 496 quia
2157 443 2250 481 eos
2276 427 2370 481 isti
2399 427 2547 480 inter
2571 441 2631 480 se
2659 422 2926 488 dividere,
2960 425 3018 476 et
3045 437 3146 496 pro
3185 421 3362 478 altero
3399 422 3587 480 inﬂari

321 514 468 586 Isaia
503 515 811 585 propheta:
845 513 974 568 Nisi
1003 517 1364 583 credideritis,
1401 531 1569 586 neque
1598 518 1912 582 intelligetis

325 607 451 670 (Isa.
481 606 608 671 vn);
643 603 886 658 naturali
908 604 1056 656 enim
1078 605 1256 675 magis
1277 607 1417 676 lege,
1449 622 1616 676 quam
1651 621 1818 658 cursu
1846 601 1918 657 si-

321 694 540 756 derum,
559 697 617 746 et
635 693 862 746 calculis
883 692 1192 762 signorum,
1212 711 1334 764 quae
1363 695 1421 748 in
1444 696 1800 748 firmamento
1825 693 1918 745 de-

323 788 609 847 notantur,
661 781 985 834 addiscitur.
1033 783 1282 853 Denique
1329 783 1622 837 credentes
1675 798 1787 835 non
1818 782 1919 834 liu-

323 871 506 924 mani
554 869 735 924 verbis
785 870 882 923 sed
935 877 1150 925 naturae
1197 887 1310 926 sua;
1348 872 1538 925 vident
1587 885 1914 941 congruere,

323 961 470 1032 quod
508 960 772 1014 credunt:
807 975 947 1028 opus
981 961 1132 1014 enim
1172 961 1423 1030 agnoscit
1451 961 1736 1032 Opiﬁcem;
1772 959 1921 1012 ideo-

323 1065 428 1120 que
459 1047 822 1118 Evangelium
861 1049 1064 1102 animis
1102 1049 1309 1103 nostris
1345 1049 1594 1120 loquitur
1622 1047 1914 1120 spiritalia.

321 1137 565 1192 excitans
594 1137 718 1191 illos
747 1137 816 1190 ad
839 1137 1214 1207 cognitionem
1235 1139 1322 1192 sui
1344 1139 1644 1192 Creatoris.
1674 1139 1922 1206 Spiritu-

321 1227 465 1280 libus
486 1228 771 1295 spiritalia
792 1233 1186 1294 comparantes.
1209 1227 1324 1280 Hoc
1343 1233 1446 1292 est,
1470 1226 1556 1280 his
1576 1226 1669 1296 qui
1692 1225 1925 1279 munda-

321 1332 452 1369 nam
481 1314 840 1386 prudentiam
869 1315 1133 1381 refutant,
1147 1316 1458 1387 spiritalem
1489 1312 1792 1394 efﬁcaciam
1810 1321 1923 1368 tra-

321 1404 474 1470 dere,
493 1417 616 1475 quaa
639 1403 907 1474 mysterio
924 1405 1054 1458 ﬂdei
1075 1405 1412 1471 continetur,
1432 1405 1501 1458 ad
1522 1401 1922 1458 illuminandos

322 1510 518 1547 sensus
542 1492 937 1546 benevolorum
963 1493 1288 1559 hominum;
1315 1493 1606 1547 credentes
1627 1493 1778 1546 enim
1799 1509 1922 1562 qua)

323 1582 518 1636 mundi
535 1581 816 1652 sapientia
847 1583 1020 1636 stulta
1041 1583 1277 1652 judicat,
1307 1583 1587 1653 spiritales
1607 1588 1758 1636 sunt.
1788 1582 1924 1635 Ani-

322 1675 487 1726 malis
529 1676 715 1725 autem
747 1672 903 1725 homo
941 1688 1051 1724 non.
1097 1675 1328 1740 percipit
1357 1688 1476 1740 quae
1514 1676 1648 1725 sunt
1675 1671 1922 1739 Spiritus

1997 517 2261 570 adversus
2279 505 2519 570 alterum
2541 518 2846 586 cmperunt,
2871 513 3132 566 dicuntur
3149 517 3206 566 et
3225 511 3501 580 homines,
3535 521 3592 568 et

1997 605 2266 666 carnales,
2299 611 2356 659 et
2391 604 2682 668 animales,
2717 619 2830 656 non
2867 601 3116 656 valentes
3151 602 3437 673 percipere
3469 621 3592 674 quae

1999 699 2133 748 sunt
2153 694 2394 765 Spiritus
2416 693 2516 748 Dei
2542 711 2552 745 :
2579 698 2636 747 et
2655 695 2845 746 tamen
2876 691 3008 761 quia
3027 707 3138 744 non
3171 697 3304 746 sunt
3323 691 3392 746 ab
3414 691 3596 747 Eccle-

2000 783 2082 836 sia
2112 783 2409 853 segregati,
2444 780 2658 855 parvuli
2691 780 3044 852 appellantur
3082 779 3142 833 in
3181 781 3421 848 Christo,
3457 797 3597 851 quos

2001 873 2195 942 utique
2225 873 2308 926 vel
2340 872 2588 942 angelos,
2619 871 2704 923 vel
2735 869 2867 923 deos
2895 885 3016 924 esse
3044 869 3303 940 cupiebat
3344 887 3484 941 quos
3513 886 3600 946 ar-

2000 961 2227 1030 guebat,
2253 960 2384 1031 quia
2410 960 2668 1014 homines
2687 965 2866 1019 erant,
2893 958 2946 1012 id
2969 965 3072 1024 est,
3092 958 3150 1012 in
3179 958 3264 1012 his
3293 959 3602 1013 contentio-

2004 1049 2311 1112 nibus,non
2339 1067 2462 1120 qua}
2482 1049 2582 1104 Dei
2605 1053 2754 1112 sunt,
2769 1047 2864 1102 sed
2891 1064 3014 1118 qua;
3041 1052 3174 1100 sunt
3196 1047 3488 1102 hominum
3518 1065 3604 1102 sa-

2003 1137 2248 1208 piebant.
2276 1138 2356 1191 De
2378 1137 2489 1190 illis
2505 1153 2634 1190 vero
2669 1135 2764 1206 qui
2792 1141 2925 1190 sunt
2951 1134 3021 1188 ab
3051 1133 3293 1189 Ecclesia
3320 1137 3602 1205 segregati

2004 1243 2114 1280 non
2142 1225 2355 1280 dictum
2377 1232 2481 1291 est,
2506 1241 2571 1278 ea
2593 1239 2716 1296 qua:
2731 1227 2865 1278 sunt
2884 1223 3124 1294 Spiritus
3156 1240 3266 1277 non
3296 1225 3605 1295 percipien-

2003 1321 2107 1378 tes,
2141 1332 2212 1368 ne
2258 1316 2327 1369 ad
2376 1314 2621 1370 scientiae
2675 1313 3089 1385 perceptionem
3138 1312 3461 1378 referretur,
3504 1313 3604 1367 sed

2003 1405 2214 1458 dictum
2251 1409 2352 1466 est,
2387 1395 2660 1472 Spiritum
2698 1419 2807 1456 non.
2839 1402 3108 1456 habentes.
3141 1401 3267 1456 Non
3296 1408 3383 1455 est
3409 1405 3602 1456 autem

2005 1509 2370 1564 consequens,
2410 1499 2474 1546 ut
2511 1492 2604 1562 qui
2646 1490 2815 1544 habet
2851 1491 3022 1544 etiam
3069 1487 3294 1544 sciendo
3334 1490 3606 1564 percipiat

2007 1583 2154 1652 quod
2183 1581 2379 1646 habet;
2415 1580 2624 1635 habent
2651 1597 2784 1650 ergo
2815 1579 2987 1634 istum
3018 1579 3290 1649 Spiritum
3331 1579 3388 1632 in
3423 1579 3605 1634 Eccle-

2005 1671 2090 1724 sia
2115 1670 2405 1724 constituti
2437 1669 2652 1741 parvuli
2672 1670 2732 1722 in
2757 1668 2998 1732 Christo,
3025 1668 3208 1722 adhuc
3229 1667 3501 1722 animales
3523 1677 3604 1722 at-

323 1762 458 1814 Dei:
499 1763 743 1814 stultitia
771 1762 917 1813 enim
952 1765 1027 1813 est
1061 1763 1168 1814 illi.
1203 1759 1504 1814 Pecoribus
1538 1759 1688 1813 enim
1721 1757 1921 1812 similis
1951 1758 1988 1813 ll
2013 1776 2121 1830 que
2152 1760 2422 1820 carnales,
2445 1758 2577 1830 quid
2607 1757 2852 1812 habeant
2879 1757 3164 1828 percipere
3191 1773 3306 1810 non
3333 1757 3599 1814 valentes.

323 1865 548 1904 sensum
571 1866 736 1903 suum
765 1849 824 1902 in
844 1855 998 1902 terra
1016 1848 1298 1920 deprimit,
1326 1849 1451 1902 ideo
1472 1863 1582 1902 non
1603 1847 1924 1918 assequitur

323 1938 430 1992 nisi
463 1955 586 2009 quae
615 1938 783 2003 videt,
817 1954 918 1992 nec
947 1944 1110 2007 putat
1135 1938 1348 2008 aliquid
1380 1953 1541 2008 posse
1572 1937 1714 2000 ﬂeri,
1752 1953 1922 2007 quam

325 2027 604 2098 quomodo
623 2027 746 2080 scit.
775 2027 905 2082 Ideo
929 2025 1199 2097 quidquid
1231 2027 1394 2080 aliter
1421 2026 1598 2092 audit,
1627 2041 1795 2096 quam
1827 2041 1924 2078 no-

324 2115 422 2182 vit,
446 2116 682 2170 stultum
705 2116 953 2186 judicat;
980 2115 1119 2168 nihil
1141 2115 1292 2170 enim
1314 2115 1558 2170 aestimat
1586 2131 1748 2185 posse
1779 2114 1919 2168 ﬁeri.

324 2205 445 2259 sine
471 2205 880 2259 commistione.
911 2205 1066 2259 Unde
1092 2204 1256 2270 ridet,
1289 2204 1524 2258 audiens
1545 2200 1723 2257 Deum
1747 2202 1924 2256 lilium

324 2293 606 2363 genuisse,
638 2310 806 2364 quem
836 2293 942 2346 scit
968 2293 1279 2364 simplicem
1311 2299 1368 2346 et
1407 2293 1795 2363 incorporeum
1825 2310 1836 2356 ;
1871 2297 1930 2345 et

328 2382 603 2452 virginem
636 2382 936 2452 peperisse,
963 2388 1021 2434 et
1051 2381 1298 2436 resoluta
1327 2397 1560 2452 corpora
1588 2393 1814 2434 rursum
1844 2397 1930 2434 re-

327 2470 510 2524 vocari
535 2471 605 2524 ad
627 2471 832 2533 vitam;
858 2487 984 2524 cum
1006 2471 1123 2524 haec
1143 2471 1324 2540 magis
1343 2471 1414 2524 ad
1435 2471 1658 2523 laudem
1681 2469 1782 2524 Dei
1805 2485 1930 2540 pro-

329 2559 520 2614 ﬂciant
541 2565 606 2614 ut
623 2560 886 2614 credatur
905 2559 1119 2624 fecisse,
1153 2561 1312 2628 cujus
1335 2559 1518 2629 operis
1545 2559 1688 2612 ratio
1707 2557 1932 2611 investi-

327 2648 448 2718 gari
477 2664 591 2701 non
625 2648 830 2718 possit:
870 2648 1020 2701 Deus
1048 2654 1135 2701 est
1163 2647 1314 2700 enim
1347 2647 1440 2716 qui
1462 2647 1610 2700 fecit.
1639 2645 1933 2700 Imbecilli-

328 2745 417 2790 tas
443 2735 594 2789 enim
623 2735 873 2790 humana
904 2735 1139 2789 stultum
1168 2741 1346 2806 putat,
1382 2735 1529 2806 quod.
1561 2735 1795 2788 scientia
1831 2749 1934 2787 sua

330 2841 443 2879 non
473 2824 782 2889 concludit;
819 2841 948 2878 cum
979 2825 1082 2878 hoc
1112 2825 1292 2894 magis
1313 2822 1550 2878 stultum
1581 2823 1811 2876 deberet
1838 2824 1933 2876 ha-

331 2913 481 2976 bere,
503 2919 561 2967 et
581 2913 715 2966 illud
744 2913 1008 2984 prudens,
1029 2913 1176 2984 quod
1200 2913 1332 2984 quia
1350 2913 1452 2967 Dei
1475 2913 1684 2966 factum
1706 2911 1927 2972 dicitur,

335 3001 734 3072 comprehendi
766 3019 880 3056 non
907 3008 1110 3073 potest,
1134 3003 1440 3056 humanam
1461 3001 1822 3055 traditionem
1851 3015 1934 3054 se-

2003 1848 2058 1901 id
2079 1854 2182 1914 est,
2209 1845 2521 1918 intelligere
2541 1851 2598 1902 et
2616 1863 2798 1900 nosse.
2815 1847 2956 1900 Nam
2975 1844 3254 1916 quomodo
3271 1851 3460 1900 essent
3477 1863 3604 1918 par-

2005 1937 2117 1991 vuli
2147 1937 2202 1990 in
2233 1937 2477 1996 Christo,
2513 1936 2621 1990 nisi
2654 1935 2835 1989 renati
2866 1951 2930 1989 ex
2962 1934 3176 2005 Spiritu
3215 1935 3450 1989 sancto?
3489 1936 3602 1989 Nec

2007 2025 2214 2080 mirum
2242 2025 2418 2080 videri
2447 2025 2613 2080 debet
2643 2025 2789 2096 quod
2814 2023 3050 2096 quisque
3071 2021 3279 2094 aliquid
3301 2021 3526 2090 habeat,
3547 2030 3602 2078 et

2009 2115 2155 2186 quod
2185 2114 2353 2168 habet
2379 2114 2615 2184 ignoret.
2650 2113 2723 2168 Ut
2752 2113 2900 2166 enim
2930 2117 3146 2167 taceam
3169 2111 3238 2166 de
3257 2113 3607 2184 omnipoten-

2006 2204 2080 2258 tis
2109 2209 2278 2274 atque
2309 2201 2781 2256 incommutabilis
2827 2201 3118 2256 Trinitatis
3147 2201 3456 2266 divinitate,
3480 2202 3607 2272 quis

2009 2291 2166 2346 facile
2195 2292 2426 2346 scientia
2455 2291 2691 2362 percipit
2737 2289 2868 2361 quid
2899 2291 2971 2344 sit
2999 2290 3204 2356 anima,
3238 2293 3296 2344 et
3333 2287 3457 2361 quis
3494 2307 3607 2344 non

2009 2381 2180 2434 habet
2207 2380 2491 2434 animam?
2523 2380 2814 2434 Postremo
2845 2385 2908 2433 ut
2939 2378 3228 2432 verissime
3266 2379 3606 2434 noverimus.

2014 2469 2160 2540 quod
2189 2469 2404 2540 parvuli
2435 2469 2494 2522 in
2523 2469 2764 2534 Christo,
2795 2467 3046 2522 nondum
3087 2467 3456 2540 percipientes
3483 2484 3608 2538 qua!

2012 2563 2147 2612 sunt
2183 2559 2444 2629 Spiritus,
2487 2557 2696 2612 habent
2732 2563 2924 2612 tamen
2963 2557 3234 2628 Spiritum
3275 2555 3394 2623 Dei,
3442 2557 3610 2627 paulo

2013 2653 2142 2718 post
2169 2648 2491 2701 intueamur
2519 2645 2988 2718 quemadmodum
3022 2663 3116 2699 eos
3146 2645 3296 2718 ipsos
3316 2646 3613 2716 increpans

2015 2735 2094 2790 ait
2125 2754 2135 2788 :
2172 2737 2398 2790 Nescitis
2427 2739 2562 2804 quia
2594 2738 2854 2803 templum
2887 2737 2985 2788 Dei
3014 2739 3157 2799 est-is,
3180 2739 3230 2788 et
3249 2734 3493 2803 Spiritus
3513 2736 3609 2789 Dei

2016 2823 2230 2878 habitat
2256 2829 2318 2878 in
2341 2824 2526 2877 vobis?
2556 2824 2659 2877 hoc
2687 2823 2877 2893 itaque
2905 2823 3059 2876 nullo
3090 2815 3256 2877 modo
3298 2823 3510 2876 diceret
3540 2819 3611 2877 ab

2015 2913 2260 2967 Ecclesia
2277 2913 2604 2983 segregatis,
2627 2914 2696 2966 de
2715 2911 2917 2983 quibus
2935 2911 3148 2966 dictum
3177 2917 3262 2966 est
3287 2930 3298 2965 :
3326 2911 3605 2981 Spiritum

2017 3017 2132 3056 non
2165 3003 2415 3056 habentes
2429 3047 2441 3058 .

336 3097 590 3160 quentes,
611 3091 746 3145 dum
766 3091 933 3145 unius
954 3091 1055 3144 Dei
1077 3090 1244 3144 ﬁdem
1277 3090 1576 3160 abnegant,
1601 3089 1931 3160 spiritaliter
1952 3079 1994 3137 Ο
2090 3092 2376 3159 Spiritatis
2407 3095 2593 3145 autem
2610 3089 2882 3158 diiudicat
2903 3105 2984 3144 om
2995 3093 3112 3155 nia,
3139 3092 3250 3158 ipse
3267 3093 3453 3143 autem
3472 3105 3508 3143 a
3524 3105 3613 3144 ne-

335 3180 542 3233 factum
575 3185 662 3233 est
693 3180 860 3250 quod,
894 3180 1112 3233 ratione
1141 3180 1324 3234 carnis
1355 3179 1556 3243 inflati,
1588 3183 1790 3250 putant
1814 3178 1933 3232 ﬂeri

333 3283 446 3322 non
479 3284 661 3338 posse,
694 3275 752 3322 et
781 3269 859 3323 sic
889 3268 1112 3339 reprobi
1149 3269 1403 3323 annotati
1447 3267 1774 3339 spiritaliter
1807 3283 1936 3321 con-

333 3357 583 3411 demnati
611 3363 762 3411 sunt.
795 3357 985 3426 (Aug.)
1019 3359 1180 3411 Hunc
1212 3357 1484 3428 Spiritum
1528 3357 1675 3426 quod
1712 3356 1792 3410 illi
1821 3370 1934 3409 non

333 3444 594 3512 habeant,
627 3446 724 3516 qui
751 3450 885 3500 sunt
909 3446 980 3499 ab
1011 3446 1253 3500 Ecclesia
1282 3446 1581 3516 segregati,
1603 3446 1630 3498 J
1637 3445 1776 3498 udas
1805 3461 1935 3514 apo-

333 3535 510 3588 stolus
558 3535 911 3604 apertissime
958 3535 1260 3588 declaravit
1297 3535 1532 3589 dicens:
1588 3535 1694 3600 Qui
1737 3537 1932 3601 seipsos

334 3629 618 3690 segregant
645 3627 916 3677 animales
941 3624 1220 3691 Spiritum
1251 3639 1357 3676 non
1381 3624 1660 3680 habentes.
1683 3622 1842 3676 Unde
1873 3621 1932 3674 in

333 3711 456 3781 ipsa
485 3711 728 3766 Ecclesia
753 3713 925 3766 etiam
956 3712 1081 3765 illos
1112 3712 1208 3783 qui
1238 3727 1339 3782 per
1365 3711 1596 3783 nomina
1615 3711 1926 3776 hominum,

336 3799 588 3870 quamvis
600 3801 659 3854 in
672 3801 795 3871 ejus
811 3801 1028 3855 unitate
1044 3801 1496 3865 constitutorum,
1516 3800 1770 3870 quaedam
1793 3799 1934 3852 schi-

279 3962 286 3968 ν
335 3897 519 3944 emata
553 3889 950 3956 moliebantur,
995 3891 1202 3944 Paulus
1245 3891 1531 3962 apostolus
1559 3903 1819 3960 arguens,
1854 3888 1932 3942 ait

335 3979 484 4032 inter
499 3984 723 4033 caetera:
744 3979 1026 4034 Animalis
1049 3985 1234 4032 autem.
1256 3981 1412 4032 homo
1432 3995 1543 4032 non
1565 3981 1796 4046 percipit
1815 3993 1933 4044 quae

335 4072 466 4120 sunt
497 4067 744 4135 Spiritus
773 4069 888 4120 Dei.
916 4068 1172 4121 Stultitia
1199 4073 1274 4119 est
1303 4071 1452 4119 enim
1483 4069 1589 4129 illi,
1625 4073 1672 4119 et
1701 4083 1806 4118 non
1840 4081 1932 4133 po-

338 4159 434 4208 test
470 4157 609 4207 scire
644 4157 927 4222 quoniam-
959 4157 1293 4222 spiritaliter
1339 4157 1702 4223 dijudicatur,
1748 4159 1930 4207 osten-

335 4241 420 4296 dit
461 4242 590 4314 quid
637 4243 842 4297 dixerit
882 4259 992 4296 non.
1033 4245 1288 4311 percipit,
1324 4242 1381 4295 id
1409 4249 1512 4306 est,
1557 4242 1792 4296 scientia
1821 4258 1931 4296 non

335 4332 500 4403 capit.
535 4332 745 4386 Verum
783 4333 886 4386 hos
925 4333 982 4384 in
1021 4331 1265 4385 Ecclesia
1301 4331 1634 4385 constitutos
1675 4331 1932 4402 parvulos

2018 3182 2166 3234 mine
2185 3182 2502 3248 judicatur.
2529 3177 2737 3247 (Δηὼ.)
2761 3179 3037 3244 Quoniam
3067 3195 3196 3232 vera
3217 3179 3358 3232 ratio
3390 3177 3614 3250 spirita-

2017 3269 2156 3322 lium
2179 3273 2283 3330 est,
2301 3269 2356 3322 id
2383 3273 2468 3323 est
2489 3269 2856 3335 credentium,
2872 3267 2976 3322 hoc
3001 3269 3148 3322 enim
3175 3269 3299 3338 quis
3324 3279 3612 3338 nuncupa-
3696 3261 3707 3267 ’

2015 3363 2110 3411 tur
2139 3357 2284 3428 quod
2315 3357 2510 3418 credit,
2544 3357 2669 3411 ideo
2697 3357 2802 3428 ipsi
2834 3357 3024 3411 omnia
3047 3357 3320 3428 judicent.
3353 3357 3608 3428 Ipsorum

2017 3447 2168 3500 enim
2190 3447 2443 3518 exemplo
2463 3446 2766 3500 infidelitas
2795 3443 3212 3516 dijudicabitur,
3228 3446 3332 3516 ipsi
3363 3447 3554 3500 autem
3578 3463 3612 3500 a

2016 3535 2240 3589 nemine
2257 3534 2660 3605 judicabuntur
2686 3553 2697 3587 :
2716 3535 2840 3606 quis
2857 3535 3008 3588 enim
3028 3535 3362 3588 condemnet
3380 3549 3511 3588 vera.
3530 3535 3609 3588 di-

2013 3624 2278 3678 centem?
2307 3625 2448 3677 Cum
2493 3623 2640 3676 enim
2685 3627 2903 3677 constet
2937 3640 3132 3678 omnes
3169 3622 3422 3677 inimicos
3473 3623 3600 3676 fidei

2013 3712 2153 3766 falsa
2177 3719 2369 3766 tenere
2401 3729 2500 3783 pro
2529 3711 2692 3778 veris,
2725 3713 3002 3766 accusatio
3032 3708 3254 3766 illorum
3287 3713 3344 3766 in
3375 3711 3600 3766 irritum

2007 3803 2127 3872 jam
2157 3801 2395 3856 deducta
2422 3807 2508 3856 est
2535 3800 2649 3854 veri
2674 3799 2884 3871 judicio
2913 3801 3310 3867 condemnata;
3344 3800 3475 3872 quia
3501 3803 3602 3870 qui

2015 3903 2124 3945 non
2155 3891 2463 3955 crediderit,
2497 3890 2682 3961 inquit
2717 3889 3010 3951 Dominus,
3037 3894 3158 3958 jam
3197 3891 3484 3958 judicatus
3529 3897 3604 3944 est

2017 3981 2195 4046 (Joan.
2221 3983 2318 4047 ιιι).
2345 3979 2532 4050 [Aug]
2555 3978 2640 4034 Ita
2660 3979 2826 4033 homo
2846 3983 3146 4033 renovatur
3174 3978 3230 4031 in
3259 3977 3602 4049 agnitionem

2012 4067 2112 4121 Dei
2146 4069 2452 4122 secundum
2481 4069 2786 4138 imaginem
2817 4068 2957 4136 ejus,
2999 4067 3092 4139 qui
3131 4067 3339 4122 creavit
3367 4085 3516 4136 eum,
3549 4073 3603 4122 et

2015 4155 2282 4226 spiritalis
2312 4157 2540 4210 effectus
2569 4155 2838 4225 dijudicat
2866 4156 3074 4224 omnia,
3097 4173 3219 4228 quae
3239 4156 3432 4227 utique
3457 4155 3607 4226 judi-

2015 4243 2194 4298 canda
2220 4250 2352 4298 sunt
2382 4262 2392 4296 :
2429 4245 2548 4315 ipse
2577 4249 2770 4299 autem
2799 4261 2834 4298 a
2862 4246 3088 4299 nemine
3113 4245 3418 4315 judicatur.
3443 4245 3602 4308 Quod

2016 4339 2206 4386 autem
2231 4333 2446 4402 judicat
2475 4334 2680 4401 omnia,
2713 4333 2818 4388 hoc
2845 4339 2948 4396 est,
2982 4335 3128 4404 quod
3161 4333 3330 4388 habet
3366 4337 3608 4405 potesta-

335 4421 470 4476 dicit
494 4423 745 4476 nondum
769 4421 1070 4492 spiritales,
1098 4420 1192 4474 sed
1221 4420 1402 4474 adhuc
1419 4421 1690 4486 carnales,
1711 4425 1766 4474 et
1791 4421 1933 4473 lacte
1950 4411 1998 4467 D
2015 4427 2129 4476 tem
2161 4423 2393 4493 piscium
2429 4421 2618 4489 maris,
2653 4429 2710 4477 et
2737 4421 3046 4478 volatilium
3083 4423 3226 4488 caeli,
3261 4427 3317 4477 et
3353 4423 3605 4476 omniuw

339 4511 587 4588 utendos,
623 4528 737 4566 non
764 4527 908 4565 esca.
945 4511 1112 4578 Quasi
1135 4511 1408 4579 parvulis,
1441 4508 1643 4578 inquit,
1681 4512 1739 4562 in
1771 4510 1935 4564 Chri-

335 4607 416 4654 sto
447 4605 534 4654 lac
560 4602 707 4654 vobis
734 4607 927 4668 potum.
955 4601 1098 4666 dedi,
1133 4615 1243 4653 non
1271 4613 1462 4662 escam,
1509 4599 1757 4651 nondum.
1783 4601 1933 4651 etaim

330 4692 624 4759 poteratis:
656 4689 747 4740 sed
777 4705 871 4742 nec
898 4690 1081 4744 adhuc
1113 4689 1334 4756 quidem
1358 4690 1578 4757 potestis
1603 4686 1655 4753 (Ι
1681 4687 1801 4740 Cor.
1833 4690 1929 4753 HI).

337 4775 442 4832 Ubi
471 4775 692 4840 dicitur,
740 4778 1008 4838 nondum,
1053 4778 1138 4830 vel
1167 4793 1277 4831 non
1307 4777 1506 4840 adhuc,
1547 4775 1792 4847 profecto
1822 4791 1933 4829 non

337 4866 686 4935 desperatur,
705 4864 752 4917 si
767 4881 832 4918 eo
853 4865 1123 4931 tenditur,
1143 4872 1207 4919 ut
1221 4867 1295 4920 sit
1309 4866 1610 4937 aliquando
1627 4865 1774 4936 quod
1798 4880 1934 4918 non-

337 4954 473 5008 dum
493 4959 595 5017 est,
615 4954 798 5006 adhuc
815 4955 984 5014 enim,
1005 4953 1208 5023 inquit,
1231 4959 1356 5008 estis
1385 4958 1654 5020 carnales,
1677 4959 1732 5007 et
1751 4959 1938 5007 osten-

339 5042 495 5108 dens,
518 5042 666 5096 unde
687 5041 802 5096 sint
821 5041 1098 5095 carnales:
1134 5043 1270 5096 Cum
1293 5047 1439 5096 enim
1463 5047 1700 5096 sitinter
1719 5059 1826 5106 ros,
1851 5041 1934 5095 in-

341 5131 479 5202 quit,
513 5135 793 5186 amulatio
823 5137 871 5184 et
900 5134 1186 5193 contentio,
1224 5147 1404 5184 nonne
1437 5135 1688 5187 carnales
1717 5135 1842 5184 estis
1884 5136 1933 5183 et

340 5221 580 5274 secunda
588 5235 639 5272 m.
653 5221 929 5274 hominem
939 5220 1266 5273 amb-atatis?
1277 5225 1445 5290 atque
1457 5220 1700 5290 idipsum
1714 5220 1932 5291 planitie

340 5308 616 5380 aperiens,
649 5325 773 5362 cum
802 5311 952 5362 enim
979 5311 1104 5376 quis
1131 5307 1296 5370 dicat,
1325 5308 1538 5378 inquit:
1576 5307 1684 5376 Ego
1711 5311 1928 5377 quidem

338 5414 462 5452 sum
492 5401 674 5461 Pauli,
699 5401 848 5452 alius
878 5403 1082 5456 autem,
1109 5399 1216 5464 Ego
1235 5396 1443 5465 Apollo,
1475 5413 1654 5451 nonne
1687 5399 1932 5452 homines

340 5491 503 5542 estis?
535 5487 605 5541 Hi
633 5503 784 5556 ergo,
818 5485 876 5540 id
903 5491 990 5540 est
1017 5487 1226 5540 Paulus
1262 5491 1320 5540 et
1352 5485 1587 5556 Appolo,
1631 5471 1932 5542 conco'rdes

339 5582 504 5632 erant
521 5577 582 5632 in
601 5575 820 5631 unitate
849 5575 1092 5646 Spiritus
1120 5581 1176 5630 et
1204 5574 1421 5632 vinculo
1447 5575 1619 5646 pacis,
1646 5580 1705 5628 et
1739 5581 1931 5630 tamen

2017 4527 2280 4582 pecorum
2303 4517 2360 4565 et
2376 4511 2642 4574 ferarum,
2666 4517 2722 4566 et
2741 4512 2924 4566 omnis
2942 4519 3125 4576 terrae,
3145 4517 3200 4565 et
3221 4511 3474 4566 omnium
3497 4527 3609 4566 ser-

2018 4601 2271 4670 pentium
2325 4613 2448 4672 quae
2493 4606 2700 4672 repunt
2754 4618 2924 4672 super
2973 4607 3185 4656 terram
3235 4619 3246 4653 :
3295 4601 3399 4654 hoc
3457 4601 3607 4676 enim

2017 4688 2134 4759 agit
2161 4706 2261 4760 per
2289 4690 2494 4744 mentis
2526 4689 2892 4754 intellectum,
2909 4707 3010 4762 per
3038 4707 3206 4762 quem
3228 4689 3465 4761 percipit
3485 4706 3608 4761 qua)

2017 4784 2151 4832 sunt
2178 4778 2419 4848 Spiritus
2446 4777 2566 4832 Dei.
2597 4778 2859 4849 Alioquin
2893 4781 3050 4833 homo
3083 4783 3143 4832 in.
3174 4780 3374 4833 honore
3399 4783 3608 4848 positus

2020 4880 2128 4920 non.
2155 4870 2440 4931 intellexit,
2470 4874 2818 4936 comparatus
2835 4871 2909 4922 est
2929 4871 3202 4938 jumentis
3224 4871 3538 4931 insensatis,
3562 4875 3608 4922 et

2017 4957 2222 5009 similis
2251 4956 2431 5022 factus
2468 4961 2540 5008 est
2581 4959 2698 5010 illis
2729 4958 2899 5024 (Psal.
2942 4959 3148 5024 XLvm).
3181 4955 3402 5011 Judicat
3438 4957 3608 5010 etiam

2018 5043 2284 5114 spiritalis
2315 5043 2674 5116 approbando
2702 5045 2848 5116 quod
2867 5049 3101 5108 rectum,
3127 5044 3495 5116 improbando
3515 5062 3610 5099 au-

2016 5139 2132 5186 tem
2161 5133 2308 5203 quod
2340 5147 2631 5204 perperam
2660 5134 2933 5188 invenerit
2962 5133 3018 5186 in
3052 5133 3313 5204 operibus
3336 5133 3610 5188 moribus-

2018 5233 2126 5294 que
2137 5222 2469 5288 ﬁdelium,in
2481 5223 2756 5288 castitate,
2771 5221 2829 5298 in
2837 5221 3088 5292 jejuniis,
3103 5222 3160 5276 in
3173 5223 3609 5292 cogitationibus

2017 5310 2122 5381 piis
2152 5311 2220 5364 (le
2249 5310 2357 5374 his,
2383 5327 2506 5381 quae
2533 5327 2634 5382 per
2659 5325 2886 5364 sensum
2917 5311 3163 5381 corporis
3181 5309 3568 5382 percipiuntur
3593 5330 3602 5362 :

2017 5399 2085 5452 de
2114 5399 2202 5452 his
2230 5399 2379 5452 enim
2405 5399 2657 5469 judicare
2686 5415 2836 5453 nunc
2863 5396 3067 5454 dicitur
3100 5400 3157 5454 in
3197 5398 3399 5472 quibus
3429 5401 3487 5454 et
3515 5417 3608 5472 ρο·
3705 5465 3709 5468 _

2015 5492 2279 5542 testatem
2307 5487 2620 5558 corrigendi
2647 5487 2833 5542 habet.
2869 5489 3000 5556 Quis
3027 5491 3178 5543 enim
3217 5491 3464 5558 cognovit
3490 5503 3608 5543 sen-

2015 5589 2140 5629 sum
2167 5576 2409 5640 Domini,
2433 5579 2534 5645 qui
2561 5579 2809 5632 instruat
2833 5591 2959 5633 eum
2981 5581 3004 5631 Ρ
3035 5575 3245 5646 (Amb.)
3269 5577 3482 5633 Sensus
3504 5574 3606 5632 Dei
