3900 6196
316 267 378 324 l!
821 266 1402 325 ENARRATIONUM
1428 268 1509 325 IN
1536 269 1692 327 EPP.
1724 270 1940 328 PAULI
1968 272 2102 328 LIB.
2139 272 2233 330 IX.
2269 307 2333 320 --
2365 271 2445 331 IN
2477 271 2696 332 EPIST.
2730 276 2753 334 Ῑ
2782 274 2879 335 ΑΒ
2908 276 3069 336 00R.
3513 278 3583 341 30

312 396 402 458 est,
435 407 547 463 quo
578 392 702 447 haec
727 392 1063 463 spiritaliter
1083 392 1255 461 jussit
1279 393 1418 459 fieri,
1443 411 1546 470 per
1566 412 1689 467 quae
1710 398 1971 459 mundiA
1987 400 2089 463 los,
2127 402 2292 456 aliter
2321 404 2624 475 discipulos
2654 405 2904 465 affatum,
2936 411 2995 460 et
3020 407 3169 461 inter
3185 406 3335 479 ipsos
3356 413 3580 481 aposto-

313 481 579 552 sapientia
606 482 789 535 stulta
808 481 1161 552 probaretur,
1188 497 1400 551 negans
1418 500 1579 553 posse
1605 486 1725 539 ﬁeri
1758 488 1907 557 quod
1990 489 2071 543 los
2100 490 2273 545 fuisse
2304 493 2651 547 distantiam.
2686 493 2887 547 Tribus
2914 497 3123 549 etenim
3154 497 3440 570 discipulis
3468 499 3584 570 glo-

314 570 505 624 fsctum
528 576 639 623 est.
664 570 846 634 Quem
870 586 1097 624 sensum
1129 571 1319 624 nullus
1339 578 1424 625 est
1445 573 1539 643 qui
1562 576 1902 643 cognoverit,
1989 578 2132 632 riam
2163 597 2321 634 suam
2341 583 2395 634 in
2414 589 2602 636 monte
2628 584 2890 647 ostendit,
2916 585 3105 640 dicens
3118 587 3228 641 illis
3251 593 3315 641 ut
3333 594 3584 643 tacerent

314 658 664 729 etdispliceat
685 659 787 723 illi,
814 665 880 713 ut
900 660 1162 714 emendet
1186 660 1481 715 consilium
1503 662 1630 725 Dei;
1659 665 1792 734 quia
1811 665 1905 735 qui
1988 668 2190 735 visum,
2217 671 2464 740 quandiu
2488 688 2521 724 a
2542 672 2779 725 mortuis
2804 680 3142 741 resurgeret.
3168 676 3375 747 (Greg.)
3393 676 3581 731 Sancti

311 746 576 817 cognovit,
632 748 833 801 laudat
873 748 1185 818 potentiam
1214 749 1335 813 Dei,
1372 766 1538 819 quem
1585 752 1682 821 qui
1716 754 1907 807 omnia
1991 757 2199 811 etenim
2232 758 2621 829 praedicatores
2651 761 2806 831 quasi
2831 768 3003 831 portae
3028 763 3186 816 nobis
3208 746 3355 821 sunt,
3373 765 3583 835 quinos

312 843 467 905 negat
494 852 681 906 posse,
708 853 812 891 nec
835 838 1109 891 mundum
1142 838 1320 891 credit
1347 839 1561 892 fecisse.
1589 841 1735 904 Quid
1752 843 1904 896 enim
1988 845 2057 899 ad
2092 847 2416 901 interiorem
2447 849 2793 902 intellectum
2826 858 3047 904 aeternae
3068 853 3354 922 sapientia:
3378 856 3581 925 perdu-

315 940 569 993 magnnm
602 931 692 979 est
719 934 784 978 ut
812 925 884 979 de
915 942 973 978 se
1024 925 1285 979 credatur
1312 943 1630 995 generasse,
1666 930 1760 999 qui
1792 948 1903 985 non
1986 942 2121 989 cunt
2157 955 2167 988 :
2201 936 2295 989 sed
2320 954 2446 990 cum
2470 938 2649 991 adhuc
2680 934 3071 993 inchoantibus
3102 954 3213 995 non
3245 943 3361 995 alta
3383 947 3439 996 et
3458 961 3580 1015 my-

314 1012 610 1083 ambigitur
636 1019 842 1068 cuncta
869 1032 935 1067 ex
963 1014 1133 1068 nihilo
1155 1014 1347 1068 fecisse
1376 1017 1399 1068 ’Ζ
1432 1017 1636 1089 quippe
1664 1036 1792 1072 cum
1814 1020 1899 1072 di-

313 1108 390 1155 cat
416 1102 677 1155 Salvator
708 1122 720 1155 :
751 1102 919 1171 Apud
969 1105 1139 1157 Deum
1186 1110 1373 1157 autem
1401 1111 1592 1160 omnia
1617 1110 1900 1175 possibilia

311 1196 426 1242 sunt
456 1188 483 1249 ί
483 1191 612 1243 Luc.
648 1193 823 1257 xvui),
856 1192 1072 1245 cunctis
1100 1192 1276 1261 liquet
1304 1193 1438 1263 quia
1463 1194 1613 1248 Deus
1643 1196 1900 1249 consilia-

311 1279 397 1332 riis
422 1295 535 1333 non
555 1287 708 1349 eget,
740 1281 833 1350 qui
859 1281 992 1350 ipsis
1014 1296 1236 1351 quoque
1256 1282 1589 1336 consiliariis
1608 1285 1901 1339 hominum

312 1368 587 1439 sapientia:
604 1369 907 1423 consilium
935 1368 1161 1439 przebet,
1194 1371 1263 1423 de
1290 1388 1401 1441 quo
1427 1372 1598 1426 etiam
1629 1374 1899 1444 scriptum

313 1462 389 1508 est
413 1475 424 1506 :
451 1456 584 1521 Quis
609 1462 863 1523 cognovit
888 1474 1107 1511 sensmn
1128 1459 1369 1521 Domini,
1392 1465 1492 1512 aut
1509 1463 1633 1527 quis
1645 1466 1901 1515 consilia»-

316 1548 430 1597 τίω
451 1547 566 1611 ejus
588 1547 707 1611 fuit
734 1552 758 1599 Ρ
777 1547 885 1600 Sed
911 1546 1385 1616 quemadmodum
1406 1564 1532 1601 cum
1546 1549 1707 1618 panis
1718 1551 1802 1603 vel
1819 1568 1906 1604 ve-

314 1633 633 1687 stimentum
663 1634 856 1704 egenti
887 1634 1172 1697 tribuitur,
1210 1635 1311 1689 hoc
1341 1653 1400 1689 se
1434 1638 1708 1691 Dominus
1747 1656 1903 1693 acce-

1986 1026 2143 1089 stica,
2174 1027 2270 1078 sed
2299 1027 2552 1096 quaedam
2584 1043 2706 1096 qum
2736 1028 2854 1097 capi
2907 1030 3223 1097 pricvalent,
3258 1032 3578 1101 praedicant,

1990 1120 2162 1183 portae
2192 1115 2494 1167 exteriores
2526 1122 2657 1168 sunt
2682 1133 2694 1169 :
2729 1132 2855 1169 cum
2879 1133 3008 1169 vero
3032 1117 3288 1187 perfectis
3309 1119 3585 1189 profunda

1989 1207 2046 1255 et
2078 1203 2311 1272 mystica
2342 1204 2665 1275 loquuntur,
2700 1210 2873 1274 portae
2912 1205 3227 1259 interiores.
3279 1207 3582 1261 Videamus

1988 1291 2232 1360 qualiter
2262 1298 2421 1361 porta
2452 1293 2696 1345 exterior
2724 1300 2917 1363 pateat
2947 1311 2957 1345 :
2994 1295 3108 1347 Non
3140 1298 3297 1362 potui
3328 1299 3470 1350 robis
3510 1300 3583 1351 lo-

1983 1384 2083 1448 qui
2112 1384 2275 1448 quasi
2302 1383 2667 1448 spiritalibus,
2725 1385 2814 1435 scd
2857 1387 3020 1451 quasi
3066 1387 3426 1449 carnalibus;
3462 1391 3585 1441 tan-

1986 1484 2153 1537 quam
2180 1474 2438 1537 parvulis
2494 1474 2551 1522 in
2585 1472 2799 1523 (Vn‘islo
2824 1476 2907 1526 (ac
2927 1474 3073 1525 robis
3092 1477 3277 1541 potum
3302 1475 3441 1539 dedi,
3472 1491 3579 1529 non

1987 1573 2182 1611 escam.
2218 1558 2520 1613 Videamus
2550 1560 2793 1629 qualiter
2822 1568 2983 1631 porta
3011 1562 3247 1616 interior
3281 1568 3471 1634 patet:
3500 1580 3584 1618 sa-

1986 1650 2257 1714 pientiam
2283 1652 2568 1715 loquimur
2596 1652 2744 1702 inter
2760 1653 3040 1718 perfectos.
3065 1651 3368 1706 Videamus
3389 1657 3580 1707 utrum

311 1723 445 1792 pisse
472 1728 725 1776 testatur
761 1742 772 1775 :
808 1724 889 1777 ita
923 1740 1049 1776 cum
1096 1725 1363 1779 nescienti
1409 1726 1639 1780 cuilibet
1691 1735 1902 1782 rectum
1928 1719 2184 1789 Beadem
2206 1736 2325 1805 ipsa
2349 1737 2422 1789 sit
2445 1742 2607 1807 porta
2627 1737 2862 1791 interior
2884 1746 2943 1793 et
2961 1740 3220 1805 exterior,
3245 1744 3583 1808 sapientibus

312 1811 595 1865 consilium
626 1813 821 1875 datur,
853 1812 959 1866 hoc
985 1812 1103 1884 ipse
1134 1814 1364 1885 accepit,
1396 1817 1556 1885 cujus
1594 1817 1686 1870 ille
1720 1835 1901 1871 mem-

314 1900 461 1953 brum
482 1907 568 1954 est
580 1902 681 1971 qui
694 1902 973 1955 eruditur.
991 1903 1201 1956 Omnes
1218 1903 1427 1957 etenim
1438 1904 1631 1959 ﬁdeles
1652 1907 1905 1961 membra

314 1989 475 2042 nostri
502 1990 886 2061 redemptoris
914 2008 1127 2055 sumus,
1155 1999 1212 2045 et
1239 1992 1381 2046 sicut
1400 1993 1518 2063 ipse
1541 1994 1598 2047 in
1620 1995 1780 2049 nobis
1806 2014 1907 2078 per

315 2077 749 2132 misericordiam
784 2071 1364 2154 largitatis‘paséitlir,
1395 2070 1473 2136 ita
1501 2083 1617 2153 ipse
1655 2074 1714 2153 in
1746 2070 1905 2139 nobis

315 2181 409 2235 per
434 2167 703 2221 doctrinae
735 2168 1031 2222 consilium
1046 2160 1319 2239 gilvum?)
1335 2156 1904 2227 Nm'a'utem'siiiium

318 2256 408 2307 Dei
434 2257 713 2309 habemus.
748 2257 867 2310 Hoc
900 2256 1051 2321 dicit,
1102 2259 1234 2328 quia
1275 2260 1564 2340 credentes
1606 2262 1905 2333 participes

308 2359 497 2396 sumus
523 2345 779 2414 ejusdem
822 2336 1381 2417 divipeesenténtiaii
1411 2337 1420 2348 ’
1522 2354 1541 2372 ..
1574 2351 1587 2368 .
1710 2350 1749 2374 ._
1812 2344 1826 2359 η.

908 2446 1161 2525 ςίιρῖγῖ
1198 2446 1296 2527 Ili.
1328 2446 1336 2461 ’

320 2574 552 2647 Remoret
582 2591 813 2628 errorem
850 2577 1077 2630 Corinth
1088 2582 1290 2644 iorum,
1323 2582 1458 2647 quia
1489 2583 1767 2633 ministris
1789 2585 1900 2634 ali-

383 2646 580 2721 quibus
594 2648 839 2721 nimium
868 2648 1200 2711 tribuebant,
1217 2646 1440 2717 agitque
1458 2650 1520 2703 (lc
1542 2650 1903 2721 adiﬁcationc

379 2720 791 2841 lignum,
799 2720 991 2784 fenum
1004 2762 1014 2781 ,
1027 2722 1293 2787 stipulam.
1304 2726 1353 2773 ct
1363 2723 1424 2774 de
1436 2726 1607 2775 stulta
1620 2739 1680 2774 sa
1678 2726 1813 2791 pien
1822 2727 1900 2777 tia

379 2803 470 2839 mu
556 2805 573 2840 τ
583 2829 594 2838 .

377 2803 594 2840 manat.

370 2893 440 2946 Et
458 2909 569 2961 ego,
587 2896 812 2961 fratres,
831 2912 942 2950 non
958 2901 1117 2965 potui
1132 2898 1273 2951 vobis
1286 2902 1609 2967 loquiquasi
1630 2904 1905 2968 spiritali-

311 2982 424 3047 bus,
449 2984 543 3036 sed
561 2987 729 3051 quasi
745 2987 1089 3039 carnalibus.
1121 2986 1330 3057 (Amb.)
1357 2987 1516 3041 Nunc
1536 2988 1622 3042 his
1652 2990 1904 3060 loquitUr

1986 1830 2035 1877 ct
2066 1827 2457 1892 inm'm'rntibus
2481 1828 2689 1879 debitor
2711 1844 2833 1879 sum
2859 1828 3029 1893 (llam,
3059 1832 3119 1896 l),
3136 1830 3232 1899 qui
3253 1846 3478 1883 rursum
3503 1830 3583 1883 di-

1987 1913 2081 1977 cit,
2106 1917 2214 1966 sirc
2244 1920 2419 1967 mente
2440 1916 2762 1977 ercedimus,
2781 1917 2884 1969 [leo
2908 1934 2923 1977 ;
2944 1919 3053 1969 sive
3077 1919 3250 1971 sobrii
3270 1934 3583 1982 sumus,ro-

1988 2003 2068 2080 bis
2116 2003 2197 2080 g7]
2251 2006 2373 2055 (for.
2413 2005 2505 2071 v);
2558 2004 2613 2056 in
2648 2004 2749 2057 hoc
2783 2004 2932 2057 enim
2965 2006 3112 2074 quod
3153 2008 3582 2078 contemplando

1988 2074 2044 2153 ei
2056 2074 2145 2161 iob
2155 2098 2185 2143 u
2196 2092 2337 2145 endo
2350 2091 2695 2162 sapientibus
2718 2098 2903 2147 mente
2917 2094 3149 2159 excedit,
3168 2101 3330 2166 porta
3342 2096 3580 2150 interior

1988 2187 2101 2241 est;
2134 2180 2190 2233 in
2216 2181 2316 2234 hoc
2334 2197 2465 2233 vero
2487 2182 2631 2251 quod
2657 2182 2901 2251 parvulis
2938 2182 3122 2236 sobrie
3149 2183 3207 2237 in
3236 2185 3582 2254 praedicatio-

1994 2275 2121 2323 nem
2153 2287 2211 2321 se
2244 2260 2536 2339 temperat,
2574 2277 2630 2323 et.
2658 2278 2870 2339 quanta
2909 2271 3180 2325 ebrietate
3215 2273 3458 2342 Spiritus
3490 2274 3578 2327 in-

1986 2342 2343 2411 fuhd‘atciii'r.
2397 2364 2605 2421 mente,
2654 2376 2781 2411 cum
2832 2360 3112 2429 praedicat,
3146 2377 3256 2413 non
3311 2362 3574 2421 ostendit.

1985 2448 2321 2499 exteriorem
2344 2454 2563 2517 portam
2586 2464 2644 2500 se
2666 2464 2787 2499 esse
2810 2448 3149 2502 manifestat.
3175 2450 3285 2519 Ipsi
3310 2449 3577 2521 itaque’et

1988 2536 2292 2589 exteriores
2312 2540 2486 2605 portae
2510 2535 2669 2589 nobis
2689 2542 2837 2599 sunt,
2854 2537 3232 2596 etinteriores,
3250 2554 3373 2608 qua)
3395 2554 3496 2592 nos
3522 2545 3575 2593 et

1987 2624 2044 2676 in
2068 2624 2247 2694 primo
2266 2624 2419 2677 aditu
2440 2624 2590 2688 ﬁdei,
2606 2624 2745 2694 spei,
2760 2631 2929 2695 atque
2941 2625 3230 2679 charitatis
3250 2627 3571 2685 instituunt.

1987 2718 2043 2766 et
2069 2729 2195 2766 cum
2220 2714 2338 2782 jam
2369 2713 2788 2784 proﬁcientibus
2834 2715 3073 2767 caelestis
3118 2715 3276 2785 regni
3310 2718 3577 2787 mysteria

1984 2802 2308 2871 praedicant,
2344 2818 2443 2872 per
2472 2800 2822 2855 subtiliorem
2843 2818 3070 2856 sensum
3094 2820 3195 2857 nos
3217 2805 3285 2858 ad
3308 2805 3575 2860 interiora

1984 2891 2317 2960 perducunt.
2356 2892 2541 2959 (Λυσ.)
2578 2891 2917 2945 Prmdicatus
2945 2892 3014 2944 ab
3033 2894 3299 2962 apostolis
3320 2894 3576 2949 Christus

1986 2980 2279 3033 crucifixus
2333 2987 2389 3033 et
2428 2978 2634 3033 Judaeis
2684 2986 2804 3033 erat
2849 2981 3193 3047 scandalum,
3229 2988 3285 3035 et
3312 2983 3575 3051 gentibus

305 3070 709 3142 quipmpterea
721 3074 871 3143 quod
893 3075 1075 3129 muli
1099 3076 1281 3129 adhuc
1302 3077 1679 3147 voluptatibus
1699 3080 1903 3132 servie-
1919 3079 1961 3136 (ζ
1984 3069 2243 3133 stultitia,
2269 3075 2326 3122 et
2347 3067 2484 3139 ipsis
2500 3070 2707 3122 vocatis
2729 3070 2953 3135 Judaeis,
2985 3076 3041 3123 et
3061 3070 3266 3124 Griecis
3278 3072 3378 3125 Dei
3399 3072 3575 3127 virtus

304 3156 452 3223 bant,
482 3161 741 3214 carnales
761 3169 941 3215 erant.
968 3163 1232 3226 Quamvis
1249 3165 1368 3234 jam
1392 3164 1657 3235 baptizati
1689 3172 1893 3231 essent,

299 3254 357 3301 et
376 3248 653 3318 Spiritum
693 3256 953 3304 sanctum
978 3252 1322 3322 accepissent
1355 3258 1581 3308 Etamen
1612 3255 1743 3325 quia
1774 3263 1899 3325 post

300 3336 645 3406 baptismum
676 3338 871 3393 statim
895 3340 964 3393 ad
988 3346 1232 3395 veterem
1254 3342 1539 3396 hominem
1565 3344 1789 3398 fuerant
1816 3361 1899 3398 re-

297 3425 458 3489 versi,
490 3427 585 3481 cui
613 3427 1168 3495 abrenuntiaverant,
1196 3431 1750 3497 dicunturcarnales;
1777 3434 1899 3504 Spi-

298 3515 440 3568 ritus
461 3517 621 3569 enim
643 3525 871 3571 sanctus
894 3525 1027 3572 tunc
1049 3526 1343 3589 permanet
1370 3521 1426 3573 in
1453 3538 1537 3585 eo,
1565 3522 1651 3577 cui
1677 3540 1734 3575 se
1758 3523 1898 3576 infu-

296 3603 476 3663 derat,
512 3605 563 3658 si
596 3614 825 3659 maneat
853 3607 909 3659 in
939 3609 1223 3678 proposito
1244 3610 1651 3677 generationis;
1677 3612 1721 3663 si
1766 3629 1898 3681 quo-

1983 3165 2040 3211 et
2067 3159 2167 3211 Dei
2198 3159 2502 3229 sapientia;
2539 3159 2635 3212 sed
2674 3158 2991 3212 carnalibus
3021 3160 3267 3230 parvulis
3297 3161 3575 3215 credendo

1982 3248 2037 3301 id
2070 3254 2291 3301 tantum
2322 3247 2664 3311 tenentibus,
2690 3248 3035 3319 spiritalibus
3057 3255 3246 3302 autem
3277 3250 3575 3320 capaciori-

1982 3336 2104 3393 bus.
2139 3337 2193 3389 id
2226 3337 2397 3391 etiam
2429 3334 2794 3407 intelligendo
2835 3337 3210 3391 cernentibus.
3254 3338 3371 3391 Hoc
3400 3339 3576 3409 igitur

1980 3426 2245 3495 primitus
2275 3426 2515 3494 cognito,
2551 3427 2697 3495 quod
2728 3442 2795 3479 ea
2824 3426 2943 3496 ipsa
2982 3443 3104 3496 quae
3130 3427 3297 3480 simul
3338 3427 3577 3481 audiunt

1981 3514 2262 3585 spiritales
2297 3520 2465 3583 atque
2496 3516 2766 3577 carnales,
2793 3532 2891 3584 pro
2913 3532 3014 3568 suo
3052 3515 3259 3585 quique
3284 3516 3449 3569 modo
3479 3533 3572 3569 ca-

1981 3604 2163 3675 piunt,
2200 3603 2298 3665 illi,
2334 3612 2397 3656 ut
2427 3603 2659 3674 parvuli,
2686 3604 2777 3656 isti
2808 3609 2873 3656 ut
2904 3606 3171 3673 majores;
3200 3604 3300 3671 illi,
3329 3609 3391 3657 ut
3412 3605 3574 3658 lactis

294 3693 513 3759 minus,
545 3693 791 3761 abcedit;
818 3696 898 3748 ita
928 3702 1117 3749 tamen
1149 3705 1213 3749 ut
1240 3698 1287 3750 si
1314 3714 1373 3750 se
1404 3699 1785 3753 reformaverit
1804 3701 1901 3754 ho.
1980 3693 2333 3755 alimentum,
2355 3692 2444 3745 isti
2468 3698 2530 3745 ut
2548 3692 2653 3744 cibi
2694 3693 3147 3758 solidamentum,
3171 3693 3325 3746 nulla
3357 3693 3576 3746 videtur

295 3797 407 3847 mo,
433 3783 636 3836 redeat
655 3784 725 3837 ad
747 3784 924 3849 illum,
941 3786 1323 3855 semperenim
1345 3792 1577 3857 paratus
1599 3789 1665 3841 ad
1690 3788 1898 3843 bonam
1981 3799 2101 3836 esse
2132 3780 2434 3833 necessitas
2455 3787 2518 3833 ut
2549 3781 2737 3849 aliqua
2756 3786 2970 3833 secreta
2992 3781 3257 3833 doctrina:
3279 3786 3575 3834 taceantur

287 3877 394 3936 est,
410 3872 665 3939 diligens
686 3874 1093 3941 pmnitentiam.
1132 3875 1301 3941 Quasi
1319 3880 1573 3943 parvulis
1598 3880 1655 3929 in
1680 3878 1894 3932 Christo
1979 3878 2035 3925 et
2061 3871 2474 3924 abscondantur
2496 3868 2771 3931 ﬁdelibus,
2796 3884 3048 3921 seorsum
3080 3868 3317 3921 dicenda
3349 3870 3575 3938 majori-

288 3963 380 4012 Iac
410 3962 568 4012 vobis
593 3967 778 4027 potum
828 3964 968 4027 dedi,
1028 3980 1138 4016 non
1183 3980 1376 4017 escam.
1409 3965 1673 4028 Quamvis
1713 3967 1891 4020 renati
1979 3960 2102 4019 bus,
2120 3961 2221 4013 hoc
2243 3964 2329 4012 est
2352 3956 3234 4027 intelligentioribus;ethocideo
3254 3956 3573 4011 faciendum

289 4055 486 4102 essent
517 4048 578 4102 in
600 4050 839 4118 Christo,
874 4056 1064 4105 tamen
1097 4052 1345 4107 non-fuit
1374 4053 1607 4123 dignum
1640 4055 1785 4108 tradi
1808 4056 1893 4109 his
1982 4056 2229 4120 putetur,
2245 4047 2378 4118 quia
2396 4047 2536 4100 dixit
2554 4047 2853 4116 Apostolus
2880 4065 2889 4098 ε
2918 4048 3037 4100 Non
3052 4050 3219 4117 potui
3241 4048 3385 4101 vobis
3424 4048 3576 4116 loqui

287 4137 573 4206 spiritalia
610 4156 622 4189 :
657 4146 887 4210 accepta
913 4140 1063 4193 enim
1088 4141 1214 4205 ﬁde,
1243 4158 1364 4212 quae
1394 4149 1480 4195 est
1508 4143 1677 4195 veluti
1706 4160 1897 4197 semen
1979 4142 2142 4207 quasi
2160 4138 2526 4206 spiritalibus,
2544 4138 2634 4189 sed
2656 4142 2713 4188 ut
2735 4136 3194 4199 carnalibus,hoc
3215 4136 3399 4207 ipsum
3422 4136 3573 4190 enim

287 4226 565 4295 spiritale,
590 4228 812 4281 nullum
840 4229 1083 4283 fructum
1117 4231 1232 4284 Deo
1265 4231 1497 4299 dignum
1528 4231 1798 4299 fecerunt,
1837 4240 1901 4286 ut
1983 4227 2129 4297 quod
2160 4243 2271 4279 non
2297 4226 2567 4295 judicavit
2589 4242 2647 4278 se
2684 4225 2824 4279 scire
2859 4224 2915 4278 in
2943 4226 3023 4278 eis
3054 4225 3160 4278 nisi
3184 4226 3376 4280 Jesum
3408 4226 3572 4279 Chri-

290 4314 653 4382 perfectionis
680 4316 853 4370 verba
883 4325 1234 4372 mererentur
1263 4320 1569 4386 addiscere,
1605 4321 1702 4374 sed
1740 4322 1901 4391 quasi
1982 4324 2129 4369 stum
2144 4315 2715 4375 ethunccruciﬂxum,
2745 4315 2878 4384 ipsis
2903 4331 3012 4367 non
3037 4314 3219 4384 potuit
3236 4315 3387 4384 loqui
3410 4315 3569 4384 quasi

288 4405 507 4472 parvuli
542 4405 983 4475 imperfectionis
1011 4408 1265 4461 sensibus
1296 4409 1614 4463 studebant.
1646 4411 1886 4480 Aposto-
1909 4435 1958 4494 D

288 4491 373 4544 lus
384 4500 581 4547 autem
595 4494 681 4547 vir
702 4494 927 4548 divinus
946 4501 1004 4549 et
1031 4497 1278 4550 medicus
1300 4498 1570 4568 spiritalis
1586 4498 1888 4569 unicuique

288 4582 601 4635 secundum
620 4583 769 4637 vires
780 4584 905 4653 ejus
928 4585 1203 4647 tradebat,
1220 4601 1289 4639 ne
1304 4587 1893 4657 perimperfectionem

287 4676 341 4721 et
368 4670 725 4741 imperitiam
747 4673 873 4743 quis
901 4673 968 4727 de
996 4674 1162 4728 rebus
1193 4675 1537 4745 spiritalibus
1567 4677 1893 4730 scandalum

288 4767 603 4827 pateretur.
638 4762 902 4814 Nondum
932 4766 1080 4815 enim
1106 4768 1388 4831 poteratis.
1416 4765 1675 4819 Ostendit
1702 4772 1892 4836 aperte

286 4863 395 4901 non
430 4848 560 4902 illos
586 4848 850 4904 debuisse
889 4851 1082 4905 audire
1110 4868 1232 4923 quae
1273 4854 1618 4907 confirmatis
1655 4854 1891 4907 dicenda

284 4945 437 4991 sunt.
466 4939 573 4991 Sed
595 4954 765 5007 neque
798 4955 950 4993 nunc
970 4946 1207 5008 potestis,
1236 4936 1419 4995 adhuc
1438 4946 1586 4996 enim
1615 4947 1740 4995 estis
1775 4959 1894 4997 car-

289 5030 464 5079 nales.
504 5026 607 5079 Hic
646 5028 806 5081 valde
848 5030 1035 5099 arguit
1080 5031 1459 5084 temeritatem
1509 5031 1751 5097 illorum,
1796 5032 1889 5101 qui

286 5113 676 5183 querebantur
703 5117 917 5170 dudum
945 5135 1004 5171 se
1032 5135 1142 5173 non
1174 5118 1397 5173 audisse
1431 5120 1724 5189 spiritalia,
1761 5137 1889 5173 cum

284 5203 475 5257 adhuc
506 5204 723 5275 indigni
754 5214 943 5259 essent
980 5208 1193 5261 audire.
1238 5208 1694 5279 Pseudoapostoli
1736 5209 1887 5262 enim

287 5294 610 5362 promiscue
638 5294 901 5348 omnibus
920 5312 1032 5349 uno
1049 5303 1217 5367 atque
1248 5298 1442 5351 eodem
1470 5313 1675 5366 genere
1707 5298 1890 5351 trade-

286 5380 445 5445 bant,
482 5383 693 5436 nullius
711 5400 1004 5453 personam
1024 5386 1404 5440 discernentes
1419 5405 1431 5453 ;
1448 5392 1510 5439 ut
1522 5385 1887 5456 acceptabiles

286 5470 499 5524 ﬁerent
524 5487 626 5541 per
649 5472 969 5542 hypocrisin
989 5476 1383 5538 commendati,
1399 5492 1525 5528 cum
1549 5476 1887 5529 constetDo-

286 5559 516 5613 minam
542 5568 601 5614 et
626 5564 913 5615 auctorem
942 5569 1199 5618 nostrum
1224 5564 1510 5618 Christum
1531 5564 1695 5618 aliter
1711 5576 1885 5637 popu-

1981 4404 2344 4477 spiritalibus,
2371 4404 2503 4473 quia
2532 4404 2587 4456 id
2609 4403 2752 4456 sicut
2772 4403 3053 4472 spiritales
3075 4416 3273 4471 capere
3293 4418 3404 4454 non
3428 4404 3573 4456 vale-

1978 4496 2131 4549 bant.
2158 4494 2488 4562 Quicunque
2522 4492 2671 4544 enim
2692 4491 2970 4561 spiritales
3004 4491 3153 4543 inter
3183 4506 3276 4543 eos
3307 4496 3487 4553 erant,
3513 4491 3569 4544 id

1978 4591 2080 4643 est,
2116 4583 2265 4653 quod
2292 4582 2373 4634 illi
2403 4587 2672 4650 tanquam
2706 4579 2958 4632 carnales
2991 4578 3311 4643 audiebant,
3330 4578 3569 4650 spiritali

1976 4674 2262 4727 intellectu
2292 4670 2397 4741 ipsi
2445 4668 2756 4738 capiebant,
2790 4673 2855 4721 ut
2884 4667 2962 4721 sic
3010 4668 3376 4738 intelligatur,
3420 4668 3567 4739 quod

1977 4779 2087 4815 non
2121 4761 2276 4832 potui
2318 4758 2471 4812 vobis
2501 4757 2653 4826 loqui
2684 4756 2843 4826 quasi
2883 4757 3248 4828 spiritalibus,
3279 4757 3377 4811 sed
3408 4758 3567 4829 quasi

1975 4849 2311 4911 carnalibus,
2346 4864 2409 4900 ac
2438 4846 2484 4899 si
2514 4846 2741 4907 diceret,
2767 4863 2877 4899 non
2920 4847 3181 4917 potuistis
3220 4848 3377 4917 quasi
3400 4847 3566 4916 spiri-

1975 4942 2135 5003 tales,
2169 4938 2265 4992 sed
2313 4936 2472 5007 quasi
2501 4936 2755 4990 carnales
2792 4952 2990 5006 capere
3020 4936 3243 5007 quando
3273 4934 3560 5006 loquebar.

1976 5032 2171 5100 Itaque
2203 5025 2581 5080 festinandum
2617 5024 2776 5078 nobis
2798 5029 2902 5091 est,
2930 5030 2993 5078 ut
3019 5042 3144 5079 cum
3176 5024 3565 5077 renuntiantes

1976 5118 2309 5172 desierimus
2341 5132 2461 5167 esse.
2492 5114 2763 5171 carnales,
2796 5114 2852 5166 id
2886 5119 2988 5175 est,
3012 5130 3045 5167 a
3074 5113 3423 5167 saecularium
3450 5129 3563 5166 cos-

1972 5207 2218 5278 perimus
2248 5203 2669 5258 conversatione
2692 5203 2931 5273 sejungi,
2956 5208 3013 5256 et
3039 5202 3108 5256 ab
3138 5202 3235 5256 illa
3264 5201 3561 5256 manifesta

1972 5295 2154 5349 carnis
2167 5293 2476 5363 pollutione
2490 5308 2727 5357 cessare,
2751 5292 3060 5362 spiritalem
3075 5296 3283 5346 statum
3304 5290 3560 5361 protinus

1973 5383 2391 5455 apprehendere
2433 5387 2552 5434 tota
2583 5381 2789 5433 virtute
2818 5381 3086 5449 nitamur,
3130 5398 3199 5434 ne
3238 5380 3379 5434 forte
3408 5380 3562 5434 blan-

1972 5474 2189 5527 dientes
2210 5472 2367 5525 nobis
2387 5471 2482 5542 qui
2512 5470 2767 5523 videmur
2784 5469 3446 5524 secundum‘exteriorem
3466 5470 3562 5523 ho-

1971 5562 2183 5617 minem
2213 5562 2340 5616 huic
2360 5560 2712 5614 renuntiasse
2745 5560 2973 5619 mundo,
2997 5560 3081 5614 vel
3114 5559 3425 5614 carnalium
3446 5558 3562 5611 lbr-
