3900 6196
308 296 369 354 31
927 301 990 354 Β.
1023 297 1295 355 RABANI
1325 297 1557 353 MAURI
1583 297 1920 354 ARCHIEP.
1949 296 2274 353 MOGUNT.
2308 296 2606 353 OPERUM
2631 296 2815 352 PARS
2845 281 2944 352 ill.
3506 293 3576 351 32

311 422 658 479 nicationum
685 424 1000 480 deseruisse
1021 425 1298 494 contagia,
1321 428 1589 493 tanquam
1620 423 1716 493 qui
1746 440 1903 478 sum-
1918 423 2043 483 Ain
2067 421 2316 476 medium
2327 421 2574 487 deduxit,
2591 439 2713 492 quae
2723 422 2872 492 apud
2884 437 2979 476 eos
2990 428 3047 476 et
3056 420 3578 492 perpetratatuerat

311 528 462 566 mam
492 511 847 582 perfectionis
876 530 978 584 per
997 514 1100 566 hoc
1127 511 1687 583 apprehenderimus,
1704 512 1900 565 remis-

311 601 487 654 siores
517 601 778 672 deinceps
803 619 938 672 erga
955 601 1406 655 emendationem
1426 607 1751 654 czeterarum
1770 617 1899 671 pas-

311 690 532 744 sionum
563 690 915 761 lenioresque
959 691 1280 756 reddamur,
1311 696 1368 744 et
1413 689 1561 743 inter
1596 695 1901 760 utrumque

311 779 544 844 detenti,
558 779 796 848 gradum
816 779 1086 850 spiritalis
1109 779 1386 850 profectus
1408 779 1631 848 assequi
1653 794 1900 848 nequea-

313 885 457 933 mus,
491 867 876 923 existimantes
923 869 994 923 ad
1033 868 1430 939 perfectionem
1479 866 1639 921 nobis
1690 866 1903 922 haben-

310 957 438 1010 dam
469 955 742 1024 sufficere,
788 958 936 1028 quod
973 957 1246 1012 exteriore
1275 957 1503 1012 homine
1541 955 1798 1010 videmur
1833 956 1902 1010 de

311 1045 732 1100 conversatione
762 1046 958 1101 mundi
1002 1045 1171 1116 hujus
1199 1063 1263 1100 ac
1311 1041 1689 1117 voluptatibus
1721 1062 1905 1116 segre-

309 1133 447 1202 gati.

387 1224 526 1276 Nam
556 1240 682 1278 cum
711 1227 774 1278 in
799 1225 946 1278 vobis
975 1227 1258 1278 sinulatio
1286 1229 1336 1277 et
1368 1227 1735 1278 contentiones
1761 1227 1900 1290 sint,

315 1327 496 1365 nonne
541 1315 792 1366 carnales
842 1315 968 1366 estis
1013 1319 1062 1366 et
1109 1313 1410 1366 secundum
1455 1313 1733 1366 hominem
1779 1329 1902 1366 am-

314 1400 518 1454 bulatis
553 1407 577 1454 Ρ
609 1399 817 1468 (Amb.)
851 1401 1209 1471 Indignitatis
1241 1418 1436 1456 causas
1467 1401 1713 1455 ostendit
1737 1419 1748 1468 ;
1772 1401 1906 1472 quia

312 1487 382 1542 de
412 1488 638 1542 homine
666 1489 762 1560 qui
800 1495 990 1560 sperat
1035 1490 1326 1556 auxilium,
1360 1488 1601 1543 carnalis
1633 1494 1720 1543 est
1751 1508 1762 1556 ;
1805 1489 1903 1560 qui

315 1582 506 1630 autem
547 1583 738 1647 spreta
782 1578 1135 1634 humanitate
1163 1579 1233 1632 de
1283 1579 1398 1632 Deo
1432 1584 1639 1649 sperat,
1681 1578 1904 1648 spirita-

313 1664 384 1717 lis
415 1670 517 1731 est,
551 1665 684 1736 quia
710 1667 861 1721 Deus
891 1667 1122 1738 spiritus
1151 1674 1253 1722 est.
1289 1667 1477 1735 (.4ug.)
1509 1667 1654 1732 Quid
1684 1673 1770 1721 est
1789 1684 1906 1721 am-

1983 511 2357 565 etincorrecta
2367 510 2924 578 remanebat.(Amb.)
2939 511 3094 564 Sicut
3103 509 3255 563 enim
3264 507 3572 578 gloriantes

1982 600 2042 654 in
2063 601 2178 653 Deo
2197 606 2254 654 et
2273 600 2342 654 de
2372 599 2492 670 ipso
2516 599 2743 653 homine
2759 600 3003 669 gratiam
3043 603 3352 669 sperantes,
3387 597 3465 650 dii
3495 597 3577 650 di-

1985 697 2189 744 cuntur
2215 705 2250 742 a
2278 689 2394 744 Deo
2415 689 2666 759 adoptati
2691 707 2704 755 ;
2728 688 2809 742 ita
2828 695 2885 742 et
2913 689 2971 742 in
2994 688 3222 741 homine
3245 686 3575 756 gloriantes,

1986 785 2043 832 et
2069 778 2342 844 homines,
2375 783 2431 831 et
2445 778 2698 831 carnales
2718 777 3000 844 dicuntur,
3025 775 3309 830 sententia
3327 774 3429 829 Dei
3449 791 3579 829 con-

1985 867 2143 934 clusi,
2177 884 2288 938 qua
2315 867 2395 921 ait
2427 885 2437 920 :
2468 868 2576 935 Ego
2603 868 2742 932 diri,
2773 868 2868 920 Dii
2895 868 3056 929 estis;
3089 880 3179 918 vos
3215 869 3403 918 autem
3433 865 3579 917 sicut

1985 957 2231 1011 homines
2244 958 2567 1010 moriemini
2585 955 2756 1023 (Psal.
2776 958 2986 1024 LXXXI).
3001 955 3175 1008 A\sua
3193 969 3327 1022 ergo
3339 967 3582 1024 persona

1985 1045 2199 1116 incipit,
2227 1061 2297 1098 ne
2321 1044 2464 1100 forte
2496 1049 2796 1115 putaretur
2822 1061 2922 1115 per
2950 1043 3216 1097 invidiam
3244 1040 3424 1111 magis
3457 1057 3580 1111 per-

1987 1151 2151 1188 sonas
2163 1134 2388 1188 illorum
2407 1133 2715 1201 destruere,
2729 1133 3028 1188 ostendens
3039 1147 3309 1201 magnum
3329 1145 3578 1184 errorem

1985 1229 2044 1278 et
2069 1223 2140 1278 ad
2162 1223 2264 1278 Dei
2284 1222 2682 1276 contumeliam
2708 1223 3008 1293 pertinere,
3036 1220 3259 1292 quando
3287 1219 3404 1273 Deo
3442 1234 3580 1288 pm

1985 1311 2188 1377 dicato,
2212 1311 2392 1381 gloria
2413 1311 2580 1365 datur
2600 1310 2940 1364 hominibus.
2966 1309 3111 1374 Quid
3129 1325 3262 1378 ergo
3283 1307 3472 1360 minus
3494 1311 3581 1359 est

1987 1417 2021 1454 a
2049 1400 2387 1470 gentilitate,
2405 1400 2541 1454 dum
2563 1400 2744 1454 adhuc
2770 1399 2982 1471 aliquid
3012 1399 3082 1452 de
3107 1395 3430 1452 hominibus
3457 1410 3581 1464 spe-

1987 1489 2189 1544 ratur?
2222 1489 2366 1556 Quid
2393 1491 2574 1558 igitur
2622 1495 2697 1542 est
2731 1491 2939 1558 Apollo,
2984 1489 3122 1557 quid
3151 1501 3275 1539 vero
3316 1487 3522 1539 Paulus
3555 1488 3581 1536 ?

1987 1581 2240 1634 ministri
2266 1582 2382 1647 ejus
2410 1581 2503 1632 cui
2531 1579 2858 1632 credidistis.
2890 1578 2964 1632 Ut
2993 1576 3126 1647 quia
3154 1573 3396 1628 ministri
3425 1580 3576 1638 sunt,

1987 1685 2113 1740 spes
2159 1667 2218 1722 in
2247 1668 2334 1722 his
2389 1685 2501 1722 non
2549 1667 2642 1731 sit,
2675 1667 2770 1720 sed
2817 1667 2876 1720 in
2924 1667 3060 1730 Deo,
3110 1665 3271 1734 cujus
3301 1668 3435 1717 sunt
3477 1662 3581 1715 mi-

314 1751 509 1806 bulare
537 1755 844 1809 secundum
875 1756 1180 1822 hominem,
1206 1757 1310 1811 hoc
1341 1764 1426 1810 est
1453 1773 1572 1811 esse
1600 1757 1903 1823 carnalem,
1929 1743 2171 1812 Bnistri.
2195 1756 2280 1811 Illi
2303 1757 2453 1810 enim
2472 1757 2786 1826 gratiarum
2807 1755 2952 1809 actio
2973 1753 3275 1808 deferenda
3292 1759 3395 1817 est,
3419 1751 3580 1821 cujus

317 1843 464 1912 quod
492 1860 528 1897 a
553 1860 738 1911 carne,
772 1845 875 1898 hoc
903 1852 1005 1913 est,
1040 1862 1074 1899 a
1104 1850 1262 1916 parte
1290 1845 1534 1899 hominis
1573 1845 1910 1915 intelligitur

317 1931 504 1996 homo,
531 1939 589 1986 et
613 1933 836 1987 eosdem
860 1934 1008 2005 ipsos
1026 1934 1230 2006 quippe
1253 1935 1394 1988 dixit
1411 1934 1670 2006 superius
1694 1934 1908 1988 anima-

1989 1847 2198 1900 donum
2220 1851 2306 1900 est
2330 1863 2340 1898 :
2365 1846 2423 1899 hi
2443 1862 2572 1900 vero
2602 1845 2766 1909 servi,
2789 1861 2928 1915 quos
2946 1843 3119 1898 etiam
3139 1841 3342 1896 invitos
3359 1844 3581 1910 oportet

1989 1935 2332 2006 dispensare.
2357 1934 2622 2005 Nunquid
2674 1950 2786 1988 non
2815 1935 3032 2004 Moyses
3059 1937 3282 1986 coactus
3301 1935 3388 1983 est
3405 1929 3486 1982 ire
3507 1927 3578 1980 ad

319 2019 418 2086 les,
451 2037 590 2091 quos
620 2027 812 2092 postea
842 2025 1112 2090 carnales,
1132 2024 1213 2078 ita
1227 2024 1791 2104 loquens:.4nimal.-B_
1807 2036 1908 2104 an:
1942 2025 2564 2104 ερξιειιδξιοῑιβιιξμίφοά.
2597 2026 2675 2104 ιιι)
2709 2028 2767 2077 et
2811 2023 2982 2076 Jonas
3018 2021 3224 2076 invitus
3255 2026 3340 2073 est
3375 2017 3582 2072 missus

321 2114 425 2162 tem
436 2109 593 2163 homo
614 2127 726 2165 non
736 2115 971 2181 percipit
989 2129 1108 2181 quas
1128 2093 1517 2181 suntSpiritus
1529 2093 1957 2187 Πείεετῖτιῦξίϊξ

318 2202 393 2252 est
422 2201 570 2252 enim
601 2203 710 2254 illi.
741 2201 968 2255 Talibus
985 2201 1178 2270 igitur,
1193 2201 1248 2255 id
1271 2207 1356 2256 est
1371 2201 1727 2267 animalibus,
1745 2202 1909 2272 paulo

319 2292 446 2355 post
471 2286 607 2341 dicit
638 2306 648 2340 :
674 2289 741 2343 Et
787 2307 898 2357 ego,
941 2292 1163 2358 fratres,
1216 2307 1328 2344 non
1367 2293 1528 2360 potui
1575 2286 1741 2367 1ρωιῂ
1764 2291 1922 2369 sub}:
1965 2315 1983 2362 ε

319 2378 483 2443 quasi
508 2380 878 2445 spiritalibus,
913 2381 1003 2432 sed
1030 2382 1194 2448 quasi
1229 2370 1947 2448 carnalibusﬁcbil'hid-t‘f'

323 2465 424 2517 hoc
453 2465 649 2518 eodem
679 2467 946 2537 loquendi
977 2469 1161 2532 modo,
1198 2468 1253 2522 id
1281 2475 1384 2535 est,
1421 2487 1454 2522 a
1482 2477 1641 2540 parte
1671 2475 1852 2522 totum
1898 2486 1908 2520 :

320 2552 390 2606 ab
419 2553 609 2607 anima
655 2571 899 2626 namque
927 2562 986 2610 et
1011 2573 1046 2609 a
1072 2573 1238 2610 carne
1270 2575 1392 2628 qum
1423 2565 1554 2612 sunt
1582 2565 1771 2628 partes
1809 2558 1912 2612 ho-

323 2641 491 2695 minis
502 2649 688 2712 potest
706 2649 890 2698 totum
918 2645 1240 2714 signiﬁcari,
1260 2646 1406 2716 quod
1431 2653 1517 2700 est
1539 2646 1724 2702 homo:
1743 2652 1912 2716 atque

323 2731 402 2783 ita
431 2747 542 2784 non
571 2737 657 2784 est
686 2732 838 2786 aliud
867 2733 1128 2786 animalis
1149 2721 1337 2799 homo,
1361 2734 1512 2787 aliud
1533 2735 1791 2800 carnalis,
1815 2735 1912 2788 sed

324 2819 472 2872 idem
528 2819 711 2890 ipsum
767 2826 853 2874 est
907 2822 1057 2891 quod
1111 2829 1435 2893 utrumque,
1481 2822 1536 2876 id
1590 2830 1676 2878 est
1713 2840 1912 2877 secun-

321 2908 457 2960 dum
485 2907 771 2962 hominem
799 2909 988 2963 vivens
1023 2910 1210 2976 homo,
1244 2911 1389 2965 sicut
1417 2928 1529 2966 non
1562 2912 1714 2966 aliud
1744 2929 1914 2982 quam

323 2996 578 3050 homines
599 2997 1005 3068 signiﬁcantur,
1033 2999 1144 3053 sive
1171 2999 1266 3053 ubi
1287 3001 1495 3070 legitur
1521 3019 1531 3054 :
1557 3002 1637 3056 Ea-
1663 3002 1914 3070 operibus

2315 2094 2578 2198 Néirﬂuliitis
2735 2115 2910 2180 .-1),"1‘.t
2931 2111 3181 2165 Ananias
3197 2107 3586 2164 contradicens

1993 2185 2502 2256 missus'ést°Sifulo
2515 2199 2754 2256 manuni
2761 2201 3048 2271 imponere
3061 2200 3084 2252 ?
3103 2198 3167 2270 (Α
3175 2205 3242 2253 ct.
3257 2201 3356 2265 ix.)
3370 2198 3437 2252 Et
3457 2197 3586 2249 uni-

1996 2294 2340 2365 miqpesiml
2354 2293 2620 2369 Dii-minus
2634 2292 2800 2344 dedit.
2819 2290 2880 2344 Id
2893 2295 2980 2343 est
2997 2290 3145 2343 sicut
3153 2287 3329 2342 voluit
3338 2292 3392 2340 et
3405 2285 3582 2348 scivit,

1996 2361 2650 2460 diﬁsitfsingulisﬁfﬁciti
2661 2378 2984 2452 ministerii?
2997 2379 3105 2446 Ego
3115 2378 3374 2446 plantar-i
3381 2376 3435 2440 ,Α
3440 2378 3531 2442 pol
3538 2377 3588 2427 lo

1994 2454 2217 2538 rigarit,
2252 2471 2352 2523 sed'
2376 2454 2527 2523 Dius
2550 2462 2972 2524 inenenwnmm
2997 2469 3163 2522 dedit.
3210 2466 3473 2519 Plantare
3503 2471 3590 2516 est

1995 2559 2378 2628 evangelizare
2427 2566 2485 2612 et
2513 2558 2583 2611 ad
2634 2557 2800 2610 ﬁdem
2841 2556 3165 2622 attrahere;
3215 2554 3400 2624 rigare
3437 2569 3592 2608 verm
3637 2559 3646 2567 '

1997 2647 2280 2718 baptizare
2325 2645 2670 2701 solemnibus
2715 2646 2898 2699 verbis
2941 2664 2952 2700 :
2988 2649 3218 2716 peccata
3269 2651 3456 2697 autem
3509 2642 3591 2694 di-

1997 2737 2220 2790 mittere
2233 2742 2290 2789 et
2301 2735 2575 2806 Spiritum
2603 2735 2757 2801 dare,
2774 2735 2876 2788 Dei
2891 2733 3085 2788 solius.
3105 2734 3163 2788 Si
3174 2749 3306 2800 ergo
3328 2732 3586 2786 ell'ectum

1997 2825 2193 2878 salutis
2214 2825 2362 2878 Deus
2383 2825 2498 2888 dat,
2525 2825 2681 2878 nulla
2705 2824 2902 2878 salutis
2919 2823 3102 2894 gloria
3124 2823 3181 2875 in
3200 2822 3304 2874 hac
3326 2837 3386 2874 re
3411 2820 3589 2873 homi-

1999 2915 2084 2968 nis
2106 2919 2192 2967 est
2215 2932 2226 2966 :
2247 2914 2455 2968 scimus
2480 2913 2630 2967 enim
2654 2918 2712 2967 et
2740 2912 3013 2984 Spiritum
3043 2916 3300 2966 sanctum
3328 2911 3450 2966 sine
3471 2925 3590 2962 ma-

1996 3019 2102 3057 nus
2129 3002 2487 3072 impositione
2517 3003 2712 3056 datum
2743 3019 2778 3056 a
2820 3003 2954 3068 Deo,
2995 3007 3052 3056 et
3083 3015 3194 3054 non
3243 2999 3584 3071 baptizatum

317 3087 447 3152 legis
479 3101 588 3139 non
605 3089 1012 3154 justiﬁcabitur
1042 3092 1222 3142 omnis
1263 3105 1392 3142 caro
1425 3091 1595 3156 (Rom.
1629 3094 1705 3158 ιιι)
1742 3109 1754 3156 ;
1793 3090 1910 3144 sive
1935 3108 1978 3168 ρ
1997 3097 2357 3146 consecutum
2380 3091 2768 3146 remissionem
2788 3097 3161 3163 peccatorum.
3187 3088 3453 3160 Nunquid
3474 3104 3585 3142 non

324 3173 470 3243 quod
489 3175 759 3244 scriptum
775 3183 885 3230 est:
901 3177 1262 3245 Septuaginta
1274 3181 1374 3246 qui
1378 3179 1911 3250 nque[septuaginta]

323 3265 532 3316 animae
559 3265 948 3318 descenderunt
1000 3282 1124 3318 eum
1159 3267 1318 3320 Iacob
1349 3269 1410 3319 in
1438 3269 1730 3336 (Egyptum
1763 3267 1911 3334 (Gen.

327 3359 472 3417 XLVI)
498 3369 510 3417 ;
545 3353 725 3421 magis
753 3359 944 3406 autem
980 3353 1084 3407 hoc
1123 3355 1387 3425 apparuit
1435 3356 1492 3409 in
1521 3356 1610 3410 his
1641 3373 1762 3427 qua:
1793 3355 1918 3410 sub-

317 3439 506 3509 junxit
542 3457 554 3492 :
586 3441 723 3495 Cum
767 3445 917 3495 enim
965 3446 1090 3510 quis
1136 3445 1272 3497 dicit
1316 3465 1332 3499 :
1368 3446 1476 3511 Ego
1525 3462 1649 3498 smn
1699 3448 1867 3500 Pauli
1897 3465 1912 3508 ,-

321 3531 472 3581 alius
493 3534 676 3582 autem
711 3529 902 3596 Apollo
936 3548 952 3581 :
986 3547 1168 3584 nonne
1199 3533 1444 3586 homines
1475 3537 1601 3586 estis
1637 3541 1660 3586 Ρ
1701 3536 1914 3604 ((ji‘eg.)

325 3616 394 3670 Et
430 3617 685 3687 quamvis
715 3618 1005 3689 Scriptura
1035 3637 1194 3674 sacra
1218 3621 1519 3692 aliquando
1540 3623 1796 3676 homines
1824 3639 1919 3694 po-

327 3721 458 3759 nere
486 3705 665 3760 soleat
691 3707 940 3762 humana
968 3709 1270 3780 sapientes,
1303 3710 1447 3765 sicut
1474 3711 1556 3765 ait
1574 3711 1874 3782 Apostolus
1903 3731 1913 3764 :

326 3796 462 3848 Cum
491 3798 641 3849 enim
661 3799 736 3850 sit
755 3801 906 3850 inter
925 3815 1014 3852 vos
1039 3803 1188 3852 zelus
1205 3805 1254 3854 et
1275 3803 1564 3865 contentio,
1592 3817 1772 3854 nonne
1792 3817 1918 3854 car-

326 3887 476 3938 nales
495 3888 620 3939 estis
641 3891 665 3939 ?
687 3887 855 3956 paulo
881 3893 1009 3958 post
1027 3887 1274 3942 subdidit
1291 3889 1500 3952 dicens,
1536 3905 1718 3942 non-ne
1746 3891 1920 3944 homi-

327 3988 418 4025 nes
439 3976 566 4026 estis
589 3979 614 4026 ?
633 3975 1051 4046 Nonnunquam
1070 3983 1263 4031 tamen
1293 3977 1444 4042 dicit,
1472 3994 1586 4042 eos,
1613 3995 1751 4048 quos
1774 3995 1808 4032 a
1829 3978 1920 4033 be-

326 4060 449 4113 stiis
467 4061 682 4115 ratione
701 4063 1016 4132 distinguit,
1035 4065 1087 4118 id
1115 4071 1216 4129 est,
1235 4083 1374 4135 quos
1389 4082 1500 4120 non
1514 4066 1677 4120 alteri
1700 4066 1918 4121 bestiali

326 4149 650 4220 passionum
675 4157 832 4204 motu
853 4151 1220 4219 demonstrat,
1241 4154 1445 4224 quibus
1461 4171 1561 4225 per
1583 4156 1916 4225 prophetam

328 4235 600 4290 Dominus
628 4237 764 4291 dicit
789 4256 800 4290 :
839 4239 926 4291 Vos
953 4246 1139 4294 autem
1167 4257 1350 4309 greges
1377 4257 1590 4310 pascua:
1627 4260 1755 4296 mea:
1785 4243 1919 4297 estis

327 4325 584 4380 homines
613 4327 780 4392 (Psal.
819 4331 986 4396 xcrv),
1021 4329 1154 4398 quia
1175 4329 1298 4382 illos
1331 4330 1601 4384 nimirum
1645 4332 1920 4386 Dominus

1997 3181 2087 3235 hic
2132 3180 2485 3235 invisibiliter
2547 3180 2862 3252 baptizatus
2915 3187 3019 3244 est,
3088 3179 3310 3251 quando
3375 3177 3586 3231 donum

1998 3269 2352 3341 baptismatis
2372 3275 2702 3324 consecutus
2723 3277 2808 3323 est
2829 3270 2852 3322 ?
2875 3270 3077 3338 (Greg.)
3091 3270 3296 3339 Magna
3314 3273 3447 3321 sunt
3467 3283 3588 3336 qua:

1999 3375 2101 3430 per
2125 3375 2314 3412 vocem
2344 3375 2504 3412 suam
2535 3359 2809 3413 Dominus
2835 3359 2987 3423 facit,
3026 3357 3125 3412 sed
3157 3357 3343 3411 minus
3383 3371 3592 3424 magna

1999 3453 2184 3502 essent
2231 3447 2277 3500 si
2331 3448 2670 3518 perscrutari
2710 3448 3044 3518 potuissent.
3078 3448 3229 3501 Facit
3257 3462 3402 3514 ergo,
3430 3446 3594 3515 juxta

1998 3535 2226 3590 beatum
2257 3535 2380 3602 Job,
2414 3553 2618 3604 magna
2671 3543 2720 3590 et
2769 3529 3162 3590 i'nscrutabilia
3200 3537 3317 3590 Job.
3351 3542 3586 3602 xxxvii).

2001 3625 2136 3696 quia
2154 3625 2400 3679 ostendit
2426 3624 2561 3679 foris
2582 3625 2981 3695 perfectionem
3002 3624 3204 3696 operis,
3229 3624 3326 3678 sed
3346 3623 3485 3677 latet
3504 3623 3593 3677 in-

2000 3720 2094 3768 tus
2121 3713 2244 3784 ipsa
2271 3714 2512 3784 qualitas
2542 3715 2903 3785 operationis.
2937 3715 3084 3768 Voce
3113 3731 3217 3768 sua
3253 3713 3386 3767 foris
3424 3713 3594 3767 etiam

2003 3819 2105 3874 per
2131 3803 2413 3874 apostolos
2458 3803 2701 3869 insonat,
2737 3805 2832 3858 sed
2883 3805 3052 3858 corda
3106 3802 3452 3857 audientium
3495 3819 3596 3872 per

2005 3892 2374 3962 semetipsum
2412 3891 2650 3946 interius
2688 3892 2936 3947 illustrat
2965 3933 2979 3959 ,
3023 3892 3198 3946 Paulo
3246 3895 3549 3962 attestante
3584 3931 3597 3948 .

2003 3981 2100 4051 qui
2122 3981 2203 4034 ait
2227 3999 2237 4033 :
2261 3981 2372 4048 Ego
2395 3984 2670 4050 plantavi,
2703 3981 2896 4050 Apollo
2915 3983 3138 4050 rigavit,
3164 3981 3254 4034 sed
3271 3981 3412 4034 Deus
3424 3981 3602 4031 incre-

2001 4075 2250 4122 mentum
2278 4071 2444 4123 dedit.
2480 4071 2660 4138 Neque
2685 4073 2785 4138 qui
2810 4074 3031 4138 plantat
3063 4076 3136 4123 est
3165 4069 3402 4136 aliquid,
3431 4085 3599 4134 neque

1999 4161 2100 4224 qui
2129 4161 2292 4224 rigat,
2319 4160 2408 4212 sed
2435 4161 2534 4226 qui
2565 4161 2964 4212 incrementum
2997 4161 3091 4212 dat
3125 4160 3282 4212 Deus.

2077 4250 2266 4316 Itaque
2296 4263 2464 4315 neque
2489 4250 2590 4316 qui
2611 4251 2834 4316 plantat
2855 4253 2930 4301 est
2949 4249 3186 4316 aliquid,
3205 4263 3373 4315 neque
3401 4251 3500 4315 qui
3522 4249 3598 4300 ri-

2001 4341 2113 4405 gat,
2150 4337 2242 4390 sed
2267 4339 2368 4405 qui
2396 4339 2800 4390 incrementum
2829 4338 2922 4390 dat
2943 4339 3083 4391 Deus
3129 4336 3337 4405 (Amb.)
3355 4337 3422 4390 Et
3443 4336 3599 4406 plan-

329 4414 523 4484 pascit,
545 4431 684 4486 quos
702 4417 957 4487 voluptas
977 4417 1162 4472 carnis
1195 4419 1586 4488 jumentorum
1617 4437 1774 4474 more
1805 4438 1918 4475 non
1932 4425 1982 4486 D
2003 4432 2122 4480 tata
2149 4427 2299 4480 enim
2330 4427 2513 4479 solent
2540 4425 2736 4491 emori,
2757 4431 2814 4480 et
2831 4426 3015 4495 rigata
3032 4426 3105 4480 ad
3125 4427 3382 4480 eﬂ'ectum
3411 4426 3597 4479 fecun-

327 4504 568 4558 ali‘ectat.
592 4507 668 4558 At
695 4512 891 4560 contra
917 4507 976 4560 hi
997 4507 1092 4578 qui
1125 4507 1334 4561 carnali
1367 4508 1647 4562 aifectioni
1669 4527 1922 4564 succum-

325 4592 468 4646 bunt
493 4609 606 4646 non
630 4595 751 4663 jam
781 4596 1057 4662 homines,
1092 4597 1188 4652 sed
1233 4598 1495 4667 jumenta
1528 4598 1916 4665 nominantur,

327 4681 473 4734 sicut
499 4681 569 4734 de
599 4682 935 4750 quibusdam
963 4685 1021 4738 in
1045 4691 1268 4756 peccato
1294 4704 1396 4740 suo
1425 4686 1798 4742 morientibus
1821 4706 1920 4759 per

330 4769 660 4840 prophetam
682 4771 782 4823 Dei
807 4789 818 4823 :
844 4772 1310 4841 Computruerunt
1321 4779 1582 4844 jumenta
1605 4780 1668 4830 in
1690 4783 1922 4831 stercore

329 4874 427 4910 suo
459 4857 609 4918 (Joel.
645 4862 705 4927 ι).
737 4860 1152 4931 Nonnunquam
1175 4880 1306 4916 vero
1329 4881 1458 4918 cum
1476 4883 1535 4918 se
1558 4865 1760 4920 vitium
1791 4881 1920 4936 pru-

328 4953 481 5002 terve
495 4946 727 5008 minime
748 4955 1069 5018 perpetrare
1089 4961 1448 5020 cognoscunt,
1472 4955 1924 5025 compendiosius

329 5036 398 5090 ad
419 5035 821 5090 correctionem
851 5037 1100 5105 veniunt,
1133 5040 1179 5092 si
1209 5041 1442 5096 alterius
1472 5043 1647 5114 culpae
1695 5043 1926 5098 manife-

331 5125 538 5190 stioris,
575 5131 632 5179 et
663 5143 728 5180 ex
779 5127 953 5181 latere
1003 5128 1284 5198 requisitas
1335 5132 1665 5201 COpprobrio
1696 5132 1925 5186 confun-

331 5214 557 5278 dantur,
592 5220 657 5268 ut
684 5233 749 5269 ex
772 5233 838 5269 eo
865 5216 1012 5287 quod
1043 5217 1340 5271 defendere
1373 5229 1678 5290 nequeunt,
1715 5238 1922 5292 cogno-

332 5308 491 5355 scant
517 5320 576 5356 se
594 5310 786 5358 tenere
802 5304 1055 5376 improbe
1077 5307 1223 5376 quod
1255 5307 1582 5362 defendunt.
1610 5311 1767 5364 Unde
1793 5328 1922 5364 cum

334 5396 587 5460 proterve
607 5393 816 5447 Paulus
845 5395 1165 5449 Corinthios
1185 5395 1480 5451 adversum
1508 5415 1566 5450 se
1597 5398 1834 5453 invicem
1847 5400 1924 5454 vi-

331 5479 465 5533 dere
493 5479 737 5549 inﬂatos,
772 5489 837 5537 ut
865 5483 1011 5537 alius
1035 5485 1214 5550 Pauli,
1239 5485 1382 5540 alius
1407 5487 1624 5556 Apollo,
1649 5487 1794 5542 alius
1825 5489 1926 5542 Ce-

333 5567 476 5638 phae,
504 5569 650 5626 alius
681 5571 888 5631 Christi
908 5589 1028 5628 esse
1057 5591 1117 5630 se
1138 5575 1406 5642 dicerent,
1431 5575 1678 5631 incestus
1701 5577 1924 5649 culpam

2005 4514 2198 4568 ditatis
2229 4514 2461 4568 minime
2489 4514 2797 4584 pervenire,
2849 4515 2957 4569 nisi
3003 4516 3099 4569 det
3148 4516 3297 4569 Deus
3339 4521 3596 4583 vegetam

2003 4603 2176 4656 vitam
2185 4604 2488 4666 .Quantum
2501 4620 2633 4672 ergo
2644 4603 2713 4657 ad
2725 4603 3208 4659 honorificentiam
3218 4604 3317 4658 Dei
3331 4603 3592 4674 pertinet,

2004 4691 2144 4744 nihil
2175 4699 2261 4745 est
2280 4691 2467 4756 homo,
2491 4699 2766 4762 quantum
2788 4695 3062 4748 autemad
3085 4693 3458 4746 ministerium
3474 4709 3598 4762 per-

2005 4781 2165 4845 tinet,
2203 4780 2550 4834 necessarius
2571 4788 2673 4847 est,
2697 4787 2762 4835 ut
2783 4783 3183 4836 honoriﬁcetur
3203 4781 3358 4852 quasi
3381 4797 3594 4841 servus,

2006 4886 2118 4924 non
2148 4875 2212 4924 ut
2238 4869 2448 4938 aliquid
2476 4870 2544 4923 de
2596 4870 2692 4924 illo
2741 4877 3002 4941 speretur
3045 4871 3116 4924 ad
3160 4869 3426 4940 injuriam
3475 4869 3596 4922 Dei.

2010 4957 2198 5027 (Aug)
2223 4957 2366 5022 Quid
2387 4957 2607 5013 volebat
2619 4959 2814 5014 Simon
2837 4960 2945 5014 nisi
2969 4958 3188 5013 laudari
3209 4959 3266 5012 in
3289 4958 3596 5021 miraculis,

2008 5047 2198 5100 extolli
2218 5045 2517 5118 superbia?
2531 5049 2658 5119 Ipsa
2670 5050 2820 5103 enim
2838 5065 2966 5102 eum
2991 5048 3262 5118 compulit
3282 5052 3346 5100 ut
3367 5047 3606 5118 pecunia

2008 5136 2308 5190 emendum
2339 5143 2563 5207 putaret
2591 5139 2800 5192 donum
2825 5137 3066 5208 Spiritus
3097 5137 3273 5190 sancti
3299 5137 3436 5202 (Aet.
3464 5141 3600 5202 vin).

2008 5225 2182 5296 Cujus
2213 5225 2487 5296 superbia:
2517 5227 2830 5281 contrarius
2856 5227 3159 5298 Apostolus
3188 5226 3244 5279 in
3285 5225 3603 5280 humilitate

2008 5315 2308 5380 manendo,
2341 5314 2400 5368 in
2433 5315 2665 5369 meridie
2691 5315 2906 5370 fervens
2955 5317 3188 5387 Spiritu,
3222 5315 3442 5394 fulgens
3473 5332 3601 5386 pru-

2007 5403 2216 5468 dentia,
2231 5403 2396 5457 dicit:
2429 5405 2608 5472 Neque
2619 5407 2720 5472 qui
2734 5408 2954 5474 plantat
2969 5411 3044 5458 est
3057 5406 3293 5474 aliquid,
3320 5407 3603 5474 nequequi

2005 5495 2176 5559 rigat,
2208 5493 2298 5545 sed
2314 5494 2415 5569 qui
2443 5494 2843 5546 incrementum
2859 5478 2968 5548 'dat
2993 5495 3152 5548 Deus.
3177 5493 3323 5557 Quia
3339 5492 3558 5549 dixerat
3584 5515 3594 5547 :

2006 5580 2115 5648 Ego
2137 5582 2414 5647 plantavi,
2445 5582 2636 5650 Apollo
2664 5583 2888 5648 rigavit,
2923 5583 3013 5637 sed
3026 5583 3168 5636 Deus
3193 5585 3593 5637 incrementum
