3974 6188
358 243 417 297 33
815 241 1508 326 ENARRATIONUM'IN
1546 241 1698 296 EPP.
1742 240 1957 297 PAULI
1994 236 2130 297 LIB.
2173 239 2267 296 IX.
2303 271 2366 282 —
2396 239 2474 298 IN
2511 237 2734 298 EPIST.
2775 247 2800 299 Ι
2832 246 2932 300 .AD
2972 247 3133 302 COR.
3552 251 3616 307 34

355 367 490 422 dedit
498 385 516 432 ;
539 371 598 420 et
613 365 855 422 iterum:
872 367 1142 436 Nunquid
1150 368 1361 422 Paulus
1369 381 1471 436 pro
1482 367 1630 421 vobis
1641 367 2008 434 cruciﬂrusA
2024 381 2217 422 sumus
2245 367 2541 436 adiutores.
2567 368 2626 423 Si
2658 384 2792 440 ergo
2827 369 3038 427 bonum
3069 377 3157 429 est
3184 389 3307 430 esse
3333 375 3620 448 adjutores

353 462 439 522 est,
467 461 564 509 aut
595 458 664 510 in
697 459 922 510 nomine
950 458 1116 511 Pauli
1139 457 1411 524 baptizati
1437 459 1599 510 estis?
1634 455 1775 510 Vide
1807 473 1942 527 quo-

355 545 507 598 modo
531 561 592 598 se
621 543 732 599 coli
759 544 974 616 respuit
999 560 1100 615 pro
1131 543 1375 610 Christo,
1400 550 1458 598 et
1473 561 1588 600 non
1611 545 1732 600 vult
1751 561 1812 599 se
1833 545 1942 599 for-

354 633 549 688 nicanti
569 634 780 688 animae
799 639 1080 688 ostentare
1097 650 1201 704 pro
1218 649 1440 704 sponso.
1456 635 1656 688 Nonne
1670 650 1942 705 magnum

355 723 562 776 videtur
585 723 848 794 plantare
868 729 926 776 et
943 721 1127 793 rigare
1139 723 1164 775 Τ
1193 722 1300 776 Sed
1323 739 1491 790 neque
1507 726 1609 791 qui
1623 726 1850 792 plantat
1868 728 1943 777 est

353 813 573 880 aliquid.
593 829 770 880 neque
788 815 889 881 qui
908 815 1079 880 rigat.
1094 811 1388 875 Quomodo
1405 811 1630 866 timuit?
1649 828 1764 866 non
1786 829 1844 866 se
1863 811 1944 864 di-

355 901 422 954 cit
449 900 660 970 aliquid
693 901 766 954 ad
793 901 1035 956 salutem
1065 917 1260 954 eorum
1293 917 1434 971 quos
1452 900 1512 956 in
1533 901 1756 955 Christo
1775 900 1945 955 sediti-

356 1006 470 1044 care
497 989 780 1060 cupiebat.
819 988 1028 1061 (Greg.)
1052 989 1354 1059 Adjutores
1383 990 1536 1044 enim
1574 989 1674 1044 Dei
1701 1007 1896 1045 sumus
1925 1007 1937 1042 :

356 1095 474 1132 nam
503 1095 634 1132 cum
665 1077 718 1132 ei
749 1094 919 1148 quem
939 1077 1058 1149 ipse
1079 1095 1179 1150 per
1195 1077 1476 1134 internum
1495 1079 1738 1150 gratiam
1759 1078 1942 1132 infun-

357 1168 430 1221 dit
452 1183 550 1222 nos
586 1166 1000 1222 exhortationis
1034 1183 1163 1222 voce.
1199 1167 1604 1235 concurrimus,
1648 1168 1754 1222 hoc
1793 1167 1942 1238 quod

357 1257 438 1310 ille
466 1273 563 1328 per
591 1257 874 1326 Spiritum
904 1256 1022 1326 agit
1048 1255 1402 1323 intrinsecus,
1427 1273 1540 1312 non
1570 1256 1815 1312 exterius
1844 1273 1944 1328 per

358 1345 718 1399 ministerium
749 1343 898 1400 vocis
916 1345 1268 1415 adjuvamus,
1291 1351 1350 1400 et
1371 1351 1509 1400 tunc
1537 1347 1721 1400 solum
1750 1351 1945 1400 nostra

357 1434 656 1488 exhortatio
683 1434 756 1488 ad
788 1434 1188 1505 perfectionem
1225 1435 1468 1502 ducitur,
1509 1451 1638 1490 cum
1678 1435 1738 1489 in
1773 1435 1939 1490 corde

360 1523 496 1576 Deus
519 1523 710 1588 fuerit,
744 1523 841 1594 qui
871 1523 1193 1594 adjuvetur;
1217 1524 1367 1577 unde
1394 1529 1452 1578 et
1478 1524 1617 1578 alias
1642 1523 1806 1578 dicit:
1834 1524 1939 1578 Ne-

2022 455 2144 520 Dei,
2177 455 2311 526 quid
2341 457 2506 511 Heliu
2535 459 2970 530 reprehenditur
2987 462 3056 516 de
3075 463 3164 534 adj
3173 464 3355 520 utorio
3376 465 3516 520 Dei?
3533 468 3618 522 Ad

2024 543 2172 614 quod
2203 547 2592 616 respondetur,
2612 547 2882 602 nimirum
2901 549 3043 604 scire
3065 567 3166 605 nos
3185 553 3462 622 convenit,
3488 556 3622 626 quia

2023 633 2282 688 nonnulli
2312 634 2662 690 defendendo
2688 637 2870 691 Deum
2899 639 3205 707 oﬂ‘endunt,
3242 647 3300 696 et
3325 649 3458 697 sunt
3485 661 3620 699 non—

2025 722 2168 776 nulli
2193 722 2309 794 qui,
2336 729 2611 793 quantum
2649 724 2709 779 in
2736 725 2874 796 ipsis
2912 732 3017 794 est,
3048 745 3275 784 causam
3302 733 3403 786 Dei
3435 733 3623 789 defen-

2025 810 2192 878 dunt;
2227 811 2321 866 isti
2349 813 2622 868 veraciter
2647 813 2999 884 praedicando
3029 817 3130 872 Dei
3151 819 3437 890 adjutores
3455 829 3614 877 sunt:

2026 899 2108 954 illi
2137 900 2476 971 increpando
2503 901 2780 957 fallaciter
2809 910 3031 960 sanctos
3061 923 3161 976 pro
3180 908 3296 962 Deo
3333 916 3617 980 satagunt,

2024 989 2123 1042 sed
2151 991 2458 1062 satagendo
2489 991 2780 1046 offendunt
2803 1011 2816 1058 ;
2851 992 2944 1051 isti
2965 1010 3075 1048 non
3097 995 3274 1065 ignoti
3295 997 3392 1052 sed
3412 999 3622 1069 cogniti

2023 1077 2093 1132 de
2122 1077 2238 1132 Deo
2267 1079 2578 1149 loquuntur
2609 1098 2620 1132 :
2657 1080 2738 1134 illi
2773 1081 2945 1136 etiam
2971 1099 3104 1137 vera
3130 1085 3424 1156 loquentes
3445 1105 3480 1142 a
3503 1089 3620 1143 Deo

2024 1167 2258 1222 minime
2295 1175 2724 1238 cognoscuntur,
2765 1170 3006 1225 Domino
3041 1163 3124 1226 de'
3145 1175 3312 1229 Heliu
3355 1176 3620 1251 loquente

2027 1257 2160 1323 (Job.
2193 1261 2444 1326 xxxvm).
2483 1259 2614 1324 Quis
2644 1264 2720 1313 est
2748 1261 2848 1314 iste
2881 1263 3161 1315 involvens
3188 1267 3486 1319 sententias
3511 1282 3622 1320 ser-

2023 1347 2278 1399 monibus
2309 1349 2584 1415 imperitis
2608 1353 2633 1400 ?
2661 1347 2806 1411 Quid
2834 1353 2920 1402 est
2950 1349 3097 1419 quod
3125 1351 3398 1406 Dominus
3427 1354 3496 1408 de
3525 1355 3621 1408 illo

2023 1432 2338 1504 interrogat
2362 1435 2552 1489 dicens
2576 1453 2586 1488 :
2615 1436 2746 1502 Quis
2765 1442 2840 1490 est
2862 1440 2960 1491 iste
2984 1441 3262 1494 involvens
3284 1446 3580 1498 sententias
3595 1449 3620 1496 ?

2022 1527 2080 1576 et
2105 1529 2298 1578 tamen
2332 1524 2731 1594 interrogando
2751 1525 3016 1596 reprobat
3033 1527 3400 1598 subjungens,
3415 1547 3619 1585 sermo-

359 1628 450 1680 que
469 1615 563 1680 qui
579 1615 814 1681 plantat
841 1618 917 1666 est
943 1615 1178 1681 aliquid,
1217 1629 1386 1681 neque
1414 1616 1515 1681 qui
1542 1617 1708 1682 rigat,
1733 1613 1826 1666 sed
1841 1615 1942 1680 qui
2023 1613 2204 1677 nibus,
2237 1611 2442 1683 inquit,
2474 1616 2750 1683 imperitis
2772 1620 2796 1667 7
2825 1615 2926 1669 Ille
2957 1631 3087 1670 vero
3118 1619 3428 1672 sententias
3460 1637 3620 1675 veras

359 1703 752 1754 incrementum
786 1703 884 1755 dat
919 1703 1080 1758 Deus.
1119 1701 1381 1755 Plantare
1422 1701 1626 1772 quippe
1661 1706 1720 1755 et
1754 1685 2002 1770 rigareB
2023 1699 2261 1766 dicebat,
2309 1702 2406 1756 sed
2445 1719 2540 1756 eas
2581 1702 2934 1757 sermonibus
2971 1705 3249 1775 imperitis
3283 1706 3616 1775 involvebat,

357 1790 608 1859 adjuvare
639 1794 744 1855 est,
775 1789 926 1861 quod
955 1795 1260 1860 utrumque
1288 1807 1526 1844 vacuum
1554 1790 1664 1844 erit
1693 1789 1943 1844 ministe-
2025 1789 2158 1861 quia
2187 1790 2338 1845 dicta
2369 1791 2612 1861 Spiritus
2641 1792 2822 1846 sancti
2850 1793 2919 1846 de
2948 1793 3200 1864 reprobis
3227 1795 3286 1849 in
3316 1796 3419 1850 Job
3447 1803 3622 1852 retor-

358 1879 492 1932 rium
517 1879 562 1932 si
588 1879 652 1932 in
694 1879 860 1933 corde
897 1879 1046 1933 Deus
1080 1895 1192 1934 non
1233 1879 1334 1932 dat
1372 1879 1800 1934 incrementum.
1833 1878 1942 1933 Sed
2024 1877 2249 1949 quebat,
2282 1880 2352 1933 de
2391 1895 2520 1950 quo,
2557 1881 2692 1951 quia
2728 1881 2852 1936 sine
2898 1882 3128 1952 querela
3173 1889 3312 1950 erat,
3346 1885 3624 1942 Dominus

361 1967 450 2038 qui
467 1968 529 2021 de
553 1984 725 2022 sensu
747 1983 849 2022 suo
870 1968 986 2022 alta
1003 1967 1248 2040 sapiunt,
1272 1985 1393 2022 esse
1414 1967 1705 2022 humiliter
1719 1967 1826 2022 ‘Dei
1847 1967 1942 2020 ad-
2022 1967 2409 2022 testimonium
2439 1968 2690 2023 dederat.
2724 1970 2850 2024 Non
2889 1970 3084 2024 eodem
3117 1972 3282 2027 modo
3315 1990 3450 2045 ergo
3489 1975 3622 2029 dici-

355 2057 555 2124 jutores
587 2057 810 2131 nolunt,
843 2057 976 2128 quia
1013 2057 1149 2112 dum
1184 2074 1244 2112 se
1282 2073 1403 2112 esse
1438 2057 1607 2112 utiles
1643 2058 1760 2111 Deo
1798 2055 1942 2111 aesti-
2022 2071 2149 2110 mus
2181 2073 2192 2108 :
2223 2057 2364 2110 Deus
2384 2058 2611 2126 adjuto-r
2631 2063 2816 2112 noster
2835 2061 2899 2112 in
2915 2063 3202 2124 aternum,
3231 2077 3341 2131 quo
3359 2061 3616 2125 dicimus,

359 2153 519 2210 mant,
543 2163 577 2198 a
595 2127 785 2200 i‘ructu
815 2127 874 2199 se
893 2145 1156 2200 utilitatis
1176 2146 1444 2200 alienant.
1469 2146 1628 2200 Unde
1650 2151 1708 2200 et
1725 2145 1942 2200 Verita-
2020 2146 2121 2199 Dei
2146 2161 2340 2199 sumus
2369 2147 2677 2213 adiutores;
2712 2145 2806 2200 ille
2847 2147 2998 2201 enim
3037 2164 3150 2202 non
3182 2127 3310 2219 eget
3339 2151 3620 2220 adjutorio

261 2260 270 2267 -
355 2234 421 2288 tis
447 2251 568 2288 voce
590 2234 884 2306 discipulis
903 2235 1110 2289 dicitur
1133 2253 1144 2288 :
1168 2235 1305 2290 Cum
1334 2237 1573 2304 feceritis
1603 2237 1794 2289 omnia
1821 2250 1941 2303 qua
2021 2238 2232 2298 nostro,
2266 2249 2369 2288 nos
2401 2238 2593 2288 autem
2620 2234 2762 2289 nihil
2792 2252 3090 2306 possumus
3111 2237 3294 2290 facere
3321 2239 3442 2292 sine
3474 2239 3614 2310 ipso.

351 2329 600 2392 praesepia
611 2329 749 2378 sunt
771 2325 933 2389 vobis,
950 2325 1114 2378 dicite
1135 2343 1151 2378 :
1170 2323 1330 2380 Servi
1341 2327 1569 2378 inutiles
1586 2339 1779 2378 sumus
1797 2324 1942 2391 quod
2019 2321 2120 2375 Dei
2143 2324 2520 2390 agricultura,
2557 2323 2657 2379 Dei
2683 2325 2974 2390 aediﬁcatio
3001 2327 3127 2377 estis
3146 2341 3253 2388 vos,
3276 2325 3412 2394 quia
3428 2326 3618 2380 videli-

354 2412 629 2466 debui-mus
649 2415 844 2479 facere!
856 2415 1088 2480 fecimus
1112 2414 1255 2478 lLue.
1273 2416 1424 2482 xv").
1445 2413 1551 2479 Qui
1568 2417 1752 2466 autem
1767 2415 1938 2482 plan-
2021 2414 2110 2462 cet
2135 2409 2330 2463 civitas
2360 2408 2531 2464 habet
2557 2410 2648 2464 hic
2679 2415 2736 2464 et
2763 2410 2822 2464 in
2851 2417 3173 2468 sanctorum
3213 2413 3463 2475 moribus
3501 2432 3617 2470 ma—

361 2505 428 2553 tat
451 2507 496 2553 et
526 2504 632 2570 qui
659 2503 812 2569 rigat
835 2517 1015 2554 unum
1041 2507 1192 2555 sunt.
1222 2501 1406 2570 (Λυσι.)
1425 2501 1612 2555 Unum
1631 2506 1782 2566 sunt,
1809 2500 1943 2572 quia
2019 2514 2196 2568 gnum
2223 2499 2342 2568 jam
2373 2498 2670 2552 aediﬁcium
2701 2515 2888 2553 suum.
2911 2500 2977 2554 In
2997 2500 3230 2555 aedilicio
3249 2501 3457 2574 quippe
3475 2504 3618 2575 lapis

363 2588 509 2642 ambo
529 2590 865 2644 mercenarii
890 2595 1038 2654 sunt,
1067 2589 1318 2661 quamvis
1339 2589 1556 2644 diversa
1574 2589 1688 2644 sint
1713 2589 1940 2644 illorum
2022 2587 2266 2657 lapidem
2298 2592 2502 2658 portat,
2528 2587 2662 2658 quia
2678 2587 2822 2658 lapis
2835 2605 3010 2660 super
3028 2589 3272 2660 lapidem
3289 2592 3536 2661 ponitur,
3561 2601 3620 2648 et

359 2678 536 2732 ofﬁcia.
571 2679 778 2734 Nescio
823 2684 1016 2733 utrum
1065 2679 1386 2733 inveniatur
1421 2679 1480 2732 in
1519 2679 1823 2750 Scripturis
1860 2677 1941 2732 di-
2023 2675 2118 2746 qui
2151 2681 2340 2746 portat
2364 2676 2624 2743 alterum,
2657 2682 2916 2747 portatur
2953 2677 3024 2731 ab
3061 2678 3240 2732 altero
3275 2697 3287 2732 :
3321 2680 3400 2734 sic
3428 2680 3617 2752 itaque

354 2771 510 2830 ctum,
544 2784 732 2822 unum
763 2773 914 2832 sunt,
959 2785 1198 2839 quomm
1234 2773 1322 2822 est
1356 2767 1578 2822 diversa
1612 2773 1834 2822 natura.
1879 2767 1938 2822 Si
2021 2763 2101 2818 sic
2127 2764 2186 2818 in
2215 2769 2409 2819 sancta
2438 2765 2682 2822 Ecclesia
2717 2767 3105 2838 unusquisque
3149 2773 3207 2822 et
3252 2774 3440 2839 portat
3482 2769 3619 2825 alte-

353 2863 528 2910 autem
561 2863 622 2910 et
650 2857 763 2910 alia
788 2858 952 2928 plura
978 2857 1231 2927 ejusdem
1255 2861 1471 2911 naturae
1489 2855 1624 2923 sint,
1647 2861 1704 2910 et
1722 2856 1940 2910 diversa
2019 2869 2168 2918 rum,
2199 2860 2258 2908 et
2283 2858 2542 2924 portatur
2570 2854 2640 2908 ab
2659 2854 2856 2908 altero.
2877 2857 3021 2910 Nam
3039 2855 3284 2911 vicissim
3297 2875 3358 2912 se
3377 2857 3614 2928 proximi

352 2945 606 3012 sentiant,
638 2963 752 3000 non
779 2951 917 3000 sunt
943 2962 1137 3014 unum,
1171 2945 1230 3000 in
1261 2950 1535 3017 quantum
1565 2945 1787 3000 diversa
1814 2961 1938 2999 sen—
1961 3003 1998 3017 ﬁ
2019 2943 2282 3008 tolerant,
2314 2948 2380 2997 ut
2405 2959 2506 3014 per
2535 2959 2630 2998 eos
2661 2943 2960 2998 aediﬁcium
2981 2945 3272 3000 charitatis
3288 2953 3504 3017 surgat.
3528 2948 3616 3004 Se-

351 3034 505 3088 tiunt.
519 3035 672 3089 Nam
692 3035 742 3088 si
756 3036 880 3105 jam
899 3051 1077 3089 unum
1097 3041 1302 3101 essent,
1317 3051 1384 3089 ex
1411 3051 1478 3090 eo
1501 3034 1650 3106 quod
1678 3034 1935 3088 homines
1956 3003 2000 3063 θ
2023 3033 2270 3086 cundum
2295 3035 2542 3100 gratiam
2562 3049 2682 3100 qua
2695 3034 2828 3087 data
2849 3038 2925 3088 est
2945 3034 3091 3087 mihi
3111 3039 3175 3087 ut
3201 3041 3419 3104 sapiens
3432 3037 3617 3092 archi-

351 3127 519 3189 rrant,
543 3140 664 3178 non
683 3123 916 3191 diceret,
941 3129 1006 3178 ut
1022 3123 1136 3178 sint
1153 3140 1350 3190 unum,
1375 3123 1522 3178 sicut
1537 3128 1595 3176 et
1615 3140 1716 3178 nos
1736 3140 1932 3197 unum,
2021 3125 2188 3173 tectus
2200 3122 2634 3187 fundanuntum
2638 3125 2802 3190 posui
2806 3163 2819 3176 .
2829 3121 3298 3192 (Amb.)Gratiam
3307 3123 3414 3178 sibi
3424 3125 3614 3184 datam

349 3229 467 3267 cum
509 3230 646 3268 suos
683 3213 990 3285 discipulos
1025 3213 1179 3268 Patri
1219 3213 1657 3268 commendaret.
1697 3213 1773 3267 At
1807 3229 1937 3268 vero
2021 3207 2176 3273 dicit,
2209 3214 2275 3262 ut
2299 3208 2504 3278 dignus
2535 3216 2684 3264 esset
2721 3210 3021 3280 praedicare
3053 3211 3434 3282 Evangelium,
3469 3219 3534 3269 ut
3559 3221 3617 3269 et

349 3300 546 3356 Paulus
586 3308 646 3356 et
679 3303 880 3374 Apollo
917 3302 1052 3374 quia
1087 3307 1145 3356 et
1177 3301 1344 3357 ambo
1380 3301 1656 3368 homines,
1687 3307 1744 3356 et
1788 3301 1937 3356 idem
2021 3297 2125 3351 hoc
2151 3297 2254 3351 Dei
2293 3315 2415 3352 esse
2456 3298 2796 3364 ostenderet,
2838 3316 2950 3354 non
2990 3300 3253 3356 hominis.
3295 3302 3612 3357 Secundum

347 3391 661 3446 sentiebant
692 3409 704 3444 :
741 3391 850 3458 Qui
871 3395 1109 3460 plantat,
1145 3391 1348 3463 inquit,
1383 3397 1433 3445 et
1454 3393 1554 3459 qui
1581 3393 1733 3458 rigat
1761 3406 1939 3444 unum
2021 3385 2166 3440 hanc
2193 3386 2384 3457 itaque
2407 3387 2650 3457 gratiam
2681 3393 2748 3441 ut
2771 3388 3086 3459 sapientem
3105 3389 3473 3445 architectum
3492 3392 3616 3446 fun-

346 3487 488 3534 sunt.
528 3483 650 3535 Cur
689 3497 826 3551 ergo
854 3481 934 3535 sic
973 3480 1179 3535 dicitur
1210 3497 1408 3546 unum,
1449 3485 1516 3533 ut
1548 3493 1662 3534 non
1701 3479 1943 3534 addatur
2021 3474 2350 3529 damentum
2368 3493 2428 3529 se
2446 3475 2582 3530 dicit
2600 3477 3124 3548 posuisse.Sapiens
3142 3478 3478 3535 architectus
3507 3487 3610 3536 est.

350 3569 476 3640 quid
491 3570 710 3624 unum?
730 3575 788 3624 et
806 3569 969 3640 plura
994 3586 1172 3624 unum
1201 3569 1486 3634 dicuntur,
1509 3567 1706 3622 eadem
1737 3573 1940 3622 natura
2023 3563 2119 3634 qui
2153 3565 2316 3634 juxta
2351 3564 2704 3636 disciplinam
2741 3567 2986 3620 auctoris
3015 3568 3250 3622 collocat
3287 3567 3615 3624 fundamen-

347 3664 506 3729 atque
534 3658 789 3713 essentia
819 3675 934 3712 non
960 3659 1238 3713 dissidens
1257 3674 1437 3729 neque
1467 3657 1803 3712 dissentiens
1831 3657 1940 3728 sig—
2022 3658 2164 3718 tum,
2198 3653 2256 3707 id
2295 3658 2397 3718 est,
2429 3654 2526 3724 qui
2564 3655 2872 3709 secundum
2909 3656 3270 3710 traditionem
3313 3658 3616 3714 Salvatoris

350 3747 636 3814 niﬁcatur;
669 3764 798 3802 cum
827 3765 958 3802 vero
985 3747 1212 3802 additur
1240 3746 1376 3817 quid
1405 3763 1602 3813 unum,
1630 3751 1816 3817 potest
1842 3746 1941 3800 ali-
2023 3741 2384 3812 evangelizat.
2425 3743 2586 3796 Alius
2625 3749 2810 3796 autem
2849 3746 3268 3812 superadiﬁcat.
3307 3746 3616 3816 Superzedi—

350 3837 473 3906 quid
501 3836 816 3908 signiﬁcari
844 3853 912 3890 ex
940 3835 1193 3907 pluribus
1219 3851 1398 3890 unum
1424 3835 1652 3902 factum,
1689 3835 1942 3907 quamvis
2024 3830 2152 3884 ﬁcia
2170 3835 2322 3894 sunt,
2351 3847 2472 3901 quae
2493 3835 2620 3901 post
2638 3830 3092 3901 praedicationem
3110 3833 3506 3902 Apostolorum
3525 3852 3616 3889 su-

347 3923 579 3979 diversis
613 3931 836 3990 natura,
867 3924 1013 3978 sicut
1037 3925 1229 3978 anima
1253 3929 1312 3978 et
1327 3939 1528 3994 corpus
1545 3939 1656 3978 non
1676 3929 1810 3978 sunt
1828 3924 1940 3978 uti-
2024 3918 2479 3990 pervenientibus
2497 3919 2801 3974 traduntur
2820 3923 2920 3974 aut
2941 3919 3106 3974 malis
3126 3926 3226 3974 aut
3242 3919 3402 3976 bonis
3427 3922 3616 3978 docto-

350 4030 448 4083 que
475 4031 682 4080 unum,
716 4013 849 4084 quid
881 4014 1030 4067 enim
1057 4019 1176 4067 tam
1213 4013 1518 4078 diversum,
1551 4011 1661 4066 nisi
1700 4012 1942 4066 addatur
2023 4006 2198 4060 ribus.
2227 3997 2604 4076 Unusquisque
2623 4013 2807 4063 autem
2827 4009 3008 4064 videat
3031 4011 3296 4078 quomodo
3323 4014 3616 4080 supersedi.

348 4108 440 4156 aut
463 4103 928 4173 subintelligatur
957 4101 1090 4173 quid
1121 4118 1318 4168 unum,
1349 4100 1407 4155 id
1437 4105 1541 4167 est,
1571 4116 1719 4155 unus
1749 4101 1936 4166 homo,
2023 4099 2160 4164 licet,
2182 4095 2240 4150 id
2262 4101 2365 4162 est,
2390 4101 2454 4150 ut
2472 4097 2878 4168 superaediticia
2895 4104 3208 4168 congruant
3225 4097 3611 4169 fundamento,

348 4198 440 4245 aut
460 4209 648 4246 unum
671 4191 903 4246 animal.
925 4191 1060 4246 Inde
1075 4190 1375 4262 Apostolus
1400 4207 1411 4242 :
1441 4190 1547 4256 Qui
1569 4190 1826 4256 adhwret,
1861 4189 1942 4243 in-
2023 4202 2093 4240 ne
2123 4183 2172 4238 si
2201 4183 2428 4256 obliqua
2457 4185 2671 4240 fuerint
2689 4191 2748 4240 et
2763 4186 2978 4255 frivola,
3001 4187 3225 4242 ruinam
3246 4187 3468 4256 faciant,
3501 4208 3616 4245 ma-

349 4280 481 4349 quit,
512 4283 820 4347 meretrici,
851 4297 1033 4335 unum
1061 4296 1256 4349 corpus
1283 4284 1361 4333 est
1390 4279 1439 4348 (1
1465 4279 1584 4333 Cor.
1617 4277 1716 4348 v1).
2021 4279 2192 4329 nente
2227 4273 2492 4329 incolumi
2519 4275 2915 4330 fundamento:
2937 4275 3070 4346 quia
3098 4277 3147 4331 si
3176 4279 3322 4332 male
3341 4279 3611 4350 docuerit,

417 4369 1836 4438 Unusquisqueaute-mpropriammercedemaccipiet
1857 4361 2001 4422 se-D
2025 4363 2234 4420 Christi
2265 4380 2470 4418 nomen
2499 4369 2812 4436 permanet,
2844 4365 2991 4434 quod
3028 4371 3115 4419 est
3143 4365 3572 4424 fundamentum
3598 4387 3612 4422 :

351 4459 590 4511 eundum
612 4475 778 4511 suum
799 4456 1276 4526 laborem.(Amb.)
1299 4455 1568 4521 Quamvis
1589 4455 1741 4510 enim
1761 4473 1940 4510 unum
2023 4453 2278 4508 doctrina
2318 4457 2508 4508 autem
2545 4453 2695 4507 mala
2733 4451 2956 4523 peribit,
2998 4452 3143 4506 sicut
3179 4453 3452 4509 Dominus
3485 4456 3569 4510 ait
3598 4476 3608 4508 :

349 4543 478 4607 sint,
491 4547 586 4600 sed
614 4547 746 4617 quia
762 4547 948 4616 major
966 4551 1052 4600 est
1071 4545 1168 4618 qui
1190 4545 1535 4615 evangelizat
1555 4560 1724 4615 quam
1737 4545 1833 4615 qui
1848 4544 1942 4598 ba-

348 4633 532 4703 ptizat,
568 4634 696 4688 ideo
723 4635 986 4690 discrevit
1009 4633 1293 4689 mercedes
1333 4634 1577 4698 illorum,
1609 4637 1668 4686 et
1705 4649 1818 4687 non
1855 4649 1942 4688 so-

347 4722 458 4777 lum
485 4713 558 4778 ad
575 4725 683 4778 hoc
701 4724 801 4778 sed
820 4724 891 4778 ad
911 4724 1176 4778 doctrinae
1195 4722 1576 4778 sinceritatem
1600 4721 1862 4792 pertinet,
1877 4727 1943 4776 ut

349 4813 546 4881 majori
563 4813 772 4884 dignus
789 4813 1043 4868 mercede
1065 4814 1157 4878 sit,
1177 4811 1274 4884 qui
1293 4811 1618 4866 inviolatam
1636 4810 1812 4864 tradit
1838 4811 1940 4865 do-

347 4901 604 4956 ctrinam.

415 4992 515 5045 Dei
523 4995 882 5046 enimsumus
892 4993 1199 5060 adiutores:
1215 4993 1311 5046 Dei
1317 4992 1674 5058 agricultura
1684 4991 1830 5054 estis,
1845 4991 1944 5044 Dei

349 5081 637 5148 ediﬁaatio
654 5084 799 5136 estis.
825 5081 942 5136 Hoc
959 5079 1030 5134 ad
1050 5079 1431 5151 apostolorum
1450 5094 1749 5150 personam
1768 5077 1942 5149 perti-

351 5173 464 5234 net,
487 5186 633 5241 quos
647 5175 868 5226 constat
879 5169 980 5225 Dei
997 5186 1118 5224 esse
1137 5168 1423 5238 adjutores
1441 5168 1576 5222 dum
1598 5166 1790 5222 vicarii
1812 5171 1946 5220 sunt

352 5257 584 5314 Christi.
594 5259 900 5328 (Greg.)Sed
910 5258 1378 5314 considerandum
1389 5262 1477 5312 est
1485 5273 1556 5312 ne
1565 5257 1708 5311 forte
1719 5255 1815 5309 illa
1824 5272 1944 5310 sen-

351 5347 536 5402 tentia
552 5346 704 5403 beati
714 5348 838 5414 Job,
859 5348 992 5403 huic
1000 5349 1120 5403 loco
1128 5345 1412 5403 contraria
1427 5346 1505 5401 sit
1515 5345 1708 5418 quaad
1718 5345 1945 5401 aemula-

349 5439 504 5491 tores
513 5453 650 5492 suos
659 5437 1106 5510 loquiturdicens
1120 5454 1132 5489 :
1149 5437 1320 5506 Cujus
1327 5437 1554 5504 adiutor
1567 5451 1620 5490 es
1632 5440 1656 5488 ?
1677 5435 1946 5504 Nunquid

355 5527 693 5580 imbecillis?
717 5527 858 5598 (Job.
889 5527 1060 5597 sum.)
1086 5525 1386 5597 Apostolus
1412 5528 1602 5580 autem
1629 5523 1770 5578 dixit
1800 5542 1811 5576 :
1849 5525 1946 5578 Dei

2025 4543 2215 4598 Omnis
2242 4545 2522 4611 plantatio
2551 4558 2721 4609 quam
2741 4556 2854 4594 non
2868 4543 3151 4610 plantavit
3171 4543 3334 4596 Pater
3351 4559 3502 4598 meus
3522 4561 3616 4600 ca:-

2025 4633 2189 4696 lestis,
2221 4631 2600 4685 eradicabitur
2633 4630 2848 4695 (Matth.
2881 4631 2996 4698 xv).

2093 4721 2541 4774 Fundamentum
2566 4719 2716 4772 enim
2748 4733 2903 4772 nemo
2919 4723 3088 4788 potest
3104 4735 3305 4788 ponere
3325 4727 3528 4790 praeter
3556 4725 3616 4777 id

2023 4809 2166 4878 quod
2207 4809 2454 4877 positum
2505 4809 2597 4870 est,
2640 4809 2740 4876 qui
2784 4813 2859 4862 est
2907 4808 3158 4862 Christus
3185 4811 3356 4863 Jesus.
3399 4810 3613 4882 (Greg.)

2025 4897 2282 4952 Christus
2300 4897 2330 4950 J
2334 4911 2462 4949 esus
2484 4901 2673 4966 portat
2689 4896 3140 4964 fundamentum,
3165 4903 3222 4952 et
3238 4897 3471 4970 lapides,
3485 4916 3520 4954 a
3539 4901 3616 4954 la-

2025 4985 2248 5058 pidibus
2274 4989 2463 5038 autem
2486 5001 2597 5039 non
2627 4990 2900 5056 portatur,
2935 4987 3068 5058 quia
3085 4986 3406 5058 redemptor
3424 4993 3618 5044 noster

2025 5075 2217 5131 omnia
2225 5078 2418 5128 nostra
2430 5073 2757 5140 tolerat,sed
2774 5075 2831 5129 in
2847 5075 2968 5147 ipso
2983 5077 3194 5130 malum
3209 5091 3320 5129 non
3335 5075 3459 5142 fuit,
3467 5078 3616 5148 quod

2025 5163 2255 5219 tolerari
2277 5162 2579 5218 debuisset.
2608 5165 2844 5233 (Ambr.)
2867 5165 2999 5219 Ideo
3019 5181 3186 5220 nemo
3205 5169 3390 5234 potest
3408 5182 3618 5237 ponere

2027 5253 2180 5308 aliud
2201 5252 2794 5325 fundamentum,quia
2812 5253 3065 5324 quamvis
3093 5253 3340 5308 haeretici
3370 5255 3487 5309 sint
3519 5255 3618 5310 ali-

2026 5343 2262 5415 qui,non
2285 5347 2479 5397 tamen
2499 5341 2703 5396 docent
2719 5341 2828 5397 nisi
2847 5341 2950 5397 sub
2969 5341 3173 5398 Christi
3193 5341 3441 5408 nomine,
3455 5343 3618 5400 aliter

2025 5419 2500 5487 enimcommenta
2507 5431 2713 5487 erroris
2722 5431 3115 5488 commendare
3124 5449 3237 5488 non
3247 5437 3501 5504 possunt,
3508 5431 3618 5488 nisi

2027 5520 2650 5592 interpositosalvatoris
2661 5520 2890 5576 nomine
2901 5523 3291 5593 praedicentmt
3303 5537 3393 5576 res
3403 5525 3619 5575 contra-
