3900 6196
366 313 434 372 35
961 309 1022 368 Β.
1066 309 1336 369 unum
1375 310 1607 368 mum
1644 311 1980 369 ARCHIEP.
2023 312 2344 371 MOGUNT.
2388 276 2683 372 opsum
2722 309 2906 371 PARS
2943 311 3043 372 1n.
3564 307 3632 375 st

362 441 476 494 nias
495 444 555 494 et
565 437 837 494 absurdus
853 439 1100 494 nominis
1117 433 1364 508 dignitas
1377 437 1747 510 acceptabiles
1761 437 1950 493 faciat.
1971 437 2023 499 Δ
2040 441 2348 494 secundum
2379 441 2601 496 veniam
2630 412 2886 495 concedit
2899 442 3220 512 Apostolus,
3240 444 3355 497 imo
3374 454 3476 514 per
3487 445 3636 515 Apo-

364 529 428 586 Si
445 531 569 598 quis
581 533 766 583 autem
784 530 1178 598 supersdiﬂcat
1196 542 1368 596 supra
1385 529 1815 595 fundamentum
1837 530 1950 594 hoc,

363 634 594 682 aurum,
607 625 924 686 argentum,
951 619 1156 686 lapides
1179 620 1457 686 pretiosos.
1487 615 1694 685 (Amb.)
1719 617 1955 688 Lapides

365 706 594 778 pretiosi
622 713 758 762 sunt
786 723 926 778 quos
945 723 1057 760 non
1080 707 1391 778 corrumpit
1409 705 1574 776 ignis.
1599 707 1730 760 Tria
1745 723 1956 776 genera

365 796 552 868 pouit
561 797 894 867 prmclarain
905 795 1200 862 mundo,in
1211 795 1412 866 quibus
1425 794 1628 848 bonam
1641 795 1954 849 doctrinam

363 885 715 955 signiﬁcavit,
727 883 916 952 Ligna,
931 887 1142 952 fenum,
1165 888 1450 953 stipulam.
1472 884 1603 946 Tria
1617 883 1729 937 alia
1745 899 1956 954 genera

364 973 570 1045 posuit,
594 973 692 1028 sed
713 973 944 1027 frivola:
969 973 1028 1027 in
1050 974 1136 1027 his
1160 977 1424 1044 corrupta
1452 979 1510 1026 et
1533 987 1677 1026 vana
1703 973 1957 1026 doctrina

363 1062 657 1132 designata
694 1061 1062 1134 dignoscitur.
1089 1064 1274 1131 (Aug.)
1308 1061 1416 1126 Qui
1445 1061 1586 1116 bene
1614 1062 1824 1126 vivunt,
1857 1061 1954 1132 qui

364 1151 545 1206 Deum
577 1151 855 1205 honorant
872 1157 930 1205 et
946 1151 1196 1217 laudant,
1218 1151 1314 1222 qui
1336 1151 1612 1222 patientes
1632 1156 1766 1205 sunt
1785 1151 1842 1204 in
1856 1149 1955 1204 tri-

363 1239 762 1306 bulationibus,
781 1239 878 1310 qui
907 1239 1230 1294 desiderant
1254 1240 1518 1310 patriam,
1553 1240 1660 1310 ipsi
1679 1240 1958 1293 aedificant

2036 530 2244 584 stolam
2265 529 2546 597 Christus;
2583 536 2768 601 potest
2794 547 2926 601 ergo
2957 537 3016 585 et
3044 531 3150 586 iste
3179 531 3236 586 in
3265 532 3634 587 fundamento

2035 618 2242 673 habere
2273 619 2579 674 Christum.
2611 617 2670 674 Si
2698 619 2848 674 enim
2886 620 3028 674 nihil
3063 621 3114 675 ei
3153 621 3289 674 talis
3325 621 3636 676 affectionis

2035 709 2448 780 voluptatisque
2460 709 3028 780 prmponat,quamvis
3037 710 3445 782 supermdiﬁcet
3457 710 3631 782 ligna,

2035 797 2246 862 fenum,
2263 797 2548 870 stipulam,
2564 798 2822 852 Christus
2837 804 2923 852 est
2935 799 3387 867 fundamentum,
3405 807 3638 872 propter

2037 887 2141 940 hoc
2161 887 2347 941 salvus
2365 887 2474 940 erit
2490 894 2764 958 tanquam
2793 904 2894 958 per
2925 888 3132 958 ignem.
3163 889 3401 943 Delicias
3427 890 3635 962 quippe

2037 975 2208 1046 hujus
2227 976 2444 1042 mundi,
2467 991 2800 1048 amoresque
2823 982 3096 1043 terrenos,
3120 983 3350 1048 propter
3371 979 3636 1049 conjuge-

2035 1064 2147 1117 lem
2179 1065 2406 1134 quidem
2434 1065 2691 1136 copulam
2719 1081 2832 1120 non
2861 1065 3228 1133 damnabiles,
3252 1065 3635 1122 tribulationis

2035 1153 2184 1223 ignis
2209 1153 2412 1219 exurit,
2447 1153 2518 1207 ad
2551 1171 2718 1224 quem
2748 1154 3034 1225 pertinent
3059 1155 3250 1225 ignem
3279 1160 3338 1208 et
3365 1154 3634 1210 orbitates

2036 1247 2095 1295 et
2113 1259 2480 1314 quaecumque
2496 1243 2845 1296 calamitates
2869 1259 2992 1314 quae
3011 1243 3277 1297 auferunt
3295 1243 3429 1308 haec,
3449 1261 3514 1298 ac
3535 1260 3636 1316 per

363 1345 584 1393 aurum,
635 1335 953 1399 argentum,
1005 1329 1220 1400 lapides
1267 1329 1542 1400 pretiosos
1576 1347 1586 1381 :
1620 1329 1717 1400 qui
1765 1332 1955 1382 autem
2037 1331 2141 1385 hoc
2168 1331 2218 1386 ei
2251 1331 2348 1402 qui
2377 1331 2686 1396 aediﬁcavit,
2720 1331 2829 1386 erit
2865 1331 3162 1386 aediﬁcatio
3193 1333 3303 1387 ista
3341 1332 3632 1398 damnosa,

364 1423 558 1472 amant
578 1417 761 1472 adhuc
781 1417 1404 1488 saecularia,etnegotiis
1423 1417 1664 1471 terrenis
1684 1417 1955 1488 implicati
2038 1420 2171 1490 quia
2196 1437 2311 1474 non
2339 1419 2566 1474 habebit
2615 1421 2762 1490 quod
2804 1421 3286 1492 superaediﬂcavit,
3337 1429 3395 1476 et
3436 1437 3635 1476 eorum

363 1511 513 1572 sunt,
547 1512 602 1561 et
629 1506 803 1560 dediti
843 1512 977 1560 sunt
1011 1506 1245 1560 vinculis
1285 1506 1619 1577 quibusdam
1660 1513 1718 1560 et
1751 1505 1957 1559 aii'ecti-
2038 1509 2341 1562 amissione
2367 1508 2726 1574 cruciabitur,
2762 1508 2964 1579 quibus
2992 1509 3228 1562 fruendo
3259 1510 3455 1580 utique
3486 1511 3637 1564 laeta-

363 1595 466 1650 bus
493 1595 694 1661 carnis,
721 1595 982 1649 domibus
1012 1595 1149 1661 suis,
1168 1595 1464 1666 conjugiis,
1489 1594 1950 1666 possessionibus,
2039 1597 2235 1662 batur;
2271 1598 2369 1650 sed
2396 1613 2498 1668 per
2525 1597 2673 1651 hunc
2695 1597 2882 1667 ignem
2898 1599 3083 1652 salvus
3099 1599 3209 1654 erit
3222 1598 3423 1652 merito
3439 1598 3637 1652 funda-

363 1690 420 1738 et
441 1689 634 1738 tamen
663 1683 968 1738 Christiani
997 1690 1148 1750 sunt,
1180 1683 1262 1738 ita
1290 1691 1354 1738 ut
1379 1700 1474 1738 cor
1503 1700 1699 1737 eorum
1729 1699 1842 1737 non
1872 1699 2007 1756 re-u
2038 1687 2234 1752 menti,
2267 1687 2400 1756 quia
2427 1686 2532 1740 etsi
2562 1695 2754 1740 utrum
2795 1685 2850 1740 id
2891 1685 3096 1740 habere
3133 1687 3344 1751 mallet,
3375 1703 3448 1740 an
3480 1687 3638 1741 Chri-

363 1773 525 1827 cedat
545 1789 579 1825 a
599 1773 842 1836 Christo,
871 1773 1150 1844 quomodo
1167 1773 1224 1826 in
1239 1773 1564 1826 aediﬁcando
1585 1773 1725 1826 nihil
1744 1789 1954 1843 praepo-
1971 1753 2020 1815 Β
2039 1781 2212 1839 stum;
2233 1793 2266 1828 a
2284 1753 2651 1845 persecutore
2671 1781 3095 1846 proponeretur,
3119 1775 3257 1829 illud
3281 1775 3503 1830 Christo
3523 1792 3637 1830 non

363 1861 518 1916 nitur
545 1861 930 1925 fundamento,
963 1861 1239 1926 aediﬁcant
1275 1862 1502 1932 quidem
1533 1861 1638 1932 ipsi
1671 1861 1842 1931 ligna,
1875 1862 1957 1915 fe-
2040 1871 2476 1935 praeponeretur.
2497 1863 2634 1918 Vide
2656 1863 2715 1918 in
2729 1864 2982 1934 Apostoli
3000 1863 3183 1918 verbis
3205 1864 3490 1918 hominem
3509 1863 3638 1918 aedi-

359 1965 516 2016 num,
549 1949 836 2022 stipulam.
869 1951 976 2005 Sed
1023 1951 1158 2022 quid
1199 1951 1490 2022 sequitur?
1521 1952 1958 2019 Uniuscujusque
2041 1953 2300 2006 ﬁcantem
2321 1969 2492 2024 super
2512 1952 2944 2006 fundamentum
2959 1969 3182 2019 aurum,
3207 1959 3527 2022 argentum,
3561 1953 3639 2007 la-
3697 1959 3715 1974 ‘

363 2053 499 2108 opus
526 2043 689 2107 quale
708 2043 797 2104 sit,
824 2043 973 2108 ignis
998 2041 1270 2108 probabit.
1305 2039 1458 2110 Ignis
1484 2047 1686 2110 nempe
1726 2039 1958 2093 tribula-
2039 2041 2196 2111 pides
2224 2042 2529 2112 pretiosos;
2559 2044 2659 2110 qui
2685 2045 2803 2096 sine
2831 2059 2999 2096 umore
3027 2047 3101 2096 est
3133 2045 3331 2110 cogitat
3355 2057 3474 2110 qua:
3498 2047 3633 2098 sunt

359 2127 532 2182 tionis
561 2135 618 2182 et
647 2127 1009 2195 tentationis;
1043 2128 1148 2182 iste
1176 2127 1322 2199 ignis
1351 2128 1558 2181 multos
1585 2127 1840 2198 probavit
1867 2128 1958 2182 hic
2039 2133 2152 2184 Dei.
2187 2133 2451 2198 quomodo
2477 2134 2690 2199 placeat
2719 2133 2842 2185 Deo.
2867 2129 3008 2184 Vide
3045 2130 3220 2184 alium
3257 2130 3628 2186 aediﬁcantem

359 2223 657 2289 martyres,
680 2233 846 2272 omne
874 2223 1064 2270 autem
1083 2233 1264 2287 genus
1285 2217 1596 2270 humanum
1621 2216 1879 2286 probabit
1897 2216 1954 2270 in
2037 2218 2208 2288 ligna,
2239 2219 2450 2284 fenum,
2481 2219 2867 2290 stipulam,qm
2894 2225 3079 2273 autem
3108 2221 3468 2273 matrimonio
3487 2222 3626 2288 jun-

359 2307 489 2359 ﬁne.
505 2306 723 2360 Inventi
743 2312 875 2360 sunt
895 2311 1171 2376 martyres
1191 2304 1286 2376 qui
1309 2305 1583 2359 haberent
1603 2305 1709 2359 ista
1729 2305 1955 2360 saecula-
2037 2313 2156 2361 ctus
2183 2313 2274 2369 est,
2307 2307 2512 2378 inquit,
2546 2311 2744 2375 cogitat
2772 2323 2834 2361 ea
2853 2323 2971 2376 quas
2991 2313 3126 2361 sunt
3147 2309 3348 2361 mundi
3363 2307 3630 2376 quomodo

359 2394 462 2448 ria.
479 2395 660 2458 Quam
681 2394 846 2448 multi
865 2394 1133 2448 diviteset
1145 2400 1434 2448 senatores
1449 2394 1598 2464 passi
1617 2394 1786 2448 sunt?
1806 2393 1954 2448 zEdi-
2030 2399 2242 2465 placeat
2272 2399 2455 2451 uxori.
2487 2395 2935 2466 Uniuscujusque
2977 2413 3117 2467 Opus
3157 2395 3625 2459 manifestabitur,

360 2483 604 2538 ﬁcabant
631 2490 823 2538 tamen
855 2483 1083 2554 quidam
1115 2499 1311 2536 eorum
1339 2479 1747 2553 ligna,'fenum,
1771 2483 1951 2553 stipu‘

358 2572 492 2638 lam,
525 2573 584 2626 in
630 2571 920 2628 affectibus
954 2572 1264 2626 carnalium
1309 2577 1367 2624 et
1403 2572 1756 2626 saecularium
1797 2588 1955 2625 cura-

359 2677 484 2715 rum
519 2679 529 2713 :
567 2661 666 2715 sed
693 2667 884 2715 tamen
917 2661 1052 2731 quia
1081 2659 1367 2714 Christum
1398 2660 1831 2714 fundamentum
1860 2661 1955 2714 ha-

359 2749 583 2813 bebant,
607 2765 779 2820 super
807 2749 952 2819 quod
987 2748 1354 2813 aediﬁcabant,
1379 2749 1518 2802 arsit
1535 2749 1747 2814 fenum,
1773 2755 1830 2802 et
1846 2748 1952 2819 ipsi

358 2834 796 2910 permanserunt
818 2838 877 2892 in
898 2837 1284 2899 fundamento,
1298 2837 1444 2891 sicut
1467 2837 1604 2892 dicit
1621 2838 1946 2908 Apostolus:

358 2928 424 2984 Si
449 2931 608 2996 cujus
649 2943 781 2996 opus
807 2931 1196 2996 permanserit,
1214 2929 1510 2981 mercedem
1545 2929 1790 2996 accipiet,
1815 2926 1953 2980 nihil

358 3017 574 3087 perdet,
594 3016 728 3087 quia
740 3016 888 3086 quod
904 3016 1113 3070 amavit
1131 3016 1233 3069 hoc
1249 3016 1514 3070 inveniet.
1530 3015 1676 3080 Quid
1694 3032 1826 3086 ergo
1844 3015 1955 3068 illis

359 3104 488 3160 fecit
509 3105 656 3176 ignis
674 3105 1092 3160 tribulationis?
1127 3105 1390 3160 Probavit
1421 3122 1535 3159 eos.
1561 3105 1619 3159 Si
1653 3106 1774 3175 ejus
1817 3121 1956 3176 opus

2035 2485 2150 2538 dies
2178 2487 2328 2538 enim
2358 2487 2588 2538 Domini
2615 2487 2931 2548 declarabit,
2954 2485 3074 2538 dies
3097 2485 3291 2555 utique
3317 2483 3632 2538 tribulatio-

2035 2573 2142 2637 nis,
2156 2575 2420 2641 quoniam
2433 2577 2495 2626 in
2515 2576 2656 2641 igne,
2673 2573 2874 2644 inquit,
2889 2575 3241 2628 revelabitur.
3251 2573 3520 2626 Eamdem
3531 2571 3630 2625 tri-

2036 2660 2379 2716 bulationem
2419 2661 2608 2732 ignem
2645 2669 2822 2727 vocat,
2854 2662 3000 2716 sicut
3033 2661 3165 2715 alibi
3203 2661 3408 2730 legitur
3441 2679 3451 2713 :
3498 2661 3629 2714 Vasa

2034 2751 2198 2817 ﬁguli
2208 2751 2406 2818 probat
2423 2753 2653 2818 famam,
2677 2756 2727 2804 et
2748 2752 2994 2804 homines
3001 2753 3180 2818 justas
3201 2745 3430 2804 ιὰηιαιεύ
3455 2749 3631 2802 tribu-

2037 2841 2263 2893 lationis
2287 2839 2472 2906 (Eccli.
2499 2841 2694 2904 xxvn).
2711 2839 2781 2893 Et
2809 2839 3250 2910 uniuscujusque
3280 2855 3438 2909 opus,
3463 2837 3629 2908 quale

2035 2927 2126 2992 sit,
2150 2927 2294 2997 ignis
2315 2926 2600 2999 probabit;
2628 2931 2680 2980 si
2697 2932 2855 2996 cujus
2875 2945 3006 2997 opus
3026 2929 3316 2991 manserit,
3336 2932 3633 2998 permanet

2039 3015 2190 3069 enim
2224 3015 2372 3088 quod
2394 3016 2630 3088 quisque
2650 3017 2877 3086 cogitat,
2901 3033 3024 3087 quas
3049 3021 3182 3070 sunt
3202 3015 3324 3082 Dei,
3349 3015 3629 3087 quomodo

2038 3105 2258 3174 placeat
2271 3105 2406 3171 Deo,
2421 3108 2564 3173 quod
2581 3107 3038 3174 superati-meavit
3059 3107 3361 3159 mercedem
3379 3106 3624 3172 accipiet,

359 3189 751 3264 permanserit,
772 3195 1084 3248 mercedem
1103 3195 1362 3266 accipiet;
1397 3195 1444 3248 si
1464 3195 1625 3264 cujus
1646 3211 1786 3264 opus
1807 3211 1955 3248 arse-
1975 3181 2019 3241 Ο
2039 3193 2098 3247 id
2121 3199 2223 3257 est,
2243 3193 2393 3248 unde
2412 3193 2680 3264 cogitavit
2695 3193 2800 3248 hoc
2820 3200 3024 3248 sumet.
3039 3195 3103 3250 Si
3116 3197 3272 3262 cujus
3292 3197 3478 3246 autem
3498 3207 3630 3260 opus

361 3283 452 3348 rit,
467 3283 870 3338 detrimentum
891 3283 1254 3354 patietur.Sic
1268 3284 1420 3337 aliud
1433 3288 1520 3336 est
1535 3283 1664 3354 igne
1677 3300 1788 3337 non
1804 3283 1950 3348 laedi,

357 3372 510 3426 aliud
527 3386 617 3442 per
643 3371 834 3442 ignem
849 3372 1071 3437 salvari,
1088 3378 1145 3426 et
1165 3373 1350 3426 unde?
1372 3379 1603 3443 propter
1623 3372 1955 3426 fundamen-

354 3467 498 3516 tum.
525 3461 651 3515 Non
672 3460 898 3515 recedat
920 3477 1054 3531 ergo
1074 3461 1143 3515 de
1168 3461 1333 3515 corde
1355 3461 1808 3526 fundamentum,
1839 3460 1953 3514 noli

355 3566 528 3620 supra
552 3549 744 3604 fenum
766 3565 972 3620 ponere
991 3549 1445 3614 fundamentum,
1471 3549 1574 3604 hoc
1595 3555 1698 3614 est,
1725 3549 1839 3603 noli
1861 3565 1956 3603 an-

260 3712 270 3722 ,
355 3643 622 3709 teponere
645 3637 837 3692 fenum
870 3638 1258 3703 fundamento,
1284 3644 1350 3692 ut
1379 3639 1571 3692 fenum
1605 3638 1810 3692 habeat
1846 3637 1956 3710 pri-

357 3741 514 3782 mum
542 3727 728 3782 locum
758 3727 818 3780 in
847 3727 1013 3781 corde
1032 3732 1150 3793 tuo,
1165 3733 1223 3781 et
1239 3727 1548 3782 secundum
1563 3727 1839 3791 Christus,
1856 3726 1953 3780 sed

327 3877 330 3886 η
355 3816 402 3870 si
427 3817 549 3887 jam
578 3833 690 3870 non
723 3822 908 3888 potest
933 3815 1042 3870 nisi
1073 3833 1194 3870 esse
1224 3815 1300 3870 ibi
1337 3817 1549 3881 fenum,
1581 3816 1666 3870 vel
1705 3815 1950 3887 primum

355 3906 540 3960 locum
569 3905 646 3960 ibi
679 3906 883 3960 habeat
911 3905 1188 3970 Christus,
1223 3910 1280 3960 et
1309 3906 1500 3960 fenum
1531 3905 1860 3959 secundum.

433 3997 869 4062 Uniuscujusque
895 4011 1028 4064 opus
1058 3997 1418 4062 manifestum
1449 3995 1694 4058 erit,dtcs
1725 3995 1955 4048 Domini

355 4083 672 4146 declarabit,
711 4087 846 4150 quia
875 4086 940 4136 in
971 4087 1097 4150 igne
1127 4083 1387 4136 reuelabit
1416 4099 1480 4136 'r.
1514 4083 1630 4136 Hoc
1677 4087 1763 4136 est
1788 4083 1955 4136 ‘mala

355 4171 612 4225 doctrina
657 4171 716 4224 in
768 4172 897 4240 igne
945 4170 1205 4224 omnibus
1251 4171 1560 4240 apparebit,
1603 4187 1753 4224 nunc
1799 4171 1952 4224 enim

357 4258 629 4330 quosdam
657 4259 804 4312 fallit
836 4275 846 4310 :
877 4255 1017 4311 nihil
1043 4258 1104 4313 in
1136 4257 1370 4312 aedificio
1393 4259 1738 4330 praeponitur
1756 4259 1953 4312 funda-

2035 3286 2257 3346 arserit,
2288 3284 2562 3336 damnum
2590 3286 2858 3351 patietur,
2885 3281 3151 3354 quoniam
3181 3281 3330 3352 quod
3359 3281 3633 3335 dilexerat

2036 3387 2150 3425 non
2177 3369 2430 3438 habebit;
2451 3374 2560 3439 ipse
2575 3377 2761 3425 autem
2787 3375 2972 3425 salvus
3003 3375 3128 3437 erit,
3155 3371 3286 3441 quia
3315 3369 3471 3424 nulla
3499 3385 3630 3423 eum

2035 3460 2324 3514 tribulatio
2339 3459 2408 3513 ab
2424 3459 2574 3514 illius
2593 3459 2947 3514 fundamenti
2965 3460 3273 3514 stabilitate
3293 3458 3632 3523 semovit,sic

2039 3555 2224 3603 tamen
2265 3552 2428 3618 quasi
2468 3565 2565 3616 per
2599 3552 2804 3616 ignem,
2843 3549 2989 3620 quod
3027 3549 3178 3602 enim
3217 3548 3340 3602 sine
3367 3546 3631 3601 illiciente

2037 3653 2228 3692 amore
2257 3653 2369 3691 non
2401 3636 2616 3700 habuit,
2649 3637 2769 3691 sine
2807 3642 3006 3692 urente
3045 3637 3236 3692 dolore
3276 3653 3388 3690 non
3422 3635 3625 3706 perdit.

2109 3728 2174 3780 Et
2221 3729 2660 3794 uniuscujusque
2700 3743 2834 3795 opus
2871 3730 3032 3794 quale
3066 3729 3138 3780 sit
3177 3727 3328 3792 ignis
3361 3725 3630 3793 probabit.

2038 3814 2248 3885 (Amb.)
2281 3815 2426 3880 Quia
2454 3815 2605 3868 enim
2638 3831 2738 3884 per
2765 3814 2952 3886 ignem
2982 3813 3323 3869 examinatio
3350 3814 3466 3876 ﬁet,
3496 3811 3544 3866 si
3574 3812 3632 3866 in

2035 3905 2221 3976 aliquo
2249 3920 2363 3958 non
2394 3903 2672 3958 invenerit
2699 3905 2848 3974 quod
2877 3910 3090 3968 exurat,
3121 3901 3447 3957 manifestat
3472 3900 3632 3955 illum

2034 3991 2244 4047 bonum
2277 3993 2446 4047 fuisse
2474 3993 2778 4047 doctorem.
2804 3991 2952 4047 Mala
2983 3991 3132 4047 enim
3163 3998 3222 4048 et
3251 3991 3510 4045 adultera
3539 3989 3634 4043 do-

2034 4082 2214 4136 ctrina
2243 4081 2447 4136 idcirco
2475 4083 2534 4136 in
2562 4081 2712 4151 ligno
2748 4087 2806 4134 et
2831 4082 2890 4134 in
2927 4081 3053 4135 feno
3093 4087 3150 4135 et
3184 4081 3244 4134 in
3281 4079 3487 4150 stipula
3523 4078 3632 4148 sig-

2035 4171 2262 4224 niﬁcata
2289 4177 2394 4234 est,
2425 4176 2488 4226 ut
2517 4170 2908 4224 ostenderetur
2937 4169 3082 4240 ignis
3111 4185 3233 4224 esse
3263 4184 3406 4222 esca.
3443 4168 3629 4235 (Aug.)

2035 4261 2168 4314 Tale
2198 4259 2407 4330 aliquid
2437 4259 2607 4312 etiam
2637 4264 2765 4328 post
2790 4259 2934 4313 hanc
2959 4259 3132 4312 vitam
3163 4257 3282 4311 ﬁeri
3309 4255 3630 4310 incredibile

357 4353 566 4402 mento.
593 4347 858 4418 Quisquis
879 4347 1070 4418 itaque
1089 4346 1169 4402 sic
1188 4347 1358 4401 habet
1376 4347 1432 4401 in
1455 4347 1619 4401 corde
1639 4347 1944 4414 Christum,
1967 4361 2016 4420 D
2037 4365 2148 4402 non
2175 4353 2278 4410 est,
2313 4355 2369 4402 et
2395 4355 2585 4401 utrum
2615 4347 2695 4400 ita
2726 4347 2802 4402 sit
2841 4347 3014 4418 queri
3052 4351 3238 4418 potest
3270 4365 3282 4398 :
3317 4351 3374 4399 et
3409 4350 3510 4398 aut
3548 4344 3633 4397 in-

359 4443 425 4492 ut
449 4437 501 4492 ei
529 4443 758 4491 terrena
785 4442 840 4491 et
867 4436 1220 4507 temporalia,
1258 4452 1360 4491 nec
1390 4453 1457 4490 ea
1485 4454 1608 4507 qum
1636 4437 1790 4490 licita
1815 4441 1948 4490 sunt
2031 4436 2228 4502 veniri,
2247 4443 2348 4490 aut
2367 4437 2560 4501 latere,
2583 4437 2881 4491 nonnullos
2902 4436 3095 4491 ﬁdeles
3112 4453 3212 4506 per
3227 4435 3416 4505 ignem
3439 4449 3632 4504 quem-

357 4532 526 4597 atque
555 4543 834 4592 concessa,
865 4542 976 4580 non
1007 4533 1310 4598 praeponat,
1335 4525 1762 4580 fundamentum
1782 4525 1951 4580 habet
2031 4528 2166 4580 dam
2196 4526 2602 4598 purgatorium,
2625 4533 2836 4597 quanto
2865 4525 3045 4595 magis
3066 4525 3322 4578 minusve
3341 4522 3487 4576 bona
3509 4537 3633 4592 per-

357 4617 676 4682 Christum;
709 4615 798 4669 sin
833 4621 1024 4670 autem
1069 4616 1361 4688 praeponit,
1396 4615 1502 4669 etsi
1549 4615 1806 4669 videatur
1856 4615 1951 4670 ha-

357 4703 488 4758 bere
507 4705 672 4758 ﬁdem
694 4703 922 4770 Christi,
941 4721 1053 4758 non
1063 4711 1150 4759 est
1161 4712 1350 4760 tamen
1366 4705 1424 4758 in
1441 4721 1506 4758 eo
1521 4705 1952 4758 fundamentum

360 4791 638 4854 Christus,
656 4791 747 4846 cui
769 4792 907 4846 talia
927 4799 1346 4864 praeponuntur,
1365 4800 1576 4864 quanto
1597 4793 1776 4860 magis
1799 4793 1845 4845 si
1868 4809 1954 4846 sa-

361 4881 568 4936 lutaria
585 4886 860 4952 praecepta
880 4887 1260 4947 contemnens,
1280 4882 1598 4937 committat
1617 4881 1828 4946 illicita,
1841 4898 1954 4935 non

363 4970 730 5042 praeposuisse
747 4970 1054 5036 Christum,
1071 4971 1169 5025 sed
1191 4971 1572 5042 postposuisse
1585 4969 1950 5024 convincitur.

365 5060 424 5114 Si
453 5059 782 5130 quisitaque
803 5059 1156 5114 Christianus
1184 5060 1369 5129 diligit
1386 5059 1757 5125 meretricem,
1789 5060 1953 5130 eique

361 5149 654 5204 adhaerens
674 5163 850 5203 unum
871 5165 1074 5220 corpus
1097 5148 1355 5213 efficitur,
1369 5150 1488 5218 jam
1513 5149 1568 5202 in
1589 5148 1954 5203 fundamento

365 5253 478 5294 non
507 5235 678 5292 habet
705 5238 1012 5292 Christum.
1041 5237 1098 5292 Si
1116 5238 1242 5308 quis
1271 5242 1462 5292 autem
1499 5237 1684 5308 diligit
1721 5253 1952 5291 uxorem

365 5341 545 5394 suam,
565 5329 613 5381 si
632 5327 942 5382 secundum
962 5325 1269 5392 Christum,
1296 5327 1422 5396 quis
1449 5327 1502 5381 ei
1523 5326 1743 5381 dubitet
1756 5326 1813 5380 in
1833 5327 1956 5380 fun-

364 5417 630 5472 damento
658 5433 779 5472 esse
796 5415 1123 5470 Christum?
1144 5416 1204 5471 Si
1231 5429 1362 5470 vero
1377 5416 1698 5470 «secundum
1731 5417 1835 5470 hoc
1858 5433 1957 5471 saa-

367 5508 576 5573 eulum,
608 5506 658 5560 si
697 5505 1014 5572 carnaliter,
1044 5505 1094 5559 si
1142 5505 1200 5559 in
1249 5504 1443 5559 morbo
1484 5505 1956 5576 concupiscentia-

367 5607 517 5654 rum.
533 5597 680 5652 sicut
701 5601 762 5651 et
783 5598 980 5667 gentes
1009 5609 1132 5666 quae
1160 5595 1424 5666 ignorant
1441 5595 1645 5660 Deum,
1665 5595 1838 5650 etiam
1853 5595 1958 5650 hoc

2035 4615 2228 4670 euntia
2254 4615 2588 4680 dilexerunt,
2623 4622 2779 4670 tanto
2817 4615 3033 4670 tardius
3071 4613 3350 4683 citiusque
3377 4609 3582 4665 salvari
3617 4628 3626 4662 :

2035 4721 2148 4759 non
2168 4711 2361 4758 tamen
2375 4704 2536 4769 tales,
2549 4703 2622 4758 de
2636 4704 2895 4775 qualibus
2903 4703 3118 4758 dictum
3132 4702 3386 4770 est,quod
3398 4715 3631 4768 regnum

2034 4796 2135 4848 Dei
2164 4809 2275 4847 non
2296 4795 2663 4862 possidebunt,
2685 4788 2794 4847 nisi
2815 4791 3212 4848 convenienter
3232 4786 3634 4860 pmnitentibus

2039 4882 2236 4936 eadem
2283 4881 2520 4936 crimina
2567 4879 2950 4938 remittantur.
2985 4881 3435 4936 Fundamentum
3481 4879 3634 4930 enim

2036 4972 2199 5026 aliud
2229 4987 2384 5024 nemo
2402 4976 2573 5038 potest
2599 4988 2796 5040 ponere
2819 4977 3020 5040 praeter
3040 4971 3098 5023 id
3123 4969 3268 5037 quod
3295 4969 3538 5036 positum
3561 4969 3636 5019 est

2039 5061 2292 5116 Christus
2319 5062 2490 5114 Jesus.
2522 5061 2735 5129 (Greg.)
2760 5059 3024 5130 Nunquid
3055 5057 3228 5112 etiam
3255 5054 3364 5126 ipsi
3395 5050 3634 5124 apostoli

2037 5165 2138 5219 per
2163 5149 2350 5219 ignem
2371 5148 2774 5220 probabuntur,
2801 5149 2894 5219 qui
2920 5164 3030 5201 non
3055 5143 3348 5216 judicandi
3369 5142 3468 5197 sed
3486 5140 3636 5212 judi-

2037 5237 2214 5291 caturi
2235 5236 2596 5292 duodedecim
2620 5238 2798 5292 tribus
2821 5236 2993 5291 Israel
3020 5233 3318 5288 dicuntur?
3341 5237 3441 5286 aut
3460 5229 3633 5284 etiam

2038 5326 2164 5381 illos
2187 5325 2334 5397 ignis
2349 5325 2607 5398 probabit
2622 5341 2748 5380 cum
2765 5324 2967 5396 quibus
2981 5324 3229 5396 seipsum
3243 5327 3472 5376 sanctus
3493 5319 3634 5374 Pau-

2037 5416 2124 5470 lus
2152 5415 2468 5470 numeravit
2494 5415 2682 5471 dicens
2715 5433 2726 5468 :
2752 5417 2857 5470 Nos
2881 5420 3069 5468 autem
3096 5416 3198 5482 qui
3225 5410 3628 5478 relinquimur.

2035 5507 2207 5559 simul
2235 5521 2362 5560 cum
2389 5506 2506 5560 illis
2520 5507 2809 5573 rapiemur
2833 5509 2898 5558 in
2918 5504 3155 5558 nubibus
3169 5503 3385 5556 obviam
3397 5498 3632 5552 Domino

2038 5597 2101 5648 in
2117 5609 2270 5661 aera,
2284 5599 2334 5649 et
2351 5597 2432 5648 sic
2447 5595 3030 5660 sempercumhmino
3046 5595 3256 5647 erimus
3270 5591 3324 5656 (Ι
3356 5587 3504 5641 Thes.
3531 5597 3628 5652 IV).
