3900 6196
255 283 301 340 3i
657 280 1237 343 ENARRATIONUM
1276 284 1354 340 ΙΝ
1393 284 1548 339 ΕΡΡ.
1590 284 1805 340 PAULI
1845 285 1986 340 LIB.
2027 286 2123 340 IX.
2167 313 2232 324 —
2272 285 2348 340 ΙΝ
2388 285 2610 340 EPIBT.
2651 287 2676 341 Ι
2715 287 2812 342 AD
2852 288 3014 343 COR.

3415 285 3483 346 38

256 412 297 466 Si
314 409 558 466 dictorum
584 408 808 464 Christi
822 425 1046 464 sensum
1063 409 1860 481 pensemus.hancobscuri-A
1877 412 1975 466 sed
2003 427 2132 466 cum
2161 411 2315 476 dicit,
2349 414 2429 464 sic
2453 417 2637 466 tamen
2664 415 2828 480 quasi
2851 428 2952 481 per
2991 417 3202 482 ignem,
3238 417 3486 472 ostendit

255 505 387 554 tatem
412 498 524 569 ipso
549 498 912 554 illuminante
941 499 1012 554 ad
1043 499 1225 554 lucem
1255 500 1637 571 perducimus:
1664 517 1799 555 nam

256 589 340 659 ipse
362 587 510 642 dixit:
529 589 718 655 Ignem
738 592 868 642 ueni
893 591 1104 644 mittere
1129 593 1192 642 in
1209 595 1502 654 terram,et
1526 592 1664 658 quid
1683 594 1798 644 volo

257 680 340 730 nisi
360 682 417 732 ut
439 678 618 730 ardeat
643 682 670 730 ?
693 677 835 746 (Luc
862 676 983 746 xu.)
1010 678 1366 749 Spiritusque
1387 685 1611 734 sanctus
1631 697 1802 750 super

255 765 484 836 apostolos
501 765 845 820 descendens
880 767 938 820 in
977 767 1159 838 specie
1197 767 1345 836 ignis
1382 769 1662 838 apparuit,
1706 769 1801 839 qui

255 856 297 908 in
319 856 456 924 signo
483 870 756 924 apparens
790 855 1129 922 inﬁdelibus,
1161 856 1353 910 ﬁdeles
1379 856 1531 911 intus
1558 863 1622 910 ut
1657 857 1804 927 ignis

257 943 478 1015 probavit.
495 943 634 1012 Opus
653 959 781 1011 ergo
795 948 1230 1016 uniuscujusque
1248 949 1490 1014 quatesit
1514 949 1662 1014 ignis
1679 963 1804 1015 pro-

257 1035 387 1098 babit,
410 1033 527 1102 quia
545 1049 684 1102 quos
705 1033 856 1103 ignis
885 1033 1154 1104 spiritalis
1177 1035 1233 1088 in
1265 1035 1525 1105 praesenti
1552 1042 1805 1105 tempore

259 1137 342 1175 non
363 1121 642 1184 examinat,
659 1121 720 1176 in
748 1122 939 1178 futuro
953 1123 1167 1192 judicio
1189 1140 1287 1193 per
1306 1124 1496 1193 ignem
1526 1123 1801 1194 probabit.

259 1212 541 1278 Quicumque
551 1226 680 1278 ergo
699 1212 918 1279 Spiritu
944 1213 1040 1266 Dei
1054 1219 1326 1280 aguntur,
1345 1214 1407 1266 hi
1425 1215 1536 1280 ﬁlii
1555 1219 1686 1266 sunt
1711 1215 1806 1267 Dei

260 1300 392 1368 (Rom.
422 1315 505 1353 vin
530 1337 545 1362 ,
579 1300 675 1369 qui
701 1300 834 1354 licet
863 1317 964 1371 per
991 1301 1177 1370 ignem
1199 1301 1417 1372 probati
1442 1301 1654 1372 Spiritu
1680 1317 1805 1356 san-

255 1393 326 1440 cto
351 1387 628 1442 examinati
664 1396 798 1444 sunt
829 1408 841 1442 :
873 1407 1004 1444 nam
1045 1390 1202 1444 illum
1244 1407 1344 1461 per
1378 1391 1801 1462 impositionem

261 1492 477 1530 manuum
505 1477 752 1549 episcopi
772 1479 1125 1548 accipientes,
1160 1480 1480 1534 nullatenus
1509 1479 1580 1534 ab
1613 1497 1681 1534 eo
1706 1480 1805 1533 de-

259 1564 464 1629 vianmt;
489 1566 591 1618 sed
633 1566 681 1619 si
729 1567 920 1636 aliqua
967 1568 1026 1622 in
1055 1585 1116 1622 re
1161 1569 1497 1638 delinquunt
1546 1585 1810 1638 recogno-

261 1653 423 1706 scendo
446 1661 492 1706 et
513 1656 836 1708 conﬁtendo
869 1657 1246 1725 corriguntur.
1280 1657 1479 1712 Omnis
1511 1657 1683 1722 enim,
1723 1657 1808 1710 in-

1883 501 2100 556 salvum
2127 500 2356 570 quidem
2378 500 2540 554 illum
2561 501 2947 566 futurum,sed
2972 518 3164 573 poenas
3185 503 3333 574 ignis
3359 521 3484 576 pal-

1883 607 2099 652 surum,
2133 597 2197 643 ut
2224 607 2323 660 per
2371 589 2560 660 ignem
2595 598 2867 662 purgatus
2911 592 3010 645 ﬁat
3051 593 3253 658 salvus,
3283 600 3342 648 et
3370 610 3483 649 non

1883 680 2028 734 sicut
2055 679 2252 750 perﬁdi
2281 679 2409 749 igne
2438 686 2710 750 perpetuo
2738 687 3089 760 torqueatur,
3117 687 3182 735 ut
3201 699 3266 736 ex
3294 683 3485 754 aliqua

1884 776 2044 840 parte
2063 785 2244 838 operae
2268 769 2512 838 pretium
2531 768 2605 822 sit
2624 768 2994 822 credidissein
3017 771 3485 826 Christum.8em-

1887 875 1987 928 per
2014 857 2164 911 enim
2201 856 2494 910 erubescat
2520 874 2740 910 necesse
2771 863 2873 920 est,
2911 857 3006 928 qui
3033 875 3092 911 se
3113 859 3264 914 videt
3282 860 3484 915 falsum

1886 947 2200 1000 defendisse
2219 963 2320 1016 pro
2341 962 2490 1010 vero,
2507 951 2564 998 et
2582 946 2752 999 simili
2773 947 2942 999 modo
2973 963 3196 1017 semper
3224 949 3484 1006 fiduciam

1888 1035 2118 1089 habebit
2145 1035 2265 1115 Dei,
2300 1034 2396 1104 qui
2436 1034 2658 1104 abjecto
2695 1035 2855 1099 falso,
2897 1042 3122 1090 secutus
3157 1043 3244 1090 est
3269 1053 3484 1104 verum,

1889 1131 1946 1178 et
1974 1131 2164 1195 spreta
2197 1123 2506 1192 impietate,
2533 1123 2827 1177 succubuit
2848 1123 3046 1194 pietati
3078 1142 3091 1177 :
3123 1131 3282 1179 extra
3299 1126 3488 1180 cathoo

1887 1213 2054 1267 licam
2084 1213 2236 1266 enim
2271 1213 2564 1266 veritatem
2591 1212 2869 1282 quidquid
2897 1218 2998 1276 est,
3013 1214 3358 1268 contrarium
3383 1220 3486 1269 est.

1887 1302 1952 1370 (A
1963 1309 2080 1373 ug.)
2098 1301 2259 1355 Multi
2283 1306 2415 1354 sunt
2428 1301 2524 1370 qui
2546 1317 2648 1370 per
2668 1301 2963 1354 lectionem
2987 1301 3151 1355 istam
3174 1303 3319 1356 male
3333 1303 3492 1358 intel-

1886 1391 2126 1460 ligentes
2150 1390 2290 1445 falsa
2323 1389 2624 1442 securitate
2655 1389 3033 1460 decipiuntur,
3065 1391 3200 1444 dum
3232 1393 3488 1455 credunt,

1891 1480 2040 1550 quod
2071 1479 2118 1532 si
2146 1495 2316 1549 super
2338 1479 2768 1532 fundamentum
2800 1478 3008 1532 Christi
3028 1479 3266 1532 crimina
3287 1481 3493 1551 capita-

1893 1569 1969 1621 lia
1997 1568 2292 1632 aediﬁcant,
2332 1573 2560 1637 peccata
2590 1567 2714 1637 ipsa
2741 1584 2841 1637 per
2879 1567 3070 1637 ignem
3102 1569 3494 1623 transitorium

1893 1657 2108 1728 possint
2137 1657 2386 1727 purgari,
2423 1663 2480 1708 et
2506 1656 2612 1726 ipsi
2643 1662 2838 1726 postea
2865 1657 2935 1710 ad
2961 1657 3132 1710 vitam
3163 1663 3494 1728 perpetuam

260 1741 355 1811 quit
376 1742 647 1806 Dominus,
670 1761 774 1814 per
801 1745 989 1814 ignem
1020 1745 1270 1807 salietur,
1295 1753 1394 1800 aut
1420 1747 1571 1800 enim
1592 1747 1682 1799 hic
1712 1763 1813 1817 per
1827 1759 1874 1818 Β
1894 1746 2204 1817 pervenire.
2240 1745 2560 1799 Intellectus
2591 1745 2716 1810 iste,
2739 1745 2942 1798 fratres
2960 1745 3295 1812 charissimi,
3320 1746 3495 1800 corriu-

259 1830 532 1900 spiritalem,
572 1838 668 1886 aut
695 1833 811 1888 illic
837 1850 939 1904 per
967 1835 1313 1906 corporalem
1345 1835 1534 1905 ignem
1556 1835 1811 1906 probabi-

261 1926 346 1972 tur.
357 1920 619 1974 Nimirum
638 1938 774 1992 ergo
793 1922 938 1978 sicut
957 1941 1069 1978 non
1090 1924 1148 1978 in
1168 1924 1258 1977 die
1273 1924 1472 1994 judicii
1493 1942 1688 1978 omnes
1712 1942 1812 1995 per

261 2007 412 2077 ignem
435 2009 829 2080 probabuntur,
865 2013 944 2066 ita
973 2013 1032 2067 in
1071 2014 1190 2084 ipso
1229 2013 1538 2085 eodemque
1578 2014 1668 2068 die
1699 2030 1812 2068 non

262 2113 421 2151 omnes
439 2099 659 2154 omnino
699 2100 1120 2170 judicabantur,
1152 2103 1392 2158 Domino
1440 2109 1685 2157 testante
1713 2102 1811 2172 qui

260 2186 324 2238 ait
351 2204 361 2238 :
388 2187 478 2252 Qui
493 2192 669 2243 credit
693 2193 756 2243 in
784 2191 1010 2252 Filium,
1047 2209 1158 2246 non
1174 2193 1532 2260 judicabitur
1553 2211 1567 2254 ;
1591 2195 1692 2260 qui
1710 2208 1812 2245 au-

262 2280 345 2326 tem
369 2279 670 2332 incredulus
692 2285 788 2341 est,
792 2283 918 2348 jam
940 2282 1228 2347 judicatus
1249 2287 1324 2334 est
1353 2284 1529 2338 (Joan.
1551 2285 1642 2345 iv).
1660 2282 1811 2344 Quos

261 2379 340 2417 nec
360 2381 473 2434 ergo
491 2366 641 2436 ignis
662 2367 886 2421 futurus
906 2369 1180 2440 probabit,
1199 2369 1244 2424 si
1268 2370 1417 2424 Deus
1438 2387 1539 2424 nec
1559 2370 1815 2423 credulos

261 2467 337 2505 nec
364 2453 663 2510 incredulos
684 2457 1119 2526 judicabit?Sed
1150 2459 1309 2528 quasi
1331 2477 1365 2512 a
1395 2458 1556 2512 nobis
1582 2459 1817 2512 int-erro-

253 2551 463 2608 garetur,
491 2545 639 2614 quod
668 2562 802 2616 ergo
831 2547 942 2600 erit
967 2547 1244 2617 judicium
1269 2547 1291 2600 ?
1312 2548 1569 2618 protinus
1589 2547 1819 2617 subjun-

257 2629 340 2692 xit,
353 2630 522 2686 dicens
545 2651 557 2685 :
588 2636 683 2686 hoc
705 2640 780 2687 est
798 2637 1254 2704 judicium,quia
1279 2640 1378 2690 tua:
1397 2641 1544 2690 venit
1565 2639 1628 2689 in
1649 2653 1816 2689 mun-

259 2718 388 2784 dum,
403 2726 451 2772 et
467 2722 774 2776 dilexerunt
796 2725 1045 2778 homines
1069 2728 1246 2792 magis
1269 2727 1516 2779 tenebras
1537 2741 1706 2793 quam
1732 2728 1818 2777 lu-

261 2821 366 2860 cem.
395 2809 456 2862 Hi
482 2827 613 2881 ergo
643 2811 750 2865 soli
795 2813 854 2866 in
887 2813 978 2866 die
1019 2813 1218 2884 judicii
1261 2813 1684 2882 judicabuntur,
1722 2813 1819 2882 qui

263 2891 364 2950 licet
379 2897 542 2952 lucem
567 2901 781 2954 scirent
799 2903 1008 2965 venire,
1032 2909 1224 2956 tamen
1247 2903 1428 2972 magis
1450 2901 1713 2955 tenebras
1730 2901 1818 2954 di-

259 2982 402 3054 ligere
447 2987 724 3043 dicuntur.
761 2991 904 3044 Nam
940 2991 1035 3062 qui
1085 2991 1142 3046 in
1171 2990 1421 3045 tenebris
1448 2996 1680 3045 manent
1702 2991 1824 3060 jam

1891 1835 2110 1905 gendus
2139 1841 2242 1899 est,
2277 1834 2412 1904 quia
2439 1833 2545 1904 ipsi
2579 1851 2637 1887 se
2665 1834 2956 1899 seducunt,
2980 1835 3076 1905 qui
3107 1835 3186 1889 sic
3211 1835 3317 1890 sibi
3345 1835 3498 1890 blan-

1894 1925 2156 1987 diuntur;
2173 1923 2268 1976 illo
2294 1923 2446 1976 enim
2474 1923 2800 1976 transitoria
2821 1922 2951 1993 igne
2973 1923 3043 1976 de
3066 1940 3178 1994 quo
3197 1924 3338 1978 dixit
3354 1927 3499 1996 Apo-

1895 2013 2089 2076 stolus,
2123 2015 2236 2081 Ipse
2265 2015 2415 2065 enim
2445 2015 2628 2065 salvus
2675 2015 2798 2074 erit,
2850 2015 2929 2065 sic
2976 2017 3158 2066 tamen
3206 2017 3370 2082 quasi
3398 2029 3499 2083 per

1896 2105 2101 2168 ignem,
2115 2118 2226 2155 non
2247 2101 2529 2171 capitalia,
2555 2100 2650 2154 sed
2675 2100 2895 2154 minuta
2915 2107 3142 2171 peccata
3161 2108 3494 2172 purgantur,

1896 2196 1954 2243 et
1981 2189 2238 2260 quamvis
2273 2189 2420 2259 quod
2453 2190 2613 2259 pejus
2643 2195 2746 2252 est,
2777 2205 2889 2242 non
2915 2190 3097 2242 solum
3129 2191 3367 2260 majora,
3402 2192 3498 2245 sed

1899 2278 2070 2332 etiam
2098 2285 2156 2332 et
2184 2279 2402 2332 minuta
2429 2278 2669 2330 nimium
2699 2278 2862 2348 plura
2889 2283 3039 2341 sunt,
3054 2278 3123 2330 de
3155 2278 3291 2348 ipsis
3309 2286 3499 2333 tamen

1899 2367 2210 2437 majoribus
2241 2365 2479 2438 peccatis
2511 2367 2615 2419 etsi
2647 2381 2759 2418 non
2788 2365 2996 2430 omnia,
3030 2367 3115 2419 vel
3137 2366 3328 2437 aliqua
3352 2384 3500 2421 com-

1902 2456 2272 2509 memoranda
2299 2461 2450 2518 sunt,
2467 2472 2536 2507 ne
2560 2453 2765 2523 aliquis
2783 2453 3028 2507 inaniter
3057 2471 3318 2509 excusare
3341 2472 3499 2510 cone-

1901 2551 2015 2608 tur,
2051 2550 2108 2596 et
2137 2543 2304 2607 dicat,
2336 2542 2549 2596 nescire
2574 2559 2633 2595 se
2664 2559 2787 2612 quae
2825 2547 2959 2595 sunt
2995 2542 3218 2596 minuta
3252 2550 3495 2614 peccata,

1903 2649 2026 2702 quae
2058 2637 2247 2684 autem
2271 2630 2510 2684 crimina
2533 2630 2814 2700 capitalia.
2833 2630 2902 2683 Et
2920 2629 3176 2699 quamvis
3202 2632 3500 2702 Apostolus

1903 2721 2166 2791 capitalia
2195 2721 2356 2791 plura
2397 2719 2876 2785 commemoravit,
2910 2735 3012 2772 nos
3060 2725 3272 2784 autem,
3306 2737 3377 2775 ne
3407 2722 3501 2775 de-

1903 2809 2280 2880 sperationem
2312 2808 2490 2861 facere
2521 2808 2830 2873 videamur,
2849 2807 3090 2862 breviter
3110 2808 3361 2863 dicemus
3379 2827 3502 2880 qum

1905 2897 2004 2951 illa
2031 2904 2180 2961 sunt,
2212 2897 2294 2950 uti
2328 2895 2703 2966 sacrilegium,
2728 2895 3114 2962 homicidium,
3137 2896 3500 2964 adulterium,

1907 2986 2116 3040 falsum
2148 2985 2558 3049 testimonium,
2581 2986 2814 3048 furtum,
2840 2985 3057 3056 rapina,
3071 2985 3353 3055 superbia,
3367 2986 3504 3041 invi-

255 3071 450 3140 judicati
477 3086 625 3143 sunt,
659 3079 756 3150 qui
784 3087 974 3134 autem
1013 3081 1154 3134 nihil
1193 3080 1554 3134 tenebrarum
1586 3079 1815 3145 habent,
1843 3077 1888 3138 Ο
1907 3075 2019 3140 dia,
2056 3073 2310 3136 avaritia.
2343 3079 2400 3127 et
2433 3073 2480 3126 si
2511 3073 2674 3142 longo
2707 3079 2962 3143 tempore
2997 3073 3247 3127 tenuerit
3278 3073 3502 3128 iracun-

259 3161 358 3217 sine
381 3165 480 3220 ullo
497 3167 716 3238 judicio
747 3169 820 3224 ad
857 3169 1040 3223 lucem
1084 3170 1385 3241 pertinent.
1422 3169 1508 3224 Illi
1549 3187 1680 3223 vero
1723 3169 1820 3239 qui

258 3250 366 3305 licet
381 3253 628 3325 baptizati
647 3265 784 3312 sunt
805 3262 862 3311 in
883 3257 1074 3312 futuro
1087 3259 1300 3329 judicio
1316 3259 1609 3329 judicandi
1631 3263 1816 3313 erunt.

255 3338 327 3392 De
351 3341 449 3396 illis
486 3361 616 3416 ergo
667 3346 803 3400 solis
844 3347 1124 3416 judicium
1172 3347 1490 3412 habebitur,
1526 3354 1591 3402 ut
1620 3353 1720 3401 aut
1747 3347 1819 3400 ad

257 3427 430 3496 lucem,
455 3441 548 3490 aut
575 3436 646 3489 ad
677 3435 941 3490 tenebras
972 3437 1098 3507 plus
1136 3437 1420 3508 pertinere
1457 3437 1701 3490 debeant
1729 3436 1824 3490 de-

257 3529 582 3578 monstretur.
619 3525 937 3595 Resurgent
964 3543 1098 3595 ergo
1135 3527 1194 3580 hi
1233 3532 1298 3579 ut
1316 3526 1660 3596 judicentur,
1682 3525 1824 3596 justi

257 3615 310 3659 ut
323 3609 576 3679 judicent,
608 3614 770 3685 impii
804 3621 868 3668 ut
896 3615 1256 3680 damnentur,
1285 3614 1420 3685 quia
1446 3622 1504 3670 et
1532 3614 1612 3668 illi
1643 3629 1826 3668 resur-

254 3707 384 3764 gent,
405 3702 494 3756 sed
515 3719 630 3758 non
651 3703 710 3756 in
725 3703 960 3773 judicio,
985 3704 1284 3758 Psalmista
1302 3710 1566 3770 testante,
1583 3703 1682 3774 qui
1703 3703 1784 3757 ait
1807 3720 1819 3755 :

258 3785 358 3840 Non
382 3798 678 3859 resurgunt
707 3795 875 3860 impii
903 3795 967 3846 in
980 3795 1198 3862 judicio
1220 3795 1391 3861 (Psal.
1423 3805 1482 3850 ι).

313 3875 367 3930 Si
378 3881 530 3946 cujus
553 3896 689 3948 opus
709 3883 1830 3950 mameritquodsuperadiﬁcaveritmicr-

257 3965 406 4018 aedem
430 3969 683 4035 accipiet.
715 3968 914 4035 (Ambu
943 3971 1082 4023 Cum
1107 3970 1258 4024 enim
1289 3969 1430 4023 nihil
1453 3969 1510 4023 in
1533 3970 1628 4024 illo
1649 3968 1831 4023 sordis

257 4049 518 4110 inventum
549 4055 722 4110 fuerit
747 4058 1016 4112 doctrinas
1045 4074 1246 4129 pravae,
1282 4063 1346 4114 ut
1389 4059 1447 4111 in
1487 4057 1633 4112 bono
1664 4074 1824 4120 auro,

1905 3164 2078 3229 diam,
2110 3169 2166 3216 et
2194 3162 2454 3227 ebrietas,
2488 3162 2535 3216 si
2574 3162 2800 3216 assidua
2827 3162 2919 3226 sit,
2953 3162 3011 3216 in
3041 3179 3238 3216 eorum
3267 3177 3502 3217 num-nn

1907 3259 2285 3323 computatur.
2317 3252 2648 3322 Quicunque
2671 3251 2823 3304 enim
2851 3251 3040 3321 aliqua
3066 3251 3136 3304 de
3165 3251 3289 3305 istis
3315 3268 3504 3322 pen-a-

1907 3343 1981 3395 tis
2012 3341 2072 3394 in
2105 3358 2164 3394 se
2191 3341 2470 3394 dominari
2491 3339 2830 3410 cognoverit,
2848 3339 2954 3393 nisi
2977 3340 3146 3410 digne
3167 3357 3225 3394 se
3247 3343 3504 3394 emenda-

1907 3431 2068 3496 verit,
2104 3430 2150 3483 si
2180 3429 2440 3483 habuerit
2459 3429 2725 3500 spatium,
2761 3429 2928 3498 longo
2949 3435 3201 3499 tempore
3234 3429 3504 3507 peniten-

1908 3519 2048 3574 tiam
2081 3519 2278 3589 egerit,
2311 3524 2367 3571 et
2397 3519 2582 3587 largas
2612 3518 2995 3588 eleemosynas
3022 3518 3352 3587 erogaverit,
3387 3524 3444 3572 et
3473 3535 3507 3571 a

1910 3609 2152 3680 peccatis
2183 3607 2536 3673 abstinuerit,
2568 3607 2663 3660 illo
2689 3606 3015 3660 transitoria
3036 3606 3184 3676 igne,
3200 3608 3269 3662 de
3289 3625 3399 3678 quo
3427 3608 3508 3662 ait

1910 3698 2234 3768 Apostolus.
2269 3697 2497 3766 purgari
2545 3712 2657 3750 non
2706 3697 2930 3766 poterit,
2968 3696 3062 3749 sed
3092 3703 3304 3750 aeterna
3347 3696 3508 3750 illum

1913 3787 2146 3841 ﬂamma
2157 3785 2278 3839 sine
2301 3786 2414 3838 ullo
2436 3785 2685 3838 remedio
2698 3785 3018 3840 trucidabit.
3037 3786 3170 3848 Quae
3183 3792 3373 3839 autem
3395 3785 3510 3839 sint

1915 3876 2136 3930 minuta
2161 3881 2405 3945 peccata,
2419 3874 2550 3927 licet
2577 3873 2836 3926 omnibus
2864 3881 2997 3927 nota
3016 3874 3146 3940 sint,
3162 3879 3352 3927 tamen
3378 3873 3511 3944 quia

1913 3965 2146 4034 longum
2177 3970 2262 4016 est
2283 3969 2347 4016 ut
2367 3962 2558 4016 omnia
2583 3962 2941 4032 replicantur,
2957 3980 3098 4032 opus
3128 3969 3230 4028 est,
3246 3968 3310 4016 ut
3337 3979 3403 4017 ex
3430 3962 3512 4017 eis

1915 4053 2000 4107 vel
2029 4053 2219 4123 aliqua
2243 4051 2635 4117 nominemus;
2671 4051 2888 4121 quoties
2917 4051 3120 4122 aliquis
3147 4052 3205 4105 in
3241 4052 3382 4119 cibo,
3413 4057 3512 4106 aut

257 4139 323 4193 ita
345 4143 446 4197 erit
469 4151 534 4199 ut
555 4151 669 4200 tres
699 4145 902 4200 fratres
944 4147 1004 4200 in
1051 4147 1270 4201 camino
1313 4146 1478 4216 ignis,
1513 4145 1830 4200 mercedem
1917 4142 1976 4195 in
2004 4141 2292 4212 potulplus
2317 4141 2520 4210 accipit
2549 4155 2716 4211 quam
2765 4157 2987 4194 necesse
3037 4147 3140 4207 est,
3173 4142 3244 4194 ad
3292 4141 3512 4195 minuta

255 4227 404 4286 iitum
439 4241 712 4290 aeternam
741 4251 870 4290 cum
911 4235 1093 4304 gloria
1121 4240 1472 4306 accepturus,
1509 4235 1644 4305 quia
1687 4234 1836 4288 sicut
1918 4235 2144 4301 peccata
2190 4229 2406 4284 noverit
2453 4229 2774 4300 pertinere;
2828 4230 3046 4300 quoties
3091 4230 3216 4300 plus
3263 4230 3514 4301 loquitur

253 4331 433 4374 aurum
461 4331 518 4376 et
545 4331 852 4392 argentum
879 4329 936 4377 et
965 4324 1197 4394 lapides,
1213 4340 1354 4395 quos
1381 4323 1528 4392 ignis
1557 4339 1668 4376 non
1696 4338 1831 4376 con-
1852 4360 1900 4418 Β
1921 4336 2091 4390 quam
2109 4325 2348 4390 oportet,
2365 4319 2489 4389 plus
2511 4325 2658 4372 tacet
2677 4335 2846 4388 quam
2869 4319 3116 4388 expedit;
3141 4318 3360 4416 quoties
3377 4333 3512 4388 pau-

251 4410 488 4479 sumpsit,
519 4413 602 4466 ita
625 4420 685 4466 et
711 4412 894 4467 bonus
921 4413 1192 4482 magister
1218 4411 1662 4482 incorruptibilis
1702 4428 1832 4482 per—
1857 4407 1897 4418 “’
1920 4425 2110 4479 perem
2130 4409 2796 4479 inopportunepetentem
2813 4412 3129 4476 exasperat;
3150 4407 3368 4476 quoties
3383 4422 3510 4459 cum

251 4498 500 4552 manebit.
514 4502 581 4556 Si
598 4505 758 4570 cujus
776 4518 908 4570 opus
919 4507 1141 4566 arserit,
1159 4503 1554 4555 detrimentum
1562 4504 1828 4569 patietur.
1919 4498 1995 4551 sit
2015 4514 2246 4568 corpore
2265 4514 2454 4562 sanus,
2477 4497 2602 4550 aliis
2619 4493 3008 4566 jejunantibus
3029 4493 3303 4562 prandere
3330 4493 3514 4547 volue-

250 4582 398 4654 Opus
417 4590 556 4657 quod
605 4591 806 4644 ardere
845 4590 1070 4656 dicitur,
1106 4590 1256 4644 mala
1291 4589 1546 4644 doctrina
1572 4595 1676 4654 est,
1711 4605 1836 4659 quae
1922 4585 2016 4649 rit,
2051 4593 2152 4639 aut
2179 4602 2376 4639 somno
2405 4585 2628 4638 deditus
2668 4580 2884 4634 tardius
2934 4581 3004 4633 ad
3052 4579 3343 4634 ecclesiam
3393 4597 3514 4636 sur-

246 4670 519 4730 interibit:
553 4687 755 4734 cuncta
780 4679 934 4733 enim
964 4680 1114 4734 mala
1140 4678 1422 4749 peribunt,
1437 4678 1583 4732 sicut
1601 4678 1711 4731 iter
1730 4677 1834 4730 im-

245 4762 474 4830 piorum,
489 4768 622 4837 quia
643 4786 756 4822 non
777 4775 912 4823 sunt
927 4767 1257 4824 substantia:
1277 4767 1372 4822 sed
1395 4767 1834 4822 asseverationes

247 4866 523 4919 perversae.
555 4857 840 4913 Damnum
863 4863 1056 4912 autem
1079 4857 1194 4928 pati
1224 4861 1326 4922 est,
1354 4873 1546 4928 pinnas
1572 4855 1788 4927 perpeti
1813 4873 1825 4907 :

245 4940 361 5008 quis
385 4944 540 4998 enim
567 4945 626 4999 in
652 4962 819 5016 pinna
845 4946 1064 5017 positus
1078 4947 1358 5017 jacturam
1381 4963 1494 5000 non
1518 4945 1692 4999 facit?
1717 4945 1832 5012 Ipse

244 5032 418 5083 tanien
440 5037 629 5089 salvus
647 5038 770 5097 erit,
790 5039 868 5090 sic
889 5041 1074 5090 tamen
1093 5039 1257 5104 quasi
1273 5051 1588 5104 pertgncm.
1607 5033 1835 5088 Salvum

242 5115 488 5174 futurum
517 5106 680 5177 illum
709 5123 864 5188 dicit,
897 5123 1033 5195 quia
1059 5140 1174 5178 non
1219 5122 1474 5178 interibit
1500 5121 1834 5186 substantia,

1916 4675 2036 4744 git;
2069 4674 2306 4744 quoties,
2364 4679 2590 4742 excepto
2641 4669 2919 4724 desiderio
2974 4670 3236 4736 ﬁliorum,
3283 4687 3514 4726 uxorem

1917 4780 2078 4817 suam
2111 4762 2462 4832 cognoverit;
2489 4759 2708 4830 quoties
2736 4758 2792 4812 in
2823 4775 3044 4814 carcere
3066 4760 3276 4832 positos
3295 4761 3514 4816 tardius

1919 4851 2256 4923 requisierit,
2271 4851 2523 4904 inﬁrmos
2554 4848 2770 4902 tardius
2794 4849 3124 4916 visitaverit;
3157 4849 3204 4903 si
3233 4849 3515 4905 discordes

1921 4943 1993 4996 ad
2021 4939 2374 4994 concordiam
2407 4953 2666 4992 revocare
2695 4939 3026 5008 neglexerit;
3052 4939 3100 4993 si
3121 4939 3246 5010 plus
3275 4946 3376 4994 aut
3395 4955 3518 5010 pro—

1921 5031 2156 5094 ximum,
2189 5034 2289 5082 aut
2317 5043 2565 5092 uxorem,
2589 5033 2691 5082 aut
2716 5029 2914 5094 ﬁlium,
2937 5035 3036 5102 aut
3050 5045 3273 5084 servum
3294 5044 3518 5099 exaspe-

1924 5118 2130 5173 raverit
2159 5133 2326 5188 quam
2373 5122 2626 5188 oportet;
2679 5116 2724 5170 si
2770 5117 3012 5188 amplius
3041 5116 3210 5170 fuerit
3235 5115 3517 5170 blanditus

241 5222 346 5276 qua
373 5217 618 5277 constat,
651 5212 798 5267 sicut
841 5219 900 5268 et
945 5213 1205 5268 doctrina
1252 5213 1402 5266 mala
1444 5211 1668 5284 peribit,
1704 5210 1841 5281 quia
1928 5225 2098 5279 quam
2137 5212 2391 5278 Oportet;
2433 5206 2480 5260 si
2520 5205 2838 5277 quicunque
2877 5205 3076 5275 majori
3109 5221 3378 5276 personas,
3420 5212 3521 5259 aut

241 5297 496 5354 accidens
530 5316 700 5358 causa
747 5309 853 5356 est.
901 5302 1032 5358 Ideo
1078 5309 1270 5357 autem
1321 5301 1478 5366 dixit,
1526 5304 1606 5355 sic
1654 5305 1842 5354 tamen
1927 5313 1994 5351 ex
2024 5297 2331 5362 voluntate,
2363 5302 2462 5350 aut
2496 5312 2560 5349 ex
2607 5294 2935 5349 necessitate
2981 5294 3200 5348 adulari
3244 5295 3515 5361 voluerit;

238 5391 398 5452 quasi
405 5404 510 5454 per
522 5392 726 5457 iam,
741 5398 807 5446 ut
825 5391 979 5446 salus
989 5391 1106 5446 hmo
1117 5407 1232 5445 non
1254 5390 1377 5444 sine
1405 5406 1570 5460 paena
1595 5389 1690 5454 sit,
1707 5387 1846 5458 quia
1928 5386 1976 5441 si
1991 5384 2331 5458 pauperibus
2347 5384 2725 5438 esurientibus
2743 5383 2982 5437 nimium
2999 5383 3264 5440 deliciosa
3275 5384 3360 5438 vel
3372 5401 3522 5438 sum-

243 5489 346 5528 ma
364 5475 534 5542 dixit,
553 5477 748 5536 Salvus
767 5479 880 5535 erit
895 5497 996 5551 per
1013 5479 1222 5552 ignem,
1239 5479 1629 5534 utmeritosuo
1643 5476 1714 5532 ab
1725 5475 1844 5547 igni
1931 5481 2134 5545 ptuosa
2163 5472 2414 5527 convivia
2441 5471 2774 5543 prteparavit
2798 5489 2810 5536 ;
2853 5471 2900 5524 si
2947 5488 3006 5526 se
3039 5476 3140 5525 aut
3170 5471 3228 5525 in
3266 5471 3517 5533 ecclesia,

241 5575 348 5620 non
376 5564 713 5624 combustus
739 5568 926 5624 salvus
967 5569 1069 5624 ﬁat
1102 5569 1458 5625 examinatus
1481 5583 1583 5638 per
1612 5567 1840 5636 ignem;
1933 5567 2036 5618 aut
2063 5568 2220 5616 extra
2247 5561 2538 5618 ecclesiam
2561 5560 2766 5618 fabulis
2792 5559 2986 5616 otiosis
3015 5561 3086 5614 de
3114 5559 3318 5632 quibus
3344 5553 3524 5616 in‘dis
