3974 6188
386 283 452 338 39

977 279 1040 332 B.
1081 273 1354 330 RABANI
1391 271 1622 326 MAURI
1659 268 1996 325 ARCHIEP.
2037 220 2360 325 MOGUi‘lT.
2403 265 2700 323 OPERUM
2739 267 2922 322 PARS
2959 267 3058 322 IlI.

3588 267 3660 325 4ο
3711 262 3719 268 .

379 409 580 481 judicii
607 407 752 462 ratio
781 404 1066 460 reddenda
1092 408 1178 457 est
1206 399 1592 472 occupaverit;
1633 399 1682 453 si
1719 395 1869 454 dum'
1895 399 2043 460 in-A
2060 397 2233 468 ligna,
2256 412 2464 468 sponsa
2479 394 2747 452 describit
2763 392 2824 448 in
2853 391 3083 447 Cantico
3109 391 3486 446 canticorum:
3529 394 3665 447 Tra-

385 505 548 556 caute
563 499 843 569 juramus,
857 502 914 550 et
929 510 1057 549 cum
1074 493 1179 546 hoc
1195 507 1296 562 per
1314 489 1562 560 aliquam
1587 489 1980 543 necessitatem

385 588 619 660 implere
648 603 760 642 non
789 583 1101 657 poterimus
1129 580 1327 651 utique
1355 578 1730 650 perjuremus,
1764 583 1822 632 et
1849 595 1978 632 cum

383 677 537 732 omni
581 675 866 739 facilitate,
899 671 986 725 vel
1029 669 1352 724 temeritate
1398 667 1804 732 maledicimus,
1836 683 1976 738 quo-

380 767 534 820 niam
562 765 830 834 scriptum
849 766 952 824 est,
985 775 1170 830 neque
1195 757 1454 812 maledici
1477 772 1710 824 regnum
1740 757 1837 810 Dei
1859 772 1978 824 pos-

381 857 630 909 sidebunt
653 855 705 916 (Ι
731 853 852 906 σον.
868 847 946 906 vi)
961 867 974 911 ;
992 853 1048 902 et
1069 847 1115 901 si
1137 852 1350 900 temere
1373 844 1584 914 aliquid
1605 844 1973 914 suspicamur,

383 942 530 1014 quod
557 947 749 996 tamen
781 939 1112 1010 plerumque
1145 951 1255 989 non
1286 934 1384 1000 ita,
1415 939 1481 986 ut
1499 933 1800 998 credimus,
1830 949 1978 987 com-

383 1017 670 1102 probatur,
701 1028 823 1082 sine
851 1025 1202 1082 dubitatione
1219 1021 1620 1093 delinquimus.
1637 1021 1766 1076 Haec
1785 1027 1975 1076 autem

383 1124 440 1173 et
463 1119 554 1174 his
582 1117 790 1172 similia
815 1116 884 1170 ad
917 1114 1138 1168 minuta
1163 1117 1390 1183 peccata
1419 1111 1702 1182 pertinere
1730 1127 1842 1164 non
1869 1110 1974 1164 du-

382 1207 538 1263 bium
559 1212 662 1272 est,
679 1205 974 1277 quae,sicut
987 1204 1108 1273 jam
1127 1199 1590 1263 dixi,enumerari
1609 1200 1698 1253 vix
1717 1204 1970 1271 possunt,

383 1305 440 1353 et
491 1315 526 1352 a
563 1295 767 1368 quibus
811 1310 924 1348 non
973 1292 1155 1346 solum
1204 1289 1442 1362 populus
1475 1289 1846 1353 Christianus,
1879 1289 1976 1342 sed

382 1387 554 1441 etiam
600 1385 788 1438 nullus
827 1386 1150 1436 sanctorum
1189 1377 1458 1433 immunis
1499 1393 1620 1431 esse
1658 1377 1843 1448 potuit
1871 1377 1975 1431 ali-

382 1475 626 1546 quando,
659 1478 760 1526 aut
812 1469 1020 1541 poterit
1051 1487 1062 1522 :
1106 1467 1308 1539 quibus
1346 1467 1586 1537 peccatis
1625 1465 1756 1520 licet
1801 1465 1975 1520 occidi

383 1564 632 1618 animam
658 1577 772 1615 non
799 1559 1112 1622 credamus,
1143 1562 1335 1611 tamen
1363 1556 1444 1610 ita
1471 1571 1595 1608 eam
1625 1555 1711 1610 vel
1748 1559 1814 1608 ut
1850 1554 1976 1625 qui-

385 1653 618 1707 busdam
647 1632 888 1721 pustulis
918 1652 976 1702 et
1003 1645 1163 1718 quasi
1193 1644 1474 1699 horrenda
1493 1643 1677 1698 scabie
1697 1644 1978 1714 replentes

2061 489 2165 548 bes,
2195 486 2475 558 inquiens,
2509 492 2705 540 nostra:
2735 497 3038 554 cypressus.
3069 483 3226 550 tigna
3247 481 3538 536 domorum
3567 498 3667 536 no-

2058 581 2311 631 strarum
2341 577 2490 630 cedri
2544 575 2723 642 (Cant.
2758 576 2818 641 ι),
2871 576 2930 626 et
2985 569 3192 625 idcirco
3232 569 3558 641 hujusmodi
3588 571 3662 624 ad

2058 665 2335 736 templum
2363 664 2466 719 Dei
2497 663 2780 735 lignorum
2812 677 3022 734 genera
3049 660 3356 730 eliguntur,
3373 675 3496 731 qua:
3526 664 3667 715 sunt

2061 758 2117 808 et
2164 753 2322 808 bonae
2369 753 2710 824 fragrantia},
2747 757 2802 806 et
2851 748 3242 822 imputribilia,
3278 765 3511 820 quaeque
3557 765 3668 804 nec

2060 842 2410 913 corruptibili
2458 842 2746 903 vetustati,
2799 857 2902 894 nec
2953 839 3074 893 esui
3121 838 3400 892 vermium
3439 839 3668 892 valeant

2059 930 2280 1002 subjici.

2128 1022 2192 1076 Si
2219 1024 2346 1089 quis
2381 1023 2652 1090 templum
2679 1021 2778 1074 Dei
2804 1020 3111 1081 violaverit,
3166 1017 3437 1085 disperdet
3485 1019 3663 1072 illum

2062 1111 2234 1164 Deus:
2266 1113 2528 1178 templum
2558 1111 2708 1163 enim
2735 1110 2834 1164 Dei
2858 1113 3112 1162 sanctum
3135 1111 3227 1170 est,
3244 1107 3388 1174 quod
3403 1108 3529 1160 estis
3547 1122 3660 1160 vos.

2059 1197 2298 1268 (Ambr.)
2332 1199 2462 1252 Haec
2491 1197 2696 1252 idcirco
2724 1196 3015 1268 praemisit,
3048 1199 3114 1250 ut
3149 1195 3275 1248 illos
3315 1200 3664 1266 compungat

2060 1287 2156 1358 qui
2185 1287 2429 1359 turpiter
2457 1287 2704 1341 viventes
2733 1302 2968 1358 corpora
2995 1301 3100 1339 sua
3114 1283 3373 1338 violando
3399 1299 3666 1355 corrupe—

2058 1381 2211 1441 runt,
2246 1377 2486 1430 maxime
2514 1375 2676 1430 illum
2706 1375 2803 1447 qui
2832 1390 3064 1430 uxorem
3094 1373 3272 1444 patris
3301 1371 3562 1439 habebat,
3596 1377 3666 1426 ut

2059 1471 2191 1519 ante
2223 1471 2370 1520 esset
2397 1481 2545 1530 reus,
2580 1481 2750 1536 quam
2779 1480 2950 1518 causa
2976 1463 3128 1517 illius
3157 1462 3216 1515 in
3255 1461 3504 1515 medium
3533 1478 3666 1533 pro-

2060 1559 2366 1626 rumperet.
2413 1553 2666 1625 Denique
2711 1553 2903 1618 simili,
2937 1552 3050 1606 imo
3089 1551 3284 1606 eodem
3327 1551 3492 1604 modo
3529 1566 3664 1604 cum

2059 1659 2288 1698 causam
2319 1642 2471 1697 illius
2493 1642 2729 1712 judicat,
2763 1641 3032 1712 loquitur,
3055 1640 3246 1694 dicens
3277 1657 3289 1691 :
3323 1640 3409 1692 An
3441 1641 3668 1693 nescitis

383 1741 692 1796 deformem
723 1738 952 1800 faciunt,
987 1741 1052 1790 ut
1081 1751 1208 1789 eam
1233 1734 1302 1788 ad
1331 1733 1621 1804 amplexus
1638 1732 1788 1786 illius
1817 1733 1977 1786 caale—
1993 1729 2040 1789 B
2057 1735 2190 1800 quia
2201 1748 2428 1802 corpora
2442 1737 2621 1786 vestra
2635 1735 2898 1799 templum
2923 1735 2999 1784 est
3019 1730 3266 1799 Spiritus
3277 1731 3473 1794 sancti,
3493 1744 3669 1798 quem

385 1831 485 1884 stis
513 1828 722 1900 sponsi,
754 1832 854 1881 aut
881 1826 988 1890 vix,
1023 1829 1123 1878 aut
1150 1840 1279 1877 cum
1307 1823 1510 1892 grandi
1537 1822 1862 1876 confusione
1889 1839 1978 1875 ve-

383 1920 506 1974 nire
533 1918 884 1990 permittant,
917 1915 986 1968 de
1015 1930 1126 1984 quo
1153 1912 1425 1982 scriptum
1455 1916 1542 1965 est
1573 1929 1584 1963 :
1616 1912 1840 1980 Aptavit
1869 1912 1978 1964 sibi

385 2009 679 2062 Ecclesiam
701 2021 812 2059 non
835 2004 1117 2057 habentem
1147 2003 1430 2054 maculam
1452 2005 1501 2053 et
1532 2015 1734 2066 rugam
1760 1999 1972 2067 (Ep/tes.

383 2096 455 2169 v).
491 2097 560 2150 Et
595 2095 720 2149 ideo
761 2091 1044 2147 continuis
1086 2087 1453 2152 orationibus,
1487 2094 1544 2141 et
1588 2086 1976 2158 frequentibus

377 2185 705 2257 jejuniis,et
727 2180 1066 2251 largioribus
1095 2177 1483 2248 eleemosynis,
1499 2183 1556 2230 et
1573 2176 1850 2247 praecipue
1879 2193 1980 2246 per

385 2271 793 2344 indulgentiam
825 2283 1022 2324 eorum
1052 2267 1148 2338 qui
1177 2266 1235 2319 in
1278 2265 1439 2319 nobis
1486 2269 1719 2335 peccant
1753 2264 1978 2318 assidue

383 2365 752 2425 redimantur,
767 2375 836 2413 ne
857 2358 998 2412 forte
1017 2356 1185 2410 simul
1207 2355 1456 2414 collecta,
1471 2353 1760 2408 cumulum
1773 2352 1982 2406 faciant

382 2458 440 2507 et
467 2452 815 2520 demergant.
832 2444 1115 2516 Quidquid
1146 2443 1299 2496 enim
1317 2442 1386 2495 de
1415 2441 1538 2495 istis
1558 2441 1802 2512 peccatis
1828 2458 1863 2495 a
1882 2458 1979 2494 no-

382 2542 466 2596 bis
497 2540 852 2608 redemptum
885 2551 1000 2588 non
1028 2533 1218 2598 fuerit,
1243 2531 1373 2601 igne
1404 2530 1760 2602 purgandum
1789 2535 1892 2594 est,
1909 2529 1977 2584 de

385 2647 494 2702 quo
512 2625 813 2698 Apostolus
834 2623 992 2688 dixit,
1007 2624 1142 2689 quia
1169 2624 1232 2674 in
1252 2623 1378 2686 igne
1398 2619 1733 2673 revelabitur
1749 2625 1797 2672 et
1820 2622 1978 2688 cujus

383 2735 516 2788 opus
551 2717 754 2770 arserit
792 2714 1188 2766 detrimentum
1225 2711 1504 2777 patietur;
1549 2711 1605 2760 et
1641 2713 1706 2760 ut
1736 2706 1978 2760 breviter

383 2811 585 2862 cuncta
610 2805 957 2874 repetantur,
990 2814 1185 2852 omnes
1234 2795 1413 2850 sancti
1448 2795 1543 2866 qui
1586 2795 1701 2849 Deo
1738 2795 1978 2849 fideliter

381 2895 650 2958 serviunt,
682 2889 906 2944 lectioni
925 2893 982 2942 et
1001 2885 1241 2940 orationi
1264 2902 1478 2949 vacare,
1496 2889 1553 2938 et
1580 2884 1638 2938 in
1669 2883 1830 2938 bonis
1851 2901 1977 2954 ope-

385 2983 540 3038 ribus
563 2993 919 3053 perseverare
941 2974 1304 3039 contendunt,
1322 2991 1423 3028 nec
1439 2973 1701 3044 capitalia
1717 2972 1973 3036 crimina,

2059 1821 2277 1876 habetis
2304 1838 2339 1874 a
2367 1821 2504 1875 Deo.
2539 1820 2811 1892 Superius
2839 1819 2941 1873 Dei
2961 1819 3237 1890 templum
3257 1817 3536 1883 dixit,hoc
3565 1833 3670 1871 au—

2057 1917 2175 1964 tem
2195 1911 2314 1964 loco
2334 1910 2611 1980 templum
2635 1909 2879 1980 Spiritus
2901 1907 3106 1962 sancti:
3123 1907 3249 1978 quis
3271 1906 3402 1960 hinc
3416 1905 3663 1964 dubitet.

2061 1999 2195 2070 quia
2224 1998 2497 2070 Spiritum
2537 2004 2794 2052 sanctum
2833 1998 3014 2052 Deum
3053 1995 3422 2066 signiﬁcavit?
3456 1995 3663 2063 (Greg.)

2059 2088 2168 2152 Qui
2197 2087 2388 2158 itaque
2415 2087 2736 2141 sacerdotes
2765 2091 2898 2141 sunt
2927 2085 3022 2156 qui
3051 2084 3327 2155 templum
3349 2083 3452 2138 Dei
3480 2089 3670 2137 custo-

2059 2177 2355 2239 diunt,nisi
2392 2176 2452 2229 hi
2487 2175 2584 2247 qui
2627 2176 2859 2241 orando,
2899 2173 3272 2246 praedicando,
3313 2171 3671 2243 spiritalibus

2061 2265 2277 2319 actibus
2305 2264 2586 2334 vigilando
2615 2270 2868 2318 sanctam
2897 2263 3204 2318 Ecclesiam
3232 2278 3267 2316 a
3284 2261 3670 2332 malignorum

2061 2353 2365 2424 spirituum
2395 2353 2857 2418 immissionibus,
2891 2369 2927 2406 a
2952 2367 3252 2422 pravorum
3280 2349 3662 2406 suasionibus.

2059 2443 2129 2496 ab
2156 2442 2548 2497 haereticorum
2570 2441 2855 2496 erroribus
2873 2441 3312 2495 defendunt?An
3339 2456 3451 2494 non
3471 2444 3668 2493 custos

2059 2531 2255 2602 templi
2285 2531 2488 2598 fuerat,
2505 2531 2600 2602 qui
2623 2530 2842 2585 labores
2865 2547 2978 2585 suae
3000 2528 3276 2600 passionis
3297 2545 3662 2589 enumerans,

2060 2621 2218 2674 dicit:
2237 2623 2304 2676 In
2335 2621 2518 2674 labore
2539 2625 2588 2674 et
2610 2623 2955 2685 aerumnan'n
2975 2621 3186 2686 vigiliis
3207 2621 3418 2682 multis,
3439 2618 3669 2685 infame

2058 2715 2108 2762 et
2125 2712 2238 2766 siti.
2255 2712 2318 2762 in
2337 2711 2578 2778 jejuniis
2595 2711 2810 2774 multis,
2823 2711 2887 2762 in
2905 2710 3116 2777 frigore
3134 2712 3180 2760 et
3203 2708 3471 2771 nuditate,
3489 2710 3668 2776 atque

2059 2797 2251 2851 statim
2302 2797 2511 2863 subdit,
2557 2803 2761 2866 praeter
2809 2800 2913 2851 illa
2956 2813 3076 2865 qua
3123 2797 3459 2850 extrinsecus
3502 2799 3664 2860 sunt,

2060 2888 2336 2940 instantia
2363 2903 2482 2939 mea
2509 2887 2854 2954 quotidiana,
2888 2886 3202 2940 sollicitudo
3221 2886 3472 2938 omnium
3503 2886 3668 2937 eccle-

2058 2977 2277 3028 siarum
2309 2977 2391 3042 (II
2415 2975 2535 3028 Cor.
2570 2977 2668 3042 χι).
2702 2975 2960 3039 Pensate,
3004 2990 3210 3044 quaeso,
3243 2978 3430 3026 custos
3460 2971 3664 3042 templi

383 3090 486 3128 nec
514 3070 734 3125 minuta
761 3070 1004 3138 peccata,
1035 3064 1090 3117 id
1121 3068 1224 3129 est,
1260 3063 1433 3131 ligna,
1465 3062 1676 3126 fenum,
1709 3061 1976 3132 stipulam
1993 3061 2036 3122 C
2059 3069 2271 3134 quanta
2296 3062 2673 3117 sollicitudine
2692 3062 3055 3132 vigilet;ecce
3074 3061 3226 3117 enim
3247 3061 3306 3116 in
3323 3061 3506 3132 seipso
3527 3060 3667 3115 ina)-

383 3177 553 3232 super
579 3158 1013 3213 fundamentum
1052 3151 1281 3216 Christi,
1316 3151 1414 3205 sed
1451 3151 1598 3205 bona
1649 3167 1836 3220 opera,
1871 3150 1975 3204 hoc

385 3259 469 3302 est
496 3264 718 3312 aurum,
749 3249 1066 3314 algentum,
1098 3240 1312 3312 lapides
1329 3240 1602 3311 pretiosos
1628 3239 1973 3310 supenediﬁ-

382 3348 591 3398 cantes,
605 3351 706 3407 per
725 3334 883 3387 illum
910 3332 1098 3401 ignem
1119 3330 1188 3383 de.
1217 3345 1326 3399 quo
1343 3328 1642 3399 Apostolus
1670 3327 1973 3396 dicit,quia

380 3430 445 3481 in
461 3429 587 3493 igne
604 3422 957 3484 revelabitur,
973 3417 1181 3488 absque
1203 3417 1317 3470 ulla
1335 3415 1601 3470 violentia
1618 3415 1964 3481 transibunt;

379 3515 462 3569 illi
490 3528 622 3567 vero
653 3509 749 3580 qui
779 3507 1032 3579 quamvis
1061 3505 1323 3577 capitalia
1349 3505 1589 3558 crimina
1617 3521 1728 3558 non
1767 3503 1974 3557 admit-

379 3607 528 3668 tunt,
558 3600 628 3655 ad
669 3596 1046 3670 perpetranda
1093 3595 1313 3648 minuta
1340 3599 1473 3648 sunt
1509 3593 1716 3658 faciles,
1748 3599 1804 3646 et
1831 3591 1974 3646 redi-

381 3691 587 3748 menda
612 3705 679 3743 ea
704 3692 838 3742 sunt
864 3685 1234 3754 negligentes,
1268 3683 1338 3737 ad
1371 3682 1541 3736 vitam
1570 3687 1858 3747 aeternam,
1873 3698 1974 3752 pro

379 3799 445 3836 eo
475 3779 625 3851 quod
642 3775 864 3832 Christo
883 3773 1244 3828 crediderunt
1263 3778 1320 3826 et
1333 3771 1595 3842 capitalia
1617 3775 1843 3842 peccata
1861 3787 1974 3824 non

379 3870 746 3936 admiserunt,
781 3863 1003 3917 venturi
1034 3866 1184 3926 sunt,
1217 3861 1315 3915 sed
1345 3860 1502 3932 prius
1529 3865 1630 3914 aut
1655 3859 1713 3913 in
1745 3859 1849 3913 hoc
1876 3877 1974 3914 sae-

378 3959 504 4014 culo
533 3973 634 4028 per
661 3954 766 4008 Dei
777 3951 1179 4024 justitiam,vel
1209 3948 1832 4014 misericordiam,sicut
1853 3949 1972 4018 jam

377 4048 589 4101 dictum
619 4047 724 4108 est,
755 4039 1126 4095 amarissimis
1164 4037 1620 4092 tribulationibus
1647 4043 1782 4091 sunt
1818 4052 1973 4091 exco-

380 4132 608 4208 quendi,
633 4135 732 4184 aut
759 4128 840 4182 illi
869 4127 976 4198 ipsi
1005 4143 1106 4196 per
1121 4127 1327 4180 multas
1345 4126 1729 4197 eleemosynas
1747 4131 1806 4179 et
1835 4141 1973 4195 pra:-

377 4224 541 4294 cipue
569 4220 704 4274 dum
734 4215 976 4270 inimicis
1003 4214 1121 4268 suis
1165 4215 1472 4268 clementer
1517 4213 1830 4283 indulgent,
1871 4229 1974 4284 per

375 4311 478 4368 Dei
505 4304 948 4364 misericordiam
975 4303 1386 4370 liberandi,aut
1411 4308 1563 4356 certe
1594 4302 1690 4355 illo
1720 4302 1869 4373 igne,
1900 4303 1970 4357 de

2056 3151 2361 3206 stimabilia
2385 3151 2620 3222 patitur,
2651 3157 2707 3206 et
2737 3152 2921 3206 cordis
2949 3151 3036 3206 sui
3068 3151 3502 3206 sollicitudinem
3529 3150 3665 3204 aliis

2056 3241 2397 3311 impertitur.
2431 3242 2606 3311 Cujus
2635 3258 2770 3310 rogo
2800 3240 3022 3294 virtutis
3043 3245 3146 3306 est,
3161 3240 3284 3310 plus
3313 3239 3382 3293 de
3408 3238 3662 3293 utilitate

2056 3329 2644 3400 proximorum,quam
2675 3331 2743 3383 de
2771 3346 2875 3384 sua
2896 3329 3200 3383 afﬂictione
3228 3328 3493 3398 cogitare,
3528 3327 3662 3398 quis

2054 3418 2158 3472 hoc
2167 3419 2334 3488 digne
2344 3419 2587 3473 aestimat
2598 3419 2622 3472 ?
2634 3419 2760 3489 quis
2773 3419 2941 3488 digne
2954 3423 3154 3489 pensat
3165 3418 3188 3470 ?
3199 3417 3458 3482 Laborat,
3475 3417 3656 3487 luget.

2057 3507 2395 3574 esurit,sitit,
2411 3497 2821 3578 algét,jejunat,
2835 3507 3050 3578 vigilat,
3066 3513 3124 3560 et
3147 3512 3340 3561 tamen
3366 3505 3659 3576 vigilandp

2055 3596 2125 3650 de
2156 3595 2514 3650 ecclesiarum
2553 3595 2807 3650 omnium
2847 3595 3223 3650 sollicitudine
3252 3595 3480 3666 cogitat.
3515 3595 3658 3649 Ecce

2055 3689 2141 3738 est
2150 3684 2550 3738 solertissimus
2558 3689 2746 3738 custos
2757 3684 2954 3754 templi
2967 3684 3025 3738 in
3037 3684 3292 3755 exemplo
3307 3682 3652 3754 propositus.

2057 3771 2312 3826 imitetur
2333 3773 2429 3844 qui
2448 3773 2614 3826 valet.
2629 3773 2877 3827 Adversa
2901 3773 3111 3827 etenim
3134 3789 3235 3843 pro
3254 3771 3488 3826 veritate
3511 3771 3654 3842 pati.

2055 3860 2200 3915 bono
2232 3861 2500 3932 proximis
2519 3861 2863 3932 impendere,
2877 3861 3028 3916 circa
3045 3863 3362 3916 animarum
3385 3859 3659 3914 sollicitu-

2055 3950 2246 4004 dinem
2273 3950 2524 4020 vigilare,
2555 3966 2626 4004 ne
2657 3950 2783 4021 quis
2832 3951 2890 4004 in
2936 3950 3251 4022 perﬁdiam,
3283 3966 3353 4004 ne
3407 3949 3534 4020 quis
3593 3949 3656 4003 in

2055 4039 2396 4110 superbiam,
2429 4056 2500 4094 ne
2531 4039 2658 4110 quis
2693 4039 2752 4092 in
2793 4039 3048 4110 rapinam
3085 4040 3171 4093 vel
3227 4037 3654 4093 immunditiam

2053 4127 2356 4194 laberetur,
2413 4127 2725 4198 exquirere,
2776 4133 2944 4198 atque
2991 4127 3328 4200 conspicere,
3382 4127 3485 4180 hoc
3539 4131 3649 4184 est.

2051 4217 2326 4288 templum
2353 4215 2474 4281 Dei,
2507 4216 2565 4270 id
2594 4221 2698 4282 est,
2730 4221 2980 4271 sanctam
3013 4216 3312 4271 Ecclesiam
3341 4215 3647 4270 custodire.

2124 4306 2290 4360 Nemo
2315 4322 2368 4359 se
2391 4307 2630 4360 seducat.
2649 4305 2887 4375 (Ambr.)
2910 4305 2972 4360 Id
2995 4311 3081 4360 ‘est
3109 4322 3276 4360 nemo
3303 4304 3530 4376 proprio
3559 4305 3651 4359 vel

376 4417 486 4471 quo
505 4396 647 4452 dixit
672 4393 989 4465 Apostolus,
1011 4392 1178 4462 longo
1205 4397 1457 4464 tempore
1485 4390 1789 4456 cruciandi,
1805 4397 1871 4445 ut
1898 4391 1968 4444 ad
1987 4379 2035 4438 D
2053 4394 2300 4448 humano
2329 4393 2560 4448 consilio
2587 4399 2750 4465 putet
2775 4411 2835 4448 se
2861 4393 2967 4448 sibi
2988 4394 3372 4465 prodesse.Ad
3396 4393 3653 4464 superio-

374 4491 549 4544 vitam
577 4491 846 4540 aeternam
875 4480 996 4535 sine
1019 4481 1238 4534 macula
1255 4485 1314 4534 et
1332 4497 1474 4550 ruga
1501 4479 1849 4551 perveniant.
1882 4479 1970 4534 Illi

371 4595 503 4634 vero
531 4575 627 4647 qui
657 4579 758 4628 aut
783 4570 1283 4633 homicidium,aut
1297 4569 1788 4639 sacrilegium,aut
1815 4568 1970 4622 adul-

368 4667 600 4730 terium,
633 4668 733 4716 aut
760 4659 1184 4714 fornicationem
1224 4659 1309 4712 vel
1362 4658 1582 4730 reliqua
1627 4657 1714 4711 his
1760 4657 1969 4712 similia

371 4753 794 4812 commiserunt,
807 4748 953 4800 sicut
976 4748 1097 4816 jam
1125 4747 1339 4802 dictum
1367 4753 1470 4815 est,
1484 4747 1532 4801 si
1553 4747 1635 4801 eis
1660 4747 1831 4817 digna
1845 4747 1966 4816 jam

374 4839 706 4917 paenitentia
730 4852 843 4890 non
881 4835 1219 4902 subvenerit,
1251 4853 1364 4890 non
1419 4853 1520 4908 per
1575 4835 1966 4907 purgatorium

374 4935 562 5004 ignem
605 4933 847 4981 tranSIre
883 4923 1250 4978 merebuntur
1285 4925 1356 4978 ad
1391 4925 1584 4992 vitam,
1622 4925 1721 4979 sed
1757 4928 1966 4978 artemo

373 5017 631 5078 incendio
659 5012 1157 5088 praecipitabuntur
1184 5013 1254 5068 ad
1282 5019 1542 5068 mortem.

443 5108 670 5166 Nescitis
697 5105 833 5173 quia
864 5105 1127 5170 templum
1149 5103 1248 5158 Dei
1264 5107 1390 5156 estis
1415 5107 1464 5155 et
1483 5102 1732 5170 Spiritus
1751 5103 1851 5155 Dei
1871 5103 1967 5155 ha-

372 5202 508 5254 bitat
541 5200 605 5250 in
633 5194 778 5248 vobis
807 5196 830 5245 Ρ
860 5189 1098 5259 (Ambr.)
1127 5189 1426 5262 Templum
1454 5189 1556 5244 Dei
1585 5206 1689 5244 nos
1715 5189 1871 5255 dicit,
1902 5195 1968 5244 ut

373 5288 554 5342 Deum
579 5283 640 5337 in
667 5279 828 5335 nobis
857 5278 1110 5334 habitare
1137 5277 1381 5334 sciamus
1414 5296 1426 5331 :
1471 5278 1530 5334 in
1561 5278 1781 5350 templo,
1809 5277 1963 5333 enim

371 5391 476 5430 suo
502 5370 722 5427 habitet
746 5384 972 5424 necesse
997 5373 1102 5422 est.
1135 5368 1205 5422 Et
1233 5367 1368 5439 quia
1395 5367 1672 5438 Spiritum
1697 5367 1800 5422 Dei
1828 5367 1965 5422 dicit

371 5462 627 5519 habitare
663 5458 723 5512 in
776 5456 954 5522 nobis,
987 5455 1167 5511 Deum
1213 5455 1493 5526 significat
1536 5455 1966 5528 intelligendum

373 5551 646 5624 Spiritum
673 5551 949 5602 sanctum.
975 5545 1175 5613 (Greg)
1207 5544 1381 5614 Cujus
1401 5543 1599 5616 templi
1629 5545 1820 5615 qualia
1833 5549 1964 5600 sunt

2052 4498 2172 4536 rem
2201 4499 2427 4536 sensum
2459 4482 2707 4538 reditzSi
2737 4485 2862 4551 quis
2891 4484 3111 4536 videtur
3133 4487 3350 4552 sapiens
3367 4498 3473 4536 esse
3494 4484 3650 4535 inter

2050 4587 2140 4624 vos
2159 4574 2222 4626 in
2243 4572 2340 4626 hoc
2358 4573 2780 4636 saeuto,stuttus
2799 4573 2898 4638 ﬁat
2919 4576 2982 4624 ut
2999 4575 3071 4624 sit
3094 4570 3456 4640 sapiens.Hoc
3481 4569 3640 4634 dicit,

2051 4658 2185 4729 quia
2213 4659 2261 4712 si
2289 4659 2414 4729 quis
2443 4657 2709 4728 intelligit
2734 4657 2974 4713 salutem
3003 4658 3338 4730 promissam
3359 4663 3416 4712 et
3435 4662 3645 4728 myste-

2048 4747 2196 4802 rium
2215 4746 2620 4802 Incarnationis
2629 4746 2854 4800 Domini
2868 4747 3046 4802 nostri
3058 4749 3086 4802 J
3089 4764 3190 4802 esu
3201 4746 3647 4814 Christi,stultus

2049 4837 2165 4902 ﬁat,
2180 4835 2237 4889 id
2258 4841 2343 4890 est
2370 4835 2706 4907 sapientiam
2736 4837 2932 4891 mundi
2957 4835 3156 4907 fugiat,
3171 4842 3238 4891 ut
3262 4837 3468 4891 stultus
3489 4833 3560 4888 ab
3575 4850 3650 4889 ea

2043 4924 2344 4995 judicetur,
2377 4931 2436 4979 et
2460 4929 2595 4978 tunc
2624 4925 2732 4979 erit
2759 4924 3024 4996 prudens,
3039 4925 3174 4996 quia
3203 4925 3408 4980 stultus
3438 4923 3648 4978 saeculo

2051 5013 2298 5084 prudens
2315 5019 2402 5068 est
2419 5014 2555 5080 Deo,
2570 5015 2705 5069 dum
2723 5014 2904 5068 credit
2921 5014 3100 5069 Deum
3129 5014 3323 5069 fecisse
3354 5029 3476 5084 qua:
3495 5012 3649 5066 ratio

2049 5102 2247 5157 mundi
2277 5119 2388 5157 non
2409 5103 2729 5174 capit,sicut
2749 5119 2920 5174 supra
2937 5103 3264 5158 memoravi.
3277 5102 3648 5172 Pseudoapo-

2047 5191 2176 5246 stoli
2195 5196 2388 5246 autem
2407 5192 2712 5263 prudentes
2723 5191 2968 5246 volentes
2987 5191 3112 5246 ﬁeri
3135 5191 3193 5246 in
3213 5191 3442 5256 mundo,
3457 5206 3645 5262 neque

2047 5280 2149 5334 Dei
2168 5280 2349 5335 filium
2369 5279 2596 5347 habere,
2618 5296 2800 5351 neque
2819 5279 3265 5335 incarnationem
3285 5296 3476 5334 veram
3493 5295 3640 5334 esse.

2046 5385 2228 5441 neque
2255 5386 2486 5426 carnem
2515 5385 2678 5442 posse
2703 5385 2998 5440 resurgere
3028 5368 3423 5440 praedicabant.
3442 5368 3642 5436 (Cass.)

2048 5457 2336 5513 Moraliter
2354 5463 2544 5514 autem
2563 5463 2646 5522 tu,
2661 5473 2694 5511 ο
2709 5457 2900 5524 homo,
2913 5463 2980 5513 ut
2996 5458 3236 5513 stultum
3251 5463 3309 5513 te
3327 5456 3642 5512 secundum

2045 5545 2296 5617 Apostoli
2325 5552 2662 5619 prmeeptum
2689 5545 2879 5609 facias,
2892 5547 2951 5602 in
2977 5547 3084 5602 hoc
3110 5546 3321 5602 mundo
3347 5550 3415 5601 ut
3440 5545 3517 5599 sis
3546 5560 3643 5598 sa-
