3900 6196
256 392 295 445 tl
626 379 1188 436 ENARRATIONUM
1228 379 1305 433 IN
1342 380 1495 433 EPP.
1537 380 1751 434 PAULI
1809 381 1943 434 LIB.
1988 382 2081 434 IX.
2127 411 2190 419 —
2233 382 2308 434 ΙΝ
2350 382 2568 435 EPIST.
2614 384 2633 436 Ι
2674 385 2768 437 ΑΒ
2810 386 2969 439 CUR.

2228 458 2235 471 |

3368 389 3434 444 42

253 516 382 586 piens,
410 510 527 566 nihil
561 508 755 562 scilicet
784 506 1127 570 discernens,
1160 504 1297 557 nihil
1339 505 1652 574 dijudicans
1683 507 1812 565 exA
1836 512 1921 557 est
1958 504 2237 575 sapientia
2273 506 2445 575 hujus
2487 506 2680 559 mundi
2718 508 2864 577 apud
2898 509 3095 574 Deum,
3129 510 3264 564 dum
3305 512 3436 567 facit

254 604 328 659 his,
351 618 447 670 quae
462 599 549 651 tibi
568 598 778 651 fuerant
797 595 1093 666 imperata,
1115 594 1209 646 sed
1232 594 1383 646 omni
1400 593 1756 664 simplicitate
1840 594 2005 651 Deus,
2042 594 2188 663 quod
2234 595 2479 648 mundus
2518 594 2639 647 fieri
2681 612 2839 665 posse
2879 604 3064 664 negat,
3099 600 3435 669 sapientiam

253 709 297 743 ac
318 689 403 743 ﬁde
425 687 761 740 obedientiam
794 701 1020 753 semper
1048 682 1329 743 exhibeas,
1355 682 1491 736 illud
1511 688 1758 736 tantum-
1839 681 1990 734 illitis
2021 683 2323 736 stultitiam
2350 682 2567 753 probat,
2603 690 2660 736 et
2688 701 2814 736 cum
2837 685 3043 739 multos
3072 687 3205 741 deos
3225 689 3432 753 dicant,

250 779 371 832 modo
396 784 631 833 sanctum,
663 774 797 827 illud
837 773 997 833 utile,
1029 771 1167 824 illud
1208 771 1433 841 sapiens
1466 788 1587 825 esse
1610 771 1757 840 judi-
1840 771 1975 823 ﬁdes
1998 777 2189 823 autem
2218 788 2393 824 unum
2418 771 2631 841 probet,
2650 778 2790 825 teste
2809 772 3033 838 virtute,
3058 775 3115 828 in
3138 779 3438 845 prudentia

249 884 360 923 cans,
387 863 615 934 quidquid
643 862 736 915 tibi
771 861 857 914 vel
891 861 977 913 lex
1011 860 1126 921 Dei,
1151 860 1235 912 vel
1265 860 1501 913 senioris
1522 877 1755 913 examen
1838 876 1939 912 sua
1966 860 2396 913 confundentur.
2418 862 2696 927 Scriptum
2728 866 2802 913 est
2824 865 2971 915 enim
2992 882 3007 915 :
3032 864 3439 932 chrchendam

250 953 447 1007 indixerit
486 971 495 1003 :
535 951 624 1005 tali
668 950 879 1003 etenim
926 948 1275 1002 institutione
1323 948 1609 1011 fundatus,
1653 948 1756 1002 sub
1837 954 2104 1016 sapientes
2123 951 2404 1002 inastutia
2427 952 2767 1016 ipsorum;et
2786 952 2985 1002 iterum
3006 953 3273 1006 Dominus
3290 959 3437 1008 norit

254 1043 329 1094 hac
341 1041 576 1111 disciplina
592 1038 794 1109 poteris
810 1039 1013 1093 durare
1036 1044 1325 1107 perpetuo.
1344 1038 1545 1103 tGreg.)
1572 1036 1757 1091 Scien-
1840 1040 2190 1103 cogitationes
2212 1041 2545 1105 .mpieutium
2560 1082 2569 1101 ,
2586 1040 2849 1104 quomodo
2874 1054 3024 1091 rans:
3040 1046 3190 1094 sunt.
3207 1043 3359 1095 Istud
3384 1044 3441 1096 in

252 1131 349 1183 dum
378 1128 507 1182 nobis
538 1136 615 1181 est
650 1127 799 1198 quod
841 1126 935 1179 alii
974 1126 1125 1179 intra
1163 1131 1415 1178 sanctam
1456 1124 1757 1179 Ecclesium
1841 1126 2054 1194 psalmo
2105 1124 2343 1178 habetur
2390 1142 2532 1179 xum.
2580 1125 2831 1195 Denique
2886 1126 3032 1179 idem
3083 1146 3283 1183 sensus
3332 1140 3436 1187 est.

251 1226 453 1271 vocantur
482 1215 640 1270 stulti.
682 1216 779 1269 sed
819 1222 1011 1268 tamen
1050 1213 1296 1279 nobiles;
1329 1214 1423 1266 alii
1462 1231 1590 1266 vero
1629 1220 1761 1268 sunt
1842 1213 2024 1266 sciens
2076 1213 2227 1266 enim
2279 1231 2448 1267 vanas
2488 1214 2856 1281 cogitationes
2896 1215 3117 1269 illorum
3151 1224 3216 1270 ut
3245 1220 3447 1273 stultos

251 1306 368 1359 stulti
389 1311 434 1358 et
452 1304 716 1375 ignobiles.
745 1303 916 1357 Stulti
946 1319 1191 1373 namque
1212 1302 1495 1367 dicuntur,
1521 1303 1617 1356 sed
1639 1319 1760 1357 esse
1848 1302 1970 1354 illos
2019 1301 2280 1372 probaret
2304 1343 2315 1365 ,
2376 1302 2709 1373 sapientiam
2768 1303 2991 1357 illorum
3050 1307 3411 1376 reprehendit
3435 1349 3447 1365 .

250 1393 458 1463 ignobiles
485 1398 773 1464 nequeunt,
810 1392 907 1461 qui
930 1391 1111 1444 carnis
1140 1391 1499 1461 prudentiam
1523 1398 1767 1445 contem-
1849 1390 2148 1443 ostendens
2191 1407 2383 1444 verum
2443 1408 2563 1444 esse
2614 1392 2763 1461 quod
2820 1392 3021 1445 falsum
3069 1394 3346 1461 dicebant,
3394 1405 3449 1449 et

253 1488 411 1545 nentes,
439 1482 766 1551 profuturam
808 1480 915 1533 sibi
946 1479 1246 1533 stultitiam
1287 1484 1581 1550 appetunt,
1614 1485 1670 1533 et
1698 1480 1768 1534 ad
1850 1478 2051 1531 falsum
2100 1480 2247 1549 quod
2306 1496 2498 1533 verum
2554 1480 2845 1550 putabant.
2908 1482 3092 1551 (.vlug.)
3148 1485 3451 1550 Dominus,

257 1571 521 1624 nobilitatem
558 1571 791 1623 internae
832 1568 1004 1639 prolis
1034 1567 1258 1621 virtutis
1301 1569 1548 1621 novitate
1591 1568 1772 1622 suble-
1854 1566 2053 1637 inquit,
2093 1571 2191 1621 scit
2238 1572 2587 1635 cogitationes
2633 1570 2949 1634 hominum,
2990 1575 3259 1638 quoniam
3297 1590 3451 1627 rana:

258 1666 418 1712 vantur.
431 1660 510 1729 qui
533 1660 761 1712 stultam
786 1657 1121 1727 sapientiam
1144 1657 1340 1709 mundi
1365 1656 1696 1725 despiciunt,
1717 1663 1773 1710 et
1853 1662 1983 1709 sunt
2006 1676 2022 1709 :
2054 1657 2149 1709 sed
2179 1664 2241 1709 tu
2262 1656 2443 1709 nescis
2471 1657 2836 1725 cogitationes
2857 1659 2975 1717 Dei,
3002 1660 3267 1731 quoniam
3278 1662 3446 1732 justas

254 1747 489 1816 sapientem
502 1748 589 1800 Dei
611 1746 914 1801 stultitiam
935 1745 1368 1815 concupiscunt;
1395 1746 1664 1815 scriptum
1688 1752 1775 1798 est
1855 1752 2013 1809 sunt;
2040 1745 2133 1797 ille
2149 1745 2254 1798 scit
2280 1745 2642 1814 cogitationes
2666 1747 2979 1808 hominum,
3008 1749 3273 1818 quoniam
3296 1768 3449 1805 vanze

256 1834 562 1904 quippe,0uod
577 1839 817 1889 stultum
834 1841 908 1887 est
926 1837 1021 1889 Dei
1035 1836 1343 1902 sapientius
1362 1840 1437 1886 est
1451 1835 1769 1887 hominibus
1790 1826 1834 1884 Β
1857 1838 2007 1897 sunt,
2041 1838 2098 1886 et
2127 1833 2380 1887 homines
2410 1834 2655 1887 scierunt
2684 1836 3049 1904 cogitationes
3071 1838 3189 1904 Dei,
3216 1839 3313 1891 sed
3336 1840 3455 1910 qui-

255 1925 457 1991 (160121):
479 1924 607 1977 hanc
630 1942 730 1977 nos
752 1923 1055 1976 stultitiam
1075 1923 1280 1976 Paulus
1299 1922 1771 1992 comprehendere

256 2011 467 2065 admonet.
496 2013 678 2066 dicens
711 2031 722 2064 :
758 2012 824 2066 Si
849 2015 976 2080 quis
1008 2012 1227 2065 ridetur
1272 2015 1419 2065 inter
1447 2028 1532 2064 vos
1558 2015 1773 2079 sapiens

256 2103 401 2151 essein
433 2102 508 2154 hoc
523 2106 734 2167 seculo,
775 2104 979 2153 stultus
1000 2102 1116 2166 ﬁat,
1152 2105 1212 2153 ut
1249 2103 1323 2153 sit
1344 2104 1594 2168 sapiens:
1633 2101 1776 2152 hanc

252 2187 483 2241 stultitiam
508 2191 599 2259 qui
622 2190 865 2260 perfecte
895 2187 1135 2242 assecuti
1169 2195 1302 2241 sunt
1328 2205 1456 2241 voce
1485 2188 1773 2258 sapientiae

248 2276 397 2330 audire
419 2283 722 2333 meruerunt
746 2297 757 2330 :
799 2280 887 2331 Vos
902 2282 1001 2345 qui
1020 2282 1186 2330 secuti
1209 2280 1334 2329 estis
1352 2294 1451 2339 me,
1478 2280 1540 2330 in
1564 2293 1774 2344 regene-

249 2368 426 2429 ratione,
446 2384 556 2420 cum
588 2369 787 2420 sederit
808 2369 960 2432 ﬁlius
982 2366 1223 2418 hominis
1250 2368 1312 2417 in
1331 2366 1448 2418 sede
1470 2368 1772 2433 majestatis

245 2468 337 2513 πολι,
352 2456 565 2507 sedebitis
581 2461 629 2508 et
662 2472 746 2507 ros
767 2471 932 2523 super
953 2455 1235 2507 duodecim
1259 2455 1499 2519 thronos,
1510 2455 1773 2521 judican-

243 2546 296 2591 les
316 2543 563 2596 duodecim
594 2545 766 2596 tribus
800 2545 977 2597 Israel
1014 2543 1223 2605 (Matth.
1260 2546 1395 2609 XIX).
1435 2542 1569 2594 Ecce
1606 2542 1772 2594 relin-

236 2636 431 2695 quentes
457 2631 769 2701 temporalia
789 2630 1027 2699 gloriam
1060 2630 1354 2699 potestatis
1381 2635 1601 2683 zeternze
1631 2646 1775 2682 mer-

236 2717 320 2769 uui
344 2726 490 2771 sunt:
524 2720 652 2789 quid
678 2720 869 2789 itaque
898 2719 957 2772 in
988 2720 1091 2772 hoc
1120 2719 1331 2772 mundo
1359 2718 1585 2772 stultius
1605 2736 1774 2788 quam

235 2820 313 2858 sua
335 2806 584 2873 deserere,
616 2815 673 2861 et
700 2808 837 2878 quid
868 2808 927 2860 in
970 2807 1281 2861 aeternitate
1310 2806 1570 2871 nobilius,
1606 2824 1775 2877 quam

233 2909 329 2946 cum
348 2896 446 2949 Deo
462 2897 674 2965 judices
702 2896 927 2950 venire?
948 2897 1148 2950 horum
1168 2895 1379 2949 scilicet
1398 2895 1660 2949 nobilitas
1682 2897 1777 2949 Sa-

232 2980 406 3036 lomone
442 2991 740 3039 attestante
781 2992 1147 3051 memoratur,
1182 3001 1309 3038 cum
1349 2985 1451 3037 hoc
1483 2985 1630 3055 quod
1655 2985 1775 3055 jam

234 3071 445 3137 praefatus
483 3091 608 3128 sum
656 3074 863 3127 dicitur
896 3092 907 3125 :
942 3074 1153 3127 Nobilis
1199 3076 1261 3125 in
1298 3076 1473 3140 portis
1517 3075 1606 3125 rir
1635 3076 1769 3141 ejus,

1854 1921 1957 1975 bus
1973 1923 2092 1991 jam
2113 1922 2327 1975 amicus
2349 1922 2525 1975 factus
2546 1929 2648 1977 est.
2668 1930 2723 1976 et
2738 1924 2925 1993 prodit
2946 1926 3240 1979 consilium
3263 1944 3448 1981 suum.

1856 2009 2192 2079 Relinquite,
2216 2010 2433 2071 fratres,
2455 2011 2820 2080 cogitationes
2848 2012 3162 2079 hominum,
3187 2018 3452 2085 quoniam

1860 2114 2009 2151 vana:
2038 2106 2187 2163 sunt,
2213 2104 2277 2152 ut
2297 2098 2781 2170 comprehendatis
2801 2101 3167 2169 cogitationes
3188 2104 3307 2170 Dei,
3332 2122 3455 2175 quae

1856 2187 2136 2256 sapientes
2182 2194 2330 2241 sunt.
2368 2191 2555 2255 Itaque
2598 2205 2752 2241 nemo
2779 2193 3055 2257 glorietur
3104 2194 3166 2244 in
3213 2193 3452 2245 homine.

1857 2275 2094 2343 (Ambr.)
2128 2276 2404 2338 Quoniam
2424 2276 2575 2329 enim
2592 2277 2854 2330 humanae
2875 2278 3242 2345 cogitationes
3261 2285 3317 2333 et
3332 2298 3458 2334 con-

1855 2363 1980 2416 silia
2010 2364 2320 2433 improvida
2352 2369 2409 2416 et
2437 2364 2663 2417 inﬁrma
2689 2370 2839 2430 sunt,
2860 2382 2971 2418 non
2993 2372 3081 2419 est
3100 2367 3454 2435 gloriandum

1856 2451 1911 2503 in
1942 2451 2189 2515 homine,
2233 2453 2329 2505 sed
2367 2469 2423 2504 1n
2462 2453 2596 2517 Deo,
2642 2453 2801 2522 cujus
2839 2454 3135 2508 consilium
3166 2458 3455 2510 retractari

1856 2556 1965 2592 non
1983 2546 2182 2610 potest.
2201 2540 2479 2610 Quidquid
2506 2540 2656 2594 enim
2679 2541 2933 2596 homines
2954 2543 3073 2597 sine
3091 2545 3205 2597 Deo
3227 2545 3455 2615 sapiunt

1856 2629 2091 2681 stultum
2120 2636 2223 2681 est.
2266 2670 2283 2676 -

1930 2716 2129 2770 Omnia
2158 2719 2307 2770 cnim
2336 2723 2514 2771 vestra
2541 2724 2692 2783 sunt,
2727 2722 2835 2772 sive
2858 2722 3085 2786 Paulus,
3112 2725 3221 2775 sive
3242 2723 3452 2791 Apollo,

1856 2808 1966 2858 sive
1994 2806 2195 2873 Cephas
2231 2805 2349 2875 (qui
2385 2811 2472 2859 est
2502 2807 2723 2874 Petrus)
2753 2811 2862 2860 sive
2900 2811 3291 2874 mundus,sirc
3320 2815 3458 2877 vita,

1859 2898 1969 2947 sive
1988 2910 2151 2957 mors,
2170 2898 2279 2947 sire
2293 2898 2610 2963 prasentia,
2632 2898 2743 2948 sire-
2756 2899 2957 2963 futura
2983 2916 2998 2950 :
3022 2901 3211 2952 omnia
3242 2906 3421 2954 vestra
3446 2921 3460 2954 :

1857 2999 1945 3036 ros
1976 2988 2163 3036 autem
2191 2984 2399 3038 Christi
2439 2984 2687 3037 Christus
2709 2990 2897 3038 autem
2916 2987 3032 3040 Dei.
3062 2987 3185 3040 Alio
3222 2988 3340 3042 loco
3369 2989 3456 3041 di-

1858 3072 1934 3124 cit
1959 3072 2027 3125 de
2057 3072 2253 3125 eodem
2285 3088 2452 3125 sensu
2488 3089 2498 3123 :
2534 3073 2639 3126 Nos
2667 3078 2853 3126 autem
2880 3077 3027 3126 servi
3046 3078 3214 3129 vestri
3232 3082 3457 3145 propter

224 3163 400 3223 quando
424 3165 616 3217 sederit
652 3180 779 3216 cum
809 3163 1153 3215 senatoribus
1186 3167 1344 3215 terra:
1373 3163 1548 3225 (Prov.
1594 3170 1770 3229 xxxx).
1794 3142 1837 3201 Ο
1859 3163 2042 3214 Jesum.
2079 3162 2161 3227 (Il
2200 3160 2320 3213 θον.
2354 3164 2449 3229 Iv),
2484 3178 2670 3214 servos
2716 3178 2817 3231 pro
2866 3161 3139 3217 ministris
3180 3164 3370 3235 posuit
3394 3172 3459 3221 ut

229 3246 366 3301 Valde
390 3252 584 3322 quippe
613 3251 830 3305 nobiles
861 3250 1192 3313 considerat,
1221 3266 1359 3320 quos
1381 3255 1667 3303 senatores
1689 3267 1779 3302 vo-

222 3343 307 3388 cat.
337 3339 471 3393 Hanc
497 3341 561 3394 in
590 3358 649 3394 se
681 3339 1032 3393 nobilitatem
1064 3339 1273 3392 Paulus
1303 3345 1613 3408 aspexerat,
1650 3356 1776 3392 cum

216 3427 487 3491 cognationi
518 3428 828 3482 conditoris
860 3444 960 3498 per
987 3427 1248 3497 spiritum
1273 3428 1501 3496 junctus
1523 3427 1770 3481 dicebat:

218 3532 234 3554 α
256 3516 600 3587 (ienusigitur
613 3535 742 3571 cum
760 3516 937 3570 simus
958 3516 1198 3581 Dei,non
1215 3515 1481 3570 debemus
1499 3516 1777 3569 aestimare

211 3618 324 3655 auro
348 3612 439 3658 aut
464 3612 723 3676 argento,
750 3605 1033 3675 autlapidi
1055 3605 1353 3675 sculpturae
1382 3605 1520 3659 artis
1551 3610 1607 3659 et
1633 3604 1785 3673 cogi~

210 3690 375 3744 tationi
403 3694 648 3747 hominis
678 3693 931 3746 divinum
969 3709 1090 3747 esse
1127 3692 1330 3745 simile.
1367 3693 1556 3746 Genus
1590 3692 1778 3746 videli-

208 3786 275 3831 cet
298 3780 389 3834 Dei
417 3782 678 3843 dicimur,
713 3798 827 3835 non
856 3783 978 3851 ejus
1005 3788 1208 3835 natura
1236 3781 1390 3847 editi,
1424 3782 1519 3835 sed
1550 3798 1650 3852 per
1670 3781 1780 3852 spi-

205 3866 346 3922 ritum
366 3870 518 3924 illius
539 3876 596 3924 et
614 3871 903 3924 voluntate
924 3870 1132 3923 conditi
1154 3877 1211 3923 et
1229 3870 1486 3940 adoptive
1518 3871 1774 3936 recreati,

200 3964 334 4010 tanto
362 3976 498 4029 ergo
536 3960 605 4013 ad
650 3960 795 4013 hanc
840 3958 1191 4012 nobilitatem
1238 3958 1474 4029 quisque
1517 3959 1770 4028 erigitur,

199 4053 379 4113 quanto
421 4064 529 4119 per
566 4054 851 4119 acceptam
900 4048 1203 4118 imaginem
1245 4047 1315 4100 ad
1346 4047 1775 4101 similitudinem

197 4132 325 4187 illius
355 4154 416 4189 ex
452 4136 770 4189 imitatione
801 4144 1119 4190 renovatur.
1145 4136 1218 4189 At
1239 4142 1436 4190 contra
1463 4142 1596 4190 sunt
1617 4137 1775 4189 stulti

194 4230 239 4274 et
266 4224 553 4292 ignobiles,
586 4224 681 4295 qui
712 4226 848 4279 dum
879 4241 1182 4296 supernam
1211 4224 1549 4295 sapientiam
1580 4232 1780 4278 semet-

193 4310 324 4378 ipsos
350 4319 652 4384 sequentes
672 4314 910 4383 fugiunt,
942 4314 1001 4367 in
1034 4330 1138 4367 sua
1165 4313 1504 4383 ignorantia,
1542 4314 1700 4384 quasi
1720 4315 1779 4368 in

1860 3266 1972 3303 non
2001 3249 2250 3319 singulos
2280 3248 2384 3301 sibi
2413 3249 2775 3303 defenderent
2795 3268 2921 3304 cum
2944 3252 3205 3307 omnibus
3232 3260 3455 3319 uteren-

1860 3266 1972 3303 non
2001 3260 2250 3319 smgulos
2280 3260 2384 3301 s1b1
2413 3260 2775 3303 (tetenderunt
2795 3268 2921 3304 cum
2944 3260 3205 3307 omnibus
3299 3271 3455 3308 eren-

1859 3343 1969 3401 tur,
2013 3338 2157 3390 sicut
2186 3344 2243 3390 et
2272 3338 2545 3391 Dominus
2579 3337 2713 3391 dicit
2745 3357 2754 3390 :
2790 3341 2897 3407 Ego
2925 3357 3049 3394 sum
3086 3345 3145 3395 in
3166 3260 3342 3396 metito
3369 3360 3458 3397 rc-

1857 3432 2056 3487 strum,
2087 3442 2197 3479 non
2240 3432 2301 3479 ut
2346 3430 2617 3489 minister,
2640 3430 2730 3479 sed
2754 3434 2813 3481 ut
2837 3431 3364 3503 ministrem(illarc.
3399 3450 3453 3486 Χ.

1861 3517 1986 3569 Luc.
2023 3519 2176 3583 χχιι).
2211 3516 2355 3568 Nam
2387 3516 2631 3568 mundus
2660 3516 2855 3586 utique
2897 3524 3088 3571 noster
3131 3526 3233 3587 est,
3267 3521 3363 3574 sed
3396 3529 3458 3575 ut

1861 3603 1930 3656 de
1962 3603 2055 3656 illo
2086 3604 2393 3657 secundum
2425 3605 2767 3658 voluntatem
2790 3606 2889 3658 Dei
2923 3607 3251 3673 sentiamus,
3277 3616 3333 3662 et
3369 3610 3460 3663 (le-

1862 3698 2043 3745 cretos
2067 3709 2262 3746 cursus
2288 3694 2409 3762 ejus
2432 3692 2488 3745 in
2510 3693 2611 3745 Dei
2636 3694 2921 3747 voluntate
2942 3712 3248 3764 ponamus;
3271 3706 3327 3750 et
3348 3698 3458 3751 vita

1862 3798 2106 3851 praesens
2129 3798 2390 3833 concessa
2421 3780 2579 3833 nobis
2607 3786 2710 3841 est,
2734 3782 2831 3833 sed
2854 3790 2919 3835 ut
2934 3783 3184 3837 modeste
3214 3785 3368 3838 illam
3403 3796 3459 3838 et

1862 3887 1987 3923 cum
2005 3869 2104 3922 Dei
2118 3869 2299 3937 gloria
2310 3868 2710 3936 transigamus,
2727 3869 2841 3921 sive
2859 3886 3026 3933 mors,
3043 3877 3105 3923 ut
3119 3888 3219 3941 pro
3235 3873 3457 3927 Christo

1862 3957 2004 4011 mori
2026 3956 2263 4010 libentes
2292 3955 2598 4011 habeamus
2631 3974 2787 4027 spem
2816 3958 3205 4028 promissionis
3232 3960 3453 4016 futura).

1858 4047 1972 4099 sive
1994 4045 2309 4116 praesentia,
2330 4052 2391 4099 ut
2407 4045 2486 4099 sic
2506 4046 2877 4116 pra-sentibus
2892 4052 3121 4101 utamur
3135 4067 3205 4103 ne
3219 4051 3461 4105 offenda-

1858 4152 2007 4201 mus;
2031 4135 2145 4188 sive
2160 4136 2369 4197 futura,
2386 4141 2447 4188 ut
2463 4134 2652 4188 futura
2667 4136 2957 4189 credentes
2982 4136 3116 4207 ipsis
3138 4155 3239 4192 nos
3255 4140 3455 4209 magis.

1863 4224 1996 4293 quia
2016 4224 2249 4277 meliora
2269 4230 2419 4288 sunt,
2446 4224 2932 4291 commendemus;
2959 4242 3053 4278 vos
3082 4234 3272 4281 autem
3305 4229 3462 4283 Chri-

1862 4314 1953 4377 sti,
1978 4318 2044 4366 ut
2063 4312 2327 4383 quoniam
2349 4312 2465 4365 haec
2488 4312 2699 4382 judicio
2733 4320 2924 4367 nostro
2953 4330 3216 4369 concessa
3242 4323 3376 4369 sunt
3403 4324 3460 4370 et

191 4398 400 4468 abjectae
442 4402 617 4472 prolis
656 4402 869 4455 vilitate
907 4403 1206 4473 sopiuntur
1240 4420 1251 4454 :
1295 4419 1405 4473 quo
1440 4402 1590 4455 enim
1622 4402 1677 4455 id
1710 4403 1841 4473 ad“
1863 4401 2142 4471 subjecta;
2176 4402 2257 4455 ita
2285 4418 2387 4454 nos
2426 4400 2647 4454 Christo
2677 4401 3061 4470 subjiciamur,
3097 4404 3303 4473 quippe
3331 4421 3457 4457 cum

193 4490 326 4555 quod
354 4490 566 4543 conditi
598 4497 730 4544 sunt
757 4508 869 4545 non
910 4492 1252 4562 intelligunt,
1286 4507 1352 4544 eo
1383 4492 1553 4544 etiam
1582 4508 1781 4561 cogna-

190 4576 387 4632 tionem
404 4586 647 4649 accepta:
665 4597 763 4650 per
782 4580 1087 4650 imaginem
1105 4579 1500 4650 generositatis
1517 4580 1776 4650 perdunt.

191 4667 347 4720 Stulti
367 4674 506 4721 sunt
524 4684 656 4737 ergo
679 4674 735 4721 et
757 4668 1027 4738 ignobiles
1051 4685 1190 4738 quos
1209 4668 1277 4721 ab
1304 4674 1524 4723 intentae
1553 4669 1783 4722 heredi-

186 4755 309 4809 tatis
352 4757 637 4810 consortio
683 4757 906 4827 repellit
949 4756 1187 4811 servitus
1232 4757 1455 4810 mentis.
1501 4757 1781 4827 Scriptum

186 4843 384 4914 quippe
415 4850 504 4898 est
526 4864 536 4897 :
562 4846 753 4899 Omnis
781 4850 881 4914 qui
906 4848 1043 4913 facit
1064 4850 1349 4914 peccatum
1377 4862 1564 4899 servus
1583 4852 1658 4899 est
1671 4862 1785 4913 pec-

184 4937 289 4984 cati
333 4936 514 4994 (Ιοαη.
549 4946 681 5002 vni),
715 4942 773 4988 et
816 4950 945 4987 voce
985 4934 1197 5004 egregii
1236 4934 1615 5004 praedicatoris
1654 4934 1786 4987 dici-

183 5031 272 5072 tur
294 5040 305 5071 :
336 5024 628 5089 Sapientia
650 5024 817 5091 hujus
833 5025 1038 5076 mundi
1051 5025 1295 5076 stultitia
1318 5028 1391 5075 est
1417 5024 1569 5091 apud
1588 5025 1778 5077 Deum.

185 5110 387 5177 tGreg.)
422 5110 528 5173 Qui
568 5128 700 5181 ergo
742 5112 879 5165 dum
916 5117 1143 5166 terrena
1171 5118 1450 5181 saperent,
1485 5111 1554 5164 ab
1584 5111 1785 5164 intima

177 5198 556 5264 generositate
597 5200 807 5271 repulsi
844 5198 993 5265 sunt,
1026 5199 1183 5255 stulti
1220 5200 1387 5253 simul
1426 5206 1482 5252 et
1511 5199 1783 5270 ignobiles

179 5285 430 5353 fuerunt,
460 5304 700 5359 quorum
727 5289 863 5343 dum
884 5289 1136 5360 plerique
1157 5293 1315 5342 actus
1341 5287 1656 5355 imitantur,
1684 5288 1782 5342 ﬁlii

176 5376 488 5430 stultorum
518 5384 575 5431 et
601 5376 936 5448 ignobilium
963 5378 1125 5443 ﬁunt,
1145 5377 1393 5448 dumque
1415 5393 1509 5430 eos
1529 5376 1785 5431 sensibus

178 5479 239 5516 ac
288 5464 540 5519 moribus
581 5470 916 5535 sequuntur,
952 5473 1008 5520 et
1045 5465 1201 5520 stulti
1230 5470 1397 5537 sunt,
1437 5465 1569 5535 quia
1597 5482 1786 5519 veram

1797 4459 1845 4517 D

1862 4508 1964 4560 per
1992 4490 2177 4560 ipsum
2199 4507 2321 4543 esse
2343 4489 2694 4560 coeperimus,
2720 4495 2777 4542 et
2797 4490 2853 4542 in
2878 4489 3061 4559 prima
3088 4491 3303 4559 origine
3325 4498 3382 4545 et
3402 4493 3458 4547 in

1862 4579 2306 4648 regeneratione.
2340 4580 2589 4632 Christus
2608 4583 2794 4630 autem.
2817 4580 2927 4640 Dei,
2953 4578 3209 4633 Christus
3237 4580 3337 4633 Dei
3352 4590 3456 4648 est,

1865 4668 2046 4722 Patris
2076 4667 2161 4720 sui
2197 4666 2454 4736 proprius
2484 4664 2679 4729 Filius,
2708 4666 2915 4719 faciens
2947 4667 3289 4722 voluntatem
3317 4672 3458 4741 ejus.

1866 4764 1929 4811 ut
1972 4762 2029 4809 et
2068 4774 2170 4809 nos
2204 4755 2377 4825 ipsius
2419 4753 2708 4807 faciamus.
2744 4754 2800 4808 Si
2845 4772 2977 4825 ergo
3017 4756 3225 4811 Christi
3267 4775 3461 4814 sumus

1868 4845 2081 4910 famuli,
2107 4844 2238 4914 quid
2272 4849 2375 4899 est.
2409 4848 2473 4895 ut
2498 4843 2569 4895 ad
2599 4844 2719 4913 ejus
2750 4843 3014 4914 injuriam
3045 4845 3114 4897 de
3144 4846 3464 4902 hominibus

1869 4933 2079 5003 aliquid
2120 4933 2445 5002 speremus?
2490 4931 2549 4985 Si
2596 4932 2720 5002 quis
2764 4932 2938 5002 igitur
2964 4933 3034 4986 ad
3065 4936 3463 5003 perlectionen'i

1864 5022 2046 5076 tendit
2093 5022 2161 5074 de
2199 5022 2293 5073 illo
2334 5021 2517 5091 primo
2550 5020 2770 5074 timoris
2807 5022 2986 5091 gradu
3030 5038 3195 5092 quem
3240 5026 3463 5095 proprie

1866 5111 2108 5164 diximus
2137 5129 2256 5163 esse
2290 5110 2567 5172 servilem,
2602 5110 2670 5161 de
2702 5127 2811 5179 quo
2845 5110 3081 5163 dicitur:
3109 5112 3241 5165 Cum
3274 5117 3463 5168 omnia

1866 5202 2121 5267 feceritis,
2140 5202 2303 5252 dicite
2331 5202 2465 5268 quia
2490 5202 2634 5253 serri
2659 5202 2886 5253 inutiles
2911 5215 3103 5251 sumus
3138 5200 3280 5265 (Luc.
3312 5202 3460 5273 XVII},

1867 5290 1937 5343 ad
1950 5289 2207 5342 altiorem
2226 5289 2344 5359 spei
2360 5288 2647 5343 tramitem
2664 5287 2843 5357 gradu
2862 5287 3187 5357 proficiente
3204 5307 3465 5347 conscen-

1868 5379 1981 5443 det,
2008 5377 2100 5448 qui
2124 5379 2243 5447 jam
2265 5394 2377 5431 non
2402 5394 2578 5441 servo,
2604 5376 2701 5429 sed
2721 5377 3065 5431 mercenario
3086 5388 3461 5450 comparatur.

1872 5466 2005 5538 quia
2038 5467 2351 5519 mercedem
2389 5464 2775 5519 retributionis
2797 5472 3096 5536 exspectat,
3124 5474 3181 5521 et
3209 5473 3369 5539 quasi
3396 5471 3464 5524 de

177 5553 520 5621 sapientiam
564 5570 679 5607 non
709 5554 1050 5625 intelligunt,
1080 5559 1138 5608 et
1167 5552 1442 5623 ignobiles
1474 5554 1607 5624 quia
1637 5554 1791 5608 nulla
1874 5560 2228 5626 peccatorum
2257 5554 2606 5608 absolutione
2637 5570 2668 5605 a
2691 5554 2895 5623 pmnali
2923 5554 3124 5608 timore
3144 5573 3373 5610 securus
3402 5575 3475 5610 ac.

178 5641 415 5710 spiritus
458 5642 723 5697 libertate
771 5648 1128 5698 renovantur.
1168 5643 1404 5710 (Ambr.)
1436 5642 1527 5697 Sic
1553 5643 1793 5697 stultitia
1876 5644 2147 5698 bonorum
2181 5660 2413 5713 operum
2456 5642 2558 5695 sibi
2607 5642 2879 5709 conscius,
2926 5643 3053 5696 licet
3091 5644 3279 5714 placiti
3324 5661 3461 5713 pra:-

597 5743 866 5805 PATBOL.
897 5743 1050 5804 CXII

3109 5746 3145 5801 2
