3900 6196
392 365 461 429 48

993 367 1056 422 B.
1099 363 1370 424 RABANI
1409 325 1642 422 mum
1677 363 2016 422 ARGHIEP.
2057 363 2381 424 MOGUNT.
2421 365 2718 425 orsum:
2755 365 2942 426 rAns
2977 365 3078 426 m.

3596 367 3666 430 44

387 493 566 554 mium
595 491 850 552 videatur
879 493 1158 559 expetere,
1193 493 1384 546 tamen
1417 485 1488 544 ad
1525 487 1784 544 affectum
1824 487 2166 554 illumAaut
2191 505 2410 546 mores:
2434 490 2526 545 hic
2554 489 2706 548 enim
2736 494 2855 548 tam
2885 495 3150 547 constans
3185 496 3328 555 erat,
3353 495 3419 550 ut
3455 507 3530 551 ne
3566 493 3666 563 qui

392 581 516 646 lilii,
546 581 641 652 qui
674 581 742 639 de
775 585 1021 650 paternae
1047 575 1410 644 indulgentiae
1445 575 1780 634 liberalitate
1811 578 1983 634 conﬁ-

393 671 552 736 dens,
581 657 772 727 omnia
792 684 916 737 qua»
936 664 1113 736 patris
1141 669 1274 720 sunt
1301 680 1404 721 sua
1431 681 1560 720 esse
1581 681 1695 720 non
1725 665 1980 734 ambigit,

394 758 684 830 pervenire
723 773 836 814 non
867 753 1092 825 poterit.
1128 752 1530 810 Festinandum
1559 755 1792 823 proinde
1823 753 1982 810 nobis

392 854 498 913 est,
530 853 596 902 ut
622 845 694 902 ad
711 843 946 900 tertium
971 842 1210 911 gradum
1230 841 1492 905 ﬁliorum,
1517 843 1612 912 qui
1642 841 1832 898 omnia
1860 860 1982 913 quae

389 935 567 1007 patris
591 939 742 997 sunt,
765 947 870 988 sua
895 947 1018 986 esse
1037 929 1290 995 credunt,
1310 947 1412 1000 per
1431 929 1786 988 insolubilem
1805 930 1982 986 chari-

388 1025 524 1082 tatis
557 1022 803 1093 gratiam
853 1019 1306 1084 conscendentes,
1340 1019 1580 1074 caelestis
1615 1020 1766 1074 illius
1798 1020 1981 1078 Patris

385 1112 692 1183 imaginem
721 1127 786 1167 ac
815 1107 1241 1167 similitudinem
1273 1107 1522 1178 recipere
1549 1125 1890 1175 mereamur,
1923 1119 1980 1166 et

384 1203 456 1260 ad
470 1199 846 1260 imitationem
859 1197 976 1254 veri
989 1196 1143 1254 illius
1162 1195 1288 1254 Filii
1305 1198 1650 1267 proclamare
1665 1198 1973 1268 possimus:

387 1293 588 1347 Oinnia
599 1305 719 1357 qua
737 1288 892 1345 habet
915 1289 1076 1342 Pater
1096 1303 1215 1342 alea
1235 1291 1382 1344 sunt.
1410 1286 1558 1356 quod
1587 1287 1759 1344 etiam
1789 1287 1860 1339 de
1889 1303 1984 1344 no-

381 1379 468 1436 bis
496 1378 694 1436 beatus
728 1374 1028 1446 Apostolus
1072 1375 1371 1444 proﬁtetur
1401 1374 1592 1433 dicens
1625 1393 1635 1427 :
1673 1377 1872 1433 Omnia
1901 1393 1978 1432 oc-

382 1475 503 1524 δῖνα
529 1471 678 1531 sunt,
713 1467 822 1520 sive
857 1467 1082 1527 Paulus,
1113 1466 1224 1520 sive
1251 1463 1462 1530 Apollo,
1484 1467 1595 1518 sive
1625 1465 1846 1532 Cap/las,
1872 1446 1981 1518 sive

383 1558 646 1620 mundus,
666 1556 776 1610 sive
801 1556 932 1617 vita,
959 1554 1070 1608 sive
1091 1568 1255 1617 mors,
1275 1555 1384 1606 sive
1408 1555 1724 1622 praesen-tia,
1746 1555 1854 1608 sive
1883 1554 1982 1620 fu—

384 1652 531 1712 tura,
565 1646 757 1700 omnia
788 1647 966 1697 vestra
983 1645 1133 1698 sunt.
1155 1640 1241 1698 Ad
1264 1657 1433 1711 quam
1455 1641 1626 1699 etiam
1655 1640 1978 1697 similitudi-

382 1751 514 1792 nem
556 1736 834 1804 pmcepta
875 1747 978 1788 nos
1035 1734 1336 1800 provocant
1369 1747 1380 1782 :
1423 1730 1621 1788 Estolc.
1655 1729 1860 1800 inquit.
1891 1745 1980 1786 vos

2067 577 2192 635 vitae
2213 595 2328 632 sum
2343 584 2613 648 parceret,
2630 579 2936 636 dummodo
2951 579 3192 636 ﬁdeliter
3211 579 3402 638 omnia
3421 579 3666 642 celebra-

2066 672 2169 723 ret.
2186 669 2326 726 Mihi
2343 674 2528 726 autem
2543 685 2647 736 pro
2667 669 2902 722 minimo
2914 673 2988 722 est
3009 674 3070 720 ut
3088 685 3124 721 a
3145 669 3537 736 vobisjudiccr,
3559 675 3664 727 aut

2063 757 2132 810 ab
2161 758 2406 810 Ιιιωηαηο
2441 759 2547 810 die.
2581 757 2731 820 Quos
2760 756 2818 810 in
2847 756 3022 810 tantis
3075 756 3224 810 vitiis
3276 758 3662 827 reprehendit,

2065 844 2334 901 miserum
2366 845 2503 900 dicit
2521 845 2592 901 ab
2613 845 2700 898 his
2731 861 2791 900 se
2814 845 3076 914 judicari,
3111 845 3320 916 quippe
3347 863 3476 901 cum
3496 864 3599 901 nec
3627 865 3667 906 ει

2059 933 2228 1002 justis
2251 934 2622 1002 judicandum
2641 950 2700 988 se
2721 933 2916 1000 sciret;
2950 940 3051 988 aut
3072 933 3142 990 ab
3161 934 3410 992 humana
3429 935 3541 1002 die,
3556 937 3668 994 hoc

2064 1028 2168 1086 est,
2203 1022 2335 1092 quia
2361 1039 2464 1077 nec
2507 1040 2543 1076 a
2576 1022 2792 1092 legibus
2821 1023 3032 1080 mundo
3059 1023 3286 1080 creditis
3319 1024 3664 1094 judicandua

2062 1117 2200 1168 erat.
2227 1113 2632 1181 Supergressus
2652 1111 2804 1168 enim
2824 1111 3130 1170 humanam
3143 1112 3426 1182 justitiam
3442 1114 3662 1171 celesti

2055 1199 2289 1269 justitiae
2317 1199 2597 1264 studebat,
2615 1201 2760 1256 sicut
2773 1199 2910 1258 dicit
2930 1200 3203 1258 Dominus
3225 1218 3237 1256 :
3257 1202 3382 1258 Nisi
3399 1203 3664 1260 abunda-

2064 1293 2203 1344 rcrit
2211 1292 2436 1358 justitia
2452 1296 2629 1345 vestra
2637 1293 2795 1358 plusq
2803 1305 2936 1346 nam
2949 1290 3276 1346 Scribarum
3293 1295 3344 1344 et
3357 1291 3662 1350 Phariam-

2063 1393 2214 1440 rum.
2232 1395 2344 1434 non
2363 1379 2651 1435 intrabitis
2671 1381 2734 1435 in
2757 1394 2992 1445 regnum
3013 1379 3110 1434 Dei
3135 1380 3405 1447 (Mattv).
3439 1380 3660 1438 Huma-

2063 1482 2200 1524 num
2221 1483 2356 1536 ergo
2381 1467 2531 1524 diem
2561 1483 2688 1524 cum
2718 1466 2872 1530 dicit,
2901 1465 3183 1535 signiﬁcat
3213 1472 3270 1522 et
3298 1467 3574 1535 divinum,
3595 1469 3659 1528 in

2063 1571 2174 1625 quo
2189 1556 2544 1626 judicaturus
2561 1561 2648 1610 est
2663 1555 2940 1618 Christus,
2957 1554 3090 1628 quia
3110 1555 3255 1612 sicut
3268 1555 3660 1626 jurisconsulti

2062 1661 2161 1700 seu
2191 1645 2500 1714 pontiﬁces,
2533 1661 2673 1714 quos
2715 1648 2914 1701 vocant
2951 1644 3289 1710 sacerdotes,
3323 1651 3506 1700 certos
3539 1646 3662 1704 dies

2063 1732 2265 1802 quibus
2291 1733 2581 1804 judicatur
2610 1733 2978 1790 decreverunt
3008 1751 3019 1784 :
3053 1733 3134 1788 ita
3178 1739 3238 1790 et
3273 1733 3394 1789 dies
3433 1735 3660 1794 Domini

385 1825 632 1893 perfecti,
683 1825 825 1877 sicut
862 1826 911 1874 et
948 1824 1110 1888 pater
1155 1823 1327 1876 vester
1371 1823 1592 1874 ccclesiis
1613 1821 1886 1888 perfectus
1911 1823 1985 1872 est
2006 1809 2328 1878 Bdeﬁnitus
2359 1828 2462 1883 est,
2496 1839 2605 1892 quo
2621 1821 2977 1891 judicaturus
3005 1827 3092 1874 est
3117 1821 3410 1876 mundum.
3436 1823 3540 1881 Sed
3560 1839 3656 1878 ιω.

385 1913 602 1979 (Matth.
634 1916 712 1976 v).
744 1911 809 1965 In
850 1909 962 1965 illis
995 1907 1147 1964 enim
1187 1923 1594 1978 nonnunquam
1625 1909 1768 1965 solet
1801 1907 1978 1965 inter-

380 2001 569 2072 rumpi
604 1998 874 2056 bonitatis
914 1998 1166 2056 aileetus,
1204 2013 1332 2054 cum
1371 1996 1558 2067 aliquo
1596 1997 1682 2050 vel
1726 2000 1977 2066 tempore

383 2088 708 2154 Salvatoris,
739 2089 828 2143 vel
857 2085 1070 2152 laetitia,
1105 2086 1191 2140 vel
1219 2083 1589 2141 oblectatione
1617 2085 1777 2154 vigor
1802 2085 1976 2141 animi

381 2163 688 2240 relaxatus,
705 2181 805 2230 aut
821 2180 1034 2230 metum
1055 2174 1126 2230 ad
1146 2191 1392 2244 praesens
1408 2175 1700 2244 gehennae,
1719 2179 1820 2229 aut
1833 2174 1978 2232 desi-

381 2267 602 2324 derium
629 2263 912 2320 subtrahit
945 2263 1284 2328 futurorum,
1316 2269 1372 2316 et
1403 2267 1490 2318 est
1517 2263 1744 2334 quidem
1775 2263 1836 2318 in
1865 2263 1975 2318 illis

378 2357 590 2427 gradus
614 2353 908 2425 cujusdam
920 2351 1204 2423 perfectus
1232 2351 1490 2406 imbuens
1509 2368 1631 2414 nos,
1649 2358 1716 2406 ut
1733 2352 1868 2406 dum
1888 2353 1974 2406 vel

381 2460 678 2516 penatum
717 2447 892 2505 metu,
926 2441 1010 2494 vel
1048 2440 1408 2510 praemiorum
1439 2457 1538 2511 spe
1566 2439 1869 2510 incipimus
1895 2441 1974 2494 vi-

377 2535 462 2590 tia
473 2530 851 2595 declinare,ad
863 2529 1151 2584 charitatis
1167 2529 1407 2597 gradum
1421 2529 1661 2582 transire
1674 2529 1883 2600 possim
1891 2547 1972 2594 us,

382 2623 514 2694 quia
531 2625 716 2680 timor,
743 2617 947 2688 inquit,
974 2633 1081 2670 non
1114 2623 1188 2669 cst
1217 2621 1279 2670 in
1310 2618 1599 2678 clior-italo,
1624 2635 1674 2670 se
1698 2621 1714 2669 l
1739 2621 1976 2686 perfecta

383 2713 628 2766 oharitas
641 2709 792 2776 foras
807 2709 983 2760 mittit
1005 2709 1101 2758 tim
1109 2721 1275 2768 orem,
1292 2708 1558 2773 quoniam
1577 2709 1744 2760 timor
1756 2723 1974 2775 pamam

383 2801 557 2863 habet,
570 2799 670 2866 qui
688 2801 874 2850 autem
898 2797 1072 2858 timet,
1090 2811 1200 2848 non
1211 2799 1285 2846 est
1303 2796 1573 2861 perfectus
1589 2798 1652 2848 in
1668 2796 1969 2858 charilatc;

384 2903 478 2942 nos
523 2901 650 2954 ergo
693 2885 1018 2951 diligamus.
1049 2885 1183 2950 quia
1222 2884 1362 2937 Deus
1393 2886 1556 2950 prior
1581 2884 1774 2937 dilexit
1804 2899 1900 2936 nos
1930 2884 1981 2949 (Ι

377 2979 538 3031 Joan.
555 2977 655 3042 IV).
677 2973 804 3029 Non
825 2987 960 3040 ergo
988 2969 1154 3026 aliter
1179 2971 1251 3024 ad
1277 2970 1434 3025 illam
1461 2988 1651 3025 veram
1678 2971 1972 3042 perfectio-

379 3081 509 3119 nem
529 3061 900 3122 conscendere
919 3059 1249 3130 poterimus,
1273 3060 1746 3130 quemadmodum
1767 3060 1826 3115 in
1846 3061 1971 3115 nul-

2059 1927 2162 1978 quc
2181 1914 2447 1978 mcipsum
2465 1912 2679 1978 judico.
2711 1911 2871 1968 Nihil
2895 1913 3046 1964 enim
3065 1911 3209 1965 mihi
3230 1914 3476 1966 conscius
3507 1927 3656 1966 sum.

2059 2000 2332 2069 Apertum
2355 2005 2441 2053 est
2461 1999 2593 2069 quia
2611 1998 3012 2054 conscientiam
3032 2016 3234 2070 puram
3263 1999 3476 2056 habens
3503 2000 3662 2056 solli-

2061 2087 2205 2144 citus
2225 2089 2294 2142 de
2314 2105 2374 2142 se
2402 2105 2516 2144 non
2533 2093 2673 2143 erat.
2688 2089 2792 2146 Sed
2821 2104 2930 2144 non
2960 2090 3024 2142 in
3041 2089 3139 2143 hoc
3153 2091 3497 2156 justi/iectus
3511 2105 3658 2146 sum.

2060 2177 2222 2232 Nunc
2245 2176 2508 2234 humiliat
2535 2195 2615 2240 se,
2650 2182 2708 2232 et
2743 2177 2996 2246 loquitur
3029 2181 3094 2234 ut
3134 2177 3320 2243 homo,
3355 2177 3452 2247 qui
3481 2179 3662 2248 possit

2059 2265 2281 2334 culpam
2324 2265 2610 2320 incurrere
2653 2266 2874 2322 nescius
2925 2265 3033 2331 Qui
3073 2271 3260 2321 autem
3297 2267 3514 2334 iudicat
3552 2284 3658 2331 ηδε),

2058 2355 2327 2406 Dominus
2357 2359 2450 2407 cst.
2471 2353 2683 2423 (Grcg.)
2707 2355 2788 2409 Ac
2825 2353 2872 2409 si
2909 2354 3156 2408 diceret:
3193 2355 3263 2408 Et
3298 2360 3449 2409 recte
3478 2355 3662 2425 egisse

2059 2459 2150 2495 me
2165 2442 2365 2496 recolo.
2382 2447 2440 2496 et
2451 2449 2642 2496 tamen
2662 2443 2732 2498 de
2749 2442 2966 2496 meritis
2986 2459 3098 2497 non
3115 2459 3413 2512 praesumo,
3428 2443 3562 2514 quia
3586 2445 3658 2500 ad

2059 2531 2180 2600 ejus
2198 2530 2476 2600 judicium
2495 2531 2609 2586 vita
2631 2536 2826 2588 nostra
2848 2531 3073 2587 ducitur
3098 2533 3333 2599 (Amer
3354 2531 3523 2586 Recte
3544 2533 3654 2598 ait;

2059 2619 2312 2688 quamvis
2326 2619 2476 2674 enim
2493 2619 3158 2684 humiliaveritse,tamen
3173 2619 3415 2677 Domino
3429 2620 3653 2678 Christo

2056 2706 2363 2776 plurimum
2374 2707 2548 2773 dedit,
2555 2707 2690 2778 quia
2697 2713 2883 2777 potest
2893 2707 3041 2778 quod
3056 2707 3342 2765 hominem
3354 2708 3655 2770 latendum

2057 2795 2274 2852 occulta
2287 2796 2522 2866 iudicat,
2545 2795 2926 2861 manifestare,
2943 2812 3057 2852 non
3075 2803 3144 2850 ut
3163 2813 3322 2854 reum
3343 2796 3529 2862 faciat,
3557 2797 3656 2854 sed

2055 2882 2417 2953 prudentem;
2444 2885 2697 2954 quamvis
2721 2885 2872 2941 enim
2889 2890 3136 2950 sanctus,
3157 2890 3350 2942 tamen
3362 2885 3530 2944 homo
3546 2891 3652 2954 est,

2056 2988 2222 3042 quem
2236 2989 2348 3029 non
2367 2977 2552 3043 potest
2569 2973 2689 3028 ﬁeri
2706 2979 2772 3030 ut
2787 2989 2899 3029 non
2921 2973 3133 3043 aliquid
3151 2973 3342 3030 lateat.
3364 2974 3654 3033 Interdum

2055 3060 2204 3118 enim
2222 3061 2432 3132 aliquid
2450 3062 2587 3116 utile
2602 3067 2866 3132 putamus
2878 3062 3026 3132 quod
3043 3061 3245 3126 inutile
3263 3067 3366 3128 est,
3383 3079 3484 3121 nec
3501 3063 3653 3122 enim

380 3153 491 3208 lius
516 3151 752 3206 alterius
766 3149 869 3216 rei,
892 3149 1000 3204 nisi
1023 3155 1229 3202 nostrae
1259 3148 1458 3202 salutis
1485 3149 1671 3217 gratia
1697 3149 1852 3219 prior
1870 3166 1972 3204 nos
1991 3169 2034 3228 ο
2054 3149 2243 3204 omnia
2258 3150 2512 3206 membra
2525 3157 2626 3206 aut
2638 3151 2817 3206 latera
2833 3151 3272 3210 conversationis
3286 3151 3548 3209 humana:
3559 3152 3655 3208 de-

375 3241 474 3296 ille
497 3239 710 3306 dilexit,
736 3238 817 3293 ita
840 3254 972 3292 eum
999 3253 1102 3291 nos
1131 3253 1354 3307 quoque
1389 3237 1598 3291 nullius
1625 3238 1861 3294 alterius
1889 3239 1970 3292 rei

375 3329 488 3385 nisi
513 3329 601 3383 sui
631 3333 854 3382 tantum
882 3326 1091 3380 amoris
1120 3325 1479 3380 dilexerimns
1509 3326 1759 3381 obtentu.

985 3433 1219 3486 CAPUT
1258 3432 1350 3486 IV.

371 3529 574 3595 Arguit
601 3525 880 3594 Apostolus
903 3523 1114 3589 judicii
1143 3524 1533 3586 tcnwritatem;
1569 3525 1630 3574 (lc
1661 3529 1963 3592 contemptu

443 3595 814 3666 quorumdam
872 3595 1278 3650 ministrorum.
1321 3598 1482 3660 atque
1533 3597 1739 3647 insistit
1779 3612 1962 3647 t’Ol‘ttltt

445 3669 789 3726 correctioni.

451 3778 532 3830 ita
560 3791 655 3828 nos
681 3775 953 3826 existimet
975 3773 1134 3824 homo
1161 3777 1218 3823 ut
1246 3773 1530 3823 ministros
1549 3772 1757 3825 Christi
1785 3776 1830 3824 cl
1859 3774 1967 3824 dis-

369 3870 683 3933 pemtorss
703 3864 1102 3928 mystcriormn
1133 3863 1244 3913 Dei.
1265 3858 1502 3928 (Ambr.)
1526 3860 1642 3912 Hoc
1663 3859 1960 3928 significat,

372 3952 506 4022 quia
531 3951 720 4004 minus
747 3949 818 4003 de
844 3949 940 4001 illo
975 3947 1296 4004 sentiebant
1320 3947 1495 4016 aliqui
1523 3948 1960 4009 Corinthiorum,

372 4041 470 4094 sed
500 4045 564 4092 ut
590 4039 661 4092 de
689 4038 792 4090 hoc
826 4036 920 4090 ille
948 4037 1117 4089 homo
1155 4035 1392 4092 sentiret
1427 4037 1575 4106 quod
1606 4042 1663 4090 et
1692 4038 1840 4090 Deus
1869 4038 1962 4106 qui

374 4129 535 4186 illum
563 4127 828 4196 elegerat,
860 4124 988 4177 ideo
1015 4123 1307 4178 ministros
1325 4124 1534 4178 Christi
1554 4125 1652 4190 ait,
1671 4131 1728 4178 et
1744 4125 1965 4195 dispen—

373 4222 592 4270 satores
614 4213 1014 4286 mysteriorum
1030 4212 1132 4266 Dei
1155 4230 1166 4265 :
1193 4213 1418 4282 quando
1447 4212 1598 4266 enim
1627 4230 1738 4267 non
1767 4213 1962 4268 verbo-

373 4322 501 4360 rum
529 4303 788 4374 strepitu,
821 4317 1003 4372 neque
1033 4302 1285 4355 humana
1313 4302 1592 4372 sapientia
1617 4302 1958 4358 nitebantur.

370 4393 610 4465 intelligi
641 4391 832 4447 debuit
861 4397 1275 4450 sacramentum
1309 4391 1518 4444 Christi
1536 4391 1880 4461 dispensare,
1906 4390 1964 4445 in

2053 3238 2263 3309 scripta
2283 3238 2654 3304 habemus,ab
2661 3241 2750 3295 his
2761 3246 2952 3296 autem
2963 3255 3084 3310 quae
3094 3240 3290 3309 gravia
3307 3246 3441 3296 sunt
3459 3248 3654 3310 aperte

2053 3327 2318 3397 prohibiti
2331 3345 2685 3392 sumus,nam
2693 3329 2949 3399 quaedam
2960 3345 3140 3386 causae
3152 3345 3254 3386 nos
3265 3328 3459 3386 fallere
3469 3330 3654 3389 solent

2051 3433 2117 3469 ex
2134 3415 2318 3471 causis
2327 3417 2606 3487 aliquibus
2623 3422 2846 3482 ortze,ut
2859 3418 3005 3487 quod
3017 3434 3128 3474 non
3140 3423 3226 3474 est
3235 3419 3374 3474 utile
3387 3424 3649 3488 putemus

2052 3505 2208 3570 utile,
2243 3506 2390 3575 quod
2419 3506 2539 3561 leve
2565 3507 2792 3576 quidem
2834 3513 2938 3570 est,
2971 3507 3104 3576 quia
3124 3507 3475 3576 propositum
3501 3506 3644 3563 libe-

2053 3609 2178 3648 rum
2199 3601 2301 3649 est.
2327 3595 2676 3664 lmpossibile
2697 3600 2802 3658 est,
2825 3601 2889 3650 ut
2917 3611 3028 3651 non
3056 3601 3157 3650 aut.
3179 3595 3522 3664 ignorantia,
3545 3602 3646 3654 aut

2051 3681 2413 3751 negligentia,
2445 3690 2544 3738 aut
2572 3683 2820 3738 vanitate
2858 3689 2958 3738 aut
2984 3682 3332 3752 obreptione,
3361 3689 3465 3742 aut.
3488 3683 3642 3753 cosio

2050 3771 2281 3836 tatione,
2297 3777 2394 3826 aut
2416 3773 2879 3839 necessitate,aut
2906 3771 3182 3829 oblivione
3205 3778 3490 3842 peccetur;
3510 3789 3644 3831 nam

2049 3865 2106 3914 et
2123 3859 2168 3912 si
2197 3859 2268 3914 ad
2297 3865 2416 3914 tam
2434 3861 2760 3930 praecelsum
2779 3860 2904 3930 quis
2920 3859 3192 3917 virtutum
3213 3860 3438 3919 culmen
3455 3877 3646 3918 escam

2048 3947 2213 4010 derit,
2245 3955 2308 4005 ut
2334 3949 2702 4019 apostolicum
2729 3950 2868 4006 illud
2897 3965 3009 4005 non
3033 3949 3316 4019 iactanter
3341 3949 3640 4007 exclamet:

2047 4038 2189 4091 Mihi
2206 4043 2392 4093 autem
2417 4055 2516 4105 pro
2542 4041 2779 4093 minimo
2797 4043 2890 4103 est,
2925 4043 3037 4093 uta
3065 4039 3212 4092 vobis
3233 4039 3641 4106 dandis-cnam

2044 4126 2115 4180 ab
2132 4125 2378 4180 humano
2395 4127 2502 4190 die,
2513 4128 2607 4180 sed
2624 4143 2792 4195 neque
2809 4127 3280 4194 meipwmjudioo
3292 4145 3310 4184 ε
3323 4126 3470 4183 nihil
3485 4129 3638 4185 enim

2046 4213 2190 4268 mihi
2218 4217 2465 4270 conscius
2491 4230 2644 4277 sum;
2675 4220 2868 4274 tamen
2896 4214 3040 4272 sciat
3075 4231 3136 4270 se
3174 4213 3388 4287 absque
3409 4222 3638 4286 pacata

2047 4317 2172 4356 esse
2199 4319 2314 4358 non
2341 4319 2530 4373 posse;
2561 4320 2744 4374 neque
2764 4304 2917 4360 enim
2937 4304 3149 4362 flustra
3167 4303 3320 4362 idem
3335 4304 3534 4362 doctor
3548 4305 3644 4363 adv

2041 4390 2478 4460 junxit,scdnon
2496 4393 2558 4444 in
2577 4393 3031 4460 hocjus—tiﬁcatus
3048 4390 3264 4456 sum,id
3293 4397 3379 4448 est
3410 4409 3426 4448 ε
3451 4408 3568 4450 non
3593 4392 3640 4450 si

374 4501 485 4556 quo
514 4499 632 4542 non
665 4481 856 4546 verba,
887 4480 986 4534 sed
1016 4479 1196 4536 virtus
1231 4479 1498 4550 fulgebat,
1529 4496 1642 4533 non
1678 4497 1780 4550 per
1815 4481 1960 4550 quod
1976 4482 2025 4541 D
2046 4495 2148 4547 ego
2171 4480 2390 4548 justum
2411 4495 2504 4532 me
2521 4495 2642 4536 esse
2661 4480 2972 4545 credidero,
2991 4497 3181 4538 veram
3201 4479 3496 4538 confestim
3515 4481 3638 4550 glo-

371 4573 558 4637 homo,
591 4571 690 4624 sed
727 4571 876 4624 Deus
911 4569 1190 4640 gloriosus
1219 4569 1518 4622 videretur.
1555 4569 1782 4639 Collega
1811 4569 1961 4625 enim

369 4651 714 4732 piscatorum
741 4675 854 4712 non
883 4659 1049 4712 aliter
1079 4675 1249 4729 quam
1275 4658 1356 4712 illi
1385 4657 1672 4715 Christum
1701 4657 1963 4728 pradica-

367 4749 484 4803 bnt.
507 4749 650 4804 Cum
679 4763 811 4818 ergo
841 4746 1166 4806 ministrum
1185 4765 1245 4802 se
1275 4747 1483 4803 Christi
1512 4753 1572 4802 et
1590 4753 1962 4802 sacramento-

367 4839 497 4893 rum
522 4837 626 4893 Dei
656 4835 873 4908 probat,
906 4836 1400 4908 pseudeapostolos
1429 4837 1554 4892 illos
1576 4826 1754 4901 notat,
1778 4853 1842 4890 ac
1863 4853 1959 4890 ne»-

366 4933 470 4999 gat
495 4925 704 4982 Christi
725 4941 865 4991 esse,
887 4925 1034 4995 quod
1052 4926 1302 4988 tradunt,
1320 4943 1420 4996 per
1434 4926 1490 4980 id
1507 4925 1656 4995 quod
1675 4925 1958 4980 discorda-

366 5022 498 5079 rent
521 5031 562 5078 αι
583 5014 884 5076 traditione
912 5013 1234 5085 apostolica.
1265 5017 1363 5068 Hic
1376 5018 1502 5084 jam
1518 5017 1794 5082 queritur
1814 5017 1960 5067 inter

369 5107 765 5175 dispensatores
785 5109 848 5156 ut
861 5103 1035 5170 ﬁdelis
1051 5105 1174 5171 quis
1191 5105 1530 5159 inveniatur.
1542 5103 1958 5168 (Msun.)lnter-

370 5193 624 5266 rogantis
651 5209 754 5248 vox
781 5199 885 5258 est,
919 5191 975 5246 id
1004 5196 1107 5256 est,
1135 5191 1256 5261 jam
1287 5190 1376 5244 hic
1403 5191 1614 5262 putatis
1641 5209 1803 5264 posse
1823 5209 1956 5246 con-

366 5281 631 5338 scientias
634 5281 925 5352 judicare?
941 5281 998 5344 (Α
1009 5281 1176 5347 mor.)
1195 5280 1312 5334 Hoc
1327 5281 1475 5351 quod
1495 5281 1632 5340 dicit
1649 5297 1760 5334 non
1776 5281 1958 5335 solum

365 5371 436 5426 ad
465 5369 1064 5443 pseudospestolorum
1099 5385 1398 5440 personam
1439 5369 1700 5440 pertinet,
1741 5371 1839 5424 sed
1887 5371 1957 5424 ad

366 5460 728 5530 reliquorum,
750 5458 846 5529 qui
865 5464 1094 5529 accepta
1120 5457 1556 5528 dispensatione,
1576 5465 1676 5512 aut
1689 5475 1956 5519 verecun-

365 5549 478 5614 dia,
492 5556 592 5602 aut
609 5548 832 5612 timens,
855 5553 954 5600 aut
971 5553 1135 5602 certae
1155 5546 1636 5601 condemnationis
1657 5563 1774 5602 suae
1790 5563 1956 5602 causa

366 5643 690 5696 constanter
727 5652 966 5706 arguere
998 5636 1372 5706 trepidabant.
1405 5641 1505 5690 aut
1533 5636 1710 5692 malos
1736 5652 1952 5696 sensus.

2043 4567 2188 4624 riam
2217 4566 2529 4638 possidebo,
2571 4569 2659 4624 vel
2705 4569 2841 4640 quia
2877 4569 3218 4628 conscientia
3263 4585 3392 4628 inea
3425 4569 3638 4628 nullius

2045 4657 2254 4726 peccati
2273 4656 2706 4726 reprehensione
2748 4657 3166 4728 compungitur,
3201 4657 3407 4716 ideirco
3429 4658 3637 4717 nullius

2043 4745 2226 4800 sordis
2249 4745 2578 4816 contagione
2606 4745 2858 4804 fucatus
2884 4763 3030 4814 sum,
3063 4747 3246 4805 multa
3269 4747 3422 4805 enim
3447 4763 3634 4807 meum

2044 4833 2441 4889 conscientiam
2470 4835 2668 4902 latent,
2700 4853 2822 4908 quae.
2855 4853 2985 4894 cum
3020 4841 3154 4892 sunt
3181 4835 3322 4894 mihi
3347 4835 3634 4910 incognite

2043 4929 2212 4994 atque
2240 4922 2496 4986 obscura,
2524 4925 2643 4979 Deo
2670 4931 2806 4984 nota
2817 4930 2989 4996 atque
3017 4923 3316 4982 munitosta
3332 4930 3481 4982 sunt.
3499 4925 3634 4981 Ideo

2042 5011 2342 5083 subjiciens
2367 5029 2376 5064 :
2405 5012 2511 5078 Qui
2529 5019 2714 5068 autem
2734 5031 2836 5078 me,
2852 5012 3053 5084 inquit,
3069 5013 3360 5082 diiudicat,
3372 5015 3638 5073 Dominus

2041 5107 2135 5166 est,
2153 5101 2212 5156 id
2239 5107 2342 5167 est,
2363 5100 2434 5156 ab
2457 5101 2552 5158 illo
2567 5103 2690 5159 solo
2706 5119 2873 5174 quem
2887 5107 3105 5158 secreta
3131 5101 3386 5162 conlium
3412 5118 3528 5162 non
3551 5103 3638 5161 is.

2039 5196 2163 5244 tent
2191 5206 2382 5250 verum
2401 5190 2598 5260 iudicii
2627 5191 2686 5246 in
2717 5191 3150 5263 me'pmfetetur
3169 5207 3426 5249 examen.
3447 5192 3640 5260 Itaque

2042 5282 2210 5336 not-ite
2239 5285 2367 5334 ante
2399 5285 2608 5348 tempus
2625 5281 2903 5348 judicare,
2937 5282 3104 5336 donec
3131 5283 3318 5338 ueniat
3345 5282 3636 5338 Dominus.

2045 5368 2282 5437 (Amhr.)
2298 5368 2488 5424 Monet
2508 5367 2636 5422 illos
2651 5385 2724 5428 ne
2738 5369 3013 5439 judicent,
3027 5386 3157 5429 cum
3169 5367 3464 5441 iudicandi
3482 5373 3634 5434 sunt,

2041 5463 2098 5512 et
2139 5455 2384 5512 habeant
2421 5456 2623 5527 duplex
2663 5463 2973 5529 peccatum,
3005 5458 3152 5516 sicut
3193 5457 3277 5513 sit
3312 5457 3591 5516 Dominus
3621 5474 3631 5508 :

2041 5547 2218 5601 Nolite
2235 5547 2514 5616 judicare,
2534 5551 2586 5600 et
2604 5563 2718 5603 non
2732 5549 3072 5616 judiccmini
3099 5548 3277 5614 (Μαι.
3297 5546 3531 5614 vn),sod
3546 5562 3636 5603 θι-

2041 5639 2258 5704 poctate
2287 5634 2438 5694 diem
2463 5633 2662 5702 iudicii
2691 5635 2816 5701 Dei,
2841 5654 2912 5693 ne
2934 5636 2984 5693 si
3010 5635 3210 5692 ﬁdeles
3231 5639 3294 5692 et
3322 5633 3456 5692 boui
3483 5634 3627 5701 sint;
