3900 6196
296 410 345 463 i5
720 400 1300 457 ENARRATIONUM
1337 401 1415 455 IN
1453 400 1604 454 EPP.
1650 400 1863 453 PAULI
1902 399 2037 454 LIB.
2082 401 2354 454 IX.—IN
2395 392 2613 453 EPIST.
2655 400 2679 452 Ι
2717 398 2813 452 AD
2852 400 3012 453 COR.

3434 400 3503 453 46

296 531 457 601 injuria
479 528 616 583 enim
641 528 852 597 judicis
884 533 986 591 est,
1008 526 1055 579 si
1085 532 1215 579 ante
1244 526 1619 595 cognitionem
1651 525 1771 594 ejus
1801 527 1894 584 aA
1913 525 1971 578 in
1992 525 2210 595 populis
2240 530 2580 580 nasceretur.
2620 527 2797 579 Nemo
2831 526 2980 579 enim
3026 526 3261 580 audiens
3298 542 3502 579 nomen

294 634 414 673 servo
426 616 667 688 procedat
676 615 957 685 judicium
977 619 1076 668 aut
1091 614 1387 667 sententia.
1413 614 1518 679 Qui
1541 617 1601 665 it!
1611 630 1641 665 ιι
1652 616 1828 666 mina-

294 711 351 761 ωε
371 710 544 760 occulta
574 706 931 757 tenebrarum
958 709 1009 756 et
1032 702 1409 770 niani/“astabat
1440 705 1673 755 consilia
1708 718 1828 754 cor-

1913 631 2077 667 suum
2096 614 2274 667 taxari
2297 622 2395 668 aut
2412 616 2552 683 ejus,
2578 615 2666 667 cui
2688 614 2852 679 iuvet,
2874 620 3167 668 contentus
3189 620 3276 687 est
3292 620 3498 668 tacere.

1912 703 2104 756 Tacito
2123 709 2313 756 autem
2334 703 2579 767 nomine,
2608 704 2654 755 si
2681 704 2805 773 quis
2830 703 3063 756 audiens
3088 720 3150 756 ac
3173 702 3220 757 si
3240 703 3309 756 de
3336 720 3396 757 se
3422 704 3504 757 in-

292 799 428 859 dium,
454 800 497 847 et
521 799 648 846 tunc
676 796 805 845 laus
836 795 944 845 erit
974 794 1277 859 unicuique
1304 808 1337 843 a
1370 794 1492 845 Deo.
1525 791 1641 843 Hoc
1673 790 1825 851 dicit,
1912 792 2129 857 telligat
2170 792 2400 856 dictum,
2434 792 2768 845 dissimulat.
2813 791 2926 845 Sub
2958 793 3061 844 hac
3092 808 3224 862 ergo
3259 792 3507 862 proposi-

295 885 395 954 quia
414 883 463 935 in
487 882 571 934 die
595 881 793 950 judicii
833 881 975 933 nihil
1016 880 1291 933 occultum
1330 880 1438 932 erit
1476 896 1669 933 eorum
1709 896 1830 949 quze
1912 881 2064 933 tione
2103 880 2387 934 evacuavit
2428 897 2692 949 personas
2730 880 2955 933 illorum
2993 897 3119 933 cum
3164 880 3301 934 dicit
3341 900 3351 932 ε
3397 882 3507 949 Ego

293 980 413 1041 gesta
436 977 521 1023 aut
546 969 789 1039 cogitata
819 974 969 1029 sunt,
991 975 1046 1021 et
1074 968 1404 1038 simplicitas
1436 974 1491 1020 et
1520 967 1830 1038 hypocrisis
1908 972 2181 1036 plalifavi.
2201 972 2389 1037 Apollo
2411 972 2637 1035 rigavit,
2656 975 2782 1033 etc,
2801 974 2867 1022 ut
2884 969 2942 1022 in
2957 969 3051 1021 his
3069 969 3349 1023 discerent
3368 969 3507 1022 nihil

296 1060 380 1113 illic
395 1044 676 1128 apparebit,
712 1064 779 1111 ut
799 1064 858 1111 et
886 1057 983 1126 qui
1009 1057 1303 1127 despectus
1336 1055 1665 1119 habebatur,
1690 1055 1831 1108 forte
1913 1054 2159 1111 dandum
2192 1057 2530 1111 hominibus.
2563 1059 2693 1125 Quis
2711 1064 2897 1111 autem
2922 1063 2967 1110 te
2995 1059 3300 1111 discernit?
3321 1057 3383 1111 Id
3403 1064 3505 1120 est,

294 1152 511 1218 appareat
528 1147 747 1216 dignus,
765 1153 824 1199 et
847 1146 943 1215 qui
962 1145 1171 1215 aliquid
1192 1162 1313 1198 esse
1346 1144 1833 1214 putabatur,inve-
1913 1153 2046 1199 sunt
2070 1145 2240 1215 aliqui
2272 1146 2365 1215 qui
2413 1146 2653 1216 amplius
2690 1146 3025 1215 accipientes
3058 1146 3114 1199 in
3150 1146 3505 1217 baptismate.

296 1238 442 1290 cietur
465 1235 744 1306 reprobus.
773 1235 980 1289 Omnia
1000 1234 1151 1287 enim
1182 1239 1315 1286 nota
1351 1238 1517 1286 erunt
1556 1233 1612 1285 in
1641 1233 1731 1284 die
1746 1234 1834 1301 ju-

293 1325 409 1387 dicii,
429 1332 475 1378 et
493 1330 624 1378 tunc
638 1325 763 1377 laus
783 1323 896 1377 erit
913 1323 1056 1376 bene
1076 1322 1267 1391 agenti
1297 1322 1381 1374 vel
1410 1321 1698 1391 cogitanti.
1736 1321 1837 1373 Hic

296 1415 409 1470 enim
427 1413 510 1483 qui
554 1413 826 1475 laudatur,
867 1410 1236 1481 improbabile
1270 1416 1354 1463 est
1386 1427 1458 1463 an
1502 1411 1706 1478 dignus
1742 1410 1832 1467 sit.

294 1502 404 1558 sicut
424 1503 473 1555 in
501 1502 610 1557 alio
636 1502 756 1554 loco
782 1501 948 1555 dicit:
984 1502 1103 1554 Non
1128 1503 1277 1552 enim
1307 1502 1406 1567 qui
1425 1502 1661 1567 seipsum
1683 1516 1836 1551 cum-

296 1593 470 1644 ulande:
486 1594 585 1643 ’ἔμε
596 1592 859 1659 probatus
880 1595 972 1652 est,
993 1591 1086 1642 sed
1102 1605 1259 1656 quem
1285 1590 1554 1642 Dominus
1574 1604 1839 1640 commcn—

1916 1235 2097 1287 autin
2125 1234 2397 1295 doctrina,
2443 1240 2670 1286 caeteros
2713 1233 2903 1287 dicant
2941 1233 3128 1287 minus
3160 1242 3505 1289 consecutos.

1920 1323 2035 1375 Hoc
2058 1323 2141 1375 his
2162 1322 2411 1394 loquitur
2429 1323 2525 1392 qui
2550 1322 2855 1393 baptizatos
2880 1323 2949 1376 ab
2977 1322 3103 1376 aliis
3141 1325 3265 1401 plus
3298 1324 3507 1394 aliquid

1921 1428 2040 1463 esse
2063 1411 2350 1480 putabant,
2377 1428 2615 1481 quorum
2644 1412 2965 1481 eloquentia
2992 1411 3421 1479 seducebantur,
3446 1418 3509 1466 ut

1921 1500 2043 1552 fuco
2069 1500 2311 1569 quodam
2349 1517 2609 1569 perversa
2644 1507 2793 1553 recta
2836 1507 3099 1571 putarent
3131 1519 3141 1553 :
3169 1506 3329 1554 tanta
3362 1501 3511 1555 enim

1921 1588 2200 1641 discordia
2220 1589 2276 1641 in
2298 1590 2502 1659 populo
2524 1595 2663 1654 emt,
2709 1595 2773 1643 ut
2794 1590 2971 1643 multa
3006 1596 3193 1644 essent
3227 1590 3415 1643 studia
3433 1589 3513 1643 di-

293 1680 366 1731 lui
386 1681 452 1741 (11
471 1679 589 1733 σον.
621 1682 697 1740 x),
719 1694 889 1748 quem
911 1677 1104 1747 utique
1135 1676 1275 1729 nihil
1304 1677 1472 1739 latet;
1508 1676 1694 1742 (Aug)
1727 1692 1836 1728 non

293 1767 410 1820 enim
437 1768 632 1821 scimus
661 1767 929 1819 mortales
959 1766 1128 1819 corda
1164 1765 1504 1818 mortalium.
1543 1765 1700 1818 Tunc
1744 1781 1839 1817 au-

1919 1694 2207 1729 vcrsarum
2244 1677 2508 1746 partium,
2536 1686 2591 1730 et
2627 1677 2706 1730 sic
2746 1678 2937 1731 omnia
2974 1677 3122 1731 dicta
3159 1695 3260 1732 sua
3305 1678 3518 1749 aptavit

1919 1767 2085 1835 Apos’
2132 1766 2236 1829 ius,
2286 1766 2399 1818 sive
2436 1766 2889 1820 manifestatione
2924 1767 3217 1821 nominum
3255 1766 3515 1821 omnibus

294 1861 381 1907 tam
397 1854 719 1908 illuminahit
732 1855 1007 1907 Dominus
1023 1854 1238 1907 occulta
1252 1852 1632 1915 tenebrarum,
1649 1858 1706 1905 et
1724 1869 1839 1905 ma-
1855 1866 1900 1924 Β
1920 1852 2191 1923 partibus,
2210 1858 2273 1906 ut
2294 1870 2421 1907 cum
2448 1855 2731 1924 legeretur
2752 1855 2997 1924 Epistola
3016 1871 3365 1927 unaquaeque
3387 1872 3516 1927 pars

291 1942 535 1996 lifestabit
565 1941 927 2010 cogitationes
950 1940 1151 2006 cordis,
1186 1948 1242 1994 et
1272 1947 1407 1993 tunc
1440 1940 1564 1994 laus
1592 1939 1700 1992 erit
1718 1940 1840 1993 uni-
1924 1943 1991 1995 ad
2036 1959 2094 1995 se
2134 1942 2284 1995 dicta
2328 1943 2653 2012 susciperet,
2714 1943 2945 1997 audiens
2986 1925 3133 2014 qliod
3157 1925 3357 1999 causae
3388 1925 3517 1998 sua:

292 2030 772 2101 miqueaDco,quia
782 2031 841 2083 id
852 2029 1173 2083 laudabitur
1183 2035 1239 2082 et
1248 2028 1836 2099 diligeturaproximo,
1923 2030 2138 2084 intendi
2161 2032 2690 2101 cognosceret.Qm'd
2702 2038 2882 2085 autem
2904 2034 3061 2086 habes
3079 2035 3224 2101 quod
3240 2050 3349 2087 non
3369 2050 3517 2087 acce-

294 2120 338 2171 in
348 2120 589 2189 proximo,
606 2120 752 2189 quod
768 2136 841 2172 ne
854 2118 1123 2181 lateat,th
1146 2118 1266 2188 ipso
1278 2117 1689 2171 illuminabitur
1704 2118 1836 2170 Deo.
1919 2123 2055 2190 pish'
2069 2125 2092 2172 ν
2114 2120 2266 2173 Nihil
2284 2120 2443 2173 illum
2460 2120 2590 2173 boni
2606 2121 2755 2174 ultra
2777 2121 2911 2175 dicit
2926 2128 3283 2175 consecutum
3306 2121 3375 2175 ab
3394 2122 3519 2176 aliis

293 2208 456 2275 (GI-ag.)
481 2208 743 2278 Quisquis
772 2208 926 2262 enim
965 2208 1022 2260 in
1061 2207 1398 2276 cegitatione
1440 2223 1473 2258 a
1506 2205 1841 2261 rectitudine
1925 2224 2092 2277 quam
2114 2206 2182 2259 ab
2203 2224 2267 2260 eo
2283 2216 2589 2280 acceperat,
2610 2208 2733 2261 ideo
2753 2208 2961 2261 frustra
2980 2208 3172 2278 quaeri,
3198 2210 3346 2279 quod
3367 2209 3515 2262 enim
3594 2244 3603 2249 ι

291 2296 601 2353 uorbitatin
626 2296 875 2350 tenebris
895 2302 1107 2366 peccat,
1140 2312 1242 2349 nos
1287 2312 1420 2364 ergo
1458 2300 1618 2348 tanto
1656 2296 1841 2348 minus
1924 2295 2205 2349 habebant
2233 2295 2302 2348 ab
2332 2297 2597 2366 Apostolo
2633 2304 2978 2366 acceperant.
3018 2297 3101 2349 Ad
3131 2312 3307 2350 unum
3328 2304 3517 2351 autem

290 2384 517 2439 debemus
536 2386 709 2439 aliena
722 2385 1842 2455 cordaaudaciterreprehendere,quanto
1926 2385 2147 2438 videtur
2168 2385 2339 2453 loqui,
2363 2385 2455 2455 qui
2479 2385 2547 2437 ad
2572 2390 2787 2454 partem
2812 2384 2987 2455 plebis
3016 2385 3266 2455 loquitur
3289 2404 3300 2437 :
3322 2386 3389 2441 Si
3412 2403 3517 2439 au—

292 2474 459 2531 ximus
485 2474 616 2544 quia
637 2475 758 2527 visu
781 2480 977 2527 nostro
1007 2491 1117 2527 non
1146 2489 1443 2543 possumus
1474 2473 1671 2526 aliena:
1700 2472 1845 2541 cogi-
1930 2480 2031 2526 tam
2054 2476 2308 2540 accepisti
2328 2475 2465 2541 quid
2478 2476 2743 2540 gloriaris
2766 2477 2929 2542 quasi
2950 2491 3055 2527 non
3076 2476 3343 2543 acceperis
3360 2480 3386 2527 r
3405 2475 3520 2529 Hoc

295 2562 488 2615 tationis
520 2562 776 2616 tenebras
804 2563 1115 2625 illustrare;
1161 2563 1257 2616 sed
1290 2563 1348 2615 in
1375 2563 1481 2615 hoc
1511 2563 1749 2615 solerter
1766 2561 1846 2613 in-
1930 2563 2087 2633 quasi
2111 2562 2469 2615 insultatores
2498 2563 2733 2632 apostoli
2756 2562 2997 2631 agebant
3029 2579 3130 2633 per
3158 2563 3517 2633 imperitiam.

298 2650 528 2705 tuendum
544 2658 646 2713 est,
669 2657 884 2722 quanta
901 2658 1060 2721 pater
1074 2652 1100 2704 J
1107 2651 1178 2703 ob
1195 2651 1492 2704 severitate
1511 2650 1694 2721 potuit
1710 2650 1848 2703 ﬁlio-
1930 2658 1993 2704 ut
2008 2652 2203 2704 eadem
2222 2651 2531 2716 audientes,
2552 2668 2673 2721 quae
2692 2651 2761 2704 ab
2776 2652 3042 2722 Apostolo
3053 2653 3173 2721 jam
3189 2652 3517 2709 didicerant.

300 2755 397 2795 mm
416 2757 573 2810 opera
594 2741 895 2809 corrigere,
922 2740 1016 2810 qui
1036 2744 1196 2793 tanta
1228 2739 1602 2793 sollicitudine
1634 2738 1850 2792 studuit
1932 2739 2089 2793 illum
2111 2722 2542 2819 evacuantcs,‘de
2560 2740 2762 2793 horum
2778 2739 3101 2809 magisterio
3121 2741 3518 2811 gloriarentur:

294 2828 430 2880 corda
452 2829 738 2891 mundare,
764 2829 862 2898 qui
891 2828 1033 2882 dixit
1054 2828 1124 2881 de
1143 2827 1273 2880 ﬁliis
1292 2828 1409 2881 suis
1433 2847 1443 2879 :
1478 2829 1555 2880 Ne
1582 2830 1720 2895 forte
1736 2843 1850 2894 ρεσ-
1932 2828 2252 2898 eloquentia
2281 2829 2430 2881 enim
2454 2829 2830 2882 commendati
2851 2828 3263 2899 praedicationis
3283 2829 3520 2900 gloriam

294 2920 501 2973 dicerint
536 2920 647 2983 ﬁlii
684 2920 813 2981 mei,
851 2923 899 2969 et
948 2918 1320 2971 benedircriut
1364 2919 1465 2970 Deo
1499 2920 1561 2969 in
1600 2917 1851 2969 cordibus
1933 2917 1991 2970 in
2018 2934 2078 2969 se
2099 2916 2496 2970 convertebant
2527 2935 2537 2969 :
2564 2918 2862 2987 Apostolus
2885 2934 3013 2970 vero
3044 2933 3103 2971 se
3136 2917 3524 2988 contemptibi-

293 3006 387 3055 θυῖε
412 3007 531 3061 (Job.
569 3012 627 3074 ι).
662 3005 807 3068 Quid
840 3005 911 3058 ad
944 3006 1057 3059 haec
1087 3010 1330 3058 rectores
1358 3005 1605 3058 fidelium
1637 3005 1847 3067 dicunt,
1934 3006 2045 3057 lem
2065 3006 2283 3058 volebat
2302 3005 2494 3067 videri,
2513 3006 2817 3059 dummodo
2833 3005 2933 3058 Dei
2953 3006 3192 3075 gloriam
3212 3005 3524 3059 faceretac—

294 3091 773 3163 quidiscipulorum
798 3110 1035 3147 suorum
1055 3099 1112 3146 et
1130 3100 1325 3163 aperta
1352 3111 1523 3164 opera
1556 3094 1817 3147 nesciunt
1832 3094 1853 3144 Υ
1935 3094 2285 3164 ceptabilem.
2332 3096 2555 3162 (Maca)
2592 3096 2735 3147 Ante
2778 3095 2967 3147 omnia
3013 3095 3186 3164 igitur
3224 3094 3523 3165 Apostolus

293 3180 402 3247 quid
421 3182 471 3233 in
505 3199 606 3235 sua
640 3183 997 3235 excusatione
1024 3182 1291 3251 cogitant,
1318 3183 1411 3252 qui
1446 3183 1503 3235 in
1536 3181 1851 3235 commissis
1869 3181 1914 3240 Ο
1931 3183 2308 3236 humilitatem
2332 3183 2448 3236 suis
2469 3183 2816 3236 auditoribus
2840 3184 3212 3245 commendat,
3241 3189 3304 3236 ut
3324 3184 3383 3237 in
3404 3183 3527 3254 ipsa

295 3267 491 3323 sibinec
508 3271 742 3325 vulnera
776 3270 1061 3324 actionum
1093 3271 1333 3324 curant?
1379 3272 1601 3331 (ΜΑυῃ.)
1642 3270 1850 3334 ρυξενὶ-
1930 3271 2162 3325 stabiliti
2197 3278 2364 3342 atque
2408 3271 2755 3336 consolidati,
2796 3271 3068 3342 superbizn
3103 3277 3158 3326 et
3190 3272 3525 3343 arrogantia:

292 3361 372 3408 tur
399 3366 574 3412 autem
607 3376 707 3415 cur
740 3360 947 3412 Paulus
981 3359 1300 3413 Corinthios
1336 3359 1683 3429 prohibuerit
1719 3366 1849 3412 ante
1932 3361 2156 3413 ruinam
2182 3366 2431 3414 caveant.
2456 3360 2613 3414 Unde
2637 3367 2693 3413 et
2713 3360 2845 3414 alibi
2869 3361 3004 3413 dicit
3022 3362 3074 3427 (Ι
3097 3361 3217 3415 Cor.
3241 3361 3528 3429 m):Nemo

296 3450 489 3516 tempus
505 3448 779 3517 judicare,
805 3465 933 3501 cum
965 3449 1035 3500 ad
1078 3448 1462 3519 Philippenses
1496 3448 1743 3501 scribens
1772 3448 1852 3500 di-
1933 3453 2205 3517 glorietur
2226 3453 2285 3503 in.
2310 3451 2629 3509 hominc;et
2642 3450 2808 3520 paulo
2828 3450 3086 3525 superius
3106 3450 3232 3518 :Qui
3246 3453 3527 3518 gloriatur

291 3540 393 3590 cat:
416 3538 571 3589 Multi
598 3540 747 3592 enim
770 3538 1079 3599 ambulant,
1105 3554 1236 3604 quos
1262 3554 1392 3605 sape
1412 3539 1655 3591 dicebam
1686 3539 1847 3602 vobis,

296 3638 420 3676 nunc
429 3631 609 3678 autem
630 3631 677 3678 ei
695 3630 830 3694 ﬂens
847 3627 985 3688 dico,
1002 3628 1256 3679 inimicos
1273 3630 1452 3680 crucis
1474 3627 1699 3688 Christi,
1720 3643 1853 3693 quo-

294 3724 401 3764 rum
420 3716 540 3779 ﬁnis
570 3717 838 3767 interitus
858 3713 1026 3779 (Phii.
1053 3718 1148 3781 in).
1166 3714 1268 3769 Ille
1288 3731 1421 3783 ergo
1444 3715 1538 3784 qui
1568 3715 1707 3768 alios
1725 3731 1853 3784 pro-

296 3797 449 3858 hibuit
474 3808 605 3856 ante
625 3810 850 3873 tempus
882 3803 1155 3871 judicare,
1192 3803 1312 3873 ipse
1352 3804 1571 3857 videtur
1602 3804 1693 3856 hic
1725 3810 1855 3856 ante

292 3892 485 3957 tempus
512 3906 607 3944 eos
630 3891 932 3960 judicasee,
958 3891 1029 3943 de
1053 3891 1253 3960 quibus
1281 3890 1437 3956 dixit,
1463 3908 1702 3958 quorum
1728 3894 1857 3957 ﬁnis

294 3976 755 4047 intertrimwrcg.)
767 3979 852 4035 Ad
869 3980 1017 4048 quod
1033 3980 1355 4050 responderi
1374 3986 1558 4049 potest
1574 3997 1583 4031 :
1604 3980 1859 4033 Christus

295 4065 371 4131 qui
392 4066 444 4117 in
464 4068 635 4121 Paulo
654 4068 875 4121 locutus
895 4073 996 4133 est,
1020 4068 1211 4123 ﬂatura
1243 4070 1362 4137 jam
1388 4070 1546 4137 quasi
1576 4068 1860 4137 praeterita

293 4156 534 4221 agnoscit,
560 4162 616 4210 et
650 4155 857 4213 idcirco
890 4156 1060 4210 etiam
1096 4158 1269 4210 Paulo
1304 4157 1408 4211 hoc
1438 4157 1676 4221 dicente,
1718 4157 1859 4210 nihil

1936 3538 2137 3608 inquit,
2152 3541 2213 3592 in
2229 3541 2459 3592 Domino
2478 3542 2780 3604 glorietur;
2797 3538 3065 3609 quoniam
3081 3545 3137 3592 et
3157 3539 3397 3592 Iacobus
3417 3538 3520 3592 ait:

1940 3628 2107 3681 Omne
2138 3629 2331 3680 datum
2361 3630 2624 3693 optimmn
2658 3632 2707 3679 et
2726 3644 2882 3680 omne
2903 3628 3110 3679 donum
3134 3629 3438 3694 per/lectum
3466 3628 3529 3679 de

1938 3732 2161 3767 sursum
2193 3721 2264 3767 est
2297 3716 2614 3767 descendens
2636 3731 2670 3767 a
2702 3718 2861 3767 Patre
2883 3715 3353 3781 luminmn,apud
3370 3730 3524 3780 quem

1939 3820 2047 3856 non
2082 3809 2155 3855 est
2187 3805 2600 3863 transmutatio,
2628 3818 2724 3855 nec
2752 3804 3154 3854 ricissitudinis
3185 3802 3529 3854 obumbratio

1946 3895 2075 3959 (Jac.
2121 3892 2179 3955 ι).
2217 3891 2400 3959 [Aug]
2435 3890 2521 3943 illi
2555 3907 2686 3943 vero
2727 3888 2971 3944 haeretici
3022 3888 3234 3960 seipsos
3262 3907 3296 3943 a
3332 3888 3529 3960 seipsis

1935 3981 2117 4051 justos
2139 3980 2256 4032 ﬁeri
2281 3985 2561 4049 putantes,
2585 3979 2741 4049 quasi
2763 3979 2866 4032 hoc
2897 3979 2976 4031 eis
3006 3980 3157 4033 Deus
3181 3979 3417 4042 dederit,
3432 3979 3524 4033 sed

1942 4068 2046 4138 ipsi
2081 4067 2204 4129 sibi,
2232 4084 2343 4120 non
2368 4067 2561 4138 utique
2586 4067 2645 4120 in
2677 4067 2934 4133 Domino,
2967 4067 3063 4121 sed
3094 4068 3151 4121 in
3185 4068 3384 4138 seipsis
3414 4069 3528 4138 glo-

1942 4157 2177 4210 riantur.
2191 4156 2419 4210 Talibus
2440 4156 2575 4209 dicit
2593 4157 2919 4226 Apostolus:
2948 4157 3077 4222 Quis
3098 4162 3245 4210 enim
3271 4164 3319 4210 tc
3336 4159 3533 4211 discer-

294 4250 634 4314 antctempus
651 4244 944 4313 judicavit.
971 4245 1113 4299 Nam
1144 4250 1202 4299 et
1234 4246 1476 4316 Spiritus
1507 4254 1732 4299 sanctus
1762 4262 1860 4316 per
1942 4252 2029 4299 uit
2054 4252 2077 4298 ν
2107 4246 2253 4315 quod
2284 4246 2409 4299 ideo
2439 4246 2591 4309 dicit,
2627 4245 2757 4316 quia
2784 4261 2970 4299 massa
2996 4246 3146 4299 illius
3178 4246 3527 4315 perditionis,

293 4332 580 4398 lpoctolum
622 4334 855 4386 Petrum
893 4334 963 4386 ad
1006 4333 1291 4388 Simonem
1320 4351 1548 4403 magum
1591 4334 1704 4387 ait:
1739 4335 1855 4387 Non
1943 4352 2064 4404 qme
2083 4335 2225 4387 facta
2248 4341 2329 4387 est
2370 4352 2433 4387 ex
2457 4334 2655 4391 Adam,
2682 4351 2793 4387 non
2824 4334 3091 4386 discernit
3120 4334 3425 4401 hominem,
3468 4341 3531 4386 ut

292 4423 356 4469 est
382 4422 474 4472 tibi
496 4438 642 4489 pars,
684 4438 855 4489 neque
881 4437 996 4475 sors
1026 4426 1089 4475 in
1121 4424 1223 4475 hac
1251 4427 1365 4476 vita
1390 4424 1526 4481 (Act.
1564 4428 1696 4491 vm),
1728 4424 1861 4493 quia
1942 4440 2069 4476 eum
2090 4424 2257 4477 faciat
2278 4441 2371 4477 vas
2395 4424 2451 4475 in
2474 4423 2762 4483 honorem,
2783 4423 2967 4475 nonin
2988 4421 3404 4487 contumeliam,
3423 4421 3530 4474 nisi

293 4503 458 4559 futura
472 4509 714 4564 Simonis
734 4510 887 4579 magi
906 4511 1065 4580 quasi
1087 4512 1368 4581 praeterita
1389 4512 1556 4564 Petro
1571 4512 1625 4564 in
1646 4512 1859 4582 Spiritu
1880 4542 1924 4597 Β
1943 4513 2119 4579 Deus;
2144 4512 2238 4565 sed
2260 4512 2527 4583 quoniam
2550 4513 2716 4564 homo
2748 4510 2988 4563 carnalis
3010 4515 3066 4563 et
3097 4510 3342 4563 inaniter
3374 4510 3531 4564 inﬂa-

289 4591 490 4650 fuerant
505 4600 772 4652 revelata:
803 4616 837 4651 a
860 4598 1062 4668 quibus
1081 4606 1269 4653 autem
1286 4600 1477 4654 futura
1497 4606 1559 4653 ut
1577 4598 1861 4671 prieterita
1883 4591 1918 4597 ﬂ
1943 4606 2033 4654 tus
2061 4619 2187 4655 cum
2216 4601 2481 4657 audisset.
2514 4604 2638 4667 quis
2659 4602 2804 4651 enim
2834 4604 2880 4651 te
2908 4600 3213 4652 discernit?
3233 4606 3420 4669 posset
3449 4617 3532 4653 re-

290 4683 500 4738 Ininime
520 4688 796 4753 videntur,
833 4694 967 4742 ante
1003 4694 1228 4760 tempus
1268 4689 1523 4757 judicare
1557 4708 1589 4742 a
1623 4690 1861 4743 Domino
1943 4690 2237 4760 spondere,
2261 4690 2343 4741 vel
2367 4706 2512 4745 voce,
2538 4687 2991 4765 velcogitatione,
3016 4694 3071 4741 et
3090 4688 3291 4755 dicere,
3319 4689 3533 4743 Discer-

289 4772 651 4839 prohibentur,
665 4776 737 4829 de
753 4775 955 4846 quibus
974 4783 1033 4833 et
1050 4794 1150 4847 per
1170 4776 1499 4847 prophetam
1524 4778 1861 4849 increpando
1944 4779 2028 4832 nit
2068 4796 2156 4830 me.
2178 4778 2313 4831 fides
2338 4795 2479 4835 mea,
2502 4776 2768 4829 discernit
2793 4794 2880 4829 me
2900 4778 3078 4831 oratio
3098 4795 3240 4843 mea,
3267 4778 3533 4833 discernit

288 4857 506 4915 dicitur:
550 4865 626 4917 νδ
652 4866 741 4918 his
765 4868 867 4933 qui
893 4867 1223 4934 praphetan:
1246 4869 1308 4919 de
1340 4869 1494 4919 corde
1521 4884 1619 4920 suo
1647 4868 1858 4937 (Ezech.

289 4960 387 5015 Iul)
408 4969 420 5011 :_
442 4952 511 5004 de
531 4951 694 5007 colde
724 4970 969 5024 namque
990 4956 1326 5025 prophetare
1361 4962 1447 5009 est
1481 4972 1547 5008 ex
1579 4956 1697 5009 sola
1731 4973 1864 5027 prae-

288 5040 607 5108 sumptione,
631 5058 740 5095 non
765 5059 865 5112 per
886 5043 1147 5113 spiritum
1174 5044 1383 5114 aliquid
1407 5045 1611 5098 dicere.

349 5127 465 5182 Hoc
479 5136 683 5195 autent,
711 5133 936 5198 fratres,
956 5135 1359 5200 transﬁgurari
1387 5137 1445 5187 in
1470 5151 1553 5186 mc
1574 5140 1621 5187 ct
1650 5134 1857 5201 Apollo,

284 5222 493 5283 me‘
510 5234 613 5282 vos,
640 5225 704 5272 ut
735 5222 797 5277 in
815 5222 969 5273 nobis
995 5223 1225 5277 discuti:
1248 5238 1315 5275 ne
1341 5239 1513 5290 supra
1533 5239 1701 5290 quam
1732 5226 1867 5275 scri-

285 5308 429 5368 ptum
460 5312 554 5369 ωι,
579 5322 726 5360 unus
764 5310 1023 5362 adversus
1049 5313 1291 5363 alterum
1325 5313 1556 5379 infletur
1590 5328 1691 5379 pm
1730 5314 1861 5365 alio.

291 5390 507 5453 (Αιηὺνιὶ
555 5395 994 5466 Transﬁguravit
1020 5398 1135 5455 hac
1193 5399 1251 5451 in
1292 5415 1351 5451 se
1390 5406 1447 5453 et
1492 5401 1707 5469 Apollo,
1732 5400 1865 5460 dum

290 5482 869 5553 picudoapostolorum
898 5486 1107 5555 glorias
1125 5493 1181 5541 et
1212 5487 1544 5541 traditiones
1582 5505 1867 5558 perversas

290 5568 384 5621 sub
413 5586 520 5624 sua
551 5588 787 5643 penem
821 5582 879 5628 et
901 5576 1100 5645 Apollo
1126 5582 1373 5641 evacuat,
1397 5579 1720 5631 summatim
1744 5578 1866 5630 illos

291 5656 602 5730 dum,
621 5678 736 5719 non
753 5663 1103 5733 singulatim,
1127 5681 1199 5719 ne
1218 5667 1403 5736 major
1417 5666 1561 5720 forte
1588 5666 1866 5721 discordia

1946 4884 2036 4920 me
2046 4867 2265 4937 justitia
2286 4884 2413 4918 mea
2431 4884 2442 4927 ;
2469 4882 2593 4919 mox
2610 4866 2907 4936 Apostolus
2925 4867 3166 4921 occurrit
3183 4867 3533 4937 cogitationi-

1946 4955 2047 5009 hus
2077 4957 2199 5025 ejus
2231 4960 2287 5007 et
2314 4955 2487 5008 dixit:
2524 4956 2666 5021 Quid
2694 4959 2842 5009 enim
2883 4958 3042 5009 habes
3066 4958 3210 5024 quod
3240 4973 3347 5009 non
3384 4974 3532 5011 acce-

1943 5049 2115 5112 pisti?
2137 5046 2198 5099 Si
2228 5051 2408 5097 aulcm
2444 5048 2714 5111 accepisti,
2749 5047 2887 5112 quid
2910 5047 3194 5111 gloriaris,
3232 5049 3395 5111 quasi
3424 5062 3528 5098 non

1946 5137 2211 5200 acceperis
2230 5139 2253 5185 Ρ
2270 5133 2359 5187 Sic
2375 5132 2524 5185 enim
2544 5133 2877 5201 gloriantur,
2902 5133 3059 5203 quasi
3091 5148 3202 5185 non
3218 5133 3534 5203 acceperint

1948 5222 2041 5292 qui
2062 5238 2121 5274 se
2153 5222 2712 5291 aseipsisjustiiicari
2738 5227 2957 5291 putant,
2986 5238 3048 5274 ac
3080 5238 3181 5291 per
3215 5222 3320 5275 hoc
3358 5222 3417 5276 in
3449 5240 3531 5277 se-

1950 5311 2102 5380 ipsis,
2128 5327 2239 5363 non
2274 5311 2329 5363 in
2366 5311 2603 5380 Domino
2634 5311 2966 5379 gloriantur.
3019 5312 3213 5378 (Greg)
3254 5311 3442 5365 Sancti
3476 5312 3532 5365 hi

1949 5399 2051 5452 viri
2071 5399 2255 5452 sciunt
2272 5406 2396 5469 post
2426 5399 2593 5469 primi
2628 5400 2876 5470 parentis
2910 5401 3129 5469 lapsum
3166 5400 3233 5453 de
3265 5401 3537 5471 corrupti-

1951 5488 2045 5541 bili
2069 5489 2243 5559 stirpe
2265 5507 2324 5541 se
2350 5488 2546 5547 editos.
2574 5494 2629 5541 et
2649 5505 2759 5541 non
2778 5489 2983 5542 virtute
3006 5488 3250 5558 propria,
3276 5489 3373 5542 sed
3400 5506 3536 5559 prae-

1949 5578 2206 5630 veniente
2229 5594 2471 5647 superna
2488 5578 2690 5649 gratia,
2706 5577 2777 5630 ad
2793 5577 3025 5630 meliora
3043 5593 3101 5629 se
3116 5584 3246 5630 vota
3263 5578 3348 5630 vel
3370 5593 3535 5651 Opera

1949 5672 2339 5732 commutatae,
2356 5671 2412 5720 et
2432 5664 2704 5736 quidquid
2722 5664 2829 5719 sibi
2848 5666 2982 5719 mali
3002 5665 3184 5720 inesse
3199 5672 3537 5735 cognoscunt
