3900 6196
382 393 448 446 47
931 446 937 450 ,
977 391 1040 443 Β.
1083 388 1350 443 ΒΑΒΑΝΙ
1392 388 1621 442 MAURI
1659 337 1971 464 hRCHIEP

2055 388 2358 442 HOGUNT.
2401 389 2696 443 OPERUM
2734 391 2917 444 PARS
2956 391 3053 445 ΙΙΙ.

3581 395 3656 452 48

385 518 454 570 de
482 516 708 570 mortali
745 515 1050 586 propagine
1087 512 1341 566 sentiunt
1369 512 1668 578 meritum;
1703 512 2036 582 quidquidA
2055 513 2252 578 Deum,
2288 513 2510 582 sapiens
2539 513 2760 566 videtur
2795 513 3116 568 mundanis.
3151 515 3258 569 Nos
3286 519 3527 582 inﬁrmi,
3562 534 3654 572 vos

382 623 512 659 vero
541 606 600 659 in
621 622 680 658 se
701 603 833 658 boni
855 602 1160 672 inspiciunt
1178 601 1514 654 immortalis
1544 600 1740 670 gratia:
1776 617 1975 670 cogno-

383 699 548 750 scunt
569 695 797 756 donum,
841 692 1002 762 eique
1043 691 1110 744 de
1157 695 1382 760 accepto
1421 706 1654 743 munere
1694 689 1974 742 debitores

384 785 545 849 ﬁunt,
572 782 668 853 qui
685 787 740 834 et
759 778 1146 850 praeveniendo
1161 779 1316 832 dedit
1336 778 1417 831 eis
1436 778 1645 832 bonum
1663 779 1804 831 velle
1827 778 1974 848 quod

383 873 699 934 noluerant,
741 875 799 922 et
829 867 1220 938 subsequendo
1255 867 1530 920 concessit
1563 867 1773 920 bonum
1813 884 1975 938 posse

383 960 531 1032 quod
547 957 925 1014 volunt.Unde
939 956 1082 1012 bene
1102 951 1204 1026 per
1217 957 1489 1008 Joannem
1514 955 1722 1010 dicitur
1743 973 1753 1007 :
1770 956 1808 1009 A
1817 958 1976 1010 (lora-

380 1053 581 1103 verunt
599 1050 868 1102 viventem
889 1049 951 1099 in
973 1048 1168 1099 secula
1179 1047 1522 1109 seculorum,
1541 1047 1814 1098 mittentes
1831 1061 1974 1098 coro-

380 1154 482 1192 nas
510 1153 640 1191 suas
671 1140 800 1190 ante
828 1136 1092 1188 thronum
1122 1134 1350 1186 Domini
1380 1131 1566 1202 (Apoc.
1601 1137 1698 1201 Iv).
1725 1133 1973 1187 Coronas

379 1242 625 1297 namque
645 1241 777 1279 suas
795 1229 927 1276 ante
945 1223 1216 1275 thronum
1239 1221 1466 1274 Domini
1485 1222 1730 1286 mittere,
1755 1227 1842 1276 est
1861 1238 1975 1274 cer-

379 1315 661 1370 taminum
681 1328 913 1368 suorum
932 1309 1194 1364 victorias
1219 1326 1331 1363 non
1351 1309 1458 1362 sibi
1471 1309 1738 1376 tribuere,
1763 1311 1860 1364 sed
1880 1327 1976 1364 au-

379 1403 540 1471 ctori,
563 1408 630 1458 ut
650 1401 720 1456 ad
737 1401 899 1454 illum
933 1399 1182 1453 referant
1197 1399 1438 1467 gloriam
1474 1399 1676 1465 laudis,
1716 1415 1751 1452 a
1781 1416 1890 1470 quo
1911 1415 1972 1452 se

379 1492 566 1547 sciunt
602 1491 750 1544 vires
787 1488 1066 1559 accepisse
1123 1487 1514 1542 certaminum.
1553 1490 1678 1542 Jam
1729 1491 1974 1542 saturati

379 1583 655 1648 estis,jam
669 1580 860 1632 divites
871 1579 1009 1645 facti
1018 1579 1144 1630 estis
1157 1595 1173 1640 ;
1189 1579 1307 1630 sine
1323 1578 1475 1630 nobis
1493 1580 1754 1644 regnatis.
1765 1575 1972 1645 (Amb.)

381 1669 571 1724 Ironia
607 1673 712 1731 est,
738 1667 884 1720 sicut
904 1665 1099 1719 dicunt
1121 1683 1131 1717 :
1151 1665 1448 1719 irascentis
1470 1665 1622 1718 enim
1642 1665 1808 1719 verba
1822 1671 1972 1732 sunt,

2055 607 2240 654 autem
2267 603 2450 668 fortes.
2482 601 2697 656 Inﬁrmi
2727 601 2871 668 ideo,
2905 602 3038 672 quia
3067 601 3188 656 sine
3218 603 3562 672 adulatione,
3597 613 3659 660 et

2056 705 2184 742 cum
2218 689 2461 743 stultitia
2497 689 2642 744 sicut
2672 689 2892 744 videtur
2925 691 3243 754 mundanis,
3287 693 3660 762 praedicantes

2059 777 2344 832 Christum
2373 778 2596 848 injuriis
2627 778 3086 848 subjiciebantur.
3116 781 3204 844 Vos
3231 786 3418 834 autem
3446 785 3616 850 fortes
3638 803 3654 836 :

2058 865 2182 919 ideo
2205 866 2396 932 fortes,
2429 867 2561 937 quia
2590 867 2670 920 sic
2699 867 3110 938 proﬁtebantur
3142 869 3450 934 Christum,
3478 889 3550 925 ne
3581 871 3660 925 of-

2056 954 2351 1009 fenderent
2385 956 2658 1019 homines,
2711 961 2776 1008 ut
2815 962 3003 1010 essent
3045 957 3244 1011 securi.
3294 960 3382 1012 Vos
3427 962 3655 1014 nobiles.

2057 1042 2164 1106 Qui
2180 1044 2332 1097 enim
2348 1044 2635 1098 Christum
2652 1061 2765 1098 non
2779 1044 3006 1109 fatetur,
3023 1045 3155 1116 quia
3169 1045 3407 1100 Abrahae
3419 1048 3661 1118 promis-

2057 1149 2152 1186 sus
2181 1139 2284 1197 est,
2313 1138 2371 1187 et
2389 1131 2458 1186 ab
2473 1133 2636 1186 initio
2656 1133 2990 1203 praedicatus
3006 1139 3109 1199 est,
3125 1134 3216 1188 hic
3234 1133 3438 1188 nobilis
3456 1145 3659 1191 contra

2057 1221 2344 1275 Christum
2356 1227 2460 1285 est,
2477 1221 2610 1292 quia
2619 1221 3016 1292 antiquitatem
3027 1223 3290 1294 promissi
3301 1223 3511 1280 Christi
3521 1225 3654 1280 aliis

2057 1310 2310 1380 deputat.
2343 1312 2449 1364 Nos
2475 1316 2662 1364 autem
2691 1312 2971 1378 ignobiles.
3007 1311 3274 1381 Ignobilis
3302 1313 3514 1368 mundo
3543 1322 3653 1376 est,

2058 1399 2154 1468 qui
2176 1398 2483 1458 Christum,
2513 1399 2660 1468 quod
2681 1399 2926 1453 mundus
2945 1399 3204 1470 denegat,
3244 1401 3314 1454 ab
3347 1401 3511 1455 initio
3527 1420 3660 1474 pro-

2057 1489 2282 1541 ﬁtetur:
2310 1487 2427 1540 hinc
2460 1487 2634 1557 igitur
2671 1487 2862 1542 omnia
2894 1505 3066 1560 supra
3101 1489 3269 1565 dicta,
3293 1506 3414 1560 quae
3443 1507 3658 1562 negare

2057 1576 2295 1640 videtur,
2319 1577 2633 1642 conﬁrmat,
2659 1583 2716 1630 et
2735 1594 2857 1648 quae
2880 1578 3038 1648 quasi
3077 1579 3410 1632 conﬁrmare
3432 1580 3662 1634 videtur

2059 1671 2246 1734 negat,
2280 1664 2573 1719 irascentis
2598 1665 2750 1719 enim
2774 1665 2943 1719 verba
2963 1672 3096 1720 sunt
3120 1667 3216 1737 qui
3253 1669 3508 1738 negando
3529 1686 3663 1723 con-

384 1775 496 1812 non
517 1754 922 1820 conﬁrmantis,
947 1753 1005 1807 in
1027 1753 1230 1823 quibus
1251 1753 1402 1807 enim
1434 1759 1595 1808 tanta
1611 1754 1748 1808 vitia
1766 1754 1972 1825 arguit,
2059 1755 2252 1807 ﬁtetur
2282 1760 2339 1808 et
2365 1755 2682 1808 conﬁtendo
2710 1760 2898 1824 negat.
2927 1757 3094 1824 Usque
3123 1759 3184 1809 in
3217 1757 3362 1810 hanc
3389 1759 3588 1812 horam
3609 1764 3664 1812 et

385 1861 622 1916 regnare
641 1844 767 1898 illos
785 1843 938 1907 dicit,
965 1842 1046 1896 sic
1066 1843 1216 1896 enim
1247 1841 1524 1913 putabant
1560 1843 1868 1912 gloriantes
1903 1843 1974 1896 de
1993 1825 2040 1886 B
2059 1845 2350 1908 esurimus,
2385 1848 2435 1896 et
2462 1847 2700 1908 sitimus,
2737 1849 2785 1896 et
2816 1845 2958 1897 nudi
2986 1861 3194 1909 sumus,
3235 1850 3284 1898 et
3315 1847 3655 1912 laboramus,

382 1936 470 1990 his
500 1950 622 2004 quae
650 1950 686 1987 a
710 1930 1191 2004 pseudoapostolis
1230 1931 1628 1985 tradebantur:
1663 1933 1730 1986 Et
1754 1935 1977 1985 utinam
2059 1937 2338 1999 operantes
2367 1933 2626 1985 manibus
2648 1935 2869 1984 nostris.
2888 1931 3086 1986 Libere
3117 1932 3267 1986 enim
3298 1939 3355 1986 et
3377 1934 3540 2003 juxta
3569 1951 3662 1988 ve-

381 2026 635 2093 regnetis,
669 2026 801 2075 utet
827 2037 921 2074 nos
942 2021 1214 2074 vobiscum
1236 2036 1542 2088 regnemus.
1565 2021 1638 2074 Ut
1665 2020 1790 2090 pius
1817 2025 1980 2090 pater
2061 2036 2181 2073 ram
2220 2019 2389 2073 ﬁdem
2412 2020 2534 2073 sine
2563 2020 2754 2090 aliqua
2783 2021 3106 2074 adulatione
3140 2021 3426 2075 Christum
3457 2023 3660 2093 praedi-

384 2113 556 2168 etiam
573 2109 810 2181 ingratis
829 2109 960 2162 ﬁliis
980 2109 1121 2162 bene
1141 2115 1316 2179 optat,
1335 2107 1430 2179 qui
1447 2108 1597 2162 enim
1615 2109 1736 2162 ﬁeri
1757 2114 1978 2180 poterat
2059 2114 2250 2162 cantes
2272 2114 2329 2162 et
2347 2114 2509 2178 gesta
2529 2125 2712 2178 prava:
2733 2109 2859 2163 vitae
2879 2116 3198 2180 arguentes,
3220 2110 3463 2180 gratiam
3503 2112 3658 2182 apud

364 2209 448 2258 ‘ut
465 2202 587 2256 sine
607 2198 877 2270 apostolis
898 2197 1238 2266 regnarent?
1260 2196 1543 2268 Quidquid
1579 2197 1729 2251 enim
1763 2215 1875 2252 non
1907 2197 1977 2252 ab
2059 2197 2316 2252 homines
2335 2214 2447 2251 non
2465 2197 2766 2263 habebant,
2781 2203 2839 2251 et
2857 2198 3364 2268 colaphizabantur,
3388 2199 3444 2252 id
3465 2205 3553 2254 est
3572 2200 3659 2254 in-

384 2288 654 2362 apostolis
679 2285 954 2341 traditum
981 2291 1069 2338 est
1087 2284 1389 2339 sceleribus
1405 2286 1634 2356 plenum
1655 2291 1741 2340 est
1765 2304 1776 2338 :
1797 2286 1875 2340 sic
1894 2292 1978 2340 ta-
2053 2287 2222 2357 juriis
2241 2285 2570 2356 agebantur,
2597 2293 2654 2340 et
2687 2285 2979 2341 instabiles
3014 2293 3194 2354 erant,
3219 2287 3352 2358 quia
3382 2287 3656 2358 fugaban-

383 2396 516 2434 men
533 2377 717 2432 fuerat
755 2374 892 2428 ordo
914 2373 1118 2440 dicere,
1143 2379 1208 2428 ut
1239 2373 1531 2428 nobiscum
1576 2375 1842 2443 regnetis,
1877 2375 1974 2429 sed

383 2468 518 2540 quia
545 2465 914 2538 praemiserat,
947 2469 994 2516 et
1038 2465 1261 2517 utinam
1299 2467 1553 2531 regnetis,
1588 2463 1754 2517 aliter
1790 2464 1974 2518 dicere

384 2574 496 2612 non
517 2554 718 2626 potuit,
743 2552 854 2606 nisi
891 2557 958 2605 ut
990 2557 1048 2604 et
1078 2568 1180 2604 nos
1209 2550 1496 2604 vobiscum
1527 2569 1846 2621 regnemus.
1873 2554 1976 2607 Re-

379 2661 555 2716 gnare
575 2648 767 2696 autem
805 2644 891 2692 est
921 2639 990 2692 de
1025 2656 1123 2708 spe
1167 2645 1225 2692 et
1260 2639 1550 2708 promissis
1587 2641 1794 2694 Christi
1823 2659 1976 2696 secu-

383 2749 512 2788 rum
538 2747 679 2796 esse,
707 2735 766 2782 et
780 2727 1027 2798 gaudere
1045 2727 1104 2780 in
1127 2727 1215 2779 his
1240 2743 1362 2797 quae
1387 2727 1620 2782 adversa
1636 2735 1866 2800 propter
1879 2747 1975 2784 no-

384 2815 526 2876 men'
545 2817 755 2874 Christi
797 2816 1101 2870 accedunt:
1139 2815 1359 2870 lucrum
1393 2815 1544 2870 enim
1572 2817 1830 2884 afferunt,
1864 2835 1976 2874 non

382 2905 988 2972 detrimentum;unde
1019 2904 1130 2958 alio
1160 2904 1280 2958 loco
1311 2904 1448 2958 dicit
1469 2905 1680 2973 (IICo-r.
1701 2909 1818 2974 xu):
1841 2907 1976 2962 Cum

381 3001 662 3068 inﬁrmor,
697 3001 830 3049 tunc
853 2998 1039 3062 potens
1067 3009 1212 3046 sum.

453 3090 590 3142 Puto
613 3087 762 3140 enim
791 3085 932 3137 Deus
963 3099 1058 3136 nos
1096 3083 1416 3136 novissimos
1450 3085 1713 3150 apostolos
1743 3087 1975 3140 ostendit

2057 2382 2170 2441 tur,
2195 2392 2264 2429 ne
2286 2375 2346 2428 in
2380 2375 2501 2429 loco
2535 2375 2632 2428 diu
2663 2382 2956 2430 manentes
2992 2376 3181 2446 plures
3207 2376 3490 2430 docerent.
3518 2377 3653 2432 Ideo

2058 2469 2115 2518 et
2147 2463 2406 2518 manibus
2443 2463 2840 2534 operabantur,
2867 2464 3001 2534 quia
3038 2481 3151 2518 non
3189 2465 3370 2518 solum
3407 2465 3657 2536 gratiam

2057 2555 2206 2624 apud
2247 2553 2502 2607 homines
2539 2570 2652 2607 non
2691 2553 2989 2620 habebant,
3014 2570 3207 2608 verum
3244 2554 3416 2608 etiam
3450 2555 3522 2608 ab
3563 2556 3655 2610 his

2057 2643 2308 2713 accipere
2332 2642 2627 2712 indignum
2649 2647 2789 2706 erat,
2817 2642 2912 2713 qui
2945 2642 3123 2696 errori
3159 2642 3478 2709 studebant,
3505 2645 3654 2699 sicut

2057 2731 2192 2784 dicit
2211 2731 2269 2784 in
2299 2731 2545 2801 psalmo:
2570 2731 2758 2785 Ole-um
2773 2736 2959 2784 autem
2983 2735 3280 2800 peccatoris
3303 2749 3411 2786 non
3434 2736 3648 2802 impin—

2056 2825 2184 2888 guet
2210 2825 2372 2888 caput
2403 2836 2584 2873 nucum
2615 2819 2784 2889 (Psal.
2805 2823 2951 2887 CXL),
2973 2821 3107 2890 quia
3137 2827 3195 2873 et
3215 2819 3532 2875 libertatem
3563 2838 3653 2875 ar-

2055 2908 2264 2977 guendi
2303 2907 2532 2972 amittit,
2557 2914 2614 2962 et
2634 2913 2844 2979 peccat,
2872 2908 2967 2979 qui
2991 2908 3060 2962 ab
3081 2925 3146 2963 eo
3168 2908 3369 2980 accipit
3407 2909 3502 2980 qui
3529 2927 3656 2980 pec-

2057 3003 2164 3062 cat,
2199 2997 2294 3067 qui
2329 2997 2454 3050 ideo
2483 2997 2581 3050 dat
2599 3013 2670 3050 ne
2698 2997 3051 3068 corripiatur.
3085 2999 3473 3052 dialectici-mur
3490 3005 3540 3052 et
3570 3000 3654 3054 be-

2057 3087 2382 3140 nedieimus.
2417 3086 2561 3140 Male
2587 3091 2896 3140 tractantes
2923 3086 3072 3140 enim
3087 3103 3146 3139 se
3174 3085 3548 3141 hortabantur
3579 3089 3650 3142 ad

381 3177 546 3246 quasi
573 3177 747 3228 morte
774 3173 1087 3226 destinatos.
1109 3171 1228 3224 Hoc
1243 3170 1368 3224 ideo
1385 3187 1634 3240 personae
1661 3189 1774 3227 suae
1804 3173 1975 3244 depu-
1993 3179 2038 3240 ί]
2059 3173 2286 3228 bonum.
2307 3176 2739 3229 Persecutionem
2761 3178 3018 3244 pati-mur
3043 3180 3090 3228 et
3119 3178 3471 3229 sustinemus.
3510 3176 3658 3240 Quia

382 3271 485 3332 tat,
511 3263 645 3334 quia
663 3277 886 3332 semper
905 3260 964 3313 in
985 3259 1317 3314 necessitate
1334 3259 1458 3324 fuit,
1482 3262 1898 3330 persecutiones
1919 3270 1976 3318 et

382 3368 674 3426 pressuras
702 3351 856 3418 ultra
885 3355 1114 3402 caeteros
1150 3365 1367 3419 passus,
1408 3347 1553 3402 sicut
1582 3351 1802 3419 passuri
1841 3359 1975 3407 sunt

383 3442 574 3497 Enoch
595 3445 654 3494 et
670 3439 820 3494 Elias
845 3437 940 3508 qui
959 3437 1158 3491 ultimo
1189 3443 1443 3507 tempore
1475 3436 1649 3490 futuri
1682 3445 1816 3494 sunt
1843 3457 1973 3510 apo-

381 3530 540 3597 stoli;
586 3527 738 3583 mitti
777 3526 928 3580 enim
960 3525 1172 3579 habent
1207 3531 1338 3578 ante
1382 3525 1688 3592 Christum,
1728 3528 1799 3582 ad
1837 3546 1974 3600 prae-

383 3618 697 3692 parandum
717 3615 988 3688 populum
1007 3614 1110 3668 Dei
1139 3620 1195 3668 et
1212 3614 1548 3668 muniendas
1574 3632 1768 3670 omnes
1791 3617 1974 3672 Eccle-

381 3710 495 3764 sias
513 3708 584 3762 ad
606 3704 984 3760 resistendum
1005 3702 1370 3769 Antichristo,
1397 3719 1535 3774 quos
1555 3710 1612 3758 et
1637 3706 1974 3776 persecutio-

379 3816 480 3854 nes
509 3795 628 3868 pati
645 3801 702 3850 et
720 3793 895 3848 occidi
914 3792 1078 3846 lectio
1099 3792 1465 3863 Apocalypsis
1479 3797 1737 3848 testatur.
1757 3795 1972 3850 Horum

379 3904 514 3956 ergo
537 3891 764 3955 tempus
785 3899 887 3936 suo
919 3881 1162 3952 tempori
1190 3881 1534 3952 comparavit
1560 3883 1860 3953 Apostolus
1891 3884 1972 3937 di-

377 3992 528 4041 cens,
553 3963 720 4042 'quasi
754 3973 925 4025 morti
952 3972 1246 4024 destinatos
1281 3988 1296 4022 :
1328 3970 1398 4022 ad
1427 3969 1532 4024 hoc
1562 3972 1712 4024 enim
1748 3973 1972 4026 venturi

377 4067 511 4127 sunt
545 4067 610 4114 ut
628 4059 971 4114 occidantur.

449 4151 592 4218 Quia
621 4149 991 4217 spectaculum
1019 4147 1157 4213 facti
1183 4161 1375 4200 sumus
1404 4147 1536 4200 huic
1555 4149 1776 4213 mundo,
1793 4154 1842 4202 et
1869 4165 1972 4204 an-

374 4243 525 4310 gelis,
542 4243 592 4293 et
613 4236 951 4292 hominibus.
970 4234 1114 4298 Quia
1128 4240 1295 4288 erunt
1315 4235 1694 4304 spectaculum
1710 4242 1767 4289 et
1781 4238 1969 4291 Enoch

376 4337 433 4384 et
453 4329 622 4395 Elias,
644 4342 824 4398 usque
843 4324 982 4378 adeo
1004 4329 1069 4378 ut
1085 4338 1320 4394 corpora
1340 4323 1534 4376 ebrum
1556 4323 1615 4378 in
1637 4325 1823 4394 platea
1844 4343 1969 4396 pro-

2056 3263 2522 3336 persequentibus
2551 3279 2609 3316 se
2628 3279 2740 3316 non
2756 3263 3110 3317 resistebant.
3126 3265 3502 3331 Blasphcmam
3512 3280 3585 3318 ur
3605 3271 3656 3320 et

2055 3355 2417 3407 obsecramus.
2449 3353 2913 3423 Blasphemantes
2945 3353 3097 3406 enim
3125 3351 3400 3421 rogabant
3428 3359 3494 3406 ut
3522 3370 3652 3424 per-

2055 3441 2346 3496 mitterent
2363 3441 2521 3494 reddi
2537 3441 2642 3494 sibi
2661 3441 2957 3495 rationem.
2981 3442 3263 3509 Tanquam
3276 3449 3652 3509 purgamenta

2054 3531 2222 3599 hujus
2249 3531 2455 3583 Mundi
2480 3531 2617 3598 facti
2644 3546 2837 3583 sunms
2865 3531 3117 3582 omnium
3142 3531 3448 3596 peripsema
3481 3546 3653 3598 usque

2052 3620 2252 3672 adhuc.
2287 3619 2411 3672 Non
2440 3617 2752 3671 resistendo
2788 3617 2908 3681 ulli,
2941 3633 3122 3686 neque
3165 3617 3342 3670 vicem
3384 3617 3444 3670 in
3484 3619 3652 3672 malis

2053 3705 2356 3774 reddendo,
2383 3706 2481 3760 sed
2501 3723 2724 3777 semper
2740 3723 2800 3759 se
2818 3705 3182 3776 subjiciendo,
3206 3711 3270 3758 ut
3299 3722 3401 3776 per
3434 3707 3652 3776 patien-

2053 3796 2192 3849 tiam
2213 3800 2538 3866 provocaret
2559 3795 2630 3848 ad
2651 3794 2880 3860 bonum,
2906 3793 3342 3865 contemptibilis
3377 3799 3435 3848 et
3455 3795 3651 3866 despe—

2054 3891 2176 3938 ctus
2204 3883 2404 3951 ﬁebat;
2438 3901 2606 3953 usque
2635 3887 2809 3950 modo,
2843 3883 2900 3936 id
2942 3889 3028 3937 est
3060 3900 3238 3953 usque
3274 3900 3440 3948 nunc,
3473 3884 3646 3938 etiam

2053 3974 2202 4044 apud
2223 3973 2560 4038 Corinthios,
2585 3990 2686 4044 pro
2710 3972 2910 4043 quibus
2932 3973 3048 4026 haec
3069 3989 3192 4042 quas
3227 3989 3399 4043 supra
3435 3989 3646 4027 memo-

2055 4067 2144 4114 rat
2162 4063 2312 4115 mala
2347 4079 2544 4132 passus
2565 4066 2667 4126 est,
2711 4065 2768 4114 et
2788 4061 3054 4131 quoniam
3074 4060 3454 4115 humilitatem
3482 4077 3645 4115 suam

2051 4149 2194 4204 nihil
2223 4151 2492 4220 proﬁcere
2523 4150 2582 4203 in
2616 4149 2704 4203 his
2736 4147 2978 4215 videbat,
3006 4149 3262 4220 queritur
3285 4149 3476 4203 dolore
3497 4165 3646 4203 com—

2050 4243 2236 4292 motus
2271 4242 2490 4291 tantam
2511 4237 2916 4308 subjectionem
2951 4243 3008 4291 et
3037 4237 3275 4308 injurias
3295 4237 3513 4291 nullum
3533 4237 3646 4292 fru-

2050 4333 2202 4381 ctum
2223 4325 2431 4379 habere
2452 4326 2718 4397 potuisse,
2743 4327 2860 4394 sed,
2885 4326 3032 4398 quod
3063 4325 3311 4380 deterius
3334 4331 3438 4390 est,
3463 4325 3523 4380 in
3553 4342 3646 4397 pe-

371 4420 660 4491 jiciantur,
686 4417 747 4470 in
769 4419 1069 4486 conspectu
1087 4411 1261 4466 totius
1281 4411 1470 4482 populi
1489 4411 1732 4466 inﬁdelis
1758 4432 1769 4466 :
1811 4415 1892 4468 ita
1913 4423 1971 4470 et
2045 4417 2140 4488 jus
2169 4414 2484 4486 profecisse.
2521 4417 2642 4470 Non
2683 4421 2746 4468 ut
2775 4417 3112 4482 confundam
3140 4431 3229 4469 vos
3269 4417 3378 4468 haec
3416 4415 3594 4468 scribo
3626 4433 3642 4468 :

376 4496 613 4580 apostoli
636 4505 1015 4577 spectaculum
1047 4501 1178 4556 facti
1214 4506 1365 4567 sunt,
1405 4500 1537 4571 quia
1572 4501 1790 4572 publice
1825 4504 2154 4576 ride-Dhoc
2173 4509 2276 4569 est,
2299 4520 2410 4558 non
2438 4510 2502 4558 ut
2535 4503 2798 4558 ruborem
2831 4503 2986 4557 vobis
3027 4503 3248 4568 faciam,
3293 4504 3410 4557 haec
3438 4502 3639 4560 scribo.

373 4598 581 4651 bantur
612 4594 780 4664 positi
813 4593 883 4647 ad
917 4591 1186 4662 injuriam
1223 4597 1279 4644 et
1316 4595 1557 4644 mortem
1609 4608 1778 4661 quam
1814 4595 1966 4664 passi

374 4691 536 4752 sunt;
569 4682 842 4736 mundum
857 4686 1047 4734 autem
1066 4681 1296 4752 angelos
1313 4685 1372 4734 et
1387 4679 1642 4734 homines
1661 4680 1818 4745 dixit,
1835 4683 1967 4753 quia

376 4781 432 4830 et
459 4770 648 4842 angeli
669 4769 804 4823 mali
831 4775 980 4833 sunt,
1000 4769 1227 4823 'dicente
1257 4769 1431 4824 David
1448 4769 1507 4822 in
1527 4769 1742 4840 psalmo
1769 4788 1780 4824 :
1811 4773 1967 4826 Vexa-

377 4867 466 4918 bat
493 4864 616 4916 illos
640 4874 740 4928 per
768 4861 986 4926 angelos
1006 4861 1179 4911 malos
1197 4861 1364 4926 (Psal.
1383 4863 1618 4928 Lxxvn);
1641 4866 1697 4914 et
1711 4860 1966 4915 homines

316 4989 322 4999 .
375 4951 508 5006 mali
525 4947 815 5010 increduli,
828 4946 918 5000 his
933 4946 1548 5017 apostoloruminjuria:
1561 4947 1966 5004 oblectamento

375 5047 528 5096 sunt.
556 5037 800 5094 Mundus
819 5041 1008 5090 autem
1025 5033 1232 5088 idcirco
1256 5035 1559 5090 inﬁdelitas
1581 5036 1804 5101 dicitur,
1834 5039 1966 5109 quia

373 5129 616 5184 visibilia
630 5125 1014 5198 sequitur.Nos
1041 5127 1202 5177 stulti
1212 5129 1436 5192 propter
1449 5125 1965 5182 ChristumNerum

376 5225 478 5286 est,
510 5216 644 5289 quia
671 5220 926 5270 amantes
955 5212 1244 5268 Christum
1270 5213 1426 5266 stulti
1455 5221 1588 5268 sunt
1616 5216 1845 5270 mundo.
1878 5218 1966 5270 Vos

372 5313 561 5365 autem
581 5306 878 5375 prudentes
906 5305 971 5358 in
990 5303 1223 5359 Christo.
1257 5301 1364 5364 Qui
1393 5303 1640 5372 prudens
1669 5304 1726 5358 in
1744 5305 1964 5360 Christo

369 5397 658 5470 judicatur
692 5411 729 5448 a
761 5392 1010 5464 perﬁdis,
1054 5407 1167 5446 non
1215 5397 1364 5444 recte
1411 5391 1614 5446 asserit
1654 5393 1960 5448 Christum.

374 5484 630 5558 Denique
644 5481 909 5546 Marcion,
927 5479 1059 5551 quia
1073 5484 1243 5550 negat
1256 5478 1460 5534 Filium
1475 5479 1596 5546 Dei,
1613 5488 1671 5536 et
1688 5483 1968 5538 incarnari

377 5575 560 5632 Deum
594 5571 864 5646 potuisse,
889 5569 1136 5640 prudens
1175 5573 1262 5623 est
1300 5567 1544 5636 mundo;
1576 5575 1632 5624 et
1669 5571 1962 5639 Photinus,

379 5663 516 5738 qlia
539 5679 655 5720 non
684 5661 894 5718 fatetur
929 5658 1216 5715 Christum
1252 5675 1353 5731 per
1386 5657 1444 5712 id
1484 5659 1632 5730 quod
1671 5665 1840 5716 natus
1881 5668 1967 5717 est

2048 4594 2144 4648 sed
2174 4601 2238 4648 ut
2269 4592 2579 4664 corrigatis.
2599 4594 2702 4647 Sed
2729 4598 2791 4646 ut
2819 4595 2962 4660 ﬁlios
2992 4610 3133 4648 meos
3151 4593 3504 4647 charissimos
3532 4608 3644 4645 mo~

2049 4700 2164 4736 nec.
2186 4682 2382 4735 Adhuc
2404 4698 2463 4735 se
2492 4681 2800 4752 supplicem
2827 4681 2976 4749 facit,
3001 4699 3072 4736 ne
3103 4681 3364 4752 correpti,
3398 4681 3470 4734 ad
3498 4680 3643 4734 iram

2048 4771 2329 4842 provocati
2369 4770 2782 4825 admonitiones
2823 4772 2944 4841 ejus
2963 4775 3312 4842 spernerent,
3355 4769 3412 4823 id
3443 4769 3563 4840 agit
3580 4776 3645 4824 ut

2047 4860 2298 4914 medicus
2335 4859 2616 4924 salutaris,
2661 4859 2756 4930 qui
2787 4859 3082 4931 putamina
3117 4858 3513 4929 [putredinem]
3550 4857 3644 4912 ab-

2049 4949 2306 5003 scindens
2327 4949 2578 5003 dolorem
2609 4948 2832 5004 illatum
2863 4966 2961 5019 spe
2993 4955 3050 5001 et
3079 4947 3366 5002 blanditiis
3395 4947 3640 5017 mitigat,

2048 5044 2113 5092 ut
2131 5055 2278 5108 aeger
2295 5055 2355 5092 se
2374 5037 2558 5092 curari
2579 5039 2888 5108 permittat.

2119 5128 2264 5182 Nam
2293 5129 2344 5181 si
2371 5129 2546 5181 decem
2577 5129 2762 5181 millia
2787 5127 3211 5195 paedagogorum
3239 5125 3549 5180 habueritis
3580 5128 3658 5177 in-

2049 5216 2280 5280 Chrislo,
2329 5217 2421 5270 sed
2467 5232 2578 5270 non
2619 5219 2820 5270 multos
2855 5221 3087 5284 patres:
3131 5229 3232 5283 per
3277 5214 3643 5282 Evangelium
3681 5265 3694 5274 ,

2046 5307 2197 5359 enim
2223 5321 2316 5374 ego
2343 5321 2433 5358 vos
2448 5307 2638 5374 genui.
2657 5303 2758 5358 His
2786 5303 2950 5358 dictis
2969 5303 3216 5359 ostendit
3232 5303 3452 5358 nullum
3480 5317 3644 5374 posse

2048 5410 2113 5448 eo
2134 5395 2334 5449 aﬁectu
2361 5393 2596 5465 diligere
2623 5392 2768 5460 illos,
2793 5409 2902 5464 quo
2921 5393 3042 5464 ipse
3072 5409 3167 5447 eos
3194 5389 3481 5462 diligebat.
3506 5389 3644 5454 Quis

2050 5483 2200 5536 enim
2223 5483 2437 5537 alienos
2461 5482 2606 5536 ﬁlios
2625 5481 2740 5536 suis
2770 5487 3061 5554 praeponat
3090 5482 3149 5535 in
3183 5479 3412 5536 amore?
3445 5495 3511 5534 ac
3542 5494 3645 5549 per

2048 5571 2153 5627 hoc
2189 5572 2406 5626 monita
2421 5571 2544 5642 ejus
2564 5570 2660 5642 qui
2688 5577 2745 5624 et
2764 5588 2864 5642 pro
2883 5571 2971 5626 his
2989 5575 3152 5625 tanta
3166 5570 3315 5625 mala
3333 5585 3532 5641 passus
3555 5572 3642 5622 est

2047 5679 2160 5718 non
2189 5659 2394 5716 debere
2421 5677 2520 5716 eos
2539 5661 3052 5732 spernere.0bsecro
3075 5677 3182 5727 vos,
3203 5661 3508 5716 imitatores
3530 5659 3640 5714 mei
