3900 6196
291 280 351 340 49

734 283 1318 344 ENARRATIONUM
1356 288 1434 342 IN
1474 288 1625 343 EPP.
1670 289 1882 344 PAULI
1920 290 2056 344 LIB.
2099 288 2193 344 IX.
2229 309 2293 328 —-'—
2323 289 2399 342 IN
2426 256 2659 341 κΕΡΙΞΤ.
2704 288 2725 341 Ι
2764 289 2859 342 AD
2899 290 3059 345 COR.

3481 290 3546 345 50

288 416 436 464 estote.
461 404 507 462 Ο
548 407 953 465 behevolenﬂa
976 412 1154 466 sancti
1181 412 1440 483 apostoli,
1483 414 1579 483 qui
1610 413 1931 475 obsecratA
1952 416 2037 469 Ita
2070 419 2131 467 ut
2164 429 2385 466 uxorem
2412 416 2595 481 patris
2618 416 2743 480 quis
2765 414 2975 469 habeat.
2998 416 3275 471 Praemissi
3292 417 3543 472 criminis

288 499 408 552 ﬁlios
418 503 477 550 ut
486 496 794 552 imitentur
804 508 1046 570 patrem,
1061 502 1165 554 hoc
1177 507 1262 554 est
1286 508 1483 571 sponte
1503 510 1663 571 rogat
1687 520 1864 573 aegros

283 593 335 640 ut
356 585 614 656 recipiant
643 588 1021 643 medicinam!
1058 591 1121 643 In
1138 590 1225 644 his
1245 595 1434 644 tamen
1446 591 1667 645 suiillos
1682 592 1867 645 imita-

278 681 410 729 tores
432 675 547 728 vult
575 693 725 741 esse,
750 686 815 731 ut
844 678 989 733 sicut
1020 679 1109 732 hic
1137 680 1317 733 multa
1347 680 1514 734 exitia
1551 697 1651 751 pro
1684 682 1863 735 salute

276 762 479 818 illorum
504 763 574 818 ab
610 765 917 822 incredulis
946 785 1146 839 passus
1176 776 1280 833 est,
1302 775 1357 822 et
1369 786 1481 824 non
1493 770 1678 829 cessit,
1697 770 1862 824 dum-

276 855 424 907 modo
453 872 549 924 per
587 854 711 908 dies
753 862 813 910 et
843 864 1036 912 noctes
1073 858 1478 927 evangelizaret
1510 858 1620 912 illis
1651 859 1861 913 donum

275 943 454 1013 gratia:
480 943 579 997 Dei
613 961 624 995 :
662 944 745 998 ita
776 951 837 999 et
863 946 945 1000 illi
976 953 1268 1001 manentes
1298 946 1355 1000 in
1386 948 1497 1001 ﬁde
1527 948 1647 1018 ejus
1678 952 1734 1001 et
1760 947 1861 999 do-

278 1032 461 1095 ctrina,
490 1049 597 1086 non
630 1034 953 1105 reciperent
982 1036 1249 1089 falsorum
1282 1037 1661 1107 apostolorum
1692 1053 1863 1107 prava

281 1130 596 1181 commenta,
629 1125 730 1176 sed
761 1124 1091 1178 resisterent
1116 1132 1539 1179 contemnentes
1564 1126 1863 1196 Opprobria

281 1216 367 1263 aut
390 1210 790 1279 detractiones,
813 1220 876 1267 ut
886 1214 1031 1284 patri
1047 1231 1148 1268 suo
1167 1214 1405 1284 spiritali
1427 1214 1755 1268 inviolatum
1771 1231 1859 1267 re-

191 1294 199 1301 ’
284 1307 552 1354 servarent
566 1302 853 1356 allectum.
872 1304 993 1356 Ideo
1020 1306 1153 1356 misi
1168 1305 1243 1357 ad
1262 1320 1349 1356 vos
1385 1305 1741 1367 Timotheum,
1763 1307 1862 1372 qui

278 1392 501 1454 est/Elius
523 1407 676 1443 meus
699 1393 1082 1456 charissimus,
1107 1398 1154 1445 et
1176 1394 1349 1459 ﬁdelis
1364 1395 1423 1446 in
1448 1395 1698 1447 Domino.
1724 1394 1861 1447 Hor-

274 1484 414 1530 tatur
443 1478 567 1532 illos
592 1480 657 1533 in
688 1480 795 1533 hoc
824 1480 1021 1534 eodem
1051 1480 1364 1547 Timotheo,
1391 1498 1557 1551 quem
1584 1482 1711 1536 ideo
1734 1483 1861 1535 cha—

1948 502 2196 573 prodidit
2229 519 2427 571 genus,
2468 508 2532 555 ut
2569 518 2680 554 non
2722 504 2902 556 solum
2940 504 3099 558 illum
3142 513 3335 577 aperte
3378 522 3537 560 reum

1947 591 2145 644 mortis
2172 590 2379 644 faceret
2409 609 2420 643 :
2454 591 2551 643 sed
2583 590 2931 646 adhaerentes
2959 594 3039 646 illi
3068 610 3179 648 non
3198 595 3477 649 immunes
3510 612 3543 650 a

1946 679 2177 733 crimine
2191 680 2622 745 demonstraret,
2644 678 2702 733 in
2717 696 2827 750 quo
2851 682 3000 734 enim
3019 683 3244 737 difﬁcile
3258 690 3538 755 peccatur,

1946 769 2071 839 plus
2085 768 2215 823 facit
2227 785 2404 823 reum.
2430 768 2651 837 (Greg.).
2668 768 2960 823 Subtiliter
2981 770 3169 842 itaque
3184 771 3254 826 ab
3269 779 3542 843 urguente

1946 858 2297 911 discutienda
2321 865 2454 911 sunt
2482 874 2653 927 opera
2684 864 3091 928 protervorum,
3110 866 3175 914 ut
3204 860 3264 914 in
3293 878 3404 931 quo
3435 860 3541 915 sibi

1945 948 2184 1017 placent,
2240 947 2628 1012 ostendantur,
2684 947 2816 1017 quia
2860 948 2976 1000 Deo
3032 948 3347 1018 displicent,
3406 955 3542 1004 tunc

1946 1035 2095 1089 enim
2112 1042 2397 1106 protervos
2413 1035 2611 1089 melius
2628 1035 2980 1105 corrigimus,
3005 1053 3131 1090 cum
3154 1054 3222 1090 ea
3247 1054 3370 1107 quae
3397 1037 3539 1093 bene

1946 1124 2126 1193 egisse
2155 1141 2214 1177 se
2243 1126 2496 1189 credunt,
2532 1124 2678 1178 male
2709 1130 2835 1177 acta
2863 1130 3264 1191 monstramus,
3295 1131 3361 1178 ut
3390 1126 3540 1180 unde

1944 1213 2147 1283 adepta
2166 1213 2415 1266 creditur
2425 1213 2625 1283 gloria,
2646 1213 2777 1266 inde
2792 1212 2946 1266 utilis
2956 1212 3331 1284 subsequatur
3345 1213 3538 1268 confu-

1944 1302 2055 1367 sio;
2100 1318 2504 1373 nonnunquam
2550 1318 2698 1367 vero,
2745 1318 2871 1355 cum
2910 1318 2970 1354 se
3014 1300 3207 1355 vitium
3249 1302 3539 1373 proterviae

1943 1390 2177 1443 minime
2216 1396 2541 1461 perpetrare
2582 1396 2945 1460 cognoscunt,
2988 1389 3439 1461 compendiosius
3468 1391 3537 1444 ad

1943 1479 2343 1533 correctionem
2360 1479 2610 1545 veniunt,
2626 1479 2674 1532 si
2686 1478 2917 1533 alterius
2928 1479 3102 1549 culpae
3118 1478 3534 1546 manifestioris,

272 1565 543 1621 rissimum
575 1572 632 1621 et
666 1569 891 1623 ﬁdelem
924 1570 1101 1623 ﬁlium
1119 1569 1433 1625 obtestatur
1448 1571 1506 1624 in
1523 1571 1781 1635 Domino,
1796 1577 1859 1624 ut
1942 1574 1997 1620 et
2027 1585 2090 1621 ex
2122 1569 2298 1620 latere
2326 1567 2610 1637 requisitaa
2640 1566 3009 1638 inOpprobrio
3026 1566 3457 1631 confundantur,
3475 1573 3541 1621 ut

275 1652 321 1707 in
345 1655 447 1708 hoc
474 1656 865 1712 discernerent
893 1659 1027 1728 quid
1054 1666 1367 1729 peccarent.
1406 1661 1546 1713 Cum
1563 1660 1713 1713 enim
1730 1660 1859 1714 huic
1875 1725 1912 1729 Α
1941 1674 2004 1710 ex
2035 1673 2098 1709 eo
2126 1656 2273 1727 quod
2290 1655 2587 1709 defendere
2601 1660 2906 1726 nequeunt,
2923 1661 3330 1725 cognoscantse
3344 1662 3538 1710 tenere

268 1744 641 1798 testimonium
682 1725 1021 1816 perhiberet,
1054 1725 1186 1802 illos
1224 1748 1429 1817 arguit.
1468 1749 1575 1814 Qui
1602 1765 1688 1801 ros
1721 1725 2210 1816 com-Bimprobc,
2245 1746 2393 1815 quod
2421 1725 2748 1799 defendunt.
2782 1745 2940 1798 Unde
2972 1762 3101 1798 cum
3118 1750 3373 1814 proterve
3390 1745 3538 1799 Pau-

270 1835 585 1899 monefaciat
612 1838 735 1887 vias
762 1853 925 1901 meas,
945 1854 1062 1905 qua
1076 1842 1209 1890 sunt
1228 1841 1290 1889 in
1314 1838 1528 1891 Christo
1548 1840 1692 1901 Jcsu,
1717 1840 1859 1890 sicut
1937 1835 2027 1888 lus
2059 1834 2377 1888 Corinthios
2404 1834 2699 1888 adversum
2731 1850 2791 1885 se
2812 1832 3049 1887 invicem
3066 1833 3535 1899 videretinﬁatos,

266 1922 445 1989 ubique
454 1926 515 1975 in
530 1927 693 1977 omni
704 1925 943 1978 Ecclesia
953 1927 1105 1979 doceo
1114 1968 1125 1977 .
1144 1926 1252 1979 Per
1272 1927 1442 1979 istum
1456 1943 1623 1996 quem
1635 1926 1858 1979 fidelem

268 2008 430 2063 ﬁlium
443 2010 497 2063 in
513 2012 763 2065 Domino
775 2015 1087 2080 conﬁrmat,
1107 2015 1309 2068 reverti
1321 2015 1447 2068 illos
1468 2015 1589 2068 vult
1606 2015 1677 2068 ad
1691 2032 1857 2084 regu-

267 2094 367 2150 lam
382 2114 412 2150 a
424 2116 481 2152 se
492 2101 719 2155 traditae
730 2102 998 2167 veritatis,
1008 2108 1071 2156 ut
1079 2104 1404 2157 commoniti
1417 2102 1600 2156 verbis
1612 2108 1667 2156 et
1678 2120 1860 2156 exem-

266 2186 364 2255 plis
390 2204 623 2257 operum
666 2192 811 2260 ejus,
854 2192 1263 2262 resipiscerent,
1308 2188 1706 2262 cognoscentes
1746 2208 1858 2245 non

268 2290 547 2345 perperam
557 2295 620 2331 se
631 2279 808 2333 fuisse
820 2279 890 2333 ab
901 2281 1167 2351 Apostolo
1189 2282 1400 2345 doctos,
1422 2282 1646 2351 quando
1661 2282 1857 2334 eadem

269 2368 442 2417 tenere
463 2382 664 2420 omnes
686 2368 965 2423 Ecclesias
987 2370 1283 2424 discerent.
1304 2371 1589 2438 Tanquam
1609 2386 1717 2423 non
1735 2386 1859 2423 ren-

272 2458 415 2507 turus
444 2473 611 2509 essem
633 2460 710 2511 ad
728 2474 836 2521 vos,
859 2461 1048 2526 inﬂati
1067 2461 1459 2527 suntquidam.
1486 2457 1858 2527 Indignaban-

270 2552 351 2595 tur
377 2544 609 2614 quidam
642 2546 1085 2612 Corinthiorum,
1120 2547 1251 2618 quia
1294 2564 1407 2600 non
1446 2547 1563 2600 ibat
1600 2547 1669 2600 ad
1710 2547 1853 2611 illos,

268 2648 364 2685 non
380 2634 686 2699 desiderio,
708 2635 807 2688 sed
824 2635 1104 2706 superbia,
1120 2637 1266 2706 quod
1282 2635 1441 2706 quasi
1462 2636 1719 2705 indignos
1733 2636 1857 2688 illos

265 2720 503 2787 haberet,
523 2740 657 2776 cum
669 2724 851 2793 magis
861 2725 1126 2794 Apostolo
1137 2725 1243 2777 hoc
1253 2725 1502 2779 studium
1518 2724 1777 2787 fuerit,ut
1787 2725 1856 2777 de

268 2809 497 2879 indignis
526 2811 743 2865 faceret
761 2813 981 2883 dignos,
1013 2812 1254 2867 habebat
1281 2830 1413 2882 ergo
1443 2820 1632 2866 votum
1665 2813 1852 2878 eundi,

265 2899 350 2951 sed
377 2902 601 2971 majora
625 2907 792 2955 erant
817 2919 939 2972 quae
958 2900 1175 2971 agebat.
1212 2904 1429 2955 Veniam
1450 2908 1633 2955 autem
1665 2905 1769 2955 cito
1784 2902 1857 2955 ad

264 2991 412 3051 νος,δὶ
420 2990 586 3042 Domi
589 3006 697 3043 nus
711 2994 965 3044 voluerit.
979 2992 1112 3044 Post
1120 2991 1613 3045 commonitionem
1625 2990 1855 3060 promit-

1940 1929 2005 1976 ut
2033 1922 2175 1976 alius
2190 1922 2370 1987 Pauli,
2390 1922 2533 1976 alius
2547 1923 2764 1993 Apollo,
2784 1921 2925 1975 alius
2940 1922 3161 1992 Cephea,
3175 1921 3319 1975 alius
3330 1922 3539 1976 Christi

1939 2029 2061 2064 esse
2091 2029 2150 2065 se
2168 2012 2437 2078 dicerent,
2454 2011 2701 2065 incestus
2713 2011 2934 2081 culpam
2950 2010 3008 2064 in
3022 2010 3272 2064 medium
3289 2010 3536 2073 deduxit,

1940 2118 2063 2172 quae
2093 2101 2238 2171 apud
2263 2117 2358 2154 eos
2384 2107 2441 2154 et
2459 2106 2783 2171 perpetrata
2819 2099 3005 2154 fuerat
3032 2104 3091 2152 et
3131 2116 3260 2152 mox
3274 2104 3429 2152 recta
3455 2115 3541 2152 re-

1939 2189 2204 2243 manebat
2219 2190 2441 2243 dicens:
2464 2190 2711 2243 Auditur
2728 2192 2875 2242 inter
2896 2205 2983 2241 ros
3012 2190 3312 2255 fornicatio
3338 2193 3385 2240 et
3410 2191 3540 2242 talis

1938 2280 2238 2345 fornicatio
2252 2281 2435 2346 qualis
2450 2295 2546 2331 nec
2560 2280 2617 2330 in
2628 2283 2708 2330 ter
2722 2283 2921 2344 gentes,
2938 2279 3019 2329 ita
3033 2280 3097 2328 ut
3112 2290 3338 2328 uxorem
3356 2278 3538 2343 patris

1939 2372 2063 2435 quis
2090 2368 2302 2431 habeat,
2336 2373 2393 2420 et
2420 2383 2514 2419 vos
2544 2365 2722 2419 inflati
2743 2365 2878 2418 estis
2896 2370 2953 2417 et
2972 2380 3085 2416 non
3115 2363 3295 2432 magis
3324 2363 3537 2417 luctum

1939 2456 2237 2519 habuistis,
2270 2461 2335 2509 ut
2365 2455 2659 2508 tolleretur
2690 2454 2758 2506 de
2774 2452 2957 2506 medio
2972 2456 3305 2517 vestrorum,
3324 2451 3422 2522 qui
3435 2451 3540 2504 hoc

1940 2562 2079 2615 opus
2106 2543 2254 2597 fecit.
2272 2546 2352 2596 Ac
2380 2543 2427 2596 si
2456 2548 2648 2613 aperte
2675 2542 2854 2595 dicat:
2901 2540 3046 2605 Quid
3072 2556 3169 2593 vos
3200 2556 3301 2610 per
3326 2544 3539 2610 proter-

1937 2634 2084 2687 viam
2116 2634 2285 2701 hujus
2313 2632 2399 2685 vel
2434 2631 2585 2685 illius
2620 2630 2823 2693 dicitis,
2854 2630 2949 2700 qui
2990 2645 3090 2699 per
3131 2628 3537 2683 desolationem

1938 2720 2407 2796 [dissolutionem]
2440 2719 2795 2789 negligentiae
2833 2718 3043 2772 nullius
3080 2733 3177 2771 vos
3216 2734 3340 2770 esse
3371 2733 3536 2771 mon-

1939 2810 2169 2865 stratis?
2199 2812 2265 2864 Et
2281 2826 2369 2862 vos
2400 2812 2588 2879 inﬂati
2611 2812 2752 2872 estis,
2787 2814 2835 2861 et
2868 2824 2977 2861 non
3006 2809 3182 2875 magis
3204 2810 3419 2861 luctum
3440 2807 3538 2860 ha-

1941 2902 2134 2953 buistis
2146 2905 2169 2952 ?
2193 2898 2433 2967 (Ambr.)
2448 2896 2779 2967 Superbiam
2793 2896 3017 2950 illorum
3038 2896 3096 2948 in
3113 2900 3337 2949 tantum
3352 2893 3537 2948 humi-

1935 2989 2054 3054 liat,
2087 2993 2153 3041 ut
2176 3004 2289 3041 non
2318 2987 2582 3056 querulos
2616 2988 2755 3055 jam,
2788 2985 2887 3038 sed
2927 2983 3106 3053 magis
3144 2983 3536 3054 supplicesfa-

262 3075 324 3128 tit
337 3077 485 3129 seire
500 3078 573 3131 ad
592 3078 737 3143 illos,
758 3079 855 3132 sed
872 3079 919 3131 si
933 3079 1205 3133 Dominus
1230 3079 1599 3149 permitteret,
1628 3084 1692 3132 ut
1721 3078 1854 3149 quia
1872 3066 1915 3127 C
1933 3077 2045 3131 ciat
2077 3095 2087 3128 :
2119 3081 2281 3129 erant
2311 3075 2462 3129 enim
2491 3080 2549 3127 et
2576 3073 2683 3144 ipsi
2712 3073 3012 3144 participes
3042 3072 3178 3125 dum
3205 3076 3537 3141 paterentur

262 3164 376 3233 plus
397 3166 501 3220 scit
524 3167 680 3220 Deus
701 3184 871 3237 quam
895 3168 1081 3234 homo,
1110 3168 1233 3222 ideo
1255 3168 1302 3221 si
1322 3168 1491 3221 sciret
1518 3185 1700 3238 operte
1730 3183 1853 3237 pre-

263 3253 392 3306 tium
406 3271 552 3320 esse,
570 3256 947 3326 permitteret,
966 3263 1031 3309 ut
1046 3256 1093 3309 si
1108 3273 1219 3310 non
1230 3256 1356 3321 iret,
1370 3256 1643 3310 Dominus
1657 3272 1769 3309 non
1783 3255 1853 3308 si-

264 3342 394 3396 visse
404 3345 738 3397 ostenderet
747 3361 915 3398 causa
926 3345 1119 3414 utique
1141 3344 1491 3413 indignitatis
1508 3345 1753 3398 illorum.
1785 3345 1852 3398 Et

263 3445 634 3498 recognoscam
661 3450 771 3486 non
800 3450 1103 3487 sermonem
1128 3436 1355 3487 illorum
1378 3436 1477 3501 qui
1496 3422 1685 3503 inﬂati
1700 3438 1847 3497 sunt,

262 3522 617 3575 sedsit-tatem
627 3563 637 3573 .
648 3522 954 3575 Confundit
964 3522 1108 3587 illos,
1117 3522 1249 3591 quia
1260 3538 1385 3575 cum
1398 3521 1620 3592 oblique
1632 3538 1855 3575 conver-

262 3610 975 3681 sarenturindignabantur
988 3611 1147 3681 quasi
1164 3611 1318 3680 digni
1335 3616 1525 3664 essent
1538 3610 1607 3664 ab
1622 3612 1856 3681 Aposto-

263 3696 312 3749 ιο
322 3698 558 3752 visitari.
588 3701 696 3753 Nec
712 3703 860 3753 enim
874 3704 937 3753 in
948 3716 1193 3753 sermone
1210 3706 1285 3753 est
1304 3716 1539 3767 regnum
1561 3703 1676 3763 Dei,
1691 3701 1781 3752 sed
1794 3701 1855 3752 in

263 3788 475 3841 virtute.
521 3789 603 3842 Ut
640 3789 785 3843 sicut
822 3805 1059 3859 regnum
1091 3788 1191 3843 Dei
1231 3805 1345 3841 non
1381 3789 1675 3859 splendore
1704 3787 1855 3841 verbi

270 3878 713 3943 commendatur,
746 3879 842 3931 sed
874 3878 1078 3931 virtute
1106 3877 1414 3947 signorum,
1447 3877 1527 3930 ita
1563 3883 1620 3930 et
1655 3878 1713 3930 hi
1750 3893 1863 3930 non

272 3963 438 4016 verbis
468 3966 665 4030 nudis,
685 3967 780 4019 sed
812 3966 1017 4019 virtute
1045 3982 1276 4036 Operum
1294 3964 1634 4035 spiritalium
1663 3964 1863 4034 dignos

268 4068 323 4103 se
348 4054 717 4108 ostenderent
744 4054 814 4108 ab
840 4056 1107 4125 Apostolo
1136 4053 1367 4107 visitari.
1397 4053 1537 4119 Quid
1565 4056 1767 4106 vultis?
1793 4056 1863 4108 In

274 4143 418 4207 rirga
440 4146 666 4196 veniam
682 4146 756 4197 ad
778 4161 880 4207 vos,
907 4149 1007 4196 aut
1029 4147 1091 4195 in
1114 4144 1383 4196 charitate
1403 4147 1451 4195 ct
1471 4145 1674 4209 spiritu
1702 4158 1863 4194 man-

271 4235 578 4285 suetudinis
591 4238 614 4284 ?
643 4232 899 4285 Terroris
918 4230 1085 4284 verba
1111 4231 1298 4291 infert,
1320 4235 1383 4283 ut
1402 4230 1672 4300 pudorem
1693 4229 1859 4299 passi,

272 4321 359 4389 qui
388 4321 574 4375 inﬂati
607 4327 774 4375 erant
798 4319 1251 4384 humiliarentur,
1284 4324 1348 4372 ut
1376 4319 1423 4371 si
1460 4335 1588 4372 vere
1629 4318 1865 4388 apostoli

1934 3182 2092 3219 reum
2111 3170 2230 3218 tam
2248 3165 2492 3234 ingentis
2505 3162 2768 3216 facinoris
2785 3178 2974 3215 secum
3003 3161 3385 3231 incorreptum
3400 3176 3533 3213 con-

1936 3254 2142 3318 venire,
2160 3260 2225 3306 ut
2241 3269 2435 3315 omnes
2466 3268 2579 3305 uno
2603 3251 2831 3304 consilio
2852 3250 3159 3319 abjicerent
3180 3265 3335 3315 eum,
3359 3248 3407 3302 si
3434 3265 3535 3302 ne-

1935 3349 2097 3413 garet
2124 3342 2423 3395 emendare
2451 3358 2537 3407 se;
2570 3340 2618 3392 si
2646 3345 2838 3393 autem
2878 3339 3001 3409 quis
3040 3342 3377 3408 potestatem
3422 3353 3535 3391 non

1936 3431 2123 3495 habet,
2145 3447 2313 3500 quem
2327 3429 2433 3483 scit
2448 3446 2607 3482 reum
2626 3428 2888 3498 abjicere,
2920 3432 3020 3480 aut
3037 3425 3275 3497 probare
3298 3442 3411 3480 non
3439 3443 3535 3479 va-

1938 3521 2032 3581 let,
2081 3518 2350 3572 immunis
2391 3524 2497 3581 est,
2538 3523 2593 3570 et
2633 3516 2839 3587 judicis
2878 3533 2988 3569 non
3049 3521 3153 3580 est,
3205 3515 3327 3568 sine
3381 3530 3537 3568 accu-

1938 3613 2143 3673 satore,
2172 3608 2442 3660 damnare
2477 3625 2486 3658 :
2522 3606 2654 3676 quia
2683 3611 2740 3658 et
2769 3605 3041 3659 Dominus
3069 3603 3291 3671 Judam,
3306 3620 3434 3657 cum
3448 3603 3561 3658 fur‘

1938 3703 2103 3762 esset,
2123 3695 2254 3765 quia
2270 3712 2382 3749 non
2398 3700 2485 3748 est
2511 3699 2804 3747 accusatus
2826 3693 3059 3746 minime
3083 3692 3304 3761 abjecit.
3341 3693 3403 3745 Ut
3435 3696 3536 3745 tol-

1940 3789 2093 3839 latur
2122 3785 2184 3836 de
2216 3785 2387 3836 medio
2417 3788 2674 3844 vestrum,
2709 3784 2809 3848 qui
2837 3782 2936 3834 hoc
2961 3797 3093 3848 opus
3123 3782 3268 3846 fecit.
3300 3780 3537 3848 Cognito

1944 3889 2110 3943 opere
2140 3872 2248 3924 isto
2278 3871 2600 3941 pellendum
2630 3870 2809 3935 illum,
2841 3868 2937 3931 ait,
2973 3868 3143 3920 fuisse
3173 3867 3243 3919 de
3257 3872 3403 3920 ccetu
3431 3865 3541 3920 fra-

1944 3960 2245 4014 ternitatis.
2281 3960 2490 4013 Omnes
2521 3957 2671 4012 enim
2702 3956 2913 4010 crimen
2942 3957 3065 4025 ejus
3091 3954 3342 4008 sciebant
3356 3960 3414 4008 et
3427 3971 3539 4008 non

1947 4048 2259 4120 arguebant
2289 4067 2300 4102 :
2335 4048 2552 4119 publice
2583 4047 2735 4101 enim
2762 4062 3058 4099 novercam
3086 4060 3247 4099 suam
3273 4044 3394 4098 loco
3409 4060 3543 4098 uxo-

1945 4140 2024 4192 ris
2053 4138 2311 4192 habebat.
2362 4139 2424 4193 In
2462 4154 2572 4207 qua
2611 4154 2673 4190 re
2714 4152 2897 4206 neque
2940 4133 3179 4189 testibus
3215 4150 3355 4204 opus
3399 4140 3539 4199 erat,

1947 4245 2128 4299 neque
2165 4227 2626 4297 tergiversatione
2660 4226 2848 4296 aliqua
2883 4230 3106 4296 poterat
3144 4223 3264 4292 tegi
3307 4223 3539 4277 crimen.

1947 4319 2054 4384 Ego
2086 4318 2305 4384 quidem
2336 4318 2527 4369 absens
2559 4330 2796 4383 corpore,
2834 4329 3071 4383 praesens
3097 4317 3284 4367 autem
3313 4314 3542 4379 spiritu.

273 4384 628 4479 praesentiam
658 4409 1062 4472 desiderarent,
1108 4413 1487 4479 praepararent
1524 4425 1584 4460 se
1623 4384 1693 4460 ad
1727 4384 2104 4461 exri-Dldem
2137 4404 2339 4458 absens
2366 4404 2525 4467 facie,
2561 4419 2806 4473 prmsens
2834 4408 3024 4455 autem
3040 4399 3372 4467 auctoritate
3385 4398 3548 4468 spiri-

274 4499 541 4567 piendum
571 4516 721 4561 eum,
756 4499 811 4551 id
841 4505 944 4559 est,
979 4497 1261 4552 abluerint
1288 4496 1357 4550 ab
1386 4495 1537 4549 omni
1565 4497 1733 4566 plaga
1758 4496 1866 4549 cri—

275 4586 456 4652 minis,
491 4594 552 4640 et
564 4588 795 4641 veniens
811 4587 879 4640 ad
896 4586 1022 4639 illos
1034 4585 1285 4638 laetitiam
1296 4584 1529 4638 haberet
1551 4585 1711 4655 quasi
1740 4601 1867 4638 cum

276 4676 399 4729 ﬁliis
428 4676 798 4731 charissimis.

908 4772 1140 4836 CAPUT
1176 4781 1243 4833 V.

276 4874 312 4923 Α
321 4887 423 4938 rgu
432 4875 475 4924 it
486 4872 775 4940 Apostolus
788 4874 927 4925 vitiu
937 4888 987 4923 In
998 4872 1405 4938 fornicationis.
1419 4871 1514 4935 acti
1520 4873 1683 4921 uncta
1691 4884 1865 4935 pa’na,

347 4944 698 5010 radicemque
714 4948 885 5011 culpa
898 4943 1222 5009 reprehendi
1225 4946 1334 5003 t,cu
1344 4957 1395 4993 in
1409 4942 1741 5006 negligentia
1754 4955 1874 4991 cor-

347 5017 635 5083 reptionis.
1502 5078 1511 5085 ~

350 5122 594 5175 Omnino
612 5121 853 5173 auditur
872 5122 933 5172 in
944 5120 1091 5172 vobis
1101 5120 1418 5185 fornicatio,
1433 5121 1481 5168 et
1495 5118 1621 5168 tatis
1632 5117 1880 5182 fornica-

283 5214 373 5271 tio,
390 5213 581 5279 quatis
594 5226 692 5263 nec
704 5212 854 5261 inter
871 5213 1049 5276 gentes
1064 5211 1156 5260 est.
1178 5205 1415 5274 (Ambr.)
1435 5205 1509 5259 Ut
1522 5220 1690 5274 quam
1709 5220 1876 5273 grave

282 5299 355 5351 sit
377 5299 531 5352 istud
561 5304 851 5369 peccatum
881 5295 1219 5360 ostenderet,
1253 5310 1355 5348 nec
1378 5293 1448 5347 ab
1475 5292 1565 5345 his
1601 5293 1705 5345 hoc
1740 5291 1879 5345 dixit

284 5390 528 5453 admitti,
546 5388 644 5458 qui
659 5388 839 5441 Deum
857 5384 1130 5448 nesciunt,
1150 5389 1214 5437 ut
1228 5382 1478 5454 perinde,
1495 5398 1605 5451 qua
1617 5397 1782 5451 paena
1792 5380 1880 5433 hic

285 5478 614 5531 multandus
628 5482 781 5530 esset
799 5474 1137 5539 ostenderet,
1155 5473 1250 5544 qui
1264 5471 1367 5526 sub
1377 5476 1601 5525 terrena
1621 5474 1678 5523 et
1694 5469 1883 5523 divina

282 5567 511 5637 justitia
538 5564 879 5621 constitutus
904 5562 1049 5618 tanti
1077 5561 1302 5617 sceleris
1329 5560 1542 5614 crimen
1556 5558 1878 5632 admiserat.

1948 4501 2057 4555 tus,
2073 4494 2233 4562 cujus
2249 4510 2376 4547 cum
2392 4492 2552 4545 adest
2564 4492 2757 4555 virtus,
2769 4494 2894 4558 jam
2907 4490 3163 4557 judicavi
3181 4503 3307 4539 eum
3326 4492 3391 4538 ut
3398 4502 3545 4554 prae-

1948 4598 2088 4647 sens,
2120 4584 2221 4650 qui
2249 4584 2346 4635 hoc
2364 4583 2612 4645 admisit,
2637 4583 2700 4632 in
2724 4581 2946 4631 nomine
2959 4577 3185 4633 Domini
3215 4576 3394 4627 nostri
3419 4576 3545 4628 Jesu

1952 4671 2161 4724 Christi
2186 4672 2523 4737 congregatis
2547 4669 2692 4720 robis
2724 4672 2772 4719 et
2801 4682 2913 4718 meo
2940 4666 3165 4733 spiritu,
3194 4678 3321 4717 cum
3341 4665 3548 4716 virtute

1954 4760 2179 4812 Domini
2189 4761 2332 4821 Jesu,
2357 4758 2571 4810 tradere
2591 4755 2911 4822 hujusmodi
2938 4753 3158 4808 Satanae
3172 4755 3234 4805 in
3254 4754 3551 4806 interitum

1955 4851 2161 4902 carnis.
2198 4845 2474 4910 Quoniam
2503 4844 2686 4897 omnis
2715 4842 2956 4896 carnalis
2986 4841 3241 4913 voluptas
3269 4857 3304 4894 a
3328 4840 3550 4894 diabolo

1960 4941 2062 5001 est,
2095 4952 2158 4988 ac
2186 4951 2286 5005 per
2313 4935 2417 4986 hoc
2445 4949 2571 4986 cum
2600 4933 2729 4985 huic
2762 4931 3033 5001 voluptati
3072 4929 3401 4993 remittitur,
3432 4935 3551 4983 tra-

1959 5024 2112 5078 ditur
2127 5026 2373 5077 Satanze:
2394 5038 2522 5075 caro
2547 5022 2698 5075 enim
2724 5022 2829 5074 hoc
2850 5020 3018 5074 habet
3034 5020 3091 5073 in
3116 5024 3338 5083 natura,
3372 5025 3436 5071 ut
3464 5018 3552 5071 in-

1958 5118 2159 5167 tereat.
2195 5112 2400 5166 Anima
2421 5128 2553 5180 ergo
2578 5128 2704 5164 cum
2736 5127 2796 5163 se
2812 5108 3003 5179 jungit
3019 5106 3297 5162 desiderio
3313 5107 3435 5176 ejus
3463 5106 3551 5159 in-

1960 5204 2191 5257 ﬁrmans
2202 5201 2511 5272 spiritalem
2524 5217 2690 5254 suum
2699 5197 3144 5268 vigorem,simul
3155 5195 3449 5249 interitum
3458 5212 3553 5266 pa-

1960 5292 2116 5345 titur.
2139 5292 2335 5361 Itaque
2347 5289 2393 5343 si
2404 5289 2493 5342 hic
2504 5294 2792 5358 correptus
2812 5286 2992 5356 stupri
3015 5283 3249 5339 admissi
3260 5282 3553 5339 erubesce-

1962 5386 2049 5433 ret
2065 5382 2305 5449 ejectum
2323 5395 2520 5445 se,non
2534 5372 3147 5446 interiret,poenitentia
3156 5373 3552 5444 subsequente.

1963 5471 2087 5524 Non
2106 5474 2327 5523 tantum
2339 5467 2588 5522 omnium
2609 5481 2883 5519 consensu
2898 5470 2957 5518 et
2970 5463 3288 5535 praesentia,
3317 5462 3417 5516 sed
3444 5462 3557 5515 vir-

1964 5563 2085 5616 tute
2116 5556 2339 5627 Domini
2370 5557 2521 5620 Jesu.
2542 5555 2598 5608 id
2629 5559 2733 5617 est,
2765 5552 3064 5611 sententia.
3096 5551 3257 5622 cujus
3280 5549 3561 5620 legatione
