3974 6188
315 271 370 328 53
783 253 1362 321 ENARRATIONUM
1399 257 1477 316 IN
1517 257 1670 315 EPP.
1714 257 1927 315 PAULI
1969 259 2103 314 LIB.
2145 257 2213 310 Χ.
2265 285 2328 296 -—
2372 257 2449 312 IN
2479 258 2699 314 EPIST.
2735 260 2756 313 l
2796 257 2892 314 AD
2930 261 3093 316 00R.
3511 259 3574 314 54

312 396 611 469 appcm‘tum
625 395 805 464 fuerit
821 387 1318 446 mdnducateldeo
1331 387 1430 445 ait.
1443 385 1736 456 quidenim
1759 385 1904 440 mihi
1923 389 2163 448 ANoIitc
2210 347 2338 442 ante
2379 393 2587 454 tempus
2602 387 2880 453 judicare,
2914 383 3004 440 hic
3031 401 3142 440 non
3171 381 3448 458 prohibet,
3480 386 3577 442 sed

313 491 362 542 de
377 487 460 539 his
479 496 601 553 quas
626 482 768 551 foris
791 484 923 535 sunt
933 482 1228 548 judicare?
1247 477 1458 532 Verum
1483 483 1587 540 est,
1617 476 1750 546 quia
1773 491 1898 546 per-

313 570 435 629 titius
455 573 753 644 episeopus
779 583 893 624 non
923 573 1105 640 potest
1129 568 1401 638 judicare.
1434 567 1576 619 Cum
1593 565 1767 618 fratre
1795 579 1898 618 au-

311 669 411 718 tem
439 661 496 716 ln
529 675 644 732 quo
673 661 814 714 vitia
832 660 948 713 haec
962 657 1342 728 reperiuntur,
1363 671 1477 709 non
1504 655 1687 708 solum
1709 654 1900 707 Sacra-

311 758 486 807 menta
498 765 616 805 non
631 748 872 814 edenda,
889 747 986 801 sed
1015 761 1119 800 nec
1132 751 1488 798 communem
1505 758 1688 797 escam
1710 741 1896 796 docet:

311 841 359 896 ut
375 838 667 896 erubescat
696 849 826 892 cum
849 837 1060 892 vitatur
1076 841 1135 888 et
1157 849 1216 888 se
1242 833 1506 902 corrigat.
1523 833 1713 887 Nonne.
1733 831 1796 884 de
1814 831 1900 883 his

1982 478 2240 548 superius
2257 476 2541 545 incognita
2553 490 2653 544 per
2667 474 3039 544 suspicionem
3055 477 3296 530 maxime
3310 473 3380 529 de
3396 483 3577 530 recto-

1982 581 2042 619 re
2062 565 2348 636 prohibuit
2369 561 2891 635 judicare,quiaDei
2913 563 3084 618 solius
3102 571 3188 618 est
3206 560 3419 619 occulta
3428 560 3577 636 judi-

1983 671 2128 720 care,
2153 653 2258 708 hoc
2279 661 2468 708 autem
2489 653 2608 707 loco
2623 659 2687 706 ut
2702 651 2932 706 fratrem
2950 653 3124 708 frater
3143 655 3440 720 examinet,
3455 654 3576 725 jam

1977 742 2156 813 jubet,
2173 744 2316 798 sicut
2345 740 2454 796 alio
2487 741 2543 795 in
2573 741 2690 796 loco
2719 741 2856 796 dicit
2881 743 2960 810 (ῘΙ
2980 744 3099 797 Cor.
3127 745 3240 811 xm)
3269 763 3278 796 :
3316 742 3406 797 Vos
3437 744 3576 813 ipsos

1985 835 2182 886 tentate
2201 834 2250 885 si
2270 835 2394 885 estis
2415 833 2475 884 in
2494 829 2612 899 ﬁde,
2633 835 2744 900 ipsi
2763 847 2851 885 ros
2880 833 3136 900 probate;
3171 833 3264 903 qui
3295 836 3484 886 autem
3499 829 3577 886 fo-

310 934 556 1001 qv'iintus
575 925 1088 994 suntwsjudieatis
1103 931 1128 978 ?
1151 923 1372 977 Judicat
1397 921 1526 992 quis
1546 921 1685 974 dum
1698 919 1901 973 diseer—
1982 919 2060 972 ris
2077 927 2208 974 sunt
2227 921 2287 974 in
2307 919 2398 974 die
2410 919 2608 990 judicii
2628 920 3064 985 damnabuntur,
3081 921 3214 992 quia
3236 919 3376 976 dixit
3389 919 3576 976 Domi-

311 1019 384 1074 nit
410 1017 497 1072 cui
523 1014 690 1070 fratri
729 1014 1032 1078 adtremat,
1063 1027 1187 1084 qua:
1214 1012 1434 1081 arguat,
1468 1023 1638 1080 quem
1667 1007 1896 1061 devitet.

310 1099 440 1162 Nam
464 1119 546 1160 eos
565 1106 671 1174 qui
685 1106 827 1172 foris
852 1108 984 1156 sunt
1003 1104 1141 1157 Deus
1154 1100 1452 1170 judicabit.
1489 1097 1760 1168 Superius
1781 1097 1891 1149 ait:

1982 1024 2086 1062 nus
2112 1029 2122 1062 :
2151 1005 2257 1076 Qui
2279 1025 2390 1063 non
2412 1011 2724 1075 crediderit,
2735 1011 2860 1079 jam
2871 1011 3161 1079 judicatus
3177 1015 3252 1064 est
3270 1011 3570 1078 (Joan..1u);

1981 1097 2038 1150 in
2059 1113 2170 1168 quo
2191 1098 2342 1152 enim
2373 1114 2499 1170 spes
2524 1115 2640 1153 non
2659 1107 2762 1166 est,
2788 1115 2889 1171 pro
2914 1107 3134 1154 mortuo
3161 1098 3449 1155 habendus
3468 1105 3570 1154 est.

1176 1351 1714 1484 LIBER
1821 1313 2691 1483 DECIMUS.

909 1621 1144 1678 CAPUT
1181 1623 1274 1678 VI.

307 1731 370 1784 De
385 1729 670 1797 iudicibus
694 1741 883 1783 coram.
901 1728 1101 1798 quibus
1123 1731 1350 1797 litigant
1371 1731 1564 1796 arguit
1583 1743 1726 1792 suos,
1753 1731 1801 1780 et
1831 1727 1894 1780 de

366 1804 542 1854 causis
555 1817 693 1869 quos
713 1803 865 1854 inter
881 1818 936 1854 se
953 1802 1173 1867 habmt,
1186 1808 1237 1854 et
1257 1802 1399 1854 rodit
1415 1803 1491 1854 ad
1503 1801 1895 1866 corrigendum

359 1873 753 1939 fornicationis
782 1875 1002 1926 vitium.

364 1981 588 2046 Auferte
603 1982 828 2032 acuum
847 1995 914 2031 ea:
925 1981 1072 2032 vobis
1089 1981 1242 2048 ipsis.
1257 1978 1496 2046 (Ambr.)
1513 1978 1710 2031 Adhuc
1738 1991 1894 2029 com-

302 2071 484 2122 monet
508 2077 574 2122 ut
597 2068 998 2122 discernantur
1022 2083 1058 2121 ιι
1085 2068 1250 2122 malis
1269 2067 1604 2138 etoperibus
1633 2073 1690 2119 et
1718 2065 1897 2119 homi-

291 2156 472 2212 nibus.
501 2158 679 2212 Audet
706 2161 919 2225 aliquis
945 2163 1189 2211 oestrum
1217 2160 1479 2210 adversus
1519 2160 1764 2210 alterum
1797 2155 1894 2206 ha-

296 2247 414 2299 bens
433 2249 722 2313 negotium
731 2247 988 2314 juduari
996 2247 1149 2314 apud
1159 2249 1384 2314 iniquos
1406 2252 1454 2298 et
1477 2259 1586 2298 non.
1601 2245 1756 2312 apud
1769 2257 1828 2295 sa
1837 2261 1896 2294 n-

295 2342 441 2388 etu?
468 2335 704 2404 lniun
738 2335 950 2405 duplici
975 2349 1184 2404 gessere
1221 2335 1520 2404 signiﬁcat,
1555 2339 1615 2387 et
1647 2333 1744 2403 qui
1782 2347 1894 2386 non

297 2424 545 2489 nudant,
559 2430 620 2477 et
627 2424 728 2494 qui
741 2423 893 2494 leges
903 2439 939 2477 a
957 2423 1070 2478 Deo
1091 2425 1302 2477 mundo
1313 2425 1554 2477 creditas
1572 2423 1897 2492 frequenter

299 2529 417 2567 cum
445 2513 778 2568 adulatione
793 2513 1256 2584 interpretantur,
1270 2515 1661 2568 auctoritatem
1693 2512 1893 2564 harum

295 2602 450 2656 idolis
457 2604 824 2674 disputantes,
831 2603 1067 2673 ideoque
1085 2603 1266 2673 iniqui
1279 2609 1493 2667 sunt,et
1503 2602 1637 2672 quia
1646 2602 1704 2654 in
1716 2601 1896 2654 Eccle-

289 2691 370 2745 sia
387 2692 576 2762 magis
595 2692 685 2745 lex
705 2698 811 2756 est,
823 2691 918 2745 ubi
942 2693 1089 2746 Deus
1111 2692 1250 2760 legis
1267 2692 1520 2756 timetur,
1538 2689 1738 2744 melius
1759 2689 1896 2742 dicit

293 2782 434 2851 apud
461 2782 566 2836 Dei
587 2781 882 2838 ministros
910 2797 1077 2851 agere
1105 2797 1361 2846 causam;
1396 2780 1613 2838 facilius
1642 2779 1794 2832 enim
1824 2777 1894 2830 de

293 2870 386 2923 Dei
407 2871 622 2923 timore
639 2867 983 2924 sententiam
1009 2871 1147 2939 legis
1177 2885 1368 2924 veram
1396 2874 1682 2940 promunt.
1703 2867 1891 2934 (Aug.)

1913 1617 1961 1676 B
1984 1633 2179 1673 omnes
2205 1619 2479 1675 haberent
2503 1620 2799 1690 originem,
2816 1620 2947 1674 hinc
2975 1617 3242 1684 est,unde
3271 1617 3491 1689 Moyses
3516 1617 3576 1672 in

1978 1709 2412 1763 Deuteronomio
2433 1712 2610 1776 (Deut.
2639 1713 2828 1777 χχχιιι)
2855 1724 2866 1762 :
2891 1709 3034 1764 Cum
3055 1705 3344 1772 divideret,
3367 1707 3571 1778 inquit,

1976 1795 2298 1852 Altissimus
2338 1803 2552 1868 gentes,
2587 1797 3064 1870 quemadmodum
3111 1795 3379 1869 diSpersit
3429 1794 3576 1851 ﬁliOS

1976 1887 2336 1951 Adae,statuit
2355 1891 2496 1942 ﬁnes
2504 1887 2758 1957 gentium
2770 1886 3076 1941 secundum
3090 1901 3390 1941 numerum
3403 1899 3574 1956 ange-

1977 1976 2442 2040 lorumDei.Quid
2454 1983 2571 2030 tam
2593 1982 2850 2048 apertum
2871 1976 3020 2031 hunc
3039 1977 3316 2030 mundum
3327 1975 3578 2047 superio-

1979 2065 2054 2119 ris
2074 2082 2196 2120 esse
2219 2066 2526 2136 imaginem
2543 2071 2696 2124 certa
2707 2083 2772 2119 ex
2784 2081 2971 2131 causa,
2987 2071 3073 2120 est
3084 2066 3234 2120 enim
3247 2072 3303 2120 et
3315 2063 3576 2120 Hierusa-

1978 2155 2089 2208 lem
2119 2155 2349 2208 inferior
2363 2159 2420 2208 et
2449 2156 2547 2209 illa
2573 2155 2848 2226 superior,
2875 2169 3044 2226 quam
3063 2160 3304 2208 matrem
3324 2159 3575 2210 nostram

1976 2249 2134 2298 vocat
2163 2243 2313 2296 idem
2344 2245 2676 2314 Apostolus:
2705 2251 2790 2297 est
2821 2249 2879 2298 et
2906 2241 3138 2298 inferior
3173 2239 3486 2313 paradisus,
3515 2243 3574 2296 in

1979 2347 2088 2402 quo
2120 2332 2284 2386 homo
2310 2333 2545 2401 positus,
2563 2332 2892 2386 mandatum
2931 2339 2987 2385 et
3014 2337 3078 2385 ut
3117 2335 3382 2402 operetur
3401 2328 3497 2394 ibi,
3519 2335 3575 2385 et

1977 2428 2041 2475 ut
2069 2419 2376 2474 custodiret
2404 2422 2634 2490 accepit.
2663 2421 2760 2474 Est
2788 2427 2845 2473 et
2873 2417 2966 2473 ille
2995 2419 3236 2473 caelestis
3265 2421 3323 2473 in
3353 2433 3462 2490 quo
3489 2433 3576 2472 ra-

1978 2516 2106 2580 ptus
2134 2510 2432 2580 Apostolus
2482 2509 2696 2562 audivit
2742 2523 2944 2563 arcana
2984 2507 3154 2564 verba
3196 2507 3276 2577 (II
3300 2507 3421 2563 Cor.
3453 2511 3570 2576 xu).

1978 2599 2317 2653 Judicabunt
2343 2615 2477 2668 ergo
2507 2598 2684 2653 sancti
2714 2597 2861 2652 hunc
2899 2598 3192 2664 mundum,
3231 2596 3365 2669 quia.
3385 2611 3573 2652 exem‘

1979 2689 2070 2758 plo
2099 2688 2230 2742 fidei
2259 2687 2484 2742 illorum
2513 2685 2751 2759 perﬁdia
2787 2685 2983 2741 mundi
3011 2683 3390 2742 damnabitur.
3417 2685 3481 2742 Et
3511 2687 3575 2742 in

1977 2779 2121 2830 vobis
2133 2779 2390 2845 judicabi
2392 2783 2488 2830 tur
2506 2776 2769 2841 mundus,
2784 2783 2918 2831 tunc
2940 2775 3288 2847 judicabitur
3304 2773 3396 2831 hic
3416 2789 3577 2831 mun-

1976 2867 2080 2920 dus
2109 2867 2168 2920 in
2197 2865 2376 2931 nobis,
2409 2865 2458 2920 si
2489 2879 2628 2936 opus
2657 2867 2998 2938 perﬁdorum
3013 2866 3306 2921 hominum
3328 2865 3576 2921 invenia-

293 2956 356 3012 Β(
377 2959 469 3012 hic
508 2966 703 3029 ponet
735 2960 856 3012 ﬁeri
891 2960 1166 3028 judicium
1203 2957 1410 3013 habere
1440 2959 1706 3012 adversus
1745 2955 1887 3009 nlte-
1909 2948 1954 3012 C
1975 2956 2142 3010 turin
2163 2955 2342 3009 nobis.
2367 2955 2598 3022 Indigni
2627 2960 2758 3008 sunt
2786 2972 2910 3020 ergo
2941 2955 3262 3024 hujusmodi
3287 2955 3388 3026 qui
3406 2957 3574 3011 etiam

288 3062 412 3101 rum
451 3060 571 3102 non
600 3064 725 3102 esse
755 3055 1062 3118 peccatum,
1085 3050 1183 3102 sed
1205 3047 1598 3102 tantummodo
1628 3043 1704 3112 id,
1736 3047 1894 3098 extra

290 3137 594 3192 Ecclesiam
619 3137 764 3190 velle
794 3137 1056 3207 judicari.
1089 3137 1197 3191 nisi
1235 3143 1462 3191 secutus
1509 3136 1845 3204 adjungeret
1877 3151 1888 3186 :

284 3227 408 3278 lam
435 3229 665 3294 quidem
695 3229 925 3280 omnino
943 3227 1207 3280 delictum
1227 3229 1302 3279 est
1319 3227 1468 3279 inter
1486 3241 1576 3277 vos
1596 3227 1731 3292 quia
1743 3223 1895 3291 judi-

288 3317 372 3368 cia
399 3315 618 3368 habetis
645 3316 941 3379 vobiscum,
973 3321 1032 3369 et
1059 3331 1130 3368 ne
1159 3315 1458 3385 quisquam
1489 3313 1569 3367 ita
1593 3313 1698 3366 hoc
1728 3327 1894 3365 excu-

284 3411 453 3468 saret,
489 3411 560 3457 ut
593 3404 828 3468 diceret,
854 3404 1072 3472 justum
1109 3421 1168 3457 se
1199 3403 1407 3458 habere
1453 3402 1764 3473 negotium,
1797 3400 1893 3454 sed

281 3490 649 3561 iniquitatem
678 3507 739 3546 se
770 3492 906 3562 pati,
940 3507 1111 3562 quam
1141 3493 1308 3546 vellet
1335 3507 1369 3546 a
1397 3510 1458 3546 se
1484 3492 1741 3562 judicum
1771 3505 1896 3543 sen-

283 3581 465 3633 tentia
489 3581 792 3646 relnoveri,
821 3581 1091 3635 continuo
1118 3581 1326 3636 talibus
1353 3579 1784 3651 cogitationibus
1807 3579 1893 3632 vel

272 3669 741 3724 mmtionibus
769 3671 1010 3724 occurrit
1033 3677 1203 3742 atque
1231 3671 1311 3724 ait
1334 3689 1346 3723 :
1375 3671 1554 3737 Quare
1581 3685 1691 3724 non
1713 3671 1894 3735 magis

282 3762 648 3827 iniquitatem
661 3762 934 3827 patimini
944 3766 1154 3828 Pquarc
1173 3776 1282 3814 non
1297 3763 1480 3828 potius
1499 3760 1894 3827 fraudaminir

281 3854 344 3900 nt
368 3848 443 3901 ad
473 3848 622 3902 illud
650 3847 916 3902 redeatur
944 3849 1092 3919 quod
1121 3849 1394 3902 Dominus
1423 3847 1539 3902 ait:
1566 3849 1630 3902 Si
1655 3849 1779 3916 quis
1807 3861 1894 3899 υο-

286 3937 456 3988 luerit
487 3939 748 3990 tunicam
772 3941 927 3990 tuam
951 3940 1134 3990 tollere
1153 3941 1202 3990 et
1219 3939 1436 4006 judicio
1467 3939 1639 3990 tecum
1671 3941 1892 3989 conten-

283 4021 426 4090 dere,
454 4027 684 4079 dimitte
701 4029 753 4079 ei
781 4031 829 4078 ct
855 4029 1094 4094 pallium
1129 4025 1506 4093 (Μαιι.χιιγ);
1533 4029 1589 4078 et
1607 4025 1716 4078 alio
1737 4024 1888 4077 loco:

285 4113 391 4178 aut
427 4116 751 4179 abstulerit,
785 4115 988 4184 inquit,
1025 4121 1138 4178 tua,
1177 4117 1295 4168 noli
1340 4119 1571 4183 repetere
1608 4114 1760 4183 (Luc.
1793 4115 1886 4180 vx).

281 4201 590 4258 Prohihuit
607 4203 812 4274 itaque
837 4219 972 4257 suos
992 4203 1061 4256 de
1077 4204 1420 4258 secularibus
1440 4203 1605 4257 rebus
1622 4217 1750 4256 cum
1769 4199 1893 4255 aliis

1975 3047 2038 3098 de
2059 3047 2313 3098 minimis
2317 3045 2594 3113 judicent.
2611 3043 2728 3098 Hoc
2750 3051 2852 3110 est,
2869 3060 2982 3098 non
3001 3045 3339 3116 suntutique
3353 3043 3574 3116 indigni

1975 3134 2033 3187 hi
2062 3134 2158 3204 qui
2185 3133 2368 3204 ipsum
2400 3133 2674 3187 mundum
2707 3133 3015 3204 judicaturi
3044 3140 3195 3200 sunt,
3230 3147 3298 3189 ea
3317 3133 3574 3206 judicare

1976 3239 2098 3293 quae
2119 3222 2315 3276 mundi
2334 3227 2484 3276 sunt.
2500 3223 2729 3277 Nescitis
2759 3227 3024 3291 quoniam
3051 3225 3271 3293 angelos
3287 3223 3574 3294 judicabi-

1975 3317 2134 3365 mus?
2169 3311 2340 3366 Addit
2378 3311 2503 3383 plus
2539 3309 2793 3378 dicendo,
2827 3317 3046 3381 angelos
3078 3313 3478 3382 iudicabimus,
3517 3310 3573 3366 id

1975 3407 2079 3468 est,
2098 3401 2376 3472 potentias
2407 3400 2706 3473 spiritales,
2727 3415 2866 3472 quas
2895 3401 3006 3456 alio
3031 3403 3152 3457 loco
3181 3402 3359 3458 tradit
3385 3403 3444 3458 in
3469 3419 3574 3458 coe-

1974 3490 2209 3544 lestibus
2226 3491 2450 3560 degere,
2473 3490 2672 3544 eodem
2699 3507 2904 3562 genere
2920 3489 3255 3562 judicandos
3283 3491 3512 3564 angelos
3540 3512 3574 3549 a

1975 3577 2154 3645 nobis,
2187 3595 2298 3650 quo
2343 3586 2400 3633 et
2445 3581 2689 3633 mundus
2715 3577 3077 3650 judicabitur.
3124 3580 3325 3651 (Greg.)
3358 3581 3573 3638 Mentes

1976 3669 2183 3739 quippe
2225 3673 2547 3722 sanctorum
2588 3669 2916 3723 transitoria
2945 3677 3146 3724 cuncta
3173 3669 3489 3743 despiciunt
3517 3677 3575 3727 et

1975 3757 2079 3811 sub
2096 3773 2155 3810 se
2173 3756 2284 3810 labi
2306 3757 2576 3827 quidquid
2599 3755 2868 3828 superbit,
2885 3757 3157 3828 quidquid
3178 3763 3428 3830 praeterit
3438 3780 3570 3816 con-

1974 3846 2300 3916 templatur,
2335 3849 2391 3898 et
2419 3846 2580 3916 quasi
2609 3846 2668 3898 in
2699 3847 2940 3916 quodam
2986 3863 3174 3901 rerum
3204 3847 3408 3904 vertice
3438 3867 3570 3906 con-

1975 3933 2178 4000 stituti,
2197 3939 2356 3987 tanto
2375 3931 2481 3986 sibi
2510 3934 2698 3988 omnia
2722 3934 2949 3990 subesse
2969 3937 3338 4008 conspiciunt,
3361 3947 3570 4012 Quanto

1975 4021 2306 4098 semetipsas
2332 4019 2518 4076 verius
2560 4023 2774 4077 auctori
2821 4024 3073 4080 omnium
3103 4027 3367 4098 subdunt,
3401 4037 3571 4104 atque

1977 4113 2106 4166 inde
2125 4119 2324 4166 cuncta
2353 4111 2777 4180 transcendunt,
2803 4113 2949 4168 unde
2969 4115 3222 4171 Creatori
3243 4126 3568 4177 cunctorum

1975 4217 2105 4255 vera
2131 4219 2190 4255 se
2220 4201 2541 4256 humilitate
2562 4206 2944 4273 prosternunt.
2973 4204 3032 4270 (Α
3044 4209 3156 4276 ug.)
3181 4207 3245 4262 In
3271 4208 3570 4282 Evangelio

281 4291 494 4346 habere
519 4292 824 4362 judicium.
859 4293 936 4344 Ex
973 4307 1084 4362 qua
1121 4292 1374 4345 doctrina
1417 4291 1714 4362 Apostolus
1758 4275 2108 4360 dicitnergo
2137 4291 2408 4344 Dominus
2443 4292 2525 4345 ait
2556 4309 2566 4344 :
2603 4291 2862 4347 Sedebitis
2900 4309 3062 4362 super
3099 4275 3380 4352 duodecim
3421 4275 3570 4358 sedes

276 4396 401 4434 esse
430 4382 744 4440 delictum;
773 4387 964 4434 tamen
991 4397 1118 4434 cum
1139 4381 1254 4434 sint
1283 4381 1339 4434 in
1372 4381 1614 4435 Ecclesia
1633 4379 1770 4434 talia
1793 4379 1890 4452 ju-

275 4469 424 4524 dicia
451 4471 617 4525 ﬁniri
635 4470 787 4526 inter
802 4470 1022 4535 fratres,
1037 4469 1304 4524 fratribus
1317 4469 1717 4540 judicantibus,
1735 4475 1891 4524 extra

273 4555 598 4614 Ecclesia!!!
614 4573 746 4612 vero
765 4556 1094 4612 terribiliter
1106 4565 1254 4613 vetat
1279 4577 1290 4612 :
1318 4559 1676 4612 manifestum
1697 4565 1783 4612 est
1801 4557 1890 4610 hic

271 4648 408 4717 quid
423 4647 752 4702 secundum
766 4648 986 4701 veniam
997 4648 1600 4702 concedaturinﬁrmis.
1616 4647 1658 4702 Α
1666 4653 1726 4700 ut
1739 4651 1890 4713 igno-

267 4739 414 4790 ratis
425 4739 712 4806 quoniam
739 4740 919 4790 sancti
933 4739 996 4790 de
1018 4739 1115 4790 hoc
1133 4735 1887 4804 mundojudicabuntPNihil

263 4823 466 4880 odiose
498 4825 649 4878 dicit
693 4825 1012 4896 Apostolus,
1045 4826 1169 4879 ideo
1218 4825 1368 4878 enim
1416 4827 1565 4879 hunc
1612 4825 1886 4879 mundum

263 4915 428 4980 dixit,
469 4921 544 4969 ut
573 4915 836 4968 ostendat
863 4922 920 4968 et
947 4916 1208 4978 alterum,
1235 4913 1367 4985 quia
1396 4919 1451 4966 et
1479 4915 1722 4968 Joannes
1751 4931 1886 4985 apo-

261 5006 450 5058 Itolus
489 5021 502 5056 :
543 5004 742 5068 Nolite,
777 5005 874 5068 alt,
906 5005 1134 5071 diligere
1161 5004 1311 5056 hunc
1340 5003 1612 5057 mundum
1641 5004 1700 5075 (Ι
1723 5005 1884 5058 Joan.

264 5100 353 5162 n):
391 5097 456 5147 et
496 5093 782 5147 Dominus
823 5093 881 5146 in
921 5092 1219 5161 Evangelio
1251 5110 1262 5144 :
1299 5092 1410 5154 Sic,
1443 5091 1646 5163 inquit,
1693 5095 1888 5146 dilexit

260 5185 409 5237 Deus
443 5183 740 5235 mundum
770 5183 936 5247 hunc,
964 5187 1068 5236 etc.
1105 5184 1283 5238 lJoan.
1305 5186 1397 5245 Iv).
1423 5182 1526 5235 Hic
1557 5199 1690 5252 ergo
1721 5197 1886 5236 mun-

260 5271 371 5324 dus
393 5272 460 5325 in
481 5285 685 5324 errore
705 5276 809 5335 est,
835 5285 946 5323 non
967 5271 1060 5324 ille
1076 5271 1334 5340 superior
1352 5271 1421 5324 ad
1442 5271 1601 5341 cujus
1621 5271 1885 5325 similitu-

257 5361 462 5414 dinem
499 5359 600 5412 hic
615 5357 796 5412 factus
821 5363 924 5412 est.
957 5358 1117 5413 Unde
1145 5359 1312 5413 homo
1341 5359 1430 5414 hic
1457 5360 1672 5431 positus
1703 5367 1789 5415 est
1816 5361 1887 5414 ad

261 5449 594 5518 imaginem
621 5447 724 5502 Dei
755 5447 952 5514 factus,
985 5451 1051 5501 ut
1078 5447 1224 5502 sicut
1263 5447 1320 5502 in
1362 5449 1636 5520 superiori
1675 5447 1886 5503 mundo

257 5537 328 5591 ab
355 5551 490 5594 uno
519 5533 642 5590 Deo
665 5541 804 5591 sunt
829 5536 1041 5603 omnia,
1055 5537 1138 5592 ita
1157 5537 1296 5593 etin
1314 5538 1418 5592 hoc
1437 5535 1507 5591 ab
1519 5553 1633 5592 uno
1657 5538 1884 5593 homine

1964 4383 2282 4448 judicantes
2325 4379 2610 4434 duodecim
2667 4380 2844 4434 tribus
2885 4383 3058 4436 Israel
3103 4383 3282 4452 (Matt.
3327 4391 3464 4458 xxx),
3509 4389 3568 4446 Si
3657 4417 3661 4424 ·

1973 4465 2264 4522 duodecim
2297 4467 2445 4524 sellae
2475 4468 2552 4523 ibi
2583 4476 2732 4535 sunt,
2766 4483 2878 4522 non
2913 4477 2998 4524 est
3031 4470 3125 4525 ubi
3162 4473 3320 4528 sedat
3365 4479 3568 4534 tertius

1973 4557 2221 4611 decimus
2253 4559 2536 4629 apostolus
2565 4557 2792 4622 Paulus,
2825 4563 2882 4610 et
2908 4575 3020 4613 non
3050 4557 3158 4615 erit
3185 4563 3463 4634 quomodo
3477 4570 3568 4640 ju-

1972 4645 2136 4700 dicet.
2170 4647 2278 4700 Sed
2307 4648 2426 4717 ipse
2461 4645 2845 4716 judicaturum
2883 4664 2942 4700 se
2983 4645 3121 4704 dixit
3157 4669 3270 4707 non
3311 4652 3567 4713 homines

1970 4741 2193 4789 tantum
2224 4737 2319 4790 sed
2347 4734 2619 4804 Angelos;
2657 4749 2796 4805 quos
2821 4737 3084 4808 Angelos,
3111 4739 3218 4795 nisi
3245 4749 3567 4816 apostatas?

1972 4823 2218 4890 Nescitis,
2240 4825 2441 4895 inquit,
2465 4825 2598 4892 quia
2625 4827 2844 4890 angelos
2867 4828 3286 4894 judicabimus?
3315 4835 3564 4907 Respon-

1971 4912 2131 4966 deret
2160 4929 2291 4982 ergo
2317 4911 2503 4978 turba,
2536 4911 2682 4977 Quid
2725 4919 2780 4967 te
2815 4917 2996 4985 jactus
3019 4915 3440 4987 judicaturum?
3470 4925 3566 4982 ubi

1970 4999 2225 5056 sedebis?
2244 5001 2548 5056 Duodecim
2580 5003 2758 5070 sedes,
2793 5005 2934 5058 dixit
2950 5003 3240 5074 Dominus,
3261 5009 3330 5065 de
3359 5011 3565 5069 duode-

1970 5091 2078 5145 cim
2110 5090 2374 5162 apostolis
2400 5104 2545 5144 unus
2575 5092 2791 5154 cecidit,
2824 5094 2882 5147 in
2919 5095 3102 5149 locum
3133 5095 3308 5169 ipsius
3339 5109 3566 5160 sanctus

1971 5179 2235 5235 Matthias
2255 5179 2545 5235 ordinatus
2568 5185 2670 5248 est,
2689 5181 2953 5254 impletus
2973 5190 3059 5238 est
3071 5183 3449 5246 duodenarius
3464 5208 3566 5248 nu-

1971 5285 2158 5324 merus
2195 5269 2432 5336 sedium,
2469 5269 2650 5341 primo
2687 5272 2868 5326 locum
2899 5269 3106 5341 inveni,
3140 5273 3233 5329 ubi
3262 5277 3476 5350 sedeas,
3511 5291 3567 5338 et

1971 5360 2048 5413 sic
2065 5366 2120 5414 te
2137 5358 2351 5413 minare
2367 5358 2770 5429 judicaturum.
2787 5361 3076 5426 Quomodo
3093 5379 3226 5438 ergo
3242 5365 3299 5420 in
3315 5369 3564 5443 quinque

1968 5445 2232 5502 fratribus
2261 5447 2431 5516 illius,
2463 5450 2558 5520 qui
2592 5450 2960 5521 torquebatur
2997 5451 3145 5526 apud
3174 5452 3402 5522 inferos,
3432 5461 3564 5516 mil-

1964 5539 2044 5592 lia
2055 5535 2244 5608 populi
2261 5537 2602 5600 Judaeorum,
2621 5535 2900 5610 quomodo
2915 5546 3142 5599 centum
3157 5545 3563 5619 quinquaginta
