3900 6196
302 230 368 284 ῦῦ

895 229 956 282 Β.
1000 228 1271 282 RABANI
1312 229 1540 282 MAURI
1579 228 1914 282 ARCHIEP.
1941 227 2280 284 MOGUNT.
2323 223 2618 280 OPERUM
2656 223 2840 278 PARS
2879 224 2976 280 ΙΙΙ.

3507 220 3574 276 56

295 352 468 406 trium
502 351 736 422 piscium
761 352 936 405 millia
957 351 1196 405 millium
1219 357 1560 415 sanctorum,
1583 351 1662 403 sic
1683 350 1738 404 in
1759 351 1894 403 duo-
1910 353 1960 410 Α
1979 358 2042 404 ut
2073 368 2170 422 pes
2196 350 2370 405 oculis
2405 355 2614 414 currat,
2649 354 2707 404 et
2745 351 2942 403 oculus
2975 348 3103 420 pedi
3131 345 3450 418 prospiciat.
3485 346 3578 400 Sic

297 440 476 494 decim
509 439 733 494 sedibus
761 456 875 493 non
904 441 1197 493 duodecim
1230 439 1503 504 homines,
1529 440 1625 492 sed
1656 455 1893 509 magnus

298 545 568 583 numerus
594 529 967 600 perfectorum
981 527 1332 598 intelligitur.
1352 528 1656 583 chularia
1672 530 1894 596 judicia

297 621 348 671 si
364 619 687 683 habueritis,
721 618 1146 686 contemptibiles
1163 619 1264 684 qui
1277 621 1409 670 sunt
1425 619 1488 670 in
1505 618 1755 682 Ecclesia,
1773 619 1896 671 illos

297 707 372 760 ad
377 709 410 774 j
414 709 692 760 udicandu
701 723 753 759 φη
769 708 1100 759 constituite.
1120 703 1356 770 (Ambr.)
1371 705 1670 759 Saecularia
1685 705 1898 774 judicia

299 799 433 848 sunt
449 794 519 848 ad
549 810 748 864 corpus
775 793 1134 864 pertinentia,
1153 793 1240 847 vel
1263 810 1548 865 corporea,
1565 800 1623 847 et
1639 794 1770 864 quia
1785 811 1897 848 non

298 884 377 936 sic
399 883 521 936 ﬁeri
538 881 704 936 debet
725 883 932 952 adjecit
956 901 967 935 :
995 883 1081 938 Ad
1111 885 1477 937 reverentiam
1494 889 1729 936 restrain
1758 885 1894 936 dico.

302 973 384 1024 Ne
423 971 556 1041 quia
584 988 754 1042 supra
785 971 1076 1041 negotium
1098 970 1430 1038 nominavit,
1467 973 1564 1025 sed
1595 973 1757 1042 quale
1787 988 1901 1024 non

302 1059 654 1130 signiﬁcavit,
686 1067 819 1115 sunt
867 1061 1018 1114 enim
1063 1067 1120 1114 et
1169 1060 1358 1113 divina
1401 1061 1646 1131 negotia,
1683 1060 1901 1114 dicente

303 1149 502 1202 eodem
537 1167 548 1202 :
589 1148 830 1217 Adjutor
857 1152 1064 1217 negotii
1090 1151 1200 1202 mei
1226 1149 1364 1221 (Col.
1396 1148 1490 1218 ιν),
1528 1156 1586 1202 et
1616 1149 1904 1203 smcularia

302 1237 448 1291 forte
473 1237 706 1308 judicia,
731 1238 865 1308 quia
879 1236 1241 1308 prohibuerat
1260 1237 1409 1308 apud
1425 1237 1667 1308 perﬁdos
1687 1239 1906 1308 agenda

307 1326 560 1396 quamvis
589 1326 647 1380 in
670 1327 914 1380 Ecclesia
942 1327 1087 1380 sicut
1104 1325 1420 1394 audierant,
1439 1344 1474 1380 a
1494 1327 1912 1398 qualibuscum«

309 1431 416 1484 que
443 1421 636 1469 tamen
671 1421 936 1485 putarent
965 1415 1264 1482 audienda,
1298 1421 1398 1470 aut
1431 1405 1804 1480 terminenda,
1833 1416 1902 1470 ad

306 1502 570 1556 ruborem
587 1519 803 1567 eorum,
819 1504 917 1569 ait,
935 1505 1363 1572 contemptibiles
1387 1521 1458 1572 qu
1468 1507 1630 1558 isunt
1647 1507 1670 1557 i
1673 1522 1710 1557 η
1724 1507 1904 1559 Eccle-

227 1655 232 1664 ν
307 1594 412 1654 sia,
445 1591 550 1644 hoc
585 1597 672 1645 est
697 1592 883 1662 lignea
910 1608 1068 1658 vasa;
1103 1598 1220 1646 tam
1256 1593 1407 1646 enim
1439 1592 1822 1647 intractabiles
1852 1602 1906 1648 et

1975 439 2184 510 itaque,
2217 439 2296 493 sic
2343 443 2548 492 sanctae
2579 438 2822 492 ecclesia;
2871 437 3126 491 membra
3171 435 3378 489 debent
3406 440 3464 488 et
3491 434 3576 486 of—

1977 529 2102 582 ﬁcio
2120 545 2242 582 esse
2265 527 2370 598 disj
2378 533 2566 595 uncta,
2583 533 2641 581 et
2659 527 2932 581 charitate
2948 527 3266 596 conjuncta,
3284 528 3350 577 ut
3369 521 3578 576 summi

1977 617 2080 671 viri
2112 633 2308 671 eorum
2335 617 2484 670 viam
2513 617 2860 688 provideant,
2878 615 2974 687 qui
2995 615 3052 669 in
3068 612 3309 668 terrenis
3335 610 3580 680 negotiis

1977 713 2203 772 vacant;
2239 710 2515 777 quatenus
2540 705 2694 760 velut
2713 705 2783 759 ad
2803 705 2995 758 lumen
3025 701 3316 757 oculorum
3338 717 3435 771 pes
3457 715 3580 753 am—

1979 793 2154 861 bulet,
2172 800 2229 849 et
2251 811 2476 848 rursum
2499 793 2769 865 quidquid
2791 792 3030 848 terrenis
3052 790 3292 862 negotiis
3306 789 3583 860 implicati

1981 890 2175 954 agunt,
2206 884 2311 938 hoc
2336 884 2407 937 ad
2436 884 2712 953 majorem
2743 883 3049 936 utilitatem
3086 880 3349 934 referant.
3380 878 3457 932 Ut
3483 891 3584 946 pes

1983 973 2142 1042 cujus
2181 971 2272 1026 via
2312 971 2670 1042 prospicitur,
2715 988 2829 1026 non
2875 971 2980 1026 sibi
3029 967 3444 1032 tantummodo,
3485 965 3586 1018 sed

1984 1061 2154 1114 etiam
2203 1061 2378 1114 oculis
2417 1060 2731 1129 gradiatur.
2776 1061 2923 1114 Dum
2972 1061 3164 1132 itaque
3203 1056 3313 1113 sibi
3348 1055 3587 1113 inViCEm

1985 1149 2204 1202 alterna
2229 1149 2718 1203 administratione
2747 1149 3104 1216 conveniunt,
3117 1149 3261 1203 miro
3283 1149 3450 1203 modo
3465 1149 3589 1220 agi-

1987 1243 2099 1304 tur,
2128 1243 2194 1291 ut
2222 1237 2356 1308 quia
2383 1237 2547 1291 electi
2577 1237 2785 1309 quique
2827 1238 3072 1292 vicissim
3113 1237 3341 1292 sibimet
3367 1238 3590 1308 impen-

1987 1325 2190 1391 dendo,
2217 1327 2366 1396 quod
2382 1326 2572 1380 valent
2600 1326 2830 1390 faciunt,
2845 1343 3039 1381 eorum
3063 1327 3202 1381 ﬁant
3229 1343 3400 1396 opera
3418 1326 3591 1379 etiam

1990 1431 2112 1485 quae
2127 1414 2308 1468 facere
2325 1414 2432 1486 ipsi
2461 1422 2572 1468 n‘on
2601 1421 2854 1486 possunt.
2881 1415 2989 1470 Sed
3009 1416 3155 1470 inter
3169 1415 3286 1469 hac
3301 1413 3594 1468 sciendum

1991 1511 2093 1569 est,
2128 1503 2261 1573 quia
2289 1520 2416 1557 cum
2446 1505 2829 1574 proximorum
2860 1504 3042 1558 causis
3074 1503 3463 1568 exterioribus,
3497 1502 3594 1574 qui

1991 1597 2118 1662 apte
2149 1592 2468 1646 deserviant
2495 1592 2716 1660 desunt,
2739 1592 2947 1647 debent
2963 1592 3022 1646 hi
3043 1609 3284 1664 quoque,
3317 1593 3412 1662 qui
3433 1591 3596 1662 spiri-

309 1679 750 1734 inconsideratos
779 1697 873 1735 eos
900 1681 1253 1750 signiﬁcavit,
1278 1687 1343 1734 ut
1368 1681 1659 1752 imperitos
1678 1682 1822 1736 forte
1842 1699 1908 1735 ex
1926 1673 1973 1732 B
1994 1679 2202 1734 talibus
2216 1680 2375 1734 donis
2387 1681 2536 1752 pleni
2558 1687 2910 1748 sunt,eorum
2931 1681 3249 1735 inﬁrmitati
3263 1681 3596 1734 condescen-

309 1768 492 1822 tribus
508 1769 726 1838 judices
741 1769 1032 1840 eligerent.
1055 1771 1173 1824 Hoc
1201 1770 1270 1823 de
1291 1776 1517 1841 experto
1546 1770 1822 1825 scribebat
1840 1773 1910 1825 Α·

313 1858 582 1928 postolus,
596 1859 806 1912 sciebat
819 1859 970 1912 enim
988 1875 1156 1930 quam
1172 1859 1346 1930 tepidi
1363 1865 1418 1913 et
1436 1859 1732 1930 improvidi
1751 1859 1809 1913 in
1829 1876 1912 1913 re-

312 1945 480 2016 liquis
499 1947 682 2001 causis
700 1948 924 2002 fuerant
943 1948 1294 2020 deprehensi.
1314 1949 1514 2018 (Greg.)
1541 1949 1748 2003 Paulus
1762 1949 1912 2002 enim

316 2034 602 2090 auditores
625 2053 755 2091 suos
793 2038 863 2091 ad
884 2037 1150 2091 virtutem
1181 2037 1470 2108 sapientiae
1508 2047 1565 2092 et
1591 2038 1914 2108 linguarum

315 2125 622 2194 genera,ad
635 2127 941 2197 prophetize
955 2142 1176 2197 quoque
1189 2126 1508 2196 indaganda
1519 2127 1790 2198 mysteria
1799 2143 1920 2180 suc-

317 2213 590 2267 cendebat
617 2214 806 2268 dicens
837 2233 848 2267 :
882 2216 1254 2268 zEmulamini
1280 2216 1426 2268 dona
1456 2218 1708 2280 meliora,
1741 2219 1920 2282 magis

317 2307 502 2355 autem
521 2309 585 2355 ut
592 2305 922 2371 prophetetis
951 2304 1004 2370 (I
1032 2303 1152 2356 Cor.
1187 2305 1321 2371 xxv).
1347 2303 1454 2356 Sed
1486 2303 1618 2372 quia
1649 2304 1924 2372 spiritalia

322 2389 471 2442 dona
499 2407 612 2444 non
641 2397 924 2461 caperent,
948 2390 996 2443 si
1017 2395 1245 2444 terrena
1265 2407 1360 2444 eos
1379 2391 1606 2460 negotia
1625 2391 1926 2462 depressis-

319 2483 462 2544 sent,
487 2479 650 2550 longe
708 2485 840 2533 ante
896 2479 1185 2550 prazmisit,
1214 2479 1404 2533 dicens
1439 2498 1450 2532 :
1489 2481 1924 2549 Conlenmtibiles

325 2569 426 2635 qui
438 2573 571 2621 sunt
593 2571 657 2620 in
679 2569 937 2633 Ecclesia,
956 2571 1080 2622 illos
1097 2571 1411 2624 constituite
1435 2569 1510 2622 ad
1524 2571 1920 2637 judicamlmn.

326 2656 408 2708 Ac
436 2655 484 2708 si
512 2661 704 2726 aperte
723 2657 894 2721 dicat,
913 2656 1008 2726 qui
1033 2655 1266 2710 minoris
1287 2657 1474 2710 meriti
1498 2663 1631 2710 sunt
1657 2657 1715 2710 in
1745 2657 1926 2710 Eccle-

324 2743 411 2796 sia
429 2748 488 2796 et
513 2743 682 2797 nullis
716 2760 1052 2814 magnorum
1072 2744 1346 2798 donorum
1374 2745 1673 2799 virtutibus
1693 2746 1924 2816 pollent,

1992 1769 2144 1835 dere,
2176 1769 2527 1840 terrenisque
2543 1785 2740 1824 eorum
2759 1769 3205 1836 necessitatibus,
3231 1771 3290 1824 in
3319 1775 3598 1840 quantum

1993 1858 2257 1912 decenter
2297 1859 2487 1912 valent
2515 1857 2806 1912 charitatis
2847 1859 3314 1913 condescensione
3355 1857 3595 1924 servire;

1995 1963 2097 2000 nec
2126 1947 2330 2000 taedere
2362 1947 2616 2000 animum
2632 1945 2799 2002 debet
2812 1947 2858 2001 si
2879 1964 3076 2002 sensus
3107 1949 3228 2018 ejus
3255 1946 3601 2016 contempla-

1996 2035 2139 2089 tioni
2160 2030 2540 2107 spiritualium
2555 2053 2779 2107 semper
2794 2036 3045 2090 intentus
3059 2037 3362 2106 aliquando
3383 2035 3605 2106 dispen-

2001 2124 2190 2178 sandis
2232 2123 2399 2178 rebus
2425 2125 2676 2178 minimis
2724 2125 2884 2196 quasi
2927 2125 3240 2179 minoratus
3277 2123 3603 2190 inﬂectitur,

2005 2213 2228 2284 quando
2248 2212 2382 2267 illud
2396 2212 2644 2266 Verbum
2660 2230 2761 2284 per
2777 2214 2926 2284 quod
2943 2216 3202 2268 constant
3211 2214 3402 2268 omnia
3418 2221 3607 2268 creata

2005 2307 2070 2356 ut
2107 2302 2418 2372 prodesset,
2452 2301 2698 2355 hominis
2731 2308 3022 2373 assumpta
3047 2302 3404 2356 humanitate
3438 2302 3615 2356 voluit

2009 2391 2174 2460 paulo
2205 2390 2394 2443 minus
2423 2391 2637 2460 angelis
2669 2389 2960 2444 minorari.
2991 2391 3138 2455 Quid
3163 2407 3297 2461 ergo
3326 2390 3534 2444 mirum
3566 2391 3616 2444 si

2005 2479 2174 2532 homo
2212 2495 2272 2531 se
2323 2485 2552 2550 propter
2596 2479 2884 2534 hominem
2929 2480 3197 2544 attrahat,
3230 2480 3368 2534 dum
3398 2485 3619 2534 creator

2007 2567 2302 2621 hominum
2323 2573 2380 2620 et
2401 2569 2734 2638 angelorum
2752 2569 2992 2622 formam
3007 2568 3255 2622 hominis
3273 2575 3503 2640 propter
3519 2569 3617 2622 ho-

2007 2655 2218 2708 minem
2243 2656 2524 2726 suscepit?
2562 2674 2663 2710 nec
2690 2663 2884 2711 tamen
2915 2657 3232 2711 minoratur
3259 2674 3458 2712 sensus
3489 2674 3618 2712 cum
3671 2705 3684 2712 .

2013 2743 2092 2796 sic
2101 2744 2426 2810 attrahitur,
2443 2745 2576 2815 quia
2583 2750 2742 2799 tanto
2755 2745 3018 2800 subtilius
3031 2747 3321 2817 superiora
3333 2751 3611 2817 penetrat,

328 2831 436 2902 ipsi
458 2832 526 2886 de
547 2832 787 2886 terrenis
815 2832 1056 2902 negotiis
1074 2833 1346 2902 judicent,
1373 2839 1649 2904 quatenus
1671 2851 1772 2904 per
1790 2851 1929 2906 quos
2013 2838 2222 2902 quanto
2253 2833 2524 2886 humilius
2548 2850 2649 2903 pro
2679 2851 2871 2888 amore
2897 2835 3201 2888 conditoris
3221 2851 3324 2888 nec
3348 2834 3618 2888 inferiora

329 2936 538 2991 magna
551 2927 842 2992 nequeunt
870 2921 1031 2988 bona,
1051 2921 1270 2975 minora
1283 2923 1679 2993 suppleantur;
1705 2940 1844 2994 quos
1873 2931 1931 2978 et
1957 2988 1990 2994 _
2011 2921 2338 2974 contemnit.
2363 2921 2508 2985 Quid
2538 2921 2832 2992 indignum
2863 2923 3022 2977 nobis
3055 2924 3139 2977 vel
3181 2923 3407 2977 difﬁcile
3444 2928 3531 2976 est
3565 2923 3615 2976 si

330 3009 780 3080 contemptibiles
821 3010 1094 3067 nominat.
1131 3017 1188 3064 et
1215 3016 1408 3065 tamen
1436 3011 1718 3082 sapientes
1746 3019 1922 3078 vocat,
1948 2988 1992 3049 G
2012 3025 2182 3079 supra
2206 3009 2461 3080 infraque
2489 3010 2744 3064 animum
2773 3011 3050 3078 ducimus,
3082 3013 3178 3083 qui
3217 3012 3415 3066 eadem
3441 3028 3616 3066 manu

330 3113 458 3151 cum
487 3098 624 3152 dicit
655 3117 668 3151 :
704 3099 796 3154 Sic
828 3115 940 3152 non
969 3105 1043 3152 est
1085 3102 1302 3168 sapiens
1331 3103 1625 3169 quisquam.
1663 3104 1812 3155 inter
1841 3117 1929 3154 ros
2012 3097 2260 3168 corporis
2295 3098 2548 3152 lavamus
2578 3099 2797 3166 faciem,
2831 3117 2942 3170 qua
2968 3101 3140 3154 etiam
3171 3101 3485 3155 calceamus
3515 3118 3614 3171 p93-

330 3189 432 3254 qui
452 3189 623 3254 possit
642 3189 904 3255 judicare
942 3191 1092 3241 inter
1128 3189 1364 3254 fratrem.
1395 3195 1597 3243 suum?
1625 3189 1746 3253 Qua
1775 3207 1842 3243 ex
1869 3206 1930 3243 re
2013 3187 2178 3240 dem?
2198 3187 2291 3242 Sic
2319 3203 2430 3241 non
2445 3193 2520 3241 est
2537 3191 2686 3241 inter
2699 3192 3096 3257 vosqu-isquam
3111 3193 3614 3258 sapicnsquipossit

334 3274 468 3344 quid
505 3275 788 3344 colligitur
822 3275 931 3328 nisi
973 3283 1037 3330 ut
1075 3282 1328 3330 terrenas
1361 3293 1558 3330 causas
1587 3279 1928 3344 examinent,
2005 3277 2264 3344 judicare
2278 3279 2428 3329 inter
2441 3278 2855 3344 fratremsuum
2871 3275 3118 3349 ?(Amb.)
3137 3277 3279 3341 Quia
3303 3293 3437 3345 ergo
3461 3284 3613 3343 sunt,

333 3363 428 3433 qui
459 3363 799 3417 exteriorum
830 3380 1020 3417 rerum
1051 3365 1387 3434 sapientiam
1417 3367 1934 3438 perceperunt?qui
2018 3361 2219 3434 inquit,
2245 3365 2528 3434 sapientes
2553 3365 2777 3431 fratres,
2801 3365 2977 3436 aliqui
3005 3366 3206 3419 horum
3235 3365 3519 3435 eligantur
3546 3365 3619 3420 ad

263 3513 270 3518 μ
335 3456 526 3506 autem
549 3452 897 3522 spiritalibus
916 3452 1078 3506 donis
1095 3453 1258 3506 ditati
1275 3455 1676 3524 sunt,profecto
1696 3455 1936 3509 terrenis
2013 3451 2380 3520 judicandum
2396 3469 2634 3524 quorum
2647 3453 2924 3523 judicium
2950 3458 3201 3507 meretur
3219 3453 3482 3518 mundus,
3507 3471 3623 3508 ma-

336 3556 448 3593 non
475 3540 684 3595 debent
705 3541 946 3610 negotiis
967 3541 1266 3612 implicari,
1289 3549 1354 3595 ut
1375 3542 1508 3596 dum
1530 3559 1642 3596 non
1661 3549 1940 3613 coguntur

339 3628 606 3682 inferiora
623 3629 771 3684 bona
790 3630 1107 3700 disponere,
1128 3629 1417 3684 exercitati
1433 3631 1654 3685 valeant
1672 3631 1830 3684 bonis
1849 3645 1938 3685 su:

340 3717 654 3788 perioribus
672 3718 970 3772 deservire.
999 3719 1107 3772 Sed
1137 3719 1451 3772 curandum
1471 3736 1810 3790 magnopere
1831 3725 1934 3787 est,

340 3812 404 3860 ut
415 3806 510 3877 qui
522 3807 684 3860 donis
693 3806 1080 3878 spiritualibus
1101 3807 1363 3873 emicant,
1381 3825 1737 3880 nequaquam
1752 3809 1938 3879 proxi-

341 3909 563 3950 morum
591 3897 1004 3950 infirmantium
1032 3897 1261 3966 negotia
1295 3896 1546 3951 funditus
1576 3897 1814 3963 deserat,
1841 3899 1938 3952 sed

341 3985 458 4037 haec
487 3983 630 4040 aliis.
651 3984 852 4054 quibus
871 3985 1105 4054 dignum
1127 3991 1228 4046 est.
1251 3986 1545 4040 tractanda
1561 3987 1934 4041 committant.

342 4069 500 4124 Unde
545 4077 602 4124 et
645 4073 862 4141 Moyses
892 4089 1112 4142 quoque
1156 4073 1225 4126 ad
1272 4074 1542 4144 populum
1571 4075 1717 4126 viros
1754 4091 1854 4144 pro
1882 4092 1942 4129 se

341 4158 701 4228 septuaginta
731 4160 1020 4214 constituit
1052 4161 1239 4226 (Exod.
1275 4165 1448 4229 xxn'),
1483 4168 1548 4215 ut
1569 4168 1778 4232 quanto
1798 4179 1856 4215 se
1872 4163 1942 4216 ab

2017 3555 2162 3608 gnus
2186 3541 2336 3594 enim
2365 3543 2546 3612 pudor
2574 3532 2669 3594 est
2685 3541 2733 3595 si
2765 3541 2914 3596 inter
2957 3559 3052 3596 eos
3084 3542 3181 3613 qui
3210 3543 3474 3597 dicuntur
3515 3543 3623 3597 Do-

2019 3627 2237 3682 minum
2285 3631 2627 3699 cognovisse,
2660 3647 2774 3684 non
2813 3630 3134 3685 inveniatur
3169 3632 3267 3702 qui
3301 3631 3624 3686 examinare

2020 3717 2197 3788 possit
2215 3719 2504 3788 negotium
2520 3721 2682 3790 juxta
2707 3721 2802 3790 jus
2833 3721 3248 3790 Evangelicum,
3279 3721 3404 3774 ideo
3432 3727 3624 3775 autem

2022 3805 2254 3860 fratrem
2275 3807 2524 3877 judicem
2545 3807 2865 3878 eligendum
2894 3809 3046 3876 dicit,
3071 3808 3203 3879 quia
3231 3809 3412 3862 adhuc
3439 3815 3624 3862 rector

2024 3895 2278 3949 Ecclesia:
2305 3895 2532 3949 illorum
2546 3913 2660 3950 non
2683 3903 2806 3950 erat
2828 3897 3138 3951 ordinatus.
3158 3897 3261 3952 Sed
3287 3898 3466 3964 frater
3495 3913 3622 3950 cum

2021 3985 2202 4051 fratre
2221 3987 2438 4052 judicio
2465 3988 2756 4050 contendit,
2791 3991 2839 4038 et
2868 3987 2966 4038 hoc
2989 3988 3140 4054 apud
3167 3987 3428 4053 inﬁdeles.
3447 3985 3622 4038 Mani-

2022 4071 2227 4125 festum
2275 4081 2378 4138 est,
2425 4073 2556 4143 quia
2599 4073 2854 4126 inﬁdeles
2907 4080 3008 4127 aut
3055 4073 3316 4138 arbitros,
3351 4080 3414 4127 ut
3464 4090 3619 4127 asso-

2023 4160 2103 4214 let
2129 4161 2270 4226 ﬁeri,
2285 4163 2596 4230 postulatos
2622 4161 2921 4230 signiﬁcat,
2946 4168 3046 4216 aut
3065 4163 3313 4234 judicem
3336 4161 3620 4233 publicum

344 4246 712 4300 exterioribus
761 4248 942 4301 causis
988 4248 1382 4316 absconderet,
1441 4254 1601 4304 tanto
1655 4248 2114 4322 ardentiusDcui
2145 4249 2253 4302 dici
2273 4250 2441 4304 solet:
2466 4249 2643 4302 Hodie
2673 4249 2794 4304 dies
2811 4267 3100 4306 sacrorum
3131 4257 3234 4318 est,
3249 4253 3344 4322 jus
3373 4249 3482 4304 dici
3508 4267 3620 4304 non

343 4337 568 4388 interna
583 4341 921 4405 penetraret,
938 4337 1128 4407 sicque
1152 4337 1234 4401 ﬁt,
1251 4343 1313 4390 ut
1334 4342 1390 4391 et
1411 4338 1618 4392 summi
1639 4339 1743 4391 viri
1767 4340 1944 4409 magis

344 4425 414 4477 ad
434 4423 713 4495 spiritalia
741 4424 887 4478 dona
905 4425 1201 4497 proﬁciant
1229 4425 1363 4479 dum
1395 4442 1592 4480 eorum
1619 4432 1837 4481 mentes
1857 4445 1946 4482 res

346 4513 552 4566 inﬁmae
583 4530 696 4566 non
727 4514 1078 4580 conculcant;
1121 4520 1178 4568 et
1209 4531 1432 4568 rursum
1463 4514 1566 4568 viri
1605 4515 1664 4569 in
1705 4516 1947 4570 Ecclesia

345 4601 533 4654 ultimi
563 4601 684 4655 sine
716 4601 861 4656 bono
881 4620 1049 4673 opere
1069 4620 1182 4656 non
1202 4603 1405 4670 vivant,
1425 4603 1560 4658 dum
1586 4603 1645 4657 in
1672 4604 1840 4658 rebus
1859 4621 1947 4658 ex-

343 4687 644 4742 terioribus
673 4687 966 4744 inveniunt
992 4697 1147 4766 recta
1168 4709 1290 4762 quae
1313 4698 1500 4762 agant.
1519 4694 1723 4746 Sancta
1742 4693 1946 4766 quippe

345 4775 592 4829 Ecclesia
618 4777 698 4830 sic
727 4779 983 4832 consistit
1015 4763 1232 4834 unitate
1262 4781 1532 4840 ﬁdelium,
1565 4781 1709 4836 sicut
1748 4799 1947 4854 corpus

345 4868 602 4917 nostrum
645 4865 867 4918 unitum
915 4873 1002 4920 est
1051 4883 1318 4938 compage
1379 4870 1779 4924 membrorum.
1822 4872 1950 4926 Alia

345 4967 591 5022 namque
609 4951 864 5006 membra
883 4958 1016 5007 sunt
1043 4954 1098 5008 in
1123 4971 1372 5026 corpore,
1398 4975 1519 5028 quia
1538 4959 1821 5013 intuenda!
1840 4961 1946 5013 luci

345 5040 694 5109 deserviunt;
728 5041 839 5095 alia
865 5058 988 5113 quae
1015 5060 1050 5096 a
1075 5049 1240 5098 terra:
1281 5050 1436 5099 tactu
1479 5047 1710 5101 minime
1738 5047 1950 5118 disjun-

345 5135 576 5198 guntur.
611 5131 818 5186 Oculus
849 5131 1054 5202 quippe
1082 5131 1193 5185 luci
1223 5132 1555 5200 intenditur,
1581 5143 1638 5190 et
1666 5154 1736 5190 ne
1756 5139 1948 5192 caecari

346 5217 530 5272 valeat
557 5234 592 5273 a
623 5220 848 5290 pulvere
871 5221 1204 5275 custoditur.
1237 5223 1343 5276 Pes
1363 5223 1513 5276 enim
1546 5230 1678 5279 tunc
1705 5226 1948 5280 ofﬁcium

348 5320 515 5359 suum
555 5315 705 5362 recte
741 5309 976 5380 peragit,
1011 5327 1138 5364 cum
1178 5311 1593 5381 suscipiendum
1629 5321 1793 5369 terrai
1821 5316 1947 5385 pul-

345 5409 535 5450 verem
571 5413 684 5450 non
724 5397 950 5467 refugit,
997 5416 1118 5470 quae
1164 5405 1358 5454 tamen
1405 5403 1652 5472 corporis
1695 5403 1949 5458 membra

346 5483 589 5538 vicissim
646 5485 750 5538 sibi
806 5503 910 5540 sua
948 5486 1132 5542 ofﬁcia
1172 5488 1546 5560 impartiendo
1589 5493 1944 5562 copulantur,

2027 4343 2227 4408 potest.

2095 4427 2222 4479 Jam
2241 4428 2464 4495 quidem
2479 4431 2706 4481 omnino
2721 4429 2982 4482 delictum
3003 4431 3065 4482 in
3082 4429 3231 4482 vobis
3260 4433 3352 4492 est,
3368 4428 3626 4495 quodju-

2027 4515 2177 4568 dicia
2223 4516 2466 4569 habeatis
2507 4519 2656 4570 inter
2690 4533 2797 4570 ros.
2829 4517 3127 4571 Peccatum
3167 4532 3288 4570 esse
3324 4515 3622 4585 signiﬁcat,

2029 4604 2162 4673 quia
2187 4603 2361 4657 frater
2388 4621 2514 4658 cum
2544 4605 2716 4659 fratre
2737 4605 2943 4674 litigat,
2969 4621 3099 4659 cum
3127 4604 3315 4658 danda
3341 4620 3512 4675 opera
3530 4603 3622 4670 sit,

2028 4699 2094 4746 ut
2119 4694 2418 4747 concordes
2441 4693 2554 4746 sint
2585 4693 2745 4764 quasi
2764 4693 3040 4764 germani,
3058 4693 3300 4747 maxime
3331 4709 3460 4746 cum
3487 4693 3627 4745 ﬁdes

2030 4789 2222 4835 nostra
2234 4782 2354 4852 paci
2367 4782 2608 4836 studeat.
2623 4783 2978 4853 Quamquam
2991 4782 3142 4836 enim
3156 4781 3509 4836 Christianus
3520 4781 3630 4834 liti-

2027 4887 2162 4940 gare
2187 4887 2299 4924 non
2329 4870 2547 4937 debeat,
2566 4877 2756 4926 tamen
2780 4871 2826 4926 si
2847 4888 3017 4942 grave
3037 4871 3168 4942 quid
3193 4870 3382 4936 fuerit,
3408 4875 3464 4923 et
3482 4869 3631 4940 quod

2029 4959 2310 5013 contemni
2339 4976 2450 5014 non
2483 4961 2678 5030 possit,
2703 4977 2930 5015 causam
2959 4959 3030 5013 ad
3060 4959 3363 5014 Ecclesiam
3394 4958 3628 5022 deferat,

2031 5064 2101 5101 ne
2128 5053 2186 5101 et
2211 5048 2480 5103 damnum
2509 5049 2580 5102 ad
2606 5065 2852 5119 praesens
2882 5055 2940 5102 et
2974 5048 3340 5102 offensionem
3369 5047 3514 5101 forte
3541 5046 3631 5100 in-

2031 5144 2236 5190 currat.

2105 5227 2283 5292 Quare
2321 5243 2428 5280 non
2462 5229 2638 5294 magis
2668 5229 2949 5293 injuriam
2971 5227 3278 5293 patimini?
3309 5224 3488 5291 Quare
3517 5241 3630 5278 non

2030 5319 2207 5381 magis
2219 5317 2578 5382 fraudamini
2593 5319 2617 5367 ?
2634 5314 2738 5369 Sed
2753 5330 2839 5366 ros
2857 5317 3139 5382 injuriam
3159 5315 3364 5381 facitis,
3392 5319 3443 5367 et
3460 5315 3628 5381 frau-

2030 5405 2194 5469 datis,
2237 5409 2284 5458 et
2325 5405 2422 5458 hoc
2458 5403 2756 5472 fratribus.
2787 5403 2950 5456 Nunc
2986 5403 3088 5456 hos
3124 5401 3358 5473 corripit
3387 5417 3628 5472 quorum

2029 5491 2308 5561 injustitia
2335 5492 2591 5564 jurgium
2627 5497 2960 5561 generatur,
2993 5491 3128 5562 quia
3160 5507 3274 5546 non
3307 5489 3492 5545 solum
3527 5507 3630 5561 per
