3974 6188
258 252 307 305 5ἷ
673 247 1251 304 ENARRATIONUM
1289 250 1367 305 IN
1407 250 1559 305 EPP.
1604 251 1816 309 PAULI
1857 248 1994 312 LIB.
2036 259 2102 314 X.
2162 290 2225 300 —-
2281 248 2357 316 lN
2396 250 2617 316 EPIST.
2661 260 2683 314 Ι
2722 259 2818 315 AD
2858 213 3018 315 CDR.

3417 257 3483 313 58

257 373 470 429 fraudem
498 371 801 427 ndidissam
832 374 915 428 rei
946 381 1094 439 sunt,
1126 374 1224 429 sed
1253 379 1311 429 et
1338 383 1557 446 partem
1586 377 1811 449 habent,
1834 386 2054 456 Atum;
2095 388 2245 442 unde
2283 393 2341 441 et
2370 386 2507 440 dicit
2537 404 2547 438 :
2588 386 2692 441 Sed
2736 402 2825 453 ego
2870 387 2969 438 sub
3009 382 3224 439 nullius
3265 384 3486 454 redigar

257 462 405 515 delicti
432 461 673 527 illorum,
697 462 793 532 qui
822 464 997 517 coacti
1022 464 1235 534 injuria
1251 470 1351 530 aut
1368 464 1563 531 famae
1593 490 1806 541 eorum,

255 550 464 603 inﬁdeles
483 556 685 623 rogant
707 551 777 604 ad
804 552 1196 631 iudicandum,
1222 570 1419 620 etcum
1438 563 1693 620 fraudem
1714 572 1813 620 aut

258 636 452 707 injurias
490 639 673 694 illatas
712 654 975 724 persequi
1011 669 1123 707 non
1164 654 1449 722 deberent,
1483 672 1596 709 non
1626 656 1811 709 solum

259 727 519 805 vindicant,
559 740 660 794 sed
695 747 754 795 et
782 741 890 813 ipsi
920 742 1177 797 fraudem
1215 750 1272 798 et
1309 745 1545 814 injurias
1578 744 1807 811 faciunt,

256 823 305 883 'Ji
320 829 567 900 puniendi
597 832 852 902 exempla
863 832 1129 886 fratribus
1141 832 1409 888 tribuant.
1438 835 1506 888 Et
1527 834 1660 905 quid
1687 834 1811 888 aliis

254 919 401 972 ﬁcere
421 918 678 972 credatur
707 920 803 990 qui
821 936 935 975 non
956 921 1137 991 parcit
1155 922 1310 975 suis?
1332 924 1419 976 An
1450 926 1667 976 nescitis
1678 926 1812 991 quia

258 1010 410 1076 iniqui
421 1024 647 1075 regnum
662 1010 761 1063 Dei
779 1026 889 1063 non
898 1013 1245 1078 possidebunt
1262 1018 1285 1064 Ρ
1298 1012 1414 1065 Hoc
1428 1012 1617 1066 dicens
1633 1018 1814 1066 osten-

254 1097 323 1149 dit
352 1096 462 1150 illos
496 1113 608 1150 non
645 1098 862 1152 nescios
895 1116 1140 1169 peccare,
1186 1117 1249 1153 ac
1298 1118 1399 1171 per
1440 1102 1544 1154 hoc
1591 1102 1815 1170 gravius

256 1186 629 1253 vindicandum,
663 1189 713 1241 si
748 1188 899 1242 enim
921 1189 1388 1244 immisericordes
1408 1191 1490 1243 rei
1511 1198 1643 1244 sunt
1662 1191 1812 1261 apud

1887 479 2160 550 potestate.
2197 476 2386 545 (Aug)
2433 474 2625 530 Potest
2654 474 2863 545 aliquid
2892 474 3058 528 licere
3087 480 3144 528 et
3180 490 3291 528 non
3320 491 3485 545 expe-

1893 566 2031 622 dire.
2080 563 2350 638 Expedire
2390 571 2579 620 autem
2616 564 2762 636 quod
2802 582 2913 619 non
2946 566 3076 619 licet
3125 580 3235 619 non
3282 570 3483 636 potest.

1893 659 1972 712 Ac
2000 674 2099 728 per
2128 657 2232 711 hoc
2260 666 2372 709 non
2394 654 2584 709 omnia
2602 654 2755 708 licita
2792 654 3109 724 expediunt,
3141 650 3331 708 omnia
3360 658 3488 707 verd

1895 747 2088 801 illicita
2123 763 2235 800 non
2278 744 2595 816 expediunt.
2638 746 2792 798 Tunc
2838 760 2950 796 non
2988 744 3210 813 expedit
3248 744 3305 796 id
3342 744 3489 814 quod

1894 836 2110 889 licitum
2149 840 2252 899 est,
2292 834 2514 905 quando
2556 830 2901 903 permittitur
2935 832 3181 902 quidem,
3224 832 3320 885 sed
3354 848 3490 884 usus

1896 924 2071 994 ipsius
2109 923 2401 994 potestatis
2423 922 2603 975 adfert
2624 921 2749 974 aliis
2770 921 3235 991 impedimentum
3256 918 3454 972 salutis
3476 937 3486 975 :

1898 1013 2035 1066 mihi
2057 1013 2314 1066 videntur
2330 1011 2494 1065 licere
2516 1027 2626 1063 non
2642 1011 2921 1080 expedire,
2941 1022 3062 1080 quae
3079 1026 3176 1080 per
3186 1007 3486 1079 justitiaun

1895 1120 2019 1173 qum
2033 1118 2221 1154 coram
2242 1102 2356 1155 Deo
2379 1104 2481 1157 est.
2504 1100 2927 1171 permittuntur,
2952 1099 3046 1152 sed
3060 1098 3377 1151 ostensione
3398 1096 3494 1149 hod

1897 1191 2132 1255 minum,
2158 1190 2204 1243 si
2226 1190 2294 1243 ob
2322 1190 2428 1243 hoc
2454 1188 2838 1260 impediantur
2872 1188 2943 1241 ad
2975 1188 3234 1253 salutem,
3267 1184 3495 1239 vitanda

257 1274 420 1339 Deum,
451 1284 661 1345 quanto
703 1278 884 1347 magis
922 1279 1135 1350 iniqui?
1163 1280 1342 1333 Nolite
1370 1295 1562 1333 errare
1595 1299 1610 1333 :
1644 1294 1812 1347 neque
1894 1285 2028 1332 sunt
2052 1298 2063 1332 :
2090 1296 2157 1332 ea
2177 1296 2306 1332 vero
2328 1297 2437 1333 non
2459 1279 2625 1332 licere
2648 1295 2770 1348 quae
2785 1277 2864 1331 sic
2884 1283 3144 1331 vetantur
3163 1282 3226 1330 ut
3244 1274 3496 1328 facienda

256 1366 535 1430 fornimn’i,
552 1382 725 1433 neque
752 1368 915 1421 idolis
926 1372 1231 1431 servientes,
1250 1384 1418 1437 neque
1435 1371 1703 1435 adulleri,
1725 1385 1812 1422 ne-
1895 1384 2007 1421 non
2027 1368 2158 1421 sint.
2190 1369 2379 1437 (Greg.)
2417 1369 2572 1438 Smpe
2598 1368 2655 1420 hi
2686 1368 2780 1437 qui
2802 1367 2861 1421 in
2881 1372 3157 1438 potestate
3177 1372 3327 1433 sunt,
3362 1366 3495 1419 dum

255 1468 337 1519 que
368 1456 555 1518 molles,
605 1471 775 1523 neque
812 1460 1188 1511 masculorum
1224 1460 1612 1523 concubitores,
1650 1474 1816 1526 neque
1898 1472 2018 1509 sese
2040 1456 2337 1510 etalicitis
2372 1457 2615 1510 retinere
2648 1457 2923 1521 nesciunt,
2968 1455 3037 1509 ad
3086 1455 3281 1508 illicita
3315 1461 3372 1508 et
3416 1455 3498 1508 in-

253 1542 396 1606 fures,
426 1560 594 1611 neque
636 1548 824 1607 arari,
868 1561 1035 1614 neque
1072 1547 1289 1609 ebriosi,
1322 1564 1491 1615 neque
1532 1549 1808 1611 maledici,
1899 1545 2091 1615 quieta
2111 1545 2450 1599 delabuntur
2479 1564 2489 1597 :
2514 1546 2664 1599 solus
2685 1546 2834 1599 enim
2864 1546 2923 1598 in
2946 1544 3152 1598 illicitis
3171 1558 3284 1597 non
3316 1544 3495 1609 cadet,

258 1645 396 1697 neque
432 1647 653 1699 rapaces
696 1649 929 1701 regnum
972 1636 1069 1687 Dei
1107 1638 1475 1703 possidebunt.
1534 1636 1659 1691 Non
1702 1636 1817 1689 lucc
1901 1635 1994 1704 qui
2032 1651 2092 1687 se
2131 1642 2187 1688 et
2226 1634 2525 1703 aliquando
2565 1651 2599 1687 a
2636 1634 2802 1688 licitis
2842 1642 3005 1687 caute
3034 1630 3342 1701 restringit,
3390 1636 3500 1701 qua

254 1718 427 1772 idcirco
466 1722 805 1775 memoravit
833 1723 992 1793 quasi
1030 1725 1327 1790 nescirent,
1369 1724 1516 1794 apud
1547 1741 1685 1794 quos
1722 1724 1878 1784 an~B
1898 1723 2155 1777 videlicet
2183 1723 2801 1793 contritione'religatus
2822 1723 3016 1776 beatus
3032 1723 3237 1776 Paulus
3252 1722 3502 1775 insinuat

254 1823 369 1860 num
394 1816 444 1863 et
476 1826 569 1863 sex
615 1827 838 1865 menses
873 1812 1037 1879 sedit,
1069 1812 1271 1867 docens
1302 1813 1664 1883 Evangelium
1696 1814 1815 1880 Dei,
1901 1812 2116 1865 dicens:
2156 1814 2355 1865 Omnia
2370 1814 2480 1864 τηῐΙι
2494 1816 2513 1865 i
2530 1814 2819 1878 licent,sed
2834 1829 2941 1865 non
2970 1815 3160 1865 omnia
3182 1812 3494 1879 erpediunt.

256 1895 337 1948 sed
362 1899 699 1953 commonuit
725 1906 791 1952 ut
824 1901 1182 1955 resuscitaret
1210 1901 1269 1954 in
1306 1901 1417 1955 illis
1449 1902 1820 1955 reverentiam
1900 1903 2083 1971 Atque
2104 1906 2169 1954 ut
2189 1917 2254 1952 ex
2287 1901 2408 1971 ipsa
2439 1901 2769 1970 religatione
2806 1885 3144 1966 ostenderet,
3196 1901 3253 1953 in
3291 1906 3499 1970 quanta

256 1982 373 2055 legis
399 1995 452 2040 et
474 1988 743 2041 meritum
769 1990 841 2042 ad
872 2005 1047 2060 regna
1065 1991 1352 2044 caelorum.
1370 1992 1436 2045 Et
1466 1992 1575 2044 haec
1600 1993 1820 2058 quidem
1903 2007 1961 2044 se
1989 1990 2195 2043 mentis
2224 1988 2483 2045 libertate
2513 1990 2792 2055 dilataret,
2808 1990 2954 2043 illico
2985 1989 3241 2058 adjunxit
3268 1989 3393 2060 {Om
3404 1990 3499 2041 nia

252 2077 531 2141 fuistisxe
552 2077 814 2132 omnibus
832 2079 1224 2133 hocascribere
1240 2080 1540 2149 videretur,
1558 2086 1657 2134 aut
1671 2085 1819 2133 certe
1902 2080 2047 2132 mihi
2079 2082 2261 2145 licent,
2295 2082 2385 2132 sed
2421 2096 2512 2146 ego
2546 2080 2647 2131 sub
2678 2083 2895 2134 nullius
2931 2084 3187 2147 potestate
3229 2079 3454 2145 redigar
3485 2097 3499 2130 :

252 2181 420 2218 omnes
439 2164 506 2220 ab
526 2166 616 2220 his
632 2167 961 2222 criminibus
982 2169 1261 2223 immunes
1276 2171 1500 2236 faceret,
1526 2171 1573 2224 si
1588 2176 1818 2231 taceret,
1904 2185 2030 2221 cum
2066 2169 2215 2221 enim
2260 2185 2419 2221 mens
2462 2174 2729 2239 concepta
2761 2167 3041 2222 desideria
3079 2167 3350 2237 sequitur,
3391 2180 3505 2219 ser-

256 2254 595 2323 (prohibuisse
614 2257 769 2310 enim
793 2256 1104 2323 videbatur,
1139 2275 1252 2311 non
1284 2260 1557 2313 revelasse
1587 2259 1825 2312 crimina
1905 2257 2021 2310 vire
2053 2257 2218 2311 rebus
2250 2258 2612 2319 convincitur,
2665 2273 2903 2326 quarum
2954 2272 3146 2309 amore
3184 2259 3500 2325 superatur.

254 2341 490 2411 illorum);
522 2345 731 2399 idcirco
761 2347 842 2399 sic
870 2347 951 2400 ait
983 2365 993 2399 :
1026 2348 1094 2401 Et
1125 2349 1236 2402 hac
1272 2350 1494 2417 quidem
1523 2350 1733 2416 fuistis,
1769 2354 1826 2401 et
1909 2346 2135 2411 Paulus,
2170 2347 2258 2400 cui
2289 2352 2489 2400 cuncta
2522 2346 2710 2409 licent,
2749 2345 2852 2399 sub
2895 2344 3103 2398 nullius
3137 2348 3413 2414 potestate
3446 2358 3505 2395 se

258 2445 316 2483 ne
337 2432 397 2485 ad
423 2433 564 2487 iram
596 2434 726 2487 illos
756 2442 1084 2505 provocaret
1101 2437 1324 2506 adjecit,
1341 2438 1444 2492 Sed
1461 2438 1642 2490 abluti
1670 2442 1821 2501 estis;
1910 2435 2132 2503 redigit,
2157 2435 2291 2505 quia
2307 2435 2671 2503 semetipsum
2693 2434 2864 2487 etiam
2886 2433 3096 2485 alicitis
3114 2427 3506 2501 restringenda

253 2527 307 2572 ut
330 2530 681 2590 agnoscentes
702 2524 943 2578 crimina
977 2525 1057 2578 rei
1080 2526 1228 2589 facti,
1262 2525 1453 2579 statim
1484 2526 1829 2596 respirarent
1910 2541 1978 2576 ea
2017 2541 2137 2593 quas
2176 2523 2452 2576 delectata
2484 2528 2805 2593 premerent
2844 2522 3105 2592 despecta
3137 2519 3502 2575 transcendit.

253 2609 512 2665 audientes
541 2614 636 2665 sed
660 2614 843 2666 abluti
870 2619 1013 2667 estis.
1039 2615 1231 2667 Solent
1259 2615 1411 2667 enim
1440 2615 1615 2685 aliqui
1647 2615 1824 2686 pudo-

250 2714 351 2750 rem
370 2701 495 2769 pati,
528 2708 587 2754 et
613 2703 896 2772 corrigere
937 2720 1064 2756 cum
1093 2703 1161 2756 de
1190 2720 1249 2756 se
1279 2703 1519 2758 audiunt
1539 2703 1702 2758 bona.
1725 2705 1828 2760 Sed
1910 2702 2055 2753 hanc
2083 2703 2340 2754 destruet.
2378 2700 2584 2767 (Amb.)
2634 2700 2952 2754 Destructio
2991 2698 3201 2753 ventris
3241 2703 3344 2763 est,
3381 2704 3507 2750 cum

250 2792 553 2854 sanctiﬁwti
587 2794 733 2854 estis,
769 2794 860 2845 sed
885 2794 1185 2860 justiﬁcati
1213 2796 1339 2846 estis
1368 2795 1429 2845 in
1462 2796 1682 2852 nomine
1720 2796 1826 2849 Do-
1910 2789 2111 2843 edendi
2153 2796 2333 2843 cessat
2372 2789 2636 2855 ofﬁcium,
2674 2806 2811 2843 escae
2852 2806 2980 2843 vero
3019 2782 3322 2842 destructio
3375 2786 3510 2838 tunc

250 2879 375 2929 mini
394 2884 563 2932 nostri
594 2882 723 2934 Jesu
746 2880 973 2946 Christi,
1010 2887 1059 2934 et
1094 2881 1313 2949 Spiritu
1350 2883 1450 2935 Dei
1479 2885 1673 2935 nostri.
1699 2882 1826 2935 Haec
1910 2878 2034 2941 erit,
2075 2879 2296 2948 quando
2334 2878 2554 2931 steterit
2589 2878 2869 2932 nativitas.
2918 2875 3378 2947 Pseudoapostoli
3416 2891 3511 2927 au-

1910 2612 2043 2665 Esca
2071 2614 2254 2664 centri
2282 2618 2331 2663 et
2362 2618 2547 2665 center
2585 2615 2715 2664 escis
2749 2629 2759 2662 :
2802 2613 2942 2665 Deus
2981 2616 3167 2663 autem.
3207 2615 3255 2661 et
3283 2610 3433 2662 hunc
3459 2612 3507 2660 et
3580 2642 3594 2653 μ

250 2965 415 3017 omnia
441 2965 716 3021 beneﬁcia
751 2968 1014 3039 puritatis
1060 2970 1117 3023 in
1150 2969 1488 3040 baptismate
1523 2970 1823 3035 consecuti,

1909 2972 2044 3031 tem,
2089 2968 2185 3036 qui
2217 2985 2328 3020 non
2356 2968 2549 3037 utique
2595 2967 2883 3037 religionis
2921 2984 3089 3020 causa
3127 2966 3224 3019 sed
3265 2970 3510 3035 quaestus

247 3060 547 3120 noscuntur,
576 3056 726 3126 quod
751 3063 836 3110 est
854 3057 1283 3111 fundamentum
1319 3058 1659 3127 Evangelicae
1689 3059 1830 3111 veri-
1844 3092 1887 3151 Ε
1910 3055 2235 3119 circuibant,
2262 3056 2619 3126 peccantibus
2646 3057 2826 3110 amari
2847 3073 2966 3109 esse
3002 3054 3285 3109 nolebant.
3322 3056 3377 3118 (Α
3390 3057 3507 3121 ug.)

248 3140 363 3193 tatis
394 3160 404 3192 :
431 3142 543 3196 illic
567 3143 718 3197 enim
744 3144 1005 3198 omnibus
1031 3144 1299 3216 depositis
1321 3146 1560 3215 peccatis
1582 3145 1829 3200 abluitur
1847 3140 1887 3151 ’³
1910 3144 2211 3197 Reﬁcimus
2243 3144 2598 3213 quotidianas
2624 3145 2817 3199 ruinas
2838 3145 3084 3215 corporis
3116 3144 3330 3197 edendo
3357 3148 3413 3195 et
3433 3141 3512 3194 bi-

244 3229 473 3295 credens,
488 3233 839 3302 justiﬁcatur
850 3233 909 3287 in
922 3234 1145 3287 Domini
1162 3234 1409 3300 nomine,
1426 3240 1483 3288 et
1498 3234 1711 3305 Spiritu
1725 3235 1828 3290 Dei

247 3318 421 3383 nostri,
456 3320 559 3373 Dei
590 3320 742 3373 ﬁlius
761 3322 1079 3391 adoptatur.
1107 3322 1214 3375 Per
1254 3322 1369 3375 haec
1390 3322 1656 3375 admonet
1682 3323 1824 3389 illos,

246 3414 435 3475 quanta
454 3415 512 3462 et
534 3409 719 3479 qualis
751 3410 827 3462 sit
859 3410 1062 3479 gratia,
1096 3427 1265 3481 quam
1299 3428 1401 3481 per
1434 3427 1623 3464 veram
1660 3412 1831 3466 tradi-

244 3493 435 3549 tionem
454 3498 699 3550 assecuti
720 3505 873 3552 sunt.
905 3500 1107 3552 Postea
1125 3517 1253 3552 vero
1273 3504 1468 3553 contra
1497 3500 1641 3553 hanc
1670 3518 1831 3571 regu-

246 3580 339 3635 lam
359 3585 485 3639 ﬁdei
508 3587 762 3656 impulsu
784 3588 1060 3641 malorum
1081 3588 1373 3642 doctorum
1394 3589 1718 3656 sentientes,
1741 3590 1830 3643 his

246 3670 505 3729 beneﬂciis
526 3692 590 3728 se
623 3684 919 3730 exuerunt.
945 3677 1102 3731 Unde
1139 3677 1195 3730 id
1225 3678 1414 3748 agitur
1432 3684 1496 3732 ut
1523 3685 1740 3733 revocet
1769 3680 1832 3733 il-

244 3758 314 3811 los
334 3762 399 3815 ad
417 3764 671 3833 primam
700 3764 1059 3830 sententiam,
1090 3771 1154 3819 ut
1174 3772 1505 3836 recuperent
1538 3767 1685 3837 quod
1716 3768 1831 3821 fue-

1911 3231 2110 3299 bendo,
2130 3233 2457 3303 priusquam
2476 3250 2629 3287 escas
2645 3240 2701 3287 et
2710 3240 2961 3287 ventrem
2980 3233 3236 3286 destruas
3251 3232 3512 3285 satietate

1913 3321 2151 3374 miriﬁca
2191 3338 2316 3375 cum
2365 3322 2631 3375 occideris
2670 3322 3002 3391 indigentia,
3048 3328 3104 3375 et
3152 3318 3512 3391 corruptibile

1912 3410 2016 3463 hoc
2042 3409 2291 3463 induerit
2319 3411 3032 3482 incorruptionem.(ilorpus
3054 3416 3240 3463 autem
3270 3426 3380 3462 non
3403 3411 3514 3476 for-

1915 3502 2205 3563 nicationi,
2237 3501 2327 3552 sed
2353 3501 2605 3554 Domino.
2646 3499 2853 3567 (Amb.)
2885 3500 3048 3553 Nunc
3074 3498 3219 3552 redit
3247 3498 3315 3551 ad
3346 3514 3513 3568 supe-

1911 3587 2117 3641 riorem
2165 3604 2411 3641 sensum.
2457 3590 2727 3642 Dominus
2770 3591 3004 3656 corpori.
3054 3588 3200 3651 Quid
3241 3586 3514 3640 Dominus

1912 3676 2183 3746 corpori?
2232 3676 2583 3741 subauditur,
2634 3677 3121 3730 immortalitatem
3185 3674 3515 3728 resuscitato

1911 3764 2234 3834 praestabit;
2257 3782 2457 3835 corpus
2489 3765 2640 3818 enim
2671 3766 2786 3819 Deo
2822 3765 3070 3818 dicatum
3101 3764 3246 3816 dono
3275 3763 3514 3833 spiritali

247 3856 356 3903 ram
382 3853 691 3906 consecuti.
710 3854 913 3909 Omnia
924 3856 1258 3919 mihilicent,
1276 3857 1367 3907 sed
1378 3872 1469 3922 ego
1490 3857 1591 3908 sub
1614 3852 1859 3911 nullius‘
1912 3853 2366 3907 remunerabitur
2393 3855 2597 3908 merito
2616 3855 2792 3919 ducis,
2816 3854 2873 3906 id
2894 3860 2979 3906 est
2997 3852 3191 3905 animi.
3215 3854 3354 3905 Deus
3392 3866 3517 3904 vero

249 3940 451 4005 redigar
470 3947 761 4010 potestate.
778 3942 985 3996 Omnia
1010 3942 1115 3995 sibi
1146 3943 1312 3997 licere
1335 3943 1489 4007 dicit,
1529 3960 1595 3997 ea
1621 3945 1832 3999 scilicet
1912 3948 1961 3996 et
1990 3945 2289 3997 Dominum
2309 3947 2611 4007 suscitavit,
2627 3949 2675 3996 et
2703 3960 2798 3997 nos
2816 3942 3101 3995 suscitabit
3128 3958 3226 4009 per
3252 3943 3513 3994 rirtutem

246 4042 351 4093 quae
369 4030 785 4100 etcoapostolis
807 4032 928 4100 ejus
948 4031 1243 4097 licuerunt,
1267 4049 1389 4102 qua}
1410 4033 1833 4087 etlexcontinet
1914 4048 2095 4085 suam.
2142 4031 2299 4085 Idem
2358 4047 2554 4085 sensus
2603 4041 2705 4097 est,
2760 4047 2928 4102 quem
2984 4030 3288 4083 Dominicze
3344 4030 3519 4082 voluit

249 4118 518 4183 naturalis,
546 4134 663 4171 non
684 4119 912 4190 Moysis,
947 4120 1076 4189 quia
1096 4121 1275 4173 multa
1300 4121 1589 4190 prohibuit
1614 4123 1832 4192 Moyses
1917 4121 2168 4190 exemplo
2217 4121 2642 4174 resurrectionis
2698 4123 2945 4185 ﬁrmare,
3000 4120 3177 4172 virtus
3226 4120 3376 4172 enim
3418 4119 3517 4172 Dei

246 4212 454 4275 propter
490 4207 771 4260 duritiam
807 4207 989 4262 cordis
1025 4208 1217 4278 populi
1255 4208 1526 4263 increduli
1565 4215 1621 4263 et
1667 4212 1836 4263 cervi-
1918 4209 2174 4263 Christus
2196 4216 2298 4275 est,
2318 4226 2427 4279 qua
2455 4226 2555 4263 nos
2575 4209 2885 4274 suscitabit,
2911 4214 2969 4262 et
2987 4208 3173 4278 ipsum
3192 4208 3516 4274 Dominum,

244 4293 362 4357 cesi,
402 4302 601 4349 tamen
644 4296 693 4348 si
726 4296 795 4348 ad
834 4312 1058 4349 causam
1106 4296 1391 4367 respicias,
1430 4297 1581 4350 aliud
1632 4298 1739 4351 fuit
1776 4299 1835 4352 in
1920 4297 2023 4350 hoc
2059 4297 2214 4361 dixit,
2272 4298 2404 4368 quia
2441 4298 2559 4369 ipse
2598 4298 2869 4352 Dominus
2908 4313 3109 4367 corpus
3145 4313 3309 4350 suum
3350 4297 3521 4351 susci-

240 4397 395 4435 sensu
420 4384 704 4455 Apostoli,
728 4392 794 4437 ut
813 4384 928 4437 haec
942 4385 1285 4455 loqueretur.
1306 4386 1434 4439 Haec
1451 4386 1601 4438 enim
1618 4388 1837 4456 przemi-
1858 4413 1907 4471 D
1927 4386 2085 4451 tavit,
2117 4387 2260 4440 sicut
2279 4393 2336 4440 et
2374 4387 2492 4457 ipse
2530 4387 2803 4441 Dominus
2840 4387 2922 4440 ait
2953 4405 2963 4439 :
3012 4387 3214 4440 Solvite
3256 4390 3520 4453 templmn

242 4469 323 4535 sit,
347 4479 541 4540 postea
564 4479 797 4525 acturus
810 4473 955 4525 hanc
973 4490 1220 4539 causam,
1243 4473 1389 4527 sicut
1407 4473 1555 4540 fecit,
1580 4480 1637 4528 et
1650 4475 1719 4527 de
1743 4475 1838 4528 illo

241 4559 325 4625 qui
362 4559 648 4614 incestum
692 4560 1016 4629 admiserat,
1053 4561 1314 4632 proponit
1349 4563 1501 4616 enim
1536 4562 1849 4633 designans‘

240 4646 359 4713 quid
378 4654 616 4702 acturus
636 4654 785 4702 esset
798 4656 1007 4719 postea.
1032 4650 1284 4720 Denique
1296 4651 1487 4704 statim
1504 4652 1573 4704 ad
1590 4653 1839 4721 superio-

239 4748 343 4787 rem
371 4754 611 4791 sensum
632 4736 893 4798 breviter,
917 4738 1144 4792 interim
1166 4755 1226 4791 re
1256 4740 1648 4793 commendata
1669 4740 1832 4807 redit,

239 4820 329 4875 hoc
348 4825 499 4879 enim
534 4826 668 4879 ideo
689 4826 826 4880 dicit
846 4827 977 4897 quia
998 4826 1200 4880 licebat
1229 4827 1310 4879 illi
1348 4827 1417 4879 ab
1450 4827 1539 4881 his
1577 4836 1836 4900 sumptus

238 4913 493 4983 accipere.
530 4915 647 4968 Sed
680 4915 945 4984 quoniam
980 4915 1190 4969 sciebat
1224 4916 1718 4986 pseudoapostolos
1752 4935 1837 4971 oc-

238 5001 507 5056 casionem
529 5020 793 5073 quaerere
811 5003 1138 5074 accipiendi,
1164 5004 1346 5057 noluit
1364 5003 1433 5056 ab
1455 5004 1544 5057 his
1565 5007 1833 5076 accipere,

240 5102 298 5141 ne
338 5107 509 5144 causa
556 5093 770 5166 ventris
809 5093 968 5162 vigor
999 5092 1338 5162 Evangelicae
1376 5094 1629 5147 veritatis
1655 5102 1839 5166 torpe-

240 5185 401 5232 sceret
424 5199 436 5231 :
467 5182 517 5233 si
542 5164 789 5234 eninfab
812 5181 900 5234 his
920 5181 1214 5251 acciperet,
1242 5197 1382 5251 quos
1410 5181 1469 5234 in
1498 5184 1670 5237 tantis
1688 5184 1839 5238 vitiis

243 5267 519 5335 arguebat,
545 5270 945 5324 auctoritatem
966 5270 1274 5340 magisterii
1294 5287 1612 5324 concessam
1642 5272 1747 5325 sibi
1769 5274 1839 5326 ad

242 5370 327 5407 nos
364 5373 400 5409 a
436 5358 689 5411 Domino
733 5357 1070 5425 inclinabat;
1115 5374 1229 5412 non
1277 5358 1427 5411 enim
1487 5365 1672 5428 potest
1714 5377 1842 5414 con-

245 5451 443 5498 stanter
484 5447 675 5518 argui,
717 5465 750 5501 a
798 5465 909 5518 quo
943 5447 1232 5518 accipitur,
1268 5447 1511 5500 maxime
1556 5465 1682 5502 cum
1715 5449 1841 5503 ideo

247 5542 525 5606 promptus
548 5536 620 5592 ad
653 5537 903 5591 dandum
933 5535 1027 5593 sit.
1063 5542 1127 5590 ut
1155 5536 1261 5592 sibi
1295 5535 1557 5613 humiliet
1582 5539 1843 5609 praeposi-

1921 4474 2034 4537 hoo,
2059 4480 2107 4528 et
2134 4492 2224 4541 ego
2258 4477 2435 4529 tribus
2465 4478 2651 4529 diebus
2679 4477 2951 4529 suscitabo
2984 4475 3132 4527 illud
3155 4493 3170 4526 :
3212 4475 3309 4527 hoc
3336 4479 3517 4527 autem

1919 4564 2128 4616 dicebat
2155 4565 2218 4617 de
2251 4568 2446 4632 templo
2477 4568 2718 4633 corporis
2742 4567 2833 4615 sui
2863 4562 3045 4632 (Joan.
3072 4566 3150 4630 II).
3173 4562 3519 4625 Quibusdam

1919 4656 2112 4704 tamen
2150 4652 2371 4705 videtur
2398 4660 2626 4723 propter
2661 4651 2980 4705 libertatem
3018 4652 3266 4705 concessi
3304 4651 3521 4705 arbitrii

1919 4740 2124 4793 dixisse
2144 4741 2500 4810 Apostolum:
2522 4741 2721 4795 Omnia
2744 4742 2890 4794 mihi
2904 4743 3184 4805 licent,sed
3205 4757 3315 4793 non
3332 4744 3523 4793 omnia

1919 4832 2226 4897 expediunt.
2248 4829 2487 4883 utliceat
2500 4828 2781 4894 fornicari,
2797 4846 2908 4883 non
2922 4835 3113 4882 tamen
3129 4829 3523 4899 expediat.Sed

1921 4918 2198 4988 quomodo
2227 4918 2355 4971 licet
2382 4918 2527 4987 quod
2551 4917 2882 4987 prohibetur
2900 4919 2923 4970 ?
2941 4925 3040 4971 aut
3060 4923 3210 4971 certe
3239 4918 3287 4971 si
3334 4919 3523 4972 omnia

1920 5007 2107 5069 licent,
2150 5007 2290 5059 nihil
2332 5012 2516 5076 potest
2552 5006 2659 5059 dici
2702 5006 2978 5071 illicitum,
3020 5007 3115 5061 sed
3134 5007 3281 5073 licet,
3307 5023 3417 5060 non
3441 5014 3524 5059 ta-

1921 5112 2051 5148 men
2084 5095 2321 5166 expedit.
2364 5096 2494 5148 Haec
2525 5102 2822 5149 susurrant
2854 5096 3039 5165 potius
3062 5113 3229 5166 quam
3261 5104 3524 5151 asserunt

1922 5190 2021 5237 aut
2039 5184 2415 5249 immemores,
2441 5189 2539 5237 aut
2557 5184 2923 5255 negligentes.
2946 5184 3092 5238 Dicit
3111 5185 3260 5238 enim
3278 5185 3523 5239 Joannes

1924 5272 2175 5343 Baptista
2205 5273 2273 5324 ad
2298 5273 2608 5327 Herodem:
2643 5274 2764 5327 Non.
2787 5276 2907 5326 licet
2939 5274 3040 5326 tibi
3067 5274 3261 5327 habere
3294 5291 3519 5329 uxorem

1923 5364 2123 5429 fratris
2157 5363 2243 5414 tui
2275 5362 2461 5426 (Marc.
2484 5365 2578 5431 vi).
2615 5362 2721 5416 Sed
2752 5362 2893 5415 forte
2921 5363 3163 5417 Joannes
3192 5380 3386 5435 expers
3414 5364 3522 5419 ﬁlit

1925 5448 2157 5503 humani
2179 5449 2404 5519 eloquii,
2431 5451 2736 5521 inspiratus
2758 5450 2815 5503 in
2843 5456 3023 5517 utero,
3059 5452 3192 5523 quia
3209 5453 3256 5507 si
3288 5454 3392 5508 hoc
3412 5462 3516 5519 est.

1924 5537 2117 5592 debuit
2153 5537 2373 5592 dicere:
2401 5540 2553 5593 Licet
2592 5539 2713 5605 tibi,
2755 5540 2852 5594 sed
2890 5557 3003 5594 non
3042 5543 3281 5613 expedit.
3324 5544 3432 5599 Sed
3464 5552 3521 5598 et
