3974 6188
418 221 485 276 63

1036 225 1097 278 Β.
1132 223 1401 279 RABANI
1433 221 1663 277 MAURI
1689 221 2024 279 ARCHIEP.
2055 220 2377 276 MOGUNT.
2412 220 2708 276 OPERUM
2733 220 2917 277 PARS
2948 224 3047 279 III.
3607 209 3672 274 64

414 354 632 406 cessum
651 330 871 404 videtnr
891 333 960 403 ad
988 331 1230 420 idipsum
1252 362 1436 414 usum,
1469 345 1602 417 quia
1634 351 1692 400 et
1720 346 1840 400 dies
1871 346 2075 426 festilA
2090 345 2252 411 tium,
2276 345 2360 399 vel
2375 350 2523 400 certe
2543 346 2703 416 quasi
2723 347 2782 400 in
2803 353 2991 400 monte
3008 353 3141 400 sunt
3160 346 3254 416 qui
3275 345 3446 398 etiam
3467 343 3678 398 carnali

417 442 474 490 et
493 438 611 492 dies
641 438 1025 509 processionis,
1045 445 1102 492 et
1122 438 1243 508 ipsa
1262 437 1406 491 ratio
1425 441 1722 506 conceptus
1743 442 1800 489 et
1814 442 2005 506 partus

411 527 574 595 juxta
605 528 784 596 legem
817 528 1018 582 cessari
1052 526 1398 597 temporibus
1429 526 1515 581 his
1545 525 1747 580 debere
1780 525 2007 580 demon-

413 619 738 671 strantJloc
763 623 946 670 autem
975 617 1094 669 dico
1122 618 1421 669 secundum
1453 617 1877 683 indulgentiam,
1897 633 2007 670 non

413 707 712 758 secundum
743 708 1061 773 imperium.
1084 702 1438 759 Manifestum
1461 709 1546 759 est
1571 703 1696 758 ideo
1716 705 1820 759 hoc
1848 703 2007 760 illum

415 793 548 845 dare
569 793 881 859 consilium,
905 799 968 848 ut
983 794 1404 848 fornicationem
1425 794 1697 860 excludat,
1722 783 1832 848 non
1854 801 1916 849 ut
1935 795 2005 848 ad

413 881 702 934 meliorem
716 881 888 935 vitam
909 882 1267 936 tendentibus
1283 884 1391 937 iter
1404 883 1644 937 claudat.
1670 885 1730 951 (Α
1739 888 1854 951 ug.)
1873 885 2006 947 Quae

411 967 524 1021 sint
551 975 743 1022 autem
776 971 936 1038 levia,
975 987 1096 1041 quae
1130 961 1324 1041 gravia
1357 974 1583 1043 peccata
1614 986 1727 1026 non
1758 972 2004 1027 humano

410 1057 505 1110 sed
556 1058 742 1113 divino
781 1066 914 1114 sunt
958 1061 1244 1131 pensanda
1281 1061 1512 1133 judicio.
1551 1061 1818 1115 Videmus
1853 1062 2002 1116 enim

411 1147 668 1214 qua-dam
689 1147 758 1202 ab
780 1149 914 1221 ipsis
943 1169 1162 1225 quoque
1183 1152 1448 1224 apostolis
1477 1151 1813 1222 ignoscendo
1833 1150 2003 1204 fuisse

409 1249 686 1307 concessa,
726 1241 889 1313 quale
934 1241 1072 1296 illud
1121 1247 1205 1295 est
1241 1241 1386 1311 quod
1431 1239 1762 1294 venerabilis
1795 1240 2000 1294 Paulus

409 1319 740 1400 conjugibus
759 1329 839 1384 ait
869 1343 880 1382 :
905 1323 1080 1385 Nolite
1097 1331 1329 1384 invicem
1349 1333 1615 1398 fraudare
1648 1323 1759 1384 nisi
1787 1346 1851 1383 ea:
1878 1345 2000 1384 con-

407 1435 567 1472 sensu
597 1421 670 1473 ad
701 1425 906 1489 tempus
938 1426 998 1474 ut
1026 1423 1222 1474 vacetis
1249 1423 1515 1474 orationi.
1534 1421 1620 1485 Et,
1653 1421 1726 1474 ad
1753 1421 1998 1488 idipsum

409 1509 613 1560 iterum
637 1511 886 1563 rerertim
896 1511 1000 1570 ini,
1029 1526 1095 1562 ne.
1113 1508 1201 1563 vos
1225 1515 1386 1564 tentet
1415 1510 1655 1564 Satanas
1669 1515 1893 1578 propter
1914 1511 1998 1561 in-

2087 431 2294 505 copula!
2312 435 2604 492 inhaerent.
2635 436 2728 488 sed
2759 441 2950 489 tamen
2981 439 3136 490 extra
3167 433 3534 505 suscipiendae
3553 450 3678 504 pro-

2087 524 2155 578 lis
2174 523 2573 578 admixtionem
2596 523 2840 578 debitam
2864 525 3019 578 nulla
3044 525 3228 578 carnis
3263 524 3545 593 voluptate
3573 521 3681 576 sol-

2088 620 2310 669 vuntur.
2365 615 2429 670 In
2469 621 2659 669 monte
2697 614 2901 685 quippe
2941 619 3090 668 stare
3120 613 3253 684 quid
3287 619 3390 679 est,
3427 611 3534 665 nisi
3569 611 3685 664 fru-

2088 709 2237 758 ctum
2268 704 2590 775 propaginis
2623 704 2681 758 in
2715 720 2880 758 carne
2913 719 3025 758 non
3064 718 3313 773 quterere
3348 720 3358 753 :
3398 701 3456 754 in
3487 706 3681 754 monte

2087 798 2235 846 stare
2278 799 2362 846 est
2401 795 2556 848 carni
2589 793 2890 847 carnaliter
2920 810 3030 847 non
3065 791 3370 846 adhaerere.
3407 789 3513 844 Sed
3546 789 3683 860 quia

2087 882 2249 936 inulti
2270 889 2403 936 sunt
2423 882 2520 953 qui
2540 883 2750 937 scelera
2781 883 3008 954 quidem
3041 881 3225 936 carnis
3259 881 3538 943 deserant,
3576 895 3680 932 nec

2085 975 2275 1025 tamen
2299 971 2358 1025 in
2379 972 2639 1042 conjugio
2661 972 2827 1043 positi
2841 987 2976 1026 usus
2992 971 3343 1026 solummodo
3363 967 3535 1022 debiti
3545 968 3680 1038 jura

2085 1067 2429 1126 conservent,
2455 1061 2568 1116 exit
2587 1061 2813 1132 quidem
2833 1061 2974 1116 Loth
3010 1061 3329 1118 Sodomam,
3353 1057 3450 1112 sed
3485 1062 3678 1110 tamen

2085 1166 2211 1203 mox
2231 1149 2302 1203 ad
2323 1155 2592 1204 montana
2611 1167 2724 1204 non
2745 1151 3015 1222 pervenit,
3041 1167 3167 1204 cum
3192 1151 3312 1220 jam
3343 1144 3680 1202 damnabilis

2083 1237 2197 1292 vita
2217 1239 2570 1310 relinquitur,
2599 1241 2694 1293 sed
2717 1240 2897 1293 adhuc
2919 1239 3188 1294 celsitudo
3221 1235 3530 1309 conjugalis
3551 1250 3684 1289 con-n

2080 1327 2331 1382 tinentia:
2351 1327 2632 1382 subtiliter
2650 1345 2761 1382 non
2779 1335 3023 1384 tenetur.
3051 1329 3148 1383 Est
3174 1345 3305 1382 vero
3330 1327 3389 1380 in
3427 1323 3680 1380 medium

2082 1416 2257 1486 Segor
2273 1417 2465 1471 civitas
2490 1435 2612 1488 qua:
2645 1417 2954 1488 fugientem
2991 1418 3166 1472 salvat
3200 1417 3506 1482 infirmum,
3542 1413 3682 1486 quia

2078 1503 2336 1559 videlicet
2372 1523 2498 1560 cum
2547 1506 2651 1560 sibi
2704 1523 2804 1578 per
2855 1505 3319 1560 incontinentiam
3372 1505 3684 1559 miscentur

412 1589 830 1664 temperantiam
864 1601 1114 1662 restrain,
1143 1595 1288 1670 quod
1305 1593 1493 1670 putari
1516 1604 1702 1670 posset
1734 1612 1846 1652 non
1877 1607 1998 1651 esse
2079 1597 2363 1666 conjuges,
2388 1603 2444 1650 et
2464 1597 2652 1666 lapsus
2671 1597 2944 1650 scelerum
2967 1595 3188 1666 fugiunt
3216 1600 3272 1648 et
3298 1600 3487 1648 tamen
3515 1593 3684 1646 venia

409 1689 695 1752 peccatum
717 1686 938 1740 misceri
956 1687 1165 1742 scilicet
1195 1689 1417 1758 conjugi
1449 1705 1561 1742 non
1598 1688 1841 1741 filiorum
1872 1703 1997 1757 pro—
2017 1671 2062 1731 B
2080 1685 2384 1751 salvantur,
2411 1685 2570 1755 quasi
2590 1701 2820 1755 parvam
2849 1684 3054 1755 quippe
3076 1683 3358 1737 civitatem
3385 1681 3684 1736 inveniunt

408 1773 776 1828 creandorum
786 1792 972 1840 causa,
988 1775 1352 1846 quodbonum
1375 1785 1459 1830 est
1479 1776 1746 1848 nuptiale,
1771 1775 1868 1829 sed
1884 1793 2002 1829 car-

409 1861 550 1914 nalis
571 1861 741 1916 etiam
760 1865 1059 1935 voluptatis
1080 1872 1143 1918 ut
1161 1865 1543 1920 fornicationis
1571 1867 1685 1919 sive
1714 1865 1995 1931 adulterii,-

407 1951 521 2003 sive
535 1952 864 2022 cujusquam
879 1954 1110 2008 alterius
1125 1955 1498 2009 immunditiee
1517 1955 1866 2009 mortiferum
1885 1971 2001 2009 ma-

406 2038 544 2103 lum,
573 2041 721 2110 quod
741 2047 903 2112 turpe
924 2049 1008 2096 est
1026 2043 1196 2096 etiam
1219 2044 1422 2110 dicere,
1449 2061 1558 2114 quo
1579 2049 1762 2115 potest
1781 2050 2000 2098 tentare

409 2127 634 2194 Satana,
653 2129 825 2183 libido
837 2133 1180 2200 pertrahere,
1205 2132 1669 2188 incontinentium
1692 2133 1898 2187 devitet
1919 2134 2000 2188 in—

409 2215 662 2270 ﬁrmitas.
676 2218 872 2272 Posset
891 2235 1042 2290 ergo,
1057 2226 1119 2274 ut
1137 2221 1269 2288 dixi,
1285 2222 1388 2275 hoc
1407 2223 1590 2292 putari
1609 2239 1722 2276 non
1741 2237 1861 2276 esse
1877 2239 1998 2294 pec:

408 2310 612 2370 catum,
647 2305 754 2358 nisi
775 2307 1080 2362 addidisset
1103 2327 1114 2361 :
1148 2332 1171 2359 (ς
1197 2311 1311 2363 Hoc
1333 2316 1521 2365 autem
1542 2309 1664 2365 dico
1691 2306 1997 2367 secundum

407 2393 646 2460 veniam,
663 2411 775 2448 non
795 2398 1098 2451 secundum
1122 2399 1444 2469 imperium.
1471 2419 1497 2452 »
1523 2401 1658 2464 Quis
1674 2409 1862 2455 autem
1879 2403 1998 2472 jam

406 2487 572 2550 neget
583 2499 702 2536 esse
714 2490 1001 2554 peccatum
1009 2503 1155 2550 ,cum
1166 2488 1286 2541 dari
1299 2489 1518 2542 ven-iam
1529 2489 1859 2544 facientibus
1871 2508 2001 2561 apo-

405 2571 599 2652 stolica
620 2573 953 2628 auctoritate
978 2575 1222 2630 fateatur
1241 2567 1444 2645 (Greg.)
1457 2578 1481 2630 ’ἶ
1500 2579 1851 2632 Admonendi
1870 2585 2003 2634 sunt

410 2655 693 2730 conjuges,
717 2669 782 2714 ut
795 2663 1158 2733 suscipiendae
1182 2666 1352 2736 prolis
1371 2684 1430 2719 se
1453 2668 1814 2722 meminerint
1833 2685 2002 2722 causa

407 2749 751 2817 conjunctos,
777 2757 834 2804 et
861 2767 988 2806 cum
1017 2753 1399 2809 immoderatus
1415 2755 1742 2810 admixtioni
1761 2759 2002 2811 servien-

405 2843 490 2892 tes
521 2841 940 2910 propagationis
970 2842 1268 2898 articulum
1293 2843 1350 2896 in
1367 2861 1531 2898 usum
1551 2845 1897 2900 transferunt
1912 2864 2000 2900 vo-

405 2927 654 2998 luptatis,
696 2930 1062 3000 perpendant,
1099 2933 1246 3002 quod
1281 2932 1410 2986 licet
1439 2939 1596 2986 extra
1627 2950 1737 2987 non
1774 2942 1991 3003 exeant,

403 3022 595 3070 tamen
615 3017 672 3070 in
701 3018 822 3088 ipso
851 3019 1112 3090 conjugio
1143 3021 1387 3091 conjugii
1415 3019 1547 3092 jura
1574 3025 1989 3078 transcendant.

405 3105 560 3158 Unde
581 3121 804 3159 necesse
837 3114 920 3161 est
953 3115 1016 3162 ut
1047 3109 1255 3163 crebris
1290 3128 1356 3164 ex
1388 3111 1733 3166 orationibus
1774 3114 1999 3168 deleant

403 3193 550 3262 quod
573 3195 858 3262 pulchram
891 3199 1102 3266 c0pulze
1137 3199 1377 3270 speciem
1411 3200 1672 3255 admixtis
1703 3203 1997 3272 voluptati-

398 3279 502 3333 bus
522 3280 749 3336 fmdant.
775 3284 917 3338 Hinc
944 3294 1029 3339 est
1065 3287 1235 3353 enim,
1279 3290 1428 3359 quod
1460 3289 1672 3360 peritus
1705 3291 1995 3345 medicina)

401 3370 642 3423 caelestis
662 3373 961 3442 Apostolus
981 3389 1090 3428 non
1119 3382 1237 3430 tam
1265 3395 1430 3431 sanos
1451 3379 1698 3432 instituit
1718 3395 1886 3449 quam
1914 3381 1996 3434 in-

401 3458 579 3511 ﬁrmis
609 3460 1014 3517 medicamenta
1037 3467 1367 3520 monstravit
1386 3467 1594 3523 dicens.

1002 3571 1234 3626 CAPUT
1270 3573 1390 3628 VII.

403 3656 640 3710 Instruit
654 3671 736 3732 eos
755 3661 854 3726 qui
877 3665 1006 3714 sunt
1039 3665 1100 3714 in
1123 3665 1502 3728 matrimonio,
1518 3670 1565 3717 et
1588 3667 1768 3732 majus
1790 3665 1992 3718 bonum.

657 3731 802 3783 docet
833 3747 937 3785 esse
967 3735 1031 3786 in
1059 3736 1333 3802 virginali
1356 3740 1505 3788 statu
1536 3731 1732 3788 virere.

469 3818 542 3870 De
579 3819 778 3886 quibus
819 3824 1117 3889 scripsistis
1162 3823 1305 3876 mihi
1335 3842 1350 3876 :
1393 3825 1602 3877 Bonum
1651 3829 1725 3877 est
1777 3825 1994 3878 homini

399 3907 691 3958 mulierem
721 3924 831 3961 non
861 3915 1098 3976 tangere.
1131 3913 1358 3979 Propter
1386 3915 1780 3979 fornicationes
1807 3918 1993 3966 autem

401 3998 776 4062 unusquisque
817 4013 973 4050 suam
1032 4016 1252 4051 umorem
1308 4001 1516 4063 habeat,
1563 4007 1610 4052 et
1656 4017 1994 4069 unaquaeque

379 4083 568 4133 suum
604 4085 792 4136 cirum
828 4085 1037 4138 habeat.
1081 4087 1186 4148 Qui
1223 4085 1390 4158 enim]
1421 4087 1801 4141 fornicationis
1840 4095 1994 4142 metu

405 4169 660 4237 permisit
706 4171 951 4240 profecto
1003 4189 1114 4226 non
1152 4174 1432 4228 stantibus
1481 4183 1821 4246 praeceptum
1869 4195 1996 4230 con-

402 4257 552 4322 tulit,
612 4259 708 4312 sed
747 4276 817 4312 ne
855 4260 1090 4314 fortasse
1128 4262 1184 4315 in
1231 4269 1442 4316 terram
1507 4270 1737 4318 ruerent
1793 4266 1996 4320 lectum

401 4347 728 4402 cadentibus
747 4349 1008 4402 ostendit.
1033 4351 1191 4404 Unde
1221 4351 1401 4404 adhuc
1420 4352 1838 4424 inﬁrmantibus
1871 4354 1998 4408 sub-

407 4435 514 4488 dit:
538 4438 706 4490 L'rori
723 4454 752 4490 ν
760 4441 812 4490 ir
821 4439 1064 4492 debitum
1088 4441 1298 4505 reddat,
1313 4443 1446 4492 simi
1450 4445 1577 4494 liter
1590 4448 1774 4495 autem
1787 4449 1836 4496 et
1859 4461 1998 4496 uror

402 4527 541 4577 riro.
597 4525 810 4588 Quibus
860 4527 994 4580 dum
1049 4527 1106 4580 in
1163 4544 1369 4597 magna
1420 4529 1712 4584 honestate
1752 4533 1996 4602 conjugii

404 4611 614 4680 aliquid
633 4613 701 4664 de
715 4614 999 4684 voluptate
1013 4615 1316 4685 largiretur
1333 4617 1399 4670 ad
1401 4618 1422 4686 j
1430 4617 1606 4682 unxit,
1636 4637 1661 4669 «
1685 4619 1790 4672 hoc
1809 4626 1996 4674 autem

402 4698 524 4752 dico
554 4701 860 4754 secundum
881 4703 1308 4772 indulgentiam,
1342 4723 1454 4760 non
1488 4707 1792 4761 secundum
1828 4709 1999 4779 impe-

405 4787 572 4852 rium,
601 4808 624 4838 »
649 4789 814 4859 culpa
832 4791 1038 4860 quippe
1071 4809 1192 4845 esse
1224 4794 1506 4848 invenitur
1539 4797 1688 4866 quod
1720 4797 1996 4866 indulgeri

405 4875 748 4946 perhibetur.
773 4878 880 4931 Sed
913 4895 1036 4948 quae
1069 4885 1226 4933 tanto
1260 4882 1424 4937 citius
1456 4885 1754 4948 relaxetur,
1792 4893 2000 4956 quanto

407 4981 516 5018 non
561 4981 662 5035 per
698 4966 842 5019 hanc
873 4967 1132 5021 illicitum
1168 4970 1302 5038 quid
1342 4972 1547 5040 agitur,
1583 4974 1680 5026 sed
1712 4975 1815 5027 hoc
1854 4976 2000 5044 quod

405 5060 491 5107 est
513 5053 728 5108 licitum
749 5054 852 5108 sub
875 5056 1256 5111 moderamine
1285 5076 1395 5114 non
1415 5068 1658 5115 tenetur.
1684 5063 1843 5126 Quod
1862 5063 2002 5117 bene

406 5143 546 5196 Loth
568 5142 626 5196 in
653 5143 954 5214 semetipso
989 5145 1251 5216 exprimit
1285 5149 1433 5215 (Gen.
1472 5155 1608 5218 xxx),
1644 5152 1777 5221 quia
1806 5153 2004 5206 arden-

407 5237 522 5284 tem
546 5231 846 5285 Sodomam
867 5233 1027 5304 fugit,
1051 5235 1147 5289 sed
1167 5242 1358 5290 tamen
1388 5239 1564 5308 Segor
1591 5239 1876 5294 inveniens
1913 5258 2005 5294 ne-

409 5335 690 5389 quaquam
705 5337 831 5374 mox
845 5328 1113 5378 montana
1128 5326 1474 5392 conscendit;
1495 5328 1784 5383 ardentem
1797 5329 2002 5400 quippe

410 5407 710 5462 Sodomam
748 5409 940 5480 fugere
976 5418 1061 5465 est
1098 5412 1292 5467 illicita
1330 5415 1514 5468 carnis
1547 5416 1806 5470 incendia
1836 5417 2002 5472 decli-

409 5510 577 5561 nare;
602 5498 840 5552 altitudo
859 5516 988 5554 vero
1008 5506 1091 5554 est
1112 5503 1390 5556 montium
1411 5504 1691 5558 munditia
1717 5506 2006 5562 continen-

2082 1774 2141 1828 in
2163 1791 2274 1844 qua
2299 1774 2368 1827 ab
2388 1773 2611 1844 ignibus
2634 1774 3027 1827 defendamur.
3054 1773 3198 1836 Quia
3226 1771 3542 1842 conjugalis
3561 1770 3684 1823 haec

2083 1863 2195 1916 vita
2213 1880 2323 1917 non
2346 1863 2572 1934 quidem
2614 1863 2672 1916 in
2709 1862 3012 1916 virtutibus
3041 1862 3186 1915 mira
3218 1867 3321 1926 est,
3357 1860 3454 1913 sed
3485 1867 3682 1914 tamen

2083 1968 2116 2007 a
2135 1952 2423 2024 suppliciis
2441 1956 2655 2006 secura.
2680 1952 2838 2006 Unde
2866 1951 3014 2005 idem
3036 1951 3178 2004 Loth
3197 1949 3268 2004 ad
3300 1949 3564 2018 angelum
3597 1948 3682 2001 di-

2083 2043 2158 2097 cit
2182 2061 2192 2096 :
2216 2044 2308 2098 Est
2339 2045 2532 2096 civitas
2563 2044 2672 2096 ha'e
2688 2045 2874 2110 juxta,
2916 2043 2990 2093 ad
3025 2056 3192 2108 quam
3231 2055 3452 2108 possum
3489 2039 3685 2104 fugere

2075 2147 2271 2202 parva.
2307 2138 2357 2187 et
2385 2132 2638 2188 satrabor
2665 2134 2728 2183 in
2757 2147 2817 2183 ea
2850 2149 2866 2183 :
2909 2130 3168 2196 nunquid
3206 2143 3316 2180 non
3353 2126 3566 2180 modica
3604 2131 3682 2179 est

2082 2228 2131 2276 et
2159 2225 2294 2277 vivit
2323 2225 2386 2277 in
2417 2241 2478 2278 ea
2502 2226 2697 2278 anima
2715 2240 2832 2278 mea
2848 2233 2872 2277 Ρ
2891 2219 3060 2277 Juxta
3080 2217 3254 2292 igitur
3274 2215 3497 2276 dieitur;
3525 2220 3582 2267 ει
3600 2221 3686 2267 ια-

2085 2327 2214 2366 men
2231 2313 2301 2366 ad
2319 2313 2558 2367 salutem
2576 2319 2702 2367 tuta
2718 2313 3062 2384 perhibetur,
3087 2311 3220 2383 quia
3239 2302 3550 2380 conjugalis
3566 2303 3684 2357 Vita

2082 2418 2238 2456 neca
2262 2403 2472 2456 mundo
2500 2403 2664 2471 longe
2701 2408 2786 2456 est
2816 2402 3010 2467 divisa,
3044 2417 3145 2456 nec
3179 2409 3370 2454 tamen
3405 2416 3439 2453 a
3472 2397 3696 2476 gaudioﬁ

2081 2486 2278 2546 salutis
2298 2491 2500 2545 aliena.
2524 2491 2634 2546 Sed
2652 2497 2786 2545 tunc
2806 2491 2865 2545 in
2887 2491 3104 2544 actione
3139 2490 3283 2544 hanc
3313 2489 3485 2542 vitam
3517 2504 3681 2540 suam

2081 2582 2346 2650 conjuges
2375 2581 2534 2651 quasi
2555 2581 2612 2634 in
2636 2593 2804 2651 parva
2831 2581 3054 2634 civitate
3084 2578 3420 2643 custodiunt,
3454 2577 3684 2648 quando

2083 2686 2182 2739 pro
2214 2687 2272 2723 se
2310 2669 2550 2723 assiduis
2582 2669 3070 2740 deprecationibus
3107 2667 3478 2721 intercedunt.
3520 2665 3685 2720 Unde

2083 2765 2140 2812 et
2159 2764 2308 2812 recte
2329 2775 2429 2829 per
2447 2759 2708 2828 angelum
2731 2759 2801 2812 ad
2825 2758 3086 2812 eumdem
3108 2757 3250 2811 Loth
3273 2755 3478 2808 dicitur
3505 2771 3514 2806 :
3552 2755 3687 2808 Ecce

2081 2851 2247 2901 etiam
2269 2853 2329 2901 in
2351 2849 2449 2902 hoc
2473 2851 2684 2916 suscepi
2697 2864 2880 2916 preces
2906 2853 3029 2900 tuas
3048 2852 3110 2899 ut
3131 2861 3238 2899 non
3257 2845 3567 2899 subsertam
3585 2859 3688 2895 ur-

2081 2938 2196 2990 bem
2223 2953 2324 3005 pro
2343 2952 2453 3004 qua
2485 2940 2696 2990 locutus
2722 2954 2790 3000 es,
2831 2936 2964 3006 quia
2993 2935 3250 2989 videlicet
3281 2950 3404 2988 cum
3441 2933 3560 2986 Deo
3589 2931 3687 2983 dc—

2080 3025 2326 3096 precatio
2358 3025 2631 3089 funditur,
2671 3041 3024 3096 nequaquam
3055 3023 3185 3078 talis
3225 3023 3528 3092 conjugum
3562 3025 3686 3073 vita

2079 3115 2404 3177 damnetur;
2439 3115 2509 3167 de
2545 3131 2658 3184 qua
2689 3114 3080 3184 deprecatione
3113 3129 3334 3184 quoque
3355 3110 3563 3164 Paulus
3585 3109 3686 3162 ad-

2079 3210 2270 3256 monet
2302 3203 2492 3257 dicens
2529 3220 2539 3255 :
2575 3204 2752 3257 Nolite
2793 3205 3064 3270 fraudare
3099 3205 3351 3264 invicem,
3397 3201 3510 3252 nisi
3539 3201 3684 3266 forte

2079 3309 2142 3345 ar
2171 3309 2431 3345 consensu
2460 3294 2534 3346 ad
2555 3298 2779 3361 tempus,
2809 3298 2870 3345 ut
2901 3295 3097 3345 vacetis
3126 3291 3388 3346 orationi.

2160 3382 2277 3434 Volo
2323 3387 2503 3434 autem
2555 3398 2737 3434 omnes
2783 3382 3028 3434 homines
3067 3396 3170 3432 esse
3215 3381 3359 3431 sicut
3403 3378 3680 3444 meipsum

2082 3469 2310 3538 Μηρὸν.)
2345 3471 2628 3533 Quantum
2651 3487 2785 3537 ergo
2821 3470 2889 3522 ad
2920 3468 3250 3522 benevolum
3285 3472 3342 3519 et
3370 3464 3676 3518 sollicitum

2077 3557 2410 3626 magistrum
2429 3559 2674 3628 pertinet
2693 3575 2887 3612 omnes
2921 3559 3063 3612 tales
3096 3555 3218 3610 ﬁeri
3259 3571 3419 3626 posse
3449 3551 3678 3605 volebat

2075 3662 2213 3711 esse,
2238 3646 2384 3700 sicut
2401 3646 2668 3718 seipsum,
2707 3646 2888 3717 qualis
2921 3653 3111 3701 autem
3141 3645 3261 3718 ipse
3293 3647 3417 3696 erat
3447 3657 3576 3694 mox
3613 3640 3674 3692 in

2074 3735 2340 3806 subjectis
2359 3735 2622 3790 ostendit.
2645 3737 2748 3791 Sed
2762 3740 3138 3804 unusquisque
3152 3736 3448 3805 proprium
3459 3730 3669 3782 donum

2075 3826 2230 3878 habet
2258 3841 2294 3878 a
2323 3827 2444 3891 Deo,
2477 3828 2626 3880 alius
2654 3826 2872 3893 quidem
2901 3828 2999 3889 sic,
3032 3829 3182 3879 alius
3201 3841 3324 3878 vero
3337 3827 3432 3878 sic.
3452 3821 3570 3876 Hoc
3584 3821 3675 3874 est

2074 3913 2460 3983 unusquisque
2475 3915 2636 3984 juxta
2647 3919 2838 3967 votum
2854 3930 3020 3967 suum
3036 3915 3247 3966 donum
3259 3913 3362 3967 Dei
3377 3911 3563 3977 habet,
3581 3917 3668 3968 ut.

2075 4002 2122 4054 si
2147 4001 2294 4066 velit,
2329 4001 2504 4072 ipsius
2525 4007 2668 4056 nutu
2687 4002 2787 4056 Dei
2809 4002 3237 4072 possibilitatem
3259 4007 3669 4071 consequatur:

2079 4090 2204 4142 ideo
2227 4106 2337 4143 non
2365 4089 2530 4144 debet
2549 4091 2674 4160 quis
2693 4091 3000 4160 constringi
3019 4108 3090 4144 ne
3109 4109 3142 4144 a
3161 4091 3312 4145 licito
3335 4089 3672 4161 prohibitus.

2080 4177 2274 4230 illicita
2291 4179 2572 4244 admittat,
2597 4180 2692 4233 sed
2726 4179 2844 4250 ipse
2862 4179 2966 4233 sibi
2989 4181 3158 4249 eligat
3182 4179 3316 4250 quid
3352 4183 3623 4248 sequatur
3656 4195 3668 4228 :

2079 4267 2208 4320 Die'o
2235 4273 2419 4320 autem
2451 4284 2562 4321 non
2592 4271 2780 4336 nuptis
2808 4274 2858 4321 et
2887 4271 3087 4332 ridais,
3123 4270 3324 4322 bonum
3353 4273 3428 4321 est
3460 4270 3578 4320 illis
3627 4269 3681 4318 si

2078 4358 2158 4408 sic
2170 4361 2534 4424 permaneant
2561 4359 2703 4409 sicut
2729 4363 2777 4410 et
2806 4374 2914 4424 ego.
2949 4359 3075 4410 Non
3101 4357 3313 4410 diceret
3346 4355 3556 4408 bonum
3589 4360 3681 4407 est

2080 4444 2351 4515 innuptis,
2383 4451 2447 4498 ut
2466 4445 2579 4498 sint
2599 4445 2743 4499 sicut
2761 4452 2819 4500 et
2841 4463 2962 4516 ego,
2987 4445 3033 4498 si
3053 4462 3166 4499 non
3186 4451 3334 4498 esset
3363 4445 3581 4512 integer
3615 4444 3678 4497 in

2081 4549 2330 4603 corpore,
2353 4549 2454 4586 nec
2471 4533 2681 4587 diceret
2698 4553 2708 4586 :
2739 4553 2764 4584 «
2785 4535 2993 4588 Omnes
3008 4534 3264 4588 homines
3283 4531 3534 4586 volebam
3552 4548 3679 4584 esse

2081 4622 2225 4675 sicut
2244 4622 2550 4692 meipsum;
2574 4642 2598 4674 »
2617 4623 2662 4675 si
2683 4623 2833 4676 enim
2854 4623 3052 4676 habuit
3063 4639 3294 4675 uxorem
3317 4627 3376 4674 et
3396 4622 3498 4674 hoc
3515 4620 3678 4686 dixit,

2079 4710 2323 4780 virgines
2341 4728 2462 4763 esse.
2495 4711 2694 4765 noluit.
2733 4711 2840 4766 Sed
2872 4711 3035 4777 absit,
3070 4711 3148 4764 sic
3179 4711 3329 4764 enim
3366 4726 3399 4762 a
3431 4708 3690 4779 pueritia.

2082 4799 2294 4870 Spiritu
2313 4799 2578 4866 fervebat,
2603 4807 2666 4853 ut
2687 4801 2854 4870 hujus
2881 4801 2962 4853 rei
2997 4799 3247 4852 studium
3277 4815 3390 4851 non
3422 4796 3683 4860 haberet,

2084 4888 2289 4958 quippe
2311 4905 2437 4941 cum
2449 4889 2780 4958 juvenculus
2802 4888 3140 4958 anticipatus
3171 4887 3246 4940 sit
3274 4903 3307 4940 a
3339 4885 3522 4955 gratia
3555 4884 3685 4938 Dei.

2085 4975 2389 5046 Postquam
2448 4977 2586 5031 dixit
2639 4993 3099 5048 unumquemque
3139 4975 3428 5045 proprium
3471 4973 3692 5026 donum

2086 5065 2289 5118 habere
2311 5083 2343 5119 a
2359 5066 2493 5130 Deo,
2518 5067 2763 5120 ostendit
2782 5066 2841 5120 in
2860 5082 2970 5135 qua
2990 5082 3051 5118 re
3072 5063 3273 5117 melius
3293 5069 3380 5116 est
3407 5079 3528 5116 esse
3558 5078 3698 5132 pro-

2088 5155 2425 5224 pensiorem,
2449 5155 2582 5226 quia
2601 5155 2658 5208 in
2679 5172 2744 5208 eo
2772 5155 3074 5224 adjuvatur
3095 5153 3239 5224 quis,
3279 5151 3426 5222 quod
3457 5150 3691 5203 videtur

2087 5243 2353 5298 aviditate
2377 5244 2580 5298 mentis
2607 5249 2890 5314 appetere.
2920 5243 3069 5308 Quod
3087 5245 3137 5294 si
3163 5258 3215 5293 se
3241 5257 3350 5294 non
3379 5243 3687 5300 continent,

2091 5333 2303 5386 nubant
2326 5352 2342 5386 :
2361 5335 2558 5386 melius
2578 5337 2652 5384 est
2673 5349 2736 5384 en
2745 5334 2820 5384 im
2838 5331 3038 5384 nubere
3054 5345 3222 5397 quam
3236 5331 3334 5381 uri
3347 5328 3554 5393 (0am.
3576 5327 3702 5379 No-

2084 5421 2323 5474 tandum
2340 5421 2487 5493 quod
2505 5418 2888 5474 fornicationis
2899 5434 3110 5488 genera
3128 5421 3262 5471 sunt
3272 5415 3402 5470 tria.
3429 5415 3696 5469 Primum

2086 5509 2236 5578 quod
2281 5526 2382 5579 per
2429 5509 2880 5580 conjunctionem
2921 5523 3085 5562 sexus
3133 5505 3427 5575 utriusque
3469 5502 3701 5572 perﬁci_
