3900 6196
244 362 303 421 69
740 365 1329 425 ENABRATIONUM
1356 367 1437 425 ΙΝ
1466 367 1620 427 ΕΡΡ.
1649 365 1814 424 PAU]

1897 366 2034 423 LIB.
2068 366 2140 423 Χ.
2187 398 2250 409 -
2295 367 2374 423 ΙΝ
2406 367 2631 425 EPIST.
2658 364 2683 425 Ι
2711 366 2809 425 ΔΙ)
2837 367 2999 424 00R.
3445 362 3511 424 7O

242 489 377 544 tiens
402 487 475 543 de
514 487 621 543 Dei
648 488 867 545 timore
895 490 1107 545 carnali
1134 490 1365 547 domino
1404 492 1637 562 dignum
1666 511 1726 547 se
1754 492 1896 553 ἴθι-Λ
1914 446 2156 547 solutius
2193 493 2514 547 ostenderet
2550 497 2773 560 propter
2796 496 3114 559 pmsentem
3145 495 3509 550 necessitatem

240 576 338 632 dat
358 575 642 639 libertate,
668 594 744 631 ne
772 578 1013 633 audiens
1040 579 1203 643 forte,
1233 600 1257 630 α
1280 581 1483 636 Servus
1502 588 1728 637 vocatus
1747 599 1825 636 es.

238 682 333 721 non
364 665 437 719 sit
466 665 569 719 tibi
619 682 797 729 cum,
833 687 858 717 »
890 668 1268 737 negligentior
1297 678 1446 725 esset
1476 670 1624 725 circa
1656 670 1830 724 bonos

235 764 372 809 actus
397 754 648 811 camelis
676 756 930 819 Domini,
963 763 1023 810 et
1046 757 1301 813 doctrina
1339 759 1547 814 Christi
1569 759 1828 829 blasphe—

236 851 487 907 ωλι-ρων,
520 851 705 899 etnec
723 844 818 897 ille
848 845 1028 899 Deum
1060 855 1491 915 promereretur,
1528 849 1622 918 qui
1652 848 1710 903 in
1741 848 1829 902 his

234 932 457 987 terrenis
487 932 635 987 bene
679 934 933 987 serviens
970 936 1231 989 meritum
1273 936 1378 990 sibi
1418 937 1651 991 collocat
1679 938 1825 1007 apud

232 1020 417 1083 Datim,
448 1021 587 1090 quia
617 1021 760 1076 dixit
792 1022 1095 1077 Dominus:
1120 1043 1146 1075 ς(
1178 1024 1283 1088 Qui
1300 1025 1359 1079 in
1384 1025 1617 1080 minimo
1646 1026 1826 1081 ﬁdelis

230 1116 325 1173 est.
343 1117 400 1164 et
427 1110 487 1164 in
510 1126 723 1179 magno
743 1110 1091 1177 erit.»-Qm‘
1108 1115 1257 1165 enim
1279 1117 1337 1165 in
1360 1116 1594 1168 Domino
1612 1120 1824 1169 vocatus

231 1204 296 1254 at
319 1214 526 1261 servus,
561 1200 798 1254 libertus
828 1204 905 1253 est
928 1202 1170 1255 Domini.
1196 1202 1433 1271 Ereptus
1455 1203 1607 1258 enim
1638 1221 1672 1257 ει
1704 1221 1825 1273 pec-

232 1287 357 1341 uitis
401 1304 530 1357 qua:
576 1304 740 1341 veros
786 1304 976 1342 servos
1020 1289 1277 1358 probant,
1310 1290 1545 1346 libertus
1593 1294 1677 1347 tit.
1723 1292 1825 1348 Hic

232 1375 370 1431 enim
397 1377 638 1432 omnino
658 1393 856 1431 servus
885 1384 989 1437 est,
1008 1378 1102 1451 qui
1123 1379 1509 1447 imprudenter
1529 1381 1825 1449 agit,sicut

231 1471 283 1519 et
320 1464 609 1521 veteribus
660 1465 888 1535 placuit,
927 1466 1021 1535 qui
1070 1485 1266 1523 omnes
1305 1469 1587 1537 sapientes
1620 1469 1823 1524 liberos

228 1553 597 1623 appellarunt,
632 1553 993 1623 impudentes
1019 1560 1209 1611 autem
1232 1574 1427 1612 omnes
1447 1574 1655 1619 servos,
1675 1558 1822 1613 unde

232 1641 505 1707 Salomon,
538 1642 729 1707 Servo,
750 1642 955 1712 inquit,
986 1647 1224 1711 sapienti
1255 1647 1418 1699 liberi
1439 1650 1677 1699 servient
1707 1645 1824 1715 (Ee-

231 1734 311 1785 cti.
336 1733 411 1797 ι).
444 1729 551 1785 Hic
582 1747 721 1799 ergo
748 1731 844 1800 qui
873 1731 1051 1785 credit
1077 1739 1133 1787 et
1159 1733 1207 1787 si
1238 1750 1431 1787 servus
1473 1734 1549 1789 sit
1574 1735 1645 1789 ad
1677 1741 1820 1791 tem-

1912 580 2010 645 ait,
2037 580 2170 649 quia
2211 582 2486 650 optimum
2510 586 2612 641 est,
2646 588 2712 635 ut
2733 580 2881 637 inter
2910 579 3119 635 bonum
3148 586 3206 637 et
3232 582 3508 653 optimum

1912 668 2053 722 nihil
2078 674 2195 725 tam
2219 670 2544 739 praeclarum
2570 674 2737 740 atque
2754 668 2891 723 utile
2914 686 3036 723 esse
3057 676 3502 739 cognosceretur,

1912 774 2081 826 quam
2127 762 2215 811 est
2262 757 2574 827 virginitas.
2607 756 2752 820 Quia
2781 773 2891 812 non
2936 756 3118 812 solum
3145 759 3293 828 apud
3326 759 3507 817 Deum

1911 845 2288 913 virginitatem
2330 845 2866 899 connnendatiorem
2913 844 3095 909 docet,
3126 846 3223 901 sed
3266 852 3325 901 et
3357 847 3506 918 apud

1911 933 2080 989 vitam
2138 941 2492 1005 praesentem,
2523 934 2658 987 dum
2696 934 3058 989 necessitates
3106 935 3377 1008 temporis
3405 952 3504 991 ne—

1909 1022 2032 1085 scit,
2067 1039 2204 1091 quas
2256 1023 2467 1093 patitur
2513 1022 2852 1091 conjugatio,
2884 1028 2940 1074 et
2989 1039 3259 1079 mmrores
3286 1029 3501 1097 partus,

1908 1110 2189 1179 simulque
2237 1111 2507 1165 orbitates
2550 1111 2792 1165 ﬁliorum
2838 1110 3081 1180 ignorat.
3126 1112 3201 1167 Ut
3249 1129 3383 1183 ergo
3434 1112 3503 1169 ad

1908 1198 2052 1253 hanc
2079 1200 2448 1255 all'ectandam
2469 1200 2810 1265 hortaretur,
2830 1200 3121 1269 pnesentis
3151 1201 3501 1257 necessitatis

1908 1287 2079 1342 exitia
2120 1289 2326 1343 lucrari
2357 1289 2517 1341 docet
2556 1288 2680 1353 has,
2714 1304 2835 1356 quae
2892 1287 3047 1342 illam
3080 1288 3395 1346 dilexerint.
3439 1290 3507 1346 Ut

1907 1393 2033 1430 cum
2098 1394 2209 1431 non
2277 1378 2457 1431 solum
2525 1378 2674 1448 apud
2730 1378 2907 1431 Deum
2968 1378 3151 1433 locum
3212 1378 3503 1435 meliorem

1907 1465 2111 1521 habere
2131 1466 2373 1531 discunt,
2409 1482 2599 1520 verum
2638 1465 2809 1519 etiam
2842 1465 2899 1521 in
2930 1466 3191 1537 pnesenti
3229 1468 3384 1521 omni
3413 1469 3499 1521 in—

1906 1553 2123 1607 dustria
2148 1555 2293 1609 hanc
2321 1561 2668 1624 appeterent.
2693 1555 2880 1611 Unum
2908 1554 3058 1607 enim
3080 1560 3169 1608 est
3189 1556 3334 1625 quod
3356 1556 3505 1611 labo-

1904 1648 1995 1698 rat
2018 1650 2082 1697 ut
2110 1642 2370 1697 effectura
2420 1643 2603 1697 carnis
2653 1643 2854 1710 vincat,
2886 1644 2943 1696 in
2989 1643 3207 1698 caeteris
3245 1644 3504 1701 omnibus

1904 1730 2098 1796 libera,
2131 1732 2265 1801 quia
2287 1732 2437 1785 enim
2468 1750 2597 1787 caro
2622 1732 2677 1785 in
2698 1732 2915 1801 origine
2934 1748 3033 1786 sua
3062 1738 3164 1797 est,
3201 1737 3259 1788 et
3278 1740 3499 1799 natura,

230 1835 338 1887 pus,
368 1820 508 1888 quia
537 1837 662 1875 rem
694 1819 827 1873 facit
866 1820 1219 1889 prudentem,
1250 1828 1314 1879 ut
1349 1823 1542 1878 credat
1568 1824 1626 1877 in
1656 1824 1819 1879 Chri-
1844 1808 2037 1873 Busus
2067 1822 2191 1889 ejus
2218 1821 2423 1886 suavis,
2444 1821 2611 1883 videt,
2649 1828 2707 1874 et
2734 1821 2913 1875 dulcis
2942 1821 3193 1889 allectus,
3225 1821 3351 1877 ideo
3385 1824 3501 1881 huc

225 1913 383 1971 unm,
418 1907 662 1963 libertus
707 1910 769 1961 ﬁt
808 1908 1049 1965 Domini.
1085 1910 1143 1965 Si
1190 1910 1323 1979 ergo
1368 1918 1595 1982 peccata
1633 1930 1820 1967 servos

222 1995 445 2058 faciunt,
458 1996 609 2051 sicut
621 1997 802 2052 Cham
822 1997 974 2051 filius
984 1999 1102 2051 Noe
1114 2000 1323 2068 peccati
1349 2006 1405 2054 et
1430 2001 1819 2071 imprudentiae

220 2102 379 2142 causa
420 2085 606 2141 factus
648 2092 738 2139 est
762 2102 955 2141 servus
988 2088 1115 2153 (Gen
1172 2092 1268 2155 Ix),
1302 2106 1431 2143 cum
1461 2091 1586 2160 quis
1617 2091 1819 2161 accipit

218 2174 607 2231 remissionem
636 2182 996 2244 peccatorum
1024 2176 1259 2231 libertus
1278 2179 1821 2235 etﬁcitur.Similiter

214 2266 304 2329 qui
330 2264 474 2317 liber
494 2269 719 2317 iocatus
747 2269 840 2326 est,
858 2270 1137 2317 serrusest
1158 2267 1383 2319 ('ln‘isti.
1417 2267 1702 2323 Profectus
1734 2275 1820 2323 est

214 2368 274 2405 ex
303 2351 481 2407 libero
523 2368 751 2406 servum
794 2352 916 2406 ﬁeri
963 2353 1189 2409 Christi.
1223 2354 1390 2409 Liber
1434 2355 1587 2413 enim
1626 2362 1751 2411 erat
1783 2375 1819 2412 a

215 2440 507 2511 Deumquod
530 2440 847 2497 maximum
867 2440 1079 2497 crimen
1100 2448 1202 2496 est.
1237 2444 1371 2499 Ideo
1390 2445 1600 2500 amissa
1620 2462 1817 2502 amara

216 2536 267 2585 et
289 2529 578 2585 contraria
594 2530 860 2586 libertate
880 2530 1257 2587 conditionem
1286 2533 1518 2588 sortitus
1548 2538 1654 2599 est,
1690 2550 1812 2603 quae

218 2618 519 2687 nudasset,
534 2619 683 2675 sicut
696 2619 835 2672 dicit
862 2619 1132 2674 Dominus
1156 2638 1167 2673 :
1197 2622 1384 2676 Tollite
1402 2625 1609 2689 jugum
1634 2640 1817 2681 meum

214 2702 371 2774 super
388 2724 479 2761 res
510 2711 654 2774 quia
680 2724 845 2763 mare
875 2713 1044 2769 emet
1074 2725 1211 2762 onus
1241 2725 1441 2773 nicum,
1464 2713 1599 2778 quia
1621 2715 1727 2765 leve
1742 2716 1815 2764 est

217 2796 422 2857 (suis.
446 2802 549 2861 ιι).
575 2795 914 2865 Superbiam
954 2796 1143 2866 itaque
1169 2796 1406 2851 abscidit
1445 2805 1502 2852 et
1538 2798 1598 2855 in
1636 2800 1829 2855 unita-.

215 2891 318 2939 tem
346 2884 502 2948 fecit,
529 2890 594 2939 ut
618 2901 803 2953 neque
821 2902 1016 2939 servus
1034 2886 1245 2954 pudore
1261 2886 1597 2943 conditionis
1617 2888 1815 2957 despe-

210 2978 353 3029 ctum
382 2990 446 3027 se
477 2978 665 3043 putet,
696 2989 880 3042 neque
909 2972 1053 3029 liber
1080 2975 1324 3030 elatione
1353 2975 1558 3033 mentis
1587 2976 1816 3031 inflatus

206 3079 361 3121 servo
388 3079 451 3121 se
482 3066 853 3131 superponat.
888 3064 1071 3117 Pretio
1109 3067 1278 3130 empti
1307 3067 1448 3129 estis,
1484 3068 1652 3119 nolite
1692 3068 1817 3131 ﬁeri

1902 1926 2168 1978 superare
2204 1926 2313 1965 non
2344 1909 2526 1963 brevis
2541 1908 2722 1977 gloria
2748 1914 2852 1964 est.
2894 1912 3109 1963 Vinctus
3138 1926 3189 1963 es
3222 1914 3503 1967 uxori?ne

1900 2001 2177 2065 quaesieris
2197 1999 2681 2053 solutionemllzec
2697 1998 3076 2054 remediorum
3098 1998 3330 2055 consilia
3348 2006 3496 2059 sunt.

1903 2087 2040 2142 dicit
2071 2087 2220 2142 enim
2240 2104 2353 2143 non
2371 2086 2572 2141 debere
2604 2104 2945 2157 quemquam
2970 2086 3178 2141 absolvi
3208 2086 3277 2143 ab
3308 2104 3496 2155 uxore,

1905 2176 2010 2230 nisi
2032 2194 2200 2232 causa
2220 2176 2634 2241 fornicationis;
2656 2176 2979 2245 frequenter
2994 2175 3143 2231 enim
3166 2192 3296 2233 suas
3312 2176 3499 2233 dimit-

1902 2270 2084 2321 tentes
2112 2265 2214 2320 sub
2242 2265 2491 2333 tegmine
2519 2263 2898 2329 continentiae,
2932 2264 3072 2318 alias
3102 2264 3393 2334 decipiunt
3416 2283 3500 2321 re-

1900 2354 2229 2421 frigescente
2261 2353 2567 2424 proposito,
2595 2353 2692 2407 sed
2722 2352 2769 2405 si
2805 2350 3007 2408 melius
3029 2352 3149 2407 vult
3171 2352 3498 2411 viverecum

1900 2458 2070 2497 uxore
2109 2459 2210 2499 sua
2244 2441 2479 2511 positus,
2509 2441 2835 2497 exhortetur
2864 2440 3039 2507 illam,
3070 2448 3135 2495 ut
3174 2439 3297 2495 sine
3331 2458 3491 2500 scan-

1897 2530 2026 2585 dalo
2056 2531 2211 2600 prius
2241 2531 2406 2585 vivat.
2437 2530 2660 2586 Solutus
2690 2546 2741 2583 es
2782 2530 2850 2583 ab
2882 2534 3093 2582 uxore?
3127 2545 3192 2583 ne
3219 2533 3498 2597 quateris

1902 2636 2145 2675 uxorem.
2180 2620 2252 2674 Ut
2294 2619 2474 2673 sciens
2516 2619 2620 2673 hoc
2664 2616 2847 2687 magis
2875 2618 2991 2673 Deo
3035 2624 3346 2688 acceptum,
3380 2628 3439 2675 et
3463 2638 3498 2675 a

1902 2709 2234 2763 necessitate
2262 2707 2500 2763 liberum
2527 2724 2639 2761 non
2667 2711 2883 2776 quaerat
2906 2723 3165 2775 uxorem;
3196 2706 3279 2763 ita
3305 2712 3497 2767 tamen

1900 2802 1964 2851 ut
1993 2815 2029 2853 a
2056 2797 2273 2851 ueteris
2299 2802 2601 2866 temperet;
2634 2795 2681 2849 si
2709 2812 2820 2865 quo
2861 2794 3069 2863 minus,
3105 2794 3239 2867 quid
3269 2796 3499 2868 prodest

1898 2885 2239 2939 desiderium
2280 2885 2465 2939 carnis
2506 2901 2779 2954 premere,
2814 2884 2917 2940 hoc
2969 2889 3072 2951 est,
3116 2900 3238 2939 rem
3286 2884 3497 2943 licitam

1899 2991 2162 3043 spernere
2208 2980 2264 3027 et
2298 2974 2505 3028 illicitis
2536 2972 2862 3042 subiacere?
2910 2970 2975 3027 Si
3001 2978 3187 3029 autem
3232 2976 3497 3045 acceperis

1897 3079 2142 3127 umorem,
2168 3080 2279 3117 non
2295 3065 2541 3131 peccasti.
2574 3062 2701 3115 Non
2728 3061 2923 3134 utique
2951 3066 3163 3132 peccat,
3196 3061 3329 3133 quia
3348 3062 3494 3134 quod

205 3155 343 3207 srvi
372 3152 697 3207 hominum.
733 3150 941 3205 Verum
979 3156 1085 3216 est,
1125 3150 1257 3220 quia
1291 3156 1409 3207 tam
1463 3169 1592 3208 caro
1636 3153 1875 3222 pretioc
1896 3166 2219 3207 concessum
2248 3155 2331 3204 est
2360 3150 2509 3213 facit,
2540 3149 2587 3205 si
2616 3166 2748 3205 vero
2775 3148 3195 3219 contempserit,
3230 3149 3495 3207 meritum

206 3239 377 3311 erepti
405 3256 630 3303 sumus,
661 3244 726 3295 ut
753 3255 785 3291 a
814 3239 971 3293 nullo
999 3239 1199 3293 redimi
1222 3240 1619 3309 potuissemus,
1653 3241 1761 3296 nisi
1785 3260 1819 3296 ει

206 3328 445 3391 Christo,
464 3328 563 3397 qui
594 3328 852 3384 omnium
879 3328 1033 3385 dives
1063 3334 1165 3382 est.
1188 3329 1295 3392 Qui
1327 3346 1460 3398 ergo
1482 3330 1660 3399 pretio
1681 3331 1817 3383 emi-

207 3426 309 3481 ωι,
344 3417 531 3485 magis
560 3417 773 3471 servire
802 3417 987 3479 debet,
1022 3423 1085 3471 ut
1112 3417 1468 3486 aliquatenus
1499 3418 1673 3472 vicem
1693 3418 1814 3471 red-

204 3504 299 3559 dat
323 3506 599 3575 emptori.
633 3508 683 3561 Α
713 3506 830 3560 Deo
871 3523 1004 3575 ergo
1046 3506 1238 3576 empti,
1274 3507 1329 3560 id
1360 3513 1462 3567 est,
1492 3524 1526 3561 a
1554 3507 1805 3575 Christo;

207 3594 343 3649 ses-ﬁ
370 3594 679 3650 hominum
709 3611 832 3649 esse
864 3612 977 3651 non
1021 3594 1244 3649 debent.
1280 3596 1435 3650 Servi
1482 3603 1671 3651 autem
1708 3596 1807 3651 ho-

206 3684 419 3740 minum
452 3683 514 3737 hi
542 3688 698 3745 sunt,
729 3684 824 3752 qui
854 3684 1118 3741 humanis
1138 3701 1199 3737 se
1214 3684 1519 3756 subjiciunt
1537 3686 1808 3755 supersti-

206 3770 471 3828 tionibus.
504 3771 811 3839 Apestolus
839 3778 1029 3827 tamen
1068 3772 1204 3825 illud
1246 3778 1539 3837 memorat,
1574 3776 1721 3843 quod
1752 3775 1809 3830 in

202 3861 381 3928 capite
410 3859 686 3929 Epistolas
716 3860 1094 3929 reprehendit.
1127 3877 1192 3914 eo
1222 3862 1367 3932 quod
1398 3862 1667 3927 dicerent,
1704 3865 1809 3930 Ego

206 3965 321 4003 sum
352 3951 551 4009 Pauli,
591 3951 743 4003 alius
770 3954 981 4009 autem.
1012 3949 1120 4014 Ego
1150 3951 1338 4016 Apollo
1367 3970 1383 4004 :
1413 3951 1566 4005 dedit
1610 3958 1807 4005 tamen

204 4038 509 4097 articulum
531 4037 822 4093 Christum
844 4037 1132 4093 fatendum
1158 4039 1356 4103 Deum,
1374 4040 1599 4109 quando
1619 4056 1807 4095 servos

204 4126 408 4183 Christi
460 4142 576 4185 non
624 4127 871 4183 hominis
918 4142 1105 4181 servos
1148 4127 1509 4195 appellandos
1538 4128 1803 4185 ostendit.

201 4215 591 4287 b’nmquisque
619 4216 801 4280 frater
829 4218 892 4271 in
921 4231 1028 4282 quo
1054 4220 1269 4271 vocatus
1299 4220 1396 4279 est,
1416 4218 1476 4268 in
1500 4233 1557 4269 eo
1586 4222 1809 4273 inanest

198 4306 348 4371 apud
364 4306 569 4360 Deum.
596 4303 714 4357 Hoc
741 4310 844 4368 est,
871 4302 1020 4373 quod
1034 4319 1209 4372 supra
1223 4302 1379 4365 dixit,
1396 4304 1545 4373 quod
1561 4309 1625 4361 ut
1646 4305 1808 4374 plene

198 4392 571 4451 commendet
596 4392 847 4449 reiterat.

1898 3238 2005 3291 sibi
2032 3238 2266 3294 collocat
2312 3244 2368 3295 et
2411 3255 2718 3293 coronam:
2754 3254 2973 3307 magna:
3018 3237 3169 3295 enim
3211 3238 3494 3310 patientiae

1900 3336 2002 3391 est,
2038 3328 2142 3382 hoc
2170 3345 2281 3382 non
2312 3328 2653 3397 contingere,
2687 3327 2833 3395 quod
2866 3325 3211 3396 prohibitum
3242 3344 3354 3385 non
3385 3333 3487 3385 est.

1896 3417 2034 3471 Etsi
2063 3420 2311 3483 nupserit
2340 3421 2512 3483 virgo,
2549 3433 2657 3469 non
2675 3416 2932 3483 peccabit.
2968 3415 3111 3479 Quia
3135 3414 3284 3485 apud
3312 3416 3490 3473 Deum

1895 3521 1959 3559 ex
1992 3506 2097 3561 hac
2123 3522 2292 3561 causa
2318 3504 2495 3561 libera
2522 3509 2624 3558 est.
2659 3505 3061 3561 Tribulationes
3092 3510 3277 3561 tamen
3305 3509 3492 3560 almis

1895 3596 2167 3649 habebunt
2205 3595 2543 3661 hujusmodi.
2570 3594 2684 3646 Hoc
2717 3598 2820 3655 est,
2848 3592 2951 3647 etsi
2988 3600 3181 3662 aperte
3206 3610 3242 3647 a
3266 3600 3491 3666 peccato

1893 3682 2053 3737 liberi
2092 3688 2241 3743 sunt,
2276 3682 2333 3738 in
2370 3683 2472 3736 hac
2512 3688 2702 3738 tamen
2740 3681 2856 3735 vita
2892 3680 3285 3738 tribulationes
3317 3681 3489 3741 habe-

1893 3770 2051 3835 bunt,
2082 3770 2327 3840 gemitus
2358 3770 2585 3833 ventris,
2619 3769 2967 3825 nutrimenta
2993 3769 3257 3835 ﬁliorum,
3284 3770 3483 3835 vietus,

1891 3866 2237 3929 tegumenta,
2261 3859 2438 3921 dotes,
2464 3857 2758 3925 aegritudo,
2791 3862 3094 3925 apparatus
3115 3857 3333 3921 domus,
3360 3873 3489 3914 uxo-

1896 3949 1976 4003 ris
2005 3947 2325 4007 necessitas,
2362 3944 2551 4001 mariti
2582 3943 2913 4025 dominatio.
2948 3944 3148 4012 (ὦνερ.)
3180 3944 3288 4001 Sed
3314 3943 3490 4003 tribu-

1896 4036 2165 4092 lationem
2193 4034 2375 4090 carnis
2408 4034 2497 4087 hic
2516 4032 2631 4103 pati
2664 4038 2899 4103 possunt
2935 4032 3105 4087 etiam
3135 4033 3231 4103 qui
3261 4032 3486 4105 spirita-

1893 4126 2023 4181 liter
2050 4126 2264 4189 vivum;
2289 4140 2388 4177 cur
2405 4140 2537 4192 ergo
2558 4122 2740 4176 inesse
2760 4121 3094 4191 conjugibus
3112 4122 3298 4179 carnis
3315 4121 3489 4179 tribu-

1893 4214 2029 4271 latio
2060 4213 2218 4283 quasi
2250 4212 2567 4282 specialiter
2595 4211 2819 4277 dicitur,
2844 4228 2967 4285 qua)
2994 4210 3166 4267 etiam
3186 4227 3223 4263 a
3240 4211 3355 4269 vita
3371 4212 3487 4286 δρί-

1891 4302 2142 4359 ritalium
2172 4303 2336 4370 longe
2366 4318 2478 4357 non
2505 4307 2610 4365 est,
2632 4301 2742 4356 nisi
2772 4300 2920 4369 quod
2940 4299 2998 4353 hi
3026 4300 3347 4370 frequenter
3364 4317 3485 4360 ma.

1884 4392 2038 4460 jores
2072 4389 2462 4447 tribulationes
2502 4406 2567 4445 ex
2596 4405 2763 4445 carne
2806 4388 3137 4458 suscipiunt,
3168 4388 3263 4456 qui
3303 4389 3487 4446 carnis

264 4483 341 4537 Bo
360 4482 685 4547 virginibus
704 4486 892 4537 autem
910 4486 1238 4549 praeoptent
1254 4482 1480 4535 Domini
1495 4496 1605 4535 non
1621 4482 1802 4535 habeo.
1830 4473 2270 4548 Dvoluptatibus
2295 4479 2665 4535 delectantur.
2690 4478 2841 4531 Bene
2858 4481 3057 4545 autem
3086 4491 3188 4546 per
3214 4476 3241 4528 J
3248 4475 3319 4531 ob
3347 4475 3484 4531 dici—

199 4569 317 4627 lioe
342 4570 421 4627 ad
455 4568 666 4638 scripta
690 4569 919 4625 illorum
948 4569 1252 4640 respondit,
1272 4569 1417 4625 sicut
1431 4586 1603 4639 supra
1624 4569 1765 4625 dixit
1788 4587 1799 4621 :

198 4661 269 4715 [κ
535 4661 833 4726 scripsistis
864 4660 1029 4719 mihi,
1059 4664 1155 4715 etc.
1191 4658 1497 4714 Consilium
1523 4663 1710 4715 autem
1739 4661 1805 4713 de

197 4753 493 4817 tamquam
516 4748 959 4803 misericordiam
979 4750 1290 4803 consecutus
1304 4763 1340 4803 α
1361 4749 1593 4801 Domino
1608 4752 1669 4800 ut
1696 4751 1805 4803 sim

196 4839 392 4901 Belis.
430 4836 781 4907 Prmacptum
801 4852 863 4895 se
891 4836 962 4893 de
980 4834 1289 4905 virginibus
1309 4841 1477 4903 negat
1503 4836 1799 4905 accepisse,

195 4927 330 4995 quia
370 4942 493 4985 non
542 4931 764 4995 poterat
816 4930 1011 4983 auctor
1056 4924 1305 4993 coniugii
1348 4941 1465 4981 rem
1512 4924 1803 4983 adversam

194 5014 417 5084 nuptiis
446 5013 747 5083 imperare.
771 5029 845 5071 ne
870 5013 1079 5072 factum
1110 5030 1277 5072 suum
1306 5012 1607 5083 pristinum
1639 5030 1802 5071 accu-

193 5110 365 5163 saret.
387 5102 701 5159 Consilium
722 5108 907 5159 autem
937 5104 1022 5168 do,
1053 5119 1166 5161 non
1196 5102 1346 5172 quod
1376 5101 1687 5173 displiceat,
1709 5119 1804 5159 ne»

196 5206 303 5258 quo
330 5190 491 5261 quod
517 5189 843 5249 adulatione
856 5189 1063 5249 factum
1081 5191 1173 5255 sit,
1192 5190 1325 5260 quia
1341 5191 1412 5249 ad
1440 5191 1543 5246 hoc
1559 5191 1804 5258 gratiam

195 5284 535 5339 consecutus
556 5287 662 5345 est,
683 5284 749 5335 ut
765 5278 1000 5341 idoneus
1028 5279 1107 5335 sit
1128 5280 1188 5339 in
1217 5279 1417 5338 dandis
1445 5280 1695 5337 consiliis
1712 5297 1804 5337 sa-

198 5366 505 5427 tutantibus.

266 5457 550 5515 ﬁnitima
575 5472 703 5524 ergo
730 5458 832 5513 hoc
856 5457 1059 5515 bonum
1086 5475 1190 5513 esse
1226 5463 1450 5526 propter
1482 5462 1805 5525 prmntem

200 5549 616 5610 necessitatem;
647 5548 783 5613 quia
810 5549 1079 5614 optimum
1107 5552 1182 5601 est
1200 5548 1418 5601 hom-ini
1441 5548 1521 5600 sic
1536 5562 1661 5601 esse.
1692 5547 1801 5601 Bo—

205 5650 343 5695 num
371 5634 516 5696 diu]
543 5650 687 5698 esse.
717 5633 993 5703 virginem
1019 5650 1368 5705 permanere,
1401 5638 1459 5691 et
1481 5632 1569 5693 uti
1587 5632 1693 5689 hoc
1712 5633 1805 5691 ab-

1888 4573 2010 4623 tur:
2034 4569 2099 4621 Et
2116 4572 2313 4621 anima
2331 4571 2447 4636 ejus
2474 4582 2637 4633 super
2661 4567 2938 4631 senwtipso
2969 4564 3171 4629 lugebit
3201 4564 3482 4635 (Job.xuv),

1890 4655 2023 4725 quia
2055 4655 2306 4725 quisquis
2334 4655 2393 4708 in
2424 4671 2485 4706 se
2510 4654 2755 4722 gaudere
2784 4650 3019 4722 appetit,
3042 4667 3109 4703 eo
3136 4650 3256 4723 ipso
3276 4652 3397 4722 jam
3425 4651 3483 4709 in

1888 4744 2044 4803 luctu
2074 4750 2179 4810 est,
2212 4760 2322 4814 quo
2362 4761 2397 4800 a
2442 4758 2572 4795 vera
2602 4741 2798 4796 laetitia
2831 4740 3086 4804 recessit;
3120 4756 3253 4824 vera
3279 4741 3486 4815 quippe

1888 4833 2086 4891 lietitia
2115 4831 2320 4895 mentis
2347 4836 2565 4889 creator
2591 4836 2697 4887 est.
2726 4830 2970 4899 Dignum
2990 4829 3182 4905 itaque
3210 4834 3317 4897 est,
3343 4836 3485 4889 utse

1890 4938 2113 4992 semper
2158 4921 2326 4977 homo
2372 4920 2431 4977 in
2482 4935 2721 4977 interere
2769 4918 3035 4983 inveniat,
3069 4918 3166 4989 qui
3217 4919 3481 4979 derelicto

1888 5017 2139 5067 creatore
2188 5011 2246 5064 in
2284 5008 2615 5078 Segaudium
2655 5007 2954 5077 quaerebat
2988 5008 3099 5077 Ego
3121 5013 3309 5065 autem
3338 5010 3481 5067 vobis

1883 5115 2071 5169 parco.
2092 5097 2300 5165 (Amb.)
2326 5097 2518 5155 Parcit
2534 5096 2757 5166 quando
2776 5097 2845 5150 ad
2868 5097 2984 5153 11830
3000 5095 3179 5168 magis
3199 5102 3478 5168 provocat,

1890 5204 2012 5258 qua
2042 5186 2431 5243 tribulationes
2457 5186 2640 5244 carnis
2676 5192 2733 5241 et
2767 5184 3173 5242 sollicitudines
3199 5200 3480 5243 memora-

1888 5282 1976 5333 tas
2005 5275 2307 5331 excludunt
2336 5293 2346 5326 :
2381 5280 2565 5345 potest
2607 5274 2688 5328 sic
2714 5272 2887 5329 videri
2928 5287 3156 5342 parcere
3184 5288 3312 5329 cum
3351 5290 3480 5349 perv

1889 5364 2083 5429 mittit,
2108 5370 2167 5418 et
2183 5381 2295 5419 non
2314 5362 2649 5421 contradicit
2666 5360 2997 5423 volentibus,
3015 5361 3165 5431 quod
3183 5378 3479 5421 onerosum

1888 5453 2135 5511 ostendit
2158 5472 2168 5505 :
2196 5455 2303 5511 Hoc
2331 5457 2515 5520 itaque
2541 5453 2677 5516 dico,
2693 5453 2918 5519 fratres,
2937 5455 3145 5519 tempus
3176 5451 3482 5507 breviatum

1887 5548 1981 5599 est.
2022 5544 2315 5610 Reliquum
2360 5548 2454 5596 est.
2488 5539 2808 5597 Breviatum
2847 5544 3073 5610 tempus
3108 5546 3170 5597 et
3203 5539 3481 5614 reliquum

1889 5632 2099 5692 diosus.
2118 5632 2289 5689 ﬁnem
2307 5630 2520 5690 mundo
2532 5628 2833 5688 imminere
2844 5626 3207 5699 signiﬁcavit;
3229 5628 3479 5700 quamvis
