3974 6188
444 396 502 448 Ἠ
1035 393 1096 446 Β.
1138 391 1408 446 RABANI
1449 385 1679 442 MAURI
1719 387 2054 442 ARCHIEP.
2096 385 2420 442 MOGUNT.
2463 383 2759 441 OPERUM
2797 384 3119 441 PARS-Ill.

3643 383 3709 440 7‘2.

443 520 612 574 sciret
637 519 818 572 adhuc
842 521 1098 586 tempora
1129 529 1440 584 superesse,
1472 514 1570 567 sed
1599 513 1764 568 aliter
1791 512 2033 567 scribere
2049 513 2097 573 A
2115 513 2370 567 animum
2382 511 2657 576 attollere,
2672 515 2938 566 uttamen
2953 527 3243 582 nunquam
3259 509 3482 564 desinat
3492 525 3713 564 summa

443 625 554 663 non
586 607 780 662 debuit
807 611 1034 677 propter
1064 604 1183 667 hos,
1218 601 1312 672 qui
1352 603 1550 656 lecturi
1589 603 1705 656 hinc
1742 609 1875 656 sunt
1902 608 2038 656 tunc

443 715 569 751 cum
587 695 850 767 perbreve
863 691 1140 763 supererit
1149 697 1391 761 tempus.
1407 708 1478 744 ne
1489 708 1712 762 semper
1723 691 1856 744 dum
1873 691 2036 760 longe

445 804 564 840 esse
592 789 884 856 putaretur
919 781 1037 834 dies
1071 779 1290 850 judicii,
1315 784 1413 833 aut
1446 796 1556 833 non
1589 780 1904 840 timeretur,
1939 787 2038 834 aut

444 875 644 928 falsum
675 889 793 926 esse
832 870 1223 924 aestimaretur.
1261 867 1404 922 Illud
1433 874 1620 921 autem
1659 869 1805 938 quod
1833 868 2039 922 dicitur

443 979 568 1016 cum
612 961 792 1014 adhuc
848 961 1010 1028 longe
1041 958 1132 1019 sit,
1162 957 1459 1010 imminere
1502 957 1742 1010 multum
1780 957 2033 1026 prolicit;

443 1058 714 1105 terrorem
743 1047 894 1102 enim
921 1047 1122 1100 incutit
1146 1046 1218 1099 ad
1240 1045 1531 1098 meliorem
1558 1045 1732 1098 vitam
1761 1045 2038 1114 agendam

442 1138 780 1194 hominibus.
813 1136 1066 1205 Denique
1105 1135 1196 1187 hic
1232 1134 1290 1188 in
1320 1134 1580 1204 praesenti
1612 1151 1781 1204 quam
1815 1133 2036 1187 solliciti

442 1233 576 1283 sunt
610 1227 688 1293 hi,
721 1226 816 1297 qui
855 1225 1003 1295 apud
1037 1223 1254 1294 judices
1287 1221 1497 1276 habent
1527 1239 1649 1294 qua:
1687 1227 1876 1292 agant,
1910 1239 2038 1276 cum

443 1323 696 1371 actorum
717 1315 837 1368 dies
858 1313 1062 1367 dicitur
1081 1311 1416 1365 imminere?
1445 1311 1562 1389 Hoc
1582 1316 1746 1364 sonat
1762 1311 1870 1377 hic,
1889 1311 2038 1382 quod

445 1406 556 1460 alio
579 1405 638 1458 in
661 1405 781 1457 loco
802 1402 935 1456 dicit
951 1419 962 1453 :
984 1403 1045 1455 [Tt
1057 1403 1372 1465 seductores,
1388 1401 1480 1452 sed
1498 1416 1708 1454 veraces
1722 1400 1926 1462 (IICor.
1943 1399 2010 1466 v1)
2023 1439 2034 1451 .

521 1495 582 1548 Ut
609 1499 656 1546 et
681 1495 780 1559 qui
807 1492 1002 1544 habent
1035 1505 1246 1553 uxores,
1274 1492 1355 1542 ita
1387 1491 1502 1542 sint
1528 1505 1594 1542 ac
1619 1492 1670 1542 si
1702 1505 1812 1542 non
1843 1489 2042 1542 haben-

448 1589 536 1636 tes.
569 1581 714 1646 Quia
742 1579 892 1633 enim
923 1578 1118 1632 mundi
1149 1578 1275 1631 ﬁnis
1306 1577 1363 1631 in
1393 1577 1644 1648 proximo
1677 1585 1778 1638 est,
1802 1593 1914 1631 non
1941 1577 2040 1630 de-

446 1671 577 1724 bere
607 1671 677 1723 ad
705 1667 1092 1738 generandum
1124 1683 1244 1720 esse
1265 1666 1550 1731 sollicitos,
1573 1683 1756 1736 neque
1784 1666 1854 1719 ad
1877 1682 2043 1720 usum

447 1760 632 1830 ipsum
663 1757 899 1820 deditos,
922 1762 986 1810 ut
1008 1755 1396 1826 propensiores
1417 1760 1475 1808 et
1493 1754 1806 1824 vigilantes,
1833 1755 1891 1808 in
1909 1755 2046 1808 divi-

2119 601 2438 665 formidare,
2479 600 2574 654 ubi
2614 605 2744 671 apte
2781 601 2949 672 paulo
2988 606 3114 670 post
3141 599 3389 654 subdidit
3421 617 3430 651 :
3465 601 3711 653 Przterit

2117 693 2266 744 enim
2296 694 2478 758 ﬁgura
2500 691 2668 758 hujus
2688 691 2910 754 mundi,
2925 707 2988 744 ac
3002 689 3049 742 si
3064 695 3256 760 aperte
3279 688 3508 748 diceret,
3531 688 3712 742 Nolite

2118 785 2440 833 constanter
2479 777 2755 831 mundum
2793 777 3044 849 diligere,
3081 777 3304 848 quando
3347 784 3405 832 et
3445 777 3562 848 ipse
3602 793 3712 830 non

2119 875 2304 938 potest
2331 875 2480 920 stare
2510 883 2678 937 quem
2701 866 2954 936 diligitis,
2990 867 3272 921 incassum
3291 883 3387 920 cor
3413 867 3572 937 quasi
3603 883 3715 919 ma-

2119 956 2274 1009 nenti
2317 956 2506 1026 tigitis,
2541 956 2677 1009 dum
2715 956 2860 1025 fugit
2901 956 3018 1028 ipse
3061 973 3228 1026 quem
3257 955 3478 1010 amatis.
3511 956 3578 1010 Et
3620 959 3718 1023 qui

2118 1048 2248 1114 ﬂent.
2281 1051 2548 1113 tanquam
2574 1061 2686 1098 non
2712 1048 2919 1114 ﬂentes.
2947 1044 3452 1114 (Ambr.)Scientes
3481 1044 3630 1097 enim
3659 1043 3718 1096 in

2119 1132 2371 1202 proximo
2411 1134 2583 1186 linem
2630 1133 2828 1186 mundi
2875 1149 3002 1186 mox
3043 1133 3480 1187 consolationem
3523 1148 3715 1186 eorum

2118 1221 2386 1287 futuram,
2419 1221 2514 1292 qui
2552 1239 2654 1292 pro
2682 1221 2783 1275 Dei
2809 1221 3034 1292 justitia
3062 1222 3204 1276 forte
3231 1227 3581 1292 premuntur,
3611 1221 3716 1274 hac

2121 1325 2218 1380 spe
2254 1310 2404 1364 inter
2433 1327 2527 1365 eos
2567 1311 2926 1364 consolentur
2959 1328 3037 1377 se,
3076 1312 3145 1366 Et
3171 1315 3271 1379 qui
3306 1313 3547 1378 gaudent
3587 1316 3713 1363 tan-

2120 1415 2288 1467 quam
2321 1416 2431 1453 non
2459 1401 2772 1466 gaudentes.
2798 1399 2862 1454 In
2890 1400 3151 1470 praesenti
3175 1399 3328 1454 enim
3355 1400 3449 1469 qui
3469 1399 3717 1470 gaudent

2122 1487 2302 1541 sciant
2357 1505 2484 1541 mox
2529 1489 2742 1542 luctum
2789 1495 3116 1554 venturum,
3175 1489 3255 1542 eis
3313 1489 3567 1542 videlicet
3620 1487 3716 1558 qui

2124 1576 2334 1630 mundo
2359 1577 2624 1646 gaudent,
2658 1577 3008 1647 ambigentes
3037 1579 3106 1631 de
3143 1577 3242 1632 Dei
3267 1577 3496 1647 judicio.
3532 1578 3596 1631 Et
3617 1579 3718 1644 qui

2125 1669 2313 1719 emunt
2337 1671 2603 1734 tanquam
2633 1683 2747 1720 non
2757 1669 3104 1735 possidentes.
3127 1667 3430 1720 Credentes
3451 1665 3599 1719 enim
3622 1663 3718 1735 qui

2127 1761 2321 1808 emunt
2343 1771 2573 1825 parvum
2602 1761 2828 1826 tempus
2849 1772 3142 1826 superesse
3162 1755 3390 1822 mundo,
3414 1755 3493 1809 sic
3522 1759 3716 1822 agunt.

447 1848 534 1902 nis
562 1847 821 1918 operibus
853 1844 1137 1898 exercitati
1159 1843 1306 1896 circa
1325 1860 1518 1896 curam
1547 1843 1685 1912 legis
1713 1835 2107 1897 imminenteB
2127 1849 2190 1898 ut
2218 1860 2329 1896 non
2351 1861 2574 1896 omnem
2596 1861 2787 1898 curam
2805 1845 2862 1898 in
2887 1862 2949 1898 re
2967 1845 3076 1898 cito
3100 1844 3352 1915 peritura
3371 1843 3718 1914 impendant,

449 1936 637 2007 praelio
656 1940 988 2005 repugnent.
1005 1935 1287 1986 Pressurae
1308 1932 1459 1985 enim
1481 1938 1665 1996 erunt,
1691 1932 1884 2002 quales
1903 1949 2043 1986 nun-

448 2041 616 2096 quam
649 2024 894 2088 fuerunt,
926 2028 982 2076 et
1009 2021 1170 2075 multi
1197 2020 1381 2074 casuri
1401 2025 1534 2074 sunt
1551 2019 1610 2073 in
1627 2021 1892 2090 laqueum
1919 2021 2040 2074 dia-

447 2113 578 2167 boli.
605 2113 858 2182 Denique
881 2111 1067 2164 nullus
1095 2115 1351 2164 nostrum
1379 2109 1498 2162 vult
1524 2115 1778 2179 tempore
1808 2125 1908 2163 suo
1927 2110 2043 2163 haec

449 2201 757 2272 provenire,
783 2201 989 2254 timens
1013 2198 1339 2269 praedicatus
1368 2213 1403 2250 a
1429 2199 1703 2251 salvatore
1731 2213 2039 2276 pressuras.

449 2291 580 2344 Ideo
607 2289 751 2344 sicut
777 2287 938 2342 nobis
967 2293 1246 2357 optamus,
1277 2286 1634 2340 consulamus
1663 2292 1720 2339 et
1746 2285 1890 2352 aliis,
1923 2291 1984 2340 ut
2012 2303 2046 2340 a

447 2377 809 2448 generatione
822 2393 924 2430 nos
935 2375 1181 2428 filiorum
1194 2375 1499 2429 multorum
1513 2374 2046 2445 abstineamus,plus

449 2466 690 2521 orationi
722 2473 780 2519 et
805 2465 906 2520 Dei
936 2463 1190 2518 servituti
1222 2463 1476 2533 subjecti,
1508 2463 1876 2534 prrevidentes
1895 2463 2046 2516 diem

445 2555 662 2626 judicii,
717 2571 786 2607 ne
835 2560 892 2607 et
943 2570 1044 2606 nos
1091 2552 1267 2605 simus
1327 2551 1610 2622 imparati,
1662 2569 1763 2622 per
1805 2552 2046 2622 impedi-

453 2649 643 2698 menta
675 2641 1020 2696 necessitatis
1053 2640 1363 2710 praesentis,
1395 2646 1452 2693 et
1478 2639 1561 2693 illi
1591 2639 1878 2694 incurrant
1901 2641 2049 2710 quod

450 2746 553 2786 nos
597 2731 881 2784 timemus.
913 2731 962 2782 A
989 2729 1158 2782 licitis
1195 2745 1326 2798 ergo
1373 2728 1544 2782 etiam
1586 2734 1902 2798 temperare
1933 2729 2051 2782 vult

453 2821 664 2884 ﬁdeles,
689 2825 754 2872 ut
781 2835 894 2872 non
913 2817 1094 2871 solum
1125 2817 1470 2882 innocentes,
1505 2817 1604 2870 sed
1635 2823 1692 2869 et
1717 2817 1944 2886 gloriosi
1974 2817 2050 2870 vi-

452 2909 710 2972 deantur,
741 2923 1002 2960 concessa
1021 2905 1172 2959 enim
1203 2905 1488 2975 praeterire
1521 2905 1742 2958 virtutis
1772 2911 1858 2959 est
1878 2905 2048 2958 maxi—

453 3001 641 3058 memet
649 2995 930 3067 prohibita
951 3011 1062 3048 non
1082 2993 1400 3047 desiderare
1423 3011 1534 3047 non
1554 2995 1717 3063 longe
1738 3000 1839 3046 est.
1858 2994 2044 3062 (Aug)

453 3085 711 3140 Beatiora
730 3101 864 3138 sane
877 3082 1139 3152 conjugia
1151 3082 1456 3151 judicanda
1473 3087 1622 3146 sunt,
1643 3099 1766 3152 qua:
1786 3082 1898 3135 sive
1918 3083 2046 3135 [iliis

2124 1931 2304 2000 magis
2323 1938 2512 1986 autem
2535 1949 2726 1986 curam
2749 1933 2951 1986 animae
2981 1951 3096 1988 suae
3121 1939 3324 2002 gerant
3343 1949 3508 2003 quem
3539 1932 3724 1986 sciunt

2125 2027 2411 2075 aeternam.
2441 2023 2507 2076 Et
2536 2025 2635 2089 qui
2669 2027 2914 2076 utuntur
2944 2024 3041 2078 hoc
3065 2027 3277 2086 saecula,
3312 2028 3578 2090 tanquam
3610 2038 3722 2074 non

2126 2115 2384 2163 utantur.
2421 2111 2634 2180 (Greg.)
2665 2112 2726 2165 Id
2756 2116 2859 2172 est,
2891 2116 2957 2164 ut
3001 2127 3112 2165 non
3149 2115 3491 2182 praesumant
3517 2111 3586 2164 de
3615 2127 3722 2164 usu

2127 2195 2248 2260 hoc,
2275 2197 2372 2268 qui
2400 2199 2510 2252 cito
2540 2198 2745 2269 peribit
2771 2205 3065 2254 corruente
3089 2199 3328 2266 mundo;
3352 2199 3492 2252 emit
3510 2205 3722 2259 autem,

2128 2287 2224 2341 sed
2255 2288 2412 2356 quasi
2459 2305 2572 2342 non
2617 2289 2926 2359 possidens,
2960 2289 3055 2359 qui
3093 2295 3150 2342 et
3189 2289 3261 2342 ad
3296 2305 3462 2342 usum
3500 2295 3730 2342 terrena

2129 2383 2424 2447 przeparat,
2446 2385 2502 2430 et
2522 2381 2714 2431 tamen
2737 2383 2903 2432 cauta
2932 2377 3286 2447 cogitatione.
3299 2377 3564 2448 praevidet
3579 2377 3728 2448 quod

2129 2465 2244 2519 haec
2272 2465 2437 2519 citius
2465 2465 2778 2536 relinquat;
2813 2467 2978 2520 modo
3008 2483 3229 2538 quoque
3258 2467 3439 2520 utitur
3452 2466 3550 2520 sed
3566 2463 3727 2536 quasi

2129 2570 2239 2607 non
2269 2559 2480 2619 utatur,
2504 2555 2600 2624 qui
2615 2559 2669 2608 et
2689 2555 3005 2609 necessaria
3025 2561 3222 2608 cuncta
3245 2555 3487 2609 exterius
3507 2555 3579 2608 ad
3601 2555 3728 2608 vita:

2131 2659 2244 2697 sua:
2272 2642 2648 2696 ministerium
2679 2643 2902 2713 redigit,
2937 2649 2994 2698 et
3027 2650 3218 2698 tamen
3245 2644 3359 2698 haec
3387 2644 3581 2698 eadem
3614 2659 3726 2696 non

2131 2731 2267 2784 sinit
2292 2731 2468 2784 menti
2490 2749 2604 2786 suae
2619 2732 2918 2798 dominari,
2945 2739 3009 2786 ut
3028 2733 3280 2803 subjecta
3309 2732 3442 2786 foris
3460 2732 3727 2796 serviant,

2132 2825 2189 2873 ct
2225 2836 2515 2890 nunquam
2552 2820 2924 2874 intentionem
2971 2822 3148 2874 animi
3189 2821 3260 2875 ad
3302 2822 3418 2875 alta
3444 2821 3732 2874 tendentis

2129 2910 2408 2978 frangant.
2443 2909 2772 2980 Quicunque
2803 2910 2977 2980 igitur
3011 2911 3153 2964 tales
3187 2916 3320 2964 sunt
3361 2911 3442 2963 eis
3481 2910 3732 2980 profecto

2128 3003 2354 3051 terrena
2371 2997 2580 3063 omnia,
2599 3016 2710 3052 non
2733 2999 2803 3052 ad
2825 2999 3165 3054 desiderium
3179 3000 3278 3053 sed
3293 2999 3364 3053 ad
3383 3015 3550 3054 usum
3571 3004 3726 3052 sunt.

2129 3085 2237 3148 Qui
2266 3086 2432 3140 rebus
2463 3087 2689 3158 quidem
2717 3087 3046 3142 necessariis
3073 3094 3326 3155 utantur,
3351 3089 3447 3142 sed
3470 3087 3610 3142 nihil
3633 3088 3732 3141 ha-

453 3173 776 3244 procreatis,
801 3173 914 3226 sive
936 3172 1106 3224 etiam
1136 3171 1246 3224 ista
1273 3176 1499 3224 terrena
1527 3171 1680 3240 prole
1701 3175 2040 3240 contempta,
2064 3181 2106 3238 (3
2128 3175 2258 3228 bere
2289 3192 2416 3229 cum
2464 3182 2689 3246 peccato
2726 3177 2977 3247 cupiunt.
3013 3178 3094 3231 De
3134 3177 3268 3248 ipsis
3299 3193 3519 3246 quoque
3561 3176 3732 3230 rebus

451 3262 856 3316 continentiam
887 3261 1036 3314 inter
1065 3277 1124 3313 se
1157 3259 1281 3330 pari
1299 3276 1572 3313 consensu
1603 3276 1822 3312 servare
1853 3266 2044 3330 potue-

451 3350 566 3404 rint
589 3369 600 3416 ;
628 3351 760 3420 quia
785 3365 967 3420 neque
1005 3354 1200 3402 contra
1226 3347 1363 3400 illud
1404 3354 1742 3418 praeceptum
1769 3348 1860 3412 sit,
1896 3349 2044 3418 quod

452 3439 722 3492 Dominus
743 3438 950 3491 dimitti
973 3439 1267 3506 conjugem
1286 3443 1464 3489 vetat:
1485 3453 1596 3489 non
1617 3437 1767 3490 enim
1787 3437 2040 3501 dimittit,

451 3527 548 3596 qui
581 3544 710 3581 cum
746 3544 813 3580 ea
839 3543 951 3580 non
979 3525 1280 3579 carnaliter
1321 3525 1418 3578 sed
1447 3525 1778 3595 spiritaliter
1802 3525 1954 3592 vivit,
1991 3533 2047 3578 et

451 3615 589 3670 illud
628 3621 900 3680 servatur,
933 3615 1080 3684 quod
1121 3629 1221 3684 per
1255 3613 1588 3684 Apostolum
1619 3614 1824 3668 dicitur
1854 3632 1865 3666 :
1902 3615 2046 3669 Reli—

448 3721 621 3772 quum
637 3710 712 3759 est
729 3709 792 3757 ut
809 3706 910 3772 qui
928 3705 1126 3756 habent
1140 3719 1332 3755 umores
1365 3707 1632 3770 tanquam
1660 3719 1768 3756 non
1798 3704 2048 3756 habentes

448 3797 582 3848 sint.
601 3793 801 3861 (G-reg.)
829 3793 1022 3862 Itaque
1041 3790 1488 3844 Christianorum
1503 3791 1724 3845 animus
1746 3792 2048 3861 conjugum

451 3889 508 3936 et
535 3883 793 3936 inﬁrmus
814 3886 870 3934 et
907 3880 1106 3945 ﬁdelis,
1123 3879 1255 3950 quia
1292 3885 1350 3932 et
1377 3880 1540 3950 plene
1557 3885 1757 3934 cuncta
1769 3885 2048 3951 tempora-

450 3971 527 4025 lia
547 3971 830 4041 despicere
858 3986 970 4024 non
1001 3969 1165 4034 valet,
1192 3974 1249 4022 et
1275 3973 1466 4021 tamen
1495 3969 1720 4022 aeternis
1739 3987 1800 4022 se
1818 3969 2048 4038 conjun-

446 4076 582 4130 gere
621 4075 722 4128 per
764 4057 1107 4111 desiderium
1147 4057 1312 4122 valet,
1349 4057 1602 4127 quamvis
1646 4057 1704 4111 in
1746 4057 2043 4111 dilectione

448 4146 632 4200 carnis
671 4145 896 4198 interim
913 4145 1082 4213 jacet,
1102 4161 1358 4214 supernae
1386 4145 1504 4214 spei
1524 4145 1826 4198 refectione
1851 4161 2047 4198 conva—

449 4234 625 4299 lescit,
658 4238 715 4286 et
750 4233 797 4285 si
827 4231 998 4285 habet
1024 4248 1146 4302 quae
1177 4232 1370 4285 mundi
1403 4238 1534 4286 sunt
1571 4233 1629 4286 in
1669 4249 1772 4286 usu
1803 4233 2041 4299 itineris,

448 4327 638 4393 sperat
685 4337 806 4392 quae
847 4319 948 4374 Dei
991 4325 1126 4374 sunt
1177 4320 1236 4372 in
1274 4319 1459 4373 fructu
1504 4321 1898 4391 perventionis,
1942 4337 2045 4375 nec

2126 3263 2330 3318 habitis
2381 3265 2630 3334 quotidie
2675 3266 2958 3320 mercedes
2999 3266 3314 3337 acquirunt,
3347 3271 3405 3319 et
3432 3266 3557 3336 plus
3582 3281 3730 3334 gau-

2125 3353 2262 3406 dent
2289 3353 2436 3406 bono
2464 3371 2631 3424 opere
2661 3371 2830 3424 quam
2873 3355 3019 3408 bona
3060 3355 3426 3426 possessione.
3475 3353 3729 3408 Pra'terit

2127 3444 2275 3494 enim
2306 3444 2489 3508 ﬁgura
2520 3443 2687 3512 hujus
2724 3445 2926 3496 mundi
2965 3445 3165 3506 (Amb.)
3197 3443 3330 3514 quia
3367 3442 3517 3496 ﬁniri
3557 3459 3729 3497 mun-

2131 3529 2264 3584 dum
2294 3529 2434 3584 dixit
2469 3532 2714 3584 ostendit
2743 3534 2980 3601 figuram
3023 3533 3144 3602 ejus
3180 3532 3468 3602 praeterire
3495 3538 3552 3585 et
3578 3532 3732 3586 hunc

2132 3633 2253 3672 esse
2283 3620 2472 3686 ﬁnem,
2506 3619 2561 3672 id
2589 3625 2692 3684 est,
2718 3637 2832 3673 non
2855 3619 3228 3674 substantiam
3260 3622 3380 3691 ejus
3415 3621 3725 3690 praeterire,

2132 3707 2228 3760 sed
2238 3707 2496 3762 formam.
2514 3710 2575 3774 (Α
2583 3711 2698 3777 ug.)
2714 3709 2909 3778 Itaque
2925 3709 2971 3762 si
2989 3709 3170 3763 forma
3181 3709 3376 3764 mundi
3387 3708 3610 3780 peribit,
3626 3710 3730 3764 du-

2131 3794 2286 3849 bium
2299 3797 2496 3867 utique
2513 3813 2626 3850 non
2646 3803 2732 3851 est
2746 3798 2938 3852 omnia
2951 3815 3072 3868 quae
3093 3799 3152 3851 in
3177 3799 3387 3852 mundo
3401 3803 3533 3852 sunt
3547 3798 3728 3851 inter-

2133 3883 2232 3938 ire.
2248 3885 2379 3939 Idco
2392 3885 2643 3955 praeterit
2652 3886 2784 3957 quia
2798 3887 3046 3956 quotidie
3065 3887 3304 3940 senescit
3320 3887 3588 3952 mundus;
3605 3903 3732 3956 per-

2129 3979 2252 4026 acto
2281 3974 2486 4046 quippe
2513 3975 2725 4044 judicio
2754 3982 2891 4029 tunc
2919 3993 3039 4030 esse
3072 3975 3292 4029 desinet
3316 3976 3420 4029 hoc
3439 3976 3642 4030 ctrlum
3673 3984 3734 4030 et

2127 4059 2244 4115 haec
2270 4067 2440 4125 terra,
2485 4064 2708 4133 quando
2746 4063 2976 4134 incipiet
3013 4081 3132 4118 esse
3177 4064 3378 4118 caelum
3423 4081 3630 4118 nomm
3672 4074 3733 4120 et

2127 4154 2282 4203 terra
2294 4167 2454 4204 nova.
2470 4151 2781 4206 Mutatione
2797 4169 3040 4222 namque
3061 4170 3251 4206 rerum
3267 4169 3380 4206 non
3401 4152 3730 4208 omnimodo

2126 4236 2358 4292 interitu
2405 4239 2668 4294 transibit
2720 4239 2812 4294 hic
2869 4242 3130 4296 mundus.
3184 4243 3342 4297 Unde
3397 4246 3454 4295 et
3496 4247 3728 4312 aposto-

2127 4325 2214 4379 lus
2240 4327 2406 4380 dicit:
2432 4330 2685 4382 Przterit
2705 4333 2855 4383 enim
2875 4332 3058 4397 ﬁgura
3080 4332 3248 4399 hujus
3267 4333 3483 4395 mundi,
3498 4334 3615 4384 voto
3635 4347 3729 4385 vos

446 4417 629 4466 totum
657 4427 716 4464 se
743 4409 812 4463 ad
841 4408 964 4476 hoc,
985 4408 1134 4478 quod
1163 4407 1281 4478 agit
1307 4408 1574 4475 conferat,
1601 4426 1671 4463 ne
1700 4409 1770 4462 ab
1799 4427 1864 4464 eo
1895 4409 2042 4480 quod
2062 4487 2094 4490 ξ
2125 4417 2244 4468 sine
2298 4419 2672 4471 sollicitudine
2709 4435 2832 4471 esse.
2869 4419 3076 4488 Figura
3123 4436 3255 4489 ergo
3301 4418 3567 4490 praeterit,
3607 4435 3728 4472 non

450 4500 677 4555 robuste
713 4514 938 4570 sperare
979 4496 1191 4563 debuit,
1223 4497 1478 4550 funditus
1506 4498 1687 4552 cadat.
1719 4499 1880 4563 Quod
1906 4487 2329 4558 beneDnatura
2353 4523 2364 4556 :
2383 4505 2648 4574 judicatis
2679 4506 2883 4577 quippe
2913 4487 3000 4560 his
3030 4508 3124 4578 qui
3154 4487 3346 4578 scripti
3373 4524 3486 4562 non
3513 4514 3649 4561 sunt
3665 4507 3728 4562 in

445 4608 510 4644 ac
537 4590 783 4643 breviter
797 4588 1002 4642 Paulus
1019 4585 1281 4657 exprimit
1303 4586 1524 4640 dicens:
1554 4588 1659 4654 Qui
1685 4589 1882 4641 habent
1913 4603 2043 4641 uro-
2125 4592 2267 4646 libro
2291 4594 2420 4647 vita:
2452 4600 2508 4648 et
2541 4594 2600 4648 in
2629 4601 2901 4648 aeternum
2930 4595 3119 4665 ignem
3145 4596 3352 4661 missis,
3375 4602 3510 4650 tunc
3539 4597 3729 4666 ﬁgura

446 4695 530 4730 res
558 4683 824 4745 tanquam
856 4693 966 4730 non
985 4677 1239 4729 habentes
1264 4679 1394 4740 sint,
1421 4681 1472 4730 et
1499 4680 1598 4745 qui
1615 4681 1746 4746 ﬂent
1773 4682 2042 4745 tanquam
2124 4681 2293 4751 hujus
2327 4682 2524 4736 mundi
2567 4683 2982 4738 mundanorum
3037 4683 3253 4753 ignium
3281 4685 3727 4754 conﬂagratione

445 4781 557 4818 uou
576 4769 778 4834 ﬂentes,
813 4769 863 4817 et
889 4767 988 4831 qui
1017 4767 1256 4830 gaudent
1291 4770 1560 4832 tanquam
1593 4783 1702 4820 non
1721 4767 2037 4834 gaudentes.

447 4854 686 4907 Uxorem
716 4851 921 4922 quippe
959 4852 1118 4920 quasi
1157 4853 1414 4907 habendo
1459 4871 1570 4908 non
1617 4854 1803 4918 habet,
1837 4854 1932 4924 qui
1963 4855 2041 4908 sic

448 4959 548 5013 per
594 4941 750 4994 illam
796 4938 1006 4992 carnali
1055 4940 1431 4995 consolatione
1485 4943 1682 5010 utitur,
1733 4949 1796 4997 ut
1849 4949 2041 4997 tamen

443 5046 732 5101 nunquam
761 5029 832 5082 ad
861 5044 1032 5098 prava
1061 5043 1232 5098 opera
1259 5046 1294 5082 a
1322 5031 1570 5085 melioris
1602 5032 1928 5087 intentionis
1956 5049 2040 5085 re-

444 5119 718 5174 ctitudine
768 5119 890 5186 ejus
929 5132 1119 5168 amore
1157 5116 1434 5172 ﬂectatur.
1467 5120 1707 5174 Uxorem
1739 5121 1896 5192 quasi
1926 5138 2040 5175 non

447 5207 702 5262 habendo
732 5205 918 5270 habet,
951 5203 1044 5274 qui
1076 5205 1404 5260 transitoria
1441 5224 1562 5262 esse
1591 5216 1790 5264 cuncta
1817 5211 2038 5280 conspi-

444 5297 598 5350 ciens
619 5311 810 5350 curam
838 5292 1022 5350 carnis
1037 5308 1103 5347 ex
1129 5294 1460 5349 necessitate
1478 5297 1698 5363 tolerat,
1713 5297 1809 5352 sed
1829 5304 2040 5354 interna

442 5384 650 5456 gaudia
685 5383 926 5454 Spiritus
963 5399 1029 5436 ex
1071 5381 1348 5437 desiderio
1370 5391 1668 5455 exspectat,
1703 5403 1815 5442 non
1853 5388 2038 5442 ﬂendo

443 5479 635 5528 autem
666 5473 800 5526 ﬂere
831 5476 934 5537 est,
962 5471 1040 5526 sic
1068 5471 1346 5526 exteriora
1383 5472 1616 5526 adversa
1660 5475 1944 5546 plangere,
1973 5482 2040 5532 ut

444 5568 635 5614 tamen
662 5559 880 5614 noverit
906 5564 1126 5613 aeternae
1155 5560 1272 5630 spei
1300 5561 1680 5616 consolatione
1694 5565 1958 5633 gaudere,
1980 5573 2038 5620 et

447 5666 670 5704 rursum
706 5664 816 5704 non
855 5647 1150 5719 gaudendo
1186 5649 1431 5718 gaudere
1471 5656 1572 5709 est,
1611 5651 1690 5706 sic
1727 5653 1796 5706 de
1823 5653 2032 5708 inﬁmis

2124 4770 2448 4840 praeteribit,
2481 4770 2625 4825 sicut
2651 4772 2858 4825 factum
2887 4777 2972 4826 est
2997 4773 3413 4828 mundanarum
3441 4789 3729 4843 aquarum

2123 4858 2490 4912 inundatione
2511 4860 2802 4914 diluvium.
2828 4861 2930 4915 Illa
2950 4861 3160 4932 itaque,
3177 4868 3242 4915 ut
3260 4862 3394 4926 dixi,
3411 4863 3728 4932 conﬂagra-

2123 4947 2275 5002 tione
2296 4948 2582 5002 mundana
2602 4950 3008 5004 elementorum
3025 4950 3474 5021 corruptibilium
3485 4949 3720 5021 qualita-

2124 5040 2210 5090 tes
2239 5054 2361 5107 quaa
2391 5037 2714 5107 corporibus
2753 5039 2959 5092 nostris
2979 5038 3432 5110 corruptibilibus
3453 5054 3728 5108 congrue—

2122 5124 2278 5188 bant,
2293 5126 2540 5180 ardendo
2552 5127 2774 5197 penitus
2790 5126 3103 5181 interibunt
3117 5146 3128 5186 :
3151 5135 3320 5199 atque
3335 5129 3455 5198 ipsa
3467 5127 3732 5182 substan-

2121 5213 2205 5268 tia
2222 5231 2316 5268 eas
2337 5213 2636 5285 qualitates
2653 5213 3027 5286 habebit,qute
3049 5216 3372 5287 corporibus
3391 5216 3734 5270 immortali-

2121 5301 2226 5357 bus
2247 5303 2489 5357 mirabili
2521 5303 2831 5358 mutatione
2864 5305 3214 5359 conveniant.
3240 5306 3314 5360 Ut
3333 5305 3545 5360 scilicet
3563 5321 3734 5360 mun-

2122 5390 2225 5445 dus
2241 5391 2299 5446 in
2314 5391 2516 5446 melius
2531 5391 2828 5447 innovatus
2844 5399 2974 5464 apte
2997 5395 3467 5457 accommodetur,
3483 5393 3733 5448 homini-

2121 5478 2224 5533 bus
2263 5479 2435 5535 etiam
2464 5480 2719 5534 carnein
2756 5481 2959 5536 melius
2991 5482 3286 5536 innovatis.
3335 5484 3448 5536 Volo
3485 5499 3574 5535 vos
3601 5485 3733 5538 sine

2118 5570 2492 5623 sollicitudine
2521 5586 2644 5622 esse.
2673 5569 2911 5638 (Ambr.)
2945 5571 3238 5624 Diminuta
3269 5571 3420 5625 enim
3449 5568 3728 5624 sollicitu-

2119 5655 2248 5710 dine
2279 5657 2484 5722 seeculi,
2519 5657 2576 5710 in
2609 5657 2710 5712 Dei
2743 5657 2908 5713 rebus
2934 5659 3268 5730 propensius
3296 5658 3578 5730 vigilatur.
3616 5658 3733 5724 Qui
