3974 6188
324 294 375 346 73
770 287 1343 345 ENARRATIONUM
1383 289 1460 342 IN
1498 290 1650 343 EPP.
1694 290 1907 345 PAULI
1954 291 2088 345 LIB.
2132 291 2197 344 X.
2231 321 2293 331 —
2326 288 2402 343 IN
2442 290 2661 344 EPIST.
2707 288 2731 347 Ι
2768 292 2864 347 ΑΙ)
2903 296 3064 348 00R.
3483 290 3547 351 74

320 418 414 467 sine
435 428 596 469 um
634 418 730 474 est,
775 417 972 478 cegitat
1013 427 1130 478 qua:
1156 414 1386 465 Domini
1424 418 1570 471 sunt.
1618 416 1880 481 quomodo
1894 419 1943 475 A
1958 415 2247 469 licitudine
2270 421 2623 486 occupantes,
2642 416 2830 486 pigros
2850 435 2909 471 se
2930 419 3000 471 ad
3022 419 3123 473 Dei
3144 436 3315 490 opera
3333 423 3550 491 agenda
3633 464 3640 475 .

316 505 489 570 placeat
506 501 631 553 Deo.
660 500 955 563 Quomodo
976 499 1096 552 sine
1113 499 1488 554 sollicitudine
1505 501 1681 555 simus
1696 509 1879 556 Osten-

315 591 395 654 dit,
423 589 602 642 dicens
639 606 650 639 :
690 588 799 653 Qui
824 592 940 640 sine
966 604 1132 639 urere
1158 594 1249 651 est,
1282 591 1478 657 cogitat
1506 607 1624 657 qua:
1655 593 1879 644 Domini

313 680 767 747 sunt.An1putata
794 677 946 729 enim
972 676 1345 729 sollicitudine
1377 678 1454 730 rei
1496 680 1719 744 uxorize,
1754 697 1874 749 quae

311 768 407 821 sola
429 766 479 819 in
506 766 724 818 mundo
753 766 967 818 caeteris
984 765 1208 833 gravior
1227 772 1329 829 est,
1356 767 1425 819 ad
1456 768 1634 820 Deum
1660 786 1877 839 prome-

312 857 511 909 rendum
538 855 774 907 animus
802 854 1075 913 eruditur,
1108 853 1154 906 si
1184 860 1375 908 tamen
1405 856 1509 909 hac
1535 874 1632 927 spe
1653 858 1875 911 animus

310 946 380 998 his
412 944 677 996 molestiis
706 960 768 996 se
802 949 986 1007 exuat,
1034 948 1098 995 ut
1132 944 1249 996 Deo
1296 945 1475 1013 magis
1510 945 1731 999 serviat.
1771 947 1876 1011 Qui

307 1039 461 1086 autem
489 1050 613 1085 cum.
644 1048 819 1086 urere
837 1037 929 1093 est,
959 1034 1227 1085 sollicitus
1256 1038 1329 1085 est
1349 1049 1468 1100 quae
1498 1041 1631 1087 sunt
1652 1037 1868 1099 mundi,

303 1123 530 1190 quomodo
556 1124 779 1188 placeat
804 1124 985 1174 uxori.
1004 1122 1152 1173 Cura
1171 1121 1323 1174 enim
1346 1123 1533 1175 uxoris
1554 1129 1611 1176 et
1630 1124 1874 1177 ﬁliorum

304 1209 531 1279 cogitatio
545 1210 749 1262 mundi
769 1215 875 1269 est,
892 1226 1024 1262 nam
1040 1209 1189 1262 inter
1203 1215 1406 1263 caetera
1418 1212 1602 1265 solent
1615 1213 1873 1282 aliquan-

302 1299 361 1352 do
383 1315 462 1351 res
486 1298 807 1367 puniendas
836 1297 1151 1360 admittere,
1174 1314 1244 1351 ne
1268 1298 1392 1352 illas
1414 1300 1701 1353 olfendant
1732 1301 1877 1355 sicut

301 1386 446 1439 refert
477 1386 785 1439 Zorobabel
828 1403 976 1440 unus
1020 1385 1088 1440 de
1140 1386 1320 1440 tribus
1365 1388 1720 1443 cubiculariis
1766 1392 1873 1442 Ar-

302 1475 509 1529 taxerxis
535 1475 687 1545 regis
705 1478 822 1541 (Ill
844 1476 1004 1528 Esdr.
1038 1476 1130 1542 In).
1150 1476 1357 1546 Magna
1378 1477 1527 1530 enim
1556 1478 1874 1533 amaritudo

299 1565 443 1617 estin
469 1564 633 1617 domo
660 1581 807 1617 uxor
831 1564 1029 1618 tristis.
1064 1566 1249 1617 Divisa
1279 1571 1354 1618 est
1383 1570 1589 1619 mulier
1617 1573 1665 1619 et
1694 1570 1867 1634 virgo.

299 1653 458 1705 Divisa
475 1670 584 1706 non
604 1653 812 1722 utique
828 1659 1050 1717 natura,
1082 1654 1180 1705 sed
1211 1659 1358 1706 actu.
1381 1655 1526 1717 Quia
1546 1655 1785 1725 legimus
1813 1656 1871 1708 in

1962 504 2229 569 fecerunt,
2262 504 2407 558 sicut
2431 504 2567 558 dicit
2592 505 2864 559 Jeremias
2892 508 3165 578 propheta
3194 526 3205 560 :
3231 510 3550 564 Maledictus

1960 597 2059 663 qui
2085 609 2244 660 opera
2264 595 2359 646 Dei
2371 597 2487 659 agit
2504 597 2837 661 negligenter
2866 597 2996 659 (.Ier.
3020 599 3205 666 XLvm)
3227 616 3239 663 ;
3260 598 3317 650 hi
3332 603 3466 652 sunt
3479 599 3549 652 de

1960 681 2161 751 quibus
2181 681 2239 734 in
2274 682 2385 734 alia
2410 682 2659 756 Epistola
2693 683 2859 736 dicit:
2888 685 3151 739 [labentes
3179 689 3404 754 speciem
3429 690 3549 756 qui-

1958 772 2079 823 dem
2131 774 2393 833 veritatis,
2427 773 2690 824 virtutem
2721 776 2904 824 autem
2936 776 3053 840 ejus
3082 775 3409 841 abnegantes
3440 777 3552 842 (ΙΙΙ

1967 860 2103 911 Tim.
2137 866 2232 926 Ill).
2268 860 2567 929 Apostolus
2612 864 2801 912 autem
2854 860 2941 913 his
2984 862 3234 930 loquitur
3264 863 3361 933 qui
3404 863 3552 917 mira
3609 929 3611 932 Q

1959 948 2249 1001 devotione
2280 947 2511 1018 obsequi
2542 948 2865 1001 desiderant
2892 949 3207 1003 cmlestibus
3237 952 3546 1021 praeceptis,

1959 1036 2257 1089 ostendens
2297 1044 2353 1089 et
2393 1037 2596 1089 docens
2642 1053 2750 1106 quo
2788 1037 3118 1107 compendio
3147 1038 3312 1092 citius
3339 1039 3455 1093 itur
3479 1040 3552 1093 ad

1958 1126 2157 1189 Deum,
2192 1125 2323 1195 quia
2354 1124 2448 1195 qui
2481 1130 2709 1195 propter
2738 1125 2917 1178 Deum
2946 1127 3379 1195 promerendum
3396 1127 3552 1197 virgo

1957 1230 2186 1266 manere
2210 1214 2345 1279 vult,
2360 1213 2540 1267 sciens
2569 1214 2733 1284 quale
2755 1214 3047 1283 praamium
3073 1214 3249 1285 possit
3278 1215 3548 1286 accipere,

1959 1302 2055 1373 qui
2084 1319 2118 1355 a
2145 1303 2296 1356 licito
2324 1308 2731 1372 temperantur,
2752 1307 2816 1355 ut
2832 1302 3032 1356 melior
3046 1304 3162 1368 ﬁat,
3179 1303 3348 1357 simul
3362 1303 3552 1358 omnia

1957 1390 2363 1461 impedimenta
2388 1391 2572 1444 carnis
2600 1390 2833 1460 spernit,
2864 1407 2979 1444 non
3013 1392 3232 1445 nescius
3262 1392 3378 1445 haec
3406 1408 3549 1458 esse,

1958 1496 2079 1549 quae
2114 1496 2370 1547 gressum
2413 1478 2690 1532 currentis
2729 1479 2878 1533 velut
2918 1478 3180 1533 oneribus
3219 1481 3552 1550 compedum

1956 1568 2229 1620 detinent.
2259 1567 2613 1620 Admonendi
2643 1572 2775 1620 sunt
2805 1567 2899 1637 qui
2936 1567 3095 1637 ligati
3131 1568 3407 1637 conjugiis
3437 1584 3551 1622 non

1955 1661 2105 1719 sunt,
2146 1661 2207 1709 ut
2253 1655 2542 1725 praeceptis
2571 1654 2888 1707 ccelestibus
2930 1672 2995 1707 eo
3038 1656 3244 1709 rectius
3283 1655 3548 1721 serviant,

296 1742 545 1806 Numeris,
562 1742 842 1795 mulieres
863 1741 1105 1809 virgines
1132 1742 1440 1811 appellatas
1472 1741 1663 1811 (Nam.
1697 1746 1869 1807 xxxx).
1890 1729 1937 1788 Β
1957 1761 2067 1813 quo
2099 1761 2192 1796 eos
2223 1745 2293 1797 ad
2323 1760 2483 1797 curas
2512 1743 2708 1796 mundi
2738 1759 3093 1813 nequaquam
3118 1744 3321 1813 jugum
3340 1745 3551 1815 copulae

296 1830 401 1882 Alia
412 1846 535 1899 ergo
549 1829 882 1883 sollicitudo
895 1830 1287 1894 mulieris,alia
1301 1830 1533 1900 virginis
1549 1838 1660 1897 est;
1682 1838 1873 1885 tamen

292 1935 401 1970 cum
440 1918 640 1971 dicitur
684 1918 915 1981 mulier,
960 1918 1236 1972 incertum
1276 1924 1361 1971 est
1398 1920 1533 1988 quid
1573 1920 1871 1988 signiﬁcet,

291 2006 724 2074 nisisigniﬁcatio
736 2006 1116 2076 subsequatur
1143 2025 1153 2058 :
1191 2024 1320 2060 cum
1334 2014 1524 2060 autem
1546 2007 1751 2062 dicitur
1766 2008 1873 2062 vir-

278 2095 650 2161 go,manifesta
666 2096 885 2148 locutio
907 2102 1009 2149 est.
1034 2095 1177 2148 Hinc
1204 2096 1507 2165 Apostolus
1525 2103 1651 2166 post
1668 2098 1870 2151 mulie-

280 2184 677 2253 rem.virginem
694 2184 908 2254 posuit,
928 2191 993 2237 ut
1030 2184 1344 2249 mulierem,
1366 2200 1479 2236 non
1502 2184 1776 2254 virginem
1792 2186 1883 2239 si-'

274 2271 569 2339 gniﬁcaret:
588 2289 702 2342 per
720 2273 830 2325 hoc
846 2272 998 2325 enim
1012 2271 1186 2325 voluit
1204 2272 1498 2325 ostendere
1514 2272 1788 2342 virginem
1807 2274 1868 2327 li-

279 2359 449 2413 beram
464 2361 698 2415 atzediis
723 2366 783 2414 et
805 2356 1106 2425 laboribus,
1125 2378 1264 2430 quos
1286 2361 1502 2431 patitur
1529 2362 1732 2415 mulier
1750 2363 1867 2415 viro

276 2450 530 2519 capulata.
562 2452 696 2517 Quae
735 2455 925 2502 autem
957 2466 1067 2502 non
1100 2455 1177 2502 est
1206 2455 1402 2518 nupta,
1431 2453 1670 2503 sollicita
1700 2456 1774 2504 est
1804 2452 1868 2503 de

274 2538 349 2589 his
393 2554 507 2605 qua?
558 2540 801 2592 Domini
846 2544 1000 2602 sunt,
1040 2544 1099 2591 ut
1143 2542 1216 2591 sit
1261 2544 1454 2591 sancta
1484 2544 1531 2591 et
1561 2554 1781 2606 corpore
1823 2545 1871 2592 et

272 2628 476 2693 spiritu.
504 2628 653 2680 Dum
687 2627 846 2680 enim
868 2644 965 2696 spe
995 2627 1306 2680 caelestium
1330 2626 1520 2679 mariti
1544 2631 1601 2679 et
1625 2627 1869 2681 filiorum

267 2715 694 2769 sollicitudinem
728 2732 843 2768 non
866 2715 1117 2784 suscipit,
1138 2715 1206 2768 de
1224 2716 1463 2769 Domino
1481 2715 1708 2784 cogitat,
1728 2733 1866 2786 quo-

268 2802 402 2854 niam
424 2805 787 2873 propositum
813 2804 930 2857 Deo
962 2803 1225 2857 devotum
1255 2804 1537 2857 custodiat
1560 2822 1570 2856 :
1597 2804 1643 2857 si
1676 2810 1867 2858 tamen

263 2891 311 2943 in
338 2908 565 2962 corpore
587 2893 810 2947 mundo
834 2893 1057 2946 animus
1079 2899 1307 2946 terrena
1334 2892 1604 2961 abjiciens
1624 2894 1864 2946 coelesti-

260 2977 351 3031 bus
377 2981 627 3034 studeat.
661 2980 905 3034 Animus
947 2986 1033 3033 est
1062 2981 1231 3045 enim,
1274 2981 1370 3050 qui
1402 2987 1500 3035 aut
1525 2982 1858 3045 sanctiﬁcat,

1955 1833 2196 1886 carnalis
2238 1832 2471 1885 inclinat
2516 1838 2579 1885 ut
2629 1848 2767 1901 quos
2810 1848 2952 1885 onus
2987 1832 3125 1884 liciti
3155 1832 3403 1902 conjugii
3438 1849 3551 1886 non

1953 1928 2167 1990 gravat,
2200 1938 2555 1990 nequaquam
2575 1921 2793 1990 pondus
2813 1920 3072 1973 illicitum
3092 1926 3330 1974 terrenae
3352 1920 3553 1975 sollici-

1955 2010 2167 2063 tudinis
2197 2014 2417 2079 premat
2450 2028 2460 2061 :
2497 2009 2595 2061 sed
2624 2015 2781 2062 tanto
2811 2025 2906 2061 eos
2934 2009 3245 2079 paratiores
3275 2009 3395 2063 dies
3423 2010 3552 2063 ulti-

1954 2115 2098 2161 mus,
2133 2104 2343 2169 quanto
2370 2098 2742 2169 expeditiores
2772 2097 3039 2163 inveniat,
3074 2114 3145 2151 ne
3176 2114 3286 2168 quo
3316 2098 3551 2153 meliora

1953 2204 2119 2257 agere
2162 2192 2420 2239 vacantes
2468 2194 2720 2256 possunt,
2762 2186 2859 2239 sed
2900 2194 3091 2239 tamen
3139 2186 3450 2256 negligant,
3484 2204 3550 2241 eo

1952 2275 2225 2345 supplicia
2239 2276 2520 2328 deteriora
2536 2279 2880 2327 mereantur.
2898 2274 3146 2327 Audiant
3154 2275 3302 2344 quod
3320 2275 3551 2344 Aposto-

1952 2364 2057 2429 lus,
2091 2380 2217 2417 cum
2249 2357 2519 2434 quosdam
2552 2363 2621 2415 ad
2653 2361 2942 2415 caelibatus
2957 2362 3201 2431 gratiam
3221 2362 3544 2428 instrueret,

1952 2468 2064 2505 non
2093 2452 2415 2522 conjugium
2445 2451 2670 2521 sprevit,
2702 2451 2800 2503 sed
2839 2466 3001 2503 curas
3032 2450 3225 2503 mundi
3256 2456 3549 2504 nascentes

1955 2558 2018 2593 ex
2049 2540 2309 2610 conjugio
2355 2540 2581 2609 repulit,
2616 2539 2806 2592 dicens
2836 2557 2847 2589 :
2884 2540 2990 2592 [Ioc
3017 2541 3091 2593 ad
3117 2542 3419 2592 utilitatem
3460 2556 3547 2593 ve-

1953 2634 2128 2681 stram
2148 2630 2285 2693 (lico,
2308 2644 2419 2681 non
2443 2633 2503 2680 ut
2523 2632 2777 2695 laqueum
2812 2628 2956 2703 vobis
2972 2629 3247 2694 injiciam,
3282 2629 3373 2680 sed
3397 2630 3471 2681 ad
3491 2630 3550 2682 id

1952 2719 2095 2785 quod
2127 2718 2413 2769 honestum
2447 2722 2523 2769 est
2546 2732 2794 2784 provoco,
2816 2720 2862 2769 et
2888 2717 3032 2783 quod
3064 2717 3387 2782 facultatem
3401 2732 3546 2785 pra:-

1951 2805 2067 2858 beat
2089 2808 2207 2857 sine
2222 2808 2295 2856 im
2299 2805 2608 2872 pedimenlo
2626 2806 2928 2857 Dominum
2950 2804 3270 2857 obsecrandi
3291 2823 3307 2857 :
3333 2821 3398 2856 ex
3414 2821 3545 2857 con-

1943 2894 2120 2963 jugiis
2150 2894 2355 2964 quippe
2382 2898 2618 2945 terrenae
2648 2892 3050 2945 sollicitudines
3072 2892 3370 2961 prodeunt,
3393 2899 3449 2946 et
3468 2893 3548 2946 id-

1948 2983 2093 3035 circo
2138 2982 2407 3050 Magister
2433 2980 2688 3051 gentium
2719 2980 3004 3033 auditores
3052 2997 3183 3034 suos
3210 2981 3281 3034 ad
3313 2981 3549 3035 meliora

254 3073 344 3120 aut
368 3069 573 3139 polluit
603 3086 834 3139 corpus.
869 3069 1014 3132 Quid
1036 3070 1187 3122 enim
1216 3043 1451 3139 prodest
1475 3087 1676 3140 corpus
1703 3043 1864 3124 muns
1884 3043 1929 3101 Ο
1948 3043 2261 3139 persuasit:
2278 3087 2347 3122 ne
2368 3043 2742 3123 sollicitudine
2761 3074 2987 3121 terrena
3016 3068 3347 3137 ligarentur.
3367 3070 3546 3132 Quem

253 3156 377 3208 dum
389 3157 695 3222 habere,et
705 3157 958 3210 animam
975 3158 1405 3227 pollutam,cum
1419 3158 1620 3211 merito
1638 3159 1859 3225 animae,

249 3252 339 3299 aut
396 3246 725 3300 honoratur
766 3262 969 3316 corpus
1018 3252 1117 3300 aut
1170 3246 1519 3299 damnatur?
1562 3247 1707 3299 Nam
1746 3264 1864 3315 qua

252 3340 413 3401 nupta
441 3342 518 3388 est
568 3338 779 3402 cogitat
810 3351 929 3402 quae
962 3340 1092 3387 sunt
1133 3334 1300 3401 hujus
1332 3336 1554 3399 mundi,
1599 3337 1862 3401 quomodo

244 3424 445 3489 placeat
478 3428 631 3477 viro.
661 3424 808 3492 Lege
838 3423 989 3475 enim
1020 3422 1265 3475 maritali
1295 3423 1597 3476 constricta
1625 3423 1863 3477 sollicita

247 3521 325 3563 est
351 3512 654 3580 quomodo
695 3512 929 3581 impleat
961 3512 1056 3579 jus
1103 3511 1377 3564 maritalis
1420 3511 1606 3576 ofﬁcii,
1640 3511 1865 3565 subdita

242 3600 540 3654 mundanis
556 3599 999 3653 necessitatibus
1018 3617 1029 3651 :
1048 3600 1155 3653 [Ioc
1181 3605 1367 3652 autem
1387 3601 1461 3652 ad
1490 3606 1727 3654 vestram
1753 3604 1863 3655 uti-

244 3690 447 3742 litatem
469 3691 626 3755 dico,
652 3705 763 3741 non
782 3694 843 3740 ut
859 3692 1117 3755 laqueum
1132 3688 1277 3740 vobis
1295 3690 1572 3755 injiciam.
1590 3689 1694 3743 Sed
1712 3691 1785 3742 ad
1804 3692 1863 3743 id

241 3778 377 3842 quod
404 3778 717 3831 honestum
748 3782 823 3829 est
840 3792 1082 3843 provoco,
1121 3781 1170 3827 et
1197 3776 1341 3843 quod
1369 3777 1689 3841 facultatem
1714 3793 1859 3845 pra-

240 3866 348 3917 beat
363 3869 488 3918 sine
503 3866 911 3933 impedimento
922 3866 1053 3917 Dom
1063 3866 1223 3916 inum
1235 3865 1860 3926 obsecrandi.Quoniam

243 3951 581 4018 quibusdam
635 3968 904 4022 asperum
944 3958 1001 4005 et
1038 3968 1206 4021 grave
1236 3951 1455 4004 videtur
1486 3953 1634 4022 quod
1665 3953 1860 4007 utilius

238 4050 329 4093 aut
356 4043 576 4096 melius
612 4047 708 4094 est
751 4047 978 4111 propter
1024 4040 1486 4094 consuetudinem
1530 4041 1858 4111 temporalis

240 4144 363 4183 usus
399 4149 411 4182 :
448 4131 592 4185 ideo
640 4134 775 4200 post
822 4129 1095 4182 rationem
1146 4129 1427 4182 redditam
1465 4129 1725 4183 hortatur
1772 4129 1856 4182 af-

230 4220 368 4273 fectu
417 4219 741 4274 charitatis
800 4216 1130 4287 simpliciter
1182 4218 1287 4269 hoc
1336 4218 1550 4283 utilius,
1604 4219 1706 4271 hoc
1762 4219 1858 4271 ho-

232 4310 443 4362 nestius
472 4327 613 4362 esse
648 4306 805 4377 quod
836 4305 989 4369 dicit,
1010 4305 1309 4359 honestum
1331 4311 1416 4358 est
1444 4306 1576 4375 quia
1596 4312 1853 4360 sanctum

225 4402 323 4459 est,
357 4406 419 4449 et
462 4396 801 4459 mundum;
845 4395 981 4447 utile
1011 4411 1139 4448 vero
1176 4394 1308 4463 quia
1337 4394 1731 4463 dignissimum
1772 4400 1859 4448 est

227 4485 371 4551 apud
400 4485 625 4549 Deum,
663 4490 726 4535 et
753 4484 871 4535 leve
902 4484 958 4535 in
988 4484 1207 4536 saeculo.
1241 4482 1386 4545 Quid
1416 4499 1547 4551 ergo
1577 4483 1856 4537 dicimus?

222 4571 277 4625 Si
323 4572 591 4643 virgines
645 4571 719 4624 de
779 4572 894 4624 Deo
935 4571 1202 4639 cogitant,
1254 4574 1310 4622 et
1353 4570 1561 4638 junctae
1609 4571 1740 4624 viris
1787 4571 1856 4625 de

224 4662 454 4719 mundo.
471 4678 616 4732 quae
628 4676 762 4729 spes
775 4659 1113 4729 relinquitur
1128 4658 1465 4712 nubentibus
1478 4660 1626 4729 apud
1638 4660 1754 4713 Deu
1763 4676 1817 4712 m
1831 4660 1855 4712 '?

219 4750 273 4803 Si
304 4750 469 4805 enim
499 4751 601 4804 ita
632 4754 743 4813 est,
767 4747 1001 4801 dubium
1033 4753 1120 4801 est
1147 4747 1216 4800 de
1246 4748 1426 4801 salute
1456 4765 1671 4802 eorum.
1707 4750 1852 4802 Nam

218 4839 479 4893 videmus
516 4836 789 4907 virgines
814 4837 883 4889 de
911 4836 1111 4890 saeculo
1134 4836 1380 4905 cogitare
1407 4844 1463 4889 et
1493 4837 1852 4890 matrimonio

208 4928 442 4995 junctas
475 4925 813 4982 Dominicis
834 4925 1062 4978 studere
1089 4924 1351 4994 operibus
1385 4942 1395 4976 :
1431 4925 1518 4978 his
1544 4925 1851 4994 virginibus

214 5034 321 5071 non
352 5015 771 5088 imputabitur
796 5013 1229 5067 sanctimonium
1250 5029 1285 5066 a
1304 5013 1439 5075 Deo,
1459 5018 1515 5066 et
1535 5013 1621 5066 his
1652 5013 1850 5067 matri-

212 5107 422 5160 moniis
455 5106 590 5160 erit
620 5119 841 5157 merces
870 5103 1018 5173 apud
1039 5103 1219 5157 Deum
1254 5120 1264 5153 ε
1302 5102 1435 5172 quia
1464 5118 1591 5155 cum
1622 5101 1852 5172 obligati

209 5204 401 5250 essent
445 5192 727 5249 terrenis
772 5190 1026 5253 nexibus,
1068 5206 1298 5261 operam
1337 5190 1632 5255 dederunt,
1675 5195 1739 5243 ut
1794 5190 1852 5244 in

207 5283 478 5339 futurum
543 5280 780 5351 aliquid
826 5278 1163 5332 immortalis
1216 5278 1431 5348 praemii
1477 5284 1848 5332 mererentur.

206 5374 319 5427 Illis
336 5380 568 5427 autem
592 5384 717 5423 non
728 5368 911 5447 solum
926 5384 1040 5421 non
1055 5366 1427 5437 imputabitur
1438 5366 1853 5436 virginitas,sed

210 5468 261 5514 et
275 5479 473 5533 poenae
492 5456 912 5527 subjicientur,
942 5456 1038 5527 qui
1060 5454 1163 5509 sub
1190 5455 1439 5525 tegmine
1468 5455 1716 5510 melioris
1734 5457 1853 5527 spei

210 5550 377 5606 vitam
413 5558 485 5605 et
515 5545 1027 5603 conversationem
1045 5561 1209 5599 suam
1232 5544 1505 5599 mundiali
1520 5559 1655 5599 cura
1667 5550 1727 5599 et
1741 5545 1851 5598 sol-

460 5651 770 5709 ΡΑτιιοι.
803 5644 959 5706 CXII

1946 3159 2119 3228 igitur
2145 3157 2399 3211 ccelibem
2427 3173 2690 3215 curarum
2705 3156 3055 3210 saecularium
3077 3156 3545 3227 impedimentum

1946 3247 2252 3317 prwpedit;
2298 3253 2355 3299 et
2401 3246 2663 3315 conjugio
2694 3262 2754 3298 se
2782 3261 3140 3314 nequaquam
3186 3244 3455 3310 subdidit,
3489 3252 3545 3298 et

1945 3342 2137 3389 tamen
2169 3335 2413 3404 conjugii
2438 3350 2611 3387 onera
2635 3350 2746 3387 non
2765 3333 2956 3386 evasit.
2983 3334 3047 3389 Si
3075 3337 3198 3401 quis
3221 3339 3407 3387 autem
3428 3339 3545 3387 tur-

1940 3442 2063 3493 pem
2078 3442 2129 3477 se
2148 3426 2343 3477 viderit
2359 3439 2520 3491 super
2539 3425 2807 3489 virginem
2824 3438 3003 3486 suam,
3019 3424 3068 3474 si
3085 3424 3157 3475 sit
3178 3426 3333 3476 ultra
3347 3424 3544 3491 puber-

1948 3518 2127 3577 tatem,
2140 3518 2187 3565 et
2204 3515 2281 3565 sic
2307 3517 2507 3579 oportet
2533 3514 2673 3578 ﬁeri,
2694 3512 2838 3579 quod
2858 3513 2974 3563 vult
3007 3512 3195 3577 faciat,
3226 3527 3339 3564 non
3358 3516 3538 3579 peccat

1945 3604 1996 3654 si
2011 3602 2201 3654 nubat.
2232 3601 2469 3670 Propter
2490 3599 2637 3669 quod
2659 3598 2917 3669 superius
2938 3598 3319 3667 virginitatem
3348 3605 3542 3653 tenen-

1944 3691 2076 3743 dam
2109 3697 2165 3742 et
2193 3688 2615 3751 continentiam,
2647 3687 2869 3740 reddita
2895 3686 3133 3753 ratione,
3157 3688 3413 3741 hortatus
3434 3697 3536 3748 est.

1944 3778 2023 3831 ita
2050 3783 2113 3831 ut
2134 3794 2274 3847 pene
2303 3776 2374 3828 ad
2402 3775 2879 3845 comparationem
2900 3791 3097 3827 earum
3117 3775 3379 3844 conjugia
3410 3777 3539 3830 inu-

1944 3866 2063 3919 tilia
2081 3870 2135 3918 et
2152 3864 2465 3934 abjicienda
2482 3863 2805 3928 videantur;
2833 3878 2980 3915 nunc
2998 3878 3068 3914 ne
3090 3862 3315 3931 nuptias
3332 3880 3538 3933 negare

1944 3959 2203 4024 putaretu
2212 3970 2254 4018 ι’,
2263 3969 2375 4005 non
2386 3968 2613 4021 peccare
2626 3950 2899 4020 virginem
2913 3949 2959 4002 si
2972 3948 3538 4016 nubat,ostendit,sed

1942 4059 2064 4095 rem
2090 4041 2319 4094 maximi
2348 4040 2554 4093 laboris
2570 4039 2800 4109 aggredi
2817 4044 2875 4092 et
2890 4055 3011 4108 qua:
3027 4038 3176 4109 apud
3199 4039 3378 4093 Deum
3392 4058 3536 4111 prae-

1940 4132 2119 4184 mium
2140 4146 2252 4183 non
2271 4129 2494 4194 habeat,
2510 4129 2655 4182 sicut
2675 4145 2788 4182 non
2804 4126 2974 4181 habet
2988 4144 3211 4197 pugnam
3230 4146 3240 4180 :
3270 4129 3538 4184 Christia-

1940 4236 2041 4273 nos
2061 4220 2210 4273 enim
2230 4219 2349 4272 vult
2366 4234 2465 4289 per
2480 4218 2672 4293 omnia
2686 4234 2806 4270 esse
2825 4216 3103 4269 meliores.
3127 4216 3185 4270 Si
3201 4233 3332 4287 ergo
3347 4219 3539 4289 aliqua

1940 4308 1998 4361 in
2012 4307 2288 4361 desiderio
2306 4307 2632 4376 nuptiarum
2654 4311 2755 4367 est,
2770 4306 2891 4373 jam
2908 4311 3133 4358 matura
3151 4305 3222 4358 ad
3241 4321 3405 4359 usum
3423 4324 3536 4360 me-

1938 4396 2047 4450 lius
2061 4413 2180 4449 esse
2192 4401 2255 4448 ut
2264 4395 2569 4448 secundum
2582 4410 2899 4447 concessam
2914 4394 3093 4462 legem
3106 4392 3325 4462 publice
3336 4393 3529 4460 nubat,

1940 4500 2109 4555 quam
2126 4484 2337 4537 occulte
2356 4483 2466 4535 ista
2480 4482 2723 4552 turpiter
2739 4486 2871 4551 agat
2884 4486 2942 4533 et
2959 4479 3320 4533 erubescatur
3336 4480 3394 4533 in
3411 4481 3528 4534 illa.

1940 4575 2047 4640 Qui
2067 4577 2249 4625 autem
2277 4574 2474 4624 statuit
2496 4574 2555 4623 in
2576 4572 2734 4623 corde
2761 4585 2858 4621 suo
2881 4584 2993 4621 non
3014 4568 3214 4621 habens
3245 4572 3529 4623 necessita-

1939 4666 2063 4725 tem,
2072 4665 2386 4728 potestatem
2401 4660 2553 4711 habet
2574 4660 2636 4711 de
2656 4673 2758 4709 sua
2780 4660 3071 4719 voluntate,
3090 4656 3247 4709 ethoc
3254 4658 3531 4725 judicabit

1936 4752 1999 4801 in
2024 4751 2180 4802 corde
2198 4765 2312 4809 suo,
2342 4762 2558 4800 servare
2583 4749 2857 4812 virginem
2878 4761 3056 4809 suam,
3084 4745 3211 4798 bene
3233 4747 3389 4812 facit.
3415 4746 3530 4799 Hoc

1935 4836 2089 4901 dicit,
2112 4842 2175 4889 ut
2196 4836 2290 4906 qui
2320 4835 2593 4904 virginem
2624 4832 2794 4886 habet
2820 4833 2907 4887 cui
2936 4833 3168 4907 [animus
3203 4833 3273 4886 ad
3304 4834 3530 4904 nuptias

1934 4942 2047 4980 non
2079 4930 2180 4990 est,
2211 4931 2393 4977 servet
2418 4924 2593 4987 illam,
2636 4938 2738 4975 nec
2755 4922 2837 4975 illi
2858 4921 3081 4990 ingerat
3099 4921 3353 4975 fomitem
3391 4938 3530 4992 nup-

1934 5014 2164 5080 tiarum,
2198 5029 2367 5082 quam
2396 5012 2549 5065 videt
2586 5010 2834 5064 nubendi
2880 5010 3222 5079 voluptatem
3254 5010 3528 5078 [volunta-

1934 5103 2070 5172 tem]
2089 5118 2199 5156 non
2224 5100 2448 5166 habere.
2467 5100 2747 5153 Beneﬁcia
2779 5099 2930 5152 enim
2950 5098 2997 5150 si
3032 5093 3348 5168 praestanda
3375 5104 3526 5159 sunt,

1937 5196 2146 5260 quanto
2160 5189 2341 5259 magis
2362 5188 2595 5242 minime
2609 5187 2913 5242 auferenda
2931 5187 2941 5238 l
2960 5188 3141 5254 Igitur
3155 5190 3203 5238 et
3221 5187 3321 5254 qui
3335 5189 3531 5240 matri-

1936 5280 2319 5346 moniojungit
2335 5280 2608 5345 virginem
2620 5293 2779 5330 suam
2793 5277 2918 5329 bene
2934 5276 3086 5341 facit.
3107 5272 3391 5328 Benefacit
3400 5274 3533 5345 quia

1938 5369 2067 5422 licet
2093 5367 2241 5437 quod
2268 5366 2418 5431 facit,
2442 5371 2499 5419 et
2527 5365 2623 5436 qui
2652 5380 2765 5418 non
2787 5363 2978 5433 jungit
3007 5361 3208 5415 melius
3229 5361 3380 5427 facit,
3397 5363 3531 5433 quia

1937 5456 2086 5527 apud
2100 5456 2281 5509 Deum
2301 5454 2383 5508 illi
2410 5453 2677 5508 meritum
2699 5452 2948 5516 collocat,
2977 5455 3034 5503 et
3061 5466 3096 5503 a
3112 5449 3300 5504 saeculi
3320 5450 3527 5504 sollici-

1936 5543 2130 5599 tudine
2160 5543 2317 5597 illam
2346 5542 2566 5609 liberat.
2600 5542 2803 5594 Mulier
2832 5542 3065 5605 alligata
3087 5542 3163 5592 est
3191 5542 3298 5606 lege
3323 5544 3529 5607 quanto

3255 5638 3291 5695 3
