3900 6196
401 285 467 340 75

987 285 1049 338 Β.
1095 285 1362 338 RABANI
1405 285 1632 338 MAURI
1673 283 2006 338 ARCHIEP.
2050 281 2370 335 MOGUNT.
2415 278 2710 332 OPERUM
2749 275 2932 331 PARS
2972 273 3069 329 III.

3599 268 3668 322 76

401 415 635 478 tempore
664 413 752 462 vir
783 413 898 477 ejus
932 412 1085 462 vivit.
1120 409 1247 462 Haec
1295 408 1498 462 idcirco
1541 409 1900 478 prosequitur
1927 415 1991 462 ut
2007 407 2400 466 Acharitatem
2431 421 2544 475 prae
2574 403 2748 457 oculis
2775 418 2888 455 non
2909 399 3195 462 habentes,
3229 398 3363 468 quia
3388 397 3513 466 plus
3541 399 3668 448 erat

399 498 598 552 doceat
625 497 760 568 quia
780 497 999 560 mulier,
1019 497 1239 550 etiamsi
1262 514 1296 550 a
1320 497 1438 550 viro
1467 497 1638 550 fuerit
1666 499 1862 567 ejecta,
1892 513 1991 549 nu-

399 586 567 640 bendi
586 585 871 639 licentiam
895 601 1006 638 non
1020 584 1206 638 habet.
1223 587 1374 650 Quod
1387 589 1437 638 si
1450 587 1606 638 dorm
1614 589 1738 639 ierit
1752 589 1838 639 τὺ·
1853 589 1986 654 ejus,

400 675 634 728 liberata
665 679 790 726 esta
807 676 934 740 lege.
968 673 1149 726 Etiam
1178 673 1294 726 haec
1323 673 1392 726 ad
1421 691 1592 744 supra
1621 674 1797 728 dictas
1817 674 1990 744 perti-

397 768 538 816 nent
557 778 772 826 causas,
805 767 870 814 ut
896 762 1156 814 ostendat
1185 779 1355 832 quam
1376 761 1542 816 beata
1570 763 1644 816 sit
1671 764 1844 834 virgo,
1863 781 1990 816 cum

399 850 540 904 nulli
564 849 672 903 nisi
693 849 797 903 soli
817 849 933 902 Deo
957 849 1208 920 subjecta
1230 850 1332 904 sit:
1357 851 1575 905 vincere
1605 852 1756 905 enim
1773 852 1993 906 videtur

400 938 715 992 naturalem
738 937 1141 1008 subjectionem
1171 939 1394 1009 quando
1425 941 1574 1010 quod
1603 957 1702 1011 per
1731 947 1992 994 naturam

400 1025 758 1080 humiliatum
803 1032 889 1080 est
925 1027 1110 1097 erigit.
1159 1027 1263 1082 Cui
1289 1032 1407 1082 vult
1438 1010 1650 1094 nubat,
1677 1035 1897 1083 tantum
1928 1032 1990 1082 in

401 1117 650 1178 Domino,
673 1115 731 1168 id
757 1121 861 1181 est,
885 1132 1053 1186 quem
1084 1115 1189 1169 sibi
1221 1121 1416 1186 aptum
1446 1119 1743 1187 putaverit,
1776 1117 1858 1170 illi
1887 1135 1990 1171 nu-

397 1201 512 1268 bat,
543 1203 678 1273 quia
710 1203 898 1257 invitae
927 1204 1138 1274 nuptiae
1157 1205 1339 1259 solent
1355 1207 1531 1260 malos
1559 1211 1858 1278 proventus
1888 1206 1990 1258 ha-

396 1291 546 1346 bere.
575 1291 864 1346 «Tantum
893 1298 1083 1346 autem
1115 1294 1175 1346 in
1205 1294 1505 1360 Domino,»
1531 1295 1632 1349 hoc
1666 1301 1750 1348 est
1779 1301 1842 1349 ut
1869 1295 1990 1348 sine

395 1380 711 1452 suspicione
739 1381 1110 1452 turpitudinis
1135 1381 1309 1436 nubat
1339 1388 1396 1436 et
1421 1384 1710 1454 religionis
1729 1401 1843 1438 suae
1873 1384 1989 1438 viro

394 1469 588 1533 nubat,
620 1469 726 1522 hoc
753 1473 840 1522 est
865 1469 923 1522 in
951 1469 1190 1524 Domino
1220 1470 1450 1526 nubere.
1485 1475 1699 1526 Beatior
1729 1478 1912 1526 autem
1942 1477 1992 1526 si

394 1560 473 1611 sic
485 1560 856 1625 permanserit
875 1560 1176 1612 secundum
1201 1576 1383 1612 meum
1413 1577 1538 1614 cons
1547 1564 1731 1614 ilium.
1752 1562 1892 1614 Cum
1909 1561 1989 1614 di-

395 1644 489 1710 cit,
515 1643 709 1706 nubat,
727 1645 851 1714 lege
881 1644 1132 1716 loquitur
1158 1648 1424 1713 naturali,
1457 1665 1780 1719 quanquam
1813 1665 1847 1702 a
1873 1649 1988 1703 Deo

2070 512 2293 549 carnem
2325 500 2701 554 contemnere,
2719 507 2888 561 quam
2909 489 3068 542 fratri
3089 487 3414 541 scandalum
3448 485 3632 538 facere
3650 503 3664 549 ;

2071 585 2304 638 scientia
2315 583 2465 636 enim
2479 583 2702 635 illorum
2713 574 3670 645 destruebatanimosimperitorum

2070 673 2309 727 fratrum
2337 671 2658 742 putantium
2687 686 2808 723 esse
2839 669 2953 721 illic
2995 666 3144 736 apud
3173 665 3388 718 idolum
3417 663 3670 732 aliquam

2071 763 2333 831 gratiam,
2359 761 2581 830 quando
2611 758 2904 828 peritiores
2931 757 3132 809 fratres
3159 755 3430 807 interesse
3459 751 3592 815 illic,
3613 757 3673 804 et

2075 868 2186 904 non
2213 851 2442 903 horrere
2461 847 2742 901 videbant.
2766 847 2898 900 Ideo
2917 845 2998 898 ait
3019 863 3029 896 :
3049 845 3303 899 Charitas
3332 843 3580 906 aediﬁcat,
3606 845 3673 892 ut

2074 939 2240 994 saluti
2285 939 2520 992 fratrum
2551 937 2838 990 studentes
2885 933 3128 988 scientiae
3166 931 3280 985 illic
3308 929 3524 999 legibus
3555 945 3671 982 non

2073 1034 2346 1091 uteretur,
2381 1044 2449 1080 ne
2490 1026 2601 1078 illis
2645 1024 2969 1078 scandalum
2997 1022 3246 1076 facerent
3270 1019 3490 1086 (Greg.).
3525 1019 3669 1070 Cum

2075 1134 2208 1187 ergo
2223 1115 2466 1170 charitas
2490 1113 2814 1168 aediﬁcando
2836 1129 2938 1165 nos
2956 1111 3141 1179 erigit,
3161 1108 3398 1162 scientia
3417 1105 3671 1158 inﬂando

2075 1205 2359 1276 pervertit,
2383 1204 2712 1274 plerumque
2733 1218 2792 1254 se
2820 1199 3125 1272 hypocrita;
3153 1197 3299 1251 mira
3327 1194 3672 1248 abstinentia

2075 1294 2351 1363 afﬂigunt,
2394 1308 2559 1346 omne
2608 1290 2779 1344 robur
2821 1287 3068 1359 corporis
3109 1291 3378 1349 atterunt,
3407 1291 3466 1336 et
3507 1281 3670 1353 quasi

2073 1383 2256 1437 carnis
2285 1382 2456 1434 vitam
2483 1379 2735 1432 funditus
2765 1379 2822 1432 in
2851 1394 3018 1430 carne
3047 1375 3292 1428 viventes
3312 1372 3668 1442 extinguunt,

2072 1473 2260 1542 sicque
2291 1487 2390 1540 per
2413 1467 2818 1522 abstinentiam
2849 1466 3015 1519 morti
3045 1463 3400 1534 appropiant,
3432 1467 3497 1513 ut
3527 1475 3670 1529 pene

2073 1559 2322 1630 quotidie
2371 1558 2675 1612 morientes
2718 1557 2925 1618 vivant,
2971 1555 3068 1607 sed
3107 1553 3177 1606 ad
3226 1552 3341 1605 haec
3389 1551 3670 1602 humanos

2071 1649 2260 1702 oculos
2289 1652 2566 1717 quaerunt,
2585 1643 2974 1698 admirationis
2991 1641 3230 1711 gloriam
3253 1643 3539 1709 expetunt,
3563 1636 3669 1688 Ve—

394 1733 590 1804 primae
602 1731 812 1803 nuptiae
822 1732 955 1800 sint,
969 1735 1224 1788 secunda:
1235 1752 1364 1789 vero
1375 1737 1660 1807 permissae
1673 1738 1994 1792 sunt.Deni-
2011 1721 2056 1780 Β
2074 1737 2242 1790 ritate
2273 1739 2594 1797 attestante,
2615 1749 2751 1803 quae
2790 1731 2872 1785 ait
2894 1749 2904 1782 :
2931 1731 3320 1784 Extermi-nant
3341 1729 3507 1795 facies
3537 1741 3669 1778 suas

396 1837 504 1893 que
541 1820 736 1892 prima:
777 1821 986 1892 nuptiae
1035 1824 1302 1893 quoniam
1333 1823 1436 1878 sub
1465 1824 1852 1880 benedictione
1889 1826 1990 1880 Dei

392 1907 764 1976 celebrantur,
808 1909 1186 1965 sublimantur
1231 1930 1240 1965 :
1296 1915 1550 1968 secundae
1581 1920 1774 1968 autem
1824 1920 1880 1968 et
1931 1915 1990 1968 in

394 1997 657 2068 praesenti
673 2004 867 2052 carent
885 1999 1363 2068 gloria,concessa->
1388 2008 1577 2056 autem
1601 2009 1734 2056 sunt
1761 2009 1990 2073 prOpter

393 2085 879 2151 incontinentiam,
912 2093 969 2140 et
1009 2087 1142 2157 quia
1180 2090 1363 2144 solent
1402 2090 1698 2144 viduarum
1737 2091 1990 2160 juniores

394 2175 680 2228 incurrere
715 2192 726 2226 :
760 2191 826 2226 ac
852 2191 953 2244 per
986 2175 1090 2228 hoc
1119 2177 1370 2232 concedit
1392 2179 1682 2232 secundas.
1719 2179 1827 2233 Sed
1858 2180 1991 2249 quia

395 2263 598 2316 melius
613 2268 676 2316 ut
693 2279 754 2315 se
773 2263 1074 2326 contineat,
1098 2271 1162 2318 ut
1181 2265 1403 2334 dignior
1431 2267 1489 2320 in
1511 2266 1782 2333 futurum,
1814 2269 1990 2321 consi-

395 2351 535 2406 lium
554 2351 653 2404 dat
671 2350 911 2422 spiritali
931 2351 1148 2406 ratione
1169 2355 1511 2425 praecipuum
1533 2361 1596 2409 ut
1613 2373 1670 2409 se
1682 2356 1984 2409 contineat.

395 2442 531 2493 Puto
559 2444 745 2492 autem
775 2444 822 2492 et
847 2457 939 2506 ego
978 2444 1240 2508 spiritum
1269 2443 1368 2497 Dei
1397 2444 1580 2502 habeo.
1615 2449 1677 2498 ut
1718 2451 1903 2498 ratum
1933 2451 1989 2497 et

395 2526 688 2598 providum
705 2526 998 2580 consilium
1020 2545 1184 2582 suum
1203 2532 1479 2598 ostendat,
1497 2532 1816 2586 humilitate
1839 2533 1988 2586 verbi

393 2615 500 2669 hoc
525 2615 884 2668 commendat
913 2615 1026 2670 alto
1054 2634 1240 2672 sensu.

982 2731 1214 2786 CAPUT
1252 2733 1400 2788 VIII.

400 2817 643 2874 Ostendit
671 2821 956 2886 Apostolus
985 2821 1273 2873 scientiam
1305 2838 1416 2875 non
1446 2827 1622 2876 valere
1651 2826 1764 2876 nisi
1795 2841 1987 2877 secun-

466 2892 602 2942 dum
631 2887 956 2942 charitatem
1000 2893 1072 2943 sit
1115 2892 1405 2956 ordinata;
1439 2895 1582 2946 docet
1613 2898 1896 2948 ceritatem
1927 2897 1990 2947 de

468 2962 596 3013 escis
626 2961 788 3013 idolis
817 2962 1136 3026 immolatis,
1166 2966 1460 3031 arguitque
1479 2967 1990 3019 scandalizantium

469 3033 848 3085 temeritatem.
2006 3036 2050 3094 ί]

469 3146 542 3199 De
569 3145 655 3199 his
682 3151 869 3199 autem
899 3163 1017 3215 quae
1047 3149 1206 3200 idolis
1232 3148 1616 3214 immolantur,
1635 3153 1838 3202 scimus
1857 3153 1988 3217 quia

398 3249 584 3288 omnes
615 3236 904 3287 scientiam
933 3235 1209 3288 habemus.
1248 3236 1450 3303 (Amb.)
1475 3237 1634 3291 Nunc
1663 3239 1732 3291 de
1755 3238 1990 3292 scientia

396 3321 686 3375 locuturus
713 3328 816 3389 est,
833 3327 889 3376 et
907 3340 1028 3392 qua:
1050 3323 1122 3376 sit
1137 3323 1370 3376 scientia
1386 3341 1496 3378 non
1513 3325 1704 3379 statim
1723 3327 1876 3391 dicit,
1893 3328 1988 3380 sed

399 3407 456 3462 in
491 3407 756 3480 subjectis
786 3411 1049 3474 ostendit,
1069 3412 1278 3476 dicens,
1314 3413 1444 3482 quia
1474 3413 1614 3466 nihil
1644 3420 1728 3466 est
1755 3415 1985 3468 idolum.

399 3498 640 3553 Scientia
667 3501 849 3568 inﬂat.
877 3499 1234 3552 Manifestum
1255 3506 1356 3566 est,
1375 3485 1672 3554 habentem
1699 3503 1990 3556 scientiam

401 3587 457 3640 in
481 3601 546 3640 eo
570 3586 691 3656 ipso
711 3587 961 3656 gloriari,
985 3588 1030 3640 si
1053 3605 1164 3641 non
1188 3587 1340 3654 foris,
1369 3590 1500 3659 quia
1521 3591 1765 3660 prudens
1786 3597 1888 3654 est,
1907 3593 1989 3644 vel

402 3675 548 3746 apud
581 3691 852 3745 se,genus
881 3675 1032 3728 enim
1056 3677 1156 3729 hoc
1179 3683 1264 3730 est
1288 3677 1534 3730 scientia.-
1555 3686 1618 3732 ut
1638 3679 1913 3748 glorietur
1934 3680 1990 3732 in

398 3779 538 3829 sese,
560 3763 686 3818 ideo
707 3763 886 3816 inﬂat.
907 3764 1160 3818 Charitas
1188 3782 1312 3817 rem
1334 3767 1582 3833 a'di'ﬂcat.
1611 3766 1798 3836 (Aug.)
1833 3769 1988 3831 Quod

395 3855 546 3906 recte
581 3851 748 3905 aliter
802 3867 914 3905 non
959 3845 1311 3923 intelligitur,
1353 3854 1460 3907 nisi
1517 3856 1805 3909 scientiam
1859 3864 1991 3909 tunc

397 3939 661 4010 prodesse
680 3940 728 3994 si
751 3941 800 3994 ei
822 3941 1066 3994 cbaritas
1089 3942 1251 4007 inest,
1277 3942 1397 3996 sine
1415 3943 1518 3997 hac
1549 3950 1739 3998 autem
1771 3945 1988 4009 inﬂare,

401 4027 459 4080 id
493 4033 594 4094 est,
628 4027 686 4080 in
730 4027 992 4098 superbia
1037 4029 1380 4084 inanissimae
1436 4033 1595 4102 quasi
1646 4033 1993 4086 ventositatis

407 4115 688 4169 extollere.
708 4114 920 4184 (Amb.)
937 4117 1132 4186 Itaque
1162 4124 1294 4171 tunc
1323 4119 1556 4172 scientia
1583 4137 1788 4190 magna
1811 4128 1912 4183 est,
1941 4127 1998 4174 et

406 4201 514 4256 sibi
527 4201 756 4268 utilis,si
776 4203 1048 4258 charitate
1066 4205 1482 4272 humilietur,ut
1498 4208 1739 4279 amplius
1755 4216 1992 4275 crescat;

405 4296 755 4362 temperatur
781 4289 932 4345 enim
951 4308 986 4344 a
1004 4292 1319 4358 dilectione,
1343 4301 1406 4348 ut
1435 4313 1547 4350 non
1577 4297 1714 4350 satis
1745 4313 1899 4351 mera
1926 4298 2000 4352 sit

407 4385 463 4436 et
505 4377 748 4434 inebriet
791 4379 1061 4434 scientem
1117 4386 1181 4434 ut
1235 4399 1295 4436 se
1351 4385 1595 4438 extollat.
1648 4386 1803 4440 Sicut
1849 4386 1997 4440 enim

405 4468 599 4524 vinum
644 4485 757 4523 non
787 4474 1163 4540 temperatum
1193 4470 1534 4526 admixtione
1564 4490 1721 4544 aqua:
1751 4481 1997 4528 mentem

410 4557 638 4623 alienat,
681 4557 762 4610 ita
809 4563 868 4612 et
909 4557 1144 4612 scientia
1177 4558 1480 4630 superbum
1509 4560 1659 4627 facit,
1692 4563 1800 4616 nisi
1833 4563 2001 4617 fuerit

409 4649 744 4714 temperata,
761 4645 1114 4702 omniaenim
1141 4648 1262 4702 sola
1291 4648 1545 4703 insuavia
1561 4658 1694 4704 sunt
1716 4658 1772 4704 et
1787 4652 1996 4717 nociva,

414 4730 548 4804 quia
568 4745 671 4786 nec
688 4733 851 4804 panis
867 4735 1018 4789 solus
1029 4735 1170 4792 bene
1195 4737 1380 4793 editur
1404 4753 1506 4793 nec
1527 4739 1727 4810 reliqui
1754 4739 1861 4792 cibi
1882 4741 2001 4794 sine

413 4818 756 4875 admixtione
774 4821 922 4892 grati
943 4829 1093 4888 sunt,
1115 4825 1212 4879 sed
1229 4826 1410 4881 nocui.
1442 4828 1572 4882 Ideo
1599 4827 1840 4882 charitas
1869 4829 2002 4883 aedi-

411 4908 561 4973 ﬁcat,
605 4907 728 4978 ipsa
773 4909 1035 4976 charitas,
1073 4911 1204 4966 licet
1240 4930 1355 4969 uno
1377 4915 1643 4970 vocabulo
1672 4916 2000 4988 appelletur,

412 4996 607 5052 multis
640 5001 834 5051 tamen
886 4999 1158 5066 consistit,
1192 5001 1312 5054 sine
1349 5004 1624 5072 patientia
1683 5005 1835 5059 enim
1892 5022 2006 5060 non

416 5090 617 5159 potest,
651 5101 833 5158 neque
879 5086 1001 5140 sine
1048 5087 1386 5158 humilitate,
1430 5109 1611 5164 neque
1653 5094 1774 5148 sine
1823 5095 2004 5148 cordis

417 5172 802 5246 simplicitate;
822 5175 880 5229 hi
893 5191 1026 5246 ergo
1043 5175 1224 5230 inﬂati
1246 5187 1409 5234 erant
1423 5199 1523 5252 per
1542 5183 1853 5246 scientiam,
1874 5184 2006 5253 quia

413 5261 554 5316 nihil
585 5267 670 5316 est
693 5263 928 5340 idolum,
965 5263 1061 5336 qui
1081 5271 1276 5319 contra
1305 5267 1543 5323 salutem
1561 5271 1796 5325 fratrum
1826 5271 2003 5342 impe-

416 5349 655 5405 ritorum
671 5366 867 5406 carnes
879 5352 1317 5408 sacriﬁcatorum
1330 5356 1394 5409 ed
1401 5356 1830 5422 ebant,sciente.s
1841 5359 2006 5413 licere

421 5451 646 5491 carnem
674 5437 858 5507 edere,
893 5447 950 5496 et
991 5442 1124 5512 quia
1167 5441 1309 5498 nihil
1353 5450 1440 5499 est
1483 5446 1712 5511 idolum,
1743 5447 1869 5500 ideo
1896 5463 2009 5501 non

417 5526 790 5583 contaminari
812 5528 1102 5586 edentem:
1122 5529 1179 5584 hi
1199 5533 1526 5588 scandalum
1543 5535 1809 5593 fratribus
1826 5543 2006 5604 erant,

2013 4347 2062 4406 D

2065 1830 2138 1878 'ut
2165 1829 2470 1893 appareant
2501 1823 2816 1876 hominibus
2835 1823 3154 1889 jejunantes
3188 1818 3364 1884 (Matt.
3399 1816 3490 1884 γι).

2145 1913 2306 1976 Quod
2317 1916 2366 1965 si
2377 1914 2499 1980 quis
2522 1913 2861 1964 ex-istimatse
2885 1911 3023 1961 scire
3044 1907 3280 1974 aliquid,
3305 1905 3555 1957 nondum
3579 1920 3669 1956 co-

2071 2005 2259 2069 gnovit
2271 2001 2733 2069 quemadmodum
2751 2001 2990 2065 oporteat
3015 2011 3140 2047 eum
3152 1997 3289 2047 scire
3303 1991 3529 2060 (Amb.).
3563 1991 3670 2044 Eos

2074 2091 2224 2161 ipsos
2236 2089 2330 2160 qui
2342 2088 2399 2142 in
2411 2087 2644 2141 scientia
2655 2086 2970 2156 gloriantur
2981 2082 3228 2137 ostendit
3245 2097 3358 2134 non
3370 2081 3451 2134 ita
3461 2096 3668 2149 cogno-

2073 2178 2213 2231 visse
2231 2178 2374 2230 sicut
2393 2175 2839 2246 cognoscendum
2861 2180 2962 2226 est.
2979 2173 3125 2225 Dum
3145 2170 3294 2224 enim
3311 2168 3666 2232 charitatem,

2076 2283 2196 2337 quae
2219 2272 2400 2319 mater
2411 2264 2664 2318 omnium
2683 2262 2956 2316 bonorum
2982 2267 3084 2326 est,
3101 2275 3212 2312 non
3232 2263 3536 2323 sectantur,
3555 2272 3669 2309 non

2073 2355 2255 2408 sciunt
2270 2355 2414 2408 sicut
2427 2357 2674 2423 oportet:
2699 2359 2763 2404 ut
2785 2367 2918 2419 ergo
2939 2349 3168 2402 scientia
3195 2347 3440 2400 fructum
3459 2344 3668 2398 habere

2071 2443 2264 2514 possit,
2279 2441 2539 2496 charitati
2559 2458 2616 2494 se
2637 2440 2802 2493 debet
2822 2439 3114 2508 subjicere.
3132 2437 3194 2492 Si
3213 2438 3336 2504 quis
3347 2450 3470 2487 vero
3481 2435 3670 2499 diligit

2073 2534 2263 2596 Deum,
2289 2532 2376 2584 hic
2403 2532 2652 2597 cognitus
2680 2535 2753 2581 est
2782 2529 2849 2580 ab
2878 2544 2954 2580 eo.
2990 2525 3094 2579 Hic
3120 2523 3308 2594 diligit
3335 2523 3534 2585 Deum,
3569 2519 3663 2590 qui

2071 2619 2361 2673 charitatis
2391 2634 2561 2670 causa
2597 2616 2888 2670 scientiam
2919 2614 3159 2684 mitigat,
3193 2618 3258 2666 ut
3294 2611 3471 2681 prosit
3505 2609 3668 2662 fratri

2040 2698 2052 2715 ’
2071 2725 2172 2778 pro
2192 2724 2300 2778 quo
2316 2706 2570 2759 Christus
2591 2711 2845 2758 mortuus
2861 2710 2968 2756 est.
2991 2705 3062 2756 De
3081 2703 3214 2754 cibis
3237 2703 3412 2768 igitur
3435 2697 3664 2752 simula-

2073 2797 2182 2850 cris
2221 2796 2641 2848 immolatorum
2681 2809 2830 2846 nunc
2860 2807 3089 2844 causam
3126 2789 3305 2860 ipsam
3340 2791 3664 2858 pertractat,

2075 2890 2138 2938 ut
2165 2883 2424 2938 ostendat
2453 2898 2552 2953 per
2581 2881 2857 2935 rationem
2883 2879 3176 2933 scientiam
3206 2894 3316 2930 non
3345 2876 3527 2929 solum
3554 2890 3666 2928 non

2074 2975 2362 3044 proiicere,
2377 2972 2649 3024 charitate
2671 2975 3010 3038 cont-empta,
3027 2967 3125 3020 sed
3147 2972 3204 3020 et
3222 2965 3434 3018 obesse.
3450 2965 3667 3019 Scimus

2074 3065 2206 3130 quia
2239 3061 2380 3113 nihil
2423 3065 2496 3113 est
2537 3062 2927 3120 simulacrum,
2961 3062 3008 3110 et
3038 3059 3172 3124 quia
3201 3069 3356 3108 nemo
3383 3055 3525 3106 Deus
3557 3053 3670 3104 nisi

2073 3167 2240 3208 unus,
2275 3165 2466 3201 verum
2498 3153 2608 3206 est;
2643 3146 2790 3218 apud
2822 3144 3170 3199 Christianos
3213 3142 3362 3196 enim
3405 3155 3552 3194 unus
3583 3145 3668 3192 est

2073 3238 2242 3302 Deus,
2261 3240 2382 3290 licet
2403 3239 2516 3289 sint
2537 3239 2635 3304 qui
2652 3237 2918 3288 dicantur
2928 3235 3012 3286 dii
3030 3237 3079 3285 et
3098 3232 3430 3285 dominisire
3448 3231 3511 3281 in
3522 3231 3664 3290 aeto,

2072 3331 2180 3380 sive
2211 3329 2272 3378 in
2298 3326 2530 3378 terra.A
2559 3323 2793 3394 paganis
2823 3321 2974 3376 enim
3003 3321 3084 3374 sol
3118 3326 3174 3372 et
3205 3321 3354 3382 luna,
3388 3324 3445 3370 et
3469 3323 3670 3370 caetera

2075 3415 2260 3468 sidera
2305 3413 2382 3466 dii
2428 3413 2678 3466 caelestes
2722 3411 3002 3464 dicuntur.
3035 3411 3098 3462 In
3133 3414 3289 3461 terra
3328 3405 3663 3476 Apollinem,

2071 3502 2472 3572 xEsculapium,
2507 3501 2822 3564 Herculem,
2858 3499 3185 3557 Minervam,
3221 3495 3353 3548 deos
3387 3494 3583 3547 dicunt
3612 3500 3668 3544 et

2075 3592 2349 3644 dominos.
2373 3592 2534 3644 Nobis
2557 3596 2734 3642 tamen
2761 3604 2906 3641 unus
2930 3589 3064 3640 licus
3077 3589 3256 3649 Pater,
3272 3601 3334 3636 ea?
3350 3599 3452 3650 quo
3477 3585 3667 3636 omnia

2075 3687 2120 3733 et
2153 3697 2247 3732 nos
2279 3683 2342 3732 in
2369 3682 2484 3732 illo.
2501 3677 2706 3732 Omnia
2721 3677 2869 3730 enim
2893 3691 2957 3728 ex
2988 3675 3083 3728 illo
3101 3689 3348 3744 quisque:
3375 3677 3524 3736 sunt,
3549 3668 3670 3722 ubi-

2075 3785 2293 3838 cunque
2325 3773 2485 3831 sunt;
2519 3783 2646 3820 cum
2676 3770 2866 3819 autem
2895 3763 3036 3816 dixit
3067 3781 3076 3814 :
3111 3763 3176 3816 Et
3210 3777 3303 3814 nos
3327 3764 3389 3813 in
3418 3763 3535 3822 illo,
3559 3758 3669 3810 dis-

2075 3858 2248 3911 crevit
2275 3874 2376 3910 nos
2402 3873 2434 3908 a
2463 3855 2678 3908 caeteris
2699 3854 2795 3923 qui
2823 3869 2948 3907 cum
2978 3869 3044 3905 ex
3071 3851 3167 3904 illo
3196 3849 3327 3911 sint,
3346 3863 3458 3901 non
3475 3852 3668 3900 tamen

2076 3951 2207 4000 sunt
2227 3947 2283 3999 in
2299 3945 2396 3998 illo
2412 3944 2546 3998 dum
2563 3943 2744 3996 adhuc
2768 3959 2880 3996 non
2901 3940 3224 3994 credunt.Et
3240 3954 3388 3991 unus
3402 3938 3667 3989 Dominus

2075 4037 2227 4087 Jesus
2261 4049 2361 4102 per
2404 4049 2563 4100 quem
2602 4034 2808 4094 munia,
2844 4035 2891 4082 et
2941 4046 3035 4083 nos
3087 4043 3187 4096 per
3230 4029 3428 4094 ipsum,
3465 4023 3670 4076 Omnia

2079 4123 2231 4175 enim
2264 4139 2327 4175 ex
2372 4121 2556 4184 Patre,
2607 4119 2702 4172 sed
2745 4135 2846 4189 per
2887 4118 3092 4172 Filium
3139 4119 3327 4168 creata
3369 4119 3518 4177 sunt,
3570 4111 3670 4163 sed

2079 4227 2204 4264 cum
2229 4209 2381 4271 dicit,
2417 4229 2442 4258 (ι
2485 4214 2542 4262 et
2581 4225 2682 4261 nos
2723 4223 2823 4278 per
2869 4207 3075 4278 ipsum,
3110 4223 3133 4254 ι)
3163 4220 3264 4273 per
3302 4217 3468 4271 quem
3497 4198 3670 4252 creati

2079 4299 2383 4375 fueramus,
2402 4298 2681 4367 signiﬁcat
2709 4296 2768 4349 in
2787 4295 2889 4349 Dei
2907 4293 3244 4365 cognitione,
3267 4291 3400 4361 quia
3415 4287 3546 4342 facti
3572 4305 3674 4358 per

2079 4388 2264 4458 ipsum
2293 4404 2419 4440 cum
2447 4386 2680 4452 caeteris,
2713 4401 2812 4455 per
2851 4389 3137 4454 stuporem
3181 4379 3387 4433 mentis
3425 4384 3482 4431 et
3510 4377 3673 4446 igno-

2081 4476 2276 4530 rantiee
2305 4492 2407 4529 nos
2437 4491 2536 4546 per
2565 4475 2750 4546 ipsum
2789 4473 3116 4544 agnovimus
3145 4468 3478 4541 mysterium
3506 4466 3674 4520 unius

2082 4565 2212 4631 Dei;
2243 4580 2418 4618 unum
2449 4579 2580 4634 ergo
2619 4563 2799 4616 Deum
2847 4567 3065 4633 patrem
3106 4559 3247 4613 dixit
3275 4563 3332 4612 ct
3357 4571 3534 4610 unum
3562 4555 3675 4608 Do-

2083 4655 2299 4707 minum
2331 4655 2522 4706 Jesum
2554 4650 2758 4705 Filium
2801 4649 2943 4721 ejus,
2973 4654 3037 4703 ut
3075 4648 3209 4720 quia
3244 4647 3394 4701 Deus
3432 4660 3543 4698 non
3573 4660 3676 4714 po-

2083 4749 2196 4796 test
2255 4758 2366 4794 non
2437 4757 2556 4794 esse
2618 4739 2889 4794 Dominus
2913 4780 2925 4804 ,
2981 4737 3243 4792 similiter
3294 4740 3351 4788 et
3405 4732 3678 4787 Dominus

2087 4831 2436 4900 intelligatur
2477 4846 2597 4883 esse
2634 4830 2802 4895 Deus,
2833 4844 3006 4884 unum
3039 4843 3160 4880 esse
3191 4826 3372 4878 Deum
3401 4827 3457 4875 et
3483 4819 3676 4874 Domi-

2087 4937 2222 4973 num
2268 4919 2699 4983 demonstraret,
2743 4918 2974 4971 modum
3019 4915 3186 4969 unius
3243 4909 3502 4983 principii
3551 4925 3680 4962 con-

2087 5007 2377 5062 servando.
2413 5007 2514 5062 Sed
2543 5025 2655 5061 non
2675 5011 2749 5062 in
2793 5007 3046 5060 omnibus
3075 5009 3148 5057 est
3177 5003 3422 5055 scientia.
3461 4998 3522 5051 Id
3571 5004 3675 5053 est.

2088 5112 2201 5150 non
2231 5112 2424 5149 omnes
2453 5102 2663 5149 norunt
2689 5095 2977 5149 credentes
3007 5090 3340 5164 mysterium
3363 5087 3463 5142 Dei
3487 5085 3676 5151 unius,

2085 5185 2212 5238 ideo
2238 5184 2468 5255 quidam
2497 5190 2698 5256 putant
2733 5199 2798 5236 ex
2824 5183 2912 5236 his
2939 5182 3034 5252 qui
3063 5181 3299 5236 credunt
3329 5174 3540 5246 aliquid
3572 5190 3680 5228 nu-

2087 5272 2256 5328 minis
2299 5273 2358 5326 in
2399 5273 2729 5326 simulacris.
2765 5272 2959 5341 Aliqui
2993 5276 3180 5324 autem
3229 5268 3407 5321 adhuc
3449 5265 3681 5318 scientia

2089 5365 2385 5415 simulacri
2413 5365 2572 5430 quasi
2599 5363 2900 5415 simulacro
2924 5363 3278 5413 immolatum
3313 5354 3676 5407 manducant.

2091 5449 2170 5504 De
2197 5449 2359 5520 plebe
2388 5450 2538 5504 enim
2568 5449 2744 5519 aliqui
2764 5465 2890 5503 cum
2914 5446 3272 5502 veneratione
3301 5442 3482 5496 adhuc
3501 5439 3682 5492 simu-

2094 5537 2228 5594 lacri
2284 5536 2698 5594 manducabant
2749 5537 2816 5592 de
2871 5535 3216 5597 sacriﬁcatis,
3275 5529 3434 5604 quasi
3490 5527 3684 5598 aliqua
