3974 6188
307 266 352 318 ῗῖ
741 259 1317 314 ENARRATIONUM
1355 261 1431 315 IN
1472 218 1622 315 EPIP.
1666 261 1878 315 PAULI
1917 260 2052 313 LIB.
2098 259 2165 311 X.
2199 288 2263 298 --
2298 256 2373 311 IN
2414 256 2635 311 EPIST.
2678 258 2700 309 Ι
2740 261 2836 315 ΑΙ)
2876 262 3034 315 COR.
3458 261 3521 314 78

305 396 415 443 esset
437 386 546 439 illic
580 386 867 440 divinitas.
902 387 968 441 Et
996 389 1327 441 conscientia
1352 389 1584 440 illo-rum
1624 402 1749 439 cum
1778 389 1848 439 sit
1867 389 1920 446 Α

2542 386 2774 441 CAPUT
2814 388 2907 440 IX.

308 481 489 545 inﬁnita
526 478 947 543 eoinquinatur.
984 475 1299 529 Maculatur
1326 475 1664 529 conscientia
1692 475 1739 528 si
1770 476 1852 528 in-
1934 475 2154 529 lnducit
2179 476 2460 543 Apostolus
2480 476 2786 529 Corinthios
2805 478 2878 529 ad
2901 478 3128 529 virtutis
3138 479 3524 545 perfectionem

304 569 430 620 ﬁrma
476 570 561 618 est
597 564 744 618 circa
785 565 984 619 Deum.
1018 565 1156 618 Esca
1188 571 1373 618 autem
1404 581 1499 617 nos
1548 581 1659 618 non
1714 581 1853 617 eom-

308 656 483 709 mendat
512 655 633 707 Deo.
667 654 878 707 Verum
917 660 1020 718 est,
1064 653 1200 724 quia
1234 670 1346 707 non
1374 653 1501 707 ideo
1532 654 1646 707 Deo
1675 654 1855 723 place-

306 744 450 797 bimus
473 742 519 795 si
538 743 734 795 omnia
760 742 1061 805 ederimus,
1095 749 1199 795 aut
1219 742 1565 796 offendamus
1590 743 1638 796 si
1668 743 1857 813 aliqua

305 832 782 901 contempserimus,
829 848 996 901 neque
1025 835 1173 885 enim
1195 834 1245 884 si
1272 833 1567 901 ederimus,
1602 833 1856 885 abunda-

305 926 462 985 bimus,
513 938 680 988 neque
721 924 772 973 si
814 937 926 974 non
966 922 1255 984 ederimus,
1303 922 1475 974 deerit
1506 922 1678 974 nobis.
1720 922 1859 975 Con-

306 1016 479 1081 tempta
510 1009 661 1062 enim
710 1009 1109 1063 sacriﬁciorum
1136 1026 1281 1074 esca,
1314 1026 1425 1063 non
1456 1010 1652 1081 utique
1682 1009 1863 1063 deerit

2101 548 2193 599 sui
2214 550 2467 615 exemplo,
2504 552 2663 615 atque
2691 550 3043 600 currentium
3068 550 3131 601 in
3160 549 3356 602 stadio.

2008 652 2130 707 Non
2156 668 2282 705 sum
2310 657 2581 721 apostolus
2606 659 2630 705 Ρ
2660 669 2773 707 non
2802 654 2941 707 liber
2962 659 2987 706 ?
3018 669 3199 708 nonne
3224 658 3410 710 Jesum
3428 657 3528 710 Do-

1940 744 2159 794 minum
2194 746 2445 795 nostrum
2473 744 2591 797 vidi
2617 747 2641 795 ?
2674 743 2875 811 (Amb.)
2914 743 3055 796 Cum
3084 759 3291 813 negare
3312 744 3533 800 videtur

1940 832 2236 884 conﬁrmat
2258 849 2268 883 :
2295 830 2473 885 iratus
2494 830 2645 884 enim
2658 831 2927 901 loquitur.
2949 833 3281 903 Apostolum
3298 833 3450 888 enim
3473 850 3534 887 se

1942 919 2159 990 probat,
2178 920 2312 990 quia
2322 919 2525 974 missus
2537 926 2623 974 est
2634 920 2705 973 ad
2721 926 2939 990 gentes,
2962 921 3180 975 dicente
3199 922 3437 976 Domino
3466 924 3535 977 ad

1945 1025 2073 1063 eum
2108 1026 2118 1060 :
2149 1009 2257 1076 Ego
2287 1011 2360 1063 ad
2373 1016 2550 1077 gentes
2581 1012 2802 1063 mittam
2831 1016 2876 1063 te
2910 1012 3043 1076 (Act.
3076 1016 3212 1080 xxn)
3249 1030 3263 1077 ;
3297 1010 3535 1066 liberum

305 1100 423 1170 quod
453 1099 684 1153 edatur:
730 1099 779 1151 si
810 1104 1001 1152 autem
1044 1104 1270 1169 sumpta
1313 1098 1502 1164 fuerit,
1547 1115 1659 1153 non
1688 1098 1863 1151 abun-
1946 1102 2135 1152 autem
2166 1116 2226 1151 se
2264 1098 2525 1163 ostendit,
2560 1099 2695 1168 quia
2727 1099 2936 1153 nullius
2963 1097 3175 1169 aliquid
3202 1100 3535 1171 concupivit.

306 1188 445 1252 dabit,
470 1188 548 1241 ita
575 1195 640 1241 ut
654 1187 797 1240 nihil
815 1188 1156 1258 requiratur,
1180 1204 1245 1240 ac
1275 1204 1376 1258 per
1391 1189 1497 1241 hoc
1522 1187 1854 1257 abjicienda,
1944 1204 2125 1257 neque
2150 1187 2209 1240 in
2235 1187 2554 1241 adulatione
2568 1187 2783 1241 docuit:
2816 1189 2845 1241 ,Ι
2851 1205 3009 1242 esum
3029 1195 3220 1244 autem
3239 1190 3541 1245 Dominum

306 1278 413 1347 quia
438 1292 613 1347 neque
640 1277 765 1329 sine
801 1277 899 1329 illa
926 1292 1037 1330 non
1080 1276 1283 1330 vivitur
1313 1282 1371 1329 et
1405 1277 1731 1331 scandalum
1758 1276 1865 1329 fra-
1947 1283 2203 1331 nostrum
2236 1276 2389 1342 vidit,
2422 1276 2558 1331 dum
2587 1282 2777 1330 oraret
2808 1277 2867 1330 in
2902 1277 3115 1348 templo
3141 1277 3544 1350 Hierosolymis

305 1366 454 1418 tribus
489 1372 595 1418 est.
662 1367 834 1419 Videte
879 1371 1060 1419 tamen
1104 1381 1171 1419 ne
1212 1367 1351 1432 forte
1408 1368 1632 1419 licentia
1688 1371 1867 1419 vestra
1951 1367 2144 1421 Nonne
2173 1381 2304 1434 opus
2334 1382 2517 1418 meum
2549 1382 2637 1418 vos
2664 1369 2789 1419 estis
2827 1370 2891 1419 in
2919 1368 3153 1420 Domino
3181 1374 3204 1420 ?
3236 1367 3367 1421 Ideo
3405 1384 3545 1439 opus

308 1456 489 1521 offensio
517 1456 615 1520 ﬁat
654 1456 919 1520 inﬁrmis.
978 1455 1096 1507 Hoc
1136 1460 1222 1507 est
1250 1470 1322 1507 ne
1354 1454 1488 1524 quia
1516 1454 1685 1507 licere
1714 1454 1869 1507 vobis
1953 1456 2076 1524 ejus
2104 1459 2252 1519 sunt,
2289 1454 2422 1523 quia
2457 1454 2577 1524 ipse
2607 1454 2732 1508 illos
2776 1454 3047 1525 plantavit
3069 1455 3129 1507 in
3157 1456 3415 1521 Domino,
3448 1473 3549 1527 per

304 1543 441 1596 edere
461 1558 687 1595 carnem
717 1542 786 1595 de
807 1543 1075 1596 sacriﬁcio
1106 1543 1310 1609 dicitis,
1332 1560 1433 1613 per
1460 1543 1517 1596 id
1551 1543 1699 1614 quod
1728 1542 1867 1596 nihil
1952 1559 2163 1597 annum
2193 1550 2251 1597 et
2280 1560 2375 1597 sex
2404 1560 2627 1597 menses
2658 1543 3039 1613 evangelizans
3068 1545 3150 1598 eis
3179 1545 3412 1601 verbum
3442 1546 3548 1600 Do-

306 1647 404 1683 esse
429 1632 635 1684 idolum
666 1631 840 1696 scitis,
874 1631 1236 1685 offensionem
1263 1633 1545 1701 generatis
1576 1631 1861 1697 fratribus,
1958 1633 2093 1686 mini
2140 1633 2157 1687 (
2176 1635 2274 1689 let.
2316 1636 2484 1700 xvux).
2520 1633 2586 1686 Et
2615 1636 2665 1686 si
2692 1636 2821 1689 aliis
2852 1649 2963 1687 non
2991 1650 3116 1687 sum
3144 1638 3434 1703 apostolus,
3468 1651 3550 1688 ve-

303 1721 380 1789 qui
409 1720 655 1773 nesciunt
692 1720 876 1774 adhuc
905 1720 1037 1790 quia
1065 1720 1209 1773 nihil
1238 1727 1324 1774 est
1357 1721 1589 1774 idolum.
1631 1722 1694 1776 Si
1722 1725 1871 1774 enim
1894 1707 2278 1775 Brumtamen
2298 1724 2443 1775 vobis
2458 1737 2601 1775 sum.
2626 1722 2771 1785 Quia
2787 1721 2991 1776 Judaeis
3021 1723 3376 1778 credentibus
3400 1729 3454 1778 et
3471 1724 3553 1778 ni-

303 1813 404 1876 quis
428 1811 619 1862 cide-rit
649 1826 775 1862 eum
800 1811 1065 1877 quihabet
1080 1813 1365 1863 scientiam
1386 1813 1447 1864 in
1472 1812 1639 1863 idolio
1659 1827 1869 1863 recum-
1953 1810 2260 1864 hilominus
2290 1812 2473 1880 legem
2495 1810 2845 1864 servantibus
2864 1812 3150 1881 apostolus
3169 1829 3290 1866 esse
3312 1812 3552 1882 negaba-

300 1899 498 1963 bmtem,
533 1915 720 1951 nonne
747 1902 1075 1951 conscientia
1099 1903 1232 1966 ejus,
1257 1915 1383 1952 cum
1402 1902 1473 1951 sit
1498 1901 1731 1965 inﬁrma
1747 1899 1870 1951 (τ’άὶ-
1951 1906 2063 1955 tur.
2097 1901 2220 1953 Jam
2251 1899 2401 1953 enim
2430 1899 2748 1953 circumcidi
2788 1916 2899 1953 non
2937 1900 3140 1954 debere
3177 1901 3427 1968 docebat,
3459 1918 3554 1956 ne-

300 1989 527 2051 ﬁcabitur
552 1989 629 2040 ad
656 1989 1113 2040 manducandum
1131 1989 1195 2040 de
1215 1990 1535 2041 simulacris
1555 1993 1578 2040 Ρ
1601 1988 1719 2041 Hoc
1744 1987 1870 2041 ideo
1956 2005 2063 2059 que
2092 1987 2387 2042 Sabbatum
2438 1989 2724 2053 custodiri,
2775 1988 2989 2043 cmteris
3033 1994 3225 2043 autem
3268 1990 3551 2061 Apostolis

294 2076 415 2128 dixit
442 2076 572 2146 quia
604 2076 797 2130 videns
830 2077 955 2146 quis
983 2076 1211 2129 fratrem
1244 2075 1485 2146 peritum
1506 2076 1565 2129 in
1594 2076 1762 2130 idolio
1793 2077 1872 2129 in-
1956 2083 2183 2148 propter
2197 2078 2522 2131 scandalum
2543 2077 2611 2130 ab
2630 2078 2736 2130 hac
2747 2094 2806 2131 re
2829 2077 3332 2145 dissimulantibus,
3348 2079 3438 2132 hic
3455 2079 3553 2132 ali-

296 2165 523 2231 vitatum,
557 2165 979 2218 recumbentem
1017 2165 1182 2218 edere
1220 2181 1418 2218 carnes
1449 2164 1868 2231 sacriﬁciorum,
1954 2171 2043 2218 ter
2088 2166 2380 2219 videbatur
2432 2166 2647 2219 docere.
2699 2166 2831 2219 Ideo
2879 2167 3164 2236 apostolus
3211 2166 3281 2219 ab
3326 2166 3414 2220 his
3461 2184 3555 2220 ne-

292 2245 433 2323 putat
455 2270 577 2308 esse
600 2254 716 2307 illic
748 2254 960 2324 aliquid
985 2254 1199 2323 gratiae,
1235 2260 1292 2307 et
1311 2253 1539 2324 incipiet
1566 2254 1684 2324 ipse
1707 2255 1871 2308 edere
1953 2255 2209 2325 gabatur,
2254 2255 2339 2308 his
2378 2254 2528 2308 enim
2568 2260 2690 2308 erat
2734 2255 3019 2324 apostolus
3069 2255 3164 2326 qui
3202 2255 3461 2309 viderant
3496 2255 3556 2309 in

295 2359 468 2395 carnes
497 2343 924 2407 sacriﬁciorum,
958 2358 1072 2396 non
1107 2342 1205 2395 illa
1245 2343 1602 2407 conscientia,
1640 2360 1751 2413 qua
1776 2344 1870 2397 ille
1955 2360 2021 2397 eo
2038 2343 2532 2413 virtutisinsignia.
2555 2343 2701 2397 Nam
2722 2346 3078 2411 signaculum
3099 2348 3431 2411 apostolatus
3444 2348 3554 2398 mei

291 2432 483 2500 peritiae
513 2448 708 2496 causa,
728 2432 909 2484 sciens
937 2432 1081 2485 nihil
1111 2448 1233 2485 esse
1264 2431 1496 2497 idolum,
1530 2433 1626 2486 sed
1660 2449 1781 2485 esse
1809 2433 1872 2485 il-
1954 2450 2043 2485 vos
2074 2436 2197 2486 estis
2227 2436 2291 2486 in
2317 2434 2568 2486 Domino.
2603 2432 2721 2485 Hoc
2750 2432 2901 2485 enim
2924 2432 3279 2502 praedicante,
3304 2433 3555 2487 conversi

291 2519 350 2571 lic
376 2526 526 2590 putat
554 2537 792 2581 numen,
819 2520 1041 2590 quando
1071 2520 1302 2574 fratrem
1332 2521 1574 2591 peritum
1604 2522 1744 2574 vidit
1763 2521 1875 2574 illic
1957 2528 2091 2576 sunt
2118 2521 2187 2574 ab
2228 2520 2393 2575 idolis
2419 2521 2488 2574 ad
2517 2521 2686 2575 ﬁdem
2716 2520 2819 2575 Dei
2847 2520 3033 2575 unius.
3066 2523 3185 2575 Mea
3220 2523 3459 2589 defensio
3483 2524 3558 2575 ad

290 2608 453 2663 edere.
474 2626 575 2663 nec
600 2610 852 2662 horrere.
871 2609 937 2663 Et
960 2611 1161 2677 peribit
1190 2613 1288 2677 qui
1314 2610 1579 2678 inﬁrmus
1597 2615 1673 2663 est
1694 2614 1757 2663 in
1778 2615 1873 2663 tua
1958 2628 2039 2665 eos
2068 2614 2167 2678 qui
2197 2627 2279 2663 me
2310 2614 2657 2679 interrogant
2700 2611 2807 2665 haec
2837 2616 2930 2664 est.
2964 2610 3126 2663 Nunc
3161 2609 3361 2680 incipit
3388 2626 3554 2680 agere

285 2701 490 2752 scientia
519 2701 726 2767 frater,
739 2715 841 2767 pro
868 2715 973 2766 quo
1002 2700 1250 2753 Christus
1274 2705 1526 2751 mortuus
1554 2705 1647 2751 est.
1668 2698 1877 2753 Peribit
1957 2716 2184 2754 causam
2205 2716 2374 2770 quam
2392 2700 2648 2770 superius
2664 2698 2937 2770 praemisit
2955 2698 3173 2753 dicens:
3198 2699 3399 2754 Omnia
3415 2700 3557 2753 mihi

284 2784 522 2840 inﬁrmus
552 2789 603 2840 si
638 2788 769 2841 edat
791 2795 987 2841 contra
1020 2787 1186 2841 unius
1226 2787 1329 2841 Dei
1365 2787 1533 2849 ﬁdem
1564 2788 1633 2840 de
1669 2787 1876 2841 sacriﬁ-
1961 2792 2141 2852 licent,
2160 2791 2249 2842 sed
2268 2806 2359 2857 ego
2376 2790 2476 2842 sub
2500 2792 2718 2842 nullius
2742 2790 2967 2855 redigar
2979 2794 3254 2856 potestate.
3277 2788 3414 2842 Esca
3432 2803 3556 2842 ven-

280 2876 581 2946 catis.quae,
606 2877 757 2946 quod
778 2876 1004 2947 quidem
1026 2877 1184 2947 quasi
1202 2876 1495 2930 irascentis
1526 2875 1695 2929 verba
1722 2884 1872 2942 sunt,
1960 2881 2038 2930 tri
2068 2883 2117 2930 et
2146 2884 2330 2931 venter
2362 2880 2492 2931 escis
2517 2876 2728 2946 (Supra
2757 2882 2852 2943 v1).
2889 2906 2954 2915 —
2982 2878 3100 2929 Mea
3132 2878 3371 2943 defensio
3403 2880 3557 2946 apud

281 2973 331 3016 et
363 2965 719 3019 ostendentis
756 2966 889 3035 quid
930 2966 1061 3018 mali
1102 2966 1277 3036 possit
1306 2982 1503 3037 parere
1535 2965 1787 3031 scientia,
1830 2965 1877 3019 si
1903 3026 1939 3037 Α
1959 2982 2040 3019 eos
2062 2970 2160 3033 qui
2190 2982 2274 3019 me
2295 2969 2647 3033 interrogant
2666 2966 2774 3018 haec
2793 2971 2886 3027 est,
2924 2971 2982 3017 et
3010 2981 3133 3035 quae
3159 2964 3235 3018 sit
3252 2965 3555 3036 subjiciens

272 3068 373 3105 non
390 3054 563 3107 fuerit
581 3026 907 3124 temperata
934 3072 967 3106 a
994 3026 1284 3109 charitate.
1306 3026 1387 3109 ⁸Ιη
1417 3060 1512 3109 tua
1540 3026 1786 3120 scientia,
1818 3056 1878 3108 id
1897 3026 1942 3086 ί]
1958 3026 2120 3107 dicit:
2148 3056 2418 3122 Nunquid
2433 3026 2544 3107 non
2564 3054 2824 3106 habemus
2834 3026 3148 3121 potestdtem
3173 3026 3557 3109 manducandi

273 3148 357 3204 est,
386 3148 486 3195 tua
516 3143 731 3213 peritia
755 3143 916 3197 illum
935 3143 1153 3207 occidit,
1178 3144 1403 3214 quando
1433 3159 1468 3195 a
1499 3149 1555 3196 te
1586 3143 1707 3195 ﬁeri
1737 3143 1878 3198 vidit

267 3231 405 3300 quod
434 3231 532 3285 ille
568 3232 744 3285 aliter
772 3231 1071 3302 intelligit:
1106 3237 1163 3285 et
1184 3238 1246 3285 tu
1284 3232 1394 3284 eris
1430 3232 1646 3285 occasio
1680 3231 1875 3286 mortis

266 3318 436 3385 fratri,
461 3337 645 3391 quem
672 3320 930 3374 Christus
960 3326 1026 3375 ut
1054 3320 1354 3374 redimeret
1389 3321 1635 3390 cruciﬁgi
1665 3338 1724 3373 se
1755 3336 1875 3391 per-

266 3407 429 3473 misit,
460 3427 528 3463 ac
557 3426 671 3480 per
698 3409 803 3462 hoc
832 3410 1133 3479 aliquando
1155 3409 1224 3462 ab
1256 3409 1492 3463 scientia
1521 3409 1876 3462 dissimulan-

262 3496 389 3549 dum
414 3499 585 3552 docet
606 3498 908 3552 charitatis
938 3515 1125 3564 causa,
1151 3498 1282 3569 quia
1303 3498 1425 3551 sine
1446 3497 1615 3551 dubio
1638 3498 1762 3568 plus
1793 3505 1878 3550 est

260 3586 401 3640 salus
423 3587 633 3641 fratris
662 3604 831 3657 quam
850 3587 1024 3652 cibus,
1049 3588 1179 3658 quia
1205 3588 1333 3656 licet
1364 3587 1610 3657 quidem,
1637 3587 1733 3639 sed
1763 3603 1875 3639 non

258 3676 507 3744 expedit:
546 3678 668 3730 hoc
703 3677 813 3729 erit
842 3677 1161 3745 cognovisse
1205 3676 1350 3729 sicut
1378 3681 1598 3745 oportet
1626 3681 1683 3727 et
1710 3675 1869 3728 scire.

256 3762 341 3817 Sic
355 3772 551 3819 autem
561 3770 857 3834 peccantes
876 3768 935 3817 in
956 3768 1157 3831 fratres
1168 3770 1215 3817 et
1226 3766 1589 3832 percutientes
1606 3767 1875 3817 conscien-

258 3855 383 3905 tiam
408 3859 665 3908 illorum
697 3857 1008 3920 inﬁrmam,
1030 3857 1091 3906 in
1122 3854 1339 3908 Christo
1356 3855 1605 3920 peccatis.
1637 3852 1872 3915 Quando

1958 3150 2021 3207 et
2038 3143 2273 3196 bibendi.
2293 3144 2410 3196 Hoc
2438 3148 2496 3195 et
2524 3142 2673 3212 quod
2701 3142 2945 3213 dixerat:
2984 3142 3187 3197 Omnia
3206 3143 3349 3197 mihi
3366 3147 3549 3199 licent.

1956 3233 2228 3300 Nunquid
2256 3248 2367 3286 non
2387 3232 2644 3285 habemus
2662 3238 2979 3300 potestatem
2998 3235 3293 3286 mulierem
3322 3236 3560 3287 circum-

1957 3323 2207 3385 ducendi,
2242 3324 2383 3374 sicut
2422 3326 2471 3373 et
2509 3323 2688 3374 ceteri
2718 3324 2964 3389 apostoli,
2990 3326 3039 3374 et
3065 3322 3272 3387 fratres
3307 3324 3549 3386 Domini,

1957 3416 2004 3463 et
2035 3411 2233 3478 Cephas
2258 3417 2280 3462 ?
2303 3410 2434 3463 Ideo
2454 3409 2667 3463 addidit
2687 3415 2735 3462 et
2767 3411 2987 3478 Cephas,
3018 3410 3151 3481 quia
3178 3426 3307 3464 cum
3334 3411 3550 3482 primus

1958 3504 2107 3551 esset
2136 3498 2284 3551 inter
2313 3499 2613 3568 apostolos,
2643 3514 2755 3551 non
2800 3497 3082 3552 refutabat
3108 3506 3367 3570 sumptus
3406 3499 3555 3554 obla-
3654 3554 3657 3555 ν
3700 3483 3707 3489 ’

1956 3592 2063 3639 tos.
2098 3587 2316 3657 Cephas
2347 3586 2464 3656 ipse
2500 3593 2587 3639 est
2625 3586 2816 3640 Simon
2854 3587 3072 3640 Petrus.
3106 3588 3366 3642 Mulieres
3401 3589 3551 3642 enim

1957 3675 2233 3733 desiderio
2253 3675 2520 3728 doctrinae
2542 3675 2842 3729 Dominicae
2864 3680 2922 3728 et
2938 3677 3151 3745 cupidas
3170 3676 3441 3730 virtutum
3471 3693 3555 3730 se-

1958 3763 2275 3834 quebantur
2300 3763 2599 3832 apostolos,
2622 3762 3007 3816 ministrantes
3028 3763 3108 3815 eis
3138 3770 3196 3815 et
3222 3769 3480 3833 sumptus
3498 3770 3557 3817 et

1956 3852 2200 3917 servitia,
2221 3851 2364 3905 sicut
2392 3856 2448 3903 et
2476 3851 2820 3904 Salvatorem
2848 3856 3050 3904 secutae
3079 3856 3212 3903 sunt
3227 3850 3552 3905 ministran-

255 3941 397 3994 enim
427 3943 750 3996 charitatis
787 3958 900 3995 non
928 3942 1115 3996 aemuli
1155 3947 1303 4006 sunt,
1338 3957 1447 4011 qua
1487 3940 1742 3994 Christus
1772 3957 1874 3994 nos
1953 3946 2040 3994 tes
2071 3940 2122 3993 ei
2145 3941 2215 3993 de
2241 3938 2597 3993 facultatibus
2617 3939 2750 3993 suis.
2781 3939 3056 3992 Autsolus
3083 3955 3174 4007 ego
3200 3944 3250 3992 et
3269 3941 3553 3996 Barnabas

252 4030 525 4095 liberavit,
549 4036 801 4102 peccant
827 4031 885 4083 in
916 4029 1167 4094 Christo;
1192 4046 1305 4083 non
1325 4029 1385 4082 in
1406 4029 1713 4094 Christum,
1743 4030 1875 4100 quia
1958 4046 2070 4083 non
2089 4030 2348 4082 habemus
2366 4033 2680 4096 potestatem
2701 4029 2797 4081 hoc
2816 4030 3083 4096 operandi
3093 4034 3116 4081 ?
3140 4028 3257 4082 Hoc
3284 4035 3370 4083 est
3388 4029 3552 4084 habe-

252 4118 619 4174 inChristum
638 4135 875 4190 peccare
895 4135 1101 4187 negare
1122 4119 1410 4172 Christum
1427 4124 1512 4172 est
1536 4135 1545 4169 :
1574 4119 1633 4170 in
1653 4119 1873 4172 Christo
1956 4134 2082 4171 mus
2112 4122 2450 4188 potestatem
2489 4116 2777 4187 operandi,
2816 4117 2914 4170 sed
2944 4118 3235 4185 nolumus;
3276 4132 3376 4189 pro
3415 4120 3553 4173 acci-

244 4216 451 4273 autem,
492 4211 555 4263 in
600 4210 735 4262 haec
777 4225 900 4278 quae
934 4214 1067 4262 sunt
1105 4208 1332 4272 Christi,
1378 4208 1523 4261 sicut
1559 4213 1614 4260 et
1659 4207 1748 4259 hic
1778 4207 1872 4277 qui
1956 4205 2705 4276 pienditamenmperandi»
2728 4205 3547 4278 ait,uthonestiusloqueretur,

242 4296 339 4348 sub
368 4299 496 4367 lege
540 4304 663 4355 est.
709 4298 769 4350 in
798 4298 919 4366 lege
951 4296 1157 4350 dicitur
1195 4312 1443 4367 peccare,
1470 4297 1549 4349 ita
1579 4301 1633 4349 et
1664 4296 1741 4361 hi,
1779 4296 2013 4367 quinet
2043 4301 2107 4349 ut
2140 4295 2245 4349 hoc
2281 4296 2594 4361 conﬁrmet,
2632 4295 2887 4365 exempla
2918 4294 3146 4366 subjicit
3163 4297 3381 4350 dicens:
3417 4299 3550 4364 Quis

238 4385 336 4439 sub
351 4387 599 4441 Christo
612 4390 778 4452 sunt,
796 4386 854 4439 in
869 4385 1092 4439 Christo
1109 4401 1338 4455 peccare
1350 4384 1632 4439 dicuntur.
1648 4387 1874 4453 Propter
1893 4384 1936 4400 "
1956 4387 2164 4438 militat
2175 4387 2290 4437 suis
2309 4386 2595 4452 stipendiis
2610 4386 3252 4452 unquammuisptantat
3267 4388 3487 4439 vineam
3501 4392 3553 4439 et

239 4478 377 4540 quod
391 4480 445 4528 si
464 4494 595 4529 esca
618 4476 979 4529 scandalizat
994 4476 1249 4541 fratrem,
1266 4490 1379 4528 non
1395 4476 1541 4527 edem
1564 4489 1788 4527 carnem
1812 4477 1873 4527 in
1955 4474 2019 4525 de
2044 4475 2235 4540 fructu
2266 4476 2381 4541 ejus
2412 4488 2523 4527 non
2551 4471 2699 4525 edit?
2741 4474 2872 4539 Quis
2895 4475 3072 4541 pascit
3095 4488 3312 4541 gregem
3338 4477 3542 4538 ovium,

235 4569 528 4627 eternum,
555 4581 632 4618 ne
646 4564 1365 4631 fratremscandatizemln
1378 4568 1599 4616 tantum
1612 4561 1873 4615 charitati
1955 4566 2003 4614 et
2030 4563 2092 4614 de
2124 4565 2259 4615 lacte
2288 4577 2484 4614 earum
2514 4575 2626 4614 non
2650 4563 2917 4629 percipit?
2945 4561 3216 4629 Nunquid
3243 4563 3547 4617 secundum

236 4653 594 4707 studendum
634 4652 827 4714 docet,
868 4657 934 4705 ut
970 4652 1123 4705 licita
1160 4668 1261 4722 pro
1301 4651 1511 4705 illicitis
1540 4651 1868 4717 habeantur,
1954 4650 2233 4703 hominem
2272 4652 2379 4704 haec
2418 4653 2609 4718 loquor
2639 4654 2663 4702 ν
2708 4648 2769 4703 Id
2807 4654 2911 4715 est,
2951 4650 3204 4721 nunquid
3237 4651 3544 4707 humanam

234 4756 296 4795 ne
334 4742 540 4796 obsint
580 4740 764 4795 fratri
806 4759 817 4792 :
860 4746 1132 4811 quantum
1170 4742 1322 4795 enim
1362 4741 1496 4794 mali
1532 4746 1618 4794 est
1662 4758 1763 4812 per
1809 4740 1872 4793 il-
1955 4739 2246 4792 scientiam
2283 4754 2488 4809 sequor
2511 4739 2536 4790 ?
2573 4739 2663 4792 An
2690 4744 2739 4792 et
2777 4742 2862 4792 tea:
2890 4739 2998 4793 haec
3024 4740 3211 4793 eadem
3242 4756 3356 4795 non
3388 4742 3541 4797 dicit.

234 4829 380 4883 licita
420 4848 545 4885 non
592 4829 960 4899 delinquere,
993 4834 1050 4883 et
1076 4847 1177 4901 per
1205 4846 1270 4883 ea
1302 4846 1423 4900 quae
1450 4846 1713 4884 concessa
1741 4836 1874 4885 sunt
1955 4827 2303 4882 Concordare
2322 4826 2514 4880 docuit
2531 4842 2703 4896 supra
2720 4827 2872 4881 dicta
2897 4827 3220 4882 testimonia
3246 4829 3547 4885 documen-

228 4918 543 4987 oﬁ‘endere,
615 4926 692 4973 ut
748 4919 833 4971 lex
899 4924 1149 4972 servetur
1200 4919 1258 4972 in
1312 4918 1494 4983 licitis,
1552 4919 1608 4971 in
1649 4918 1871 4972 illicitis
1954 4915 2027 4969 tis
2058 4915 2279 4979 divinis,
2306 4920 2370 4969 ut
2400 4914 2660 4968 ostendat
2685 4930 2799 4968 non
2827 4914 2948 4969 sine
2976 4932 3146 4970 causa
3174 4916 3370 4988 utique
3397 4918 3545 4973 nolle

228 5024 333 5062 non
369 5010 787 5071 custodiatur,
827 5007 962 5060 dum
1000 5007 1411 5061 inconsiderate
1450 5008 1731 5061 eduntur?
1760 5009 1870 5061 Lex
1953 5020 2012 5058 se
2042 5004 2111 5058 ab
2138 5004 2249 5058 illis
2287 5009 2547 5073 sumptus
2584 5003 2850 5074 accipere,
2897 5005 3119 5074 quando
3155 5010 3244 5059 tot
3278 5006 3547 5076 exemplis

230 5099 375 5153 enim
409 5101 499 5154 sic
548 5096 853 5171 permisit,
889 5110 1010 5166 quae
1039 5097 1330 5161 concessit,
1365 5104 1429 5151 ut
1456 5096 1654 5150 modus
1682 5102 1871 5150 tamen
1954 5093 2201 5147 ostendit
2236 5098 2295 5146 et
2337 5092 2585 5145 dandum
2623 5099 2681 5145 et
2714 5092 3097 5162 accipiendum
3139 5110 3277 5147 esse.
3327 5096 3396 5148 In
3437 5098 3544 5163 lege

229 5187 293 5239 sit
313 5184 495 5258 quem
513 5185 899 5242 custodiant:
934 5201 1164 5239 uxorem
1184 5192 1334 5239 certe
1362 5185 1490 5239 licet
1521 5172 1746 5249 habere,
1776 5185 1872 5238 sed
1954 5185 2102 5235 enim
2133 5185 2402 5249 scriptum
2427 5186 2500 5234 est
2524 5182 2693 5250 (Deut.
2720 5183 2882 5247 xxv):
2921 5181 3042 5235 Non
3061 5183 3321 5248 alligabis
3350 5198 3406 5236 os
3427 5184 3547 5237 boui

234 5275 275 5328 si
310 5279 619 5333 fornicata
672 5274 868 5339 fuerit,
912 5273 1225 5345 abjicienda
1264 5280 1367 5339 est,
1412 5275 1492 5328 ita
1540 5280 1597 5327 et
1645 5290 1870 5327 carnem
1958 5273 2274 5324 trituranti.
2298 5270 2497 5339 (Greg.)
2516 5270 2579 5322 In
2598 5267 2774 5321 bobus
2803 5285 2938 5346 ergo
2969 5269 3268 5341 aliquando
3292 5272 3543 5326 luxurio-

230 5366 352 5421 licet
380 5370 596 5429 edere,
653 5364 765 5419 sed
806 5363 853 5417 si
898 5361 1060 5417 idolis
1102 5362 1289 5420 oblata
1327 5362 1512 5430 fuerit,
1557 5362 1873 5432 respuenda
1952 5375 2143 5413 eorum
2164 5358 2464 5421 dementia,
2491 5357 2792 5428 aliquando
2810 5358 3090 5413 laboriosa
3115 5360 3384 5415 fortitudo
3401 5376 3547 5432 pra:-

231 5467 319 5507 εει,
1952 5447 2280 5513 dicentium,
2314 5446 2614 5519 aliquando
2644 5446 2933 5505 humilitas
2966 5449 3300 5520 exprimitur
3326 5446 3547 5506 Israeli-

1951 5543 2159 5605 tarum,
2186 5536 2322 5608 quia
2339 5536 2495 5594 enim
2520 5536 2678 5593 bovis
2711 5535 2940 5593 nomine
2965 5543 3025 5593 et
3049 5554 3151 5611 per
3177 5538 3547 5611 comparatio-
