3974 6188
435 304 500 358 79
1029 301 1088 352 Β.
1134 298 1401 351 RABANI
1441 297 1670 352 MAURI
1710 295 2044 350 ARCHIEP.
2086 296 2408 351 MOGUNT.
2451 297 2747 351 OPERUM
2784 296 2968 350 PARS
3006 296 3103 352 ΙΙΙ.
3633 301 3701 354 80

433 409 562 482 nem
575 426 988 482 luxuriosorum
1005 421 1290 476 dementia
1308 420 1653 490 designatur,
1663 420 1926 474 Salomon
1940 420 2094 488 jn~A
2111 419 2240 474 inde
2266 421 2415 474 vivat
2444 420 2538 474 ubi
2569 420 2818 474 laborat:
2841 421 2986 475 hanc
3013 437 3146 491 ergo
3167 422 3444 476 rationem
3470 424 3574 494 ipsi
3605 442 3701 478 na-

431 517 598 582 dicat,
630 515 726 586 qui
752 531 880 568 cum
909 509 1344 566 malesuadentis
1365 509 1618 563 mulieris
1652 508 2024 578 petulantiam

431 604 758 678 praemisset,
778 599 1066 672 adjunxit:
1099 600 1404 666 S'ati—mque
1433 614 1552 651 eam
1577 601 1844 666 sequitur,
1866 599 2027 666 quasi

431 697 519 750 bos
541 697 738 749 ductus
765 692 840 744 ad
867 691 1151 743 victimam
1187 689 1364 754 (Prov.
1388 690 1504 755 vn).
1535 686 1749 739 Rursus
1781 685 1913 756 quia
1930 685 2024 738 bo-

428 783 510 837 vis
533 781 758 836 nomine
776 777 934 832 labor
953 775 1330 847 praedicatoris
1346 773 1680 846 exprimitur
1697 773 1836 843 legis
1854 773 2024 828 verba

429 875 728 934 testantur,
758 866 856 922 ubi
882 866 1121 935 legitur:
1158 865 1281 918 Non
1309 865 1580 917 obturatis
1614 880 1669 917 os
1699 864 1818 917 bovi
1850 865 2022 916 tritu-

430 962 612 1023 ranti;
641 974 709 1012 ac
734 957 784 1012 si
813 960 1006 1027 aperte
1034 953 1278 1008 diceret:
1313 951 1742 1006 Praedicatorem
1770 950 1924 1005 verbi
1951 950 2020 1005 ab

427 1046 836 1119 stipendiorum
871 1059 1105 1098 suorum
1149 1040 1505 1112 perceptione
1552 1057 1664 1094 non
1699 1039 2015 1110 prohibeas.

428 1138 672 1193 Rursum
701 1134 836 1206 quia
861 1131 1017 1186 bovis
1047 1130 1274 1188 nomine
1303 1129 1458 1201 plebs
1483 1128 1789 1184 Israelitica
1817 1129 2021 1198 ﬁgura-

2105 515 2247 563 turze
2277 515 2334 563 et
2361 509 2768 563 conversationi
2797 509 3057 563 humanae
3083 509 3358 564 decrevit:
3387 511 3490 564 hoc
3508 519 3696 566 tamen

2106 597 2176 651 ad
2203 599 2492 652 cumulum
2527 598 2710 652 adhuc
2745 599 2958 652 addens
2989 604 3190 668 gravat
3221 616 3468 665 causam,
3501 609 3565 655 ut
3587 617 3698 655 non

2105 686 2223 740 leve
2252 687 2421 740 faciat
2447 703 2632 758 neque
2664 686 2940 752 odiosum,
2974 688 3122 758 quod
3164 687 3338 742 tantis
3362 689 3700 744 testimoniis

2104 776 2476 840 commendat,
2511 782 2569 830 et
2595 792 2707 829 non
2735 781 2928 829 tamen
2959 775 3063 829 sibi
3093 778 3360 846 proiicere
3389 778 3506 831 vult
3533 795 3602 832 ne
3629 779 3698 832 li-

2105 863 2378 918 bertatem
2417 865 2693 934 arguendi
2731 863 3010 919 humiliet.
3048 865 3156 933 Ego
3185 871 3374 920 autem
3413 871 3569 921 nullo
3603 869 3700 920 ho~

2102 967 2232 1006 rum
2250 969 2383 1006 usus
2401 970 2544 1006 sum.
2569 954 2876 1023 Postquam
2897 953 3090 1007 multis
3106 953 3290 1008 modis
3305 955 3552 1008 ostendit
3563 955 3696 1010 lice-

2101 1057 2162 1094 re
2182 1041 2450 1112 accipere,
2468 1041 2571 1094 sibi
2584 1048 2776 1096 tamen
2788 1059 2900 1096 non
2916 1059 3055 1113 opus
3068 1059 3208 1107 esse,
3227 1042 3386 1096 obest
3399 1043 3550 1097 enim
3561 1045 3701 1098 acci—

2103 1147 2236 1201 pere
2275 1147 2311 1184 a
2353 1130 2729 1200 peccantibus,
2785 1130 2929 1186 sicut
2974 1147 3146 1202 supra
3200 1132 3526 1186 memoravi.
3576 1134 3694 1186 Non

425 1233 537 1292 tur,
584 1223 861 1296 propheta
898 1220 1101 1274 asserit
1140 1218 1237 1290 qui
1287 1217 1678 1289 Redemptoris
1717 1217 2021 1272 adventum
2101 1221 2295 1287 scripti
2314 1225 2498 1272 autem
2517 1221 2625 1273 haec
2647 1224 2711 1272 ut
2739 1221 2820 1272 ita
2847 1221 2987 1288 ﬁant
3010 1223 3075 1274 in
3101 1237 3204 1274 me.
3221 1221 3434 1275 Bonum
3457 1227 3533 1274 est
3549 1225 3696 1275 enim

425 1313 766 1370 denuntians
793 1309 954 1364 dicit:
985 1310 1243 1376 Cognovit
1263 1308 1350 1361 bos
1373 1321 1726 1375 possessorem
1753 1299 1937 1370 suum,
1972 1310 2022 1359 et
2104 1307 2245 1360 mihi
2260 1311 2436 1374 magis
2447 1310 2594 1361 mori
2607 1323 2778 1375 quam
2793 1310 3110 1375 utgloriam
3125 1325 3304 1362 meam
3319 1312 3442 1376 quis
3462 1315 3694 1363 eracuel.

425 1407 620 1457 asinus
643 1415 876 1470 prasepe
902 1399 1120 1452 domini
1145 1399 1238 1450 sui
1268 1397 1394 1463 (Isa.
1429 1397 1488 1463 1).
1514 1395 1623 1448 Per
1651 1393 1845 1448 bovem
1878 1393 2021 1448 scili-
2104 1395 2354 1448 Gloriam
2381 1411 2542 1449 suam
2567 1395 2703 1449 dicit
2725 1395 2784 1448 in
2811 1412 2896 1462 eo,
2921 1395 2970 1448 si
2999 1396 3274 1466 evangelii
3305 1397 3702 1452 severitasma-

427 1498 516 1547 cet
542 1488 913 1546 Israeliticum
963 1484 1232 1557 populum
1263 1485 1401 1554 jugo
1445 1483 1585 1553 legis
1612 1483 1924 1537 edomitum
1951 1482 2022 1535 si-
2103 1491 2254 1548 neat,
2281 1490 2339 1537 et
2354 1484 2535 1553 magis
2563 1483 2707 1538 mori
2736 1483 2912 1553 eligit,
2941 1501 3111 1554 quam
3141 1485 3414 1555 evangelii
3437 1487 3570 1556 jura
3589 1486 3700 1540 vio-

425 1597 624 1651 gnans,
639 1594 741 1650 per
767 1576 990 1630 asinum
1017 1590 1148 1628 vero
1173 1573 1444 1644 gentilem
1473 1571 1742 1643 populum
1770 1571 2022 1625 indicans
2103 1573 2240 1638 lare,
2269 1573 2449 1626 sciens
2477 1573 2581 1626 hoc
2607 1573 2788 1642 magis
2814 1572 2920 1626 sibi
2947 1575 3213 1644 proficere
3243 1575 3314 1627 ad
3337 1575 3586 1628 futuram
3617 1593 3703 1629 sa-

427 1665 804 1738 voluptatibus
839 1664 1094 1718 deditum
1123 1667 1181 1716 et
1203 1661 1430 1732 gravius
1467 1660 1718 1714 brutum.
1753 1659 2024 1728 Nunquid
2042 1736 2076 1738 _
2103 1661 2306 1724 lutem;
2327 1661 2578 1715 debitum
2603 1661 2755 1715 enim
2782 1660 3115 1732 obsequium
3151 1661 3348 1716 abnuit
3380 1662 3451 1717 ab
3478 1663 3566 1716 bis
3594 1663 3697 1717 sibi

425 1759 491 1812 de
519 1736 683 1811 bobus
713 1770 850 1810 cura
878 1758 952 1807 est
982 1753 1084 1806 Deo
1114 1757 1138 1804 Ρ
1169 1751 1371 1818 (.4mb.)
1413 1748 1648 1804 Interim
1686 1748 1878 1820 paucis
1918 1736 2374 1821 hocBimpendi,
2400 1766 2469 1804 ne
2487 1767 2589 1820 per
2609 1749 2712 1803 hoc
2731 1749 3006 1820 accipiant
3026 1751 3288 1805 fiduciam
3312 1751 3691 1822 delinquendi.

428 1845 798 1900 absolvemus.
830 1843 895 1896 In
929 1842 1073 1895 Jona
1100 1839 1252 1893 enim
1290 1838 1566 1910 propheta
1601 1837 1870 1908 scriptum
1901 1841 2018 1890 est:

428 1935 552 1990 Non
571 1948 804 2004 parcam
833 1932 1048 1986 civitati
1075 1932 1139 1982 in
1157 1944 1266 1997 qua
1296 1929 1550 1981 habitant
1564 1930 1693 1995 plus
1718 1942 1888 1995 quam
1905 1942 2025 1979 cen-

429 2029 550 2077 tum
562 2023 767 2090 viginti
781 2021 966 2074 millia
981 2019 1349 2081 hominum,et
1359 2031 1556 2084 pecora
1576 2018 1755 2069 multa
1773 2015 2018 2082 (Jonav);

427 2115 488 2166 et
514 2107 998 2179 Psalmigraphus:
1031 2107 1308 2171 Homines,
1333 2103 1536 2176 inquit,
1557 2109 1605 2157 et
1619 2107 1879 2172 jumenta
1906 2105 2020 2157 sal-

427 2201 580 2255 vabis
602 2200 766 2265 (Psal.
790 2199 985 2263 xxxv),
1010 2193 1288 2265 quomodo
1307 2209 1440 2263 ergo
1461 2193 1611 2246 Deus
1632 2208 1745 2246 non
1763 2196 1924 2246 curat
1951 2191 2022 2244 de

431 2286 605 2342 bobus
629 2292 689 2340 et
715 2283 1042 2356 pecoribus?
1083 2283 1182 2336 sed
1223 2298 1335 2336 non
1359 2287 1520 2336 curat
1546 2281 1616 2334 de
1641 2279 1815 2334 bobus
1843 2285 1901 2333 et
1931 2296 2022 2349 pe-

427 2375 648 2430 coribus
677 2377 908 2444 propter
935 2372 1050 2425 haec
1077 2371 1218 2442 ipsa,
1249 2370 1348 2424 sed
1373 2375 1602 2440 propter
1625 2385 1746 2434 nos,
1779 2384 2018 2438 quorum

2104 1839 2251 1893 Nam
2277 1842 2328 1892 si
2352 1842 2737 1906 evangelizem,
2769 1855 2882 1892 non
2910 1845 2984 1892 est
3011 1839 3153 1893 mihi
3187 1843 3394 1906 gratia,
3416 1843 3698 1894 necessitas

2105 1930 2254 1980 enim
2275 1928 2417 1980 mihi
2434 1928 2722 1980 incumbit.
2743 1927 2898 1980 Sicut
2910 1926 3048 1981 dicit
3061 1927 3353 1992 Dominus,
3372 1947 3396 1978 α
3418 1945 3546 1982 cum
3561 1928 3700 1982 fece-

2104 2014 2228 2068 ritis
2267 2032 2390 2086 quze
2429 2015 2552 2068 dico
2586 2013 2760 2080 vobis,
2803 2014 2970 2068 dicite
3013 2015 3156 2068 servi
3203 2015 3430 2068 inutiles
3481 2033 3696 2072 sumus.

2105 2119 2226 2173 quae
2255 2103 2552 2158 debuimus
2578 2103 2780 2169 facere,
2803 2103 3052 2157 fecimus.
3075 2124 3100 2156 )›
3137 2105 3214 2157 Va
3240 2107 3388 2157 enim
3421 2105 3564 2158 mihi
3590 2109 3696 2158 erit

2103 2195 2154 2245 si
2163 2208 2294 2253 .non
2311 2194 2679 2261 pradicavero
2701 2195 3072 2260 evangelium.
3105 2193 3309 2246 Missus
3335 2192 3485 2246 enim
3509 2209 3702 2248 servus

2103 2298 2138 2334 a
2165 2281 2423 2346 Domino,
2452 2280 2584 2334 facit
2613 2281 2782 2334 etiam
2812 2281 3020 2334 invitus
3051 2281 3198 2350 quod
3227 2280 3331 2334 sibi
3360 2288 3700 2352 praeceptum

2103 2375 2206 2436 est,
2239 2369 2285 2422 si
2317 2369 2637 2439 quominus,
2657 2369 3002 2439 astringatur
3029 2369 3210 2439 plagis
3236 2385 3461 2423 necesse
3477 2377 3580 2424 est.
3599 2371 3703 2424 De-

427 2481 599 2520 causa
621 2467 756 2517 sunt
772 2461 952 2515 facta:
992 2459 1118 2514 ideo
1146 2460 1216 2513 de
1245 2458 1407 2513 nobis
1434 2463 1611 2522 curat,
1647 2474 1759 2511 non
1788 2457 1858 2510 de
1884 2456 2013 2521 illis,
2100 2457 2270 2528 nique
2293 2459 2513 2529 Moyses
2539 2457 2747 2510 invitus
2777 2457 2982 2510 missus
3019 2464 3104 2510 est
3141 2459 3211 2510 ad
3241 2459 3617 2522 Pharaonem,
3647 2469 3702 2512 et

428 2557 538 2608 Aut
551 2554 734 2622 potius
753 2553 943 2618 utique
956 2553 1180 2618 propter
1207 2565 1304 2602 nos
1329 2549 1480 2611 dicit,
1503 2552 1727 2616 propter
1754 2562 1850 2599 nos
1868 2548 2017 2599 enim
2101 2548 2270 2601 Jonas
2294 2553 2518 2600 coactus
2537 2552 2622 2600 est
2646 2546 2948 2616 praedicare
2965 2545 3246 2600 Ninivitis.
3270 2548 3414 2602 Nam
3435 2550 3487 2600 si
3517 2551 3699 2602 volens

428 2644 697 2709 scriptum
715 2643 808 2692 est.
835 2637 965 2704 (Per
991 2638 1233 2706 figuram
1259 2635 1412 2689 enim
1441 2635 1632 2689 omnia
1650 2633 1800 2688 dicta
1827 2633 1897 2687 ad
1918 2649 2020 2687 nos
2101 2637 2198 2689 hoc
2224 2652 2343 2703 ago,
2364 2636 2660 2688 mercedem
2674 2635 2856 2688 habeo.
2877 2634 3235 2688 Manifestum
3260 2641 3362 2697 est,
3387 2635 3519 2706 quia
3534 2653 3700 2689 nemo

427 2730 771 2795 transeunt):
794 2727 1068 2793 Quoniam
1089 2727 1190 2794 qui
1211 2727 1276 2777 in
1307 2739 1394 2792 spe
1421 2729 1551 2777 arat
1574 2728 1622 2776 et
1652 2725 1901 2785 triturat,
1927 2724 2018 2776 de-
2101 2723 2302 2794 accipit
2328 2723 2840 2777 remunerationem
2870 2724 2992 2792 ejus
3015 2723 3098 2776 rei
3127 2741 3296 2794 quam
3325 2724 3534 2789 invitus
3559 2725 3694 2794 agit.

428 2819 509 2872 bet
535 2818 650 2886 spei
673 2831 785 2869 sua
801 2815 1054 2882 fructum
1067 2815 1362 2882 percipere.
1389 2811 1599 2865 Verum
1626 2815 1730 2876 est,
1764 2810 1896 2880 quia
1919 2809 2021 2864 hac
2104 2812 2162 2866 Si
2192 2811 2344 2866 enim
2375 2811 2740 2877 voluntarius,
2764 2812 2969 2881 dignus
3001 2813 3256 2866 mercede
3286 2819 3390 2878 est,
3421 2813 3554 2883 quia
3572 2830 3702 2868 con-

425 2921 526 2978 spe
551 2903 858 2968 laboratur,
890 2907 957 2956 ut
979 2901 1194 2956 fructus
1210 2900 1483 2970 capiatur.
1515 2899 1579 2953 Si
1608 2915 1704 2953 nos
1733 2899 1880 2952 vobis
1906 2901 2022 2968 spi-
2101 2900 2274 2954 sentit
2313 2900 2542 2954 domino
2582 2907 2639 2954 et
2676 2901 2823 2970 quod
2863 2902 3148 2955 voluntate
3188 2903 3251 2954 fit
3291 2900 3490 2954 melius
3520 2905 3600 2955 tit.
3635 2903 3700 2958 Si

427 2995 624 3048 ritalia
643 2993 1057 3054 seminavimus,
1083 3005 1352 3057 magnum
1372 2994 1466 3054 est,
1488 2991 1538 3041 si
1555 2993 1733 3042 vestra
1761 2990 2019 3042 carnalia
2044 3049 2078 3057 _
2101 2994 2284 3042 autem
2315 2991 2541 3053 invitus,
2566 2991 2896 3056 dispensatio
2919 2991 3060 3044 mihi
3084 2991 3292 3044 credita
3322 2996 3416 3044 est.
3450 2991 3566 3044 Nec
3592 2991 3700 3044 hoc

427 3088 714 3137 metamus.
755 3081 882 3135 Non
915 3049 1052 3133 dicit
1087 3049 1376 3148 magnum,
1417 3049 1599 3147 neque
1643 3092 1746 3146 par
1783 3093 1923 3140 esse,
1969 3075 2017 3130 si
2037 3049 2081 3110 θ
2101 3075 2398 3130 obscurum
2427 3049 2534 3142 est,
2557 3049 2691 3146 quia
2717 3077 2812 3147 qui
2839 3077 3132 3132 indevotus
3164 3077 3376 3148 aliquid
3407 3077 3556 3144 facit,
3583 3094 3699 3132 non

423 3169 866 3241 evangelizantes
885 3183 1123 3238 regnum
1143 3165 1264 3232 Dei,
1281 3171 1340 3220 et
1359 3165 1569 3219 melesti
1591 3164 1712 3219 cibo
1729 3164 2019 3219 ecclesiam
2099 3165 2386 3218 voluntate
2404 3165 2555 3230 facit,
2581 3165 2678 3218 sed
2711 3165 3062 3231 necessitate,
3083 3165 3216 3236 quia
3231 3166 3382 3219 enim
3403 3168 3698 3237 potestatis

421 3258 763 3330 saginantes,
795 3257 1062 3311 alimenta
1090 3254 1339 3326 corporis
1367 3258 1673 3318 sumerent,
1706 3259 1772 3307 ut
1796 3253 2018 3308 traden-
2101 3270 2214 3308 suae
2240 3270 2353 3307 non
2391 3259 2495 3319 est,
2526 3253 2661 3307 facit
2683 3253 2890 3308 invitus
2919 3255 3067 3324 quod
3088 3254 3194 3308 sibi
3219 3261 3559 3326 praeceptum
3588 3263 3693 3310 est.

421 3353 507 3402 tes
533 3352 762 3414 eterna,
791 3349 1268 3416 consequerentur
1290 3343 1643 3414 temporalia.
1665 3343 1730 3398 Si
1756 3345 1862 3396 alii
1874 3347 2018 3410 pote-
2101 3343 2227 3410 Quae
2253 3358 2378 3409 ergo
2398 3345 2504 3396 erit
2523 3359 2722 3396 merces
2735 3359 2871 3406 mea,
2897 3343 2958 3396 Ut
2972 3347 3318 3412 evangelium
3339 3347 3697 3398 annuntians

421 3441 556 3491 state
583 3440 764 3490 vestra
797 3439 1058 3498 utuntur,
1093 3448 1274 3486 nonne
1305 3435 1481 3499 magis
1511 3447 1607 3484 nos
1627 3436 1652 3484 Ρ
1689 3430 1748 3485 Si
1777 3429 1930 3484 enim
1957 3429 2016 3483 hi
2097 3434 2217 3485 sine
2245 3436 2466 3498 sumptu
2491 3446 2698 3499 ponam
2725 3434 3091 3498 evangelium,
3111 3437 3174 3485 ut
3194 3448 3306 3485 non
3332 3433 3537 3486 abutar
3553 3439 3697 3501 pote-

421 3525 516 3596 qui
535 3509 636 3596 per
652 3522 1004 3593 evangelium
1021 3522 1220 3576 Patres
1237 3519 1407 3574 vestri
1437 3536 1549 3574 non
1567 3524 1717 3584 sunt,
1739 3535 1842 3572 nec
1863 3535 2016 3572 eum-
2096 3525 2232 3574 state
2259 3535 2378 3572 mea
2409 3521 2472 3572 in
2491 3521 2786 3586 evangelio.
2808 3519 3084 3590 Repressa
3109 3519 3404 3574 verborum
3420 3521 3697 3590 jactantia

418 3613 550 3667 dem
574 3612 838 3667 affectum
871 3609 1083 3665 habent
1118 3626 1255 3680 erga
1291 3625 1408 3674 vos,
1454 3608 1777 3662 facultatem
1804 3607 2016 3661 habent
2095 3607 2388 3677 gloriatur,
2421 3612 2478 3660 et
2506 3607 2626 3660 vult
2667 3607 2907 3678 intelligi
2947 3614 3159 3678 quanta
3203 3609 3408 3678 dignus
3437 3609 3696 3662 mercede

417 3699 744 3772 accipiendi,
767 3705 978 3770 quanto
1009 3698 1190 3769 magis
1218 3699 1357 3752 nos?
1379 3704 1434 3752 et
1461 3696 2012 3764 subauditurhvestri
2093 3696 2184 3762 sit,
2210 3696 2342 3766 quia
2367 3701 2645 3766 potestate
2671 3713 2773 3750 sua
2796 3713 2908 3750 non
2935 3697 3116 3751 utitur
3134 3697 3194 3752 in
3213 3698 3520 3767 evangelio,
3557 3699 3695 3752 dum

416 3789 674 3861 apostoli,
692 3788 828 3860 quia
854 3787 1141 3843 Barnabas
1167 3787 1452 3858 apostolus
1480 3791 1620 3840 erat.
1648 3785 1754 3842 Sed
1783 3801 1896 3839 non
1923 3801 2013 3838 su-
2092 3785 2308 3855 respuit
2333 3783 2548 3838 oblatos
2577 3790 2856 3854 sumptus,
2889 3802 2960 3838 ne
2992 3785 3104 3838 vim
3137 3786 3547 3856 praedicationis
3593 3787 3696 3840 hu-
3739 3821 3750 3826 -

418 3895 544 3934 mus
565 3881 658 3934 usi
679 3879 782 3932 hac
802 3882 1082 3947 potestate,
1105 3879 1197 3931 sed
1220 3879 1414 3930 omnia
1449 3879 1746 3930 toleramus
1777 3891 1842 3928 ne
1868 3875 2013 3942 quod
2093 3873 2298 3927 miliet:
2319 3873 2424 3926 hoc
2446 3877 2533 3926 est
2545 3872 2732 3938 licere,
2751 3873 2848 3926 sed
2867 3890 2980 3928 non
3004 3874 3282 3945 expedire,
3304 3881 3533 3946 propter
3547 3876 3695 3929 salu—

414 3968 872 4036 impedimentum
899 3967 1090 4020 demus
1117 3967 1394 4032 evangelio
1421 3965 1626 4018 Christi
1631 3963 1757 4017 .Diu
1775 3963 2012 4016 occulta—
2093 3967 2209 4015 tem
2229 3962 2489 4027 fratrum,
2523 3967 2588 4015 ut
2615 3978 2698 4016 cox
2710 3961 2986 4032 rigantur.
3030 3963 3233 4017 Forma
3268 3980 3401 4033 ergo
3431 3964 3550 4018 vult
3569 3980 3694 4018 esse

411 4062 538 4109 tum
551 4053 800 4125 prodidit
819 4069 1079 4119 sensum;
1106 4053 1354 4107 ostendit
1370 4052 1522 4106 enim
1538 4057 1796 4122 sumptus
1809 4050 1934 4104 ideo
1949 4067 2009 4104 se
2091 4051 2308 4104 caeteris
2327 4056 2392 4104 ut
2413 4049 2510 4104 ubi
2531 4049 2722 4104 vident
2741 4067 2855 4104 non
2879 4051 3157 4121 expedire,
3185 4051 3355 4106 etiam
3374 4052 3542 4106 licitis
3566 4069 3682 4107 non

413 4142 562 4197 nolle
589 4157 717 4196 cum
740 4141 936 4195 liceret
959 4140 1230 4211 accipere,
1257 4157 1328 4194 ne
1362 4139 1521 4209 vigor
1555 4138 1883 4208 evangelicae
1911 4155 2008 4192 au-
2087 4145 2339 4193 utantur.
2363 4138 2422 4192 Si
2439 4139 2740 4208 quominus
2765 4138 2966 4193 delicto
2982 4141 3120 4194 fient
3135 4140 3248 4194 rei:
3280 4141 3428 4211 quod
3447 4148 3685 4195 sumunt

412 4227 688 4285 ctoritatis
720 4233 1080 4300 torpesceret.
1114 4227 1571 4298 Pseudoapostoli
1597 4227 1750 4280 enim
1781 4242 2008 4298 peccan-
2087 4243 2216 4282 cum
2234 4227 2306 4280 ad
2319 4227 2721 4281 detrimentum
2736 4243 2850 4281 non
2864 4229 3136 4298 proficiat.
3159 4231 3218 4296 (Α
3227 4233 3342 4298 ug.)
3365 4229 3512 4284 Dicit
3526 4229 3682 4283 enim

413 4317 566 4374 tibus
577 4316 1026 4384 blandiebantur,
1043 4317 1292 4371 volentes
1303 4316 1573 4388 accipere,
1594 4316 1674 4370 ita
1696 4321 1762 4370 ut
1775 4331 1886 4368 non
1899 4315 2068 4388 sibih
2087 4317 2387 4387 Apostolus
2420 4315 2588 4369 licere
2631 4315 2736 4369 sibi
2767 4317 2996 4386 quidem
3037 4325 3096 4372 et
3121 4319 3456 4388 permissum
3495 4335 3615 4372 esse
3646 4335 3684 4371 a

416 4365 1026 4384 ---.."-..__.--__-_-,
1057 4365 1450 4388 --η---ηψπ
1465 4365 1573 4382 ---τ
1594 4365 1672 4370 --π
2087 4365 2384 4387 --τηηψτ
2420 4365 2585 4369 __--_-
2631 4365 2736 4369 -η-
2772 4365 2996 4386 Γηη.
3041 4365 3096 4372 -,
3121 4365 3456 4388 ,-_-..--__.._
3497 4365 3614 4372 η--
3646 4365 3684 4371 _

411 4407 736 4464 viderentur
762 4423 990 4478 peccare
1017 4405 1128 4461 illis
1162 4405 1400 4475 subjecti
1423 4423 1436 4471 ;
1467 4405 1565 4459 sed
1593 4403 1862 4476 quoniam
1889 4405 2006 4460 haec
2022 4365 2069 4424 D
2088 4405 2345 4470 Domino,
2377 4411 2442 4458 ut
2459 4405 2555 4475 qui
2581 4405 2933 4474 evangelium
2963 4407 3322 4474 annuntiant,
3357 4407 3425 4461 de
3445 4423 3684 4476 evange-

411 4514 503 4552 res
547 4503 745 4553 contra
779 4494 1157 4566 evangelicum
1194 4500 1318 4549 erat
1351 4493 1722 4565 disciplinam,
1763 4493 1855 4547 hic
1894 4511 2006 4548 non
2088 4493 2164 4548 lio
2179 4494 2384 4558 vivant,
2414 4493 2472 4546 id
2497 4499 2600 4559 est,
2623 4493 2692 4547 de
2715 4495 3004 4564 evangelio
3025 4495 3270 4550 habeant
3297 4512 3366 4550 ea
3387 4513 3510 4566 quae
3551 4495 3685 4550 huic

414 4586 532 4641 vult
566 4586 837 4657 accipere,
876 4591 942 4640 ut
978 4583 1155 4640 libere
1191 4589 1412 4654 arguat,
1446 4599 1518 4636 ne
1546 4583 1606 4636 in
1645 4582 1874 4636 illorum
1899 4599 2006 4637 nu—
2089 4581 2213 4636 vita:
2247 4589 2412 4636 erant
2439 4582 2776 4636 necessaria.
2801 4583 2910 4638 Sed
2933 4589 3052 4638 tum
3076 4602 3134 4638 se
3161 4602 3272 4639 non
3297 4601 3418 4639 esse
3444 4585 3686 4638 abusum

413 4689 569 4727 mero
594 4673 940 4740 inveniatur;
960 4677 1028 4728 ut
1048 4672 1198 4728 enim
1217 4672 1424 4744 regulae
1449 4671 1768 4726 christianae
1788 4671 1868 4725 vis
1893 4688 2009 4726 ma—
2090 4671 2194 4724 hac
2236 4676 2552 4742 potestate:
2593 4679 2756 4725 erant
2794 4672 2946 4726 enim
2994 4674 3156 4728 multi
3197 4674 3293 4744 qui
3338 4673 3693 4728 occasionem

410 4760 758 4827 neretlicita,
773 4761 970 4817 illicita
987 4759 1136 4828 fecit,
1154 4761 1288 4833 quia
1305 4761 1388 4816 illi
1415 4777 1518 4832 per
1529 4759 1810 4816 licentiam
1838 4761 2008 4816 offen-
2090 4759 2297 4813 habere
2336 4759 2638 4830 cupiebant
2678 4760 3004 4831 acquirendi
3045 4769 3104 4815 et
3142 4763 3416 4816 vendendi
3447 4777 3693 4832 evange-

409 4848 636 4904 debant.
659 4849 887 4906 Nescitis
905 4853 1172 4919 quoniam
1191 4854 1292 4920 qui
1312 4854 1375 4906 in
1393 4853 1662 4905 sacrariis
1681 4855 2002 4918 operantur,
2089 4847 2248 4912 lium,
2268 4847 2470 4918 quibus
2492 4865 2617 4902 eam
2638 4849 2829 4904 volens
2852 4856 3149 4921 amputare
3167 4851 3485 4921 Apostolus,
3509 4851 3694 4904 mani-

409 4939 1315 5008 desacrariovivunt,etquialtari
1329 4939 2007 5006 deserviunt,altaripar-
2088 4935 2192 4990 bus
2232 4937 2348 4991 suis
2383 4937 2592 4992 victum
2625 4955 2790 4993 suum
2829 4939 3104 4993 toleravit.
3145 4941 3228 4994 De
3266 4940 3354 4994 his
3391 4939 3542 4994 enim
3574 4939 3700 4994 alio.

411 5026 839 5098 ticipanturhln
873 5024 1138 5082 sacrariis
1170 5025 1354 5098 legem
1375 5025 1676 5098 gentilium
1703 5026 2000 5096 signiﬁcat,
2086 5026 2206 5080 loco
2238 5025 2375 5080 dicit
2403 5028 2480 5094 (ΙΙ
2508 5029 2629 5082 (Jor.
2663 5031 2739 5096 χι)
2777 5045 2788 5080 :
2825 5033 2885 5082 ut
2913 5033 3194 5096 amputem
3223 5032 3556 5083 occasionem
3597 5029 3689 5082 his

409 5117 470 5171 in
485 5115 650 5172 altari
662 5130 793 5171 vero
812 5113 1135 5172 Judaorum
1155 5131 1168 5168 :
1189 5114 1273 5170 sic
1294 5115 1445 5170 enim
1467 5114 1714 5170 decrevit
1731 5115 2003 5170 Dominus
2086 5117 2186 5184 qui
2198 5121 2454 5184 quaerunt
2483 5120 2836 5171 occasionem.
2854 5116 3189 5188 Quanquam
3210 5117 3384 5172 etiam
3413 5116 3557 5172 sicut
3582 5134 3689 5172 ca-

409 5221 510 5274 per
550 5205 800 5276 Moysen,
843 5206 911 5258 ut
939 5202 1014 5257 de
1052 5202 1140 5258 his
1174 5218 1298 5274 quae
1337 5202 1527 5259 oblata
1561 5209 1741 5270 erant,
1781 5209 2002 5274 partem
2083 5203 2192 5258 teri
2221 5209 2280 5258 et
2306 5203 2438 5259 boni
2467 5205 2721 5276 Apostoli
2746 5205 3026 5276 permissu
3054 5206 3280 5261 Domini
3307 5206 3377 5261 de
3393 5205 3686 5277 evangelio

405 5296 696 5347 sumerent
729 5290 1066 5346 sacerdotes.
1109 5293 1198 5346 Ita
1229 5293 1499 5346 Dominus
1524 5293 1678 5346 Jesus
1718 5293 2000 5348 ordinavit
2081 5291 2310 5359 viveret,
2334 5293 2534 5366 etinon
2561 5293 2621 5348 in
2651 5310 2717 5348 eo
2744 5293 2893 5348 victu
2921 5294 3288 5349 constitueret
3314 5295 3486 5349 ﬁnem
3515 5310 3685 5348 evan~

404 5395 488 5435 eos
516 5381 616 5449 qui
642 5382 992 5448 evangelium
1016 5382 1368 5436 annuntiant
1395 5381 1460 5433 de
1487 5382 1764 5449 evangelio
1798 5383 1995 5436 vivere.
2081 5381 2378 5452 gelizandi,
2401 5382 2499 5437 sed
2523 5381 2705 5452 magis
2731 5381 2908 5453 ipsius
2929 5383 3108 5437 victus
3129 5383 3216 5437 sui
3241 5385 3412 5438 tinem
3431 5383 3492 5438 in
3514 5398 3683 5438 evan-

404 5469 532 5524 Non
553 5483 688 5539 ergo
712 5467 864 5524 Deus
880 5483 984 5539 per
1000 5469 1233 5540 Moysen
1258 5467 1556 5539 gentilium
1580 5467 1822 5524 formam
1846 5485 2000 5526 secu-
2079 5470 2227 5540 gelio
2265 5471 2579 5536 collocaret,
2611 5471 2671 5525 id
2708 5475 2812 5537 est,
2845 5488 2960 5526 non
3001 5471 3128 5526 ideo
3155 5473 3580 5544 evangelizaret,
3611 5481 3682 5528 ut

343 5577 352 5584 τ
401 5563 496 5614 tus
519 5561 626 5625 est,
655 5557 758 5616 sed
785 5556 912 5630 ipsa
934 5557 1210 5615 naturalis
1237 5557 1381 5613 ratio
1415 5557 1523 5614 hoc
1548 5555 1741 5626 habet,
1768 5557 1994 5631 utrquie
2079 5560 2398 5631 perveniret
2422 5561 2495 5616 ad
2521 5559 2727 5627 cibum,
2759 5565 2819 5616 et
2835 5560 2884 5616 si
2910 5577 3024 5634 qua
3041 5567 3172 5618 sunt
3196 5561 3311 5618 alia
3335 5561 3680 5631 necessaria,
