3900 6196
302 341 354 393 Sl
775 339 1356 398 ENARRATIONUM
1391 341 1469 396 IN
1508 340 1660 396 EPP.
1703 340 1916 399 PAULI
1955 341 2093 398 LIB.
2133 341 2203 396 X.
2239 370 2302 381 —
2331 339 2409 394 IN
2447 337 2668 394 EPIST.
2710 337 2734 392 Ι
2774 336 2870 390 AD
2908 333 3071 389 COR.

3483 333 3550 389 82

299 465 384 519 sed
407 464 537 518 ideo
565 464 679 518 ista
705 471 979 529 sumeret,
1011 471 1075 519 ut
1103 465 1240 538 illud
1258 465 1537 537 impleret,
1570 481 1640 520 ne
1661 483 1773 520 non
1786 467 2162 527 vo-AJudais
2193 470 2462 533 tanquam
2504 462 2745 527 Judzus,
2785 465 2848 514 ul
2888 460 3100 514 Iudam
3141 459 3545 526 lucri/"acerem.
3613 484 3629 498 ι

295 556 400 609 lens
423 553 518 608 sed
547 555 893 608 necessitate
910 554 1353 624 evangelizaret':
1387 555 1489 609 hoc
1499 555 1651 609 enim
1672 555 1877 626 impro—

294 643 377 696 bat
399 659 524 696 cum
539 642 706 697 dicit:
723 644 971 706 Nescitis,
991 642 1194 714 inquit,
1209 646 1474 712 quoniam
1495 647 1594 712 qui
1606 647 1668 697 in
1681 648 1876 713 templo

291 737 596 800 operantur,
611 747 734 801 qua:
743 734 811 785 de
823 734 1022 800 templo
1038 737 1171 786 sunt
1184 733 1354 785 edunt
1365 751 1382 795 ;
1407 735 1506 801 qui
1515 735 1693 786 altari
1704 735 1877 787 deser-

290 825 454 878 tiunt.
484 824 662 874 altari
687 824 1179 890 compartiuntur?
1201 820 1360 875 Sicet
1373 821 1876 876 Dominusordina-

292 909 357 962 vit
381 909 481 974 his,
511 909 610 980 qui
640 909 999 980 evangelium
1013 909 1371 977 annuntiant,
1386 910 1456 964 de
1483 911 1771 981 evangelio
1799 911 1876 965 vi-

289 1018 305 1048 κ
317 999 749 1068 ere.Egoautem
777 998 991 1054 nullius
1006 999 1206 1053 horum
1233 1015 1370 1053 usus
1389 1015 1535 1066 sum,
1547 1000 1679 1054 hinc
1693 1007 1875 1056 osten-

289 1088 364 1141 dit
386 1087 727 1158 permissum
767 1104 908 1149 esse,
957 1104 1070 1142 non
1118 1089 1359 1157 jussum,
1391 1089 1640 1159 alioquin
1681 1096 1876 1144 contra

290 1180 616 1246 preceptum
645 1175 876 1230 Domini
903 1175 1098 1229 fecisse
1127 1175 1427 1230 tenebitur.
1463 1177 1675 1230 Deinde
1695 1179 1876 1249 sequi-

287 1270 374 1316 tur
395 1269 452 1316 et
477 1262 652 1316 dicit:
691 1263 814 1317 Non
843 1269 1031 1318 autem
1061 1267 1139 1317 sic
1165 1267 1364 1332 scripsi
1386 1265 1512 1327 haec,
1534 1270 1598 1318 ut
1625 1268 1707 1319 ita
1735 1269 1876 1334 ﬁant

290 1357 341 1402 in
365 1368 470 1404 me:
503 1352 712 1404 bonum
743 1356 820 1404 est
847 1351 990 1404 mihi
1019 1354 1195 1420 magis
1225 1356 1390 1418 mori,
1431 1369 1603 1420 quam
1631 1356 1872 1421 gloriam

289 1456 450 1492 meam
481 1443 784 1508 quisquam
799 1443 1028 1494 inanem
1041 1441 1231 1508 faciat,
1249 1440 1354 1495 hoc
1371 1441 1512 1494 dixit
1523 1442 1656 1512 quia
1667 1448 1876 1497 statue-

283 1534 367 1582 rat
390 1533 624 1599 propter
640 1528 918 1599 quosdam
959 1529 1304 1583 occasionem
1345 1537 1658 1600 quaerentes
1699 1533 1875 1586 mani-

283 1616 376 1669 bus
401 1617 519 1670 suis
546 1615 760 1670 victum
777 1615 1123 1686 transigere:
1156 1616 1221 1671 Si
1247 1620 1396 1671 enim
1408 1622 1868 1686 evangelisavero,

277 1719 384 1756 non
402 1710 478 1756 est
503 1705 652 1758 mihi
676 1707 883 1772 gloria.
898 1704 962 1758 Id
994 1710 1096 1770 est,
1121 1705 1169 1758 si
1199 1705 1664 1775 evangelizavero,
1699 1713 1764 1760 ut
1789 1707 1872 1761 ita

1960 555 2104 607 Nam
2122 552 2281 624 quasi
2294 551 2518 606 videtur
2525 549 2820 603 simulasse
2834 552 2900 602 ut
2907 546 3331 602 omnibusﬁeret
3338 547 3548 614 omnia,

1961 642 2110 713 quod
2139 643 2324 696 solent
2349 639 2669 694 adulatores
2695 637 2896 702 facere,
2929 637 3025 690 sed
3053 651 3167 690 non
3193 635 3276 690 ita
3302 640 3390 690 est
3419 653 3431 688 :
3467 637 3552 690 vir

1961 731 2111 785 enim
2140 731 2362 784 divinus
2399 734 2456 782 et
2495 727 2745 781 medicus
2789 724 3060 797 spiritalis
3084 725 3265 779 sciens
3294 725 3548 780 omnium

1957 836 2155 874 causas
2184 826 2244 874 et
2267 819 2520 882 vulnera,
2553 832 2760 886 magna
2785 813 3066 869 industria
3079 813 3332 868 confovet
3356 813 3551 869 illoset

1955 909 2326 980 compatitur;
2356 923 2482 962 cum
2515 904 2776 960 omnibus
2790 903 2942 957 enim
2959 902 3282 957 hominibus
3295 903 3549 974 quaedam

1956 997 2168 1052 habens
2195 995 2536 1062 communia,
2569 995 2749 1049 factus
2775 998 2863 1048 est
2890 1009 3024 1063 ergo
3052 991 3258 1047 Judaeis
3287 991 3552 1062 quasiJu-

1957 1086 2128 1154 dans,
2151 1087 2287 1158 quia
2311 1091 2542 1157 propter
2575 1083 2902 1138 scandalum
2931 1081 3158 1135 illorum
3199 1079 3549 1135 circumcidit

1955 1176 2332 1240 Timotheum,
2369 1182 2426 1228 et
2455 1173 2782 1245 purificatus
2797 1170 3049 1225 ascendit
3077 1171 3136 1224 in
3161 1169 3457 1240 templum,
3479 1185 3549 1226 ne

1957 1265 2304 1318 occasionem
2325 1280 2426 1335 per
2437 1279 2566 1317 eum
2589 1261 2906 1331 acciperent
2931 1258 3376 1330 blasphemandi.
3408 1259 3549 1313 Rem

1956 1369 2088 1422 ergo
2115 1353 2246 1407 fecit
2271 1369 2393 1424 quae
2412 1353 2532 1422 jam
2559 1366 2776 1405 cessare
2805 1348 3053 1414 deberet,
3075 1348 3174 1402 sed
3187 1347 3318 1402 fecit
3347 1363 3548 1402 secun-

1955 1443 2090 1498 dum
2118 1443 2320 1513 legem,
2344 1457 2477 1496 nam
2507 1445 2565 1494 et
2591 1439 2871 1494 consentit
2881 1438 2992 1492 illis
3010 1439 3196 1507 legem
3215 1453 3337 1491 esse
3353 1453 3388 1490 a
3407 1437 3544 1502 Deo,

1957 1537 2014 1585 et
2041 1532 2362 1602 prophetas,
2393 1535 2452 1584 et
2481 1529 2678 1583 exinde
2695 1528 2808 1582 illis
2824 1527 3071 1582 ostendit
3082 1525 3382 1581 Christum
3395 1525 3547 1581 hunc

1955 1637 2095 1686 esse,
2147 1620 2244 1691 qui
2271 1619 2580 1690 promissus
2627 1623 2729 1685 est,
2763 1621 2827 1671 ut
2855 1633 3116 1670 assensus
3155 1615 3280 1686 ejus
3314 1613 3548 1669 haberet

1952 1709 2230 1764 effectum.

275 1792 406 1846 liant
427 1792 488 1846 in
515 1809 631 1858 me,
665 1792 721 1846 id
766 1799 871 1858 est,
904 1793 952 1846 si
991 1799 1288 1864 propterea
1324 1795 1772 1864 evangelizavero
1803 1803 1868 1850 ut
1887 1783 1934 1842 Β
2022 1799 2120 1853 llis
2139 1800 2238 1868 qui
2245 1798 2345 1852 sub
2377 1799 2645 1865 legesunl,
2658 1798 2822 1864 quasi
2846 1795 2946 1848 sub
2977 1798 3086 1862 lege
3104 1811 3422 1862 essem,cum
3433 1797 3544 1863 ipse

271 1879 336 1933 ad
362 1880 459 1933 illa
471 1881 804 1951 perveniam
818 1887 876 1934 et
889 1881 1062 1934 ﬁnem
1089 1881 1364 1951 evangelii
1388 1881 1447 1935 in
1468 1882 1610 1948 cibo,
1641 1888 1698 1936 et
1709 1889 1864 1954 potu,

271 1970 836 2036 etvestitulocavero;
871 1970 970 2022 sed
1003 1986 1178 2040 quare
1203 1987 1314 2025 non
1329 1976 1414 2025 est
1437 1971 1490 2025 ei
1515 1972 1696 2042 gloria
1716 1973 1741 2025 ?
1769 1975 1869 2028 Ne-

271 2061 475 2111 cessitas
501 2061 675 2125 enim,
709 2057 914 2128 inquit,
952 2060 1096 2113 mihi
1123 2061 1414 2125 incumbit,
1449 2060 1506 2114 id
1519 2066 1622 2128 est,
1647 2067 1713 2116 ut
1740 2061 1866 2117 ideo

269 2145 658 2214 evangelizem,
693 2146 832 2216 quia
867 2147 1016 2202 unde
1055 2147 1237 2202 vivam
1276 2164 1389 2202 non
1425 2147 1624 2215 habeo,
1656 2155 1757 2204 aut
1806 2156 1870 2205 ut

267 2235 550 2304 acquiram
595 2236 1006 2306 temporarium
1048 2236 1291 2291 fructum
1349 2236 1418 2290 de
1472 2237 1867 2308 praedicatione

267 2331 624 2390 aeternorum,
657 2324 736 2377 sic
765 2325 919 2378 enim
947 2325 1057 2379 erit
1083 2326 1386 2380 necessitas
1409 2327 1530 2396 jam
1547 2327 1603 2380 in
1633 2343 1865 2398 evange-

268 2413 336 2464 lio
361 2429 476 2466 non
508 2413 791 2467 voluntas.
835 2415 911 2467 Va!
937 2416 1086 2467 enim
1118 2415 1260 2468 mihi
1288 2418 1412 2481 erit,
1437 2415 1638 2485 inquit,
1672 2419 1724 2470 si
1751 2433 1863 2472 non

265 2504 720 2568 evangelisavero.
770 2502 878 2556 Sed
909 2503 1187 2572 quomodo
1215 2501 1382 2556 debet
1429 2505 1808 2574 evangelizare
1838 2506 1862 2558 ’l

266 2589 468 2642 scilicet
495 2597 560 2643 ut
593 2591 652 2644 in
678 2591 802 2660 ipso
831 2591 1130 2660 Evangelio
1170 2597 1228 2644 et
1265 2591 1324 2645 in
1353 2608 1526 2662 regno
1557 2593 1657 2646 Dei
1686 2601 1858 2664 ponat

265 2679 574 2732 mercedem
611 2698 624 2730 :
673 2679 756 2732 ita
795 2679 949 2732 enim
977 2685 1161 2750 potest
1186 2696 1298 2734 non
1327 2687 1551 2736 coactus
1581 2684 1856 2753 evangeli-

263 2783 399 2831 zare,
430 2768 534 2820 sed
565 2767 776 2821 volens.
809 2769 874 2822 Si
903 2771 1052 2831 enim
1077 2773 1278 2834 volens,
1311 2769 1513 2841 inquit,
1555 2771 1650 2824 hoc
1688 2773 1850 2839 facio,

1954 1903 2066 1941 non
2091 1889 2197 1941 sim
2225 1887 2326 1940 sub
2357 1889 2484 1954 lege,
2519 1890 2583 1938 ut
2611 1901 2696 1938 eos
2721 1885 2819 1952 qui
2835 1883 2936 1936 sub
2965 1886 3075 1950 lege
3101 1873 3234 1937 sunt
3254 1884 3544 1951 lucriface-

1950 1992 2086 2030 rem.
2113 1975 2184 2029 Hi
2214 1975 2310 2047 qui
2339 1974 2443 2029 sub
2472 1975 2595 2044 lege
2620 1978 2754 2027 sunt
2783 1971 3124 2027 Samaritani
3136 1971 3544 2039 noscuntur,le-

1947 2078 2076 2133 gem
2107 2063 2260 2118 enim
2312 2063 2490 2117 solam
2538 2061 2838 2132 accipiunt,
2869 2061 2927 2114 id
2956 2067 3059 2128 est,
3097 2061 3346 2132 quinque
3373 2059 3544 2114 libros

1950 2153 2300 2224 Moysi.Sunt
2320 2157 2511 2222 autem
2539 2168 2607 2205 ex
2637 2149 2855 2220 origine
2883 2149 3186 2204 Persarum
3205 2154 3264 2204 et
3289 2150 3545 2221 Assyrio-

1949 2258 2095 2307 rum,
2125 2259 2264 2313 quos
2292 2258 2388 2296 rex
2431 2241 2812 2312 Assyriorum,
2845 2238 3080 2293 sublatis
3119 2238 3250 2292 (iliis
3283 2238 3456 2292 Israel
3482 2239 3544 2292 in

1947 2330 2347 2402 captivitatem,
2367 2329 2634 2401 posuitad
2649 2327 2943 2382 incolenda
2953 2327 3076 2380 loca
3091 2325 3380 2382 Samaria.
3409 2326 3542 2380 Ideo

1947 2425 2004 2473 et
2023 2420 2212 2489 ignem
2241 2419 2432 2472 colunt
2446 2435 2602 2472 more
2617 2418 2918 2472 Persarum
2937 2433 2948 2467 :
2966 2415 3054 2468 his
3068 2431 3201 2484 ergo
3217 2415 3538 2485 Apostolus,

1945 2508 2080 2561 dum
2110 2523 2222 2560 non
2250 2505 2492 2576 negabat
2505 2507 2686 2576 legem
2708 2521 2830 2558 esse
2859 2505 3041 2570 aDeo,
3061 2501 3231 2556 ﬁebat
3258 2502 3420 2574 quasi
3435 2501 3540 2557 sub

1945 2596 2086 2666 lege.
2107 2595 2218 2650 Sed
2246 2610 2312 2648 ex
2340 2611 2408 2648 ea
2436 2594 2547 2648 illis
2575 2594 2701 2648 miti
2727 2592 2894 2646 verbo
2923 2592 3209 2647 Christum
3223 2590 3540 2661 intelligen-

1943 2684 2078 2738 dum
2107 2683 2383 2750 tradebat,
2414 2683 2494 2737 sic
2518 2689 2576 2738 et
2603 2682 2961 2736 Samaritana
2985 2681 3102 2747 illa,
3134 2697 3258 2751 que
3297 2679 3439 2734 dixit
3465 2680 3538 2734 ad

1940 2772 2243 2826 Dominum
2267 2789 2278 2824 :
2310 2772 2431 2828 Scio
2461 2773 2826 2841 quiaMessias
2852 2773 3000 2824 venit
3029 2771 3208 2836 (Joan.
3242 2771 3342 2838 xv),
3373 2767 3540 2822 docta

264 2858 554 2910 mercedem
584 2857 771 2913 habeo.
801 2855 867 2910 Si
893 2863 1078 2910 autem
1101 2861 1328 2924 invitus,
1357 2860 1691 2928 dispensatio
1721 2862 1862 2914 mihi
1942 2877 2042 2932 per
2078 2861 2280 2931 legem.
2305 2861 2404 2915 His
2429 2863 2528 2929 qui
2545 2863 2663 2914 sine
2695 2863 2804 2928 lege
2821 2859 3152 2927 sunt,quasi
3169 2859 3288 2912 sine
3319 2859 3428 2926 lege
3459 2873 3535 2911 es-

258 2945 459 2998 credita
489 2952 586 3011 est,
619 2946 672 2998 id
706 2951 810 3011 est,
844 2945 892 2998 si
932 2952 1155 3000 coactus
1195 2946 1384 3018 inopia
1420 2963 1615 3002 earum
1643 2965 1854 3015 rerum,
1938 2965 2201 3016 sem,cum
2231 2951 2348 3002 sine
2382 2953 2492 3016 lege
2524 2964 2637 3002 non
2667 2963 2832 3001 essem
2859 2949 2976 3011 Dei,
3007 2946 3100 2999 sed
3126 2949 3191 3000 in
3222 2949 3332 3014 lege
3368 2961 3533 3000 essem

257 3047 376 3101 qua:
404 3033 714 3103 temporali
741 3033 866 3088 vita:
891 3040 1026 3088 sunt
1054 3035 1387 3102 necessaria,
1423 3037 1663 3106 praedico
1682 3037 1856 3092 Evan-
1886 3103 1918 3107 _
1940 3039 2163 3092 Christi.
2197 3038 2314 3092 Hoc
2341 3037 2476 3092 dicit
2515 3037 2650 3107 quia
2693 3052 2820 3089 cum
2843 3035 2902 3088 in
2942 3035 3066 3104 lege
3096 3034 3305 3088 Christi
3334 3039 3438 3100 est,
3465 3033 3526 3087 in

251 3120 478 3189 gelium.
513 3121 614 3175 alii
645 3139 745 3192 per
763 3139 856 3176 me
883 3122 1169 3176 habebunt
1203 3103 1520 3178 mercedem
1545 3126 1849 3196 Evangelii,
1876 3103 2056 3196 CIlege
2087 3127 2188 3180 Dei
2203 3133 2306 3188 est,
2339 3125 2471 3197 quia
2496 3103 2645 3196 quod
2674 3124 2884 3178 Christi
2914 3103 3018 3189 est,
3037 3122 3138 3176 Dei
3161 3129 3264 3188 est,
3297 3127 3356 3176 et
3381 3122 3531 3194 quod

253 3211 344 3278 qui
377 3211 750 3280 Evangelium
783 3211 966 3282 ipsum
999 3229 1090 3266 me
1107 3213 1446 3282 praedicante
1460 3213 1729 3285 diligunt:
1749 3232 1854 3286 ego
1933 3216 2054 3281 Dei,
2075 3215 2283 3270 Christi
2307 3221 2409 3280 est,
2428 3215 2574 3269 sicut
2595 3213 2760 3267 dicit:
2794 3213 2996 3268 Omnia
3023 3227 3144 3264 mea
3167 3215 3265 3265 tua
3291 3216 3444 3278 sunt,
3479 3218 3530 3265 et

251 3304 438 3351 autem
468 3315 584 3352 non
615 3298 852 3364 habebo,
870 3299 1004 3370 quia
1021 3317 1136 3354 non
1162 3301 1348 3370 ipsum
1378 3302 1741 3372 Evangelium
1771 3303 1852 3357 di-
1892 3310 2028 3358 olua
2056 3321 2177 3357 mea
2207 3307 2548 3372 (Joan.xvu).
2587 3304 2644 3356 Ul
2675 3319 2758 3354 eos
2787 3305 2886 3369 qui
2912 3304 3030 3354 sine
3061 3304 3170 3368 lege
3197 3306 3330 3354 sunt
3357 3303 3528 3354 lucri-

253 3387 376 3455 ligo,
409 3387 510 3440 sed
540 3388 668 3456 ejus
687 3388 934 3458 pretium
972 3388 1032 3442 in
1071 3389 1183 3442 illis
1213 3391 1618 3460 temporalibus
1648 3393 1850 3446 consti—
1931 3395 2186 3461 facerem.
2204 3395 2352 3447 Dum
2380 3392 2530 3446 enim
2563 3390 2802 3445 assentit
2825 3390 2956 3455 illis,
2986 3389 3042 3443 id
3061 3395 3164 3456 est,
3195 3387 3522 3459 gentilibus,

247 3481 452 3536 tutum,
487 3476 638 3545 quod
673 3477 830 3530 nefas
861 3483 947 3531 est
979 3478 1118 3545 fieri,
1160 3485 1224 3532 ut
1251 3496 1363 3533 non
1404 3486 1673 3550 tanquam
1703 3481 1850 3535 ﬁlius
1927 3482 2090 3551 juxta
2105 3482 2395 3554 physicam
2409 3481 2689 3535 rationem
2717 3479 2992 3533 mundum
3009 3477 3217 3532 factum
3247 3495 3284 3532 a
3310 3479 3446 3544 Deo,
3469 3483 3529 3532 et

249 3564 532 3617 ministret
561 3565 800 3636 quisque
817 3566 1200 3636 Evangelium,
1233 3568 1330 3621 sed
1351 3574 1620 3639 tanquam
1633 3587 1844 3636 servus,
1932 3587 2055 3641 quae
2082 3571 2143 3625 in
2171 3589 2238 3626 eo
2267 3577 2417 3636 sunt,
2453 3576 2509 3624 et
2545 3569 2794 3623 animam
2806 3584 2927 3622 esse
2953 3566 3353 3634 immortalem,
3371 3572 3430 3621 et
3455 3565 3526 3620 ab

247 3652 328 3705 cui
355 3652 709 3723 dispensatio
724 3654 939 3708 credita
967 3661 1068 3720 est,
1089 3661 1154 3709 ut
1179 3661 1450 3727 tanquam
1463 3657 1712 3712 alienum
1727 3675 1846 3712 ero-

244 3742 504 3807 geLnihil
532 3742 667 3796 inde
689 3742 808 3814 ipse
837 3743 1040 3813 capiat,
1075 3750 1280 3815 praeter
1317 3744 1545 3809 cibaria,
1581 3763 1702 3816 qua:
1733 3764 1844 3802 non

244 3828 309 3882 de
337 3830 774 3901 participatione
799 3831 980 3901 regni,
1017 3833 1114 3886 sed
1147 3835 1593 3888 sustentaculum
1624 3835 1843 3890 miserm

246 3918 526 3972 ~en'itutis
557 3919 769 3973 dantur
795 3921 1157 3976 extrinsecus.
1218 3923 1554 3993 Quanquam
1583 3923 1694 3978 alio
1724 3925 1843 3978 loco

243 4014 296 4060 et
323 4007 776 4078 dispensatorem
806 4026 867 4062 se
895 4009 1059 4073 dicat,
1085 4015 1270 4080 potest
1295 4012 1448 4064 enim
1478 4017 1536 4066 et
1562 4029 1756 4066 servus
1784 4013 1841 4066 in

241 4095 486 4149 ﬁliorum
525 4113 716 4150 nume:
731 4113 826 4150 um
839 4098 1139 4168 adaptatus
1160 4116 1285 4152 eam
1306 4100 1518 4163 rem,in
1531 4117 1644 4171 qua
1669 4102 1844 4155 cohae-

240 4184 384 4236 redis
425 4191 638 4239 sortem
663 4187 872 4239 meruit
893 4187 1133 4241 ﬁdeliter
1145 4187 1468 4258 dispensare
1481 4189 1842 4260 participibus

241 4272 378 4332 suis,
414 4275 513 4328 sed
545 4291 715 4342 nunc,
749 4273 846 4328 ubi
864 4276 946 4330 ait
975 4295 986 4328 :
1031 4276 1089 4330 Si
1133 4282 1324 4330 autem
1364 4268 1589 4343 invitus,
1621 4278 1842 4348 dispen-

237 4363 382 4415 satio
419 4363 558 4416 mihi
587 4365 805 4418 credita
833 4370 936 4431 est,
982 4364 1154 4418 talem
1191 4365 1637 4438 dispensatorem
1678 4367 1840 4420 intel—

1925 3659 2047 3730 ipso
2077 3677 2179 3714 nos
2209 3659 2486 3730 originem
2505 3658 2730 3724 habere,
2765 3657 2847 3711 ita
2865 3656 3018 3710 enim
3047 3655 3106 3710 in
3135 3655 3368 3711 Actibus
3393 3672 3524 3727 apo-

1927 3749 2200 3803 stolorum
2229 3749 2339 3802 ait:
2383 3749 2451 3802 Et
2477 3750 2619 3801 sicut
2649 3747 2879 3814 quidam.
2911 3763 2976 3798 ea:
3015 3747 3162 3798 vobis
3203 3746 3470 3800 dixerunt
3504 3763 3516 3796 :

1927 3839 2105 3906 Ipsius
2149 3839 2376 3890 enimet
2423 3851 2595 3902 genus
2638 3849 2831 3887 sumus
2856 3833 2990 3898 (Aci.
3027 3834 3180 3901 xvu),
3242 3832 3322 3885 sic
3350 3831 3522 3886 ﬁebat

1927 3925 2086 3997 quasi
2116 3925 2238 3978 sine
2295 3925 2438 3994 lege,
2495 3939 2598 3993 per
2651 3921 2799 3993 quod
2857 3918 3356 3975 subintroducebat
3407 3920 3521 3976 illis

1927 4014 2215 4068 Christum
2267 4013 2453 4083 ipsum
2503 4027 2624 4066 esse
2653 4027 2820 4081 quem
2850 4011 3000 4065 Deus
3057 4009 3129 4063 ad
3149 4009 3517 4080 judicandum

1925 4103 2200 4156 mundum
2233 4100 2534 4172 praeelegit,
2569 4107 2626 4154 et
2651 4100 2836 4171 ipsum
2866 4115 2988 4154 esse
3003 4115 3104 4171 per
3130 4116 3302 4170 quem
3327 4100 3520 4156 omnia

1922 4191 2069 4245 fecit.
2104 4187 2290 4260 (Aug)
2339 4190 2603 4261 Utrisque
2633 4189 2786 4242 enim
2814 4187 3054 4244 debebat
3092 4189 3424 4243 charitatem
3453 4191 3518 4243 de

1921 4283 2078 4334 corde
2094 4296 2257 4350 puro,
2294 4285 2343 4332 et
2384 4282 2716 4333 conscientia
2758 4279 2900 4333 bona
2926 4283 2976 4332 et
3019 4280 3124 4346 ﬁde
3153 4294 3266 4332 non
3313 4281 3439 4346 ﬁcta
3469 4280 3522 4344 (Ι

1926 4371 2064 4422 Tim.
2097 4371 2154 4437 ι),
2215 4385 2279 4423 ac
2309 4385 2411 4439 per
2449 4368 2555 4422 hoc
2592 4366 2853 4422 omnibus
2886 4367 3081 4420 omnia
3106 4365 3284 4421 factus
3315 4372 3420 4433 est,
3451 4375 3518 4421 ut

231 4450 328 4518 ligi
365 4451 562 4513 voluit,
613 4453 709 4522 qui
747 4418 996 4506 alienum
1028 4418 1503 4524 dispensatunde
1540 4418 1661 4525 ipse
1697 4418 2510 4523 nihilDomnesllucrifaceret,
2540 4473 2653 4510 non
2671 4455 2998 4510 mentientis
3015 4460 3162 4521 astu,
3181 4454 3280 4508 sed
3293 4418 3516 4524 compa-

231 4539 489 4609 accipiat.

300 4628 450 4681 Nam
469 4645 598 4681 cum
619 4630 758 4682 liber
778 4632 885 4682 sim
899 4645 965 4682 ea:
974 4631 1449 4695 omnibus,omniu
1457 4648 1510 4685 m
1525 4648 1607 4685 me
1617 4648 1835 4686 servum.

229 4717 350 4780 feci,
388 4721 450 4768 ul
465 4719 657 4784 plures
679 4721 698 4771 ι
704 4719 1057 4786 ucri/‘aciam.
1079 4720 1138 4786 (A
1150 4721 1280 4788 mb.)
1295 4718 1465 4774 Liber
1489 4737 1555 4774 ex
1573 4720 1834 4776 Omnibus

229 4811 332 4869 est,
351 4821 486 4858 cum
509 4805 648 4860 nulli
661 4823 763 4876 per
780 4807 1163 4862 adulationem
1193 4809 1430 4862 tradidit
1447 4809 1830 4880 Evangelium,

225 4909 413 4964 neque
442 4894 780 4965 cujusquam
807 4901 1012 4965 praeter
1053 4897 1293 4950 salutem
1337 4897 1550 4968 aliquid
1577 4900 1833 4970 concupi-

225 4982 316 5040 vit,
350 4998 538 5052 neque
569 4983 642 5036 ad
670 4983 898 5036 delicias
930 4983 1216 5040 habendas
1247 4985 1316 5040 ab
1355 4985 1542 5058 aliquo
1572 4995 1832 5058 sumptus

221 5071 499 5140 largiores
529 5072 789 5125 mercede
834 5073 1148 5143 hypocrisis
1179 5076 1410 5146 accepit.
1459 5078 1695 5130 Servum
1733 5094 1831 5131 au-

221 5168 334 5213 tem
364 5159 446 5213 sic
502 5176 562 5213 se
617 5159 876 5230 omnium
903 5161 1113 5216 factum
1153 5163 1305 5228 dicit,
1337 5164 1474 5218 dum
1504 5183 1563 5219 se
1601 5183 1702 5236 per
1728 5167 1830 5220 hu-

221 5249 526 5302 militatem
553 5248 802 5303 similem
843 5250 1098 5305 omnium
1128 5257 1318 5307 mente
1348 5253 1711 5309 imbecillium
1740 5272 1830 5309 ex-

220 5337 421 5403 hibuit,
452 5345 520 5392 ut
547 5354 645 5392 eos
674 5355 778 5410 per
813 5338 1144 5410 patientiam
1187 5341 1440 5418 firmaret
1485 5343 1556 5397 ad
1587 5344 1828 5398 salutem

221 5426 494 5493 futuram,
524 5428 827 5482 confovens
854 5429 1074 5482 animos
1103 5429 1348 5496 illorum,
1368 5431 1502 5501 quia
1522 5437 1623 5486 aut
1638 5447 1830 5502 pecca-

135 5577 152 5593 .
221 5515 372 5578 bant,
404 5522 510 5568 aut
537 5532 630 5570 res
667 5515 891 5570 divinas
920 5516 1136 5570 tardius
1178 5517 1577 5588 sequebantur,
1601 5527 1666 5574 ut
1717 5537 1828 5575 non

221 5621 414 5673 aspere
441 5605 662 5659 ferrent
688 5605 878 5659 lenius
903 5605 1364 5674 reprehendebat.
1398 5607 1465 5662 El
1495 5610 1675 5676 factus
1703 5627 1827 5663 sum

1917 4545 2110 4600 tientis
2142 4547 2344 4600 affectu
2379 4565 2388 4599 :
2422 4546 2477 4599 id
2507 4551 2610 4611 est,
2645 4560 2758 4597 non
2787 4543 2979 4596 omnia
3019 4541 3170 4595 mala
3217 4541 3512 4597 hominum

1917 4633 2191 4688 fallaciter
2215 4635 2450 4704 agendo,
2483 4633 2580 4686 sed
2611 4631 2850 4685 aliorum
2865 4630 3120 4684 omnium
3139 4631 3305 4686 malis
3334 4633 3512 4686 omni-

1918 4721 2039 4787 bus,
2071 4727 2341 4794 tanquam
2372 4722 2420 4775 si
2449 4737 2553 4775 sua
2593 4726 2780 4774 essent
2808 4737 2819 4771 :
2855 4719 3232 4774 misericordis
3285 4720 3512 4775 medici-

1915 4827 2002 4866 nae
2022 4811 2380 4882 diligentiam
2425 4808 2793 4880 procurando.
2827 4809 2970 4862 Cum
3000 4808 3191 4880 itaque
3218 4809 3318 4863 illa
3342 4814 3512 4865 tester

1917 4900 2095 4954 menti
2121 4900 2324 4954 veteris
2339 4901 2692 4953 sacramenta
2705 4897 2876 4951 etiam
2905 4896 3012 4951 sibi
3027 4898 3249 4968 agenda
3275 4898 3509 4954 minime

1911 4989 2224 5056 recusabat,
2257 5005 2366 5042 non
2397 4985 2832 5041 misericorditer
2863 4985 3109 5054 fallebat,
3150 4987 3250 5041 sed
3277 4987 3508 5042 omnino

1913 5095 2025 5132 non
2052 5078 2268 5142 fallens,
2301 5082 2469 5147 atque
2523 5075 2628 5129 hoc
2685 5074 2852 5130 modo
2909 5091 2944 5128 a
2997 5075 3238 5130 Domino
3265 5076 3382 5130 Deo
3410 5075 3508 5132 illa

1911 5181 2090 5238 usque
2117 5167 2186 5221 ad
2217 5166 2352 5220 certi
2383 5164 2653 5236 temporis
2693 5162 3172 5236 dispensationem
3195 5165 3356 5235 jussa
3383 5180 3507 5221 esse

1911 5255 2327 5321 commendans,
2354 5271 2389 5308 a
2401 5253 2710 5324 sacrilegiis
2735 5253 2909 5308 sacris
2927 5251 3186 5324 gentium
3199 5252 3506 5326 distingue-

1911 5344 2040 5398 bat:
2073 5351 2207 5398 tunc
2235 5350 2426 5398 autem
2455 5360 2570 5398 non
2616 5341 2942 5397 mentientis
2969 5347 3118 5409 astu,
3157 5342 3257 5398 sed
3284 5359 3506 5416 compa-

1911 5433 2105 5488 tientis
2120 5433 2320 5488 affectu
2335 5433 2544 5488 Iudaeis
2560 5438 2833 5502 tanquam
2851 5431 3077 5488 Judaeus
3093 5431 3266 5486 ﬂebat
3280 5432 3506 5504 quando

1913 5538 2008 5576 eos
2035 5521 2105 5574 ab
2134 5522 2230 5576 illo
2259 5537 2468 5588 errore,
2522 5520 2671 5592 quod
2711 5519 2770 5573 in
2813 5519 3042 5574 Christo
3085 5521 3314 5574 credere
3351 5520 3504 5575 nolo-

1911 5607 2067 5668 bant.
2098 5609 2198 5664 sed
2227 5625 2328 5682 per
2355 5615 2544 5663 vetera
2572 5607 2846 5662 sacriﬁcia
2885 5623 2992 5662 sua
3018 5607 3503 5662 ceremoniarum-
