3974 6188
389 349 454 404 83

975 349 1036 402 Β.
1077 346 1350 402 RABANI
1398 347 1628 402 MAURI
1664 347 1999 405 ARCHIEP.
2041 351 2364 409 MOGUNT.
2405 349 2704 408 OPERUM
2739 349 2924 406 PARS
2961 350 3060 406 III.

3580 355 3648 412 84

391 492 499 548 que
528 474 944 530 observationes
975 490 1034 528 se
1062 490 1096 527 ει
1125 473 1364 544 Peccatis
1393 489 1554 544 posse
1569 476 1850 542 mundari,
1883 479 2045 540 ﬁe-A
2063 499 2170 553 que
2200 482 2448 536 seniores
2495 479 2751 533 Ecclesiae
2791 478 3158 535 formidantes
3207 497 3278 536 ne
3303 483 3364 537 in
3393 499 3520 538 eum
3552 483 3652 538 illa

391 567 552 637 rique
583 565 763 619 salvos
792 559 1204 627 existimabant,
1223 563 1302 616 sic
1323 562 1562 616 liberare
1583 565 1842 636 cupiebat
1855 574 1978 622 ωη-

2059 571 2300 625 irrueret
2328 571 2648 624 Judaeorum
2677 567 3026 623 credentium
3054 569 3169 624 imo
3196 571 3644 627 Christianorum

381 671 557 728 quam
585 655 704 725 ipse
756 669 944 706 errore
998 652 1094 704 illo
1139 657 1444 715 teneretur,
1489 652 1728 722 diligens
1783 656 1977 726 utique
2053 659 2462 730 judaizantium
2495 657 2796 712 multitudo
2825 675 2947 728 quae
2977 658 3057 711 ita
3084 659 3251 714 ﬁdem
3280 661 3487 716 Christi
3504 678 3652 716 rece-

389 744 708 815 proximum
737 747 1006 812 tanquam
1037 741 1304 811 seipsum,
1337 747 1394 794 et
1435 741 1552 795 haec
1591 742 1716 796 aliis
1745 743 1972 810 faciens,

389 823 512 904 quae
539 832 647 886 sibi
671 831 740 885 ab
769 831 894 884 aliis
924 829 1046 883 fieri
1085 829 1248 884 vellet
1290 830 1338 883 si
1368 830 1472 884 hoc
1501 831 1582 884 illi
1611 845 1750 902 Opus
1781 839 1928 888 esset
1961 853 1972 886 :

390 921 538 992 quod
569 935 697 974 cum
723 918 996 972 Dominus
1024 918 1354 983 monuisset,
1387 919 1644 988 adjunxit
1675 938 1685 972 :
1747 923 1868 976 Haec
1904 928 1978 976 est

389 1013 540 1064 enim
569 1011 655 1062 lea:
681 1013 730 1061 et
754 1007 1025 1076 prophetae
1055 1007 1267 1073 (Matth.
1300 1010 1414 1076 vn).
1448 1008 1609 1062 Hunc
1638 1011 1980 1080 compatien-

383 1099 456 1152 tis
476 1097 738 1151 affectum
769 1095 828 1150 in
855 1095 1051 1150 eadem
1082 1095 1318 1166 epistola
1343 1097 1414 1150 ad
1452 1095 1681 1152 Galatas
1717 1100 1980 1170 praecepit

385 1187 606 1241 dicens:
641 1187 706 1242 Si
731 1190 1134 1254 praeoccupatus
1161 1186 1334 1252 fuerit
1353 1186 1511 1238 homo
1540 1189 1603 1239 in
1631 1190 1819 1256 aliquo
1839 1191 1978 1242 deli-

385 1281 484 1341 cto,
509 1292 598 1329 vos
639 1277 738 1344 qui
783 1277 1060 1342 spiritales
1089 1277 1231 1338 estis,
1281 1277 1543 1328 instruite
1572 1276 1894 1343 hujusmodi
1916 1281 1979 1331 in

2061 757 2238 820 perat,
2271 755 2336 802 ut
2363 747 2545 802 adhuc
2583 746 2641 800 in
2691 745 2974 816 judaismo
3003 753 3311 815 teneretur,
3343 749 3648 804 discrimini

2061 839 2183 907 ejus
2208 838 2314 891 hoc
2339 835 2569 890 consilio
2613 851 2677 890 ac
2717 835 3079 906 persuasione
3094 844 3447 905 succurrunt,
3462 839 3648 893 dicen-

2059 933 2178 981 tes:
2223 928 2388 991 Vides,
2420 927 2618 994 frater,
2657 931 2787 994 quot
2822 929 3010 979 millia
3049 931 3182 981 sunt
3205 929 3524 981 Juda’orum
3554 933 3653 997 qui

2060 1015 2431 1079 crediderunt,
2465 1019 2512 1068 et
2523 1015 2585 1068 hi
2594 1029 2778 1068 omnes
2789 1017 3133 1068 amulatores
3141 1021 3272 1070 sunt
3285 1018 3416 1082 legis
3426 1035 3443 1080 ;
3458 1018 3652 1070 audie-

2060 1109 2198 1158 runt
2228 1109 2406 1157 autem
2441 1105 2504 1156 de
2543 1109 2590 1156 te
2622 1106 2754 1172 quia
2790 1104 3168 1157 discessionem
3197 1105 3384 1158 doceas
3411 1121 3446 1159 a
3473 1107 3652 1171 Moyse

2061 1210 2271 1257 eorum,
2303 1195 2401 1262 qui
2423 1208 2522 1261 per
2549 1197 2730 1260 gentes
2765 1197 2896 1244 sunt
2938 1193 3274 1253 Judaeorum,
3318 1195 3501 1248 dicens
3541 1209 3654 1247 non

2061 1283 2244 1335 debere
2275 1298 2356 1335 eos
2408 1281 2799 1334 circumcidere
2833 1283 2976 1347 ﬁlios
3003 1297 3126 1334 suos
3155 1300 3171 1345 ;
3213 1287 3269 1335 et
3299 1282 3448 1336 infra
3487 1300 3499 1336 :
3549 1285 3656 1336 Hoc

384 1367 589 1434 spiritu
611 1364 1180 1427 lenitatis,intendens
1199 1368 1244 1416 te
1262 1365 1462 1431 ipsum,
1491 1380 1557 1417 ne
1586 1370 1636 1417 et
1666 1370 1724 1418 tu
1757 1369 1980 1420 tenteris

2062 1387 2186 1437 ergo
2216 1372 2306 1438 fac
2327 1371 2469 1438 quod
2498 1371 2599 1422 tibi
2635 1371 2902 1422 dicimus:
2924 1374 3054 1422 sunt
3093 1371 3246 1424 nobis
3283 1374 3397 1423 viri
3415 1377 3656 1439 quatuor

390 1455 529 1521 (Gal.
563 1455 659 1520 v1).
690 1451 830 1505 Vide
849 1451 896 1505 si
927 1467 1039 1505 non
1071 1451 1212 1504 dixit
1239 1451 1362 1506 ﬁeri
1384 1457 1656 1523 tanquam
1682 1454 1792 1518 ille,
1828 1460 1892 1508 ut
1917 1455 1980 1507 il-

2062 1465 2247 1513 votum
2275 1459 2524 1512 habentes
2553 1473 2717 1526 super
2736 1474 2788 1510 se
2809 1476 2825 1520 ;
2861 1458 2947 1510 his
2975 1462 3270 1526 assumptis
3301 1455 3587 1526 sancti/ica
3609 1465 3656 1512 te

389 1540 850 1603 lumlucrifacias,
881 1555 996 1597 non
1018 1541 1213 1610 utique
1243 1541 1788 1612 utipsumdelictum
1827 1542 1982 1598 falla-
2063 1563 2188 1602 cum
2219 1551 2353 1612 illis,
2386 1553 2435 1600 et
2479 1549 2728 1615 impende
2773 1549 2839 1598 in
2865 1549 2982 1599 illis
3013 1549 3346 1608 ut,tradant
3375 1551 3574 1616 capita,
3607 1555 3656 1602 et

387 1631 528 1686 citer
553 1635 766 1700 ageret,
783 1635 882 1684 aut
909 1646 967 1682 se
997 1629 1053 1683 id
1083 1629 1288 1684 habere
1319 1630 1616 1686 simularet
1658 1650 1669 1684 :
1703 1631 1801 1685 sed
1831 1637 1896 1686 ut
1923 1633 1978 1686 in
2064 1640 2234 1691 scient
2261 1652 2446 1690 omnes
2475 1637 2740 1703 quomodo
2758 1651 2875 1703 quae
2887 1635 2950 1688 de
2964 1641 3010 1688 te
3025 1637 3330 1690 audierunt
3345 1638 3490 1704 falsa
3502 1643 3655 1703 sunt,

388 1719 620 1774 alterius
650 1719 851 1773 delicto
884 1719 1016 1790 quid
1047 1718 1217 1772 etiam
1248 1718 1355 1772 sibi
1384 1720 1632 1774 accidere
1661 1726 1984 1790 posset,-at-
2065 1727 2156 1779 sed
2182 1726 2478 1778 ambulans
2507 1730 2559 1777 et
2587 1726 2696 1792 ipse
2727 1724 3032 1776 custodiens
3063 1727 3230 1790 legem
3263 1725 3399 1791 (Act.
3433 1729 3568 1791 xxx);
3601 1733 3662 1778 et

389 1809 666 1864 tenderet.
696 1810 882 1878 Atque
897 1807 978 1860 ita
1004 1807 1165 1860 alteri
1185 1813 1456 1878 tanquam
1469 1809 1573 1862 sibi
1590 1807 1659 1862 ab
1675 1810 1852 1863 altero
1874 1811 1983 1864 vel-
2002 1799 2048 1859 Β
2066 1814 2148 1868 ita
2163 1831 2263 1884 pro
2279 1813 2504 1867 illorum
2535 1812 2633 1883 qui
2661 1811 2763 1866 sub
2793 1811 2916 1881 lege
2945 1817 3108 1864 erant
3133 1813 3316 1866 salute
3344 1813 3500 1866 illam
3526 1830 3660 1884 pau-

387 1899 468 1952 let
480 1895 917 1950 misericorditer
929 1895 1356 1963 subvenire,hoc
1383 1904 1486 1961 est,
1520 1914 1633 1951 non
1661 1899 1986 1953 mentientis
2067 1903 2240 1974 lisper
2267 1901 2673 1956 districtionem
2689 1901 2981 1954 sententiae
2997 1917 3112 1953 sum
3140 1902 3358 1956 calcans
3389 1919 3500 1972 qua
3513 1903 3660 1956 dixe-

390 1991 535 2052 astu,
553 1986 652 2040 sed
668 1985 1061 2056 compatientis
1092 1985 1313 2052 affectu,
1347 1987 1425 2040 sic
1441 1987 1652 2052 Judzeo,
1673 1988 1752 2041 sic
1763 1988 1981 2058 gentili,
2068 1997 2158 2045 rat
2189 2010 2200 2044 :
2229 1993 2340 2058 Ego
2361 1994 2509 2044 enim
2550 2006 2650 2058 per
2692 1993 2858 2056 legem.
2891 1993 2998 2057 legi
3027 1995 3280 2043 mortuus
3295 2007 3438 2055 sum,
3466 1997 3529 2044 ut
3557 1992 3661 2044 Deo

393 2075 470 2129 sic
497 2075 728 2128 cuilibet
756 2074 970 2129 homini
987 2075 1194 2128 Paulus
1223 2075 1280 2128 in
1301 2091 1490 2128 errore
1519 2077 1604 2129 vel
1633 2083 1858 2147 peccato
1887 2077 1987 2131 ali—
2068 2083 2246 2133 vivam
2283 2079 2422 2145 (Gal.
2439 2082 2496 2146 n)
2521 2097 2532 2130 :
2566 2084 2734 2148 caput
2779 2078 2996 2142 radere,
3031 2078 3315 2147 puriﬁcari
3353 2080 3658 2132 secundum

393 2179 508 2235 quo
537 2163 862 2227 constituto,
894 2180 1006 2216 non
1036 2163 1354 2217 simulando
1385 2165 1532 2234 quod
1564 2182 1676 2218 non
1709 2172 1846 2231 erat,
1887 2166 1985 2220 sed
2067 2168 2270 2238 legem,
2291 2173 2458 2238 atque
2478 2167 2537 2221 in
2550 2167 2760 2237 templo
2778 2166 3288 2221 Mosaicorumvota
3303 2168 3502 2222 offerre
3515 2184 3664 2221 com-

390 2253 799 2324 compatiendo,
833 2252 969 2322 quia
994 2269 1114 2306 esse
1135 2257 1374 2322 poterat,
1399 2259 1669 2324 tanquam
1693 2255 1862 2326 quise
1891 2255 1988 2308 ho-

392 2343 605 2396 minem
633 2341 924 2411 cogitaret,
951 2341 1214 2395 omnibus
1241 2342 1434 2396 omnia
1459 2342 1638 2396 factus
1669 2350 1754 2396 est
1781 2351 1844 2397 ut
1870 2361 1986 2398 om-

389 2448 490 2486 nes
515 2430 870 2485 lucriﬁcaret.
893 2431 1086 2500 Neque
1111 2431 1261 2483 enim
1279 2431 1538 2501 egregius
1569 2433 1896 2502 praedicator
1923 2441 1988 2488 ut

389 2519 550 2591 quasi
575 2519 801 2574 Judaeus
831 2519 992 2572 fieret
1019 2519 1088 2572 ad
1123 2519 1419 2589 perfidiam
1467 2521 1670 2592 erupit,
1715 2539 1894 2592 neque
1925 2530 1989 2577 ut

396 2609 556 2681 quasi
581 2609 686 2663 sub
726 2609 850 2678 lege
879 2613 1044 2674 esset,
1079 2609 1151 2662 ad
1179 2610 1402 2662 carnale
1429 2610 1764 2664 sacriﬁcium
1797 2612 1982 2677 rediit,

393 2713 574 2769 neque
589 2705 655 2752 ut
676 2697 936 2752 omnibus
953 2697 1144 2750 omnia
1173 2699 1351 2760 ﬁeret,
1385 2698 1802 2768 simplicitatem
1835 2717 1989 2754 men-

391 2787 466 2842 tis
493 2787 554 2841 in
569 2787 1115 2841 errorisvarietatem
1131 2787 1522 2853 commodavit,
1541 2787 1636 2840 sed
1659 2789 1990 2842 condescen-

395 2876 578 2930 dendo
604 2875 1074 2947 appropinquavit
1119 2875 1438 2930 infidelibus
1475 2892 1589 2930 non
1643 2878 1894 2944 cadente,
1928 2884 1992 2932 ut

395 2965 652 3019 videlicet
678 2965 930 3035 singulos
958 2965 1016 3018 in
1045 2981 1106 3018 se
1136 2964 1462 3035 suscipiens,
1495 2971 1553 3019 et
1578 2982 1637 3019 se
1668 2965 1726 3020 in
1754 2967 1991 3037 singulis

2069 2257 2314 2328 pellitur,
2335 2273 2458 2327 quae
2475 2273 2564 2309 res
2593 2255 2762 2309 etiam
2792 2272 2893 2326 pro
2919 2256 3099 2310 salute
3128 2271 3324 2310 eorum
3355 2257 3450 2328 qui
3480 2257 3664 2326 legem

2069 2345 2168 2400 Dei
2197 2346 2422 2416 penitus
2450 2343 2802 2414 ignorabant,
2835 2350 3106 2414 tanquam
3145 2351 3202 2398 et
3228 2345 3349 2416 ipse
3387 2345 3510 2399 sine
3539 2346 3664 2415 lege

2070 2440 2236 2498 esset,
2269 2435 2495 2488 effectus
2525 2433 2615 2499 sit,
2658 2435 2780 2503 lege
2825 2433 2882 2486 in
2911 2434 3342 2487 Atheniensium
3383 2434 3521 2488 urbe
3567 2435 3667 2488 ubi

2068 2523 2366 2593 gentilium
2393 2523 2618 2593 vigebat
2643 2522 2922 2592 impietas,
2941 2538 3050 2592 quo
3081 2538 3216 2576 usus
3232 2523 3307 2576 sit
3322 2523 3668 2593 praedicatio-

2069 2613 2157 2666 nis
2189 2610 2433 2666 exordio.
2479 2615 2818 2675 Prateriens,
2860 2611 3060 2681 inquit,
3111 2613 3226 2664 ridi
3260 2615 3586 2676 simulacra,
3619 2618 3668 2664 et

2071 2717 2253 2766 aram,
2286 2705 2349 2754 in
2379 2717 2489 2770 qua
2516 2703 2786 2768 scriptum
2815 2706 2933 2753 erat
2962 2715 3156 2754 mucro
3187 2699 3307 2754 Deo
3339 2701 3471 2768 (Act.
3507 2706 3668 2770 xvn).

2071 2790 2325 2861 Cumque
2363 2790 2434 2843 de
2461 2805 2656 2843 eorum
2686 2789 3085 2859 superstitione
3123 2805 3441 2842 sermonem
3469 2789 3672 2844 fuisset

2073 2879 2288 2933 orditus
2320 2885 2590 2948 tanquam
2605 2877 2651 2931 si
2683 2883 2741 2931 et
2765 2877 2886 2948 ipse
2919 2878 3040 2931 sine
3057 2879 3180 2946 lege
3207 2883 3355 2932 esset
3382 2878 3485 2932 sub
3516 2896 3672 2933 occa-

2073 2968 2229 3022 sione
2259 2967 2410 3021 illius
2436 2967 2653 3037 profani
2667 2967 2816 3020 tituli
2833 2967 2999 3020 fidem
3018 2967 3225 3020 Christi
3239 2967 3432 3022 intulit
3446 2967 3666 3022 dicens:

395 3055 806 3124 transﬁgurans
835 3053 1227 3124 compatiendo
1265 3053 1552 3124 colligeret
1595 3073 1606 3106 :
1666 3056 1714 3108 si
1763 3055 1842 3109 ita
1873 3055 1990 3126 ipse
2021 3118 2056 3126 Α
2077 3058 2228 3124 Quod
2242 3071 2368 3124 ergo
2385 3061 2704 3124 ignorantes
2732 3071 2821 3109 ros
2849 3059 3045 3122 colitis,
3067 3057 3164 3109 hoc
3192 3061 3239 3110 et
3267 3073 3359 3124 ego
3389 3061 3673 3112 annuntio

398 3149 463 3198 ut
487 3143 569 3197 illi
597 3118 766 3208 esset,
787 3143 918 3213 quid
937 3118 1185 3213 impendi
1217 3141 1322 3196 sibi
1360 3118 1430 3196 ab
1459 3143 1582 3198 aliis
1611 3149 1762 3198 recte
1793 3118 1994 3198 voluis-
2014 3118 2057 3177 δ
2075 3118 2240 3212 nobis,
2263 3118 2321 3200 et
2332 3118 2648 3216 postpauca
2660 3145 2812 3197 velut
2829 3143 2876 3198 si
2893 3118 3093 3198 divinae
3117 3145 3254 3214 legis
3274 3118 3498 3215 penitus
3515 3147 3675 3216 igna-

399 3238 502 3297 set,
534 3238 590 3286 et
613 3236 774 3285 tanto
805 3231 991 3284 verius
1046 3231 1349 3302 unicuique
1397 3233 1610 3286 erranti
1638 3239 1997 3288 concurreret

401 3325 612 3392 quanto
623 3320 821 3374 salutis
835 3320 958 3390 ejus
973 3321 1203 3374 modum
1224 3337 1288 3374 ex
1303 3321 1531 3391 propria
1550 3322 1996 3376 consideratione

402 3409 705 3463 didicisset.

472 3500 667 3554 Factus
676 3515 802 3552 sum
813 3501 1059 3566 inﬁrmis
1071 3501 1353 3566 inﬁrmus,
1371 3504 1434 3552 ut
1445 3502 1698 3565 inﬁrmos
1712 3502 2000 3568 lucriface-

408 3604 546 3642 rcm.
574 3589 838 3642 Infirmus
870 3587 1050 3641 factus
1085 3592 1171 3640 est
1199 3587 1333 3640 dum
1365 3591 1594 3658 propter
1619 3587 1818 3642 fratres
1847 3589 1998 3644 inﬁr-

407 3693 529 3731 mos
557 3675 626 3730 ab
654 3675 822 3730 licitis
849 3675 1095 3730 abstinet
1122 3692 1194 3730 ne
1235 3676 1344 3730 illis
1383 3677 1707 3730 scandalum
1745 3685 1995 3747 generet.

411 3766 678 3822 Omnibus
702 3767 883 3833 factus
894 3782 1017 3818 sum
1028 3769 1305 3831 omnia,ut
1331 3783 1516 3819 omnes
1536 3769 1711 3820 salvos
1740 3769 1997 3834 facerem.

2076 3250 2192 3300 rus,
2229 3233 2455 3304 gentilis
2484 3238 2664 3303 poetae
2691 3248 2913 3286 versum
2943 3233 3128 3302 potius
3165 3249 3334 3302 quam
3365 3233 3541 3304 Moysi
3573 3239 3674 3286 aut

2078 3323 2480 3393 prophetarum
2513 3321 2715 3375 maluit
2761 3319 3008 3392 proferre
3036 3321 3394 3374 sententiam.
3429 3321 3496 3375 Et
3527 3321 3674 3376 sicut

2079 3411 2310 3482 quidam
2326 3411 2586 3481 inquiens
2603 3415 2850 3464 vestrum
2873 3414 3166 3480 poetarum
3183 3409 3472 3463 dixerunt:
3495 3410 3674 3480 ipsius
3733 3473 3736 3476 ,

2078 3506 2138 3554 et
2162 3517 2341 3570 genus
2365 3515 2580 3553 sumus.
2606 3499 2747 3553 Cum
2778 3499 2969 3568 itaque
2998 3498 3113 3552 suis
3153 3513 3248 3551 eos
3276 3515 3398 3568 quae
3427 3499 3674 3552 refutare

2081 3605 2192 3642 non
2250 3588 2465 3658 possint
2515 3587 2852 3642 testimoniis
2905 3587 3101 3640 fuisset
3147 3603 3463 3656 aggressus,
3498 3588 3577 3641 ita
3603 3589 3676 3642 de

2083 3678 2236 3731 falsis
2267 3677 2752 3730 veraconﬁrmans
2778 3675 3043 3740 subdidit,
3077 3676 3299 3729 dicens:
3341 3677 3520 3731 Genus
3548 3693 3676 3745 ergo

2083 3783 2208 3822 cum
2237 3783 2430 3820 sumus
2447 3768 2560 3830 Dei,
2581 3781 2692 3820 non
2707 3766 2953 3819 debemus
2976 3768 3254 3818 aestimare
3280 3781 3420 3818 auro
3449 3771 3546 3819 aut
3577 3782 3679 3818 ar-

407 3855 526 3910 Hoc
536 3854 644 3909 fuit
671 3853 776 3908 viri
792 3853 1082 3925 prudentis
1095 3859 1152 3908 et
1163 3854 1434 3926 spiritalis
1447 3861 1513 3908 ut
1538 3854 1798 3909 omnibus
1813 3857 2004 3911 omnia
2083 3861 2258 3924 genta,
2277 3861 2376 3908 aut
2389 3855 2664 3923 lapidibus
2678 3857 2973 3922 sculptura:
2992 3856 3132 3906 artis
3147 3859 3195 3905 et
3209 3856 3552 3921 cogitationis
3578 3855 3678 3907 ho—

407 3943 605 4010 factus,
635 3943 988 4014 prepositum
1019 3948 1211 3997 tamen
1243 3943 1528 4014 religionis
1559 3960 1670 3998 non
1688 3946 1996 4000 excederet.
2085 3943 3289 4010 minisdivinitatemessesimilem(Act.xvn).
3307 3941 3550 3996 Inﬁrmis
3581 3959 3679 3996 au-

409 4033 554 4098 Quia
579 4032 678 4086 ubi
720 4032 905 4098 cessit,
939 4031 1009 4085 ad
1035 4029 1141 4084 hoc
1179 4033 1346 4086 cessit
1364 4038 1428 4086 ut
1471 4034 1784 4104 proﬁceret,
1818 4040 1875 4088 et
1901 4052 2004 4090 nec
2084 4039 2200 4087 tem
2216 4033 2474 4086 inﬁrmus
2510 4033 2738 4086 effectus
2751 4048 2880 4085 cum
2907 4031 3215 4085 secundum
3246 4030 3674 4101 indulgentiam,

409 4120 563 4177 aliud
583 4120 716 4174 fecit
741 4137 912 4190 quam
941 4120 1028 4172 lex
1057 4120 1360 4173 mandavit.
1411 4123 1602 4190 (Cass)
1649 4122 1794 4185 Quid
1850 4124 2002 4177 aliud
2086 4137 2198 4175 non
2227 4121 2534 4174 secundum
2566 4120 2886 4190 imperium,
2922 4119 3010 4172 his
3041 4119 3136 4190 qui
3166 4137 3225 4173 se
3253 4120 3536 4174 continere
3562 4137 3678 4174 non

413 4209 660 4264 ostendit
685 4223 856 4279 quam
887 4207 1192 4261 secundum
1221 4209 1611 4264 inﬁrmitatem
1650 4216 1820 4280 atque
1853 4228 2007 4265 men-
2089 4214 2350 4281 poterant
2375 4209 2434 4262 in
2465 4209 2710 4280 idipsum
2740 4209 2920 4262 redire
2937 4209 3229 4273 concessit,
3251 4208 3362 4262 sive
3378 4225 3506 4262 cum
3533 4209 3678 4264 lacte

413 4315 600 4354 suram
647 4313 844 4352 eorum
901 4297 995 4367 qui
1055 4291 1500 4351 instituebantur
1547 4299 2006 4356 condescendisse
2089 4315 2201 4354 non
2229 4315 2356 4352 esca
2372 4297 2686 4352 Corinthios
2708 4303 2928 4368 potans.
2959 4297 3288 4352 inﬁrmitate
3316 4304 3372 4351 et
3387 4298 3590 4351 timore
3623 4307 3682 4352 et

413 4404 654 4460 semper,
687 4391 746 4441 et
761 4401 806 4440 a
833 4385 1186 4457 perfectionis
1215 4386 1401 4456 rigore
1429 4387 1581 4442 aliud
1605 4388 1881 4442 relaxasse
1924 4407 2004 4456 se,
2025 4438 2073 4460 η
2089 4393 2334 4444 tremore
2351 4388 2529 4441 multo
2545 4387 2692 4458 apud
2709 4403 2804 4440 eos
2819 4387 2988 4441 fuisse
3003 4403 3061 4440 se
3086 4387 3238 4440 dicit.
3272 4386 3474 4442 Omnia
3488 4392 3682 4442 autem

414 4477 470 4532 id
525 4438 676 4549 quod
730 4438 1038 4530 destructio
1094 4438 1322 4546 posce;
1377 4475 1686 4542 videbatur,
1720 4478 1818 4531 sed
1870 4438 2351 4534 illudDomnibus
2379 4475 2558 4530 factus
2585 4438 2718 4536 lest,
2752 4480 2814 4528 ut
2849 4492 3044 4528 omnes
3079 4475 3290 4529 faceres
3328 4476 3506 4528 salvos
3551 4493 3680 4530 cum

415 4567 596 4638 magis
610 4565 999 4638 praeposuisse,
1033 4565 1180 4636 quod
1210 4564 1622 4620 inﬁrmantium
1652 4567 1869 4621 utilitas
1899 4569 2010 4622 exi-
2089 4565 2246 4620 dicit:
2282 4568 2388 4633 Qui.
2406 4566 2844 4629 manducatnwn
2862 4565 3415 4618 manducantemnon
3426 4573 3682 4633 spernat;

413 4655 602 4728 gebat,
617 4661 677 4709 et
705 4661 770 4708 ut
787 4656 906 4710 haec
933 4655 1129 4710 eadem
1157 4654 1426 4709 attentius
1457 4655 1790 4725 indagantes
1822 4657 2011 4725 singu-
2093 4661 2140 4708 et
2165 4657 2262 4724 qui
2293 4671 2404 4709 non
2436 4654 2760 4720 manducat,
2779 4653 3210 4706 manducantem.
3232 4668 3344 4706 non
3352 4655 3597 4721 judicet:
3634 4661 3685 4708 et

415 4743 578 4798 latim
605 4743 1052 4814 Apostolicarum
1081 4741 1354 4798 virtutum
1383 4743 1627 4814 insignia
1654 4745 2006 4814 replicemus,
2093 4747 2192 4813 qui
2204 4745 2568 4797 matrimonio
2571 4745 2768 4810 jungit
2803 4743 3078 4808 virginem
3105 4757 3264 4794 suam
3307 4742 3434 4794 bene
3461 4743 3616 4809 facit,
3635 4751 3686 4797 et

419 4836 636 4905 quaerat
661 4830 862 4900 aliquis
889 4831 1170 4901 quomodo
1183 4832 1444 4886 omnibus
1472 4849 1572 4903 per
1598 4833 1787 4886 omnia
1815 4833 2011 4888 beatus

417 4919 716 4992 Apostolus
744 4935 908 4972 suam
949 4919 1218 4990 probetur
1273 4926 1496 4991 aptasse
1547 4938 1867 4992 personam,
1915 4921 2010 4976 ubi

417 5009 597 5065 factus
625 5008 704 5063 sit
735 5007 962 5075 Iudaeis,
1007 5007 1152 5062 sicut
1188 5009 1454 5066 Judaeus?
1511 5010 1756 5080 profecto
1810 5010 1887 5064 ibi
1915 5011 2011 5066 ubi

417 5099 570 5154 illam
599 5097 938 5152 sententiam
966 5096 1168 5150 intimo
1195 5097 1364 5153 corde
1391 5099 1728 5166 custodiens,
1745 5099 1879 5170 quia
1906 5101 2013 5154 Ga-

417 5187 548 5242 latis
575 5185 1005 5242 denuntiaverat
1028 5183 1247 5240 dicens:
1277 5187 1410 5242 Ecce
1433 5204 1524 5256 ego
1539 5189 1744 5242 Paulus
1773 5189 1892 5241 dico
1918 5206 2011 5242 vo-

418 5278 519 5342 bis,
549 5277 599 5330 si
625 5275 1132 5340 circumcidamini,
1145 5275 1392 5330 Christus
1419 5278 1568 5330 vobis
1597 5277 1742 5330 nihil
1764 5278 2012 5345 proderit

421 5364 562 5432 (Gal.
597 5366 674 5433 v).
704 5363 769 5418 In
795 5363 1075 5418 Timothei
1115 5368 1308 5418 tamen
1343 5365 1782 5424 circumcisione,
1817 5364 2014 5435 imagi-

2092 4835 2192 4902 qui
2219 4849 2327 4885 non
2362 4833 2559 4899 jungit
2589 4833 2786 4884 melius
2827 4831 2962 4897 facit
3019 4831 3188 4895 (Rom.
3237 4833 3371 4891 xw).
3406 4830 3474 4884 Et
3501 4831 3631 4885 alibi
3668 4853 3678 4884 :

2094 4922 2242 4988 Quis,
2275 4919 2475 4990 inquit,
2511 4922 2842 4985 inﬁrmatur
2873 4925 2920 4972 et
2945 4935 3036 4987 ego
3067 4934 3178 4973 non
3214 4921 3476 4986 inﬁrmor
3510 4922 3686 4988 fouis

2091 5011 2513 5063 scandalizatur
2527 5013 2578 5060 et
2590 5024 2685 5076 ego
2703 5024 2813 5062 non
2835 5013 3009 5061 urar?
3038 5009 3220 5077 Atque
3234 5007 3340 5061 hoc
3357 5008 3522 5063 modo
3544 5009 3680 5066 illud

2095 5097 2242 5167 quod
2273 5096 2578 5151 Corinthiis
2609 5101 2951 5168 praeceperat
2978 5095 3302 5166 adimplevit
3341 5097 3559 5152 dicens:
3592 5099 3686 5154 Si-

2096 5201 2162 5241 ne
2199 5189 2489 5254 offensione
2527 5191 2702 5250 estote,
2735 5187 2940 5239 Judais
2991 5191 3038 5238 et
3077 5185 3290 5245 Graecis,
3345 5190 3394 5238 et
3441 5187 3688 5244 Ecclesia

2096 5276 2304 5330 Christi
2331 5279 2473 5328 sicut
2502 5280 2549 5328 et
2589 5291 2680 5341 ego
2698 5289 2798 5342 per
2834 5275 3023 5326 omnia
3056 5275 3311 5326 omnibus
3336 5277 3540 5342 placeo,
3573 5293 3687 5331 non

2095 5381 2344 5434 quaerens
2372 5365 2515 5433 quod
2543 5364 2684 5416 mihi
2697 5365 2835 5415 utile
2855 5367 2948 5423 est,
2968 5363 3058 5415 sed
3071 5363 3213 5430 quod
3229 5365 3440 5428 multis,
3465 5369 3528 5416 ut
3544 5367 3692 5418 salvi

419 5467 549 5507 nem
565 5451 980 5524 quodammodo
992 5452 1237 5508 Iudaica:
1249 5452 1665 5524 superstitionis
1685 5453 2006 5524 assumpsit;
2095 5456 2233 5520 ﬁant
2263 5455 2316 5520 (Ι
2341 5454 2460 5507 Cor.
2483 5456 2558 5520 Χ).
2581 5451 2726 5508 Utile
2743 5450 2864 5504 sine
2879 5449 3048 5504 dubio
3063 5449 3114 5503 ei
3133 5449 3317 5503 fuerat
3329 5450 3686 5506 Timotheum

419 5543 478 5594 et
498 5555 696 5596 rursus
721 5538 821 5595 ubi
850 5539 1028 5596 factus
1059 5547 1144 5596 est
1167 5541 1250 5595 eis
1276 5541 1372 5612 qui
1396 5539 1499 5594 sub
1521 5541 1644 5611 lege
1685 5547 1849 5596 erant
1889 5548 2012 5595 tan-
2093 5557 2206 5594 non
2222 5541 2636 5603 circumcidere,
2659 5545 2828 5610 caput
2854 5556 2965 5594 non
2994 5539 3210 5601 radere,
3239 5538 3686 5609 puriﬁcationem

414 5643 585 5700 quam
611 5627 716 5684 sub
742 5629 868 5701 lege
894 5635 1061 5694 esset,
1079 5645 1283 5700 nempe
1302 5629 1382 5684 ibi
1407 5628 1504 5684 ubi
1532 5629 1771 5685 Iacobus
1786 5647 2007 5684 omnes-
2092 5629 2382 5684 Iudaicam
2411 5646 2523 5684 non
2551 5645 2858 5691 assumere,
2908 5627 3213 5697 nudipedia
3249 5644 3362 5682 non
3401 5645 3680 5696 exercere,
