3900 6196
295 287 352 346 83
760 287 1340 342 ENARRATIONUM
1379 288 1454 339 IN
1499 287 1650 338 ΕΡΡ.
1697 289 1877 340 PAUL

1962 289 2081 342 LIB.
2125 291 2191 345 Χ.
2227 320 2291 330 -
2331 292 2406 345 IN
2449 291 2669 346 EPIST.
2717 292 2734 343 Ι
2775 292 2869 345 ΑΒ
2908 294 3068 346 ωυη.
3485 301 3552 347 καὶ

299 427 406 471 vota
425 415 624 485 legalis
653 431 772 468 non
802 415 1026 479 offerre,
1063 413 1161 467 sed
1188 412 1322 466 facit
1350 413 1465 466 haec
1500 413 1707 477 omnia,
1749 415 1882 483 quia
1902 416 2208 478 Avictoria:
2235 417 2399 470 laude
2421 419 2768 487 conquirere.
2799 419 2992 489 Itaque
3012 421 3058 474 si
3080 436 3275 490 agoms
3301 423 3555 477 mundia-

300 523 392 561 non
411 505 606 576 quaerit
630 503 784 574 quod
801 503 908 556 sibi
925 503 1061 556 utile
1077 509 1178 564 est,
1198 502 1295 554 sed
1325 503 1470 572 quod
1497 502 1707 562 multis,
1727 503 1876 572 quod

298 594 526 666 quamvis
552 593 658 646 Dei
689 591 1167 661 contemplatione
1196 591 1270 644 sit
1303 591 1530 647 factum.
1572 597 1762 644 tamen
1798 592 1875 644 si'-

297 685 580 738 mulatione
608 698 726 735 non
755 681 960 734 caruit.
997 681 1103 743 Qui
1123 680 1273 733 enim
1301 697 1400 749 per
1441 681 1622 747 legem
1669 680 1876 733 Christi

296 775 392 843 legi
419 779 672 825 mortuus
707 771 914 834 fuerat,
956 775 1019 822 ut
1056 770 1170 823 Deo
1207 769 1430 829 viveret,
1473 768 1680 838 quique
1723 769 1876 822 illam

291 863 550 933 justitiam
577 860 738 928 legis.
771 859 830 912 in
859 875 974 928 qua
996 864 1352 912 conversatus
1379 857 1565 910 fuerat
1588 857 1708 910 sine
1737 875 1875 928 que-

299 953 418 1004 rela.
448 950 854 1003 detrimentum
875 948 1102 1010 fecerat,
1136 954 1193 1001 et
1220 946 1528 1000 arbitratur
1543 953 1604 1000 ut
1631 955 1878 1000 stercora

297 1050 352 1093 ut
376 1039 655 1092 Christum
683 1037 1038 1090 lucrifaceret
1069 1037 1292 1104 (Philip.
1325 1039 1420 1101 in),
1467 1052 1535 1088 ea
1571 1052 1692 1105 quae
1737 1035 1876 1102 legis

297 1138 443 1182 erant
469 1143 599 1180 vero
619 1126 806 1180 cordis
832 1126 1036 1178 affectu
1067 1124 1264 1177 oﬁ‘erre
1284 1141 1396 1177 non
1425 1125 1624 1194 potuit.
1651 1125 1763 1177 Nec
1793 1124 1876 1176 fas

295 1226 371 1272 est
397 1217 542 1269 credi
577 1232 710 1268 eum
741 1214 836 1285 qui
868 1214 1086 1266 dixerat
1116 1231 1126 1264 :
1161 1213 1225 1268 Si
1261 1217 1410 1266 enim
1451 1231 1568 1281 qua!
1605 1215 1870 1275 destrua'i,

295 1310 390 1360 haec
427 1309 626 1360 ite-rum
673 1305 896 1369 adi/lca,
946 1304 1425 1370 pra-varicatorem
1490 1319 1570 1352 mc
1609 1304 1876 1354 constituo

296 1397 423 1462 (Gal.
453 1397 531 1460 ιι),
567 1393 624 1445 in
657 1392 714 1445 id
745 1409 804 1444 se
829 1391 1090 1446 incidisse
1119 1390 1267 1460 quod
1298 1389 1414 1460 ipse
1439 1389 1802 1462 damnaverat
1821 1395 1878 1442 et

292 1485 343 1537 in
367 1489 589 1536 tantum
619 1498 736 1534 non
767 1481 948 1550 magis
988 1496 1076 1532 res
1105 1481 1228 1550 ipsa
1269 1495 1390 1549 qua:
1427 1459 1660 1547 geritur,
1708 1494 1876 1547 quam

289 1573 522 1642 gerentis
561 1576 836 1641 pensatur
871 1570 1120 1623 affectus.
1167 1570 1352 1634 (Δίῳ.)
1389 1568 1503 1620 Hoc
1545 1583 1678 1636 ergo
1721 1566 1875 1618 exhi-

291 1660 508 1714 beamus
522 1661 574 1712 ei
597 1661 764 1729 cujus
780 1658 1170 1711 inﬁrmitatem
1193 1663 1415 1726 portare
1430 1657 1703 1720 volumus,
1730 1655 1878 1725 quod

1960 505 2026 556 lis
2053 505 2418 573 intelligimus
2449 506 2823 575 disciplinain,
2865 509 3023 576 cujus
3061 511 3314 580 exemplo
3357 511 3552 566 beatus

1957 593 2256 661 Apostolus
2283 610 2382 646 nos
2399 593 2574 646 voluit
2597 594 2840 657 erudire,
2858 595 3060 649 docens
3077 605 3290 667 quanta
3301 599 3554 653 custodia

1961 680 2094 750 quid
2122 697 2223 734 nos
2262 682 2555 735 conveniat
2594 682 2794 747 facere,
2839 700 2950 752 qua
2985 685 3232 754 puritate
3274 687 3553 758 oportebit

1961 769 2238 823 custodire
2267 770 2442 824 nostri
2483 771 2730 840 corporis
2769 779 2939 842 atque
2973 773 3175 827 animae
3213 775 3548 842 castitatem,

1960 875 2097 928 quos
2125 875 2348 912 necesse
2379 865 2465 912 est
2501 859 2751 929 quotidie
2789 862 3155 916 sacrosanctis
3197 864 3327 933 agni
3367 866 3553 919 carni-

1957 945 2060 1000 bus
2109 948 2269 1012 vesci,
2323 965 2461 1016 quas
2500 949 2786 1002 neminem
2824 949 3180 1004 immundum
3231 953 3555 1023 contingere

1959 1036 2129 1088 etiam
2145 1035 2348 1089 veteris
2371 1036 2511 1106 legis
2532 1044 2807 1107 praecepta
2829 1039 3200 1108 permittunt?
3220 1041 3286 1096 In
3312 1041 3555 1096 Levitico

1958 1141 2201 1194 namque
2232 1125 2312 1178 ita
2334 1126 2493 1194 prisci
2501 1125 2653 1195 pitur
2675 1144 2686 1178 :
2713 1127 2905 1180 Omnis
2923 1129 3168 1181 mundus
3197 1131 3554 1184 manducabit

1957 1229 2167 1275 carnes,
2183 1220 2228 1267 ct
2249 1217 2442 1266 anima
2466 1230 2798 1282 quacunque
2821 1217 2990 1268 ederit
3012 1218 3074 1268 de
3095 1219 3359 1272 carnibus
3383 1223 3554 1273 sacri-

1959 1305 2072 1368 ﬁcii
2099 1305 2384 1365 salutaris,
2408 1304 2551 1371 quod
2570 1307 2642 1355 est
2664 1303 2893 1357 Domini
2899 1347 2910 1364 ,
2933 1307 2995 1358 in
3017 1321 3125 1373 qua
3146 1312 3222 1358 est
3245 1309 3554 1361 immundi-

1961 1393 2058 1454 tia,
2087 1392 2286 1457 peribit
2317 1406 2502 1442 coram
2533 1392 2765 1445 Domino
2798 1393 2982 1458 (Lavit.
3013 1397 3128 1460 vn).
3152 1394 3438 1458 Quantum
3467 1403 3556 1450 est

1959 1478 2133 1547 igitur
2153 1478 2494 1547 integritatis
2521 1495 2745 1545 munus,
2779 1481 2901 1534 sine
2933 1498 3043 1552 qua
3069 1487 3128 1535 et
3153 1482 3236 1536 illi
3271 1483 3368 1553 qui
3390 1491 3555 1539 erant

1958 1566 2061 1620 sub
2102 1567 2275 1620 veteri
2304 1567 2662 1622 Testamento
2692 1569 2976 1622 sacriﬁciis
3011 1571 3211 1642 typicis
3251 1587 3363 1625 non
3395 1579 3554 1642 pote-

1960 1661 2088 1708 rant
2129 1655 2417 1718 interesse,
2456 1663 2512 1709 et
2551 1658 2646 1727 qui
2685 1658 2881 1712 mundi
2925 1659 3093 1728 hujus
3132 1660 3552 1731 corruptibilem

289 1749 351 1804 ab
377 1750 471 1802 illo
499 1748 662 1802 nobis
692 1747 961 1800 vellemus
989 1745 1255 1810 exhiberi,
1297 1745 1346 1798 si
1383 1745 1524 1797 forte
1567 1761 1666 1798 nos
1710 1745 1768 1798 in
1811 1760 1878 1797 ea
1897 1734 2218 1797 Bcoronam
2234 1745 2468 1814 cupiunt
2482 1745 2734 1816 adipisci,
2754 1753 3044 1816 nequeunt
3057 1749 3334 1801 coronari.
3358 1749 3553 1820 Itaque

288 1854 529 1892 essemus
554 1849 614 1891 et
642 1837 762 1907 ipse
793 1852 906 1889 non
922 1841 1086 1888 esset.
1107 1833 1192 1887 Ad
1207 1835 1310 1887 hoc
1332 1833 1576 1904 pertinet
1592 1833 1738 1903 quod
1755 1833 1874 1903 ipse

284 1929 576 1998 Apostolus
604 1927 687 1979 ait
713 1945 723 1977 :
752 1926 1018 1980 Omnibus
1039 1927 1228 1976 omnia
1249 1925 1426 1990 factus
1446 1939 1588 1987 sum,
1613 1927 1674 1975 ut
1693 1939 1876 1975 omnes

284 2019 684 2083 tueri/“acerem,
717 2013 1014 2084 cogitando
1047 2013 1256 2066 scilicet
1283 2012 1341 2064 in
1361 2028 1426 2065 eo
1455 2012 1589 2064 vitio
1619 2011 1790 2064 etiam
1816 2027 1876 2064 se

285 2123 398 2158 esse
427 2105 701 2176 potuisse,
733 2104 884 2158 unde
907 2101 1168 2172 cupiebat
1181 2099 1663 2155 alterumliberari
1689 2118 1700 2151 :
1722 2116 1874 2153 com-

287 2180 553 2264 patiendo'
592 2193 746 2246 enim
794 2191 980 2262 potius
1022 2191 1076 2243 id
1119 2189 1339 2260 agebat,
1380 2206 1493 2242 non
1530 2188 1871 2252 mentiendo,

286 2285 422 2336 sicut
443 2283 679 2353 quidam
709 2281 1087 2351 suspicantur,
1107 2285 1163 2332 et
1178 2279 1235 2332 hi
1264 2277 1506 2331 maxime
1522 2277 1617 2347 qui
1643 2277 1874 2330 menda-

285 2373 377 2425 ciis
398 2371 519 2426 suis
547 2369 934 2434 defendendis,
967 2385 1087 2438 quae
1116 2384 1322 2436 negare
1363 2383 1473 2420 non
1511 2373 1744 2437 possunt
1771 2366 1876 2418 ali-

291 2463 441 2529 cujus
469 2459 668 2529 magni
697 2458 938 2527 exempli
968 2456 1338 2526 patrocinium
1365 2462 1641 2526 quaerunt.
1677 2456 1878 2509 Omnia

287 2556 458 2602 autem
481 2551 630 2615 facio
645 2552 866 2615 propter
887 2540 1268 2612 Evangelia-in,
1295 2551 1354 2597 ut
1372 2548 1639 2612 particeps
1670 2547 1786 2612 ejus
1806 2545 1880 2610 rf-

291 2642 460 2704 ﬁciar.
499 2636 744 2703 (ΛΜΝ.)
775 2636 891 2688 Hoc
924 2640 1028 2698 est,
1060 2634 1250 2687 omnia
1277 2650 1449 2703 supra
1463 2633 1782 2698 dictafacio,
1819 2639 1882 2685 ut

287 2725 584 2779 voluntatis
623 2722 966 2792 Eii-angelicae
994 2722 1272 2792 particeps
1311 2723 1462 2784 ﬁam,
1504 2738 1671 2791 quam
1714 2720 1883 2774 habet

285 2815 422 2868 circa
460 2815 708 2867 salutem
748 2813 1074 2866 humanam.
1119 2811 1342 2864 Nescit-is
1376 2813 1642 2878 quoniam
1680 2813 1778 2877 qui
1819 2813 1881 2862 in

283 2905 454 2957 stadio
482 2907 747 2966 currunt,
783 2917 968 2954 manes
997 2901 1215 2967 quidem
1237 2905 1493 2962 currunt,
1521 2915 1669 2951 unus
1697 2903 1880 2951 autem

1957 1833 2111 1886 omni
2139 1833 2392 1886 custodia
2418 1835 2599 1888 cordis
2639 1835 2814 1888 nostri
2856 1841 2989 1889 sunt
3025 1835 3252 1891 latebrae
3292 1837 3554 1908 primitus

1959 1921 2330 1992 extirpandas:
2365 1923 2512 1993 quod
2537 1924 2688 1976 enim
2713 1924 2796 1976 illi
2825 1924 2884 1977 in
2915 1925 3162 1996 corporis
3191 1927 3437 1996 puritate
3462 1943 3554 1980 au-

1959 2011 2122 2080 piunt
2158 2012 2401 2081 assequi,
2443 2029 2544 2065 nos
2591 2012 2859 2066 debemus
2898 2013 3070 2066 etiam
3107 2013 3167 2067 in
3202 2014 3384 2068 cordis
3419 2031 3552 2069 con-

1958 2099 2193 2152 scientia
2233 2100 2534 2169 possidere,
2579 2102 2636 2154 in
2673 2118 2785 2172 qua
2827 2102 3099 2156 Dominus
3139 2101 3354 2157 arbiter
3383 2110 3554 2174 atque

1958 2188 2298 2258 agonotheta
2311 2189 2560 2242 residens
2577 2205 2823 2260 pugnam
2838 2206 3032 2244 cursus
3048 2197 3216 2260 atque
3231 2192 3555 2246 certaminis

1960 2275 2360 2346 nostrijugiter
2376 2285 2675 2348 exspectat,
2697 2285 2762 2332 ut
2784 2295 2851 2332 ea
2875 2295 2998 2349 qua;
3027 2279 3086 2332 in
3107 2280 3402 2350 propatulo
3421 2280 3554 2334 hor-

1960 2381 2150 2418 remus
2178 2365 2495 2431 admittere,
2530 2384 2599 2419 ne
2627 2367 2962 2420 intrinsecus
2991 2367 3216 2438 quidem
3246 2368 3554 2423 coalescere

1962 2454 2189 2506 incauta
2215 2454 2552 2522 cogitatione
2582 2456 2883 2524 patiamur,
2917 2461 2974 2508 et
3002 2455 3060 2509 in
3086 2455 3286 2528 quibus
3307 2456 3556 2522 humana

1962 2541 2278 2610 cognitione
2303 2543 2712 2609 confundimur,
2737 2560 2840 2598 nec
2861 2545 3077 2597 occulta
3105 2545 3332 2615 quidem
3360 2561 3556 2600 concu-

1963 2631 2235 2701 piscentia
2265 2631 2582 2701 polluamur
2598 2651 2608 2685 :
2633 2649 2755 2704 quae
2775 2633 2906 2686 licet
2921 2633 3096 2703 possit
3111 2633 3403 2688 hominum
3421 2651 3557 2706 prie-

1961 2720 2133 2772 terire
2149 2719 2429 2783 notitiam,
2454 2728 2775 2776 sanctorum
2791 2729 2982 2776 tamen
2997 2723 3342 2793 Angelorum
3358 2723 3558 2794 ipsius-

1964 2825 2071 2879 que
2100 2809 2500 2879 omnipotentis
2531 2811 2632 2864 Dei
2655 2811 2948 2864 scientiam
2970 2829 3140 2882 quam
3165 2812 3321 2866 nulla
3341 2811 3556 2866 subter-

1963 2897 2186 2966 fugiunt
2210 2905 2444 2965 secreta,
2474 2900 2649 2953 latere
2669 2917 2781 2954 non
2803 2900 3026 2970 poterit.
3051 2901 3117 2954 Et
3145 2903 3240 2955 illi
3255 2902 3479 2969 quidem
3493 2907 3558 2955 ut

283 2995 474 3061 accipit
493 2994 766 3059 palmam.
811 2991 973 3042 Nunc
1009 2989 1161 3042 aliud
1199 2987 1396 3058 incipit
1432 3003 1725 3057 exponere.
1766 2987 1879 3040 Ita-
1906 3052 1940 3061 Α
1963 2987 2373 3052 corruptibilem
2393 3005 2650 3042 coronam
2676 2991 2968 3057 accipiant,
2993 3005 3089 3042 nos
3107 2992 3582 3055 auteinincorru-,

285 3052 509 3150 que.hoc-
527 3079 785 3149 exemplo
803 3077 1050 3131 ostendit
1066 3081 1277 3146 quanta
1302 3052 1376 3128 sit
1390 3052 1605 3129 utilitas
1623 3075 1760 3144 legis
1777 3091 1881 3127 no-
1899 3052 1940 3111 Ο
1959 3083 2134 3146 pta-in.
2169 3076 2376 3146 (Amb.)
2411 3079 2479 3131 Et
2506 3077 2564 3130 in
2590 3078 2694 3130 hoc
2724 3052 2965 3130 multum
2993 3077 3185 3148 dispar
3211 3077 3422 3131 donum
3450 3084 3556 3142 est,

283 3179 425 3228 stne,
447 3170 507 3222 in
521 3185 636 3238 qua
645 3184 759 3220 non
776 3165 1000 3232 uni,sed
1014 3163 1272 3218 omnibus
1283 3164 1558 3234 promissa
1571 3171 1656 3217 est
1673 3163 1877 3234 palma.

347 3258 440 3312 Sic
466 3261 682 3310 currite
710 3262 772 3308 ut
799 3255 1282 3322 comprehendatis.
1315 3251 1604 3320 (T/irolog.)
1636 3252 1882 3305 Sollicite

281 3349 392 3400 vult
422 3346 576 3400 curri
606 3346 678 3398 ad
719 3343 1168 3414 promissionem,
1211 3342 1342 3412 quia
1385 3357 1590 3410 magna
1632 3348 1734 3405 est,
1780 3357 1881 3394 nec

283 3443 506 3506 propter
533 3435 820 3488 lentorum
850 3438 908 3484 ct
937 3432 1194 3501 segnium
1233 3447 1418 3484 moras
1461 3437 1683 3500 paratos
1712 3437 1880 3500 atque

277 3527 486 3578 alacres
501 3523 713 3576 debere
728 3521 1052 3585 subsistere,
1079 3536 1206 3574 cum
1223 3521 1428 3572 rectius
1451 3519 1543 3575 sit.
1573 3527 1634 3572 ut
1660 3519 1879 3573 desides

279 3633 304 3665 a
336 3610 812 3684 precurrentibus
837 3610 1158 3672 incitantur,
1198 3625 1367 3679 quam
1407 3617 1471 3662 ut
1512 3615 1877 3679 properantes

280 3719 314 3755 a
339 3700 720 3756 residentibus
735 3699 1072 3768 obligentur.
1094 3698 1284 3751 Omnis
1299 3703 1482 3751 autem
1506 3701 1605 3766 qui
1627 3701 1688 3750 in
1707 3714 1877 3764 agone

282 3793 554 3845 contendit
586 3791 655 3843 ab
689 3790 944 3842 omnibus
980 3804 1031 3840 sc
1065 3788 1314 3840 abstinet.
1361 3786 1444 3840 Ab
1480 3786 1566 3838 his
1597 3785 1874 3848 omnibus,

283 3881 480 3951 inquit,
521 3895 647 3949 quae
686 3877 915 3930 vitanda
951 3876 1146 3930 eadem
1187 3874 1360 3929 tradit
1395 3875 1707 3945 disciplina,
1751 3891 1878 3928 cum

280 3971 458 4024 sciant
489 3984 672 4022 unum
699 3966 1102 4030 coronandum,
1137 3970 1347 4035 quanto
1371 3964 1552 4034 magis
1581 3963 1880 4017 observan-

278 4060 412 4112 dum
431 4057 598 4112 nobis
627 4062 732 4117 est,
765 4055 898 4125 quia
928 4053 1186 4108 omnibus
1212 4053 1488 4124 promissa
1518 4059 1603 4107 est
1630 4054 1799 4106 salus.
1833 4054 1883 4105 A

1964 3184 2028 3220 ac
2058 3185 2158 3240 per
2185 3170 2289 3222 hoc
2315 3167 2700 3236 diligentiores
2716 3182 2816 3218 nos
2833 3182 2954 3218 esse
2969 3164 3192 3232 debere,
3226 3164 3428 3236 quibus
3445 3181 3560 3220 non

1963 3259 2202 3312 terrenis
2218 3264 2275 3312 et
2289 3254 2758 3310 marcescentibus
2785 3253 3034 3318 ﬁoribus,
3059 3254 3157 3308 sed
3181 3254 3404 3308 internis
3424 3270 3559 3308 con-

1965 3355 2115 3401 serta
2129 3345 2453 3417 gemmis,in
2467 3344 2695 3398 modum
2707 3343 2911 3412 regalis
2925 3343 3278 3409 diadematis,
3292 3343 3560 3414 spiritalis

1961 3453 2168 3490 corona
2196 3441 2468 3489 servatur.

2034 3525 2141 3592 Ego
2159 3526 2334 3592 igitur
2354 3525 2431 3575 sic
2443 3537 2628 3585 curro,
2653 3536 2765 3574 non
2780 3523 2940 3590 quasi
2959 3523 3023 3573 in
3043 3523 3344 3575 incertum.
3356 3521 3560 3590 Magna

1959 3632 2056 3684 spe
2081 3629 2306 3666 currere
2338 3613 2650 3680 proﬁtetur,
2675 3616 2892 3663 certum
2923 3608 3135 3663 habens
3161 3609 3296 3679 quid
3325 3609 3401 3662 sit
3427 3625 3558 3680 pro-

1961 3703 2213 3755 missum.
2246 3701 2336 3754 Sic
2358 3715 2546 3767 pugno
2564 3713 2676 3750 non
2691 3700 2852 3765 quasi
2866 3714 3048 3751 acrem
3065 3699 3288 3750 cadens.
3318 3698 3435 3750 Hoc
3451 3703 3556 3763 est,

1961 3807 2073 3844 non
2109 3789 2289 3842 verbis
2328 3787 2507 3856 magis
2544 3785 2642 3838 sed
2679 3784 2846 3838 rebus
2881 3784 3175 3838 contendo.
3217 3785 3322 3838 Sed
3357 3788 3559 3852 castigo

1961 3893 2154 3946 corpus
2180 3891 2364 3929 meum
2395 3879 2443 3927 et
2483 3876 2736 3927 servituti
2763 3874 3013 3942 subjicio.
3041 3871 3331 3941 Castigare
3359 3888 3559 3944 corpus

1963 3972 2049 4020 est
2070 3963 2457 4036 jejuniisillud
2483 3978 2671 4032 agere,
2697 3969 2755 4015 et
2775 3960 2874 4014 illa
2897 3961 2949 4014 ei
2973 3961 3109 4014 dare
3140 3975 3264 4031 quae
3293 3961 3364 4014 ad
3387 3961 3559 4016 vitam

1963 4055 2276 4127 proﬁciant,
2309 4070 2420 4106 non
2450 4052 2520 4106 ad
2547 4052 2769 4119 luxum;
2797 4050 3053 4104 servituti
3083 4067 3213 4105 vero
3241 4050 3556 4122 subjicitur,

277 4147 482 4218 quibus
504 4145 769 4200 omnibus
789 4143 1011 4209 dixerit,
1045 4143 1414 4213 inquiramus,
1439 4148 1505 4199 ut
1522 4143 1700 4214 possit
1722 4141 1881 4194 nobis
1963 4145 2098 4199 dum
2138 4161 2250 4198 non
2291 4159 2450 4196 suam
2499 4141 2734 4212 perﬁcit,
2781 4140 2879 4194 sed
2922 4140 3153 4211 spiritus
3190 4141 3556 4196 voluntatem.

277 4236 554 4307 spiritalis
598 4234 796 4303 agonis
847 4231 1140 4284 instructio
1183 4232 1599 4301 comparatione
1641 4231 1880 4284 carnalis
1962 4237 2039 4290 Ne
2071 4237 2210 4301 forte
2238 4235 2369 4286 aliis
2393 4233 2699 4299 pradicans
2728 4233 2838 4299 ipse
2869 4231 3129 4298 reprobus
3157 4231 3401 4298 efﬁciam
3429 4231 3561 4284 Ideo

277 4325 516 4396 acquiri.
554 4325 747 4390 (,Cass.)
778 4321 866 4376 Illi
887 4321 1095 4374 etenim
1123 4321 1216 4390 qui
1251 4321 1308 4372 in
1338 4321 1442 4372 hoc
1471 4337 1648 4389 agone
1678 4319 1878 4373 visibili
1897 4371 1944 4396 η
1963 4341 2024 4378 se
2053 4324 2338 4378 refrenare
2377 4336 2578 4391 corpus
2615 4335 2780 4373 suum
2821 4319 3084 4382 ostendit,
3125 4325 3189 4372 ut
3229 4335 3558 4372 remunera-

275 4415 510 4468 student
550 4412 802 4482 legitime
849 4411 1154 4475 decertare,
1210 4409 1404 4463 utendi
1450 4409 1707 4462 omnibus
1741 4406 2135 4478 escisutione,
2173 4427 2342 4482 quam
2373 4409 2500 4464 aliis
2527 4409 2810 4480 praedicat,
2845 4408 3015 4460 etiam
3052 4407 3170 4475 ipse
3211 4406 3415 4474 dignus
3455 4407 3558 4460 ha-

278 4521 418 4575 quas
443 4501 710 4556 desiderii
729 4500 901 4554 libido
917 4498 1260 4569 suggesserit
1289 4515 1401 4552 non
1419 4498 1627 4554 habent
1643 4498 1877 4552 faculta—
1961 4503 2161 4556 beatur
2186 4517 2256 4554 ne
2290 4499 2416 4554 aliis
2445 4498 2654 4553 curatis
2693 4498 2812 4566 ipse
2849 4500 3168 4547 remaneret
3206 4493 3264 4546 in
3307 4495 3554 4548 vulnere.

274 4607 414 4658 tem,
439 4591 534 4645 sed
562 4591 673 4644 illis
687 4589 1079 4644 tantummodo
1101 4605 1239 4658 quas
1265 4588 1591 4641 eorumdem
1613 4588 1875 4641 certami-
1961 4593 2164 4646 Ratam
2175 4606 2309 4659 ergo
2320 4604 2477 4659 spem
2499 4583 2909 4656 praedicationis
2923 4599 3036 4637 suae
3052 4581 3317 4648 afﬁrmat,
3334 4583 3556 4654 quando

273 4699 414 4736 num
461 4680 664 4733 statuit
709 4677 1023 4748 disciplina.
1077 4683 1130 4730 et
1174 4693 1286 4730 non
1335 4676 1516 4730 solum
1566 4677 1876 4730 interdictis
1957 4681 2131 4751 gestis
2163 4679 2216 4732 id
2247 4695 2307 4731 se
2347 4674 2606 4748 prosequi
2650 4673 2796 4744 quod
2840 4673 3018 4734 docet,
3061 4671 3308 4726 ostendit
3360 4690 3370 4724 :
3427 4672 3560 4744 quia

271 4772 436 4826 escis.
470 4775 531 4822 et
556 4768 848 4826 ebrietate,
881 4765 1145 4836 omnique
1168 4767 1415 4836 crapula,
1439 4782 1533 4819 eos
1556 4782 1780 4818 necesse
1794 4775 1880 4819 est

267 4859 581 4914 abstinere.
611 4856 981 4910 verumetiam
1007 4859 1206 4908 cuncta
1225 4855 1447 4919 inertia,
1481 4861 1538 4908 et
1565 4855 1679 4908 otio
1709 4861 1877 4924 atque

269 4948 492 5002 desidia
521 4953 586 5000 ut
599 4945 942 5017 quotidianis
961 4943 1237 4996 exercitiis
1252 4943 1487 5012 jugique
1517 4943 1880 4998 meditatione

270 5040 454 5092 virtus
473 5053 672 5090 eorum
692 5034 870 5104 possit
895 5049 1226 5096 accrescere,
1253 5039 1310 5085 et
1335 5032 1414 5085 ita
1435 5033 1587 5085 omni
1607 5032 1878 5086 sollicitu-

268 5128 409 5181 dine
423 5143 488 5178 ac
505 5123 738 5178 tristitia
755 5121 1108 5191 negotiisque
1122 5120 1689 5182 secularibus,aﬁ'ectu
1704 5123 1876 5176 etiam

271 5225 326 5270 et
343 5231 518 5286 opere
538 5211 821 5280 conjugali
845 5210 1163 5264 efﬁciuntur
1190 5209 1379 5266 alieni.
1415 5216 1479 5263 ut
1500 5217 1700 5279 praeter
1716 5227 1875 5264 exer-

269 5307 470 5359 citium
492 5302 802 5372 disciplina:
822 5300 962 5353 nihil
977 5298 1128 5352 aliud
1143 5299 1420 5362 noverint,
1441 5315 1543 5352 nec
1571 5301 1686 5354 ulla
1709 5317 1874 5354 mun-

269 5395 407 5448 diali
437 5408 576 5446 cura
613 5390 842 5461 penitus
883 5388 1257 5457 implicentur,
1301 5387 1369 5441 ab
1406 5405 1471 5442 eo
1513 5395 1736 5445 tantum
1781 5391 1876 5461 qui

269 5482 569 5538 certamini
596 5478 882 5551 praesidet,
905 5481 1192 5547 sperantes
1209 5478 1522 5547 quotidiani
1549 5480 1726 5532 victus
1744 5481 1878 5533 sub-

272 5575 544 5630 stantiam
571 5573 631 5624 et
667 5583 890 5622 coronae
917 5566 1176 5636 gloriam,
1221 5565 1608 5637 condignaque
1648 5568 1878 5638 praemia

1961 4769 2054 4840 qui
2086 4769 2252 4822 aliter
2287 4767 2408 4836 agit
2444 4779 2614 4834 quam
2652 4762 2934 4834 praedicat,
2973 4769 3259 4834 suspectos
3296 4761 3429 4816 facit
3456 4778 3555 4816 au-

1964 4858 2199 4920 dientes,
2229 4862 2292 4910 ut
2305 4856 2374 4908 de
2389 4853 2680 4925 promissis
2705 4851 2994 4917 dubitent;
3028 4868 3128 4905 suo
3158 4852 3348 4922 itaque
3377 4867 3580 4906 exem--

1963 4948 2055 5018 plo
2085 4962 2194 4998 non
2225 4945 2403 5013 magis
2428 4943 2633 5009 Verbis,
2677 4959 2845 5013 quam
2883 4939 3146 5011 operibus
3186 4941 3554 4994 exercendum

1965 5037 2238 5088 hortatur.
2275 5035 2464 5100 (Ca-ss.)
2500 5032 2669 5086 Vides
2698 5031 2830 5103 quid
2858 5031 2916 5084 in
2942 5029 3263 5099 semetipso,
3287 5029 3344 5082 id
3369 5035 3472 5093 est,
3496 5029 3553 5082 in

1959 5140 2127 5178 carne
2165 5139 2284 5186 sua,
2315 5121 2770 5176 colluctationum
2809 5135 3092 5176 summam
3133 5118 3286 5170 velut
3321 5117 3380 5171 in
3420 5117 3554 5170 base

1961 5213 2202 5284 quadam
2235 5211 2557 5264 ﬁrmissima
2583 5211 2862 5274 statuerit,
2895 5216 2952 5262 et
2982 5213 3313 5279 proventum
3354 5221 3555 5277 pugnae

1959 5303 2018 5356 in
2045 5303 2166 5355 sola
2193 5300 2559 5370 castigatione
2579 5299 2762 5352 carnis
2793 5303 2850 5352 et
2873 5297 3220 5368 subjectione
3251 5295 3337 5348 sui
3365 5311 3558 5366 corpo-

1961 5391 2042 5446 ris
2065 5390 2433 5445 collocaverit.
2469 5390 2594 5456 Ego,
2633 5387 2834 5458 inquit,
2857 5391 2934 5441 sic
2962 5402 3131 5441 curro
3163 5401 3274 5439 non
3303 5387 3466 5454 quasi
3492 5387 3556 5437 in

1962 5485 2256 5544 incertum,
2301 5495 2412 5533 non
2454 5477 2630 5532 currit
2671 5477 2728 5530 in
2773 5477 3051 5530 incertum
3091 5475 3225 5547 quia
3271 5474 3554 5528 caelestem

1960 5572 2270 5624 Jerusalem
2331 5566 2676 5638 conspiciens
2732 5565 2976 5620 deﬁxum
3045 5564 3214 5618 habet
3281 5577 3392 5633 quo
3417 5567 3427 5634 ξ
3449 5561 3557 5614 sibi
