3974 6188
339 283 405 338 87

935 283 998 336 Β.
1044 280 1314 336 RABANI
1353 279 1587 334 MAURI
1629 278 1966 334 ARL‘HIEP.
2008 279 2334 336 MOGUNT.
2379 278 2675 335 OPERUM
2711 279 2894 334 PARS
2934 279 3032 335 IlI.

3547 278 3614 333 88

339 405 523 459 cordis
552 405 638 460 sui
663 403 1056 459 indeﬂexibilis
1083 403 1156 456 sit
1185 400 1479 470 dirigenda
1510 401 2209 471 perspicacitas;Aaerem
2237 417 2474 454 vacuum
2513 407 2571 454 et
2602 402 2850 467 inanem,
2897 402 3113 473 aliquos
3155 409 3346 456 tamen
3384 402 3440 454 in
3481 417 3612 454 aere

339 510 452 548 non
497 493 674 548 currit
719 495 778 547 in
816 494 1112 554 incertum,
1153 489 1286 560 quia
1333 489 1662 542 obliviscens
1701 506 1768 542 ea
1809 507 1932 560 qua!

337 583 650 653 posteriora
674 587 825 648 sunt,
858 579 1108 634 extendit
1132 595 1192 632 se
1227 578 1298 632 ad
1334 577 1698 643 destinatum,
1742 594 1932 648 perse-

339 675 517 742 quens
531 670 601 725 ab
614 670 869 724 bravium
891 685 1147 738 supernae
1170 667 1476 721 vocationis
1503 666 1604 720 Dei
1627 667 1687 720 in
1711 667 1932 720 Christo

338 759 368 813 J
373 775 470 814 esu
500 775 610 830 quo
639 774 862 829 semper
877 757 1125 827 dirigens
1141 773 1254 810 suae
1269 756 1476 809 mentis
1497 755 1774 821 obtutum,
1791 761 1848 809 et
1862 757 1932 810 ad

339 865 471 903 eum
487 847 640 902 omni
653 845 836 900 cordis
863 845 1254 917 properatione
1279 845 1551 898 festinans
1573 861 1700 898 cum
1731 845 1935 899 ﬁducia

339 934 721 1008 proclamabat
753 953 764 988 :
797 937 1010 989 Bonum
1037 949 1267 1002 agonem
1295 936 1518 998 certari,
1555 949 1782 986 cursum
1811 949 1934 987 con-

338 1027 635 1089 summavi,
669 1025 829 1092 ﬁdem
877 1026 1118 1082 servavi;
1163 1027 1221 1076 ct
1259 1022 1393 1092 quia
1431 1038 1492 1074 se
1533 1027 1765 1075 noverat
1811 1026 1938 1092 post

339 1113 571 1182 odorem
613 1117 1030 1183 unguentorum
1073 1110 1280 1165 Christi
1325 1110 1542 1180 perpeti
1584 1111 1935 1164 conscientiae

338 1202 632 1257 devotione
652 1199 1076 1270 infatigabiliter
1098 1199 1410 1253 cucurrisse
1439 1205 1496 1252 et
1509 1199 1777 1269 spiritalis
1807 1215 1936 1269 ago-

341 1291 428 1345 nis
455 1295 761 1355 certamen,
793 1289 976 1342 carnis
992 1288 1358 1357 castigatione
1381 1287 1596 1352 vicisse,
1629 1304 1756 1341 cum
1788 1287 1935 1340 ﬁdu-

341 1379 430 1433 cia
456 1377 627 1432 infert
657 1395 668 1430 :
701 1379 764 1430 de
793 1381 977 1430 caetero
1006 1380 1240 1445 reposita
1268 1381 1343 1429 est
1376 1377 1520 1429 mihi
1548 1391 1750 1430 corona
1770 1379 1939 1445 justi-

343 1470 449 1534 tia',
481 1483 650 1536 quam
679 1466 864 1519 reddet
904 1465 1048 1518 mihi
1091 1466 1357 1518 Dominus
1396 1467 1458 1518 in
1497 1467 1600 1518 illa
1636 1466 1723 1517 die
1749 1468 1938 1532 justus

334 1557 526 1622 juderc,
559 1560 626 1608 ut
651 1559 709 1607 et
735 1553 894 1608 nobis
926 1569 1146 1623 quoque
1166 1552 1411 1605 similem
1436 1569 1594 1622 spem
1623 1552 1942 1624 retributio-

346 1643 432 1696 nis
459 1641 721 1713 aperiret,
762 1642 808 1695 si
846 1643 904 1695 in
943 1657 1121 1711 agone
1149 1657 1344 1694 cursus
1379 1641 1544 1694 istius
1571 1641 1782 1696 imitari
1812 1659 1940 1696 eum

2015 489 2307 544 verberare
2327 509 2338 542 :
2359 497 2417 544 et
2427 490 2561 561 quia
2573 491 2690 544 haec
2701 491 3073 544 certaminum
3084 508 3293 561 genera
3310 507 3609 561 superave-

2014 584 2120 643 rat,
2155 584 2212 632 et
2241 579 2451 633 ditatus
2483 580 2791 633 multarum
2819 597 3152 634 coronarum
3190 579 3483 651 stipendiis
3521 579 3610 632 in-

2013 667 2262 734 cedebat,
2288 684 2400 722 non
2427 668 2710 722 immerito
2734 667 3117 722 robustiorum
3140 668 3388 722 hostium
3415 667 3614 738 incipit

2014 755 2201 809 subire
2231 757 2556 822 luctamina,
2590 774 2654 810 ac
2681 757 2960 827 prioribus
2996 757 3212 812 aemulis
3248 757 3610 828 triumphatis

2014 861 2142 898 cum
2170 845 2376 898 ﬁducia
2401 845 2712 916 proclamat
2739 851 2796 898 et
2821 845 2958 899 dicit
2986 863 2997 898 :
3037 848 3166 900 Jam
3202 861 3315 899 non
3345 851 3420 898 est
3457 846 3610 898 nobis

2017 937 2328 987 colluctatio
2350 936 2611 988 adversus
2629 951 2856 988 carnem
2889 939 2938 988 et
2957 935 3612 1001 sanguine-m,sedadcer-

2017 1038 2109 1075 sus
2135 1025 2503 1091 principatus,
2529 1024 2788 1076 adversus
2797 1028 3098 1091 potestates,
3122 1024 3380 1076 adversus
3413 1024 3611 1076 mundi

2018 1116 2245 1166 rectores
2258 1113 2608 1164 tenebrarum
2622 1112 2824 1165 harum
2835 1117 3049 1175 ,contra
3057 1113 3344 1179 spiritalia
3356 1113 3525 1179 nequi
3527 1113 3614 1163 tia:

2017 1203 2080 1253 in
2107 1200 2402 1253 caelestibus
2431 1201 2640 1268 (Ephes.
2675 1201 2769 1267 vr).

2653 1341 2886 1395 CAPUT
2913 1341 2980 1394 X.

2021 1463 2281 1530 Reprobat
2309 1451 2591 1531 Apostolus
2623 1466 3020 1532 participantes
3059 1481 3123 1516 cr
3160 1465 3338 1530 idolis,
3381 1471 3428 1516 et
3468 1466 3611 1518 docet

2115 1535 2379 1601 quomodo
2394 1536 2596 1588 utendu
2606 1551 2657 1587 m.
2669 1538 2739 1588 sit
2753 1539 2822 1588 iis
2835 1551 2952 1604 quis
2965 1538 3333 1588 inunolantur
3344 1537 3522 1589 idolis.

2095 1640 2231 1694 Nolo
2260 1643 2408 1693 enim
2437 1656 2528 1693 ros
2545 1643 2824 1708 ignorare,
2849 1643 3072 1709 fratres,
3094 1644 3229 1710 quia
3240 1646 3426 1710 patres
3440 1644 3620 1694 nostri

345 1731 600 1796 velimus,
643 1736 700 1784 et
727 1731 933 1800 adjecit
959 1749 970 1782 :
1004 1731 1128 1784 Non
1155 1733 1334 1783 solum
1363 1735 1548 1783 autem
1579 1731 1740 1796 mihi,
1771 1732 1861 1784 sed
1891 1717 2007 1784 etB
2025 1745 2209 1782 omnes
2238 1730 2338 1782 sub
2367 1730 2508 1782 nube
2531 1731 2784 1796 fuerunt,
2801 1735 3049 1783 etomnes
3071 1745 3171 1797 per
3200 1745 3354 1782 mare
3381 1733 3618 1783 transie-

347 1819 602 1873 omnibus
627 1821 727 1887 qui
751 1820 1000 1886 diligunt
1029 1819 1326 1872 adventum
1345 1821 1478 1885 ejus,
1511 1818 1811 1888 participes
1841 1835 1942 1872 nos

347 1923 564 1962 coronae
585 1923 700 1961 sua:
725 1907 784 1960 in
813 1907 904 1960 die
928 1907 1127 1976 judicii
1164 1905 1282 1960 fore
1311 1907 1702 1976 pronuntians,
1734 1907 1782 1960 si
1812 1907 1943 1960 dili-

345 2002 543 2066 gentes
585 1995 886 2050 adventum
925 1995 1154 2060 Christi,
1200 2012 1312 2049 non
1353 1995 1513 2048 illum
1547 2002 1791 2062 tantum,
1847 1997 1943 2066 qui

347 2085 521 2138 etiam
560 2083 881 2139 nolentibus
927 2083 1238 2155 apparebit,
1285 2085 1383 2138 sed
1421 2085 1591 2138 etiam
1630 2085 1796 2148 hunc,
1848 2086 1944 2155 qui

349 2173 598 2244 quotidie
627 2173 686 2226 in
729 2174 938 2226 sanctis
977 2172 1292 2227 committat
1327 2172 1621 2228 animabus
1655 2173 1944 2228 victoriam

348 2262 690 2327 certaminis,
704 2261 1072 2331 castigatione
1087 2262 1334 2332 corporis
1347 2262 1722 2332 acquiramus.
1742 2263 1822 2316 De
1834 2279 1944 2332 quo

349 2349 944 2404 adventuDominusin
965 2350 1265 2418 Evangelio
1298 2369 1308 2402 :
1344 2351 1470 2418 Ego,
1496 2350 1696 2420 inquit,
1721 2353 1946 2404 etPater

349 2454 502 2492 meus
537 2441 818 2492 veniemus
860 2444 908 2492 et
945 2441 1290 2492 mansionem
1333 2440 1483 2507 apud
1518 2456 1643 2492 eum.
1679 2441 1945 2506 faciemus

353 2528 532 2592 (Joan.
558 2530 707 2596 xw);
739 2531 796 2580 et
825 2527 1030 2580 iterum
1067 2545 1078 2579 :
1118 2527 1244 2581 Ecce
1284 2543 1376 2594 ego
1417 2534 1496 2581 sto
1533 2529 1606 2580 ad
1643 2531 1864 2594 ostium,
1897 2535 1946 2581 et

344 2618 524 2683 pulso.
553 2615 618 2671 Si
646 2618 770 2685 quis
787 2617 1032 2668 audierit
1061 2631 1237 2668 vocem
1257 2631 1436 2668 meam
1462 2621 1511 2669 et
1541 2621 1828 2685 aperuerit
1847 2620 1944 2685 ja-

349 2719 546 2770 nuam,
579 2705 818 2758 introibo
848 2705 922 2757 ad
942 2706 1126 2767 illum,
1156 2709 1204 2756 et
1233 2705 1444 2757 caenabo
1465 2721 1587 2758 eum
1622 2708 1736 2770 illo,
1762 2711 1809 2758 et
1837 2708 1946 2774 ipse

350 2808 563 2846 mecum
592 2794 773 2861 (Apoc.
805 2794 901 2860 III).
941 2793 1058 2845 Nec
1090 2797 1282 2844 tamen
1319 2809 1556 2862 agonem
1584 2809 1780 2848 cursus
1814 2798 1944 2846 tan-

349 2879 642 2934 tummodo
691 2896 1108 2934 consummasse
1151 2897 1211 2932 se
1260 2880 1542 2944 describit,
1590 2895 1717 2934 cum
1754 2881 1889 2934 dicit
1928 2901 1939 2935 :

2025 1823 2182 1883 runt,
2215 1822 2265 1870 et
2294 1833 2478 1870 omnes
2508 1820 2572 1870 in
2601 1819 2780 1884 Moyse
2799 1819 3066 1886 baptizati
3082 1823 3234 1881 sunt,
3252 1821 3312 1871 in
3333 1819 3473 1871 nube
3498 1821 3623 1871 etin

2026 1908 2196 1958 mari.
2221 1905 2542 1959 Judaeorum
2563 1907 2816 1976 exemplo
2847 1906 2944 1976 qui
2963 1907 3310 1976 negligentia
3327 1923 3430 1960 sua
3455 1906 3625 1960 olfen-

2025 1994 2250 2058 derunt,
2282 1993 2550 2047 sollicitos
2586 2011 2688 2048 nos
2725 1995 2843 2048 vult
2880 2011 3020 2060 esse,
3063 1995 3299 2066 ideoque
3334 1994 3437 2048 sub
3477 1994 3624 2048 nube

2027 2082 2164 2136 dicit
2191 2081 2518 2148 illosfuisse,
2535 2083 2668 2153 quia
2690 2083 2881 2136 omnia
2896 2100 3019 2154 quae
3038 2090 3199 2153 gesta
3219 2089 3352 2137 sunt
3369 2083 3427 2137 in
3443 2084 3626 2153 ﬁgura

2028 2171 2206 2224 nostri
2233 2171 2381 2224 facta
2406 2178 2538 2225 sunt
2572 2178 2638 2225 ut
2672 2171 2923 2226 veritatis
2961 2179 3164 2226 nostra:
3205 2172 3287 2226 illi
3323 2171 3626 2226 habuerint

2028 2260 2332 2330 imaginem
2376 2277 2388 2312 :
2429 2261 2666 2314 contecti
2709 2261 2859 2314 enim
2905 2260 3052 2315 nube
3093 2267 3150 2314 et
3183 2260 3253 2314 ab
3291 2260 3625 2315 adversariis

2027 2349 2144 2402 suis
2172 2349 2280 2402 tuti
2295 2349 2529 2420 praestiti
2551 2349 2686 2402 dum
2707 2366 2741 2402 a
2763 2356 2942 2404 morte
2953 2349 3176 2403 liberati
3192 2355 3342 2416 sunt,
3356 2349 3620 2420 baptizati

2027 2437 2307 2492 dicuntur.
2337 2439 2454 2492 Illis
2483 2437 2653 2504 enim,
2685 2439 2742 2491 id
2774 2444 2877 2504 est,
2909 2439 3184 2510 rEgyptiis
3211 2438 3270 2492 in
3299 2439 3442 2492 mari
3469 2455 3623 2492 mor-

2027 2526 2159 2591 tuis,
2194 2527 2329 2580 dum
2347 2527 2424 2592 hi,
2449 2527 2588 2580 duce
2609 2528 2819 2597 Moyse,
2843 2527 3081 2581 feliciter
3105 2533 3417 2592 transeunt,
3443 2527 3622 2598 erepti

2027 2621 2161 2668 sunt
2173 2633 2206 2668 a
2217 2622 2416 2678 morte,
2431 2615 2578 2686 quod
2592 2621 2820 2686 praestat
2830 2615 3171 2686 baptismum
3185 2635 3198 2683 ;
3214 2633 3326 2670 non
3339 2616 3490 2670 enim
3509 2615 3623 2670 illis

2028 2703 2314 2774 praeterita
2322 2704 2474 2757 mala
2483 2704 2762 2774 imputata
2771 2711 2922 2771 sunt,
2935 2705 3032 2758 sed
3045 2722 3146 2776 per
3155 2721 3310 2758 mare
3330 2711 3387 2758 et
3399 2721 3498 2776 per
3514 2720 3624 2758 nu-

2027 2791 2154 2845 bem
2166 2792 2448 2862 puriﬁcati
2463 2792 2763 2862 praeparati
2773 2799 2907 2847 sunt
2925 2793 2996 2846 ad
3023 2793 3404 2864 accipiendam
3418 2795 3622 2863 legem,

2029 2886 2086 2934 et
2096 2879 2334 2934 formam
2343 2880 2518 2936 futuri
2531 2881 2871 2934 sacramenti
2887 2882 3083 2936 nostri.
3097 2883 3164 2936 Et
3175 2899 3360 2936 omnes
3379 2884 3620 2936 eamdem

348 2966 414 3024 Si
439 2983 624 3036 curro,
666 2985 779 3022 non
813 2972 974 3038 quasi
1010 2971 1074 3022 in
1113 2971 1406 3034 incertum,
1450 2969 1596 3039 quod
1633 2969 1950 3040 specialiter
1977 2985 2203 3040 _escam
2231 2973 2540 3037 spiritalem
2571 2971 2820 3028 ederunt.
2862 2977 2911 3024 et
2943 2987 3128 3024 omnes
3159 2973 3408 3024 eumdem
3429 2977 3624 3040 potum

351 3061 574 3110 tantum
601 3033 843 3110 refertur
869 3057 940 3110 ad
959 3057 1328 3110 intentionem
1355 3033 1560 3111 mentis
1589 3064 1646 3111 et
1660 3033 1946 3112 fervorem
1969 3033 2338 3126 Cspiritatcm
2369 3059 2648 3117 biberunt.
2677 3059 2934 3112 Bibebant
2951 3065 3135 3112 autem
3155 3061 3219 3112 de
3237 3033 3486 3126 spiritali
3503 3076 3628 3113 con-

351 3144 581 3216 spiritus
610 3145 716 3211 sui,
751 3145 846 3216 qui
883 3151 1002 3199 toto
1044 3146 1329 3200 Christum
1373 3145 1714 3216 sequebatur
1748 3148 1947 3201 ardore
2029 3149 2276 3214 sequenti
2301 3151 2546 3214 eospetra
2570 3166 2585 3200 :
2601 3153 2761 3215 petra
2780 3153 2966 3200 autem
2987 3154 3105 3200 erat
3127 3147 3393 3201 Christus.
3413 3148 3624 3216 (Amb.)

349 3249 479 3287 cum
506 3248 713 3308 sponsa
739 3233 1044 3288 decantans
1073 3252 1084 3286 :
1120 3223 1241 3288 Post
1273 3240 1319 3287 te
1342 3238 1407 3288 in
1444 3236 1658 3288 odorem
1691 3251 1944 3303 unguen-
2030 3235 2237 3288 Manna
2265 3239 2323 3287 et
2340 3251 2547 3304 aquam
2579 3251 2701 3305 quae
2733 3236 2894 3288 ﬂuxit
2922 3235 2992 3289 de
3021 3243 3182 3315 petra
3205 3235 3321 3290 haec
3347 3235 3482 3289 dicit
3507 3237 3626 3306 spi-

352 3327 777 3376 torumtuorum
797 3325 1111 3384 currimus;
1136 3329 1193 3375 et
1211 3323 1416 3376 iterum
1450 3341 1460 3374 :
1497 3325 1732 3377 Adha'sit
1751 3327 1946 3377 anima
2029 3323 2236 3388 ritalia,
2268 3323 2403 3393 quia
2429 3339 2540 3377 non
2576 3323 2774 3377 mundi
2809 3323 2932 3394 lege
2960 3329 3158 3394 parata
3192 3330 3350 3390 sunt;
3392 3325 3488 3378 sed
3518 3325 3628 3378 vir-

351 3426 472 3463 mea
495 3416 614 3478 post
644 3416 690 3464 te
721 3429 736 3464 :
769 3411 866 3464 sed
900 3411 1071 3464 etiam
1101 3411 1252 3464 aliud
1271 3411 1679 3465 colluctationis
1692 3429 1870 3480 genus
1885 3429 1945 3466 se

347 3497 544 3552 vicisse
565 3503 810 3555 testatur
833 3499 1024 3552 dicens
1057 3517 1068 3552 :
1104 3501 1196 3554 Sic
1218 3516 1406 3568 pugno
1436 3517 1547 3553 non
1575 3504 1736 3568 quasi
1765 3517 1945 3554 aerem

347 3587 659 3653 verberam,
682 3589 773 3642 sed
791 3591 992 3656 castigo
1007 3603 1202 3656 corpus
1227 3605 1410 3641 meum
1431 3593 1480 3642 et
1498 3592 1753 3642 servituti
1769 3591 1945 3657 subji-

347 3677 446 3740 cio,
481 3675 630 3746 quod
655 3676 881 3747 proprie
911 3676 983 3730 ad
1015 3676 1371 3730 continentiae
1399 3677 1620 3730 dolores
1659 3683 1716 3729 et
1749 3694 1946 3748 corpo-

347 3763 466 3817 rale
487 3764 790 3835 jejunium,
836 3772 1005 3835 atque
1050 3765 1412 3822 afllictionem
1454 3765 1637 3820 carnis
1681 3766 1942 3836 pertinet,

347 3868 450 3922 per
475 3853 622 3906 hanc
642 3870 704 3907 se
730 3854 979 3924 pugilem
996 3855 1296 3924 quemdam
1317 3861 1612 3909 strenuum
1634 3872 1747 3909 suae
1764 3855 1948 3909 carnis

349 3957 470 3994 esse
506 3940 844 4007 describens,
877 3957 979 3996 nec
1008 3942 1068 3996 in
1091 3959 1296 3997 vanum
1335 3943 1599 3998 adversus
1639 3960 1763 3997 eam
1805 3943 1946 3997 ictus

348 4029 706 4083 continentize
740 4031 1050 4084 exercuisse
1095 4031 1415 4100 designans,
1460 4032 1557 4085 sed
1593 4032 1942 4102 triumphum

347 4133 552 4187 pugnae
591 4117 1022 4171 mortiﬁcatione
1061 4119 1148 4172 sui
1187 4120 1436 4190 corporis
1471 4119 1793 4190 acquisisse,
1835 4136 1944 4190 quo

347 4203 690 4270 verberibus,
747 4206 1105 4260 continentiae
1159 4207 1543 4276 castigatione,
1595 4207 1943 4278 jejuniorum

345 4293 631 4364 gressibus
655 4294 810 4361 eliso,
837 4294 1033 4348 victori
1058 4295 1280 4366 spiritui
1303 4295 1748 4350 immortalitatis
1781 4313 1942 4350 coro-

1959 4346 2007 4404 D

2027 3415 2148 3465 tute
2179 3411 2278 3465 Dei
2298 3411 2420 3464 sine
2449 3412 2857 3466 elementorum
2888 3412 3282 3466 commixtione
3313 3413 3384 3466 ad
3401 3419 3625 3482 tempus

2029 3505 2234 3562 creata,
2259 3499 2526 3553 habentia
2544 3501 2603 3553 in
2622 3517 2681 3554 se
2711 3502 2950 3569 ﬁguram
2969 3501 3143 3554 futuri
3174 3501 3448 3572 mysterii,
3473 3502 3622 3572 quod

2029 3605 2177 3641 nunc
2219 3605 2322 3641 nos
2366 3588 2642 3642 sumimus
2689 3589 2754 3642 in
2789 3589 3381 3643 commemorationem
3413 3590 3624 3644 Christi

2028 3677 2272 3730 Domini.
2304 3677 2434 3730 Ideo
2463 3684 2520 3731 et
2559 3677 2720 3748 panis
2757 3679 3086 3747 angelorqu
3121 3677 3301 3732 dictus
3345 3683 3446 3744 est,
3491 3678 3627 3748 quia

2029 3763 2234 3818 virtute
2263 3782 2374 3836 qua
2403 3765 2590 3835 angeli
2620 3764 2932 3820 subsistunt
2961 3771 3181 3820 creatus
3205 3772 3308 3832 est,
3332 3766 3437 3820 hoc
3453 3765 3626 3834 signi-

2029 3853 2221 3920 ﬁcans,
2255 3855 2388 3924 quia
2411 3855 2480 3907 de
2508 3855 2662 3908 caelis
2683 3859 2950 3908 venturus
2980 3860 3120 3919 erat,
3161 3855 3256 3924 qui
3294 3854 3629 3925 spiritaliter

2028 3948 2298 4010 pasceret.
2317 3943 2476 3996 Unde
2489 3949 2545 3996 et
2559 3960 2766 3997 manna
2787 3943 3032 4014 primum
3049 3943 3340 3996 Dominico
3363 3943 3452 3996 die
3473 3944 3627 3997 venit

2028 4030 2098 4083 de
2133 4031 2270 4083 coelo
2309 4031 2378 4084 ad
2417 4032 2774 4085 saturitatem
2825 4032 3013 4102 populi
3071 4050 3082 4083 :
3143 4049 3384 4102 sequens
3433 4038 3624 4086 tamen

2027 4125 2190 4188 petra
2221 4119 2503 4186 dicta,est,
2538 4136 2660 4190 quae
2691 4119 3027 4190 intelligitur
3065 4121 3320 4174 Christus
3349 4136 3469 4174 esse
3495 4139 3505 4172 :
3527 4121 3624 4174 ubi

2029 4208 2182 4261 enim
2218 4207 2513 4262 deﬁciebat
2549 4208 2863 4262 humanum
2909 4209 2990 4262 eis
3038 4209 3388 4278 suffragium,
3430 4209 3629 4264 aderat

2029 4296 2312 4350 Christus:
2339 4297 2464 4350 ideo
2489 4296 2846 4368 sequebatur,
2872 4303 2936 4351 ut
2957 4297 3052 4351 ubi
3072 4298 3366 4352 defecisset
3383 4297 3477 4350 ille
3499 4297 3628 4352 sub-

349 4399 480 4436 nam
509 4388 566 4436 et
603 4383 1038 4454 incorruptionis
1069 4383 1306 4438 contulit
1342 4384 1608 4454 palmam.
1651 4385 1820 4439 Vides
1859 4386 1940 4439 le-
1959 4383 2007 4404 ”
2029 4385 2258 4448 veniret,
2290 4402 2393 4439 nec
2419 4386 2569 4440 enim
2600 4392 2761 4456 petra
2787 4402 2993 4456 aquam
3015 4387 3188 4453 dedit,
3221 4387 3318 4440 sed
3347 4387 3622 4440 Christus.

344 4471 609 4541 gitimum
637 4471 1048 4526 colluctationis
1077 4472 1350 4532 ordinem,
1389 4479 1446 4526 et
1472 4473 1811 4543 spiritalium
1829 4490 1944 4527 cer-

346 4559 626 4614 taminum
677 4561 1076 4632 contemplaris
1129 4567 1418 4623 eventum,
1471 4563 1944 4632 quemadmodum

347 4648 561 4700 athleta
589 4647 798 4702 Christi
835 4649 1073 4720 adeptus
1101 4649 1169 4713 de
1207 4649 1555 4703 rebellatrice
1584 4665 1750 4704 carne
1776 4650 1945 4704 victo-

269 4787 278 4794 ,
347 4735 493 4790 riam
519 4734 804 4800 vitiorum,
844 4737 944 4804 illa
981 4737 1230 4808 subjecta
1265 4739 1676 4809 quodammodo
1711 4738 1944 4808 pedibus

345 4823 482 4888 suis,
514 4830 580 4877 ut
603 4821 859 4877 sublimis
887 4824 1284 4896 triumphator,
1315 4827 1616 4892 invehitur,
1651 4833 1708 4880 et
1737 4827 1942 4882 idcirco

347 4928 459 4966 non
487 4911 665 4966 currit
688 4912 749 4966 in
775 4912 1071 4975 incertum,
1094 4917 1224 4986 quia
1252 4915 1566 4970 conﬁdebat
1593 4915 1790 4970 urbem
1820 4933 1944 4970 san-

346 5006 495 5055 ctam
513 5001 826 5058 Jerusalem
851 5002 1133 5056 cmlestem
1153 5022 1210 5057 se
1234 5005 1491 5074 protinus
1520 5005 1937 5075 ingressurum;

269 5087 276 5100 '
345 5089 426 5144 sic
467 5095 684 5161 pugnat
723 5089 959 5160 jejuniis
1001 5091 1212 5146 scilicet
1253 5101 1311 5146 et
1350 5093 1652 5148 afﬂictione
1709 5092 1938 5158 carnali,

346 5193 459 5233 non
484 5178 645 5248 quasi
673 5193 864 5233 aerem
894 5179 1212 5248 verberans,
1245 5181 1304 5234 id
1341 5187 1444 5246 est,
1486 5199 1600 5236 non
1641 5181 1698 5234 in
1735 5197 1942 5234 vanum

335 5267 491 5321 ‘ictus
521 5266 882 5322 continentia:
919 5269 1232 5340 porrigens,
1274 5287 1375 5340 per
1411 5286 1549 5340 quos
1585 5287 1699 5324 non
1751 5286 1939 5324 aerem

345 5371 600 5421 vacuum,
631 5355 731 5410 sed
755 5356 881 5410 illos
911 5358 1142 5430 spiritus
1173 5359 1268 5429 qui
1285 5359 1345 5412 in
1365 5375 1430 5412 eo
1447 5367 1760 5424 versantur,
1781 5359 1943 5412 casti-

344 5443 571 5514 gatione
617 5443 704 5499 sui
747 5447 998 5518 corporis
1032 5447 1362 5502 verberabat
1401 5465 1411 5498 :
1459 5447 1555 5517 qui
1593 5448 1746 5502 enim
1783 5447 1938 5514 dicit,

348 5542 460 5587 non
490 5537 652 5600 quasi
679 5545 859 5590 aerem
889 5538 1198 5597 verberans,
1224 5535 1470 5590 ostendit
1494 5552 1554 5589 se
1575 5536 1801 5591 tametsi
1830 5551 1941 5590 non

2024 4474 2180 4528 Mare
2202 4473 2452 4528 Rubrum
2484 4474 2764 4543 signiﬁcat
2791 4473 3154 4545 baptismum,
3188 4476 3406 4546 Moyses
3426 4475 3628 4529 ductor

2026 4578 2126 4632 per
2137 4578 2292 4616 mare
2307 4562 2558 4616 Rubrum
2573 4562 2854 4632 signiﬁcat
2865 4563 3150 4617 Christum
3158 4604 3171 4631 ,
3185 4563 3425 4634 populus
3435 4569 3622 4618 trans-

2026 4649 2146 4702 iens
2177 4649 2457 4719 signiﬁcat
2485 4649 2695 4716 ﬁdeles,
2739 4667 2888 4704 mors
2922 4651 3313 4722 :Egyptiorum
3343 4651 3626 4720 signiﬁcat

2025 4737 2387 4792 abolitionem
2415 4744 2789 4808 peccatorum.
2813 4739 3078 4810 Nunquid
3091 4756 3204 4794 non
3225 4739 3421 4793 eadem
3436 4740 3626 4793 crede-

2025 4825 2162 4880 bant
2191 4842 2292 4896 per
2320 4843 2460 4896 quos
2488 4827 2604 4881 haec
2640 4827 2803 4896 signa
2838 4827 3317 4895 monstrabantur,
3357 4845 3460 4898 per
3485 4845 3626 4899 quos

2025 4932 2092 4968 ea
2122 4931 2245 4986 qua:
2264 4915 2542 4969 credimus
2573 4917 2904 4986 prophetata
2924 4915 3480 4987 praenuntiabantur?
3508 4917 3626 4971 Uti-

2025 5020 2132 5074 que
2162 5003 2481 5069 credebant,
2515 5005 2611 5058 sed
2643 5005 2723 5058 illi
2753 5013 3006 5071 ventura,
3030 5021 3132 5058 nos
3162 5011 3350 5059 autem
3382 5005 3619 5060 venisse.

2025 5091 2156 5146 Ideo
2185 5099 2242 5146 et
2269 5093 2348 5146 sic
2374 5093 2474 5158 ait,
2498 5095 2747 5147 eumdem
2772 5099 2965 5162 potum
2992 5097 3302 5162 spiritalem
3343 5095 3620 5158 biberunt,

2024 5181 2121 5235 sed
2150 5181 2460 5252 spiritalem
2496 5182 2776 5247 eumdem,
2801 5198 2932 5236 nam
2959 5182 3306 5252 corporalem
3325 5199 3438 5236 non
3469 5197 3624 5236 eum-

2025 5269 2172 5324 dem.
2205 5270 2350 5334 Quid
2378 5271 2529 5324 enim
2573 5270 2654 5324 illi
2701 5269 2984 5337 biberunt,
3028 5271 3280 5324 bibebant
3319 5276 3506 5324 autem.
3557 5273 3622 5324 de

2022 5361 2270 5428 spiritali
2291 5361 2638 5428 consequenti
2656 5375 2739 5412 eos
2749 5365 2928 5428 petra,
2941 5365 3100 5428 petra
3115 5365 3300 5412 autem
3319 5365 3438 5412 erat
3465 5359 3621 5413 Oli-ri-

2023 5453 2155 5501 stus.
2180 5447 2380 5502 Videte
2401 5464 2534 5517 ergo
2557 5447 2664 5500 ﬁde
2677 5453 2940 5501 manente
2951 5448 3113 5517 signa
3123 5447 3354 5514 variata,
3369 5447 3444 5500 ibi
3457 5453 3620 5518 petra

2025 5536 2298 5594 Christus,
2332 5535 2490 5590 nobis
2512 5535 2767 5590 Christus
2784 5537 2933 5608 quod
2961 5537 3018 5592 in
3048 5535 3213 5590 altari
3233 5535 3336 5589 Dei
3364 5535 3611 5607 ponitur.
