3974 6188
229 358 287 412 89
697 342 1297 413 ENARRATIONUM/
1316 359 1393 414 IN
1434 359 1585 414 EPP.
1630 360 1842 415 PAULI
1883 360 2017 414 LIB.
2062 361 2127 414 X.
2162 392 2226 402 —
2266 361 2343 415 IN
2384 361 2603 416 EPIST.
2647 362 2670 416 Ι
2710 360 2804 416 ΑΙ)
2845 361 3006 417 COR.
3062 358 3071 363 ’
3421 363 3489 419 90

226 508 276 552 et
312 500 389 553 illi
418 517 520 570 pro
553 516 763 571 magno
792 507 1141 555 sacramento
1163 501 1416 570 ejusdem
1435 501 1642 555 Christi
1662 501 1813 555 bibe-
1826 486 1875 543 Α
1895 506 1991 553 trze
2004 502 2265 569 efﬁciami
2271 505 2333 555 ni
2343 504 2484 554 sicut
2496 504 2723 569 quidam
2737 505 3197 571 quemadmodum
3216 508 3485 574 scriptum

226 599 344 641 runt
368 606 578 659 aquam
606 592 981 659 proﬂuentem
1010 590 1078 642 de
1120 597 1307 659 petra;
1362 606 1464 643 nos
1495 590 1627 659 quid
1658 590 1811 643 biba-

224 694 336 730 mus
362 685 575 731 norunt
599 679 797 733 ﬁdeles
822 698 834 743 ;
868 679 915 731 si
945 679 1187 749 speciem
1220 678 1495 731 visibilem
1525 679 1806 745 intendas,

222 766 357 819 aliud
387 776 494 833 est;
517 767 566 820 si
595 767 1010 837 intelligibilem
1035 767 1522 836 signiﬁcationem,
1549 768 1807 821 eumdem

221 862 400 925 potum
433 857 753 926 spiritalem
781 855 1064 919 biberunt,
1101 859 1261 909 Petra
1291 863 1473 909 autem
1502 862 1620 909 erat
1654 858 1808 911 Chri-

218 952 353 1008 stus;
375 945 447 998 de
469 962 583 1015 qua
613 951 773 1015 petra
790 946 849 998 in
871 944 1014 998 libro
1036 944 1139 998 Job
1166 945 1247 998 ita
1266 945 1488 1013 legitur,
1517 948 1678 999 Petra
1708 962 1805 999 au-

221 1040 317 1086 tem
329 1035 599 1099 fundebat
618 1035 765 1088 mihi
776 1037 924 1087 rivos
941 1036 1044 1086 olei
1050 1034 1201 1097 .Quae
1213 1034 1469 1088 videlicet
1486 1040 1649 1104 petra
1659 1051 1806 1088 nunc

220 1122 283 1175 ad
314 1138 478 1175 usum
508 1129 716 1176 saneta:
746 1123 1001 1176 Ecclesiae
1042 1122 1149 1175 olei
1179 1123 1324 1176 rivos
1351 1122 1555 1187 fundit,
1588 1123 1721 1193 quia
1746 1124 1803 1177 in

219 1228 280 1264 ea
307 1212 540 1281 loquens
555 1212 832 1265 Dominus
844 1210 1276 1281 praedicamenta
1293 1211 1572 1265 unctionis
1593 1212 1804 1266 intimae

218 1306 499 1353 emanant.
520 1300 602 1353 De
616 1300 722 1353 hac
738 1304 899 1370 petra
920 1300 1027 1353 olei
1042 1299 1193 1353 rivus
1207 1299 1343 1353 exiit
1377 1299 1520 1353 liber
1531 1301 1800 1365 Matthzei,

218 1387 351 1441 liber
378 1388 573 1453 Marci,
607 1388 748 1441 liber
776 1389 957 1450 Lucae,
991 1387 1131 1441 liber
1178 1388 1428 1442 Joannis.
1475 1390 1541 1443 In
1570 1388 1804 1443 diversis

217 1478 376 1546 hujus
404 1477 602 1530 mundi
631 1476 885 1547 partibus
907 1476 1053 1546 quod
1075 1477 1507 1547 praedicamenta
1535 1477 1705 1541 dedit,
1722 1484 1807 1532 tot

217 1574 369 1635 petra
396 1565 514 1617 inec
546 1582 649 1635 per
674 1581 775 1618 ora
792 1565 1190 1635 Apostolorum
1207 1565 1460 1619 omnium
1481 1565 1800 1631 rivosfudit,

214 1654 369 1706 toties
398 1654 583 1707 adhuc
602 1654 671 1707 de
685 1660 847 1723 petra
871 1654 977 1707 hac
998 1654 1103 1706 olei
1124 1654 1276 1707 rivus
1298 1654 1568 1719 funditur,
1585 1655 1804 1724 quoties

1892 596 1965 642 est
1991 610 2005 643 :
2022 592 2168 643 Sedit
2178 594 2412 657 populus
2426 593 2765 643 manducare
2786 598 2833 644 et
2856 593 3107 655 bibere,et
3117 601 3483 648 surrexerunt

1892 680 2097 731 ludere.
2123 679 2262 731 Esus
2295 678 2498 748 quippe
2528 686 2803 749 potusque
2825 681 2893 733 ad
2917 681 3369 752 ludumimpulit,
3406 684 3488 737 lu-

1893 766 1997 820 dus
2018 767 2087 819 ad
2106 766 2480 820 idololatriam
2498 768 2827 837 traxit,quia
2843 769 2889 821 si
2907 769 3171 822 vanitatis
3200 772 3364 842 culpa
3392 789 3485 825 ne-

1892 872 2172 926 quaquam
2201 863 2362 909 caute
2395 857 2785 925 compescitur,
2818 857 3201 927 abiniquitate
3230 861 3483 929 protinus

1887 962 2047 998 mens
2075 946 2301 999 incauta
2348 946 2665 1005 devoratur,
2698 946 2995 999 Salomone
3030 952 3352 1015 attestante,
3388 952 3479 1020 qui

1888 1034 1991 1087 ait:
2019 1037 2125 1101 (lui
2142 1037 2351 1087 modica
2366 1038 2592 1102 spernit,
2611 1038 2888 1102 paulatim
2904 1038 3107 1089 decidit
3139 1038 3477 1107 (Eceli.x1x).

1889 1123 1947 1176 Si
1977 1123 2124 1175 enim
2157 1140 2350 1175 cunare
2380 1139 2552 1193 parva
2592 1123 2930 1192 negligimus
2970 1124 3374 1180 insensibiliter
3400 1145 3483 1180 se-

1887 1211 2056 1275 ducti,
2090 1211 2363 1264 audenter
2393 1212 2565 1265 etiam
2606 1212 2821 1281 majora
2854 1219 3265 1283 perpetramus.
3302 1216 3482 1284 Neque

1886 1301 2379 1366 fornicemursicut
2393 1302 2621 1368 quidam
2639 1303 2863 1354 illorum
2879 1302 3148 1367 fornicati
3158 1309 3305 1367 sunt,
3329 1311 3376 1357 et
3399 1321 3481 1358 cc-

1887 1390 2138 1441 ciderunt
2158 1405 2271 1441 una
2285 1390 2320 1441 d
2326 1391 2369 1439 ie
2382 1392 2469 1454 sig
2478 1392 2585 1441 inti
2604 1392 2713 1441 tria
2730 1392 2914 1443 millia
2925 1390 3213 1444 hominum
3226 1432 3235 1443 .
3246 1393 3361 1445 Hoc
3372 1393 3481 1446 illis

1888 1476 2223 1531 retributum
2237 1482 2339 1539 est,
2361 1476 2581 1546 quando
2599 1494 2725 1530 cum
2744 1477 3065 1531 Madianitis
3080 1480 3409 1535 mulieribus
3424 1500 3483 1535 se

1887 1566 2386 1618 commacularunt.
2430 1567 2519 1619 Ira
2572 1566 2722 1618 enim
2753 1567 2851 1619 Dei
2897 1567 3110 1620 exstitit
3136 1576 3331 1622 contra
3359 1570 3482 1623 illos

1888 1671 2009 1723 qua:
2040 1655 2394 1707 {simulatione
2426 1654 2665 1707 Phinees
2686 1656 2992 1709 sacerdotis
3023 1656 3281 1710 habentis
3302 1659 3481 1713 zelum

214 1750 393 1795 sancto
409 1742 623 1812 Spiritu
656 1742 935 1811 ungendis
955 1741 1235 1795 mentibus
1255 1742 1576 1796 auditorum
1598 1760 1664 1795 ea
1682 1760 1803 1813 quae
1824 1801 1868 1814 “
1891 1742 1987 1795 Dei
2010 1743 2192 1812 sopita
2214 1750 2297 1795 est
2316 1760 2384 1795 ne
2406 1744 2591 1813 plures
2614 1751 2986 1797 morerentur.
3014 1747 3193 1814 il’eque
3217 1752 3482 1801 tenlemus

214 1832 263 1883 in
291 1801 834 1884 libris-veteribusvde
852 1830 1075 1884 Christo
1087 1831 1237 1884 dicta
1259 1838 1392 1885 sunt
1410 1801 1798 1902 explanantur,
1823 1801 1870 1859 B
1889 1801 2340 1895 (’Iiristum,sicut
2371 1801 2595 1900 quidam
2627 1820 2994 1891 teniavc’runt,
3019 1841 3066 1886 et
3089 1801 3124 1887 [1
3145 1838 3481 1907 serpentibus

211 1930 259 1972 et
286 1919 383 1972 rivi
413 1927 687 1973 vocantur
715 1920 843 1983 olei,
876 1919 1009 1990 quia
1036 1919 1340 1974 decurrunt
1377 1927 1433 1973 et
1468 1928 1706 1990 ungunt,
1745 1921 1803 1974 in

212 2008 403 2077 quibus
436 2009 693 2078 quisquis
722 2008 981 2077 tingitur,
1018 2008 1266 2077 ungitur,
1293 2009 1545 2079 quisquis
1566 2010 1804 2079 tingitur

212 2096 437 2149 interius
476 2097 886 2167 impinguatur.
922 2095 1027 2150 Sed
1068 2113 1178 2150 non
1217 2100 1280 2150 in
1312 2100 1572 2165 pluribus
1612 2115 1800 2152 eorum

213 2185 329 2237 bene
355 2189 524 2238 sensit
556 2187 715 2239 Deus.
750 2185 961 2253 (Amb.)
993 2186 1123 2239 Ideo
1151 2185 1257 2238 hoc
1286 2185 1445 2251 dixit,
1489 2186 1618 2255 quia
1651 2203 1801 2240 acce-

214 2282 358 2343 ptum
390 2274 727 2327 beneﬁcium
755 2290 869 2327 non
897 2274 1309 2328 intellexerunt.
1344 2276 1617 2328 Prostrati
1648 2279 1797 2328 enim

214 2367 330 2413 sunt
360 2366 421 2414 in
448 2363 675 2414 deserto.
701 2362 946 2431 Dignum
968 2366 1069 2425 est,
1084 2367 1150 2414 ut
1178 2361 1273 2431 qui
1304 2378 1510 2431 magna
1535 2378 1800 2415 consecu-

215 2463 313 2502 tus.
334 2450 388 2501 in
412 2450 599 2519 parvis
614 2449 875 2504 difﬁdens
906 2457 1010 2513 est,
1050 2466 1161 2503 non
1190 2451 1371 2503 solum
1404 2451 1518 2504 haec
1544 2468 1656 2504 non
1686 2452 1802 2505 adi-

214 2538 465 2606 piscatur,
501 2554 697 2591 verum
713 2539 885 2591 etiam
901 2538 1127 2591 amittat
1157 2544 1214 2592 et
1232 2539 1646 2602 illa.Quomodo
1666 2557 1800 2609 ergo

214 2627 457 2696 superius
488 2626 749 2679 hortatus
780 2634 866 2680 est
895 2628 966 2680 ad
995 2627 1248 2693 meliora,
1282 2645 1341 2679 se
1373 2628 1545 2681 etiam
1576 2628 1714 2681 dicit
1742 2629 1799 2682 id

214 2715 508 2777 elaborare,
555 2723 620 2768 ut
676 2716 747 2768 ad
794 2716 1224 2786 promissionem
1268 2717 1472 2786 dignus
1521 2725 1795 2783 occurrat,

214 2820 346 2856 nunc
374 2809 439 2857 ut
456 2804 611 2857 istud
625 2804 863 2874 exempli
881 2810 1096 2857 terrore
1112 2805 1550 2873 eonstringat,ac
1566 2807 1801 2859 suadeat

213 2892 437 2955 Iudaeos,
496 2900 633 2945 tunc
686 2892 859 2945 simili
900 2892 1064 2945 modo
1124 2893 1260 2947 dicit
1311 2894 1523 2947 donum
1586 2895 1685 2948 Dei
1743 2901 1799 2948 et

208 2982 435 3048 gratiam
464 2982 715 3045 sortitos,
750 2982 895 3034 sicut
923 2987 979 3035 et
1020 2998 1141 3047 nos,
1190 2989 1247 3035 et
1278 2983 1411 3052 quia
1439 2982 1797 3053 indiligentes

206 3074 257 3121 et
279 3069 601 3122 dubitantes
632 3070 700 3123 de
732 3071 833 3124 Dei
862 3070 1177 3141 provisione
1204 3071 1451 3137 fuerunt,
1484 3078 1796 3142 prostratos

206 3175 316 3210 esse
364 3158 421 3211 in
456 3159 702 3223 deserto,
763 3166 828 3212 ut
881 3159 1008 3213 ideo
1055 3160 1418 3230 semetipsum
1459 3161 1708 3231 afﬂigere
1736 3178 1795 3215 se

204 3247 538 3312 ostenderet,
568 3264 641 3301 ne
670 3248 728 3300 in
763 3248 989 3301 illorum
1020 3265 1253 3302 numero
1282 3249 1644 3317 inveniretur,
1672 3268 1796 3320 pro-

205 3333 322 3389 inde
350 3335 779 3402 elaborandum,
810 3342 876 3390 ut
902 3336 990 3390 sui
1020 3337 1333 3390 imitatores
1361 3338 1684 3392 existerent.

264 3425 387 3477 Han:
404 3429 587 3477 autem
617 3428 679 3478 in
696 3428 881 3492 ﬁgura
899 3429 1078 3478 nostri
1094 3427 1241 3492 facta
1255 3432 1473 3491 s1mt,ut
1493 3443 1604 3480 non
1620 3430 1795 3480 simus

1880 1922 2187 1987 perierunt.
2214 1920 2583 1973 Detrahentes
2605 1922 2673 1973 de
2696 1922 2810 1974 Deo
2826 1922 3112 1975 Christum
3132 1930 3377 1977 tentasse
3404 1925 3482 1977 di-

1884 2015 2105 2073 cuntur,
2145 2009 2274 2077 quia
2287 2009 2542 2062 Christus
2572 2016 2711 2073 erat,
2738 2010 2833 2081 qui
2861 2011 2929 2064 ad
2964 2013 3191 2082 Moysen
3223 2014 3481 2083 loqueba-

1884 2101 1994 2149 tur.
2032 2097 2283 2167 Deniquc
2321 2114 2390 2150 ne
2434 2115 2535 2151 nos
2576 2100 2635 2152 in
2666 2100 2863 2152 eadem
2906 2118 3075 2154 causa
3107 2102 3476 2159 inveniamur.

1882 2192 2203 2238 commonet
2223 2203 2291 2239 ne
2309 2186 2532 2239 diabolo
2551 2189 2845 2241 tradamur
2868 2207 2879 2240 :
2905 2191 3066 2259 cujus
3082 2196 3370 2260 serpentes
3388 2193 3481 2244 ha-

1880 2272 2014 2326 bent
2043 2276 2279 2343 ﬁguram
2305 2294 2317 2339 ;
2352 2276 2447 2345 qui
2468 2293 2571 2328 nos
2584 2294 2753 2346 super
2775 2294 2939 2330 omne
2959 2295 3139 2346 genus
3156 2286 3481 2349 serpentum

1884 2363 2095 2415 calcare
2142 2363 2472 2433 spiritaliter
2512 2365 2701 2433 jussit.
2739 2368 2922 2433 (Aug.)
2980 2368 3104 2436 Ipse
3135 2367 3285 2420 enim
3314 2375 3401 2420 est
3426 2376 3483 2421 et

1884 2452 2282 2520 prophetarum
2317 2453 2483 2510 Deus.
2525 2452 2619 2522 qui
2655 2455 2857 2522 populo
2891 2454 3099 2507 inﬁdeli
3144 2455 3213 2508 ad
3269 2455 3480 2524 signiﬁ-

1882 2540 2059 2593 canda
2090 2546 2333 2609 peccata,
2368 2557 2609 2610 quorum
2655 2558 2867 2595 veneno
2900 2542 3255 2596 invisibiliter
3284 2545 3481 2597 morie-

1882 2627 2105 2693 bantur,
2123 2628 2366 2682 visibiles
2386 2636 2674 2699 serpentes
2701 2630 2903 2700 quibus
2933 2632 3482 2686 admoverenturim-

1882 2716 2051 2783 misit,
2069 2724 2126 2770 et
2141 2718 2306 2787 plaga
2326 2718 2711 2771 mmndatoria
2728 2725 2939 2773 mortes
2956 2720 3271 2773 animarum
3292 2722 3482 2774 morti-

1879 2804 1985 2857 bus
1998 2822 2293 2875 corporum
2316 2808 2593 2875 tiguravit.
2613 2810 2792 2876 il'eque
2818 2813 3326 2875 murmurareritis,
3341 2814 3482 2864 sicut

1880 2896 2106 2962 quidam
2130 2912 2257 2947 eoru
2267 2913 2314 2947 ηρ
2342 2913 2393 2947 1n
2404 2913 2528 2949 urm
2538 2902 2866 2949 iuraverunt.
2877 2898 2935 2963 (Α
2949 2899 3113 2965 mbr.)
3128 2898 3481 2952 Murmurarc

1880 2989 1965 3036 est
1992 2983 2133 3037 falso
2172 2984 2239 3036 ad
2298 2984 2533 3037 invicem
2593 2986 2660 3037 de
2684 2986 3008 3056 praepositis
3069 2992 3125 3039 et
3173 2988 3482 3040 rectoribus

1882 3072 2343 3141 queri,quantum
2374 3073 2443 3125 ad
2468 3081 2715 3126 mentem
2746 3074 2850 3127 loci
2884 3074 3145 3144 pertinet,
3180 3076 3312 3144 quia
3339 3076 3482 3129 solet

1881 3177 2138 3213 murmur
2160 3161 2281 3213 ﬁeri
2305 3167 2357 3213 et
2376 3161 2531 3229 justa
2551 3179 2616 3214 ex
2638 3179 2824 3216 causa.
2840 3164 2904 3216 Et
2912 3167 3199 3231 perierunt
3222 3165 3290 3217 ab
3312 3170 3481 3216 exter-

1879 3251 2170 3302 mrinatore.
2198 3250 2315 3301 Hoc
2337 3255 2423 3302 est
2442 3249 2499 3302 in
2524 3251 2707 3303 locum
2733 3251 2890 3304 Judze
2922 3258 3317 3305 concesserunt
3339 3253 3482 3305 anti-

1878 3338 2127 3407 cipantes
2160 3338 2340 3403 illum,
2362 3338 2494 3408 quia
2510 3340 2742 3392 tradens
2762 3340 3047 3393 Christum
3078 3341 3481 3394 exterminatus

1878 3432 1965 3479 est
1993 3427 2061 3478 de
2094 3443 2329 3479 numero
2360 3428 2758 3496 Apostolorum
2788 3446 2823 3481 a
2843 3428 3034 3498 judice
3064 3429 3198 3482 Deo.
3234 3430 3342 3482 Per
3363 3430 3479 3483 hmc

202 3513 561 3566 desiderantes
578 3517 730 3566 mala
746 3517 883 3566 sicut
905 3519 952 3566 et
978 3517 1068 3567 illi
1080 3515 1661 3567 desiderareruntllic
1675 3531 1796 3568 sen-
1877 3516 2131 3585 exempla
2161 3515 2231 3567 ad
2248 3516 2644 3569 correctiorem
2661 3534 2761 3570 nos
2775 3518 2943 3571 vitam
2960 3524 3239 3588 provocat,
3271 3524 3336 3572 ut
3366 3536 3479 3573 mo-

203 3616 286 3652 sus
303 3598 526 3654 etratio
549 3618 719 3671 quam
742 3619 914 3672 supra
932 3602 1454 3671 memoravi.Neque
1474 3607 1795 3658 simulacris
1880 3604 2012 3656 uitis
2041 3605 2164 3673 ejus
2193 3612 2293 3656 aut
2322 3605 2687 3674 praemium,si
2718 3606 3045 3659 obedientes
3074 3607 3481 3663 fuerimus.aut

202 3693 905 3759 serrientes.sicutquidam
928 3694 1177 3745 illorum.
1203 3692 1362 3744 Nune
1380 3691 1482 3744 hos
1500 3692 1682 3760 tangit
1698 3692 1793 3761 qui
1878 3693 2301 3762 propensiorem
2326 3710 2548 3762 poenam
2579 3711 2897 3748 mereamur
2916 3695 3319 3748 inobedientcs.
3354 3698 3476 3750 Non

202 3776 249 3828 in
281 3778 450 3832 idolio
478 3778 872 3832 recumbentes
893 3778 1170 3849 putabant
1198 3795 1309 3832 non
1330 3796 1450 3832 esse
1480 3787 1789 3849 peccatum.
1877 3787 1963 3834 est
1992 3781 2139 3834 enim
2171 3780 2638 3849 ambiguumillos
2654 3789 2947 3851 peccantes
2962 3784 3087 3853 plus
3101 3783 3477 3853 subjiciendos

200 3864 340 3918 Sicut
364 3872 639 3935 scriptum
663 3874 737 3921 est
765 3868 952 3936 (Exod.
971 3872 1173 3935 xxxn):
1207 3867 1355 3921 Sedit
1376 3872 1613 3936 populus
1640 3886 1795 3923 man-
1874 3869 2192 3933 tormentis,
2227 3868 2429 3939 quibus
2462 3870 2813 3940 peccantium
2842 3888 3018 3941 pcenze
3052 3872 3119 3924 ad
3151 3872 3256 3925 hoc
3288 3873 3477 3924 relatae

199 3954 389 4007 ἀμαυ-ε
421 3962 467 4007 et
492 3957 690 4021 bibere,
713 3962 763 4008 et
787 3962 1151 4009 sum'ea‘erunt
1174 3958 1381 4011 ludere.
1405 3958 1550 4010 Ante
1582 3957 1792 4010 idolum
1877 3964 2009 4010 sunt
2037 3944 2110 4009 ne.
2138 3964 2448 4027 peeearent.
2481 3960 2603 4012 Haec
2630 3964 2818 4012 autem
2848 3963 3038 4012 omnia
3065 3963 3127 4012 in
3144 3963 3329 4027 ﬁgura
3354 3976 3477 4013 con-

198 4042 403 4112 utique,
437 4052 503 4097 ut
532 4061 648 4097 non
675 4061 735 4097 se
763 4044 1053 4097 crederent
1082 4045 1362 4098 immunes
1380 4045 1679 4105 acrimine,
1700 4045 1792 4116 qui
1880 4046 2160 4112 tingebant
2193 4048 2307 4099 illis
2342 4066 2357 4098 :
2386 4049 2591 4114 scripta
2619 4054 2749 4099 sunt
2776 4053 2957 4099 autem
2978 4050 3053 4100 ad
3082 4053 3471 4117 correptioncm

199 4130 245 4182 in
272 4132 441 4185 idolio
471 4133 852 4203 epulabantur
886 4152 895 4185 :
931 4150 1060 4187 nam
1091 4135 1281 4204 Moyse
1312 4134 1371 4186 in
1400 4140 1588 4187 monte
1611 4134 1792 4203 posito
1879 4139 2150 4199 nostram,
2182 4137 2245 4187 in
2276 4152 2406 4201 quos
2428 4139 2562 4201 fines
2580 4139 2904 4189 seculorum
2933 4138 3284 4191 dt’l‘t’llt’l'lltll.
3311 4138 3475 4191 Fines

195 4221 326 4288 apud
364 4222 573 4289 Deum,
604 4222 905 4276 simulacro
933 4223 1093 4276 vituli
1122 4223 1266 4276 facto
1298 4229 1424 4293 post
1451 4222 1791 4276 oblationem
1876 4223 2208 4275 szeculorum
2238 4239 2339 4275 nos
2394 4240 2608 4289 sumus,
2644 4224 2773 4294 quia
2824 4232 2960 4278 tunc
3012 4227 3126 4279 haec
3176 4225 3301 4279 ideo
3332 4227 3473 4280 facta

196 4307 564 4363 dedicationis
590 4327 779 4376 causa,
822 4313 956 4365 sedit
980 4315 1217 4379 populus
1249 4313 1590 4365 manducare
1630 4317 1677 4363 et
1717 4313 1794 4363 bi-

195 4397 769 4459 bere,etsurre.rerunt
792 4401 995 4453 ludere.
1015 4400 1142 4453 llaec
1156 4400 1378 4453 luxuria
1398 4406 1500 4463 est,
1523 4416 1635 4469 qua
1653 4416 1794 4452 sem-

196 4501 281 4552 per
309 4487 604 4547 Oblectati,
652 4488 711 4540 in
738 4487 839 4541 Dei
882 4487 1047 4540 rebus
1090 4487 1342 4541 inﬁdeles
1382 4487 1594 4541 inventi
1641 4495 1789 4540 sunt.

196 4575 383 4643 (lii-eg.)
424 4577 677 4646 Ideoque
718 4576 964 4640 instruit,
1009 4593 1079 4629 ne
1112 4576 1169 4629 in
1210 4577 1312 4630 hac
1340 4575 1653 4630 difﬁdentia
1695 4594 1796 4647 per

193 4676 475 4717 assensum
510 4665 746 4719 luxuriae
773 4665 906 4718 idoli
934 4664 1265 4719 incidamus.
1288 4666 1366 4718 Ex
1393 4664 1639 4718 vanitate
1656 4683 1788 4735 ergo

194 4750 635 4823 adiniquitatem
655 4753 929 4817 ducimur,
963 4770 1088 4807 cum
1119 4754 1275 4823 prius
1300 4770 1403 4823 per
1431 4753 1575 4805 levia
1589 4754 1791 4807 delicta

194 4838 506 4905 deﬁnimus,
545 4849 605 4894 et
633 4858 738 4894 usu
769 4848 969 4895 cuncta
987 4842 1261 4911 levigante
1285 4858 1642 4912 nequaquam
1665 4848 1790 4912 past

194 4931 565 4995 «immittere,
618 4930 792 4983 etiam
832 4931 1090 4999 graviora
1122 4931 1441 4984 timeamus.
1474 4931 1620 4984 Nam
1653 4931 1787 4983 dum

196 5018 460 5072 moderari
482 5019 683 5086 lingua
709 5019 891 5079 otiosa
920 5019 1089 5072 verba
1118 5018 1354 5089 negligit
1394 5036 1549 5072 more
1580 5018 1788 5072 inolitae

198 5107 537 5161 remissionis
570 5115 750 5177 capta,
783 5108 963 5161 audax
993 5109 1063 5161 ad
1095 5107 1260 5161 noxia
1288 5108 1622 5179 prorumpit.
1643 5109 1785 5161 Dum

196 5196 317 5253 mlle
344 5195 708 5250 incumbitur
733 5196 802 5249 ad
832 5197 1080 5251 lenitatis
1093 5197 1350 5268 protinus
1366 5196 1649 5250 insaniam
1664 5212 1788 5266 pro-

197 5281 357 5345 ditur;
390 5301 647 5355 eumque
671 5301 830 5338 mens
861 5285 1118 5354 subigere
1149 5284 1578 5339 delectationem
1603 5285 1786 5339 carnis

200 5374 378 5439 renuit,
398 5374 747 5444 plerumque
762 5379 820 5426 et
832 5374 901 5427 ad
916 5373 1163 5445 perﬁdiae
1180 5373 1455 5443 originem
1472 5373 1603 5427 ruit.
1626 5373 1784 5427 Unde

203 5458 312 5514 bene
340 5464 563 5516 Paulus
584 5461 763 5531 plebis
778 5462 1098 5516 Israelitica:
1129 5461 1336 5515 damna
1350 5461 1786 5532 conspiciens,ut

204 5544 622 5606 imminentiaab
650 5550 1001 5604 auditoribus
1032 5551 1184 5603 mala
1197 5555 1593 5621 compesceret,
1626 5566 1781 5603 cura-

208 5637 325 5691 nte:
342 5640 553 5694 ordine
568 5645 857 5693 transacta
874 5638 1309 5694 narraredicens
1325 5657 1336 5691 :
1355 5639 1533 5707 Neque
1546 5640 1691 5691 idolo
1705 5641 1784 5691 la-

1876 4317 2184 4364 noscuntur
2215 4311 2361 4364 circa
2378 4312 2806 4366 retributionem
2838 4314 3083 4381 illorum,
3116 4322 3179 4368 ut
3206 4314 3366 4369 nobis
3394 4334 3476 4369 es-

1877 4406 2002 4452 sent
2030 4401 2303 4470 exemplo,
2324 4400 2417 4470 qui
2434 4406 2719 4470 postremo
2737 4403 2937 4455 saiculo
2972 4402 3145 4455 futuri
3176 4405 3475 4457 eramusin

1878 4489 1984 4541 ﬁde
2001 4487 2241 4554 Christi;
2266 4506 2366 4558 pro
2387 4490 2633 4543 utilitate
2663 4490 2811 4543 enim
2838 4496 3031 4542 nostra
3048 4497 3208 4557 gesta
3230 4498 3379 4557 sunt,
3412 4499 3471 4544 ut

1875 4577 1922 4629 si
1953 4583 2165 4629 terrore
2195 4577 2395 4630 horum
2414 4577 2469 4630 in
2487 4579 2585 4631 Dei
2605 4579 2806 4631 timore
2825 4577 3213 4643 manserimus,
3232 4579 3470 4647 gloriam

1873 4665 1983 4717 illis
1999 4666 2336 4735 promissam
2369 4667 2729 4735 accipiamus.
2749 4666 2806 4718 Si
2841 4666 3472 4736 quominus,geminabi—

1870 4759 1964 4806 tur
1994 4753 2153 4807 nobis
2177 4771 2341 4823 poena
2361 4753 2944 4824 illorum,quiamajor
2963 4755 3164 4808 notitia
3194 4756 3333 4826 legis
3347 4758 3473 4828 plus

1868 4842 2001 4895 facit
2027 4859 2205 4896 reum.
2268 4845 2453 4911 (.4ug.)
2498 4844 2646 4902 Haec,
2707 4843 2907 4914 inquit,
2960 4844 3151 4898 omnia
3187 4844 3246 4898 in
3292 4847 3473 4916 ﬁgura

1870 4929 2270 4999 contingebant
2299 4931 2430 4993 illis,
2466 4930 2673 5001 scripta
2704 4939 2836 4986 sunt
2866 4939 3055 4986 autem
3091 4938 3320 5004 prepter
3348 4951 3468 4987 nos.

1872 5019 2006 5072 Ecce
2036 5018 2153 5089 ipse
2182 5020 2420 5089 aperuit,
2448 5037 2548 5073 cur
2573 5020 2684 5074 illa:
2715 5021 2913 5075 litterae
2942 5022 3288 5092 accipiantur
3315 5040 3349 5075 a
3378 5040 3463 5075 no.

1870 5105 1973 5172 bis,
2006 5113 2063 5159 et
2094 5125 2193 5160 cur
2220 5108 2319 5161 illa
2354 5126 2542 5162 rerum
2574 5109 2737 5179 signa
2763 5112 2881 5180 jam
2905 5128 3130 5164 necesse
3152 5127 3262 5163 non
3297 5111 3387 5176 sit,
3411 5123 3473 5164 ut

1870 5194 2235 5250 observentur
2271 5214 2305 5250 a
2334 5197 2511 5251 nobis.
2558 5198 2699 5252 Cum
2740 5199 2891 5252 enim
2931 5199 3312 5271 dieat,scripta
3340 5207 3473 5253 sunt

1870 5291 2099 5355 propter
2126 5303 2247 5350 nos,
2280 5287 2472 5356 procul
2503 5286 2673 5340 dubio
2703 5288 3290 5358 demonstrat,quanta
3310 5288 3470 5342 nobis
3545 5320 3549 5325 ι

1868 5389 2003 5426 cura
2030 5374 2267 5442 legenda
2295 5382 2351 5428 et
2377 5375 2764 5445 intelligenda,
2797 5383 2854 5429 et
2893 5377 2951 5428 in
2984 5382 3194 5446 quanta
3234 5378 3471 5432 auctori-

1867 5466 1983 5513 tate
2014 5461 2269 5516 habenda
2297 5463 2429 5528 sint,
2475 5465 2607 5535 quia
2634 5469 2864 5535 propter
2906 5480 3008 5517 nos
3040 5465 3235 5534 utique
3265 5466 3471 5536 scripta

1866 5554 2037 5613 sunt;
2072 5566 2197 5603 cum
2215 5568 2341 5605 vero
2372 5552 2507 5607 dicit
2538 5555 2731 5623 ﬁgura)
2763 5560 2965 5607 nostrae
2983 5552 3230 5617 fuerunt,
3249 5560 3296 5606 ct
3327 5558 3389 5607 in
3407 5558 3469 5623 ﬁ-

1864 5654 2009 5706 gura
2038 5642 2421 5707 contingebant
2446 5646 2579 5707 illis,
2612 5642 2857 5696 ostendit
3022 5659 3133 5696 non
3157 5659 3296 5712 opus
3322 5659 3462 5716 esse,
