3900 6196
433 377 492 432 91
1012 378 1075 432 B.
1117 375 1388 432 RABANI
1427 377 1661 434 MAURI
1712 380 2047 435 ARCHIEP.

2091 378 2414 433 MOGUNT.
2459 339 2756 431 OPERDM
2793 374 2977 428 PARS
3015 373 3112 428 ΠΙ.
3209 367 3218 374 ·
3634 373 3701 430 92

436 508 498 555 ut
524 518 650 556 cum
683 519 771 556 res
801 503 952 574 ipsas
981 501 1309 556 manifestas
1324 502 1880 573 agimus,ﬁgurarum
1894 522 2031 576 prae-
2047 505 2094 564 Α
2110 503 2258 573 quod
2289 501 2474 556 carnis
2501 500 2940 571 corruptibilitas
2955 499 3223 570 suggerit,
3255 516 3356 571 per
3368 516 3702 556 consensum

434 591 810 645 nuntiantium
837 590 1198 645 celebrationi
1227 590 1552 644 serviamus.

505 683 790 748 Propterea
819 686 869 732 et
899 683 997 748 qui
1027 697 1079 732 se
1103 685 1263 747 putat
1303 685 1466 738 sta-re,
1515 683 1695 734 rideat
1740 698 1806 736 ne
1844 684 2020 736 cadat.

436 767 667 836 (Anibr.)
701 768 816 821 Hoc
854 767 924 820 ad
961 784 1054 820 eos
1094 768 1345 838 loquitur
1385 769 1478 838 qui
1524 775 1928 838 praesumentes
1956 771 2024 824 de

433 857 802 926 scientia,qua
828 855 1044 911 licitum
1058 862 1143 910 est
1172 857 1360 910 omnia
1376 859 1558 918 edere,
1579 858 1818 912 infirmis
1843 859 2026 913 fratri-

433 945 533 998 bus
559 945 820 998 scandalo
851 951 1030 1010 erant,
1065 951 1122 998 et
1149 950 1413 1014 putantes
1441 947 1650 1025 aliquid
1670 965 1728 1000 se
1760 949 2024 1018 proﬁcere

430 1033 684 1088 doctrina
693 1033 1872 1104 pseudoapostolorum,deterioraverant,et
1878 1039 2026 1106 judi-

431 1122 633 1176 cabant
663 1124 1012 1193 Apostolum,
1047 1139 1172 1176 cum
1203 1123 1311 1194 ipsi
1338 1131 1526 1177 essent
1555 1125 1654 1177 rei.
1683 1115 2026 1196 Superbiam

433 1227 565 1280 ergo
595 1217 850 1282 amputat
879 1228 948 1263 ne
962 1227 1062 1281 per
1084 1211 1225 1265 hanc
1237 1213 2024 1272 tententur,sicut.ludzeiten-

430 1300 535 1354 tati
565 1305 698 1353 sunt
728 1307 784 1353 et
812 1300 1118 1370 perierunt.
1155 1301 1630 1369 (Greg.)Perhanc
1660 1320 1792 1371 ergo
1805 1309 2024 1356 senten-

433 1388 571 1442 tiam
600 1394 657 1442 et
684 1405 810 1458 spes
839 1389 1088 1442 nutritur
1114 1389 1432 1452 humilium,
1466 1395 1522 1443 et
1553 1391 1721 1444 elatio
1750 1393 2027 1461 premitur

431 1477 818 1547 superborum,
843 1477 976 1530 dum
1007 1484 1064 1530 et
1093 1477 1171 1530 illi
1200 1477 1349 1530 bona
1380 1486 1615 1548 possunt
1645 1479 1924 1540 amittere,
1956 1481 2025 1534 de

431 1565 630 1635 quibus
661 1565 1073 1635 superbiunt,et
1103 1565 1195 1618 isti
1227 1583 1294 1618 ea
1320 1567 1754 1637 percipere,quze
1767 1569 2021 1638 quianon

430 1652 674 1707 habeant
700 1659 1154 1708 contemnuntur.
1214 1654 1601 1708 Formidemus
1641 1655 1814 1725 igitur
1849 1657 1904 1710 in
1939 1657 2024 1710 his

434 1759 556 1812 quae
580 1743 903 1812 accipimus,
935 1759 1005 1796 ne
1035 1759 1130 1796 eos
1161 1743 1258 1796 illa
1287 1744 1526 1797 necdum
1557 1745 1916 1798 assecutosin
1933 1747 2025 1799 de-

2109 609 2166 645 se
2195 591 2416 644 animus
2446 589 2726 659 astringit.

2181 682 2376 733 Fidelis
2403 684 2585 732 autem
2609 679 2743 731 Deus
2772 681 2873 745 qui
2893 693 3006 731 non
3028 681 3250 746 patitur
3278 693 3368 731 vos
3391 681 3700 733 tentarisu—

2102 785 2203 838 per
2223 785 2394 836 quam.
2422 770 2640 836 potestis
2671 786 2686 820 :
2729 767 2820 819 sed
2847 768 3007 833 faciet
3044 783 3169 819 cum
3211 770 3506 820 tentatione
3535 770 3700 821 etiam

2101 863 2431 926 proventum.
2461 861 2524 909 ut
2548 859 2764 923 possitis
2796 859 3047 908 tolerare.
3074 855 3464 924 (Ambr.)Ideo
3481 855 3702 909 ﬁdelem

2107 945 2242 998 dicit
2260 945 2436 999 Deum
2457 944 2552 1014 qui
2567 960 2679 996 non
2697 941 3058 1014 patieturgvos
3072 943 3281 998 tentari
3294 959 3464 1013 super
3479 943 3535 996 id
3554 944 3705 1014 quod

2111 1033 2360 1103 potestis,
2375 1033 2509 1103 quia
2535 1033 2800 1086 daturum
2829 1049 2888 1085 se
2907 1032 3166 1102 promisit
3181 1032 3330 1086 Deus
3342 1031 3702 1101 diligentibus

2109 1140 2167 1176 se
2197 1139 2370 1190 regna
2396 1121 2660 1185 coelestia,
2693 1127 2750 1174 et
2777 1127 2843 1173 ut
2857 1121 2953 1174 det
2967 1137 3192 1175 necesse
3221 1125 3325 1185 est,
3362 1121 3494 1191 quia
3521 1121 3701 1174 fidelis

2104 1218 2206 1265 est.
2246 1212 2550 1280 Propterea
2565 1226 2698 1280 ergo
2722 1209 3002 1262 tribulatis
3035 1227 3134 1279 pro
3163 1227 3222 1262 se
3251 1210 3450 1270 aderit,
3483 1227 3586 1263 nec
3610 1226 3702 1280 pa-

2105 1300 2281 1352 tietur
2313 1305 2534 1352 tantum
2567 1297 2824 1368 irrogari,
2849 1299 2997 1368 quod
3025 1298 3252 1352 tolerari
3265 1315 3376 1352 non
3389 1299 3585 1368 possit,
3605 1299 3702 1352 sed

2106 1389 2288 1453 faciet,
2304 1394 2368 1442 ut
2385 1393 2481 1442 aut
2494 1388 2604 1441 cito
2633 1393 2812 1440 cesset
2839 1386 3094 1448 tentatio,
3126 1393 3225 1440 aut
3253 1387 3299 1440 si
3330 1387 3546 1458 prolixa
3586 1388 3703 1440 fue-

2107 1477 2199 1541 rit,
2233 1477 2327 1530 det
2341 1475 2617 1530 tolerandi
2632 1476 2896 1528 virtutem
2917 1494 2928 1542 ;
2963 1475 3216 1544 alioquin
3233 1491 3346 1529 non
3359 1475 3530 1541 dabit,
3551 1477 3700 1546 quod

2106 1565 2384 1635 promisit,
2418 1566 2552 1634 quia
2581 1563 2836 1626 vincitur,
2854 1564 2948 1633 qui
2967 1563 3181 1634 patitur
3213 1582 3223 1615 :
3261 1564 3428 1617 homo
3443 1569 3530 1618 est
3549 1565 3702 1619 enim

2106 1654 2422 1707 infirmitati
2462 1653 2765 1722 subjectus,
2798 1660 2855 1706 et
2883 1669 2994 1705 non
3041 1653 3149 1706 erit
3177 1653 3272 1722 qui
3301 1653 3556 1724 accipiat.
3593 1654 3701 1708 Sed

2109 1743 2240 1812 quia
2267 1743 2447 1796 ﬁdelis
2476 1748 2562 1794 est
2590 1743 2737 1794 Deus
2775 1742 2870 1812 qui
2901 1741 3175 1810 promisit,
3211 1740 3484 1806 subvenit,
3517 1748 3582 1796 ut
3601 1743 3703 1795 im-

433 1805 811 1903 sperationem
827 1805 1291 1895 trahamus.Quid
1307 1832 1457 1885 enim
1471 1850 1667 1886 sumus
1681 1834 1845 1888 hodie
1875 1805 2085 1888 ῐιογί-υ
2108 1805 2258 1902 plent
2289 1831 2438 1902 quod
2475 1829 2751 1900 promisit.
2792 1805 3046 1899 Denique
3092 1829 3370 1883 breviatos
3412 1829 3530 1884 dies
3569 1831 3705 1884 dicit

431 1937 575 1986 mus,
611 1920 744 1990 quid
771 1925 870 1973 aut
896 1927 1023 1990 post
1061 1920 1351 1990 paululum
1390 1921 1670 1990 possimus
1699 1939 1820 1975 esse
1851 1924 2024 1976 nesci-
2107 1921 2399 1985 Dominus,
2433 1926 2497 1972 ut
2551 1921 2835 1972 salventur
2871 1919 3050 1982 electi,
3095 1924 3151 1971 et
3180 1919 3398 1988 possint
3437 1919 3706 1988 consequi

431 2025 577 2061 mus.
610 2008 679 2062 Hi
709 2025 837 2062 vero
870 2026 1008 2079 quos
1024 2009 1259 2062 fortasse
1275 2009 1698 2080 despicimus,et
1723 2013 1882 2065 tarde
1905 2030 2026 2082 pos—
2109 2025 2346 2078 regnum
2377 2009 2496 2062 Dei.
2533 2008 2823 2071 Quomodo
2853 2013 3044 2060 tamen
3086 2024 3120 2060 a
3155 2008 3270 2061 Deo
3306 2008 3623 2078 adjuvatur,
3655 2009 3708 2061 si

431 2103 565 2150 sunt
593 2097 856 2167 incipere,
891 2102 948 2150 et
974 2104 1164 2151 tamen
1197 2097 1366 2151 vitam
1398 2105 1647 2152 nostram
1680 2099 2026 2154 ferventiori-
2109 2103 2328 2150 tantum
2363 2098 2726 2167 permittatur
2753 2097 2960 2149 tentari
2991 2103 3265 2166 quantum
3293 2096 3708 2166 potesttAdju-

432 2183 534 2238 bus
564 2185 764 2238 studiis
793 2185 1029 2238 anteire.
1064 2185 1400 2240 Timendum
1429 2187 1616 2258 itaque
1647 2194 1749 2250 est,
1771 2205 1839 2241 ne
1855 2189 2026 2242 etiam
2109 2191 2275 2239 vatur
2303 2187 2486 2256 plane,
2521 2186 2656 2238 dum
2689 2202 2800 2238 non
2835 2185 2960 2254 plus
3005 2184 3355 2255 permittitur
3401 2185 3453 2238 ei
3490 2185 3708 2255 imponi

433 2272 591 2326 nobis
621 2273 948 2327 cadentibus
977 2281 1188 2343 surgat,
1223 2275 1318 2344 qui
1349 2275 1510 2328 nobis
1540 2277 2029 2331 stantibusirride-
2111 2291 2279 2345 quam
2311 2275 2486 2328 scitur
2530 2274 2674 2327 ferre
2731 2291 2913 2343 posse,
2947 2279 3011 2327 ut
3066 2279 3265 2343 quarto
3310 2273 3397 2326 die
3438 2273 3558 2343 pati
3597 2290 3712 2327 non

429 2370 542 2427 tur,
575 2362 828 2432 quamvis
857 2367 1006 2416 stare
1029 2364 1150 2432 jam
1183 2379 1293 2416 non
1320 2365 1491 2429 novit,
1526 2365 1619 2434 qui
1651 2382 1762 2418 non
1781 2373 2024 2420 stantem
2108 2363 2487 2433 permittatur,
2526 2363 2621 2432 qui
2650 2363 2825 2416 scitur
2873 2364 3022 2416 ultra
3053 2379 3164 2416 non
3206 2379 3368 2432 posse
3393 2364 3575 2432 'quam
3612 2363 3710 2415 tri-

433 2451 586 2504 novit
613 2451 862 2504 irridere.
890 2453 1132 2505 Tentatio
1156 2469 1245 2504 ros
1269 2469 1380 2504 non
1405 2455 1773 2520 apprehendat
1799 2458 1912 2508 nisi
1928 2457 2027 2508 hu-
2109 2453 2218 2505 duo
2248 2453 2508 2506 tolerare.
2544 2451 2760 2522 (Grng
2793 2453 3002 2505 Contra
3033 2452 3176 2504 hanc
3217 2451 3555 2504 sententiam
3597 2467 3708 2520 qua

429 2555 600 2592 mana
629 2541 980 2606 (Ambr.).Ac
1003 2557 1102 2609 per
1121 2541 1224 2592 hoc
1243 2541 1601 2594 detrahentes
1621 2544 1905 2612 Apostolo,
1923 2546 2027 2598 Do-
2108 2541 2376 2610 scriptum
2408 2546 2527 2593 est:
2579 2541 2778 2592 Fidelis
2803 2546 2984 2592 autem
3019 2541 3157 2593 Deus
3197 2543 3294 2608 qui
3326 2555 3432 2592 non
3461 2543 3708 2608 patietur

430 2628 646 2681 minum
675 2633 896 2683 tentare
939 2627 1216 2694 videntur,
1263 2630 1396 2698 quia
1441 2637 1496 2683 et
1527 2635 1662 2696 tunc
1689 2649 1814 2684 cum
1846 2633 2024 2703 Moysi

427 2714 806 2778 detraherent,
837 2722 894 2768 et
923 2715 1246 2768 dubitarent
1272 2716 1340 2768 de
1371 2735 1454 2782 eo,
1475 2719 1653 2771 Deum
1669 2725 1914 2773 tentasse
1944 2721 2024 2774 di-

426 2809 647 2858 cuntur.
683 2803 862 2857 Omne
905 2804 1057 2857 enim
1100 2804 1246 2875 quod
1283 2805 1579 2874 probatum
1622 2823 1732 2859 non
1765 2808 2018 2874 habetur,

425 2895 692 2946 tentatur.
729 2892 858 2944 Ideo
890 2899 952 2946 ut
983 2893 1096 2947 haec
1124 2893 1358 2946 tentatio
1389 2895 1732 2948 convellatur
1759 2897 2022 2950 admonet

424 2997 552 3034 cum
579 2986 820 3045 terrore;
847 2987 910 3034 ut
937 2986 1125 3035 autem
1144 2981 1392 3035 humana
1421 2983 1656 3037 tentatio
1686 2984 1808 3038 illos
1827 3003 2022 3055 appre-

424 3069 635 3122 hendat
662 3069 920 3122 hortatur
951 3087 962 3121 :
999 3071 1244 3124 humana
1277 3071 1426 3124 enim
1445 3072 1682 3126 tentatio
1699 3079 2023 3144 estpropter

425 3175 582 3227 spem
615 3156 985 3210 Deidifﬁdere
1017 3158 1085 3211 de.
1116 3159 1360 3225 homine,
1383 3160 1516 3230 quia
1543 3177 1684 3214 vana
1714 3163 1908 3232 spesin
1925 3165 2019 3216 ho-

425 3245 594 3310 mine,
626 3251 687 3298 ut
715 3245 773 3299 in
803 3247 1134 3300 necessitate
1147 3254 1523 3318 autpressura
1536 3266 1646 3302 non
1677 3250 1934 3320 desperet
1951 3253 2019 3306 de

424 3335 560 3400 Deo,
590 3335 902 3388 humanum
925 3335 1194 3388 auxilium
1215 3337 1570 3406 requirendo.
1592 3339 1749 3391 Sicut
1778 3342 2016 3394 etJudaei

424 3423 517 3493 qui
551 3422 872 3477 dubitantes
889 3424 957 3477 de
976 3425 1088 3478 Deo
1105 3423 1380 3479 idolorum
1411 3425 1813 3480 adminiculum
1833 3446 2021 3483 exora-

421 3511 574 3573 bant,
606 3511 709 3565 hoc
739 3517 842 3576 est,
871 3512 1182 3566 humanum
1207 3513 1495 3570 auxilium.
1515 3515 1645 3584 quia
1675 3516 1749 3568 dii
1781 3534 2023 3586 pagano-

425 3617 552 3654 rum
584 3607 736 3654 terra
750 3606 900 3658 sunt.
918 3607 974 3653 et
987 3601 1265 3654 culturam
1280 3603 1555 3656 idolorum
1569 3604 1849 3657 humanus
1864 3623 2021 3659 error

422 3689 650 3742 invenit.
671 3690 906 3758 Propter
922 3689 1206 3744 Christum
1235 3707 1367 3760 ergo
1397 3692 1533 3761 pati,
1568 3693 1814 3746 humana
1844 3700 2022 3748 tenta-

419 3778 498 3830 tio
527 3783 740 3848 est,per
769 3794 934 3848 quam
954 3778 1240 3848 proﬁcitur
1268 3780 1416 3850 apud
1438 3780 1636 3834 Deum.
1658 3783 1843 3851 (.4ug.)
1879 3783 2023 3837 Sunt

419 3865 588 3920 etiam
620 3868 878 3921 humana:
894 3867 1252 3929 tentationes,
1271 3869 1456 3932 credo,
1472 3886 1599 3922 cum
1614 3869 1759 3923 bono
1783 3872 2018 3942 quisque

419 3956 608 4008 animo
625 3957 930 4010 secundum
947 3956 1252 4009 humanam
1268 3963 1456 4010 tamen
1469 3957 1830 4028 fragilitatem
1848 3959 1904 4013 in
1921 3962 2018 4014 ali-

420 4059 529 4112 quo
559 4044 788 4096 consilio
816 4043 1044 4106 labitur,
1079 4050 1177 4098 aut
1206 4045 1460 4098 irritatur
1489 4047 1546 4099 in
1577 4047 1808 4100 fratrem
1831 4049 2016 4102 studio

421 4131 750 4205 corrigendi,
795 4133 961 4201 paulo
991 4138 1182 4186 tamen
1231 4134 1473 4203 amplius
1503 4151 1670 4204 quam
1699 4137 2016 4191 Christiana

419 4219 800 4288 tranquillitas
828 4220 1094 4289 postulat,
1129 4221 1196 4273 de
1211 4221 1414 4290 quibus
1430 4223 1730 4292 Apostolus
1745 4224 1897 4286 dicit,
1908 4231 2018 4279 ten-

422 4310 556 4361 tatio
576 4324 664 4361 vos
685 4323 794 4361 non
821 4309 1336 4376 amare/renitet,nisi
1359 4311 1770 4376 humanaQum
1799 4320 2017 4368 senten-

2110 2647 2196 2682 vos
2223 2633 2430 2682 tentari
2479 2645 2651 2697 supra
2694 2630 2752 2681 id
2790 2631 2933 2696 quod
2967 2631 3204 2696 potestis,
3247 2630 3338 2681 sed
3379 2630 3542 2695 faciet
3578 2645 3702 2682 cum

2110 2721 2404 2771 tentatione
2440 2722 2607 2770 etiam.
2643 2722 2988 2785 proventum,
3047 2723 3106 2770 ut
3148 2719 3366 2784 possitis
3412 2720 3706 2782 sustinere,

2107 2807 2326 2860 videtur
2353 2807 2498 2858 idem
2533 2806 2738 2860 Paulus
2767 2804 2898 2858 alibi
2927 2805 3079 2858 aliud
3121 2805 3192 2859 ad
3236 2805 3556 2859 Corinthios
3583 2823 3710 2860 sen-

2104 2895 2229 2958 tire,
2261 2896 2341 2948 ita
2368 2895 2557 2948 dicens
2590 2895 2666 2962 (ῙῙ
2691 2895 2809 2946 Cor.
2846 2897 2902 2958 Χ)
2945 2910 2960 2943 :
2995 2895 3266 2948 Nolumus
3295 2897 3559 2962 ignorare
3586 2911 3697 2956 vos,

2103 2987 2324 3051 fratres,
2360 2987 2422 3036 (te
2447 2999 2709 3051 pressura
2753 2989 2960 3048 nosh‘a,
2996 2999 3112 3052 qua?
3149 2985 3296 3050 facta
3335 2989 3414 3037 est
3451 2985 3604 3037 nobis
3637 2987 3705 3037 in

2105 3074 2252 3132 Asia,
2286 3075 2550 3140 quoniam.
2582 3086 2753 3138 supra
2775 3072 3000 3123 modum
3031 3075 3080 3124 et
3107 3085 3277 3138 supra
3297 3074 3706 3138 virtutemgra-

2105 3165 2219 3214 rati
2245 3175 2437 3213 sumus
2448 3179 2464 3224 ;
2496 3165 2553 3213 et
2567 3159 2614 3213 si
2646 3175 2820 3229 supra
2831 3159 3094 3212 virtutem
3111 3159 3709 3229 gravamur,quoniam

2101 3249 2322 3318 gravari
2339 3265 2440 3302 nos
2454 3249 2602 3302 Deus
2619 3249 2847 3318 patitur,
2865 3247 3000 3300 item
3032 3247 3078 3300 si
3110 3265 3281 3318 supra.
3295 3247 3562 3302 virtutem
3594 3265 3707 3302 non

2103 3355 2407 3408 gravamur
2441 3337 2704 3408 quoniam
2725 3353 2894 3407 supra
2924 3337 3190 3390 virtutem
3206 3336 3430 3406 gravari
3442 3336 3704 3404 dicimur,

2104 3435 2168 3481 ut
2209 3427 2318 3480 ista
2355 3426 2705 3481 dissonantia
2749 3426 2985 3479 celerius
3029 3425 3419 3492 dissolvamus,
3467 3426 3538 3478 ad
3567 3427 3706 3480 illud

2105 3517 2490 3586 propheticum
2522 3515 2910 3569 testimonium
2935 3514 3412 3579 recurramus,ubi
3427 3515 3536 3568 ait:
3571 3519 3707 3584 quia

2104 3622 2247 3658 vana
2277 3609 2428 3658 salus
2461 3607 2702 3658 hominis
2741 3607 2803 3657 in
2835 3605 2938 3656 Deo
2968 3605 3242 3670 faciamus
3256 3605 3702 3665 virtutem(Psal.

2105 3703 2234 3761 LIX).
2255 3694 2601 3763 Frequenter
2629 3709 2761 3762 ergo
2791 3692 3012 3761 gravari
3041 3691 3280 3745 dicimur
3307 3708 3478 3762 supra
3507 3693 3704 3745 huma-

2103 3798 2233 3834 nam
2263 3782 2644 3849 fragilitatem.
2680 3781 2811 3852 quia
2852 3796 2993 3834 vana
3020 3781 3170 3833 salus
3198 3780 3440 3832 hominis
3468 3787 3572 3840 est,
3606 3783 3706 3834 sed

2103 3887 2390 3940 nunquam
2417 3886 2719 3939 gravamur
2749 3887 2921 3940 supra
2949 3869 3234 3934 virtutem,
3257 3868 3495 3938 quiaille
3527 3870 3705 3922 medi-

2057 4031 2060 4036 _
2100 3977 2196 4014 cus
2222 3967 2324 4013 est.
2357 3961 2620 4030 1Egrotus
2637 3975 2769 4030 ergo
2784 3958 2886 4012 sub
2901 3957 3159 4011 manibus
3179 3957 3380 4011 medici
3404 3957 3710 4028 aliquando

2101 4048 2300 4118 plorat,
2337 4049 2468 4118 quia
2511 4065 2619 4118 quo
2649 4053 2810 4118 pacto
2840 4047 2908 4101 ad
2941 4047 3179 4100 salutem
3210 4046 3514 4116 perveniat,
3549 4047 3709 4116 igno-

2101 4143 2188 4189 rat.
2220 4156 2228 4187 :
2263 4138 2356 4189 sed
2391 4137 2613 4206 sapiens
2636 4135 2886 4189 medicus
2912 4137 3433 4206 plerumquesecat,
3451 4141 3515 4188 ut
3529 4152 3707 4204 aegro-

2100 4232 2220 4278 tum
2252 4241 2473 4295 quoque
2503 4225 2572 4278 ad
2603 4225 2841 4278 salutem
2861 4224 3148 4294 perducat.
3177 4225 3384 4278 Paulus
3417 4223 3592 4293 igitur
3618 4225 3708 4277 in-

2101 4315 2308 4367 tuendo
2335 4305 2697 4383 fragilitatem
2726 4313 2947 4383 gravari
2979 4329 3038 4365 se
3062 4312 3203 4365 dixit
3230 4313 3703 4382 supravirtutem,

419 4396 500 4450 tia
525 4402 582 4451 et
613 4396 778 4450 aliter
809 4396 1046 4466 intelligi
1086 4403 1273 4466 potest
1300 4400 1512 4468 (Cass).
1544 4401 1786 4455 Tentatio
1803 4419 2079 4499 rosnonD
2099 4401 2466 4456 nihilominus
2494 4401 2574 4455 ait
2601 4420 2610 4452 :
2649 4403 2850 4456 Omnia.
2869 4417 3087 4468 possum
3109 4405 3169 4454 in
3201 4417 3257 4452 eo
3284 4405 3382 4470 qui
3395 4418 3476 4453 me
3487 4403 3709 4468 confor-

417 4487 806 4554 apprchcndat,
826 4489 940 4540 nisi
958 4487 1227 4539 humana.
1251 4488 1373 4540 Non
1391 4489 1543 4540 enim
1559 4506 1846 4544 meremur
1864 4509 2015 4546 men-

417 4575 488 4628 tis
517 4574 714 4628 robore
741 4575 1056 4646 conquisito
1071 4575 1355 4645 graviores
1386 4593 1602 4647 pugnas
1633 4579 2014 4649 nequitiarum

419 4662 724 4715 caelestium
755 4663 1012 4733 experiri,
1045 4665 1139 4734 qui
1154 4682 1376 4718 carnem
1392 4665 1647 4736 fragilem
1661 4669 2012 4722 resistentem

417 4750 640 4820 spiritui
672 4757 860 4804 nostro
891 4753 1192 4822 subjugare
1213 4773 1324 4808 non
1358 4755 1654 4825 quivimus.
1677 4758 1836 4820 Quod
1867 4759 2010 4828 Apo-

417 4837 544 4891 stoli
573 4838 960 4892 mstimonium
989 4857 1100 4894 non
1132 4842 1526 4913 intelligentes.
1562 4845 1788 4914 quidam
1811 4863 2009 4916 posue-

418 4931 551 4979 runt
583 4943 682 4996 pro
713 4926 1028 4982 indicativo.
1063 4931 1371 4998 optativum
1387 4933 1634 4997 modum,
1657 4933 2008 4995 idest,tenta-

417 5018 490 5069 tio
517 5031 600 5068 vos
625 5031 734 5068 non
753 5018 1140 5084 amne/tendat,
1176 5023 1290 5071 nisi
1319 5022 1587 5086 humana,
1615 5023 1761 5092 quod
1791 5023 1860 5076 ab
1889 5024 2009 5093 ipso

413 5104 542 5171 dici,
563 5104 920 5157 manifestum
939 5110 1162 5170 est,non
1173 5108 1438 5176 optantis.
1455 5110 1552 5162 sed
1571 5111 2005 5179 pronuntiantis.

415 5193 494 5246 vel
513 5191 900 5262 exprobrantis
930 5193 1148 5246 all‘ectu.
1169 5195 1370 5261 (Gre/1.)
1390 5197 1652 5252 Humana
1669 5199 1873 5269 quippe
1891 5206 2010 5252 ten-

411 5280 547 5333 tatio
585 5287 687 5346 est,
722 5299 833 5351 qua
871 5282 1200 5352 plerumque
1243 5283 1300 5334 in
1345 5285 1679 5352 cogitatione
1722 5288 2012 5356 tangimur

411 5368 582 5422 etiam
613 5369 1066 5440 nolentes,quiut
1093 5387 1496 5442 nonnunquam
1509 5375 1770 5428 etillieita
1803 5378 1868 5430 ad
1893 5377 2010 5429 ani-

415 5473 567 5510 mum
583 5453 950 5512 veniantJloc
980 5459 1166 5530 itaque
1197 5460 1252 5512 in
1285 5461 1700 5534 nobismetipsis
1715 5482 1779 5518 ex
1812 5466 2007 5518 huma-

413 5545 605 5600 nitatis
631 5546 1008 5618 corruptibilis
1032 5549 1275 5618 pondere.
1291 5549 1580 5604 habemus.
1600 5553 1627 5606 J
1633 5570 1724 5606 am
1753 5571 1883 5608 vero
1900 5555 2006 5608 da:-

409 5635 666 5690 moniaca
693 5641 799 5703 est,
831 5644 889 5690 et
912 5653 1028 5691 non
1065 5637 1316 5691 humana
1341 5640 1598 5704 tentatio,
1643 5659 1772 5696 cum
1799 5643 1872 5697 ad
1900 5643 2007 5697 hoc

2101 4497 2177 4544 tat
2208 4491 2368 4557 (Phil.
2402 4495 2498 4559 Iv).
2537 4492 2731 4560 Itaque
2763 4491 2820 4542 in
2838 4489 2940 4543 Job
2963 4490 3042 4542 ita
3061 4489 3332 4560 scriptum
3361 4497 3474 4542 est:
3513 4491 3706 4544 Iratus

2098 4587 2171 4633 est
2198 4585 2388 4632 contra
2403 4596 2485 4632 me
2507 4582 2672 4646 furor
2693 4583 2826 4646 ejus,
2843 4585 2888 4631 el.
2920 4582 2997 4633 sic
3018 4596 3098 4631 me
3119 4579 3309 4632 habuit
3323 4581 3482 4646 quasi
3493 4581 3704 4632 hostem

2096 4684 2257 4720 suum
2303 4669 2436 4734 (Job.
2473 4671 2608 4730 xxx).
2657 4668 3024 4722 Praulicatore
3069 4667 3272 4738 quippe
3302 4667 3525 4737 egregio
3556 4672 3707 4721 atte-

2091 4763 2274 4810 stante
2303 4756 2620 4815 didicimus,
2638 4757 2769 4827 quia
2779 4759 2957 4824 fidelis
2988 4759 3127 4811 Deus
3160 4763 3205 4808 et
3231 4772 3339 4809 non
3355 4759 3576 4824 patitur
3599 4773 3704 4810 nos

2094 4850 2299 4899 tentari
2327 4861 2498 4912 supra
2528 4848 2586 4898 id
2615 4847 2758 4914 quod
2781 4862 3070 4914 possumus
3093 4847 3254 4912 ferre,
3273 4846 3364 4898 sed
3384 4847 3546 4911 fac-iet
3565 4861 3698 4898 cum

2095 4938 2318 4988 tentatio
2325 4951 2389 4986 ne
2402 4938 2564 4987 etiam
2581 4951 2780 5002 proren
2789 4940 2844 4987 tu
2854 4952 2924 4994 In,
2941 4939 3002 4987 ut
3008 4937 3206 5002 possim
3217 4950 3279 4985 us
3290 4936 3579 4986 sustinere.
3588 4933 3704 4987 Per

2093 5023 2424 5094 prophetam
2443 5040 2664 5094 quoque
2683 5023 2954 5077 Dominus
2969 5022 3101 5076 dicit
3121 5041 3132 5074 :
3149 5024 3318 5089 Plaga
3336 5025 3706 5090 inimiciper-

2092 5115 2237 5164 cussi
2267 5118 2312 5164 le
2333 5115 2687 5180 castigatione
2718 5113 2932 5164 crudeli
2961 5114 3091 5178 (Jer.
3129 5114 3262 5175 xm).
3310 5111 3416 5173 Qui
3448 5127 3581 5179 ergo
3613 5111 3698 5165 ita

2094 5201 2422 5270 percutitur,
2457 5209 2521 5254 ut
2552 5201 2694 5253 vires
2723 5200 2874 5253 illius
2905 5216 2938 5252 a
2962 5199 3319 5270 percussione
3335 5206 3728 5270 superentur.-

2091 5305 2202 5342 non
2233 5290 2379 5342 hunc
2407 5290 2679 5343 Dominus
2690 5291 2810 5358 jam
2826 5289 2984 5359 quasi
3009 5287 3695 5358 ﬁliuinpert‘lisciplinam.

2092 5378 2186 5430 sed
2219 5379 2376 5448 quasi
2407 5379 2622 5431 hostem
2657 5395 2756 5448 per
2782 5378 2925 5431 iram
2943 5378 3090 5430 ferit.
3117 5379 3259 5430 Cum
3277 5393 3409 5446 ergo
3424 5377 3695 5432 virtutem

2090 5473 2294 5520 nostra:
2326 5467 2610 5537 patientia:
2647 5467 2868 5536 ﬂagella
2899 5472 3211 5530 transeunt,
3250 5465 3409 5518 valde
3441 5472 3701 5520 metuen-

2089 5555 2222 5608 dum
2253 5563 2356 5620 est,
2390 5573 2461 5610 ne
2493 5555 2731 5625 peccatis
2767 5556 2972 5609 nostris
2997 5554 3364 5625 exigentibus,
3387 5570 3496 5608 non
3529 5559 3694 5625 quasi

2087 5645 2186 5699 ﬁlii
2216 5662 2251 5698 a
2281 5646 2466 5710 Patre,
2501 5645 2597 5699 sed
2629 5645 2789 5716 quasi
2819 5643 3309 5700 hostesaDomino
3323 5643 3700 5700 feriamurEt
