3900 6196
210 382 263 437 93
662 380 1252 437 ENARRATIONUM
1288 382 1364 436 IN
1405 381 1557 436 EPP.
1601 360 1816 437 PAULI
1857 382 1998 437 LIB.
2042 385 2109 437 Χ.
2144 415 2207 424 -
2241 384 2318 438 IN
2358 382 2577 437 EPIST.
2622 384 2646 438 1
2683 383 2780 438 AD
2820 384 2979 441 eos.
3395 388 3459 442 94

211 508 315 578 quia
332 508 391 561 fit
408 508 766 578 plerumque.
782 516 847 563 ut
868 509 1041 562 etiam
1063 509 1294 579 maligni
1310 510 1540 580 spiritus
1560 510 1791 565 afﬂicto-
1806 512 1853 572 Α
1873 528 1931 565 se
1955 512 2200 565 habeant
2236 512 2500 575 carnalia,
2551 511 2607 565 id
2629 516 2733 577 est,
2760 512 3094 566 idololatria.
3122 513 3313 568 Nonne
3369 518 3466 583 qui

209 614 307 650 rum
333 596 586 650 cordibus
618 599 807 651 multa
839 599 1133 663 suadeant,
1177 602 1344 668 atque
1384 599 1531 653 inter
1566 601 1788 669 ﬂagella

211 703 303 756 qua
322 686 562 739 exterius
582 685 803 739 feriunt
822 687 1194 755 cogitationes
1216 687 1406 741 noxias
1427 689 1485 741 in
1506 690 1786 743 mentibus

206 775 434 829 fundant.
471 785 594 845 post
632 775 889 829 furorem
932 776 1157 829 Domini
1199 782 1346 830 recte
1386 777 1780 848 subjungitur:

207 863 362 917 Simul
382 870 645 917 venerunt
661 868 909 917 latrones
921 869 970 932 ej
978 882 1056 931 us,
1079 872 1125 918 ct
1141 868 1387 933 fecerunt
1399 869 1507 919 sibi
1521 871 1667 920 riam
1692 885 1789 936 per

205 969 286 1004 me.
318 953 585 1006 Latrones
606 970 859 1023 namque
880 955 1004 1023 ejus
1028 954 1257 1023 maligni
1279 961 1411 1009 sunt
1425 956 1675 1026 spiritus.
1693 956 1789 1026 qui

204 1042 537 1111 exquirendis
559 1042 861 1096 hominum
882 1042 1124 1096 motibus
1144 1050 1505 1114 occupantur.
1531 1045 1625 1115 qui
1639 1045 1784 1098 viam

203 1129 289 1199 sibi
323 1130 379 1182 in
416 1129 752 1183 afﬂictorum
796 1130 1058 1184 cordibus
1096 1132 1330 1197 faciunt,
1378 1134 1599 1203 quando
1642 1134 1788 1187 inter

204 1220 418 1272 adversa
435 1236 556 1289 qua:
577 1220 827 1273 exterius
846 1221 1159 1274 tolerantur
1178 1221 1548 1291 cogitationes
1567 1239 1787 1293 quoque

204 1325 381 1378 pravas
427 1308 731 1361 immittere
775 1325 887 1361 non
929 1310 1224 1373 desistunt,
1270 1311 1337 1364 de
1373 1311 1573 1382 quibus
1604 1312 1783 1365 adhuc

203 1397 388 1450 dicitur
412 1416 423 1449 :
449 1399 515 1450 Et
544 1398 872 1450 obsederunt
900 1401 959 1450 in
992 1415 1126 1465 gyro
1148 1400 1779 1453 tabe-rnaculmnmeum.

202 1488 252 1540 lu
265 1502 401 1554 gyro
412 1485 562 1538 enim
577 1485 1007 1539 tabernaculum
1019 1486 1290 1551 obsident,
1313 1490 1536 1558 quando
1553 1506 1615 1542 ex
1634 1489 1786 1542 omni

201 1576 353 1626 latere
364 1574 483 1626 suis
492 1573 906 1627 tentationibus
920 1582 1163 1629 mentem
1175 1576 1425 1646 cingunt,
1442 1594 1609 1647 quam
1624 1578 1787 1630 modo

202 1664 373 1731 lugere
399 1662 469 1715 de
490 1662 920 1732 temporalibus.
956 1665 1119 1717 modo
1144 1666 1440 1735 desperare
1452 1667 1519 1719 de
1540 1666 1783 1725 aeternis.

204 1751 352 1803 modo
378 1752 436 1804 in
462 1752 825 1821 impatientia
845 1769 1027 1815 ruere,
1059 1759 1227 1824 atque
1256 1755 1315 1807 in
1336 1756 1513 1808 Deum
1536 1754 1789 1825 blasphe-

1870 602 2036 653 cdunt
2068 601 2268 652 hostias
2291 603 2581 668 participes
2606 606 2735 652 sunt
2752 604 2953 653 altaris
2969 601 2998 653 9
3021 601 3177 655 Sicut
3195 602 3345 655 enim
3364 619 3465 655 nos

1870 689 1937 742 de
1969 706 2080 741 uno
2102 706 2245 758 pane
2268 696 2322 741 et
2341 689 2409 740 de
2434 706 2545 741 uno
2564 689 2731 742 calice
2754 689 3139 759 percipientes,
3166 690 3466 760 participes

1872 784 1927 830 et
1956 786 2239 830 consortes
2260 794 2454 830 sumus
2475 778 2721 846 corporis
2738 778 2979 837 Domini,
3005 778 3084 830 ita
3104 784 3160 831 et
3180 779 3269 849 qui
3294 779 3465 833 edunt

1873 867 2103 931 hostias,
2146 867 2445 936 participes
2489 872 2621 919 sunt
2660 862 2852 919 altaris
2895 866 3119 919 erroris.
3163 869 3304 934 Quid
3343 885 3467 937 ergo

1873 958 1991 1009 dico
2006 956 2148 1024 quod
2170 957 2329 1008 idolis
2355 958 2700 1008 immolatum
2718 959 2786 1007 sit
2802 957 3021 1022 aliquid
3040 955 3062 1007 ?
3082 962 3177 1007 aut
3203 958 3345 1023 quod
3356 958 3466 1009 ido-

1875 1049 1989 1099 lum
2013 1048 2083 1097 sit
2112 1046 2330 1112 aliquid
2350 1044 2377 1096 9
2400 1045 2489 1096 scd
2508 1060 2625 1111 quae
2654 1047 2945 1096 immolant
2961 1050 3162 1109 gentes,
3181 1046 3465 1097 damoniis

1873 1137 2179 1196 i‘nnnolanl,
2218 1138 2263 1185 rt
2299 1149 2405 1184 non
2451 1134 2571 1185 [φο.
2598 1132 2969 1185 Simulacrum
3010 1150 3135 1184 vere
3173 1132 3312 1185 hihil
3360 1138 3461 1185 est.

1872 1223 1999 1292 quia
2034 1223 2218 1287 imago
2258 1221 2478 1274 videtur
2497 1221 2575 1273 rei
2602 1228 2852 1276 mortua).
2880 1220 2973 1273 sed
3001 1221 3102 1273 sub
3129 1222 3376 1291 tegmine
3398 1223 3469 1274 si-

1874 1312 2250 1364 mulacrorum
2292 1310 2544 1363 diabolus
2568 1310 2785 1362 colitur.
2823 1311 2954 1362 Nolo
2986 1327 3071 1361 ros
3095 1316 3276 1362 autem
3302 1314 3466 1364 socios

1868 1401 2415 1466 ﬁeridmmoninrum.
2442 1398 2701 1451 Ostendit
2723 1398 2830 1450 illis
2852 1415 2961 1451 non
2982 1399 3085 1451 hoc
3107 1416 3226 1451 esse
3246 1405 3467 1452 tantum

1870 1489 2014 1558 quod
2044 1490 2265 1542 videtur
2291 1489 2345 1540 in
2374 1489 2560 1553 idolio,
2588 1488 2681 1539 sed
2705 1504 2826 1539 esse
2848 1488 3124 1540 occultum
3156 1488 3472 1558 iniquitatis

1874 1579 2224 1649 mysterium.
2265 1577 2411 1646 quod
2443 1583 2506 1630 ut
2536 1576 2702 1629 unius
2734 1576 2835 1629 Dei
2868 1577 3031 1629 ﬁdem
3062 1581 3463 1647 corrumperet.

1873 1669 2108 1722 Satanas
2138 1667 2442 1720 adinvenit.
2470 1667 2625 1721 Unde
2649 1672 2705 1718 et
2724 1666 2965 1718 Joannes
2986 1665 3269 1735 apostolus
3288 1666 3347 1719 in
3366 1682 3467 1719 sua

1873 1757 2119 1827 Epistola
2146 1757 2314 1810 dicit:
2352 1756 2438 1810 Ad
2483 1756 2578 1807 hoc
2610 1759 2755 1807 venit
2785 1757 2960 1808 Filius
3006 1756 3107 1807 Dei
3145 1761 3203 1807 ut
3243 1758 3464 1807 solveret

201 1840 306 1893 mia:
328 1839 503 1893 verba
518 1841 755 1909 jaculari
774 1839 1021 1911 pessima
1042 1843 1399 1912 suggestione
1421 1844 1778 1914 persuadent.
1804 1827 1850 1887 B
1870 1862 2027 1914 opera
2067 1847 2273 1898 diaboli
2307 1846 2359 1909 (Ι
2383 1848 2542 1897 .Ioan.
2576 1848 2671 1909 ιιι).
2704 1845 2809 1896 Eos
2831 1844 3035 1913 quippe
3057 1842 3125 1895 ab
3152 1843 3468 1896 idololatria

198 1930 313 1991 Quae
335 1938 535 1982 tamen
560 1928 748 1993 verba,
772 1936 838 1983 ut
861 1930 980 1999 jam
1005 1932 1380 2001 prmdiximus,
1420 1932 1649 1986 beatum
1681 1935 1707 1985 J
1715 1932 1783 1984 ob

198 2017 349 2070 etiam
364 2018 532 2086 juxta
547 2018 846 2071 historiam
864 2028 1197 2087 congruunt.
1226 2021 1318 2091 qui
1341 2021 1473 2074 dum
1494 2023 1641 2074 mala
1664 2039 1786 2090 qua)

196 2106 415 2175 pertulit
448 2116 581 2159 ante
609 2107 798 2159 oculos
823 2108 1120 2175 congessit,
1143 2125 1256 2161 non
1276 2110 1432 2179 quasi
1458 2111 1787 2177 corrigendo

196 2194 380 2250 ﬁlium.
410 2196 510 2248 sed
540 2196 701 2265 quasi
730 2196 951 2249 hostem
980 2214 1305 2266 percussum
1331 2215 1389 2251 se
1428 2216 1547 2252 esse
1573 2200 1788 2268 judica-

194 2284 275 2341 vit.
303 2301 407 2353 per
426 2301 597 2354 quem
618 2284 723 2337 sibi
744 2284 917 2337 etiam
940 2286 1184 2339 latrones
1206 2288 1327 2355 ejus
1348 2288 1493 2340 viam
1515 2288 1783 2355 fecerunt,

195 2373 307 2441 quia
332 2374 575 2442 maligni
605 2380 803 2426 contra
833 2391 964 2427 eum
996 2374 1224 2444 spiritus
1254 2376 1534 2429 licentiam
1569 2394 1788 2447 percus-

192 2462 347 2514 sionis
376 2469 738 2532 acceperunt,
763 2464 928 2532 cujus
950 2463 1006 2515 in
1028 2480 1165 2533 gyro
1186 2464 1607 2518 tabernaculum
1634 2465 1788 2519 obse-

194 2550 405 2607 derunt.
463 2552 601 2620 quia
638 2550 874 2604 sublatis
910 2551 1073 2605 rebus
1106 2558 1163 2604 et
1193 2553 1341 2615 ﬁliis,
1377 2554 1547 2607 etiam
1588 2572 1787 2625 corpus

192 2641 300 2707 ejus
318 2656 494 2692 omne
517 2639 844 2693 vulneribus
867 2641 1219 2694 attriverunt.
1254 2642 1361 2695 Sed
1396 2643 1601 2696 mirum
1630 2644 1786 2696 valde

191 2736 282 2783 est.
306 2745 434 2781 cum
458 2728 718 2781 latrones
743 2729 972 2793 diceret,
1001 2746 1099 2782 cur
1116 2730 1332 2784 addidit
1351 2732 1491 2801 ejus,
1517 2740 1581 2785 ut
1599 2732 1788 2784 videli-

192 2825 269 2869 cet
287 2817 520 2870 eosdem
543 2817 795 2870 latrones
822 2818 922 2871 Dei
944 2834 1062 2870 esse
1104 2826 1473 2883 monstraret;
1500 2837 1610 2890 qua
1632 2821 1685 2873 in
1728 2838 1787 2873 re

1868 1934 2217 2007 prohibebat,
2248 1939 2474 2004 propter
2504 1933 2649 2002 quod
2673 1933 2752 1984 eis
2777 1933 3070 1985 ostendere
3088 1932 3280 1995 voluit,
3308 1933 3383 1984 ita
3408 1932 3468 1985 il-

1871 2026 1950 2077 los
1974 2024 2091 2076 ﬁeri
2124 2024 2301 2075 socios
2328 2022 2751 2083 darmoniorum,
2786 2021 2830 2074 si
2869 2020 3173 2073 idolothitze
3197 2021 3469 2073 sacrificia

1872 2113 2346 2165 manducaverint.
2373 2111 2663 2174 Quomodo
2684 2110 2855 2163 Israel
2877 2110 3116 2162 carnalis
3139 2109 3321 2163 socius
3344 2116 3465 2162 erat

1871 2201 2064 2254 altaris
2084 2201 2140 2253 in
2154 2201 2382 2271 templo,
2409 2200 2501 2270 qui
2521 2200 2587 2252 de
2612 2198 2898 2252 sacriﬁciis
2912 2197 3312 2263 manducabat;
3338 2198 3463 2251 ideo

1872 2291 2076 2360 quippe
2089 2290 2319 2343 carnalit
2329 2306 2389 2341 er
2399 2295 2453 2341 et
2465 2288 2769 2341 secundum
2783 2304 3007 2339 carnem
3018 2327 3029 2345 .
3046 2286 3177 2356 quia
3197 2285 3464 2339 cstlsrael

1870 2379 2216 2450 spiritaliter,
2244 2380 2325 2429 vel
2348 2377 2654 2429 secundum
2677 2375 2956 2445 spiritum,
2983 2375 3075 2444 qui
3116 2382 3324 2427 veteres
3347 2391 3451 2426 um,

1870 2469 1997 2521 bras
2015 2469 2131 2537 jam
2152 2483 2262 2519 non
2286 2465 2558 2535 sequitur.
2584 2465 2678 2516 sed
2703 2480 2825 2516 eam
2847 2470 3299 2532 consequentem,
3344 2478 3465 2531 quae

1870 2558 1979 2611 illis
2000 2555 2212 2609 umbris
2230 2553 2666 2625 praecedentibus
2683 2553 2999 2621 signiﬁcata
3018 2559 3120 2607 est.
3149 2551 3460 2604 veritatem.

1872 2646 1973 2700 Hic
1994 2645 2144 2697 enim
2168 2644 2353 2713 coepit,
2381 2648 2444 2697 ut
2467 2644 2570 2695 hoc.
2619 2642 2827 2694 diceret
2853 2660 2863 2692 :
2906 2644 3131 2708 Propter
3186 2642 3344 2708 quod,
3377 2640 3463 2691 di-

1871 2736 2169 2797 lectissimi,
2185 2736 2281 2799 fug
2290 2736 2357 2785 itc
2370 2734 2436 2784 ab
2459 2733 2732 2783 idolorum
2749 2733 2992 2783 cultura.
3007 2729 3221 2782 Deinde
3244 2734 3466 2781 secutus

1870 2822 2117 2877 ostendit
2153 2821 2219 2875 ad
2254 2822 2401 2891 quod
2426 2820 2760 2873 sacriﬁcium
2781 2818 3023 2872 debeant
3039 2819 3158 2888 jam
3188 2817 3467 2888 pertinere

191 2907 231 2957 si
248 2908 511 2959 voluntas
533 2911 863 2976 acpotestas
883 2906 1259 2977 malignorum
1278 2909 1792 2979 spirituumdiscer-
1874 2914 2099 2966 dicens:
2142 2913 2310 2977 Quasi
2338 2910 2705 2977 prudentibus
2743 2908 2883 2975 dico,
2924 2925 3013 2961 ros
3042 2908 3289 2975 judicate
3330 2907 3471 2974 quod

190 3003 361 3053 natur.
402 3012 512 3048 cur
547 2995 653 3048 Dei
693 2996 942 3048 latrones
975 2996 1232 3049 dicantur
1250 2998 1518 3067 aperitur,
1559 2999 1790 3066 maligni
1872 3004 1991 3055 (lico
2024 3021 2038 3053 :
2070 3001 2227 3054 Calir
2266 2999 2651 3051 benedictionis
2677 3013 2836 3065 quem.
2873 2998 3259 3065 benedicimus,
3292 3010 3471 3048 nonne

186 3084 385 3154 quippe
400 3083 643 3154 spiritus
661 3084 732 3136 ad
757 3085 1071 3137 nocendum
1086 3102 1186 3137 nos
1200 3085 1605 3139 incessabiliter
1623 3087 1731 3139 anh
1740 3104 1792 3139 e-
1821 3149 1851 3154 _
1873 3108 1984 3143 com
1997 3091 2297 3142 municatio
2308 3093 2381 3139 est
2394 3090 2687 3153 sanguinis
2702 3085 2944 3139 Christi?
2956 3087 3123 3138 Panis
3141 3100 3295 3151 quem
3314 3085 3473 3150 fran-

188 3172 297 3224 lant
318 3192 329 3223 :
359 3172 459 3225 sed
490 3189 623 3225 cum
653 3189 884 3242 pravam
906 3174 1249 3227 voluntatem
1266 3191 1331 3227 ex
1360 3176 1675 3245 semetipsis
1696 3175 1792 3228 ha-
1812 3149 1854 3207 Ο
1871 3182 2261 3247 gimus,nonne
2282 3178 2791 3229 communicatiocst
2814 3177 3055 3241 corporis
3071 3171 3315 3225 Christi?
3331 3173 3472 3238 Quia

186 3259 364 3315 beant.
382 3268 734 3331 potestatem
751 3267 941 3314 tamen
955 3262 1187 3315 nocendi
1204 3279 1315 3316 non
1329 3263 1556 3327 habent,
1570 3264 1679 3317 nisi
1698 3281 1791 3317 eos
1874 3284 2022 3321 unus
2041 3269 2220 3334 panis,
2242 3271 2291 3317 et
2308 3281 2481 3317 unum
2500 3280 2692 3331 corpus
2710 3265 2875 3316 multi
2894 3279 2957 3314 su
2967 3278 3103 3314 mus.
3116 3262 3208 3315 0m
3219 3277 3309 3314 nes
3324 3262 3469 3312 enim

184 3350 439 3403 voluntas
454 3366 688 3403 summa
700 3351 1011 3420 permittat,
1026 3358 1214 3404 etcum
1228 3351 1333 3422 ipsi
1348 3353 1573 3422 quidem
1584 3354 1792 3423 injuste

186 3455 279 3491 nos
292 3439 502 3492 laedere
512 3444 811 3509 appetunt,
837 3439 1143 3509 quemlibet
1152 3446 1340 3494 tamen
1354 3441 1551 3494 lzedere
1564 3459 1673 3495 non
1685 3443 1791 3495 nisi

183 3530 326 3596 iuste
348 3546 383 3581 a
408 3529 662 3582 Domino
675 3529 1102 3599 permittuntur.
1120 3529 1263 3592 Quia
1279 3546 1410 3599 ergo
1432 3530 1489 3583 in
1518 3531 1597 3585 eis
1619 3538 1676 3585 et
1708 3548 1794 3584 vo-

1876 3359 1938 3411 de
1962 3372 2072 3408 uno
2088 3357 2492 3422 participamus
2516 3371 2529 3415 ;
2561 3358 2616 3405 et
2638 3356 2864 3421 propter
2896 3351 2999 3403 hoc
3029 3349 3350 3419 subjunxit:
3390 3349 3473 3401 Vi-

1875 3448 1987 3498 dete
2009 3447 2176 3498 Israel
2197 3443 2494 3495 secundum
2517 3457 2757 3503 carncm,
2789 3456 2969 3493 nonne
2991 3442 3089 3508 qui
3107 3439 3169 3491 de
3187 3440 3475 3504 sacriﬁciis

1879 3535 2234 3595 manducaui,
2261 3534 2395 3583 socii
2413 3535 2541 3583 sunt
2559 3533 2758 3583 altaris
2775 3529 2802 3581 f9
2820 3530 2895 3583 Ut
2915 3528 3296 3597 intelligerent
3322 3526 3402 3579 ita
3416 3541 3477 3577 se

186 3617 369 3670 luntas
401 3618 625 3687 injusta
655 3624 759 3677 est.
793 3625 849 3671 et
883 3624 1131 3687 potestas
1157 3619 1329 3687 justa,
1355 3626 1411 3671 et
1430 3620 1674 3673 latrones
1716 3620 1795 3675 di-

187 3714 403 3761 cuntur.
423 3712 483 3759 et
504 3706 631 3760 Dei.
649 3714 790 3759 utex
816 3707 950 3775 ipsis
976 3707 1050 3759 sit
1070 3708 1219 3776 quod
1242 3707 1445 3760 inferre
1478 3708 1683 3777 injuste
1706 3709 1797 3761 de—

186 3795 456 3857 siderant,
482 3803 622 3848 etex
644 3795 762 3848 Deo
784 3796 931 3865 quod
948 3795 1263 3849 desiderata
1273 3797 1424 3865 juste
1445 3804 1793 3851 consumant.

254 3886 488 3952 Propter
518 3885 1025 3951 qundo/carissimi
1042 3885 1194 3949 mihi,
1223 3886 1397 3952 fugite
1434 3888 1500 3937 ab
1520 3888 1796 3939 idolorum.

190 3977 411 4025 cultura
438 3974 708 4040 (.4mbr.).
734 3972 1008 4026 Hortatur
1031 3974 1203 4026 etiam
1228 3990 1376 4027 nunc
1397 3980 1459 4027 ut
1479 3974 1797 4028 abstineant

187 4077 242 4112 se
263 4060 336 4113 ab
370 4061 529 4114 omni
556 4061 831 4114 societate
851 4061 1200 4119 idololatriae.
1219 4068 1284 4115 ut
1308 4079 1421 4115 non
1446 4064 1625 4117 solum
1647 4080 1791 4133 spes,

188 4150 278 4201 sed
303 4156 362 4203 et
382 4151 619 4202 animus
653 4151 708 4203 in
734 4150 849 4203 Deo
883 4150 1131 4215 tollatur,
1169 4168 1238 4204 ne
1270 4169 1372 4221 per
1395 4151 1498 4204 hoc
1536 4160 1798 4205 nascatur

186 4240 236 4290 in
262 4239 453 4291 Deum
476 4239 739 4291 tentatio.
768 4239 943 4291 Nemo
965 4239 1114 4292 enim
1146 4240 1476 4293 assiduusin
1501 4241 1689 4299 idolio.
1721 4242 1801 4294 ni-
1885 4243 2015 4313 quia
2038 4243 2179 4295 nihil
2202 4247 2347 4294 esset
2382 4241 2613 4301 idolum,
2650 4256 2748 4292 nec
2776 4238 2899 4291 ideo
2936 4255 2994 4290 sc
3024 4237 3134 4290 ista
3160 4234 3473 4307 prohibere.

188 4327 259 4379 hil
282 4333 489 4397 sperat
511 4326 584 4379 de
604 4327 742 4391 Deo,
767 4327 898 4381 hinc
928 4345 1152 4398 sperare
1172 4328 1429 4381 dubitare
1468 4330 1535 4382 de
1558 4331 1671 4383 Deo
1694 4338 1796 4397 est,
1885 4332 2017 4401 quia
2054 4331 2214 4383 idolis
2265 4331 2646 4395 immolantur,
2682 4345 2803 4398 quzc
2834 4344 2944 4380 non
2988 4326 3194 4379 habent
3231 4340 3475 4387 sensum,

182 4416 328 4469 sicut
350 4424 415 4468 et
438 4415 578 4469 Saul
610 4415 806 4469 relicto
838 4417 951 4469 Deo
988 4418 1082 4486 qui
1117 4417 1164 4469 ei
1200 4418 1385 4470 fuerat
1420 4418 1604 4471 delicti
1635 4433 1803 4473 causa
1823 4466 1865 4490 η
1885 4421 1981 4473 sed
2006 4420 2154 4490 quia.
2185 4436 2302 4487 qua;
2328 4423 2398 4471 im
2412 4417 2855 4486 motant,inquit,
2882 4416 2937 4467 id
2961 4420 3046 4467 est
3066 4414 3345 4466 idolorum
3369 4411 3479 4463 cul-
3534 4454 3537 4455 ν

188 4506 376 4558 iratus
397 4504 475 4558 ad
496 4504 880 4557 idololatriam
902 4521 960 4557 se
977 4492 1461 4577 contulit,'aliquid
1482 4524 1711 4577 sperans
1732 4509 1799 4561 de
1820 4492 1866 4523 υ
1884 4514 2051 4567 tores,
2077 4510 2381 4571 dmmoniis,
2407 4513 2455 4559 ct
2479 4522 2586 4558 non
2606 4508 2708 4558 Deo
2724 4506 3033 4565 immolant,
3062 4504 3185 4553 nolo
3208 4517 3293 4552 vos
3314 4502 3479 4551 socios

181 4611 247 4645 ea
265 4614 278 4647 ε
300 4594 398 4646 cui
423 4592 660 4662 quidem
673 4600 727 4645 et
739 4593 797 4645 in
813 4594 1071 4662 priesenti
1083 4595 1278 4653 obfuit.
1300 4602 1355 4648 et
1372 4595 1424 4648 in
1448 4596 1697 4649 futurum
1708 4614 1801 4666 ge-
1881 4599 2279 4651 dmnoniorum
2301 4597 2581 4662 ﬁeri.quia
2598 4608 2740 4644 unus
2752 4592 2938 4658 panis,
2958 4588 3201 4658 inquit,u
3211 4603 3345 4639 num
3358 4603 3479 4639 cor-

186 4682 448 4735 hennam
464 4681 727 4734 ultricem
752 4681 1008 4751 providit.
1039 4684 1101 4735 [ἴε
1111 4686 1350 4751 prudent
1360 4686 1478 4736 ibus
1498 4688 1703 4753 loquor,
1714 4702 1799 4739 ros
1878 4702 1981 4753 pus
2004 4702 2054 4737 in
2064 4688 2172 4738 ulti
2182 4702 2242 4737 su
2254 4700 2373 4736 mus
2384 4725 2397 4747 ,
2410 4700 2491 4735 om
2504 4680 2766 4749 nesqucdc
2790 4695 2824 4731 u
2834 4693 2901 4731 no
2907 4693 3050 4747 pane.
3062 4682 3109 4730 et
3120 4678 3182 4730 de
3195 4692 3305 4729 uno
3316 4678 3479 4730 calice

176 4774 445 4835 judicate
478 4772 627 4837 quod
665 4772 802 4823 dico.
851 4771 1117 4841 Exempla
1170 4772 1413 4842 subjicit,
1474 4780 1536 4826 ut
1585 4773 1800 4827 facilius
1882 4777 2303 4841 participamus.
2340 4772 2484 4834 Quia
2519 4769 2611 4839 qui
2649 4784 2845 4837 passus
2881 4773 2967 4820 est
2993 4784 3091 4837 pro
3120 4765 3300 4831 nobis,
3336 4781 3481 4817 com-

182 4860 458 4919 suadeat.
510 4858 645 4928 quia
693 4859 781 4911 cui
816 4858 987 4911 verba
1025 4860 1160 4913 satis
1199 4878 1310 4913 non
1350 4862 1577 4919 faciunt.
1622 4864 1803 4916 solent
1886 4862 2170 4915 mendavit
2209 4860 2367 4913 nobis
2390 4860 2445 4912 in
2469 4859 2576 4911 isto
2597 4864 2948 4910 sacramento
2970 4872 3171 4927 corpus
3190 4855 3482 4921 etsangui-

181 4947 893 5018 exemplasuadere.tl’al'z';r
905 4949 1289 5003 benedictionis
1300 4954 1393 5003 cui
1414 4951 1799 5015 bencdim'nius,
1890 4968 2018 5004 nem
2041 4967 2224 5011 suum,
2248 4949 2395 5019 quod
2412 4948 2581 5001 etiam
2604 4945 2750 5009 fecit,
2767 4952 2823 4999 et
2845 4962 2943 4998 nos
2964 4945 3132 5016 ipsos.
3148 4945 3293 4997 Nam
3305 4948 3361 4995 et
3382 4958 3481 4995 nos

182 5055 373 5091 nonne
410 5039 846 5090 communicatio
879 5040 1169 5104 sanguinis
1208 5039 1414 5092 Christi
1441 5040 1550 5091 est?
1579 5046 1625 5093 ct
1642 5044 1807 5108 panis
1890 5056 2089 5109 corpus
2131 5039 2304 5107 ipsius
2342 5037 2473 5089 facti
2510 5053 2721 5099 sumus,
2776 5022 2835 5088 et
2884 5051 2985 5105 per
3036 5031 3481 5087 misericordiam

182 5143 350 5195 quem
384 5128 737 5192 frangimus,
765 5120 1307 5195 nonncparticipatio
1321 5132 1562 5196 corporis
1582 5131 1809 5182 Domini
1891 5129 2063 5198 ipsius
2101 5128 2246 5197 quod
2286 5126 2600 5196 accepimus
2643 5142 2742 5179 nos
2764 5141 2976 5179 sumus.
3000 5119 3392 5176 Recordamini
3427 5124 3483 5171 et

183 5222 254 5268 est
276 5217 302 5268 ?
328 5217 625 5281 Quoniam
654 5229 806 5266 unus
824 5218 988 5281 panis
1008 5221 1057 5267 et
1087 5232 1263 5268 unum
1300 5233 1492 5285 corpus
1512 5221 1682 5271 multi
1710 5235 1805 5269 su-
1888 5236 2000 5281 vos,
2028 5234 2137 5270 non
2172 5216 2375 5271 fuistis.
2410 5223 2467 5269 et
2493 5215 2665 5268 creati
2712 5216 2863 5269 estis.
2906 5213 2975 5265 ad
3017 5227 3206 5265 aream
3246 5207 3483 5261 domini-

188 5321 331 5367 πίω,
350 5319 552 5356 omnes
575 5304 802 5355 enimde
823 5319 935 5356 uno
944 5320 1086 5371 pane
1102 5306 1806 5373 participamus.Quoniam
1889 5323 2029 5369 cam.
2076 5305 2409 5374 comportati
2463 5306 2596 5358 estis
2638 5302 2918 5357 laboribus
2957 5300 3145 5363 boum,
3186 5298 3241 5351 id
3275 5304 3362 5352 est
3389 5314 3483 5351 an-

187 5408 372 5446 unum
397 5408 601 5445 sumus
638 5392 785 5445 alter
813 5391 1044 5445 alterius
1074 5393 1345 5447 membra.
1370 5411 1544 5447 unum
1566 5412 1665 5448 nos
1686 5412 1807 5448 scn-
1888 5394 2279 5448 nuntiantibus
2314 5394 2694 5463 Evangelinin,
2730 5390 2980 5444 triturati
3022 5390 3175 5449 estis,
3216 5388 3481 5458 quoniam

187 5483 291 5535 xire
310 5480 533 5535 debere
566 5480 722 5543 dicit,
750 5486 812 5533 ut
835 5480 973 5533 fides
997 5497 1109 5534 una
1126 5499 1301 5535 unum
1340 5482 1544 5536 habeat
1579 5500 1806 5537 sensum
1890 5483 2275 5536 catechumeni
2313 5481 2742 5545 dilferebamini,
2774 5480 2831 5532 in
2868 5479 3068 5531 horreo
3102 5476 3479 5543 servabimini,

190 5579 438 5642 aopus.
471 5570 648 5623 Videte
683 5573 834 5622 enim
879 5572 1049 5623 Israel
1078 5573 1379 5625 secundum.
1410 5587 1651 5625 carnem.
1691 5573 1808 5626 Hoc
1891 5573 2120 5625 nomina
2156 5579 2340 5626 vestra
2375 5570 2641 5625 'dedistis.
2690 5568 2933 5639 ccepistis
2971 5568 3104 5621 moli
3138 5566 3371 5637 jejuniis
3429 5572 3485 5618 et

194 5668 295 5724 est,
314 5659 552 5723 discite,
573 5657 837 5712 homines
853 5657 1313 5725 videntesDeum,
1334 5660 1809 5730 quemadmodum
1890 5662 2231 5727 exorcismis,
2255 5668 2451 5733 postea
2470 5660 2539 5714 ad
2580 5675 2785 5729 aquam
2818 5658 3067 5720 venistis,
3110 5661 3168 5709 et
3199 5653 3477 5724 conspersi

1872 3625 1991 3692 jam
2015 3622 2192 3673 socios
2214 3638 2333 3673 esse
2356 3619 2602 3688 corporis
2626 3617 2853 3681 ('hristi,
2887 3616 3361 3687 quemadmodum
3396 3614 3470 3667 illi

1879 3711 2011 3763 socii
2038 3717 2171 3763 sunt
2206 3709 2419 3761 altaris.
2444 3716 2499 3759 et
2523 3708 2617 3777 qui
2640 3715 2703 3759 ut
2728 3707 2829 3758 hoc
2868 3706 3097 3761 diceret.
3141 3704 3209 3756 ab
3250 3703 3476 3756 idolola-

1882 3799 1987 3852 tria
2012 3797 2343 3868 prohibebat
2368 3815 2378 3860 ;
2405 3796 2553 3849 unde
2575 3796 2724 3847 locus
2746 3795 2849 3846 iste
2872 3793 3146 3846 sermonis
3181 3793 3302 3860 ejus
3335 3792 3475 3843 sicut

1881 3885 2310 3940 commemoravi
2335 3883 2575 3953 sumpsit
2605 3882 2912 3945 exordium,
2949 3897 3017 3933 ne
3054 3886 3319 3949 putarent
3352 3879 3476 3931 ideo

1880 3993 1989 4029 non
2013 3993 2132 4028 esse
2154 3973 2483 4036 curandum,
2520 3973 2565 4024 si
2607 3971 2674 4024 de
2715 3969 2999 4023 sacriﬁciis
3040 3968 3271 4022 ederent
3308 3967 3478 4020 idolo-

1880 4082 2024 4130 rum,
2051 4065 2181 4134 quia
2206 4063 2415 4116 idolum
2441 4062 2580 4115 nihil
2602 4066 2704 4119 est.
2720 4059 3105 4112 existimantes
3126 4056 3231 4111 sibi
3254 4056 3371 4110 haec
3392 4074 3478 4109 ve—

1880 4155 2259 4223 lutsUperﬂua
2283 4169 2391 4228 non
2413 4168 2641 4205 nocere:
2671 4147 3020 4202 conﬁrmavit
3041 4146 3267 4217 quidem
3284 4151 3341 4199 et
3359 4146 3476 4216 ipse
