3900 6196
472 355 540 411 95

980 360 991 370 ’
1061 363 1124 418 Β.
1166 361 1439 418 RABANI
1488 363 1719 420 MAURI
1757 365 2093 423 ARCHIEP.
2134 359 2457 418 MOGUNT.
2497 355 2794 413 OPERUM
2831 356 3014 412 PARS
3053 356 3151 412 III.
3671 357 3736 412 96

472 481 626 547 estis,
665 489 722 537 et
759 501 935 541 unum
973 487 1102 541 facti
1141 487 1295 553 estis,
1357 489 1654 544 accedente
1691 491 1905 546 fervore
1946 493 2066 564 Spi—
2083 490 2136 551 Α
2154 491 2376 558 integra
2403 483 2692 540 charitatis
2707 484 2920 538 viscera
2934 483 3238 556 possidere,
3265 499 3368 538 nec
3387 483 3740 554 eaqueealio—

472 569 614 624 ritus
633 575 810 628 sancti
833 576 972 629 cocti
998 576 1152 642 estis,
1176 582 1234 630 et
1249 577 1410 647 panis
1429 578 1742 633 dominicus
1761 581 1886 636 facti
1910 583 2062 635 estis.

473 658 610 713 Ecce
645 663 791 732 quod
829 665 1449 735 accepistis;quomodo
1485 684 1617 737 ergo
1657 686 1833 723 unum
1870 671 2068 725 videtis

473 765 594 801 esse
614 751 762 820 quod
781 750 990 806 factum
1013 759 1116 815 est,
1140 753 1219 807 sic
1239 771 1413 808 unum
1442 761 1620 810 estote
1659 776 1755 812 vos
1787 759 2068 828 diligendo

473 853 586 902 vos,
609 840 849 892 tenendo
871 857 1042 895 unam
1075 842 1263 906 ﬁdem,
1301 860 1470 898 unam
1505 862 1684 916 spem,
1719 848 2064 903 individuam

473 925 826 982 eharitatem.
852 929 1112 984 Hieretici
1133 932 1355 1002 quando
1387 933 1491 987 hoc
1520 935 1906 990 testimonium
1941 954 2068 991 con-

473 1019 561 1065 tra
581 1031 639 1066 se
662 1015 960 1086 accipiunt,
1000 1019 1131 1088 quia
1153 1020 1231 1073 illi
1266 1028 1524 1090 quaarunt
1555 1023 1904 1090 divisionem,
1939 1043 2065 1080 cum

482 1103 643 1171 panis
663 1103 769 1158 iste
787 1105 996 1160 indicet
1013 1108 1407 1163 unitatem.Sic
1423 1117 1480 1164 et
1495 1111 1686 1164 vinum
1702 1113 1760 1166 in
1781 1115 1972 1168 multis
1989 1131 2074 1168 ra-

478 1191 648 1244 cemis
668 1192 792 1258 fuit,
818 1200 874 1248 et
894 1195 1059 1249 modo
1089 1197 1146 1250 in
1167 1214 1280 1251 uno
1308 1203 1422 1264 est;
1463 1216 1639 1254 unum
1655 1207 1739 1255 est
1761 1202 1817 1255 in
1835 1203 2074 1257 suavita-

479 1287 534 1332 te
548 1278 734 1334 calicis
747 1289 873 1352 post
885 1301 1202 1354 pressuram
1219 1289 1530 1354 torcularis,
1548 1294 1605 1342 et
1621 1307 1716 1342 vos
1737 1299 1862 1362 post
1881 1291 1977 1345 illa
1983 1293 2070 1361 je-

471 1369 652 1437 junia,
670 1371 1042 1441 postlabores,
1061 1382 1185 1444 post
1199 1377 1574 1430 humilitatem
1599 1385 1656 1432 et
1677 1380 2072 1434 contritionem

469 1457 589 1526 jam
611 1459 668 1512 in
689 1462 916 1516 nomine
938 1463 1147 1517 Christi
1170 1470 1440 1535 tanquam
1480 1467 1550 1520 ad
1585 1468 1812 1521 calicem
1849 1469 2072 1523 Domini

473 1548 722 1615 venistis,
749 1555 806 1603 et
825 1549 901 1604 ibi
923 1567 1017 1604 vos
1038 1553 1172 1606 estis
1197 1553 1254 1606 in
1288 1571 1498 1620 mensa,
1528 1561 1585 1609 et
1604 1555 1678 1610 ibi
1715 1573 1811 1609 vos
1845 1557 1980 1611 estis
2012 1558 2071 1612 in

473 1636 660 1702 calice,
683 1637 972 1693 nobiscum
1011 1658 1107 1694 vos
1139 1643 1308 1696 estis:
1345 1643 1511 1697 simul
1553 1645 1702 1698 enim
1725 1646 1829 1698 hoc
1849 1663 2062 1712 sumus,

472 1725 637 1778 simul
661 1724 904 1781 bibimus
923 1729 1056 1798 quia
1073 1729 1239 1783 simul
1271 1731 1505 1786 vivimus
1529 1751 1540 1786 :
1574 1735 1696 1788 Non
1719 1738 1936 1803 potestis
1979 1752 2065 1788 ca-

2150 595 2278 632 rum
2306 583 2437 631 sunt
2466 573 2770 630 secundum
2799 573 3177 644 Apostolicam
3205 571 3556 643 disciplinam
3589 589 3740 643 quaa-

2151 683 2274 720 rere
2304 665 2630 738 poterimus,
2657 663 2764 716 nisi
2782 663 2868 715 his
2882 678 3006 732 quae
3027 661 3363 715 districtioni
3390 667 3593 715 nostra:
3614 678 3740 732 per-

2150 755 2485 826 fectionique
2526 752 2864 806 conveniunt
2895 751 3188 821 paululum
3226 750 3505 815 relaxatis,
3537 751 3741 804 conde-

2150 845 2414 900 scendere
2432 841 2770 896 utilitatibus
2793 840 3028 894 aliorum
3061 857 3237 910 prono
3268 839 3634 893 maluerimus
3659 840 3740 892 af-

2151 933 2314 998 fectu,
2347 938 2404 986 et
2424 930 2916 1000 itacumApostolo
2929 927 3168 982 inﬁrmis
3188 927 3737 982 efﬁciamurinﬁrmi.

2151 1027 2210 1076 ut
2240 1021 2445 1076 lucrari
2475 1019 2751 1091 possimus
2780 1019 3052 1071 inﬁrmos.

2229 1113 2397 1165 Omne
2409 1111 2551 1179 quod
2561 1125 2622 1162 in
2635 1111 2858 1162 macello
2871 1109 3034 1170 renit,
3051 1108 3207 1172 edite,
3231 1107 3376 1159 nihil
3398 1109 3743 1175 interrogan-

2157 1207 2228 1253 tes
2248 1204 2472 1268 propter
2499 1199 2919 1259 conscientiam;
2953 1197 3178 1249 Domini
3207 1200 3280 1248 est
3317 1199 3466 1248 enim
3507 1201 3656 1249 terra
3693 1201 3741 1248 et

2149 1289 2438 1356 plenitudo
2449 1291 2579 1356 ejus.
2608 1284 2844 1353 (Ambr.)
2863 1284 2938 1338 Ut
2953 1284 3142 1338 omnia
3173 1283 3384 1338 munda
3399 1283 3738 1338 ostenderet.

2155 1375 2406 1446 exemplo
2417 1374 2616 1445 psalmi
2628 1373 2880 1444 vigesimi
2889 1373 3040 1426 tertii
3049 1413 3061 1438 ,
3069 1373 3173 1426 hoc
3183 1372 3482 1426 roborabat
3490 1373 3622 1443 quia
3631 1389 3744 1426 non

2156 1469 2340 1536 potest
2355 1463 2709 1518 immundum
2725 1478 2846 1515 esse
2865 1461 3014 1533 quod
3025 1461 3248 1515 Domini
3271 1467 3374 1526 est,
3389 1467 3446 1514 et
3465 1460 3744 1532 quomodo

2156 1553 2413 1624 superius
2437 1554 2506 1606 de
2537 1551 2676 1606 escis
2703 1551 2783 1604 ait
2807 1569 2818 1603 :
2847 1551 3048 1606 Omnia
3067 1555 3250 1615 licent,
3274 1551 3466 1604 statim
3493 1549 3754 1604 subsecu-

2151 1648 2242 1696 tus
2271 1649 2386 1695 est:
2417 1644 2584 1696 Omne
2615 1642 2757 1709 quod
2788 1643 2850 1694 in
2871 1643 3096 1694 macello
3115 1643 3284 1701 venit,
3313 1641 3469 1696 edite.
3495 1640 3638 1692 nihil
3668 1643 3727 1692 in

2163 1737 2497 1799 terrogantcs
2529 1735 2752 1798 propter
2790 1731 3208 1792 conscientiam;
3253 1729 3357 1781 hoc
3393 1734 3581 1784 autem
3627 1727 3756 1781 ideo

474 1815 630 1866 licem.
663 1815 1072 1870 [)omim‘bibcre
1085 1822 1360 1872 etcalicem
1385 1822 1812 1882 damoniorumq
1840 1840 1952 1877 non
1975 1842 2069 1893 po-
2088 1813 2134 1872 Β
2156 1819 2410 1890 subjecit,
2444 1824 2507 1872 ut
2526 1817 2702 1871 libera
2722 1816 3175 1871 sitconscientia:
3202 1817 3334 1870 licet
3361 1815 3509 1869 enim
3539 1815 3756 1886 aliquid

473 1905 618 1955 testis
649 1919 843 1957 mensa:
874 1906 1096 1959 Domini
1113 1911 1453 1977 participare
1479 1916 1526 1963 ct
1566 1928 1761 1965 mensa-
1781 1913 2070 1966 demonia-

471 2006 621 2043 rum.
655 1991 811 2046 Sicut
839 1994 1111 2048 Dominus
1149 1996 1256 2049 ait:
1280 1998 1402 2051 Non
1429 2003 1646 2066 potestis
1666 2002 1770 2054 [leo
1798 2005 2002 2054 servire
2021 2007 2069 2053 et

470 2095 800 2135 mammonae
841 2085 1052 2152 (Matth.
1088 2085 1182 2156 vi),
1219 2086 1351 2155 quia
1378 2087 1471 2157 qui
1512 2089 1740 2142 calicem
1771 2089 2070 2143 daemonio-

471 2185 596 2222 rum
629 2169 787 2229 bibit.
803 2172 961 2226 calici
982 2174 1206 2227 Domini
1229 2174 1480 2241 insultat,
1507 2183 1564 2230 et
1585 2194 1710 2230 cum
1735 2194 1941 2232 mensa}
1963 2178 2070 2232 die-

470 2258 787 2312 moniorum
807 2263 1200 2328 communicat,
1222 2281 1428 2319 mensm
1447 2266 1689 2332 Domini,
1709 2267 1762 2319 id
1781 2273 1884 2325 est.
1901 2267 2066 2321 altari

469 2345 759 2418 obstrepit,
783 2355 838 2402 et
862 2350 1085 2403 Domini
1108 2368 1308 2423 corpus
1327 2355 1604 2424 cruciﬁgit
1628 2375 1640 2414 ;
1679 2355 1882 2409 idcirco
1915 2357 2068 2410 enim

470 2434 726 2488 Christus
747 2437 1041 2491 cruciﬁxus
1061 2445 1165 2506 est,
1189 2442 1321 2511 quia
1348 2443 1600 2496 dissolvit
1631 2461 1800 2514 opera
1837 2445 2064 2509 diaboli,

470 2523 561 2591 qui
598 2541 730 2594 ergo
768 2526 900 2579 facit
928 2545 1098 2597 opera
1137 2529 1363 2594 diaboli,
1398 2532 1621 2586 Christo
1653 2539 1947 2602 repugnat.
1982 2536 2066 2587 An

468 2617 806 2666 zemulamur
827 2617 1146 2680 Dominum,
1166 2622 1426 2688 nunquid
1446 2623 1704 2688 fortiores
1726 2624 1824 2674 illo
1845 2623 2070 2674 smnus?

474 2698 571 2750 Vix
597 2700 660 2752 ﬁt
681 2707 744 2752 ut
767 2701 996 2755 humilis
1032 2705 1242 2759 zeletur
1275 2714 1580 2776 potentem,
1629 2709 1733 2762 scit
1769 2710 1920 2762 enim
1959 2727 2068 2763 non

471 2786 576 2839 sibi
619 2796 954 2858 competere,
979 2791 1036 2844 in
1060 2809 1168 2862 quo
1209 2794 1290 2847 illi
1323 2801 1507 2865 potest
1542 2797 1775 2850 invideri
1801 2816 1812 2849 :
1837 2799 1935 2850 sed
1972 2804 2072 2852 aut

469 2875 732 2945 inaequali
755 2877 1056 2945 invidetur,
1079 2887 1178 2934 aut
1205 2899 1378 2954 prepe
1413 2885 1642 2954 aequali;
1682 2886 1806 2939 ideo
1838 2888 2070 2956 Aposto—

471 2965 556 3016 lus
578 2981 689 3018 non
723 2983 883 3036 posse
903 2969 1044 3022 dixit
1076 2970 1333 3025 homines
1370 2974 1621 3026 aemulari
1652 2975 1953 3028 Dominum
1983 2977 2071 3029 Je-

467 3069 611 3116 sum,
635 3060 907 3124 praeterea
928 3058 1020 3127 qui
1047 3058 1205 3112 illum
1237 3061 1438 3125 sciunt,
1472 3062 1516 3114 si
1561 3079 1669 3132 quo
1710 3063 1914 3128 minus,
1960 3081 2071 3118 non

2153 1909 2226 1962 sit
2256 1907 2533 1979 pollutum
2576 1923 2677 1978 per
2719 1905 3108 1972 accidentiam,
3160 1905 3214 1958 id
3259 1911 3364 1970 est,
3411 1903 3756 1958 oblationem

2154 1997 2307 2058 idoli,
2337 2013 2463 2049 cum
2495 1996 2599 2049 hoc
2621 2001 2812 2049 tamen
2829 1995 3023 2058 nescit,
3049 1995 3146 2065 qui
3175 1993 3333 2058 emit,
3358 1993 3574 2048 nullum
3600 1993 3753 2064 pati-

2153 2091 2248 2140 tur
2275 2085 2618 2156 scrupulum,
2649 2090 2706 2137 et
2734 2083 2882 2154 apud
2911 2084 3090 2137 Deum
3119 2083 3388 2137 immunis
3417 2089 3520 2136 est.
3541 2082 3606 2137 Si
3625 2086 3756 2150 quis

2151 2179 2303 2230 vocat
2332 2190 2418 2226 vos
2449 2189 2513 2226 ea
2541 2174 2852 2240 inﬁdelibus
2890 2173 2964 2225 ad
2995 2189 3221 2238 canam,
3254 2175 3328 2225 ite
3359 2191 3375 2226 :
3413 2187 3571 2224 omne
3606 2171 3756 2239 quod

2151 2266 2459 2332 appositum
2481 2262 2627 2314 vobis
2654 2262 2826 2328 fuerit
2855 2262 3010 2324 edite,
3046 2262 3190 2314 nihil
3210 2262 3575 2329 disquirentes
3631 2259 3757 2312 Hoc

2152 2359 2254 2416 est,
2273 2351 2602 2422 simpliciter
2629 2349 2964 2402 manducate
2995 2349 3142 2419 quod
3170 2348 3490 2418 apponitur,
3519 2365 3629 2401 non
3659 2348 3753 2402 in-

2151 2445 2501 2510 terrogantes
2515 2439 2662 2492 unde
2681 2437 2772 2491 sit.
2800 2439 2952 2492 Nihil
2967 2441 3368 2503 interrogantes
3383 2441 3605 2506 propter
3625 2453 3758 2489 con-

2150 2533 2458 2584 scientiam.
2493 2526 2556 2581 Si
2585 2529 2707 2596 quis
2739 2533 2919 2580 autem
2951 2527 3174 2580 dixerit.
3198 2527 3306 2579 Hoc
3325 2529 3748 2579 iimnolatilizun

2153 2624 2226 2671 est
2255 2619 2438 2684 idolis,
2472 2620 2640 2672 nolite
2669 2617 3028 2679 manducare,
3055 2620 3281 2684 propter
3309 2617 3701 2668 conscientiam
3737 2636 3752 2667 :

2153 2708 2739 2760 conscientiamautem
2754 2706 2890 2766 dico,
2909 2719 3022 2756 non
3039 2708 3214 2768 tuam,
3237 2703 3329 2755 sed
3354 2705 3604 2755 alterius.
3632 2701 3754 2754 Hoc

2135 2789 2411 2864 'perfectis
2445 2793 2694 2864 loquitur
2709 2792 2804 2862 qui
2826 2798 3059 2862 possunt
3077 2795 3498 2844 contemnentes
3513 2789 3756 2843 idolola-

2151 2883 2340 2948 triam,
2381 2881 2514 2952 quia
2542 2881 2680 2934 nihil
2709 2887 2794 2934 est
2815 2881 3154 2934 manducare
3181 2880 3250 2932 de
3278 2879 3568 2944 sacriﬁcio,
3608 2880 3754 2932 certi

2155 2973 2288 3042 quia
2315 2971 2462 3041 quod
2492 2970 2594 3023 sub
2621 2971 2722 3023 Dei
2756 2969 3024 3022 creatoris
3045 2969 3273 3022 nomine
3303 2968 3488 3021 editur
3513 2984 3626 3021 non
3654 2985 3760 3038 po-

2153 3066 2265 3113 test
2293 3060 2562 3130 polluere,
2586 3059 2682 3112 sed
2704 3059 2836 3130 quia
2855 3059 2998 3111 alius
3027 3058 3124 3128 qui
3151 3057 3316 3111 idolis
3331 3057 3519 3122 servit,
3537 3058 3757 3126 gloria-

467 3141 746 3196 videbitur
763 3144 844 3198 eis
865 3145 1068 3214 dignus
1103 3165 1223 3202 esse
1251 3150 1434 3203 vocari
1465 3151 1756 3210 Dominus.
1797 3169 1964 3223 quem
1986 3170 2070 3205 ze-
2095 3129 2138 3189 Ο
2156 3148 2305 3202 bitur
2333 3155 2390 3202 te
2419 3149 2622 3201 edente
2642 3148 2711 3200 de
2733 3147 3076 3212 sacriﬁcatis,
3101 3145 3555 3216 quasivenereris
3579 3145 3754 3202 idola:

467 3230 673 3295 lantur,
698 3249 768 3285 ne
789 3233 1060 3288 Dominus
1093 3237 1183 3289 sit.
1225 3239 1532 3291 ZeIO'enim
1571 3240 1808 3294 Satanas
1842 3241 2068 3295 idolola-

468 3319 633 3372 triam
655 3319 884 3382 invenit,
908 3329 971 3377 ut
994 3324 1246 3378 homines
1267 3327 1525 3396 negando
1564 3329 1742 3382 Deum
1766 3330 2065 3383 Dominum

466 3408 628 3462 idolis
649 3409 896 3464 serviant
923 3414 1079 3482 quasi
1118 3413 1224 3467 diis
1255 3420 1312 3468 et
1356 3415 1618 3468 dominis.
1671 3417 1870 3471 Omnia
1928 3420 2070 3470 mihi

467 3499 650 3562 licent,
679 3500 769 3551 sed
799 3516 909 3553 non.
939 3505 1129 3554 omnia
1157 3505 1468 3570 erpcdiunt.
1499 3506 1704 3559 Omnia
1739 3506 1872 3559 dicit
1902 3507 2066 3559 licere

463 3587 770 3640 secundum
793 3589 974 3656 legem
997 3597 1229 3649 natura).
1252 3593 1443 3646 omnia
1476 3594 1626 3646 enim
1669 3595 1881 3647 munda
1914 3601 2063 3656 sunt,

463 3674 532 3727 de
577 3677 716 3728 escis
759 3677 1030 3746 agebatur
1073 3687 1129 3732 et
1165 3697 1331 3733 carne
1368 3681 1531 3735 idolis
1573 3683 1894 3736 immolata:
1935 3700 2065 3736 nam

463 3780 586 3835 quin
605 3764 890 3834 prohibita
911 3772 969 3820 et
992 3767 1294 3822 interdicta
1314 3777 1466 3836 sunt,
1493 3772 1771 3841 quomodo
1806 3772 1914 3825 dici
1945 3789 2068 3843 pos-

461 3859 594 3906 sunt
613 3853 778 3908 licere
801 3855 824 3907 ?
845 3873 973 3910 cum
993 3857 1165 3911 etiam
1201 3858 1290 3911 hic
1313 3858 1435 3929 ipsa
1473 3877 1596 3930 qua:
1633 3877 1895 3914 concessa
1935 3867 2068 3914 sunt

459 3941 740 4011 signiﬁcet
759 3944 1059 4016 aliquando
1079 3963 1189 4000 non
1209 3947 1469 4018 expedire
1496 3948 1519 4000 Τ
1541 3949 1686 4002 sicut
1707 3950 1844 4003 dicit
1867 3951 2066 4004 Petrus

462 4031 747 4100 apostolus
772 4050 782 4083 :
812 4034 874 4087 Si
897 4035 1005 4087 hac
1025 4041 1110 4087 est
1136 4052 1303 4088 causa
1332 4039 1444 4088 viri
1472 4054 1597 4088 cum
1629 4054 1816 4094 urere.
1843 4055 1952 4091 non
1981 4055 2066 4091 cr-

461 4121 604 4184 pedil
633 4121 834 4172 nubere
866 4123 1076 4186 (Matth.
1103 4137 1238 4184 xxx).

535 4208 736 4258 (lmnia
767 4211 948 4270 licent,
983 4212 1073 4260 sed
1101 4227 1210 4263 non
1229 4215 1421 4264 omnia
1449 4213 1737 4278 .rtli/icant.
1766 4213 1918 4266 Idem
1941 4230 2062 4266 sen—

462 4311 576 4360 sus,
603 4294 734 4364 quia
755 4295 883 4348 licet
902 4296 1093 4350 omnia
1113 4299 1296 4362 edere,
1322 4298 1418 4351 sed
1455 4299 1602 4369 quod
1629 4299 1789 4352 idolis
1811 4300 2062 4354 immola-

460 4391 556 4438 tur
575 4400 686 4438 non
707 4384 964 4450 aediﬁcati,
991 4386 1124 4456 quia
1163 4387 1489 4440 scandalum
1525 4387 1656 4440 facit
1693 4387 1870 4452 fratri,
1918 4389 2060 4443 sicut

461 4489 632 4544 supra
649 4473 862 4527 dictum
897 4482 1000 4540 est,
1032 4475 1268 4546 ideoque
1302 4493 1337 4529 a
1375 4476 1542 4529 licitis
1581 4477 1880 4547 aliquando
1920 4485 2061 4532 tem-

462 4564 772 4633 perandum
791 4569 893 4628 est,
917 4569 980 4617 ut
1001 4565 1192 4634 prosit.
1231 4565 1374 4618 Hinc
1405 4571 1491 4618 est
1524 4565 1671 4618 unde
1701 4572 1958 4636 sumptus
1990 4567 2058 4620 ab

465 4651 568 4715 his,
592 4668 718 4704 cum
743 4653 792 4704 ei
815 4653 1024 4712 liceret.
1053 4654 1232 4707 noluit
1252 4655 1522 4725 accipere,
1547 4653 1727 4708 sciens
1748 4671 1860 4708 non
1894 4672 2060 4726 expe-

461 4739 601 4791 dire.
628 4740 793 4792 Nemo
817 4742 959 4807 quod
984 4758 1150 4794 suum
1179 4749 1253 4795 est
1279 4749 1507 4811 φίλη-αἰ,
1538 4745 1628 4794 sed
1646 4745 1790 4811 quod
1802 4747 2053 4797 alterius.

464 4829 665 4894 (Cass)
701 4827 770 4880 Et
800 4827 1044 4881 Charitas
1083 4847 1195 4886 non
1238 4833 1438 4901 quierit
1475 4849 1597 4902 qua:
1631 4848 1732 4884 sua
1769 4839 1920 4894 sunt,
1960 4834 2054 4886 sed

464 4932 586 4986 qua:
607 4915 867 4980 aliorum,
891 4933 954 4968 ac.
976 4917 1045 4968 de
1065 4935 1124 4970 se
1155 4917 1276 4988 ipso
1307 4921 1388 4973 ait
1417 4939 1427 4973 :
1458 4923 1579 4975 Non
1612 4937 1812 4990 quare,
1851 4921 2052 4991 inquit,

463 5006 606 5072 quod
623 5005 762 5057 mihi
777 5008 910 5057 utile
929 5011 1019 5068 est,
1054 5009 1143 5059 sed
1169 5010 1313 5074 quod
1341 5013 1530 5062 multis
1561 5017 1616 5062 ut
1639 5013 1786 5063 salri
1811 5013 1970 5076 fiant.
2001 5010 2058 5062 Si

463 5092 615 5145 enim
635 5108 703 5146 ea
720 5109 842 5162 qua:
867 5099 1057 5146 nostra
1075 5100 1206 5146 sunt
1223 5096 1542 5164 quaerimus,
1569 5105 1625 5151 et
1647 5097 1698 5149 id
1723 5098 1870 5168 quod
1899 5097 2060 5150 nobis

463 5181 600 5235 utile
637 5188 724 5236 est
771 5181 1133 5252 pertinaciter
1165 5184 1418 5236 volumus
1461 5191 1759 5252 retentare,
1798 5187 1968 5239 etiam
2000 5186 2059 5239 in

467 5270 785 5339 hujusmodi
806 5270 1232 5326 necessitatibus
1251 5271 1402 5342 loqui
1425 5289 1525 5325 nos
1555 5291 1778 5327 necesse
1809 5280 1894 5327 est
1922 5273 2060 5327 veri-

465 5363 658 5422 tatem,
695 5364 751 5410 et
791 5375 920 5412 reus
957 5360 1077 5413 ﬁeri
1115 5360 1313 5413 mortis
1355 5360 1583 5415 alienae:
1613 5363 1659 5414 si
1683 5380 1811 5416 vero
1833 5379 1900 5416 ea
1937 5380 2058 5432 quae

465 5446 588 5499 aliis
607 5447 875 5500 salutaria
894 5454 1044 5514 sunt,
1069 5449 1275 5502 nostris
1295 5449 1627 5503 utilitalibus
1647 5459 2054 5521 praeponentes,

467 5535 784 5606 Apostolico
821 5535 1254 5591 satisfecerimus
1291 5537 1548 5607 imperio,
1582 5539 1702 5592 sine
1723 5540 1892 5594 dubio
1930 5539 2058 5593 sub-

469 5623 654 5679 eunda
672 5630 758 5679 est
776 5622 936 5678 nobis
956 5626 1256 5680 necessitas
1286 5626 1613 5689 mentiendi,
1648 5635 1704 5680 et
1724 5628 1928 5682 idcirco
1956 5645 2058 5680 nec

2149 3238 2276 3291 ideo
2297 3255 2408 3290 non
2419 3237 2585 3290 debet
2604 3237 2712 3297 edi,
2733 3236 2876 3306 apud
2896 3235 3293 3288 conscientiam
3309 3235 3459 3287 enim
3481 3235 3574 3286 ille
3593 3235 3759 3288 laeta-

2151 3326 2302 3380 bitur
2317 3343 2498 3390 suam,
2519 3325 2652 3395 quia
2665 3325 2804 3377 vidit
2816 3331 2872 3377 te
2889 3323 3128 3376 libenter
3143 3331 3408 3393 appetere
3426 3323 3573 3393 quod
3585 3323 3760 3376 idolis

2151 3395 2506 3468 immolatum
2529 3420 2631 3466 est.
2663 3414 2722 3467 Ut
2749 3414 2884 3482 quid
2906 3415 3050 3465 enim
3077 3413 3298 3465 liberi-as
3322 3428 3438 3464 mea
3451 3413 3762 3479 judicatur

2150 3505 2218 3556 ab
2247 3507 2362 3556 alia
2377 3502 2740 3556 conscientia?
2767 3502 2883 3554 Hoc
2911 3501 3048 3553 dicit
3075 3501 3208 3570 quia
3231 3517 3358 3554 cum
3385 3499 3454 3553 ab
3484 3500 3618 3554 idoli
3648 3501 3759 3554 de-

2149 3592 2370 3645 votione
2397 3590 2738 3644 conscientia
2757 3590 2830 3642 sit
2851 3589 3045 3652 libera,
3071 3589 3204 3659 quid
3225 3606 3366 3659 opus
3387 3595 3471 3642 est
3498 3595 3560 3642 ut
3593 3597 3762 3660 pute-

2147 3685 2258 3744 tur,
2292 3680 2424 3750 quia
2454 3679 2830 3732 venerationis
2861 3695 3030 3732 causa
3059 3678 3189 3748 edat
3219 3678 3382 3731 idolis
3415 3678 3761 3731 immolata?

2144 3768 2430 3838 judicatur
2467 3769 2619 3822 enim
2658 3784 2771 3821 non
2810 3767 3020 3820 distare
3057 3766 3126 3820 ab
3164 3784 3230 3819 eo
3270 3766 3364 3836 qui
3403 3767 3536 3819 colit
3575 3766 3755 3822 idola.

2150 3857 2373 3928 quando
2396 3873 2509 3910 non
2537 3857 2730 3910 horret
2757 3856 2903 3926 quod
2935 3855 3187 3909 oblatum
3218 3861 3303 3908 est
3332 3855 3651 3908 simulacro.
3690 3856 3762 3910 Si

2148 3949 2296 3999 enim
2319 3962 2410 4012 ego
2429 3962 2554 3998 cum
2573 3949 2762 4012 gratia
2789 3947 3079 4014 participe,
3115 3946 3250 4012 quid
3278 3944 3617 4012 blasphemor
3641 3961 3761 4011 pro

2147 4051 2204 4087 co
2242 4037 2385 4102 quod
2407 4037 2620 4101 gratias
2641 4033 2779 4102 ago?
2810 4034 2868 4086 Id
2897 4039 3000 4097 est,
3036 4033 3080 4085 si
3114 4049 3216 4101 ego
3246 4031 3433 4100 gratia
3463 4031 3562 4084 Dei
3591 4047 3760 4084 com-

2149 4123 2392 4186 munico,
2425 4124 2556 4192 quia
2585 4123 2644 4176 in
2676 4123 2850 4192 ipsius
2876 4121 3104 4174 nomine
3141 4122 3264 4176 edo.
3309 4120 3443 4190 quid
3481 4136 3622 4190 opus
3664 4129 3756 4174 est

2145 4210 2249 4264 hoc
2278 4211 2540 4264 arbitrari
2569 4211 2834 4280 aliquem,
2861 4211 2993 4280 quia
3021 4226 3124 4278 ego
3154 4209 3302 4261 idolo
3333 4209 3564 4262 devotus
3595 4224 3755 4262 sum.

2145 4299 2278 4352 dum
2318 4317 2429 4353 non
2470 4300 2670 4352 horreo
2707 4316 2829 4369 qua:
2875 4297 3064 4351 oblata
3102 4304 3233 4351 sunt
3275 4297 3440 4352 idolo.
3483 4297 3586 4350 hoc
3637 4306 3753 4354 est.

2149 4409 2173 4438 (ι
2198 4387 2589 4458 blasphemor?
2620 4407 2644 4438 »
2679 4389 2747 4440 Et
2776 4404 2865 4440 me
2899 4404 3032 4457 ergo
3061 4386 3430 4456 blasphemat,
3473 4392 3530 4438 et
3559 4385 3655 4438 ille.
3691 4387 3756 4441 in

2144 4477 2314 4530 idolio
2326 4494 2426 4530 suo
2446 4477 2671 4546 gaudet,
2686 4477 2821 4529 dum
2834 4493 2924 4528 me
2939 4481 3098 4546 putat
3109 4474 3636 4545 participem,habet
3649 4492 3757 4529 oc-

2143 4566 2422 4619 casionem
2442 4565 2808 4636 permanendi
2835 4565 2897 4618 in
2914 4581 3122 4628 errore,
3157 4570 3214 4616 et
3233 4563 3500 4616 fratribus
3529 4564 3756 4618 malum

2141 4655 2309 4708 datur
2319 4655 2658 4724 exemplum:
2677 4667 2809 4706 nam
2819 4653 2868 4706 si
2881 4659 3219 4724 praeceptum
3232 4653 3290 4706 in
3303 4653 3425 4721 lege
3439 4659 3542 4718 est,
3559 4659 3624 4705 ut
3635 4653 3756 4707 luci

2143 4749 2201 4796 et
2229 4760 2338 4796 ara:
2369 4750 2425 4795 et
2453 4742 2622 4799 tituli.
2655 4749 2712 4795 et
2741 4742 2863 4812 ipsa
2889 4741 3040 4795 idola
3067 4741 3512 4810 confringantur,
3537 4741 3666 4793 vide
3702 4745 3754 4795 si

2142 4848 2252 4886 non
2277 4838 2564 4902 peccatum
2595 4837 2697 4895 est,
2733 4847 2846 4884 non
2869 4831 3048 4884 solum
3071 4831 3186 4884 haec
3204 4846 3316 4882 non
3343 4830 3544 4895 facere,
3569 4829 3668 4882 sed
3693 4837 3757 4884 et

2141 4921 2408 4974 interesse
2437 4920 2615 4990 epulis
2636 4919 2978 4988 bujusmodi,
3003 4925 3301 4990 propterea.
3320 4919 3388 4971 de
3411 4919 3756 4972 sacriﬁcatis

2143 5025 2252 5062 non
2274 5009 2497 5078 expedit
2520 5009 2704 5061 edere.
2729 5010 2849 5064 Sive
2869 5025 2994 5076 ergo
3010 5009 3379 5071 manducetis,
3405 5009 3511 5060 sive
3532 5009 3751 5063 ln'bitis.

2143 5101 2224 5151 vel
2243 5099 2404 5150 aliud
2415 5099 2550 5166 quid
2559 5091 2762 5164 ﬁzcilis,
2780 5101 2968 5150 omnia
2986 5101 3041 5148 in
3055 5099 3296 5164 gloriam.
3315 5098 3414 5148 [lci
3432 5099 3614 5163 facite.
3634 5097 3759 5150 Per

2142 5186 2258 5240 haec
2283 5184 2535 5255 subjecta
2564 5185 2867 5240 declaravit
2895 5185 2953 5238 in
2988 5185 3158 5238 idolio
3204 5185 3390 5250 edere,
3434 5185 3630 5254 quavis
3671 5185 3755 5239 li-

2141 5281 2230 5329 cet
2256 5273 2614 5338 conscientia,
2647 5273 2938 5327 inimicum
2961 5291 3081 5326 esse
3111 5273 3253 5339 Deo;
3281 5273 3351 5326 ad
3372 5272 3754 5343 cpprobrium

2141 5364 2291 5418 enim
2319 5363 2487 5418 unius
2511 5363 2610 5417 Dei
2633 5363 2748 5416 hinc
2767 5362 2988 5414 diabolo
3009 5361 3359 5426 dedicantur,
3383 5378 3516 5414 nam
3535 5361 3593 5415 in
3614 5363 3754 5431 glo-

2141 5453 2285 5504 riam
2313 5451 2414 5505 Dei
2445 5451 2630 5517 edere,
2655 5456 2710 5504 et
2735 5450 2942 5516 bibere,
2968 5456 3025 5504 et
3053 5450 3264 5520 aliquid
3291 5452 3493 5516 facere,
3510 5451 3614 5504 hoc
3631 5463 3752 5506 est.

2143 5545 2204 5592 ut
2219 5521 2331 5592 sub
2359 5539 2708 5592 invocatione
2743 5539 3035 5593 Creatoris.
3062 5555 3188 5592 cum
3232 5539 3510 5592 modestia
3545 5540 3756 5593 convi-

2139 5627 2292 5682 vium
2321 5627 2652 5684 celebretur.
2686 5627 2746 5680 in
2773 5627 3014 5696 gloriam
3038 5627 3138 5680 Dei
3168 5633 3360 5680 autem
3398 5625 3612 5696 aliquid
3654 5629 3756 5687 tit,
