3900 6196
215 270 268 325 97
662 266 1241 322 ENARRATIONUM
1279 267 1355 321 ΙΝ
1395 266 1545 319 ΕΡΡ.
1589 266 1798 322 PAULI

1880 268 1975 322 .IB.
2021 269 2086 321 Χ.
2121 298 2185 307 —-
2227 269 2303 322 IN
2356 269 2573 322 EPIST.
2618 270 2641 323 Ι
2680 271 2775 325 AD
2815 271 2975 325 COR.

3390 277 3458 332 98

215 391 614 447 cuminactibus
634 398 693 444 et
710 390 1142 444 conversatione
1171 389 1475 444 Christiani
1498 390 1646 443 Deus
1661 391 1974 450 lau-Asibi
2012 410 2126 446 non
2164 394 2452 464 placuerit,
2496 394 2648 447 nullo
2701 400 2860 465 pacto
2918 388 3214 467 quisquam
3254 406 3453 469 potest.

218 486 375 537 datur.

275 574 389 624 Sine
436 573 729 636 offensione
767 575 926 623 estote
974 571 1193 631 Judaeis,
1243 574 1290 620 et
1332 569 1543 629 Grecis,
1587 574 1636 620 et
1682 569 1783 621 Ec-

214 664 361 714 clesia
390 661 498 713 Dei.
524 659 612 713 Sic
632 659 1063 729 temperandam
1096 657 1574 711 conversationem
1598 657 1780 721 docet,

217 756 269 801 ut
294 748 465 801 nullus
490 747 548 800 in
577 764 645 800 ea
691 748 1019 800 scandalum
1060 746 1341 816 patiatur;
1379 745 1609 798 offensio
1652 762 1784 814 ergo

212 838 488 895 Judaeisfit,
513 853 641 889 cum
662 837 814 890 idola
840 854 963 906 qua:
978 835 1056 889 illi
1081 834 1495 897 abominantur,
1518 834 1785 887 Christia-

214 943 353 983 num,
385 926 473 995 qui
501 942 560 977 se
587 925 727 978 dicit
756 926 941 994 legem
976 932 1031 978 et
1060 924 1359 994 prophetas
1402 923 1671 993 accipere,
1706 923 1784 975 vi-

210 1015 333 1067 dent
374 1031 478 1067 non
525 1014 792 1075 horrere;
827 1014 1034 1067 Graecis
1062 1030 1210 1077 vero,
1253 1013 1309 1065 id
1342 1017 1427 1066 est
1458 1010 1781 1081 gentilibus,

213 1104 318 1157 haec
334 1110 411 1156 est
426 1102 677 1165 offensio,
701 1102 751 1156 si
767 1103 829 1155 in
861 1119 926 1155 eo
954 1103 1012 1156 in
1042 1119 1150 1172 quo
1173 1107 1304 1155 sunt
1322 1117 1433 1154 non
1462 1101 1643 1154 solum
1674 1116 1785 1154 non

212 1192 625 1262 arguantur,sed
651 1198 709 1244 et
724 1192 1099 1262 promptiores
1114 1190 1396 1243 fiantdum
1412 1205 1523 1243 non
1538 1189 1788 1242 vitantur

212 1290 326 1334 vota
348 1281 621 1333 idolorum
652 1279 880 1333 illorum
901 1299 913 1345 ;
940 1280 1194 1333 Ecclesia:
1212 1286 1403 1333 autem
1422 1278 1521 1332 Dei
1541 1279 1604 1331 fit
1619 1278 1787 1331 offen-

212 1370 457 1434 diculum,
487 1368 717 1439 quando
741 1369 1015 1439 quosdam
1042 1386 1107 1421 ex
1131 1384 1367 1421 numero
1389 1385 1491 1421 suo
1524 1368 1676 1421 videt
1702 1366 1789 1419 his

212 1476 321 1526 quze
348 1458 572 1511 inimica
601 1458 720 1511 Deo
748 1464 883 1511 sunt
910 1458 1214 1519 adhzerere.
1232 1456 1383 1510 Sicut
1416 1462 1462 1510 ct
1497 1474 1587 1524 ego
1618 1462 1667 1508 et
1691 1470 1791 1525 per

211 1551 380 1600 mnm‘a
409 1548 669 1599 omnibus
690 1549 892 1614 placeo,
929 1563 1043 1600 non
1068 1562 1313 1614 quarens
1339 1547 1482 1614 quod
1498 1546 1639 1598 mild
1657 1547 1790 1597 utile

212 1642 293 1700 est,
320 1639 407 1688 sed
432 1638 579 1704 quod
608 1640 819 1699 multis,
840 1641 902 1689 ut
931 1639 1073 1688 salvi
1102 1638 1260 1701 ﬁant.
1294 1636 1494 1701 (Cass)
1516 1631 1789 1688 Omnibus

213 1742 298 1794 per
307 1725 487 1777 omnia
510 1726 737 1795 placere
752 1730 838 1777 est
851 1724 973 1777 sine
996 1724 1257 1777 seandalo
1274 1724 1609 1793 cujusquam
1621 1738 1788 1790 agere
1810 1709 1858 1768 B

211 1814 589 1883 adprofectum
606 1813 872 1866 utilitatis
888 1812 1133 1875 illorum,
1153 1817 1217 1865 ut
1247 1818 1304 1864 et
1333 1811 1443 1865 illis
1476 1818 1533 1864 et
1560 1811 1689 1864 huic
1721 1810 1795 1864 sit

210 1902 363 1967 utile;
387 1902 527 1956 utile
556 1902 681 1955 sine
712 1901 884 1955 dubio
914 1900 966 1954 ei
995 1902 1193 1965 fuerat,
1212 1901 1357 1953 sicut
1383 1917 1553 1970 supra
1582 1900 1793 1953 dictum

208 1998 279 2043 est
301 1991 665 2045 Timotheum
694 2007 808 2043 non
824 1989 1241 2055 circumcidere,
1266 1996 1435 2060 caput
1450 2006 1560 2042 non
1578 1989 1791 2053 radere,

206 2080 643 2150 purificationem
671 2079 966 2133 Judaicam
997 2096 1108 2132 non
1147 2095 1451 2141 assumere,
1493 2077 1797 2147 nudipedia

206 2186 303 2222 non
334 2186 615 2231 exercere,
651 2175 783 2221 vota
812 2167 1015 2237 legalia
1027 2184 1140 2220 non
1172 2167 1390 2232 offerre,
1410 2167 1507 2221 sed
1524 2166 1655 2220 facit
1681 2166 1796 2219 haec

204 2258 377 2311 omnia
398 2259 536 2328 quia
552 2275 669 2311 non
695 2258 898 2327 quaerit
925 2257 1073 2327 quod
1098 2255 1203 2309 sibi
1229 2256 1366 2309 utile
1390 2260 1493 2319 est,
1520 2256 1618 2309 sed
1648 2254 1795 2325 quod

205 2347 401 2411 multis,
421 2347 575 2416 quod
593 2346 852 2416 quamvis
868 2345 969 2399 Dei
986 2344 1457 2415 contemplatione
1478 2344 1551 2397 sit
1565 2344 1793 2409 factum,

205 2446 382 2489 tamen
408 2436 804 2488 simultatione
834 2451 949 2487 non
974 2434 1186 2487 caruit:
1207 2433 1301 2503 qui
1334 2433 1484 2486 enim
1502 2450 1601 2503 per
1617 2433 1797 2500 legem

208 2525 398 2577 Christi
429 2524 545 2593 legi
575 2528 837 2577 mortuus
864 2523 1065 2585 fuerat,
1099 2528 1163 2576 ut
1190 2524 1306 2575 Deo
1332 2522 1559 2585 viveret,
1595 2521 1799 2591 quique

213 2614 351 2665 illam
378 2612 673 2683 justitiam
704 2612 863 2681 legis,
883 2612 940 2664 in
971 2628 1081 2682 qua
1099 2616 1455 2664 conversatus
1484 2610 1800 2663 fueratsine

208 2702 422 2771 querela
453 2701 869 2755 detrimentum
898 2701 1120 2765 fecerat,
1153 2706 1209 2753 et
1239 2699 1545 2752 arbitratur
1575 2704 1638 2751 ut
1665 2704 1803 2750 ster-

209 2807 325 2843 cora
351 2798 415 2844 ut
443 2791 743 2845 Christum
786 2789 1150 2853 lucrifaceret,
1200 2806 1267 2842 ea
1308 2805 1432 2858 quae
1474 2787 1611 2857 legis
1642 2793 1805 2839 erant

1868 482 2024 535 Sicut
2053 499 2185 551 ergo
2218 499 2330 536 non
2359 482 2597 536 absurde
2628 483 2967 553 loqueretur,
2988 485 3082 556 qui
3111 486 3320 542 diceret
3352 507 3362 540 :
3395 492 3458 545 In

1866 571 1969 623 hac
1985 588 2153 640 opera
2171 589 2282 641 qua
2297 589 2494 624 navem
2527 588 2733 642 quaero,
2764 589 2875 625 non
2902 590 3100 628 navem
3135 593 3341 646 quaero,
3361 580 3458 632 sed

1868 660 2127 729 patriam,
2161 660 2238 713 sic
2264 662 2548 730 apostolus
2580 661 2973 714 convenienter
2999 663 3240 718 diceret:
3261 668 3322 720 In
3354 668 3459 721 hac

1867 764 2058 818 opera,
2093 766 2202 818 qua
2236 748 2556 802 hominibus
2592 750 2800 819 placeo,
2845 767 2956 803 non
2988 751 3327 821 hominibus,
3362 758 3458 810 sed

1868 838 1981 890 Deo
2015 837 2223 907 placeo,
2255 837 2386 907 quia
2416 855 2526 891 non
2564 839 2667 891 hoc
2695 847 2915 908 appeto,
2953 841 3048 893 sed
3077 842 3145 894 ad
3184 843 3241 895 id
3281 846 3459 898 refero

1869 934 1931 979 ut
1972 944 2063 979 me
2111 927 2423 989 imitentur,
2478 943 2616 996 quos
2661 928 2840 980 salvos
2879 928 2999 981 fieri
3044 931 3184 983 volo.
3218 931 3457 1001 (.4mbr.)

1870 1014 2169 1069 Sciendum
2199 1031 2421 1084 quoque
2449 1016 2598 1084 quod
2632 1021 2905 1085 oporteat,
2948 1023 3011 1070 ut
3048 1026 3291 1072 rectores
3332 1020 3461 1075 boni

1870 1105 2088 1174 placere
2107 1103 2429 1156 hominibus
2444 1110 2729 1173 appetant,
2751 1105 2845 1157 sed
2865 1110 2927 1158 ut
2946 1123 3058 1159 sua:
3075 1107 3462 1163 aestimationis

1868 1192 2160 1245 dulcedine
2196 1192 2477 1263 proximos
2522 1192 2579 1245 in
2618 1194 2877 1247 allectum
2920 1195 3169 1248 veritatis
3211 1198 3457 1255 trahant.

1870 1297 1981 1334 non
2011 1287 2075 1334 ut
2101 1300 2159 1335 se
2175 1281 2353 1334 amari
2377 1281 2714 1345 desiderent,
2732 1283 2828 1335 sed
2848 1289 2910 1336 ut
2926 1283 3283 1338 dilectionem
3300 1303 3461 1340 suam
3537 1277 3545 1287 ’

1872 1370 2031 1439 quasi
2063 1371 2365 1439 quamdam
2395 1369 2542 1428 viam
2572 1370 2794 1435 faciant,
2830 1388 2929 1441 per
2959 1389 3131 1441 quam
3161 1374 3329 1427 corda
3359 1392 3461 1428 au-

1871 1459 2148 1513 dientium
2174 1459 2245 1511 ad
2272 1476 2521 1511 amorem
2550 1459 2853 1512 conditoris
2886 1460 3243 1516 introducunt
3275 1481 3285 1515 :
3324 1464 3439 1517 difti

1872 1548 1975 1601 cile
1999 1548 2203 1617 quippe
2231 1554 2333 1613 est,
2368 1554 2432 1600 ut
2462 1547 2634 1600 etiam
2664 1548 2925 1617 quaelibet
2952 1557 3104 1603 recta
3126 1551 3463 1606 denuntians

1874 1636 2203 1707 praedicator
2220 1636 2313 1706 qui
2339 1653 2449 1689 non
2465 1636 2718 1706 diligitur
2732 1636 2967 1690 libenter
2989 1639 3269 1693 audiatur.
3291 1641 3467 1695 Debet

1878 1742 2010 1793 ergo
2038 1725 2132 1795 qui
2168 1732 2370 1795 prmest
2397 1730 2454 1778 et
2482 1725 2707 1779 studere
2735 1742 2793 1777 se
2825 1726 3003 1795 diligi,
3038 1735 3315 1797 quatenus
3345 1747 3467 1800 pos-

1877 1815 1951 1867 sit
1988 1814 2191 1880 audiri,
2225 1820 2282 1866 et
2318 1819 2505 1866 tamen
2545 1832 2793 1868 amorem
2824 1833 2989 1869 suum
3030 1834 3129 1886 pro
3168 1820 3468 1889 semetipso

1878 1920 1989 1956 non
2019 1919 2287 1972 quaerere,
2320 1920 2391 1955 ne
2420 1902 2737 1956 inveniatur
2768 1904 2818 1957 ei
2857 1905 2945 1958 cui
2984 1906 3190 1960 servire
3217 1925 3319 1977 per
3355 1908 3471 1961 ofﬁ-

1879 1992 2027 2045 cium
2057 1991 2306 2045 cernitur
2333 1992 2548 2045 occulta
2576 1992 2930 2061 cogitationis
2962 1996 3261 2064 tyrannide
3291 1998 3469 2050 resul-

1878 2087 1999 2134 tare
2030 2080 2178 2150 quod
2208 2080 2349 2134 bene
2364 2081 2853 2145 Paulusinsinuat,
2878 2099 3005 2136 cum
3025 2084 3109 2136 sui
3128 2084 3469 2140 nobisstudii

1879 2170 2096 2223 occulta
2126 2169 2465 2234 manifestat,
2498 2168 2685 2222 dicens
2720 2187 2730 2221 :
2765 2171 2918 2224 Sicut
2949 2177 2999 2223 et
3029 2190 3121 2239 ego
3154 2189 3253 2241 per
3283 2178 3472 2228 omnia

1878 2260 2134 2311 omnibus
2159 2262 2363 2325 placeo,
2405 2257 2499 2327 qui
2552 2264 2743 2310 tamen
2798 2276 2994 2312 rursus
3051 2261 3186 2314 dicit
3230 2280 3240 2312 :
3288 2263 3397 2329 Ego
3424 2266 3475 2315 si

1878 2347 2059 2399 adhuc
2072 2347 2387 2399 hominibus
2401 2349 2674 2414 placerem
2691 2347 2897 2400 Christi
2930 2364 3117 2400 servus
3135 2365 3246 2402 non
3287 2367 3469 2403 essem.

1880 2435 2070 2487 Placet
2097 2450 2230 2502 ergo
2261 2435 2467 2487 Paulus
2510 2440 2566 2486 et
2612 2450 2723 2486 non
2764 2435 2963 2503 placet,
2999 2436 3095 2505 qui
3122 2437 3179 2489 in
3220 2455 3284 2490 eo
3325 2439 3470 2508 quod

1882 2524 2103 2593 placere
2133 2523 2364 2592 a'ppetit,
2398 2540 2509 2575 non
2539 2540 2597 2575 se
2612 2523 2708 2575 sed
2726 2540 2825 2592 per
2841 2541 2897 2576 se
2921 2524 3239 2579 hominibus
3262 2527 3475 2597 placere

1881 2612 2175 2665 veritatem
2207 2611 2408 2681 quaerit
2439 2629 2449 2662 :
2478 2614 2789 2664 Imitatorcs
2824 2615 2929 2664 mei
2959 2618 3114 2667 estote
3145 2618 3283 2668 sicut
3312 2621 3361 2668 et
3386 2633 3477 2683 ego

1886 2702 2107 2754 Christi.
2129 2701 2342 2769 (Greg)
2375 2700 2699 2752 Humanum
2714 2704 2815 2765 est,
2841 2701 2986 2771 quod
3000 2701 3135 2755 dicit
3148 2710 3212 2756 ut
3238 2704 3479 2757 imitato-

1886 2806 1973 2843 res
2003 2790 2125 2857 ejus
2160 2788 2357 2853 simus,
2397 2788 2491 2858 qui
2525 2806 2559 2841 a
2589 2788 2703 2841 Deo
2745 2788 2904 2842 nobis
2935 2790 3203 2859 magister
3230 2793 3478 2847 indultus

211 2897 325 2933 vero
358 2880 548 2933 cordis
575 2879 783 2932 affectu
813 2880 1011 2931 offerre
1050 2895 1163 2931 non
1211 2877 1412 2948 potuit,
1456 2893 1557 2930 nec
1598 2876 1680 2929 fas
1720 2881 1805 2927 est
1886 2884 1987 2931 est.
2028 2878 2085 2931 Si
2128 2877 2278 2931 enim
2308 2877 2396 2930 hic
2434 2877 2533 2930 Dei
2576 2876 2829 2930 imitator
2879 2886 2980 2941 est,
3026 2896 3199 2949 quare
3230 2898 3339 2935 non
3379 2899 3479 2937 nos

208 2969 346 3022 credi
374 2985 507 3021 eum
542 2968 642 3038 qui
670 2968 893 3020 dixerat
924 2986 933 3018 :
966 2968 1030 3021 Si
1052 2970 1199 3020 enim
1232 2983 1350 3035 qua:
1385 2968 1655 3029 destruat,
1699 2965 1806 3017 haec
1829 3024 1867 3038 Α
1885 2966 2129 3020 hominis
2156 2966 2180 3017 ?
2210 2965 2341 3035 quia
2372 2966 2516 3019 sicut
2546 2967 2694 3018 Deus
2709 2967 2878 3019 Pater
2895 2967 3049 3021 misit
3061 2969 3347 3023 Christum
3366 2988 3480 3023 ma-

212 3061 404 3109 iterum
444 3058 669 3122 a'diﬁco,
718 3059 1199 3123 prevaricatorem
1241 3071 1322 3107 me
1356 3058 1625 3107 constituo
1659 3053 1798 3119 (Gal.
1825 3024 2125 3125 Cgistrum
2179 3061 2236 3107 et
2285 3060 2570 3107 auctorem
2620 3054 2763 3117 vitae,
2808 3055 2887 3108 ita
2941 3062 2997 3109 et
3036 3057 3291 3111 Christus
3329 3059 3479 3113 misit

208 3162 278 3211 ll).
310 3147 365 3199 in
400 3146 458 3198 id
489 3144 774 3209 incidisse,
808 3145 957 3214 quod
984 3144 1103 3214 ipse
1123 3144 1491 3197 damnaverat
1517 3159 1645 3196 cum
1683 3148 1805 3195 tan-

210 3242 321 3289 tum
350 3251 467 3288 non
499 3234 685 3302 magis
703 3250 791 3287 res
822 3233 945 3303 ipsa
968 3250 1090 3303 quae
1104 3233 1340 3302 geritur,
1362 3249 1531 3301 quam
1554 3230 1803 3300 gerentis

213 3334 475 3394 pensatur
502 3324 759 3389 aﬂ'ectus,
798 3329 861 3375 ut
892 3340 922 3375 e
953 3322 1232 3375 contrario
1275 3320 1608 3391 quibusdam
1651 3336 1805 3389 repe-

213 3412 382 3466 riatur
428 3412 638 3465 veritas
682 3411 957 3475 nocuisse,
1007 3428 1071 3465 ac
1112 3410 1386 3481 profuisse
1430 3408 1800 3463 mendacium.

1884 3145 2179 3214 Apostolos
2208 3142 2368 3196 nobis
2399 3142 2716 3212 magistros,
2749 3150 2813 3196 ut
2842 3145 3365 3200 eorumimitatores
3396 3165 3476 3201 es-

1886 3251 2094 3297 semus,
2125 3233 2257 3303 quia
2298 3233 2420 3301 ejus
2448 3248 2568 3284 esse
2601 3248 2711 3284 non
2740 3250 3054 3302 possumus.
3086 3236 3171 3288 Ita
3209 3237 3357 3289 enim
3398 3237 3477 3291 ait

1888 3322 2160 3376 Dominus
2192 3321 2261 3374 ad
2289 3322 2516 3374 Patrem
2548 3339 2558 3371 :
2590 3320 2743 3373 Sicut
2791 3327 2839 3373 et
2897 3339 2977 3374 me
3007 3326 3210 3376 misisti
3244 3327 3303 3377 in
3332 3326 3480 3378 hunc

1891 3412 2187 3472 ‘numdum,
2222 3413 2302 3463 ita
2357 3414 2405 3462 et
2442 3426 2533 3477 ego
2573 3412 2705 3461 misi
2759 3427 2842 3461 eos
2890 3412 2951 3462 in
3001 3411 3165 3464 hunc'
3208 3415 3479 3466 mundum

214 3503 348 3555 Nam
379 3501 572 3555 Doech
603 3500 886 3554 Idumaeus
914 3500 1032 3569 regi
1064 3499 1216 3553 Sauli
1248 3500 1317 3551 de
1349 3498 1483 3568 fuga
1514 3497 1686 3551 David
1712 3512 1805 3549 ρο·
1890 3498 2070 3570 (Joan.
2118 3502 2247 3565 xvn)
2285 3517 2296 3564 ;
2343 3504 2400 3552 et
2439 3498 2572 3569 quia
2611 3498 2845 3567 dignum
2899 3504 3037 3561 erat,
3070 3506 3130 3552 ut
3173 3500 3483 3555 imitatores

214 3607 326 3643 ram
341 3589 580 3643 famulis
598 3588 964 3659 conquerenti
987 3588 1257 3642 veraciter
1270 3587 1644 3658 proditionem
1658 3585 1804 3649 fecit,
1893 3589 2012 3658 ejus
2032 3588 2248 3651 fierent,
2264 3587 2385 3656 subj
2395 3586 2506 3652 icit,
2528 3594 2575 3641 et
2596 3603 2700 3655 pro
2720 3590 2795 3639 eis
2816 3590 3166 3655 sanctiﬁcabo
3191 3593 3454 3658 mcipsum
3468 3631 3481 3644 .

212 3696 304 3749 pro
337 3696 451 3749 qua
481 3678 721 3731 veritate
754 3678 1025 3732 eradicari
1063 3678 1131 3731 de
1167 3684 1320 3730 terra
1356 3675 1659 3729 viventium
1698 3690 1811 3727 me-
1893 3676 2176 3745 Quidquid
2204 3676 2261 3729 in
2292 3676 2373 3728 eis
2400 3677 2469 3729 de
2510 3674 2811 3729 visceribus
2843 3676 3087 3744 pietatis,
3117 3677 3385 3748 quidquid
3415 3680 3484 3733 de

212 3768 340 3825 ruit,
387 3784 457 3820 ac
500 3768 573 3820 de
617 3783 683 3819 eo
722 3766 929 3820 dicitur
967 3784 1066 3836 per
1101 3766 1485 3835 Prophetam:
1520 3766 1809 3832 Propterea
1894 3764 2323 3819 mansuetudine
2345 3764 2595 3833 spiritus,
2614 3763 3094 3832 quidquiddezelo
3113 3766 3481 3823 rectitudinis.

217 3858 346 3909 Deus
374 3858 623 3909 destruet
648 3860 713 3919 te,
750 3859 809 3908 in.
850 3859 1015 3921 ﬁnem
1032 3858 1210 3908 crcllct
1243 3860 1305 3917 te,
1341 3854 1640 3906 eradicabit
1672 3857 1719 3905 te
1747 3853 1809 3904 de
1894 3853 2164 3924 quidquid
2197 3854 2265 3905 de
2294 3852 2548 3905 custodia
2584 3850 2939 3915 humilitatis,
2979 3851 3246 3921 quidquid
3276 3854 3344 3907 de
3372 3855 3484 3907 fer-

217 3946 647 4009 tabernaculo,et
662 3945 902 3997 radicem
916 3945 1625 3996 tuamdeterraviventimn
1642 3942 1805 4007 (Psal,
1895 3959 2021 3996 vore
2051 3940 2341 3994 charitatis
2374 3945 2477 4004 est,
2512 3940 2614 3992 hoc
2643 3938 2713 3991 ab
2745 3938 2864 4008 ipso
2887 3938 3039 3991 fonte
3068 3939 3480 4005 misericordize,

216 4038 304 4100 Li).
341 4034 535 4103 [Aug]
572 4033 641 4085 Et
668 4032 970 4103 Apostolus
998 4031 1133 4085 dicit
1160 4049 1171 4083 :
1197 4032 1260 4087 Si
1292 4032 1471 4084 adimo
1495 4030 1809 4083 hominibus
1893 4031 1962 4084 ab
1979 4030 2100 4101 ipsa
2116 4030 2301 4082 radice
2314 4027 2864 4093 mansuetudinis,ab
2879 4028 2999 4098 ipsa
3016 4028 3221 4082 virtute
3226 4030 3479 4099 justitim,

213 4121 737 4190 placerem,Christi
766 4137 954 4174 servus
982 4137 1092 4174 non.
1112 4137 1273 4173 essem
1304 4120 1441 4187 (Gal.
1478 4119 1537 4187 ι),
1559 4134 1686 4171 cum
1702 4117 1811 4170 alio
1894 4119 1950 4173 id
1980 4125 2082 4184 est,
2116 4136 2152 4171 a
2178 4117 2485 4171 mediatore
2518 4117 2617 4171 Dei
2658 4122 2715 4170 et
2758 4116 3069 4183 hominum,
3101 4119 3217 4172 Deo
3248 4120 3485 4175 Domino

218 4211 330 4263 loco
359 4209 505 4263 dixit
555 4228 567 4260 :
616 4210 773 4264 Sicut
803 4226 895 4276 ego
924 4211 1178 4262 omnibus
1201 4224 1303 4277 per
1333 4210 1523 4261 omnia
1546 4209 1733 4275 placeo
1764 4208 1817 4272 (Ι
1894 4214 2206 4262 traxerunt.
2242 4208 2423 4277 Hujus
2454 4206 2696 4261 hominis
2711 4223 2771 4259 se
2799 4206 3225 4261 similitudinem
3258 4208 3481 4271 habere,

215 4301 335 4355 Cor.
370 4302 430 4365 Χ)
461 4317 475 4365 ς
509 4298 661 4368 quod
705 4298 801 4368 qui
835 4314 946 4351 non
975 4297 1297 4367 intelligunt
1325 4295 1670 4350 contrarium
1709 4311 1879 4369 pu-.n
1898 4298 2156 4369 egregius
2170 4296 2502 4367 pra3dicator
2521 4295 2783 4361 ostendit,
2809 4295 2997 4349 dicens
3022 4314 3031 4347 :
3053 4299 3365 4351 hnitatorcs
3382 4301 3491 4351 mei

216 4394 357 4451 tant,
389 4403 522 4439 cum
545 4387 641 4439 ille
671 4404 731 4439 se
745 4387 947 4440 dixerit
961 4403 1071 4440 non
1087 4387 1303 4456 placere
1324 4384 1664 4448 hominibus,
1684 4383 1815 4452 quia
1832 4383 1877 4397 "
1898 4391 2073 4449 estote,
2092 4388 2235 4438 sicut
2251 4390 2299 4438 et
2328 4401 2419 4451 ego
2439 4385 2660 4447 Christi,
2682 4384 2748 4435 ad
2781 4384 2901 4452 ejus
2929 4400 3030 4436 nos
3060 4383 3489 4438 similitudinem

216 4493 327 4529 non
358 4476 488 4528 ideo
524 4481 682 4528 recta
706 4474 961 4541 faciebat,
993 4482 1056 4529 ut
1086 4476 1330 4545 placeret
1358 4472 1699 4536 hominibus,
1718 4472 1816 4526 sed
1898 4491 2127 4544 surgere
2159 4474 2443 4537 admonet,
2467 4489 2594 4526 cum
2627 4470 2786 4524 dicit:
2808 4473 3034 4523 Primus
3064 4471 3221 4523 homo
3246 4474 3307 4523 de
3339 4478 3489 4524 terra.

217 4570 279 4617 ut
307 4565 447 4629 Deo,
481 4564 556 4617 ad
587 4565 747 4633 cujus
786 4580 1037 4617 amorem
1070 4564 1238 4617 corda
1265 4563 1558 4617 hominum
1598 4560 1820 4614 volebat
1902 4564 2455 4627 terrenus,secundus
2481 4562 2638 4613 homo
2655 4560 3289 4621 decwlo,ewlestis:sicut
3307 4565 3493 4628 porta-

218 4660 565 4717 convertere,
591 4670 658 4705 eo
674 4653 794 4723 ipso
825 4653 973 4723 quod
989 4652 1243 4723 placebat
1258 4650 1578 4706 hominibus
1597 4669 1608 4717 ;
1629 4650 1818 4719 itaque

218 4751 400 4795 etnon
421 4743 719 4813 seplacere
743 4741 1062 4795 hominibus
1093 4748 1239 4795 recte
1268 4739 1505 4805 dicebat,
1527 4739 1659 4810 quia
1672 4739 1730 4791 in
1754 4756 1818 4791 eo

219 4831 337 4901 ipso
366 4838 433 4884 ut
459 4832 581 4885 Deo
612 4831 862 4901 placeret
891 4830 1233 4894 intuebatur,
1254 4836 1312 4883 et
1336 4830 1670 4900 placendum
1699 4845 1819 4881 esse

220 4919 545 4973 hominibus
566 4926 717 4974 recte
748 4919 1107 4991 praecipiebat
1121 4937 1233 4973 non
1253 4924 1317 4973 ut
1336 4919 1441 4971 hoc
1462 4922 1823 4988 appeteretur

223 5016 490 5079 tanquam
521 5026 740 5064 merces
767 5016 920 5062 recte
946 5008 1237 5074 factorum,
1270 5008 1367 5061 sed
1397 5006 1529 5077 quia
1554 5007 1670 5059 Deo
1701 5006 1819 5076 pla—

223 5113 341 5152 cere
372 5114 489 5153 non
530 5105 743 5170 posset,
792 5097 890 5168 qui
922 5113 1034 5151 non
1072 5114 1129 5152 se
1172 5097 1260 5151 his
1302 5113 1441 5168 quos
1482 5096 1661 5149 salvos
1701 5094 1822 5147 ﬁeri

226 5184 383 5240 vellet
400 5188 683 5259 praeberet
697 5186 1043 5243 imitandum
1067 5205 1078 5239 :
1096 5186 1314 5241 Imitari
1324 5190 1517 5240 autem
1530 5184 1710 5248 illum,
1727 5183 1823 5252 qui

1902 4655 2081 4705 rimus
2111 4654 2415 4717 imaginem
2447 4651 2671 4711 terreni,
2679 4652 2961 4714 portemus
2992 4648 3355 4713 etimaginem
3377 4653 3493 4717 ejus

1901 4742 2000 4809 qui
2028 4741 2091 4793 de
2120 4743 2242 4793 coelo
2284 4738 2554 4791 descendit
2599 4733 2800 4803 (I-Cor.
2844 4738 2958 4800 xv).
3006 4735 3243 4789 Sanctus
3284 4736 3494 4790 etenim

1904 4829 2139 4899 quisque
2167 4828 2224 4880 in
2258 4830 2478 4879 tantum
2506 4825 2574 4877 ad
2593 4823 3023 4878 similitudinem
3052 4824 3221 4895 hujus
3252 4826 3496 4879 hominis

1902 4916 2144 4975 ducitur,
2172 4915 2227 4968 in
2249 4918 2524 4983 quantum
2538 4912 2710 4965 vitam
2731 4912 2817 4965 sui
2835 4912 3204 4983 redemptoris
3218 4914 3492 4979 imitatur,

1904 5022 2035 5058 nam
2064 5003 2132 5056 ab
2187 5004 2309 5072 ejus
2356 5001 2636 5055 mandatis
2676 5007 2845 5071 atque
2887 5001 2956 5055 ab
2988 5002 3247 5073 operibus
3287 5002 3495 5056 discor-

1903 5094 2056 5158 dare,
2091 5092 2223 5164 quid
2252 5096 2337 5144 est
2362 5090 2514 5144 aliud
2546 5107 2715 5161 quam
2731 5090 3148 5145 asimilitudine
3163 5092 3329 5161 longe
3344 5105 3498 5145 τεθει-

1905 5182 2035 5236 dere
2066 5182 2088 5231 ?
