3900 6196
193 1256 216 1270 ο

991 201 1052 253 Β.
1095 199 1366 254 RABANI
1405 199 1636 255 MAURI
1680 199 2016 254 ARCHIEP.
2059 195 2384 252 MOGUNT.
2427 191 2724 250 OPERUM
2761 192 2944 247 PARS
2983 193 3081 247 III.
3571 192 3676 250 100

426 323 2976 348 ”—_“———————————‘__

1151 444 1687 572 LIBER
1798 438 2926 570 UNDECIMUS.

1024 771 1257 825 CAPUT
1293 773 1388 826 X1.

411 877 668 943 Reprobat
689 875 973 944 Apostolus
998 893 1209 930 errores
1236 881 1382 933 circa
1421 882 1786 932 celebritatem
1814 895 2000 933 sacro-

482 953 681 1000 sanctae
705 949 872 1002 eucha
883 949 1052 1002 ristia
1079 955 1127 1001 et
1156 951 1270 1002 viri
1297 954 1722 1017 prmeminentiz
1742 969 1755 1011 ;
1773 954 1931 1018 ponit
1952 956 2001 1003 et

485 1018 828 1072 eueharistiz
841 1021 1184 1087 dignitatem,
1205 1026 1253 1074 et
1271 1023 1446 1075 ritum
1463 1023 1720 1074 sumendi
1735 1023 1937 1078 bonum
1953 1027 1998 1074 et

483 1092 906 1144 convenientem.

485 1214 664 1268 Laudo
691 1220 876 1268 autem
916 1231 1026 1279 vos,
1071 1218 1298 1284 fratres,
1331 1218 1474 1284 quod
1514 1232 1612 1284 per
1650 1219 1840 1269 omnia
1906 1219 2012 1268 mei

417 1318 672 1356 memores
702 1307 844 1368 estis,
891 1309 940 1356 et
969 1307 1109 1358 sicut
1165 1306 1375 1358 tradidi
1404 1306 1552 1358 vobis
1582 1310 1846 1373 pra’ce’p‘ta
1885 1321 2006 1357 mea

415 1393 620 1444 tenetis.
655 1389 892 1455 (Ambr.)
913 1392 1216 1462 Postquam
1235 1409 1419 1446 mores
1446 1399 1502 1446 et
1523 1393 2003 1446 conversationem

415 1478 638 1531 illorum
654 1479 858 1548 arguit,
875 1496 1023 1534 nunc
1038 1481 1370 1535 traditiones
1397 1483 1516 1535 vult
1539 1481 1838 1551 corrigere.
1874 1481 2004 1534 Ideo

414 1583 527 1620 non
541 1567 643 1620 hoc
661 1568 975 1630 conﬁrmat,
1003 1569 1101 1622 sed
1126 1575 1415 1623 succenset
1437 1571 1538 1636 eis,
1565 1571 1698 1640 quia
1715 1587 1842 1623 cum
1859 1574 2008 1622 esset

410 1655 710 1724 Apostolus
749 1673 963 1719 eorum,
1005 1657 1366 1712 immemores
1419 1665 1583 1712 erant
1635 1659 2006 1712 traditionum

413 1745 554 1813 ejus,
589 1761 788 1814 neque,
823 1746 972 1815 quod
1000 1747 1180 1800 adhuc
1193 1763 1306 1800 non
1322 1747 1636 1800 didicerant
1671 1765 1736 1800 ex
1767 1747 2007 1801 aliarum

414 1831 782 1888 Ecclesiarum
829 1834 1135 1888 traditione
1185 1836 1582 1906 sequebantur.
1640 1853 1704 1890 ac
1755 1853 1856 1906 per
1907 1837 2011 1889 hoc

414 1922 575 1990 quasi
613 1923 832 1976 noviter
867 1923 1042 1977 tradit
1079 1924 1187 1978 illis
1225 1925 1416 1978 dicens
1459 1943 1469 1976 :
1525 1927 1642 1980 Volo
1690 1931 1876 1978 autem
1920 1941 2008 1978 eos

415 2013 554 2063 scire
583 2013 726 2078 quod
757 2015 937 2065 omnis
965 2015 1080 2065 viri
1107 2019 1270 2081 caput
1300 2014 1548 2067 Christus
1564 2020 1658 2068 est.
1678 2015 1762 2068 Ad
1774 2014 2011 2068 auctori-

2021 776 2279 842 Aturpat
2308 779 2470 841 caput
2506 789 2691 826 suum.
2729 771 3149 837 (Ambr.)0rare
3177 769 3312 822 dicit
3346 768 3632 838 deprecari
3671 785 3683 818 :

2085 863 2421 932 prophetare
2448 867 2638 914 autem
2667 861 2967 914 adventum
2994 860 3111 912 fore
3135 857 3356 911 Domini
3377 873 3508 910 voce
3537 872 3693 926 sym-

2085 950 2197 1003 boli
2217 956 2342 1020 post
2359 950 2672 1003 orationem
2691 949 2970 1002 eﬁari.0m
2981 951 3067 1001 nis
3087 953 3271 1000 autem
3301 948 3507 1000 mulier
3518 961 3692 998 orans

2088 1045 2185 1092 aut
2217 1040 2545 1108 prophetam
2590 1055 2700 1092 non
2746 1041 2916 1093 relato
2965 1039 3152 1104 capite,
3195 1036 3486 1102 confundit
3525 1038 3694 1102 caput

2092 1145 2259 1180 suum
2291 1148 2307 1182 :
2339 1143 2516 1181 unum
2553 1133 2638 1180 est
2663 1127 2812 1180 enim
2845 1131 3013 1196 atque
3042 1124 3307 1194 idipsum,
3339 1129 3402 1175 ut
3433 1121 3692 1176 decalve-

2094 1223 2188 1270 tur
2205 1234 2216 1282 ;
2232 1220 2283 1269 si
2301 1222 2483 1270 autem
2508 1231 2619 1269 non
2640 1219 2858 1270 velatur
2880 1217 3084 1267 mulier
3105 1215 3423 1266 tondeatur:
3439 1214 3488 1264 si
3501 1215 3690 1264 autem

2097 1312 2253 1374 turpe
2283 1311 2356 1358 est
2395 1301 2628 1358 mulieri
2655 1306 2870 1358 tonderi
2896 1309 2995 1356 aut
3031 1304 3311 1356 decalvari
3334 1304 3466 1354 velet
3503 1305 3690 1368 caput,

2085 1398 2176 1448 vir
2205 1397 2360 1448 enim
2389 1411 2494 1448 non
2539 1395 2685 1447 debet
2723 1395 2902 1446 velare
2934 1396 3116 1458 caput,
3151 1407 3272 1442 cmn
3314 1393 3384 1442 sit
3422 1391 3607 1456 imago
3640 1393 3692 1440 et

2087 1486 2268 1550 gloria
2292 1485 2390 1536 Dei
2399 1481 2690 1545 .‘Quamvis
2721 1498 2833 1534 una
2860 1479 3173 1534 substantia
3201 1478 3277 1531 sit
3301 1484 3358 1530 et
3380 1478 3465 1530 vir
3483 1482 3540 1530 et
3567 1492 3695 1530 mu-

2088 1571 2210 1635 lier,
2233 1577 2424 1624 tamen
2465 1570 2600 1640 quia
2633 1570 2718 1622 vir
2736 1575 2904 1638 caput
2928 1575 3013 1622 est
3037 1559 3306 1632 mulieris,
3339 1571 3693 1635 anteponen-

2090 1659 2194 1712 dus
2222 1659 2484 1718 traditur,
2517 1664 2582 1712 ut
2611 1675 2712 1728 per
2739 1673 2966 1711 causam
2997 1662 3054 1710 et
3073 1656 3351 1708 rationem
3379 1655 3562 1724 major
3591 1654 3690 1708 sit.

2090 1764 2203 1801 non
2234 1764 2334 1817 per
2362 1746 2754 1800 substantiam.
2775 1745 3010 1800 Inferior
3038 1761 3170 1813 ergo
3203 1743 3406 1796 mulier
3433 1743 3550 1795 viro
3581 1747 3691 1809 est,

2093 1836 2275 1905 portio
2303 1837 2454 1890 enim
2483 1837 2604 1906 ejus
2634 1840 2720 1888 est
2745 1855 2756 1900 ;
2782 1835 2913 1904 quia
2930 1833 3086 1902 origo
3120 1832 3372 1886 mulieris
3397 1831 3482 1884 vir
3501 1836 3692 1894 est,ex

2092 1941 2158 1978 eo
2183 1925 2333 1978 enim
2365 1930 2466 1987 est,
2501 1940 2564 1978 ac
2595 1918 2696 1994 per
2725 1923 2830 1976 hoc
2859 1921 3095 1976 obnoxia
3122 1921 3345 1974 videtur
3374 1919 3583 1972 mulier
3606 1919 3708 1971 vi—'
3763 1953 3772 1959 ι

2093 2027 2173 2076 ro,
2215 2019 2278 2066 ut
2316 2012 2553 2082 imperio
2592 2013 2713 2082 ejus
2753 2011 3005 2081 subjecta
3045 2009 3119 2063 sit
3151 2027 3161 2060 :
3201 2007 3692 2062 honoriﬁcentiam

415 2103 592 2152 tatem
608 2099 820 2166 retulit,
837 2101 968 2170 quia
987 2101 1332 2155 homoaDeo
1352 2102 1597 2172 quidem,
1621 2103 1716 2156 sed
1734 2120 1832 2174 per
1848 2103 2011 2156 Chri-
2030 2091 2076 2150 B
2096 2106 2152 2154 et
2206 2101 2556 2171 dignitatem
2594 2100 2696 2153 viri
2750 2099 2971 2153 obstare
3023 2098 3158 2152 dicit
3199 2115 3269 2150 ne
3313 2097 3461 2150 velet
3499 2102 3688 2166 caput.

417 2195 586 2240 stum.
619 2189 793 2256 Caput
833 2195 1015 2242 autem
1060 2193 1316 2243 mulieris
1343 2194 1448 2244 vir.
1482 2191 1627 2254 Quia
1665 2193 1918 2262 quamvis
1957 2198 2012 2244 et

415 2276 619 2329 mulier
648 2293 748 2346 per
776 2278 1081 2343 Christum,
1133 2279 1203 2332 de
1247 2280 1364 2334 viro
1392 2285 1586 2333 tamen
1617 2280 1762 2334 facta
1803 2289 1906 2346 est,
1949 2298 2012 2333 ac

416 2380 516 2434 per
541 2365 644 2417 hoc
675 2365 969 2438 subjicitur
1011 2367 1148 2420 viro.
1189 2369 1360 2436 Caput
1387 2373 1570 2421 autem
1603 2369 1810 2423 Christi
1852 2371 2006 2422 Deus.

413 2452 659 2522 Dignum
695 2461 798 2519 est,
844 2460 907 2508 ut
935 2455 1034 2508 ﬁlii
1062 2463 1231 2526 caput
1257 2457 1426 2508 Pater
1451 2457 1687 2520 dicatur,
1723 2457 1881 2527 quasi
1920 2474 2012 2526 ge-

416 2541 564 2594 nitor
595 2543 735 2610 ejus.
769 2543 949 2596 Aliter
977 2549 1168 2598 tamen
1199 2551 1367 2614 caput
1393 2545 1495 2596 viri
1536 2545 1793 2598 Christus
1823 2552 1908 2598 est
1937 2551 2012 2610 ,et

413 2629 578 2682 aliter
605 2631 688 2682 vir
717 2631 986 2694 mulieris,
1021 2639 1078 2684 et
1105 2632 1271 2686 aliter
1299 2633 1446 2686 Deus
1472 2640 1642 2703 caput
1667 2634 1874 2687 Christi
1904 2641 2006 2688 est.

415 2717 564 2771 Deus
590 2724 782 2772 autem
812 2719 936 2773 ideo
967 2721 1376 2790 caput-Christi
1415 2728 1519 2784 est,
1571 2723 1704 2792 quia
1735 2723 1804 2776 de
1830 2739 1896 2776 eo
1927 2724 2011 2776 vel

416 2804 486 2859 ab
516 2805 636 2876 ipso
663 2807 890 2875 genitus
920 2814 1008 2862 est
1038 2827 1050 2874 ;
1099 2809 1352 2863 mulieris
1392 2826 1522 2862 vero
1550 2809 1752 2863 idcirco
1792 2811 1876 2863 vir
1905 2819 2008 2876 est,

419 2893 553 2962 quia
581 2911 645 2947 ex
671 2897 793 2964 ejus
813 2901 968 2950 costa
997 2897 1098 2950 Dei
1124 2897 1331 2951 virtute
1360 2898 1600 2952 formata
1630 2905 1732 2952 est.
1755 2899 2012 2952 Christus

419 2989 608 3036 autem
636 2983 762 3037 ideo
794 2991 962 3054 caput
987 2985 1090 3038 viri
1121 2993 1224 3051 est,
1242 2987 1376 3056 quia
1404 3003 1505 3056 per
1532 2987 1718 3057 ipsum
1755 3003 1881 3041 cum
1899 3004 2010 3041 non

419 3078 583 3137 esset,
614 3079 834 3126 creatus
861 3079 964 3128 est.
996 3075 1120 3128 Una
1145 3091 1278 3144 ergo
1316 3075 1485 3129 dictio
1527 3076 1802 3130 diversam
1845 3075 2013 3130 habet

419 3160 868 3230 intelligentiam,
902 3162 1034 3232 quia
1073 3171 1131 3216 et
1159 3179 1408 3232 persona:
1442 3164 1761 3235 discrepant
1787 3172 1844 3219 et
1878 3165 2010 3219 sub-

417 3249 657 3304 stantiae.
695 3251 879 3319 (Aug.)
913 3250 974 3305 Si
1006 3252 1153 3305 Deus
1184 3268 1297 3306 non
1327 3253 1436 3307 nisi
1469 3254 1660 3306 omnia
1683 3254 1848 3307 simul
1878 3255 2008 3315 tria,

423 3340 701 3408 quomodo
729 3347 897 3410 caput
925 3341 1133 3393 Christi
1170 3341 1321 3394 Deus
1364 3341 1420 3394 id
1465 3349 1568 3406 est,
1603 3350 1771 3412 caput
1801 3343 2008 3396 Christi

2096 2191 2286 2259 Imago
2316 2190 2466 2242 enim
2507 2189 2607 2242 Dei
2643 2189 3015 2258 incongruum
3055 2193 3156 2252 est,
3203 2193 3265 2240 ut
3292 2186 3523 2251 celetur,
3559 2184 3692 2238 abs-

2095 2279 2256 2332 condi
2285 2279 2435 2331 enim
2467 2295 2580 2331 non
2611 2277 2794 2334 debet.
2840 2277 2940 2330 Dei
2977 2275 3128 2328 enim
3156 2274 3337 2345 gloria
3372 2274 3594 2327 videtur
3631 2275 3694 2326 in

2095 2369 2230 2420 viro.
2267 2369 2468 2420 Mulier
2505 2373 2690 2420 autem
2725 2369 2907 2434 gloria
2945 2369 3061 2418 viri
3098 2371 3190 2417 est.
3235 2364 3476 2416 Multum
3517 2363 3694 2416 distat

2097 2458 2244 2509 inter
2281 2456 2519 2524 gloriam
2559 2455 2680 2519 Dei,
2719 2461 2776 2508 et
2819 2454 3058 2523 gloriam
3101 2453 3201 2505 viri
3249 2470 3258 2504 :
3304 2451 3388 2505 vir
3426 2452 3579 2505 enim
3617 2451 3692 2504 ad

2094 2545 2399 2613 imaginem
2432 2545 2533 2598 Dei
2565 2544 2742 2597 factus
2775 2551 2877 2607 est,
2921 2559 3031 2596 non
3059 2541 3277 2595 mulier.
3317 2541 3446 2594 Ηεεο
3474 2547 3559 2594 est.
3586 2556 3694 2592 au-

2094 2639 2208 2685 tem
2239 2634 2424 2702 imago
2462 2633 2562 2686 Dei
2599 2633 2657 2685 in
2687 2633 2824 2698 viro,
2859 2632 2989 2702 quia
3027 2647 3172 2684 unus
3211 2640 3387 2684 unam
3427 2629 3558 2682 fecit
3585 2629 3694 2682 ho-

2093 2721 2322 2787 minem,
2352 2729 2417 2774 ut
2441 2722 2586 2774 sicut
2621 2721 2691 2774 ab
2721 2738 2834 2774 uno
2862 2721 2976 2774 Deo
3007 2725 3138 2773 sunt
3169 2719 3376 2784 omnia,
3393 2719 3474 2771 ita
3502 2724 3692 2771 essent

2094 2816 2151 2863 et
2178 2810 2248 2864 ab
2279 2827 2391 2863 uno
2419 2811 2646 2863 homine
2677 2827 2871 2863 omnes
2891 2809 3164 2873 homines,
3193 2811 3258 2860 ut
3286 2807 3452 2860 unius
3476 2807 3578 2860 Dei
3607 2807 3696 2860 in-

2094 2898 2324 2952 visibilis
2355 2915 2500 2953 unus
2539 2899 2705 2952 homo
2739 2897 2968 2952 visibilis
3006 2897 3312 2966 imaginem
3355 2895 3587 2948 haberet
3629 2895 3690 2948 in

2095 2989 2278 3054 terris,
2311 2994 2376 3041 ut
2402 3005 2548 3042 unus
2585 2987 2734 3040 Deus
2764 2986 2820 3040 in
2852 3003 2964 3040 uno
2995 2986 3222 3040 homine
3260 2985 3544 3038 videretur
3581 3000 3691 3036 au-

2093 3077 2410 3130 ctoritatem
2442 3076 2610 3130 unius
2639 3075 2896 3146 principii
2935 3089 3262 3128 conservare
3304 3075 3373 3127 ad
3405 3073 3689 3127 conlusio-

2093 3181 2222 3219 nem
2243 3165 2468 3226 diaboli,
2485 3165 2579 3235 qui
2610 3164 2716 3218 sibi
2734 3165 2988 3234 neglecto
3015 3181 3128 3217 uno
3148 3165 3282 3229 Deo,
3307 3163 3601 3216 dominum
3631 3168 3694 3214 et

2093 3253 2444 3308 divinitatem
2469 3254 2646 3306 voluit
2657 3239 2930 3322 usurpare
2947 3272 2957 3308 :
2973 3253 3120 3322 quod
3143 3253 3418 3322 propheta
3436 3250 3693 3304 Ezechiel

2093 3343 2388 3411 signiﬁcat,
2427 3351 2482 3395 et
2511 3344 2810 3412 Apostolus
2841 3343 3010 3406 idem,
3049 3341 3130 3393 ait
3171 3341 3320 3394 enim
3360 3358 3370 3392 :
3411 3342 3494 3394 Ita
3529 3345 3588 3392 ut
3625 3342 3689 3393 in

416 3402 658 3493 trinitas,
675 3402 879 3482 cum-in
897 3427 1150 3482 trinitate
1175 3431 1250 3483 sit
1275 3402 1637 3494 Christus,ut
1659 3402 2008 3485 sittrinitas?
2031 3402 2290 3499 θεοληψία
2336 3402 2432 3485 Dei
2458 3402 2652 3496 sedeat,
2686 3433 2966 3484 ostendens
3097 3433 3259 3498 quasi
3293 3433 3367 3482 sit
3425 3431 3561 3483 Deus
3609 3428 3694 3491 (ΙΙ

419 3516 505 3568 An
534 3517 682 3585 quod
711 3523 797 3570 est
825 3517 992 3570 Pater
1021 3534 1150 3570 cum
1176 3518 1314 3571 Filio
1343 3525 1509 3589 caput
1537 3526 1623 3572 est
1649 3520 1720 3585 ei,
1754 3521 1902 3589 quod
1927 3526 2014 3574 est
2100 3521 2270 3573 Thess.
2294 3525 2370 3589 ιι).
2399 3520 2589 3590 [Aug]
2620 3521 2704 3572 Ad
2738 3520 3018 3572 Romanos
3054 3535 3184 3572 vero
3221 3518 3300 3572 sic
3335 3517 3470 3572 dicit
3495 3535 3504 3568 :
3550 3518 3690 3584 Qui-

415 3603 566 3658 solus
581 3605 622 3658 F
625 3605 753 3658 ilius
768 3605 792 3657 ’t
805 3622 934 3660 cum
949 3606 1088 3660 Filio
1106 3605 1257 3660 enim
1272 3608 1445 3662 Pater
1461 3609 1627 3668 Deus,
1647 3609 1799 3661 solus
1821 3615 2010 3663 autem
2093 3625 2156 3661 cu
2167 3625 2322 3676 mque
2347 3612 2492 3662 enim
2527 3611 2586 3661 in
2604 3609 2674 3664 Ch
2684 3611 2817 3660 risto
2851 3609 3115 3676 baptismi
3131 3610 3254 3660 estis
3286 3608 3567 3662 Christum
3600 3609 3692 3660 in-

413 3693 590 3748 Filius
614 3694 871 3748 Christus
893 3701 997 3760 est,
1027 3695 1269 3749 maxime
1301 3697 1435 3766 quia
1457 3699 1576 3766 jam
1606 3697 1852 3751 Verbum
1881 3715 2008 3751 caro
2095 3699 2294 3750 duislis
2339 3717 2354 3749 :
2409 3713 2518 3750 non
2563 3702 2637 3750 est
2693 3699 2914 3750 Juda’us
2951 3712 3119 3763 neque
3163 3699 3407 3759 Cra’cus;
3451 3711 3561 3746 non
3612 3699 3692 3747 est

413 3780 642 3847 factum,
663 3782 928 3854 loquitur,
955 3785 1264 3838 secundum
1295 3802 1462 3856 quam
1495 3787 1871 3840 humilitatem
1889 3787 2012 3856 ejus
2093 3801 2295 3849 servus,
2326 3802 2496 3854 neque
2513 3787 2681 3849 liber;
2705 3802 2814 3838 non
2831 3791 2904 3838 est
2934 3789 3227 3848 masculus,
3251 3800 3418 3852 neque
3432 3785 3644 3850 femina
3671 3801 3687 3834 :

413 3869 584 3923 etiam
615 3871 798 3940 major
825 3878 912 3926 est
942 3873 1110 3926 Pater
1135 3873 1278 3928 sicut
1310 3873 1445 3927 dicit
1478 3893 1488 3926 :
1528 3877 1800 3941 Quoniam
1849 3877 2011 3928 Pater

417 3963 597 4027 major
626 3977 708 4011 me
738 3966 828 4022 est,
862 3965 928 4012 ut
955 3960 1258 4029 hocipsum
1273 3963 1454 4016 Deum
1473 3979 1591 4016 esse
1620 3963 1768 4031 quod
1787 3962 1866 4016 illi
1881 3979 2007 4016 cum

415 4045 580 4100 Patre
608 4063 786 4100 unum
818 4053 922 4112 est,
937 4054 1106 4118 caput
1136 4049 1210 4101 sit
1235 4050 1478 4103 hominis
1509 4050 1832 4104 mediatoris
1859 4051 2005 4120 quod

414 4132 532 4204 ipse
561 4135 712 4189 solus
741 4140 844 4189 est.
862 4135 921 4189 Si
949 4136 1102 4188 enim
1133 4145 1378 4190 mentem
1407 4143 1558 4191 recte
1591 4139 1833 4192 diximus
1858 4138 2006 4208 prin-

415 4221 590 4293 cipale
615 4223 879 4288 hominis,
899 4223 954 4277 id
985 4229 1088 4289 est,
1121 4230 1388 4294 tanquam
1411 4231 1580 4296 caput
1598 4227 1858 4280 humanae
1883 4226 2009 4280 sub-

415 4312 654 4379 stantiae,
669 4330 795 4368 cum
816 4313 936 4384 ipse
951 4313 1119 4367 homo
1131 4329 1258 4366 cum
1285 4320 1472 4368 mente
1491 4315 1565 4368 sit
1585 4315 1771 4379 homo,
1786 4333 1885 4370 cur
1897 4332 2008 4370 non

413 4401 592 4455 multo
603 4403 1002 4472 congruentius
1025 4403 1313 4472 multoque
1325 4402 1506 4471 magis
1525 4403 1754 4457 verbum
1767 4421 1894 4458 cum
1907 4405 2008 4458 Pa-

414 4494 500 4542 tre
530 4492 679 4560 quod
707 4491 877 4544 simul
905 4493 1055 4546 Deus
1075 4497 1179 4558 est,
1203 4498 1372 4562 caput
1391 4498 1476 4545 est
1497 4491 1702 4546 Christi
1718 4493 2008 4564 ?quamvis

414 4577 672 4632 Christus
695 4580 860 4633 homo
879 4581 986 4633 nisi
1010 4598 1137 4634 cum
1160 4581 1325 4636 verbo
1347 4582 1496 4652 quod
1515 4598 1644 4635 caro
1665 4582 1870 4636 factum
1903 4589 2004 4648 est,

413 4665 652 4736 intelligi
667 4683 778 4720 non
806 4669 998 4736 possit.
1021 4671 1217 4737 (Greg.)
1233 4671 1281 4724 Ν
1284 4687 1376 4724 am
1401 4671 1762 4742 Evangelium
1774 4671 2005 4726 Joannis

411 4760 628 4821 narrat,
661 4755 951 4809 sudarium
979 4759 1128 4827 quod
1155 4760 1340 4814 fuerat
1363 4778 1532 4832 super
1549 4769 1717 4832 caput
1738 4763 1877 4831 ejus,
1893 4777 2005 4814 non

413 4859 543 4900 cum
554 4843 976 4898 linteaminibus
988 4846 1230 4915 positum
1239 4889 1250 4911 ,
1269 4851 1362 4901 sed
1381 4850 1682 4919 separatim
1694 4850 2004 4902 involutum

415 4931 474 4986 in
485 4948 661 4986 unum
671 4931 854 4984 locum
863 4933 1027 4994 .Quid
1039 4951 1160 4987 esse
1171 4935 1374 4988 fratres
1386 4938 1684 5002 credimus,
1693 4938 2006 5008 quodsuda-

408 5021 562 5076 rium
573 5019 771 5091 capitis
781 5019 1002 5073 Domini
1015 5038 1142 5074 cum
1162 5021 1580 5079 linteaminibus
1601 5043 1712 5092 non
1724 5026 2006 5080 invenitur

2093 3889 2276 3927 omnes
2297 3877 2446 3927 enim.
2467 3891 2556 3926 vos
2577 3891 2755 3928 unum
2777 3877 2902 3926 estis
2922 3876 2984 3925 in
2995 3874 3207 3928 Christo
3221 3875 3346 3926 Jesu
3361 3872 3561 3938 {'Galat.
3582 3874 3660 3930 In)
3673 3911 3685 3922 .

2091 3961 2358 4032 Nunquid
2379 3962 2554 4032 igitur
2574 3963 2768 4015 ﬁdeles
2798 3961 3018 4014 feminae
3041 3978 3235 4016 sexum
3271 3959 3523 4031 corporis
3548 3959 3690 4012 ami-

2089 4057 2301 4115 serunt,
2335 4052 2431 4104 sed
2469 4051 2600 4120 quia
2633 4051 2710 4103 ibi
2743 4055 3084 4104 renovantur
3121 4051 3190 4103 ad
3223 4049 3528 4118 imaginem
3559 4048 3684 4111 Dei,

2089 4139 2183 4192 ubi
2206 4155 2370 4192 sexus
2389 4140 2575 4192 nullus
2591 4145 2694 4202 est,
2709 4138 2786 4192 ibi
2807 4139 2983 4192 factus
3005 4145 3088 4192 est
3105 4139 3271 4192 homo
3291 4139 3360 4190 ad
3379 4137 3689 4206 imaginem

2090 4227 2210 4294 Dei,
2243 4227 2338 4280 ubi
2369 4244 2532 4280 sexus
2557 4227 2744 4281 nullus
2772 4234 2874 4293 est,
2907 4228 3010 4281 hoc
3044 4233 3130 4280 est
3157 4227 3214 4279 in
3248 4227 3449 4296 spiritu
3480 4225 3690 4278 mentis

2091 4332 2222 4370 suae.
2249 4318 2362 4370 Cur
2383 4333 2514 4384 ergo
2537 4316 2621 4368 vir
2641 4323 2938 4387 propterea
2965 4333 3077 4370 non
3104 4315 3270 4368 debet
3289 4322 3456 4386 caput
3475 4315 3684 4378 velare,

2091 4405 2224 4475 quia
2257 4405 2444 4474 imago
2483 4411 2569 4458 est
2596 4410 2653 4457 et
2682 4405 2862 4474 gloria
2894 4405 3014 4458 Dei.
3047 4405 3250 4458 Mulier
3276 4409 3467 4458 autem
3495 4401 3686 4467 debet,

2092 4494 2224 4564 quia
2241 4493 2422 4563 gloria
2450 4500 2536 4546 est
2562 4493 2684 4558 viri,
2711 4493 2869 4562 quasi
2892 4493 3095 4547 mulier
3122 4510 3234 4547 non
3257 4498 3555 4546 renovetur
3573 4491 3689 4562 spi-

2091 4583 2203 4636 ritu
2226 4583 2432 4636 mentis
2461 4599 2574 4636 suae
2607 4582 2702 4652 qui
2737 4587 3036 4636 renovatur
3063 4582 3122 4636 in
3153 4582 3440 4652 agnitione
3469 4580 3571 4634 Dei
3601 4597 3688 4634 se-

2091 4672 2337 4725 cundum
2369 4671 2675 4741 imaginem
2696 4672 2818 4740 ejus
2851 4671 2947 4742 qui
2977 4671 3187 4724 creavit
3212 4671 3392 4734 illum,
3424 4669 3521 4723 sed.
3549 4669 3688 4739 quia

2090 4760 2263 4814 distat
2281 4777 2415 4814 sexu
2443 4777 2477 4814 a
2503 4760 2639 4827 viro,
2664 4760 2770 4814 rite
2790 4761 2974 4830 potuit
3001 4761 3060 4814 in
3087 4761 3207 4829 ejus
3235 4758 3511 4829 corporali
3538 4758 3692 4811 vela.-

2088 4855 2278 4902 mento
2307 4849 2536 4918 ﬁgurari
2559 4865 2689 4919 pars
2709 4849 2806 4902 illa
2825 4849 3078 4907 rationis,
3105 4865 3226 4918 quae
3245 4848 3318 4901 ad
3346 4845 3684 4918 temporalia

2085 4937 2454 5006 gubernanda
2476 4937 2812 5002 dellectitur,
2839 4944 2904 4990 ut
2933 4953 3045 4990 non
3081 4942 3308 4990 maneat
3335 4935 3522 5005 imago
3553 4934 3682 4992 Dei.

2087 5026 2196 5080 nisi
2227 5043 2292 5080 ex
2321 5044 2432 5096 qua
2462 5033 2620 5096 parte
2655 5043 2812 5080 mens
2842 5025 3086 5078 hominis
3114 5026 3338 5079 aeternis
3367 5023 3685 5078 rationibus

412 5110 471 5162 in
502 5115 864 5163 monumento
895 5109 918 5161 ?
946 5109 1051 5162 nisi
1083 5109 1216 5180 quia
1253 5116 1556 5166 attestante
1601 5115 1794 5178 Paulo,
1829 5117 2002 5182 Caput
2087 5115 2596 5185 conspiciendisvel
2615 5114 2969 5168 consulendis
2991 5113 3338 5178 adhzerescit,
3365 5129 3533 5184 quam
3565 5127 3681 5164 non

414 5198 620 5251 Christi
637 5200 794 5263 Deus,
811 5206 870 5253 et
887 5193 1194 5252 divinitatis
1217 5199 1800 5270 incomprehensibilia
1822 5220 2004 5256 sacra-
2087 5205 2268 5257 solum
2289 5204 2582 5268 masculos,
2597 5203 2694 5257 sed
2714 5203 2952 5256 feminas
2971 5203 3177 5256 habere
3195 5203 3554 5256 manifestum
3571 5207 3678 5253 est.

414 5291 730 5339 mentorum
742 5287 812 5339 ab
830 5287 1176 5341 infirmitatis
1187 5293 1393 5342 nostrae
1405 5290 1719 5358 cognitione
1739 5291 2004 5346 distincta
2087 5293 2307 5362 Ergoin
2327 5309 2523 5346 eorum
2544 5291 2826 5344 mentibus
2847 5292 3160 5346 communis
3177 5297 3380 5345 natura
3396 5289 3682 5359 cognosci-

413 5380 562 5440 sunt,
577 5375 808 5445 ejusque
818 5376 1348 5446 potentiacreatume
1359 5381 1997 5435 transcenditnaturam.
2085 5388 2178 5434 tur
2202 5399 2212 5432 :
2240 5381 2300 5434 in
2330 5397 2525 5436 eorum
2547 5396 2674 5434 vero
2703 5379 3027 5450 corporibus
3061 5380 3238 5450 ipsius
3269 5379 3436 5434 unius
3471 5376 3682 5432 mentis

487 5460 676 5520 Omnis
701 5465 791 5518 vir
819 5479 988 5520 orans
1022 5469 1124 5520 aut
1143 5465 1474 5535 prophetam
1499 5471 1673 5524 uelato
1705 5473 1878 5537 capite
1905 5471 1997 5524 de-
2085 5469 2406 5526 distributio
2443 5470 2736 5538 ﬁguratur.
2789 5469 2913 5524 Non
2952 5474 3029 5524 est
3067 5471 3156 5524 vir
3191 5485 3256 5524 ea:
3291 5471 3544 5534 muliere,
3587 5468 3682 5520 sed
