3974 6188
300 245 376 297 101
737 244 1311 302 ENARRATIONUN
1350 248 1426 302 IN
1466 248 1620 301 EPP.
1661 248 1875 302 PAULI
1916 250 2051 304 LIB.
2092 251 2187 304 X1.
2225 280 2287 288 —
2328 249 2404 302 IN
2430 234 2665 302 -EPIST.
2710 249 2733 302 Ι
2774 248 2869 301 AD
2912 249 3077 304 COR.
3438 250 3537 306 102

294 372 471 421 mulier
498 384 566 422 ea:
588 373 704 422 viro
729 388 741 420 :
767 374 969 424 etenim
1010 389 1121 425 non
1159 380 1234 427 est
1272 380 1488 427 creatus
1524 376 1613 427 vir
1634 379 1857 441 propter
1873 376 1926 434 A
1945 374 2136 428 dicens
2169 393 2179 425 :
2219 375 2324 428 Nec
2344 376 2461 441 ipsa
2486 379 2694 426 natura
2712 374 2859 426 docet
2878 390 2984 427 vos.
3015 374 3159 437 Quia
3182 375 3262 427 vir
3284 376 3530 445 quidem,

294 460 664 520 mulierem,sed
681 462 884 511 mulier
892 465 1630 530 proptercirum.Pr0pterea
1648 465 1854 515 mulier
1937 464 1983 516 si
2005 480 2221 517 comam
2239 462 2515 521 habuerit,
2542 462 2644 514 hoc
2660 461 2967 515 secundum
2987 462 3168 531 legem
3185 463 3403 517 locutus
3425 469 3526 527 est,

287 547 409 597 debet
424 553 725 613 potestatem
756 548 951 601 habere
975 565 1145 616 supra
1171 557 1333 617 caput
1359 556 1580 619 propter
1610 555 1848 617 angelos.
1938 551 2197 621 prohibet
2226 551 2377 603 enim
2405 551 2583 604 virum
2617 568 2735 603 esse
2766 557 3047 603 comatum
3075 570 3084 602 :
3116 553 3318 605 Mulier
3347 559 3531 606 autem

290 634 501 702 (Ambr.)
556 636 819 688 Yelamen
878 644 1213 706 potestatem
1271 639 1575 708 signiﬁcat;
1625 640 1854 707 angelos
1934 644 1985 694 si
2008 658 2220 694 (pinam
2243 641 2718 705 liabucrit,gloria
2741 644 2815 690 est
2845 642 2953 703 illi,
2974 640 3239 708 quoniam
3257 658 3529 711 comapro

284 724 546 793 episcopos
575 724 705 776 dicit
726 725 873 778 sicut
906 726 1138 779 docetur
1172 728 1232 780 in
1261 728 1594 797 Apocalypsi
1624 727 1854 780 Joannis
1936 729 2211 782 velamine
2223 729 2355 781 data
2367 736 2469 780 est.
2488 727 3256 781 Naturaliterhochonestum
3269 736 3530 801 etprope-

285 814 442 879 (Apoc.
468 830 520 873 n,
546 816 637 877 ni),
662 818 720 866 et
740 813 877 883 quia
896 814 1091 883 utique
1114 815 1369 869 homines
1398 824 1548 879 sunt,
1575 817 1723 886 quod
1743 833 1853 869 non
1938 818 2167 870 modum
2184 818 2471 870 decretum
2488 817 2605 870 vult
2624 834 2763 871 esse.
2798 824 2860 868 ut
2889 817 3070 870 velata
3093 817 3296 870 mulier
3314 819 3529 872 satisfa-

282 901 604 970 corriperent
639 901 860 971 plebem
895 910 1228 971 arguuntur,
1268 910 1323 956 et
1362 905 1509 973 quod
1539 910 1756 957 rectum
1795 904 1854 957 in
1937 906 2048 959 ciat
2079 912 2134 959 et
2164 906 2375 975 gratias
2404 912 2536 973 agat
2564 906 2699 957 Deo.
2728 906 2901 958 Coma
2929 922 3060 974 ergo
3091 906 3358 959 indicium
3388 908 3529 960 vela-

281 988 376 1040 illis
406 998 487 1041 est
519 990 794 1042 laudatur.
831 991 1034 1044 Mulier
1069 1008 1200 1059 ergo
1231 991 1436 1045 idcirco
1470 992 1636 1046 debet
1670 993 1851 1045 velare
1937 994 2104 1047 minis
2120 1000 2224 1057 est,
2239 999 2529 1047 utnaturae
2545 994 2799 1045 voluntas
2820 993 3088 1053 addatur;
3117 994 3359 1064 denique
3372 996 3525 1050 nulla

281 1084 444 1147 caput,
483 1079 613 1147 quia
650 1095 761 1131 non
795 1086 882 1131 est
918 1080 1103 1149 imago
1135 1081 1255 1146 Dei,
1296 1082 1393 1133 sed
1427 1088 1491 1134 ut
1524 1082 1853 1135 ostendatur
1936 1083 2138 1135 mulier
2186 1083 2431 1135 revelata
2470 1081 2637 1134 habet
2676 1088 3029 1151 potestatem.
3082 1081 3145 1135 Si
3183 1087 3306 1152 quis
3344 1090 3527 1136 autem

278 1164 523 1233 subjecta,
538 1172 594 1219 et
612 1167 745 1235 quia
765 1168 1147 1236 praevaricatio
1168 1168 1443 1237 perillam
1463 1169 1725 1222 inchoata
1744 1176 1847 1232 est,
1935 1174 2152 1225 videtur
2182 1174 2543 1224 contentiosus
2581 1188 2701 1232 esse,
2740 1187 2833 1223 nos
2875 1175 3035 1223 talem
3076 1175 3519 1226 consuetudinem

279 1253 369 1306 hoc
384 1254 599 1323 signum
619 1255 787 1308 debet
806 1255 1102 1320 habere,ut
1118 1257 1177 1308 in
1199 1256 1440 1310 Ecclesia
1457 1264 1684 1327 propter
1699 1274 1851 1310 reve-
1934 1276 2046 1313 non.
2073 1262 2347 1323 habemus,
2380 1277 2547 1327 neque
2568 1260 2803 1311 Ecclesia
2826 1260 2938 1312 Dei.
2966 1260 3098 1312 Post
3121 1260 3393 1314 rationem
3406 1262 3527 1315 red-

278 1343 495 1395 rentiam
515 1344 888 1413 episc0palem
922 1362 1032 1398 non
1056 1345 1260 1398 habeat
1279 1352 1447 1415 caput
1468 1345 1726 1409 liberum,
1751 1346 1848 1399 sed
1931 1348 2126 1412 ditam,
2174 1356 2236 1401 ut
2273 1348 2645 1400 contentiosos
2686 1347 2885 1411 vincat,
2929 1348 3320 1401 auctoritatem
3350 1350 3524 1404 inter-

276 1431 523 1484 velamine
557 1442 789 1498 tectum,
815 1450 914 1486 nec
953 1433 1155 1486 habeat
1190 1440 1526 1504 potestatem
1560 1434 1843 1504 loquendi,
1932 1436 2105 1505 ponit,
2125 1437 2256 1505 quia
2275 1454 2454 1506 neque
2473 1436 2789 1505 judaismus
2814 1436 2917 1488 hoc
2940 1434 3152 1489 habuit.
3190 1437 3343 1490 Unde
3369 1438 3522 1503 dicit,

275 1521 387 1588 quia
414 1521 700 1590 cpiscopus
731 1538 1028 1590 personam
1062 1521 1231 1575 habet
1257 1522 1500 1585 Christi;
1527 1523 1685 1592 quasi
1714 1539 1845 1591 ergo
1935 1542 1957 1573 «
1978 1540 2158 1593 neque
2178 1541 2297 1583 nos,
2323 1541 2503 1593 neque
2528 1524 2770 1576 Ecclesia
2790 1524 2908 1576 Dei.
2938 1550 2956 1567 »ι
2984 1530 3045 1577 ut
3076 1542 3252 1594 neque
3282 1527 3517 1596 Moyses.

273 1614 385 1660 ante
396 1609 655 1677 judicem,
679 1610 761 1663 sic
790 1616 920 1663 ante
944 1612 1285 1681 episcopum,
1312 1612 1443 1681 quia
1470 1611 1709 1663 vicarius
1742 1612 1847 1664 Do-
1929 1630 2111 1682 neque
2153 1614 2407 1665 Salvator
2440 1614 2517 1665 sic
2550 1613 2864 1666 tradiderit.
2909 1614 3014 1666 [Ioc
3052 1620 3235 1667 autem
3266 1619 3522 1683 prwcz'pio

270 1697 511 1753 miniest.
535 1706 768 1768 propter
794 1706 983 1752 reatus
1005 1700 1281 1769 originem
1311 1700 1563 1769 subjecta
1581 1699 1747 1753 debet
1768 1700 1843 1752 vi-
1862 1688 1909 1747 Β
1931 1717 2042 1753 non
2065 1703 2303 1753 laudans
2325 1703 2467 1769 quod
2490 1717 2595 1754 non
2633 1704 2691 1753 in
2712 1705 2927 1766 melius,
2962 1704 3052 1754 sed
3077 1705 3135 1754 in
3158 1706 3314 1770 pejus
3334 1720 3522 1757 con-vc-

270 1784 390 1837 deri.
418 1787 797 1840 Verumtamen
811 1804 980 1856 neque
996 1792 1201 1841 mulier
1216 1792 1335 1842 sine
1350 1792 1489 1855 riro,
1512 1805 1605 1841 nec
1621 1780 1841 1842 virsine
1926 1792 2078 1841 nilis.
2112 1789 2401 1851 Quomodo
2432 1788 2810 1858 particulatim
2832 1790 3309 1843 conversationem
3327 1808 3518 1846 eorum

270 1877 476 1927 muliere
501 1879 561 1929 in
592 1878 845 1929 Domino.
881 1876 1011 1930 Ideo
1045 1881 1109 1929 in
1137 1878 1390 1941 Domino,
1427 1878 1560 1947 quia
1592 1878 1741 1930 Deus
1777 1896 1841 1931 ex
1926 1894 2025 1946 per
2054 1877 2461 1947 correptionem
2484 1877 2763 1941 emendat,
2789 1877 2868 1930 ita
2890 1884 2945 1930 et
2964 1879 3297 1931 traditiones
3326 1897 3516 1933 eorum

268 1978 363 2015 uno
392 1964 515 2016 fecit
541 1964 739 2017 ambos
767 1973 825 2017 et
857 1981 1033 2018 unum
1058 1984 1068 2016 :
1094 1982 1207 2019 una
1240 1965 1392 2018 enim
1424 1982 1552 2019 caro
1580 1973 1638 2019 et
1667 1982 1841 2019 unum
1926 1982 2037 2019 non
2069 1966 2303 2019 laudans
2331 1966 2545 2035 utique,
2581 1966 2679 2019 sed
2709 1967 3030 2035 vituperans
3059 1984 3170 2021 eos.

268 2067 445 2126 corpus
462 2053 667 2106 suntin
691 2052 1069 2119 Domino,hoc
1089 2062 1192 2120 est,
1212 2055 1519 2108 secundum
1540 2055 1841 2108 Dominum
1994 2057 2251 2108 Primum
2296 2058 2463 2107 enim.
2507 2054 2761 2107 Primum
2802 2055 3054 2119 dicendo,
3092 2073 3270 2123 genus
3308 2060 3518 2126 peccati

267 2124 347 2207 qui
376 2142 597 2194 creavit.
631 2143 887 2212 Denique
912 2143 1006 2213 qui
1039 2160 1150 2196 non
1185 2144 1423 2196 credunt
1450 2143 1742 2196 mulierem
1772 2144 1840 2196 de
1926 2142 2188 2201 ostendit,
2224 2143 2370 2195 unde
2403 2142 2509 2195 orti
2540 2150 2671 2195 sunt
2702 2160 2939 2207 errores,
2973 2161 3111 2213 quos
3136 2146 3514 2214 reprehendit.

264 2228 365 2281 viro
391 2238 694 2299 sumptam,
731 2231 787 2283 hi
822 2232 943 2284 sine
977 2232 1232 2293 Domino,
1263 2233 1347 2284 vel
1388 2249 1499 2285 non
1533 2233 1839 2286 secundum
1924 2230 2029 2283 Ubi
2051 2231 2200 2283 enim
2228 2231 2500 2284 dissensio
2530 2237 2631 2295 est,
2657 2231 2795 2283 nihil
2817 2238 2901 2284 est
2919 2237 3154 2284 rectum.
3180 2234 3516 2288 Convenien-

262 2317 419 2369 Deum
434 2319 671 2371 credunt
690 2319 983 2373 hominum
1002 2320 1296 2390 originem.
1313 2321 1456 2373 Nam
1477 2324 1615 2373 sicut
1639 2324 1840 2375 mulier
1925 2320 2068 2372 tibus
2087 2321 2233 2371 vobis
2257 2322 2317 2372 in
2338 2320 2593 2382 Ecclesia,
2611 2321 2781 2371 audio
2802 2322 3159 2372 dissensiones
3179 2338 3302 2385 esse,
3319 2328 3367 2374 et
3386 2338 3518 2389 par-

258 2406 313 2457 de
340 2410 462 2470 tiro,
500 2410 579 2459 ita
608 2413 657 2459 et
702 2412 789 2459 vir
822 2425 921 2476 per
952 2413 1264 2462 mulierem.
1299 2409 1418 2462 Hoc
1450 2409 1658 2473 firmat,
1691 2410 1840 2479 quod
1925 2410 2024 2460 tim
2067 2409 2242 2470 credo,
2285 2413 2486 2474 oportet
2536 2410 2685 2460 enim
2723 2412 2771 2459 et
2812 2409 3032 2460 hereses
3071 2424 3194 2471 esse,
3236 2414 3294 2461 ut
3334 2416 3381 2462 et
3419 2415 3517 2477 qui

258 2494 394 2549 dixit.
427 2496 557 2565 quia
593 2496 760 2549 ambo
796 2513 973 2550 unum
1002 2504 1132 2550 sunt
1164 2498 1224 2550 in
1257 2504 1478 2563 natura,
1515 2498 1645 2567 quia
1681 2498 1837 2567 origo
1918 2497 2144 2563 probati
2170 2503 2302 2549 sunt
2345 2498 2627 2562 manifesti
2658 2498 2793 2562 ﬁant
2829 2498 2974 2547 inter
3004 2513 3108 2547 ros.
3152 2497 3342 2550 Sciens
3382 2484 3542 2551 dum.

257 2583 481 2636 mulien’s
518 2586 605 2637 vir
642 2592 747 2648 est,
792 2587 937 2639 sicut
976 2586 1180 2655 legitur
1218 2587 1275 2639 in
1324 2586 1528 2639 Genesi
1567 2587 1775 2640 factum
1808 2606 1842 2640 a
1925 2584 2222 2638 nonnullos
2261 2592 2449 2637 mente
2499 2590 2790 2654 corruptos
2823 2585 3069 2637 versutia
3115 2585 3340 2651 diaboli,
3382 2587 3513 2639 dicit

254 2670 466 2725 Domino
499 2682 776 2727 creatore.
821 2674 1021 2728 Omnia
1052 2681 1238 2727 autem
1270 2692 1332 2728 ea:
1368 2677 1487 2729 Deo.
1533 2676 1837 2745 Postquam
1926 2674 2704 2743 «oportethaeresesesse,non
2726 2672 2920 2742 utique
2936 2673 3226 2726 noluitnec
3239 2676 3469 2744 optavit,
3490 2700 3513 2725 μ

253 2760 510 2827 gradatim
533 2763 795 2832 exposuit
814 2762 1054 2832 singula,
1080 2768 1142 2815 ut
1164 2763 1355 2816 omnia
1378 2764 1493 2816 Deo
1514 2762 1833 2832 subjiceret,
1919 2762 2016 2814 sed
2037 2762 2171 2830 quia
2192 2762 2516 2831 praesciebat
2536 2761 2790 2815 futurum
2803 2761 2961 2826 dixit,
2987 2762 3132 2814 sicut
3144 2769 3200 2815 et
3212 2763 3509 2817 Dominus:

255 2863 408 2901 unum
427 2867 659 2903 servans
676 2851 1034 2921 principium,
1054 2851 1170 2905 ait:
1201 2853 1402 2905 Omnia
1422 2858 1692 2905 autemet
1712 2853 1833 2913 Deo,
1924 2850 2156 2917 Oportet,
2201 2850 2402 2919 inquit,
2446 2854 2631 2903 conire
2670 2851 2951 2910 scandala.
2990 2858 3046 2903 et
3080 2856 3281 2918 oportet
3311 2853 3515 2905 Filium

254 2944 307 2989 ut
322 2954 493 3008 neque
524 2939 736 2993 mulier
756 2939 1119 3008 subjectionis
1145 2957 1258 2993 suae
1280 2956 1450 2993 causa
1479 2940 1836 2993 contristare-
1863 2999 1899 3010 Α
1919 2939 2160 2991 hominis
2178 2942 2298 3006 pati
2317 2941 2527 3003 (Matth.
2556 2944 2729 3005 xvm),
2762 2939 3027 3008 praescius
3040 2939 3171 3009 quia
3198 2940 3226 2993 J
3234 2940 3371 2993 udas
3388 2958 3516 3010 pro-

250 3034 350 3090 tur,
387 2999 567 3098 neque
603 3028 707 3091 vir,
746 2999 907 3097 quasi
940 3030 1214 3082 exaltatus
1256 3028 1573 3099 superbiret
1609 3030 1793 3096 (Anq)
1820 3047 1831 3093 ;
1857 2999 2066 3078 C'ditor
2115 2999 2237 3079 erat
2280 2999 2521 3091 futurus,
2580 3033 2637 3080 ut
2670 2999 2893 3094 probati
2939 2999 3149 3091 autem;
3191 3045 3318 3081 cum
3357 2999 3509 3094 dicit,

251 3113 377 3168 sicut
402 3117 553 3169 enim
588 3117 794 3170 mulier
820 3134 886 3170 ex
916 3116 1054 3181 viro,
1078 3118 1160 3170 ita
1190 3122 1247 3170 et
1274 3119 1357 3170 vir
1388 3134 1487 3188 per
1516 3117 1830 3181 mulierem,
1918 3118 2203 3181 manifesti
2230 3119 2365 3182 ﬁant
2401 3120 2543 3169 inter
2566 3132 2670 3167 vos.
2698 3116 2826 3168 Illos
2856 3115 3152 3183 significat,
3171 3117 3303 3185 quia
3322 3117 3379 3169 in
3402 3123 3513 3170 tra-

250 3203 368 3272 quia
390 3205 595 3258 mulier
625 3223 692 3257 ex
719 3206 836 3258 viro
865 3206 1011 3259 facta
1042 3212 1143 3269 est,
1168 3214 1229 3258 ut
1268 3205 1439 3259 etiam
1472 3206 1556 3259 vir
1587 3222 1687 3276 per
1716 3223 1835 3259 mu-
1917 3204 2127 3257 ditionc
2140 3210 2363 3274 accepta
2376 3204 2983 3273 durantes,excmplum
2998 3203 3512 3273 probationiserant

250 3290 424 3345 lierem
449 3299 649 3364 postea
670 3300 1014 3347 nasceretur.
1040 3295 1093 3347 Si
1120 3302 1308 3347 autem
1335 3295 1510 3348 victor
1532 3295 1612 3347 ita
1635 3295 1835 3347 dividit
1917 3293 2247 3361 evangelicae
2283 3292 2586 3361 disciplina:
2622 3292 2689 3345 ad
2726 3292 3509 3347 condemnationemcaetero-

249 3388 302 3434 ut
318 3382 459 3435 ditat
479 3383 783 3436 mulierem
817 3400 881 3436 ex
916 3384 1033 3436 viro
1056 3401 1176 3436 esse
1199 3384 1505 3437 secundum
1525 3400 1742 3453 corpus,
1767 3401 1831 3437 ex
1916 3398 2062 3433 rum.
2099 3381 2169 3435 Hi
2199 3388 2331 3435 sunt
2373 3397 2511 3450 quos
2554 3380 2610 3432 in
2652 3380 2832 3450 capite
2864 3380 3109 3450 epistolae
3142 3381 3420 3450 signiﬁcat
3448 3399 3512 3435 eo

250 3469 347 3522 Deo
366 3479 555 3525 autem
577 3472 891 3525 secundum
911 3472 1159 3524 animam
1180 3479 1236 3525 et
1250 3472 1530 3541 spiritum,
1553 3473 1831 3541 quomodo
1917 3470 2063 3538 quod
2086 3470 2359 3531 dicerent,
2397 3486 2491 3522 nos
2522 3486 2643 3522 vero
2674 3470 2899 3533 Christi,
2936 3487 3061 3523 cum
3092 3470 3188 3523 alii
3214 3470 3465 3525 dicerent
3498 3490 3507 3522 :

248 3557 338 3611 erit
354 3576 542 3613 verum
562 3560 715 3630 quod
737 3561 820 3613 ait
836 3561 1164 3630 Apostolus:
1191 3562 1389 3615 Omnia
1409 3566 1595 3613 autem
1615 3577 1678 3613 ea:
1692 3562 1835 3613 Deo?
1915 3558 2023 3624 Ego
2055 3559 2238 3623 Pauli,
2273 3575 2363 3625 ego
2400 3558 2608 3625 Apollo.
2647 3559 2834 3625 (Aug)
2881 3558 3026 3611 Malo
3062 3559 3214 3611 enim
3254 3566 3380 3613 voto
3410 3577 3510 3629 per

245 3645 602 3719 Quapropter,
642 3658 705 3703 ut
746 3650 1046 3719 Apostolus
1084 3650 1268 3718 potius
1309 3662 1501 3701 verum
1546 3649 1825 3717 loquatur,
1913 3654 2200 3714 peccatum
2217 3646 2485 3713 legentes,
2506 3646 2649 3698 male
2666 3646 3367 3714 cogunturintelligere,ut
3386 3647 3505 3717 ipsa

249 3750 397 3805 quam
437 3737 548 3790 iste
589 3737 660 3790 ab
698 3739 966 3808 Apostolo
998 3738 1330 3807 proferatur,
1373 3736 1575 3790 mulier
1607 3755 1672 3790 ex
1710 3737 1828 3790 viro
1913 3734 1987 3786 sit
2014 3751 2177 3803 poena
2201 3734 2429 3803 peccati,
2473 3750 2711 3803 quorum
2744 3738 2934 3785 tamen
2965 3740 3143 3786 morte
3177 3735 3274 3786 lilii
3313 3736 3503 3789 catho-

246 3830 336 3887 est,
368 3826 480 3878 sive
523 3827 840 3880 secundum
879 3844 1097 3896 corpus,
1132 3827 1244 3879 sive
1284 3826 1590 3879 secundum
1624 3832 1825 3889 totum,
1912 3822 2029 3875 licae
2064 3823 2335 3885 Ecclesiae,
2372 3828 2645 3891 tanquam
2675 3819 3010 3890 quibusdam
3041 3822 3216 3889 spinis
3245 3840 3279 3874 a
3307 3840 3503 3876 somno

249 3927 341 3979 quo
368 3920 594 3968 constat
614 3916 862 3968 humana
894 3922 1110 3971 natura.
1134 3915 1275 3968 nihil
1299 3915 1448 3967 enim
1479 3914 1681 3966 horum
1710 3920 1830 3967 tan-
1912 3911 2242 3973 excitantur,
2277 3916 2333 3962 et
2353 3911 2423 3962 ad
2455 3908 2884 3975 intelligentiam
2915 3908 3229 3961 divinarum
3259 3910 3504 3980 Scriptu-

248 4015 399 4068 quam
427 4010 654 4056 certum
678 4003 1151 4068 affirmamus,sed
1171 4003 1303 4073 quid
1319 4003 1519 4055 horum
1542 4018 1733 4055 verum
1757 4003 1830 4055 sit
1912 4015 2103 4052 rarum
2134 3999 2447 4068 proficiunt,
2474 4002 2675 4064 oportet
2696 3999 2839 4049 enim
2867 3996 3143 4049 etluercses
3165 4014 3284 4063 esse,
3296 4004 3356 4051 ut
3376 3994 3507 4067 pro-

246 4088 407 4143 adhuc
426 4091 760 4160 querimus,
785 4096 841 4143 et
863 4091 947 4143 vir
964 4108 1064 4161 per
1085 4092 1397 4155 mulierem,
1422 4091 1536 4143 sive
1561 4107 1625 4142 ex
1648 4096 1825 4160 parte,
1915 4090 2043 4146 bati.
2081 4087 2281 4156 inquit,
2316 4088 2601 4153 inani/esti
2628 4088 2766 4152 ﬁant
2800 4087 2944 4137 inter
2958 4101 3066 4148 vos,
3102 4085 3206 4139 hoc
3232 4094 3333 4153 est,
3361 4088 3508 4143 inter

245 4182 347 4231 tota
388 4180 642 4233 hominis
678 4184 883 4232 natura
922 4180 1173 4241 ducatur,
1219 4197 1341 4249 qua:
1384 4196 1482 4248 per
1536 4179 1831 4232 mulierem
1913 4176 2187 4239 homines,
2223 4192 2351 4227 cum
2383 4174 2665 4227 manifesti
2705 4173 2818 4226 sint
2862 4174 2997 4226 Deo.
3040 4176 3504 4231 Conveniam-ibus

243 4267 491 4329 nascitur.
527 4268 650 4322 sive
688 4269 808 4320 sola
852 4284 999 4329 caro,
1046 4268 1191 4320 unde
1222 4268 1406 4319 adhuc
1450 4267 1683 4336 quaestio
1724 4274 1826 4320 est.
1847 4281 2037 4336 1\ergo
2060 4265 2205 4318 vobis
2235 4266 2296 4317 in
2323 4266 2657 4331 uniun,jam
2690 4279 2799 4315 non
2827 4268 2900 4315 est
2928 4279 3133 4315 comam
3156 4265 3501 4318 Dominicam

243 4352 430 4409 Omnia
449 4365 649 4410 tamen
673 4374 739 4410 ex
768 4356 883 4409 Deo
904 4356 1050 4409 unde
1080 4356 1232 4409 nulla
1250 4354 1483 4424 quaestio
1514 4360 1616 4420 est,
1644 4354 1699 4407 id
1723 4361 1824 4419 est,
1850 4352 1895 4371 υ
1914 4354 2496 4419 manducare,unusqu
2507 4354 2651 4419 isque
2663 4354 2811 4403 enim
2824 4367 2983 4403 suam
2998 4368 3201 4404 cernam
3218 4358 3509 4419 pi‘aesumit

243 4450 289 4495 et
308 4461 525 4515 corpus,
556 4452 618 4498 et
647 4445 856 4507 anima,
882 4451 937 4497 et
957 4444 1184 4515 spiritus
1204 4443 1308 4496 viri
1331 4448 1387 4496 et
1410 4442 1681 4506 mulieris,
1708 4442 1827 4496 etsi
1913 4442 1986 4493 ad
2000 4442 2454 4494 manducandum
2472 4459 2486 4493 :
2503 4443 2616 4493 etal
2625 4443 2708 4492 ius
2720 4455 2788 4507 qu
2799 4440 2935 4490 idem
2951 4442 3142 4504 esurit,
3159 4443 3504 4495 aliusautcm

241 4533 375 4586 enim
396 4551 510 4588 non
533 4551 603 4587 ex
630 4535 744 4587 Deo
767 4540 901 4587 nata
919 4534 1003 4586 vel
1020 4539 1201 4587 tracta
1220 4537 1372 4597 sunt,
1395 4532 1482 4585 vel
1505 4537 1825 4595 manarunt,
1913 4532 2096 4584 ebrius
2126 4535 2217 4583 est.
2254 4530 2524 4597 Nunquid
2560 4530 2743 4580 domos
2775 4543 2885 4580 non
2925 4527 3129 4579 habetis
3158 4529 3233 4579 ad
3262 4532 3503 4582 mandu-

243 4621 381 4675 itaut
396 4624 521 4691 ejus
544 4630 768 4676 naturae
779 4622 909 4687 sint,
927 4628 1118 4675 tamen
1130 4640 1193 4676 ex
1204 4623 1320 4676 Deo
1333 4626 1484 4687 sunt,
1499 4638 1533 4674 a
1550 4637 1659 4691 quo
1681 4621 1829 4674 cnim
1914 4620 2172 4681 cundum,
2191 4624 2239 4671 et
2256 4619 2543 4671 bibendum
2558 4659 2567 4675 .
2582 4621 2681 4669 aut
2699 4616 2992 4668 Ecclesium.
3014 4615 3110 4667 Dei
3134 4620 3501 4679 contemnitis,

244 4718 430 4767 creata.
455 4713 711 4775 condita,
736 4712 882 4764 facta
907 4717 1056 4775 sunt,
1084 4711 1153 4764 ab
1184 4712 1278 4766 illo
1301 4711 1511 4765 habent
1531 4715 1594 4764 ut
1623 4710 1754 4763 sint.
1914 4709 2316 4773 etconfunditis
2336 4722 2417 4758 eos
2440 4707 2538 4771 qui
2560 4719 2669 4755 non
2691 4703 2885 4755 habent
2903 4701 3177 4773 ?(Ambr.)
3196 4704 3309 4757 Hos
3322 4712 3497 4772 notat,

312 4801 397 4851 Vos
439 4804 549 4867 ipsi
570 4802 838 4869 judicate,
882 4802 1021 4853 decet
1064 4804 1351 4853 mulierem
1388 4804 1623 4853 velatam
1671 4814 1831 4851 orare
1916 4796 2011 4866 qui
2043 4796 2122 4848 sic
2150 4796 2208 4847 in
2244 4793 2545 4847 Ecclesium
2577 4789 2994 4855 conveniebant,
3029 4797 3093 4845 ut
3125 4809 3362 4847 munera
3401 4813 3505 4851 sua

246 4887 393 4939 Deum
420 4894 445 4940 ?
488 4887 737 4955 (Αωὺῐε.)
775 4888 919 4941 Hinc
951 4895 1053 4953 est,
1091 4890 1238 4958 quod
1277 4878 1533 4958 superius
1578 4887 1690 4940 illis
1732 4904 1831 4956 per
1914 4885 2211 4938 oiferentes
2253 4879 2676 4934 advenientibus
2724 4879 3081 4951 presbyteris,
3129 4883 3262 4950 quia
3321 4884 3501 4939 adhuc

244 4975 468 5030 ironiam
498 4983 816 5041 succenset,
848 4978 1038 5031 dicens
1061 4964 1310 5040 :iLaudo,
1345 4980 1477 5045 quia
1509 4992 1604 5044 per
1641 4979 1827 5029 omnia
1915 4980 2157 5028 rectores
2172 4969 2495 5024 Ecclesiisin
2519 4968 2778 5021 omnibus
2800 4968 2932 5021 locis
2952 4968 3174 5022 fuerant
3192 4973 3499 5032 constituti,

246 5080 401 5118 nicum
428 5071 759 5119 memoriam
784 5070 1046 5131 retinetis,
1077 5072 1125 5119 et
1144 5068 1407 5134 quomodo
1427 5066 1626 5132 ubique
1651 5065 1826 5128 trado,
1912 5068 2094 5117 totum
2113 5060 2327 5130 sibiqui
2350 5058 2629 5113 obtulerat
2646 5057 2953 5110 vindicaret
2972 5056 3289 5111 schismatis
3315 5076 3500 5114 causa.

248 5156 558 5209 traditiones
592 5171 740 5207 meas
764 5159 967 5210 tenetis.
995 5157 1137 5209 Cum
1158 5153 1310 5207 enim
1341 5153 1457 5205 hzec
1486 5159 1633 5205 esset
1660 5152 1831 5205 tradi-
1912 5150 2298 5205 Dissensiones
2328 5146 2476 5200 enim
2508 5146 2656 5199 inter
2681 5162 2771 5199 eos
2786 5145 3235 5215 pseudoapostoli
3258 5148 3502 5203 semina—

246 5241 396 5295 tionis
414 5244 588 5302 ratio.
611 5250 669 5297 et
687 5245 879 5299 velata)
900 5245 1162 5298 mulieres
1181 5248 1368 5296 essent
1386 5243 1445 5295 in
1470 5242 1731 5307 Ecclesia,
1750 5241 1829 5293 illi
1914 5246 2126 5301 verant,
2160 5239 2239 5291 ita
2266 5241 2329 5290 ut
2357 5234 2667 5288 oblationes
2695 5251 2825 5287 suas
2855 5235 3185 5287 zelarentur.
3220 5235 3361 5288 Cum
3392 5254 3501 5293 una

248 5338 424 5385 contra
444 5334 725 5387 revelatas
741 5350 835 5387 eas
856 5334 912 5386 in
928 5333 1169 5388 Ecclesia
1191 5331 1566 5402 patiebantur.
1588 5332 1829 5399 Ideoque
1914 5336 2080 5397 atque
2112 5327 2305 5380 eadem
2330 5341 2490 5395 prece
2512 5324 2763 5377 omnium
2786 5322 3093 5377 oblationes
3116 5322 3506 5381 benediceren-

251 5432 345 5472 non
368 5422 492 5489 jam
522 5424 861 5476 auctoritate
891 5423 1209 5476 traditionis
1245 5438 1415 5493 quam
1447 5420 1826 5490 neglexerant,
1912 5423 2026 5479 tur,
2053 5422 2115 5469 ut
2152 5415 2209 5468 hi
2240 5415 2354 5485 qui,
2390 5420 2454 5468 ut
2483 5414 2689 5467 assolet
2721 5411 2862 5477 ﬁeri,
2894 5429 3004 5464 non
3034 5411 3373 5479 obtulerant,
3407 5426 3503 5471 aut

252 5506 443 5579 πάρει·
455 5511 646 5581 ipsam
663 5520 929 5567 naturam
940 5512 1177 5568 suadere
1192 5512 1304 5566 illis
1321 5510 1523 5566 nititur
1537 5509 1831 5563 veritatem
1913 5504 2061 5561 unde
2088 5504 2354 5559 olferrent
2381 5520 2494 5558 non
2524 5500 2822 5565 habebant,
2856 5500 3067 5571 pudore
3098 5504 3338 5573 correpti
3369 5522 3501 5562 con-
