3900 6196
449 263 547 318 103

1030 267 1093 320 Β.
1137 268 1407 322 RABANI
1447 268 1678 323 MAURI
1729 267 2064 322 ARCHIEP.
2107 228 2430 322 MOGliNT.
2475 266 2771 322 OPERUM
2807 265 2992 320 PARS
3030 265 3128 320 II].

3615 264 3716 319 104

445 389 814 444 funderentur
841 407 951 444 non
982 396 1267 446 sumentes
1283 397 1522 462 partem,
1539 397 1596 444 et
1607 395 1726 446 tam
1751 393 1865 445 cito
1896 391 2033 445 illud
2050 392 2104 451 Α
2115 391 2390 445 traditum
2410 390 2610 444 devota
2621 406 2782 444 mens
2795 390 2869 444 sit
2887 389 3202 444 accedentis
3221 389 3290 443 ad
3302 389 3715 444 Eucharistiam

447 477 707 546 agebant,
724 487 788 532 ut
813 480 1268 549 supervenientes
1283 496 1393 533 non
1409 479 1728 533 invenirent
1747 481 1894 550 quod
1911 480 2036 533 ede-

446 568 844 637 rent.Ideoque
859 568 904 620 si
927 567 1634 650 sic,inquit,cqnvenitis,ut
1651 567 2035 639 unusquisque

444 671 608 709 suum
638 662 842 721 sumat,
875 657 1027 709 domi
1055 657 1169 710 haec
1195 657 1549 726 agenda,non
1574 657 1632 710 in
1665 657 1905 710 Ecclesia
1937 657 2032 711 ubi

443 744 676 798 unitatis
687 751 741 798 et
755 744 1005 815 mysterii
1019 762 1187 798 causa
1199 746 1542 809 convenitur,
1550 763 1662 799 non
1673 746 2035 800 dissensionis

443 840 498 884 et
526 833 770 885 ventris:
807 849 1012 886 munus
1041 833 1191 886 enim
1221 834 1470 888 oblatum
1513 834 1686 887 totius
1720 835 1910 904 populi
1949 837 2030 900 ﬁt,

443 919 575 988 quia
605 920 662 973 in
688 937 800 974 uno
829 937 972 991 pane
997 938 1193 975 omnes
1218 922 1624 991 signiﬁcantur,
1659 940 1758 992 per
1795 923 1852 976 id
1881 924 2031 976 enim

443 1009 589 1078 quod
618 1025 794 1062 unum
821 1026 1034 1074 sumus,
1069 1011 1136 1064 de
1158 1027 1270 1064 uno
1295 1027 1438 1081 pane
1463 1027 1658 1064 omnes
1686 1028 1788 1064 nos
1809 1028 2032 1065 sumere

440 1101 678 1164 oportet.
714 1099 858 1164 Quid
885 1100 1064 1152 dicam
1112 1099 1299 1152 vobis?
1329 1101 1494 1153 laudo
1518 1117 1610 1156 eos
1633 1099 1656 1151 ’ἶ
1686 1103 1750 1153 in
1787 1101 1884 1153 hoc
1921 1118 2032 1156 non

439 1187 621 1239 laudo.
679 1188 951 1257 Apertum
1008 1192 1110 1252 est,
1144 1188 1490 1258 deprehenso
1541 1195 1598 1241 et
1652 1195 1906 1258 correpto
1950 1207 2033 1242 er-

445 1288 589 1336 rore,
623 1280 686 1327 ut
715 1274 785 1327 de
817 1281 1015 1328 caetero
1057 1275 1342 1344 corrigunt
1370 1282 1426 1329 et
1453 1276 1650 1340 sciant,
1684 1277 1788 1329 hoc
1813 1295 2027 1342 verum,

439 1362 585 1430 quod
615 1362 827 1416 dudum
859 1363 918 1416 in
947 1363 1268 1434 primordiis
1301 1364 1408 1434 ipsi
1438 1365 1768 1426 didicerant,
1792 1366 2032 1419 formam

439 1449 550 1504 illis
572 1467 694 1520 quae
711 1451 1096 1505 asalvatorein
1112 1469 1173 1506 re
1188 1453 1574 1523 hujuscemodi
1595 1453 1729 1508 data
1757 1460 1842 1507 est
1863 1454 2032 1507 iterat

444 1538 668 1592 dicens:
701 1541 812 1608 Ego
835 1543 983 1594 enim
1008 1543 1186 1609 accepi
1219 1558 1252 1593 a
1290 1543 1524 1596 Domino
1561 1544 1704 1610 quod
1732 1548 1779 1595 et
1821 1544 2032 1596 tradidi

445 1629 885 1696 robis,quomodo
913 1631 1183 1683 Dominus
1209 1631 1362 1682 Jesus
1385 1633 1576 1697 inqua
1605 1636 1754 1684 nocte
1783 1632 2029 1684 tradeba-

2118 479 2360 533 Domini.
2381 479 2658 543 Quonim
2677 479 2930 534 futurum
2951 483 3038 532 est
3050 477 3346 548 judicium,
3366 483 3430 532 ut
3447 478 3715 549 quemad-

2117 569 2346 621 modum
2376 567 2590 622 accedit
2625 568 3030 638 unusquisque,
3069 567 3269 621 reddat
3301 582 3497 620 causas
3531 567 3590 620 in
3620 567 3713 620 die

2117 656 2340 710 Domini
2365 657 2392 710 ,Ι
2399 673 2497 710 esu
2527 655 2754 720 Christi,
2781 672 2892 726 qua
2917 656 3038 708 sine
3068 655 3364 725 disciplina
3391 655 3713 709 traditionis

2119 749 2176 797 et
2198 745 2652 809 conversationis,
2679 743 2776 814 qui
2809 743 3080 798 accedunt
3111 743 3196 796 rei
3225 749 3360 797 sunt
3378 743 3628 814 corporis
3657 750 3713 796 et

2116 833 2408 902 sanguinis
2443 833 2688 886 Domini.
2727 833 2872 896 Quid
2913 837 3000 886 est
3031 848 3163 884 reus
3201 849 3340 896 esse,
3374 831 3482 886 nisi
3519 849 3712 902 penus

2117 921 2250 974 dare
2280 921 2476 975 mortis
2504 921 2768 975 Domini?
2801 920 3027 976 Occisus
3063 927 3150 974 est
3186 920 3338 974 enim
3366 937 3468 990 pro
3495 920 3584 974 his
3615 921 3709 991 qui

2114 1008 2448 1063 beneﬁcium
2471 1009 2592 1078 ejus
2614 1009 2673 1062 in
2695 1008 2921 1062 irritum
2945 1008 3158 1062 ducunt
3177 1011 3384 1076 (Aug).
3406 1009 3552 1072 Quid
3578 1027 3712 1080 ergo

2114 1097 2356 1162 miraris,
2387 1097 2434 1150 si
2465 1097 2630 1152 datus
2658 1103 2744 1151 est
2777 1098 2932 1151 Judw
2957 1097 3118 1168 panis
3146 1097 3375 1163 Christi,
3412 1114 3514 1168 per
3540 1114 3709 1168 quem

2113 1185 2530 1256 manciparetur
2547 1184 2788 1252 diabolo,
2803 1202 2930 1240 cum
2951 1186 3138 1239 videas
3159 1202 3189 1239 e
3209 1186 3488 1240 contrario
3510 1187 3707 1240 datum

2114 1274 2287 1328 Paulo
2324 1275 2586 1344 angelum
2632 1274 2858 1341 diaboli,
2902 1291 3003 1344 per
3036 1291 3204 1345 quem
3244 1277 3612 1345 proﬁceretur
3648 1274 3707 1328 in

2115 1363 2358 1428 Christo,
2390 1363 2472 1416 ita
2499 1367 2556 1416 et
2585 1363 2733 1416 malo
2765 1362 2975 1416 bonum
3004 1361 3199 1429 obfuit,
3225 1369 3282 1416 et
3312 1363 3458 1417 bono
3491 1363 3704 1418 malum

2114 1451 2340 1521 profuit.
2380 1450 2772 1504 Recordamini
2801 1467 2932 1520 ergo
2961 1451 3111 1504 unde
3141 1450 3217 1504 sit
3235 1451 3506 1522 scriptum
3533 1469 3544 1503 :
3581 1454 3707 1520 Qui-

2111 1556 2324 1608 cunque
2341 1541 2758 1593 manducauerit
2769 1555 2986 1606 panem,
3015 1544 3114 1592 aut
3135 1541 3330 1594 biberit
3352 1544 3579 1594 calicem
3600 1542 3701 1594 Do-

2116 1631 2266 1680 mini
2283 1629 2535 1694 indigne,
2551 1643 2676 1680 reus
2698 1630 2805 1680 erit
2825 1629 3068 1695 corporis
3085 1633 3136 1680 et
3148 1631 3444 1695 sanguinis
3463 1629 3711 1682 Domini.

442 1720 554 1780 tur,
589 1719 790 1784 accepit
797 1734 1018 1785 panem,
1052 1723 1101 1770 ct
1129 1721 1342 1785 gratias
1381 1735 1544 1784 agens
1583 1721 1749 1787 fregit
1773 1725 1819 1772 et
1841 1721 1984 1772 dixit
2017 1739 2033 1773 :
2056 1703 2102 1762 Β
2121 1717 2189 1770 Et
2205 1716 2272 1769 de
2295 1715 2382 1769 his
2403 1722 2525 1768 erat
2552 1732 2737 1769 sermo
2767 1732 2894 1769 cum
2915 1716 3018 1768 hoc
3038 1716 3338 1785 Apostolus
3366 1716 3596 1781 diceret,
3621 1717 3718 1787 qui

437 1806 671 1871 Accipite
693 1809 738 1857 et
769 1807 1115 1871 manducata,
1131 1807 1227 1859 hoc
1245 1811 1316 1859 est
1338 1823 1530 1874 corpus
1551 1809 1912 1876 meum,quod
1935 1825 2038 1876 pro
2118 1804 2342 1858 Domini
2384 1821 2584 1874 corpus
2631 1804 2784 1856 velut
2824 1802 3132 1874 quemlibet
3172 1803 3346 1858 alium
3398 1804 3587 1858 cibum
3635 1805 3718 1858 in-

443 1894 586 1950 cobis
609 1894 979 1956 tradeturJioc
991 1896 1152 1962 facite
1175 1897 1236 1948 in
1254 1912 1430 1948 meam
1445 1899 2030 1952 commemorationem.

2117 1893 2355 1946 discrete
2376 1892 2837 1962 negligenterque
2858 1891 3174 1946 sumebant.
3201 1892 3304 1945 Hic
3328 1908 3462 1962 ergo
3482 1893 3530 1946 si
3550 1893 3722 1946 corri-

439 1981 711 2034 Similiter
739 1987 789 2034 et
825 1985 1043 2036 calicem
1083 1988 1368 2051 postquam
1410 1987 1642 2040 cana-vit
1672 1985 1857 2037 dicens
1889 2003 1904 2037 :
1935 1986 2036 2039 Hic
2116 1981 2268 2052 pitur
2303 1980 2399 2051 qui
2434 1998 2547 2034 non
2586 1980 2875 2050 dijudicat,
2921 1981 3024 2034 hoc
3071 1987 3175 2045 est,
3219 1997 3332 2034 non
3373 1981 3643 2034 discernit
3687 1999 3722 2034 a

437 2071 584 2122 calix
606 2070 822 2126 Novum
857 2072 1260 2123 Testamentum
1289 2077 1362 2124 est
1394 2075 1456 2124 in.
1484 2089 1598 2124 meo
1627 2073 2032 2139 sanguinc.Hoe

447 2159 626 2223 facite,
660 2161 1095 2226 quotiescmnqne
1125 2160 1330 2224 bibetis,
1359 2163 1421 2212 in
1449 2177 1623 2212 meam
1645 2177 2032 2214 com-memora-

437 2247 656 2298 tionem.
693 2246 953 2299 Ostendit
979 2247 1090 2300 illis
1113 2247 1444 2318 mysterium
1485 2248 1847 2302 Eucharistiae
1883 2249 2032 2302 inter

433 2335 765 2387 coenandum
793 2334 1135 2388 celebratum
1166 2351 1277 2389 non
1307 2353 1524 2389 coenam
1557 2353 1710 2401 esse;
1751 2337 2030 2390 medicina

433 2421 582 2475 enim
611 2423 878 2493 spiritalis
909 2429 1012 2488 est,
1048 2439 1170 2494 qua)
1198 2441 1324 2476 cum
1355 2425 1672 2478 reverentia
1707 2425 2023 2494 degustata,

433 2509 692 2579 puriﬁcat
711 2511 817 2564 sibi
843 2512 1125 2565 devotum.
1159 2512 1428 2566 Memoria
1451 2513 1600 2566 enim
1624 2513 2027 2584 redemptionis

432 2603 654 2664 nostrae,
671 2605 734 2652 ut
759 2600 1150 2670 Redemptoris
1173 2617 1450 2654 memores
1475 2602 1692 2670 majora
1710 2602 1780 2654 ab
1809 2619 1874 2654 eo
1899 2619 2026 2654 con-

431 2687 590 2756 sequi
620 2690 1402 2762 mereamur.Quotiescunque
1429 2693 1576 2742 enim
1610 2691 2024 2744 manducabitis

424 2790 627 2842 panem
655 2777 820 2836 hunc,
849 2781 898 2828 ct
929 2779 1153 2830 calicem
1184 2777 1390 2842 bibatis,
1421 2783 1651 2830 mortem
1675 2779 1902 2831 Domini
1925 2794 2025 2831 an-

433 2864 766 2916 nuntiabitis
784 2865 951 2916 donec
968 2864 1332 2928 veniat.Quia
1354 2865 1505 2918 enim
1527 2872 1708 2918 morte
1729 2866 2027 2919 Dominili-

2113 2069 2327 2122 caeteris
2346 2068 2484 2122 cibis
2503 2069 2857 2122 Dominicum
2878 2085 3098 2138 corpus,
3123 2069 3402 2139 quomodo
3423 2086 3536 2123 non
3557 2069 3715 2123 dam-

2112 2165 2282 2211 natur
2302 2157 2397 2228 qui
2427 2157 2497 2211 ad
2528 2158 2648 2226 ejus
2685 2170 2938 2210 mensam
2980 2159 3197 2227 ﬁngens
3225 2157 3468 2211 amicum
3499 2158 3714 2212 accedit

2111 2243 2412 2299 inimicus?
2440 2247 2626 2300 Probet
2645 2251 2833 2299 autem
2852 2248 3089 2314 seipsum
3107 2247 3281 2308 homo,
3308 2251 3357 2298 et
3381 2249 3459 2298 sic
3482 2248 3545 2300 de
3565 2263 3715 2314 pane

2111 2338 2210 2389 illo
2238 2337 2377 2398 edat,
2411 2339 2461 2388 et
2487 2335 2551 2387 de
2577 2337 2743 2388 calice
2773 2335 2920 2386 bibat
2950 2349 2966 2384 :
2997 2337 3096 2402 qui
3133 2337 3282 2387 enim
3321 2335 3627 2388 manducet
3661 2341 3711 2388 et

2111 2424 2245 2476 bibit
2276 2423 2520 2490 indigne,
2554 2423 2830 2488 iudicium
2858 2423 2966 2476 sibi
2997 2423 3300 2476 manducat
3329 2427 3377 2476 et
3408 2423 3566 2487 bibit,
3601 2439 3722 2476 non

2111 2512 2429 2564 discernens
2455 2494 2648 2578 corpus
2671 2512 2916 2564 Domini.
2946 2509 3184 2577 (Ambr.)
3209 2511 3417 2564 Devoto
3440 2509 3628 2564 animo
3657 2517 3716 2564 et

2107 2614 2235 2652 cum
2249 2599 2452 2652 timore
2470 2598 2842 2652 accedendum
2870 2599 2940 2650 ad
2964 2597 3430 2662 communionem
3443 2599 3622 2665 docet,
3637 2605 3708 2652 ut

2108 2687 2247 2740 sciat
2275 2703 2433 2740 mens
2462 2687 2835 2740 reverentiam
2868 2705 2928 2740 se
2959 2685 3162 2740 debere
3195 2687 3266 2752 ei,
3301 2687 3372 2739 ad
3401 2687 3560 2758 cujus
3589 2703 3714 2741 cor-

2107 2791 2211 2846 pus
2247 2776 2584 2829 sumendum
2618 2775 2870 2839 accedit;
2913 2775 3018 2828 hoc
3057 2775 3209 2828 enim
3255 2775 3402 2845 apud
3441 2792 3500 2829 se
3540 2775 3716 2829 debet

2104 2864 2358 2934 judicare
2376 2864 2508 2934 quia
2522 2863 2794 2917 Dominus
2813 2869 2916 2928 est,
2935 2864 3094 2933 cujus
3111 2863 3170 2916 in
3191 2864 3460 2934 mysterio
3481 2864 3712 2933 sangui-

429 2949 1000 3021 'beratisumus,hujus
1011 2952 1382 3005 reimemores
1393 2952 1450 3006 in
1463 2953 1677 3006 edendo
1688 2960 1743 3006 ct
1754 2955 2026 3023 portando
2055 3015 2087 3023 ﬁ
2111 2968 2240 3005 nem
2269 2957 2442 3022 potat,
2467 2951 2561 3022 qui
2587 2951 2746 3005 testis
2779 2958 2866 3005 est
2891 2951 3146 3005 beneﬁcii
3169 2951 3302 3018 Dei;
3339 2968 3505 3022 quem
3525 2969 3626 3006 nos
3661 2953 3711 3005 si

427 3056 652 3093 carnem
678 3045 736 3092 et
763 3039 1113 3108 sanguinem,
1154 3057 1274 3110 qua:
1314 3058 1414 3110 pro
1455 3041 1615 3094 nobis
1653 3041 1839 3094 oblata
1869 3049 2018 3107 sunt,
2047 3015 2089 3074 Ο
2107 3058 2234 3094 cum
2262 3041 2557 3111 disciplina
2585 3039 2942 3110 accipiamus,
2967 3057 3081 3094 non
3109 3031 3320 3094 erimus
3349 3040 3566 3110 indigni
3590 3057 3715 3094 cor-

428 3127 812 3197 signiﬁcamus
833 3129 1052 3182 Novum
1075 3129 1498 3183 Testamentum
1529 3130 1586 3182 in
1611 3129 1696 3183 his
1717 3131 2018 3195 consecuti,

429 3216 577 3287 quod
607 3223 693 3269 est
711 3233 854 3270 nova
884 3217 988 3278 lex,
1021 3234 1142 3288 qua}
1171 3217 1524 3271 obedientem
1567 3218 1670 3271 sibi
1705 3219 1880 3272 tradit
1918 3237 2024 3272 cce-

428 3303 658 3357 lestibus
703 3304 911 3373 regnis.
961 3305 1106 3358 Nam
1145 3309 1202 3358 et
1243 3307 1461 3376 Moyses
1493 3313 1718 3376 accepto
1749 3307 2021 3375 sanguine

427 3392 584 3446 vituli
623 3392 682 3445 in
721 3399 932 3462 patera,
969 3393 1208 3464 aspersit
1247 3393 1388 3447 ﬁlios
1428 3395 1620 3459 Israel,
1653 3395 1878 3448 dicens:
1914 3397 2023 3449 Hoc

429 3487 805 3535 testamentum
837 3487 929 3544 est,
965 3483 1108 3550 quod
1141 3484 1408 3550 disposuit
1435 3484 1576 3535 Deus
1605 3485 1678 3536 ad
1707 3500 1799 3540 eos
1831 3485 2017 3551 (Exod.

427 3572 600 3637 xxxv).
617 3569 735 3623 Hoc
750 3571 931 3639 ﬁgura
947 3569 1055 3624 fuit
1081 3571 1426 3636 testamenti,
1447 3571 1596 3640 quod
1617 3571 1888 3625 Dominus
1913 3573 2021 3626 No-

426 3675 554 3710 vum
575 3658 874 3729 appellavit
897 3675 996 3729 per
1012 3659 1362 3729 prophetam,
1377 3663 1442 3712 ut
1453 3659 1592 3712 illud
1602 3665 1760 3713 vetus
1775 3659 1849 3713 sit
1873 3661 2019 3730 quod

427 3747 646 3818 Moyses
659 3747 910 3800 tradidit.
925 3748 1350 3800 Testamentum
1367 3764 1500 3817 ergo
1521 3748 1794 3817 sanguine
1815 3747 2018 3802 consti-

424 3840 610 3889 tutum
633 3842 736 3902 est,
761 3835 894 3906 quia
909 3834 1166 3888 beneﬁcii
1195 3835 1367 3889 divini
1395 3837 1624 3906 sanguis
1653 3837 1814 3890 testis
1833 3844 1934 3890 est.
1954 3839 2017 3890 In

423 3924 582 3992 cujus
620 3929 820 3995 typum
859 3942 961 3978 nos
1007 3925 1238 3978 calicem
1276 3925 1575 3995 mysticum
1603 3925 1675 3978 ad
1719 3925 2018 3979 tuitionem

423 4013 670 4081 corporis
698 4020 754 4066 et
781 4012 1088 4082 sanguinis,
1123 4018 1180 4066 et
1207 4013 1409 4066 animae
1428 4020 1632 4068 nostra)
1655 4014 2012 4084 percipimus,

427 4099 559 4168 quia
577 4099 806 4168 sanguis
822 4099 1046 4154 Domini
1062 4101 1394 4170 sanguinem
1415 4107 1672 4154 nostrum
1689 4101 1946 4166 redemit,
1961 4103 2016 4156 id

2104 3145 2238 3198 pore
2255 3135 2312 3182 et
2321 3129 2594 3199 sanguine
2609 3129 2852 3194 Domini,
2867 3129 3081 3198 gratias
3095 3129 3246 3182 enim
3261 3127 3573 3183 videbimur
3581 3129 3713 3182 red-

2102 3217 2234 3270 dere
2246 3217 2754 3288 Redemptorineo
2769 3235 2817 3270 m
2827 3221 2934 3271 utti
2944 3220 3006 3270 in
3020 3218 3165 3270 vobis
3177 3219 3420 3271 invalidi
3434 3222 3484 3270 et
3493 3221 3707 3284 (egroti,

2103 3313 2150 3360 ct
2177 3309 2468 3359 dormizmt
2502 3309 2686 3370 multi,
2707 3311 2772 3359 ut
2792 3322 2986 3359 verum
3005 3305 3286 3375 probaret,
3313 3304 3446 3375 quia
3469 3321 3710 3360 examen

2103 3395 2356 3448 futurum
2397 3401 2482 3448 est
2519 3393 2914 3464 accipientium
2951 3411 3150 3464 corpus
3183 3393 3428 3459 Domini,
3456 3395 3577 3463 jam
3610 3393 3710 3447 hic

2105 3483 2409 3552 imaginem
2440 3482 2638 3552 judicii
2673 3481 2918 3536 ostendit
2945 3484 3005 3536 in
3031 3499 3126 3536 eos
3161 3482 3257 3552 qui
3291 3482 3707 3536 inconsiderate

2104 3571 2328 3624 Domini
2351 3588 2552 3641 corpus
2573 3576 2918 3641 acceperant,
2943 3571 3078 3624 dum
3108 3569 3354 3624 febribus
3375 3575 3434 3624 et
3465 3570 3709 3624 inﬁrmi-

2103 3658 2310 3712 tatibus
2340 3659 2804 3730 corripiebantur,
2837 3665 2894 3712 et
2925 3659 3089 3712 multi
3121 3657 3523 3726 moriebantur,
3549 3664 3614 3712 ut
3639 3659 3704 3713 in

2101 3747 2187 3800 his
2223 3748 2407 3802 caeteri
2443 3748 2740 3811 discerent,
2787 3752 2844 3800 et
2877 3745 3183 3818 paucorum
3222 3748 3474 3817 exemplo
3511 3749 3705 3801 czeteri

2099 3837 2283 3890 territi
2319 3837 2774 3902 emendarentur,
2807 3852 2923 3890 non
2955 3835 3197 3890 inultum
3233 3851 3434 3905 corpus
3471 3836 3702 3890 Domini

2099 3926 2338 3978 scientes
2355 3925 2704 3994 negligenter
2718 3924 2986 3994 accipere,
3012 3929 3070 3978 et
3085 3940 3214 3978 eum
3234 3940 3402 3994 quem
3424 3923 3512 3977 hic
3532 3939 3706 3994 paena

2099 4013 2400 4078 distulerit,
2432 4013 2658 4082 gravius
2693 4013 2943 4079 tractari,
2980 4012 3114 4082 quia
3146 4011 3483 4082 contempsit
3516 4028 3706 4065 exem-

2100 4103 2435 4172 plum.0uod
2455 4105 2506 4155 si
2529 4105 2880 4168 nosmetipsos
2899 4102 3350 4164 discerneremus,
3373 4116 3484 4154 non
3507 4103 3704 4168 utique

421 4193 711 4251 est,totum
725 4187 1011 4240 hominem
1023 4189 1236 4242 salvum
1249 4188 1378 4242 fecit
1391 4205 1538 4254 ;caro
1550 4189 1702 4242 enim
1717 4191 2018 4244 Salvatoris
2088 4192 2654 4260 judicaremurJJum
2667 4191 3018 4258 judicamur,
3035 4206 3069 4242 a
3082 4191 3213 4244 Dom
3222 4192 3316 4242 ino
3327 4191 3539 4256 corripi
3543 4205 3591 4240 m
3600 4205 3700 4252 ur,

421 4291 520 4344 pro
548 4277 728 4328 salute
747 4276 1012 4346 corporis,
1045 4276 1274 4345 sanguis
1302 4293 1429 4330 vero
1467 4294 1566 4347 pro
1605 4277 1796 4332 anima
1823 4285 2016 4332 nostra

419 4363 626 4418 effusus
657 4369 760 4430 est,
779 4365 921 4418 sicut
937 4365 1092 4435 prius
1107 4366 1530 4435 prmﬁguratum
1545 4366 1728 4420 fuerat
1751 4385 1785 4420 a
1803 4369 2010 4438 Moyse,

418 4453 498 4505 sic
527 4452 679 4506 enim
707 4453 820 4506 ait:
867 4454 1023 4520 Caro,
1048 4453 1248 4523 inquit,
1277 4469 1381 4522 pro
1401 4469 1620 4522 corpore
1648 4461 1826 4512 vestro
1855 4459 2014 4523 o/I‘er—

421 4547 534 4604 tur,
559 4545 788 4610 sanguis
809 4559 1048 4611 veropro
1066 4545 1281 4608 anima,
1299 4541 1536 4612 ideoque
1549 4559 1660 4596 non
1677 4544 2014 4598 manducan-

419 4631 552 4682 dum
582 4631 934 4699 sanguinem.
969 4630 1028 4686 Si
1058 4630 1231 4700 igitur
1267 4630 1414 4702 apud
1443 4636 1656 4684 veteres
1695 4631 1880 4702 imago
1907 4633 2014 4687 fuit

419 4717 690 4779 veritatis,
725 4735 847 4788 quae
875 4736 1024 4772 nunc
1046 4719 1308 4789 apparuit
1347 4726 1403 4772 et
1437 4719 1795 4774 manifestata
1837 4727 1922 4774 est
1954 4721 2012 4774 in

420 4805 723 4858 Salvatoris
745 4807 1006 4872 adventu,
1039 4807 1316 4876 quomodo
1355 4808 1630 4880 haereticis
1669 4810 2010 4864 contrarium

419 4894 638 4946 videtur
655 4899 814 4948 vetus
837 4911 995 4960 novo,
1019 4911 1146 4948 cum
1170 4896 1299 4966 ipsa
1317 4895 1422 4950 sibi
1450 4885 1688 4950 invicem
1715 4898 1829 4951 sint
1859 4899 2012 4953 testi-

419 4982 608 5036 monio
621 4983 646 5034 ?

491 5073 675 5140 Itaque
697 5074 1008 5140 quicunque
1023 5073 1194 5126 ederit
1205 5089 1406 5142 panem
1427 5074 1574 5128 hunc
1593 5079 1693 5127 aut
1709 5075 1904 5128 biberit"
1923 5092 2008 5130 ca-

2099 4285 2159 4333 ut
2183 4295 2294 4332 non
2313 4295 2438 4332 cum.
2459 4279 2554 4331 hoc
2575 4279 2782 4331 mundo
2799 4279 3152 4331 damnentur.
3177 4278 3294 4330 Hoc
3313 4276 3466 4344 dicit,
3493 4275 3626 4346 quia
3647 4277 3700 4330 si

2099 4367 2428 4437 nosmetipsi
2457 4383 2674 4419 errores
2701 4371 2920 4420 nostros
2940 4365 3365 4435 corrigeremus,
3389 4381 3501 4418 non
3524 4381 3560 4418 a
3586 4365 3702 4418 Do-

2099 4456 2250 4510 mino
2283 4455 2689 4524 judicaremur,
2726 4460 2783 4508 et
2812 4453 2946 4525 quia
2979 4454 3334 4524 corripimur,
3365 4459 3557 4506 tamen
3589 4470 3701 4522 pro

2097 4544 2256 4599 nobis
2276 4549 2378 4610 est,
2395 4549 2460 4598 ut
2479 4544 2681 4598 timore
2703 4543 2822 4614 ipso
2839 4543 3229 4596 emendemur:
3248 4543 3306 4595 in
3326 4541 3517 4612 paucis
3537 4542 3697 4596 enim

2097 4633 2348 4687 omnium
2381 4639 2468 4686 est
2498 4632 2848 4698 emendatio;
2877 4650 2900 4683 «
2926 4648 2997 4684 ne
3026 4647 3155 4700 cum
3187 4631 3291 4684 hoc
3323 4629 3550 4694 mundo,
3579 4649 3606 4681 υ
3631 4629 3697 4684 id

2097 4728 2199 4788 est,
2218 4737 2345 4775 cum
2363 4720 2681 4775 inﬁdelibus
2701 4739 2725 4772 «
2744 4720 3096 4774 damnemur.
3120 4738 3144 4769 »
3163 4719 3318 4773 Nihil
3333 4718 3484 4773 enim
3503 4718 3699 4773 differt
3782 4765 3792 4768 _

2095 4809 2164 4863 ab
2189 4810 2399 4862 inﬁdeli
2429 4809 2524 4880 qui
2548 4808 2958 4862 inconsiderate
2979 4809 3050 4861 ad
3080 4824 3334 4861 mensam
3359 4805 3583 4861 Domini
3603 4822 3700 4860 ac-

2095 4899 2242 4952 cedit
2265 4917 2276 4950 :
2301 4915 2482 4968 neque
2503 4897 2654 4955 enim
2675 4896 2766 4968 pie
2785 4897 3058 4950 Dominus
3077 4903 3209 4950 ante
3238 4895 3694 4966 delinquentium

2095 4979 2282 5041 oculos
2301 4987 2488 5040 ﬂenda
2506 4991 2736 5057 peccata
2761 4990 3084 5056 opponeret,
3119 4985 3166 5040 si
3189 5001 3290 5056 per
3320 4983 3694 5054 semetipsum

2093 5093 2160 5129 ea
2194 5075 2445 5129 districte
2477 5074 2648 5128 ferire
2682 5073 2980 5141 voluisset;
3022 5079 3242 5128 constat
3275 5073 3427 5127 enim
3465 5072 3614 5143 quod
3658 5089 3694 5126 a

418 5163 574 5213 licem
599 5161 828 5213 Domini
854 5163 1096 5227 indigne,
1113 5177 1240 5214 reus
1261 5164 1366 5215 erit
1390 5165 1631 5230 corporis
1645 5167 1696 5216 et
1709 5167 2005 5231 sanguinis
2089 5181 2190 5218 suo
2199 5164 2410 5234 judicio
2431 5163 2769 5217 abscondere
2783 5162 2975 5226 voluit,
2991 5179 3129 5232 quos
3148 5161 3468 5216 miserando
3481 5176 3694 5231 praeve-

417 5249 659 5302 Domini.
680 5247 979 5317 Indignum
1008 5249 1144 5303 dicit
1166 5266 1287 5304 esse
1313 5249 1570 5314 Domino,
1590 5251 1685 5320 qui
1703 5251 1867 5306 aliter
1888 5269 2005 5323 my-
2087 5253 2248 5306 niens
2258 5251 2796 5324 semetipsisjudices
2807 5250 3105 5304 fecit.Hinc
3115 5250 3268 5304 enim
3279 5249 3552 5320 scriptum
3564 5253 3684 5302 est:

414 5333 652 5389 sterium
666 5334 928 5403 celebrat,
943 5354 1113 5407 quam
1133 5336 1202 5391 ab
1221 5353 1286 5390 eo
1301 5336 1574 5390 traditum
1589 5345 1693 5405 est,
1718 5356 1830 5392 non
1850 5339 2001 5394 enim
2083 5343 2493 5396 Praoeniamus
2512 5343 2710 5409 faciem
2729 5343 2846 5408 ejus
2871 5342 2934 5393 in
2956 5341 3288 5406 confessione
3311 5337 3481 5407 (Psat.
3509 5340 3680 5404 xcxv).

415 5427 599 5493 potest
611 5423 842 5478 devotus
857 5441 977 5479 esse
999 5425 1094 5496 qui
1123 5425 1288 5478 aliter
1301 5425 1590 5495 praesumit
1610 5443 1780 5497 quam
1804 5429 2001 5482 datum
2086 5429 2290 5499 [Cass]
2311 5429 2456 5484 Hinc
2473 5446 2574 5500 per
2593 5428 2834 5482 Paulum
2855 5427 3062 5480 dicitur
3083 5444 3094 5478 :
3121 5425 3185 5480 Si
3213 5427 3684 5494 nos-metipsosju-

413 5518 501 5568 est
517 5511 588 5568 ab
600 5519 845 5581 auctore,
859 5514 986 5568 ideo
1003 5519 1326 5585 praemonet,
1341 5519 1407 5570 ut
1418 5515 1723 5570 secundum
1745 5517 2001 5573 ordinem
2083 5513 2416 5587 diceremus,
2449 5535 2563 5574 non
2601 5520 2790 5586 utique
2808 5517 3219 5586 judicaremur.
3243 5515 3412 5570 Omni
3445 5512 3677 5586 quidem
