  <div class='ocr_page' id='page_1' title='image "/cluster/home/n/w/nwhite01/storage/ocr_20150623/112/hvd.32044054759774/058.png"; bbox 0 0 3900 6196; ppageno 0'>
   <div class='ocr_carea' id='block_1_1' title="bbox 222 229 2931 292">
    <p class='ocr_par' dir='ltr' id='par_1_1' title="bbox 222 229 2931 292">
     <span class='ocr_line' id='line_1_1' title="bbox 222 229 2931 292; baseline -0.003 0"><span class='ocrx_word' id='word_1_1' title='bbox 222 237 290 292; x_wconf 75' lang='grc'>105</span> <span class='ocrx_word' id='word_1_2' title='bbox 645 229 1225 287; x_wconf 81' lang='lat' dir='ltr'>ENARRATIONUM</span> <span class='ocrx_word' id='word_1_3' title='bbox 1261 231 1341 284; x_wconf 90' lang='lat' dir='ltr'>IN</span> <span class='ocrx_word' id='word_1_4' title='bbox 1385 231 1539 284; x_wconf 89' lang='lat' dir='ltr'>EPP.</span> <span class='ocrx_word' id='word_1_5' title='bbox 1579 230 1795 285; x_wconf 80' lang='lat' dir='ltr'>PAULI</span> <span class='ocrx_word' id='word_1_6' title='bbox 1832 231 1969 286; x_wconf 91' lang='lat' dir='ltr'>LIB.</span> <span class='ocrx_word' id='word_1_7' title='bbox 2003 231 2100 285; x_wconf 85' lang='lat' dir='ltr'>XI.</span> <span class='ocrx_word' id='word_1_8' title='bbox 2125 231 2286 286; x_wconf 89' lang='grc' dir='ltr'>-ΙΝ</span> <span class='ocrx_word' id='word_1_9' title='bbox 2326 229 2597 284; x_wconf 89' lang='lat' dir='ltr'>EPIST.I</span> <span class='ocrx_word' id='word_1_10' title='bbox 2633 229 2730 284; x_wconf 81' lang='lat' dir='ltr'>AD</span> <span class='ocrx_word' id='word_1_11' title='bbox 2769 230 2931 284; x_wconf 85' lang='lat' dir='ltr'>COR.</span> 
     </span>
    </p>
   </div>
   <div class='ocr_carea' id='block_1_2' title="bbox 219 352 2828 427">
    <p class='ocr_par' dir='ltr' id='par_1_2' title="bbox 219 352 2828 427">
     <span class='ocr_line' id='line_1_2' title="bbox 219 352 2828 427; baseline -0.002 -14"><span class='ocrx_word' id='word_1_12' title='bbox 219 357 444 423; x_wconf 62' lang='lat' dir='ltr'>ndustria,</span> <span class='ocrx_word' id='word_1_13' title='bbox 456 362 734 427; x_wconf 85' lang='lat' dir='ltr'>quantum</span> <span class='ocrx_word' id='word_1_14' title='bbox 753 355 814 408; x_wconf 92' lang='lat' dir='ltr'>in</span> <span class='ocrx_word' id='word_1_15' title='bbox 834 353 996 408; x_wconf 88' lang='lat' dir='ltr'>nobis</span> <span class='ocrx_word' id='word_1_16' title='bbox 1027 359 1114 408; x_wconf 90' lang='lat' dir='ltr'>est</span> <span class='ocrx_word' id='word_1_17' title='bbox 1129 355 1356 408; x_wconf 82' lang='lat' dir='ltr'>studere</span> <span class='ocrx_word' id='word_1_18' title='bbox 1386 353 1672 418; x_wconf 90' lang='lat' dir='ltr'>debemus,</span> <span class='ocrx_word' id='word_1_19' title='bbox 1685 359 1752 409; x_wconf 91' lang='lat' dir='ltr'>ut</span> <span class='ocrx_word' id='word_1_20' title='bbox 1768 357 1820 414; x_wconf 82' lang='grc' dir='ltr'><strong>Α</strong></span> <span class='ocrx_word' id='word_1_21' title='bbox 2436 352 2670 410; x_wconf 83' lang='lat' dir='ltr'><strong>CAPUT</strong></span> <span class='ocrx_word' id='word_1_22' title='bbox 2705 354 2828 408; x_wconf 86' lang='lat' dir='ltr'>XII.</span> 
     </span>
    </p>
   </div>
   <div class='ocr_carea' id='block_1_3' title="bbox 217 441 1789 530">
    <p class='ocr_par' dir='ltr' id='par_1_3' title="bbox 217 441 1752 512">
     <span class='ocr_line' id='line_1_3' title="bbox 217 441 1752 512; baseline -0.004 -10"><span class='ocrx_word' id='word_1_23' title='bbox 217 446 568 504; x_wconf 80' lang='lat' dir='ltr'>immaculatam</span> <span class='ocrx_word' id='word_1_24' title='bbox 599 443 944 498; x_wconf 75' lang='lat' dir='ltr'>castimoniae</span> <span class='ocrx_word' id='word_1_25' title='bbox 968 441 1274 512; x_wconf 82' lang='lat' dir='ltr'>puritatem</span> <span class='ocrx_word' id='word_1_26' title='bbox 1298 442 1393 495; x_wconf 93' lang='lat' dir='ltr'>illo</span> <span class='ocrx_word' id='word_1_27' title='bbox 1406 442 1492 495; x_wconf 90' lang='lat' dir='ltr'>vel</span> <span class='ocrx_word' id='word_1_28' title='bbox 1512 443 1752 496; x_wconf 81' lang='lat' dir='ltr'>maxime</span> 
     </span>
    </p>
   </div>
   <div class='ocr_carea' id='block_1_4' title="bbox 1874 441 3436 530">
    <p class='ocr_par' dir='ltr' id='par_1_4' title="bbox 1875 461 3436 530">
     <span class='ocr_line' id='line_1_4' title="bbox 1875 461 3436 530; baseline 0.003 -16"><span class='ocrx_word' id='word_1_29' title='bbox 1875 462 2186 515; x_wconf 85' lang='lat' dir='ltr'>ommendat</span> <span class='ocrx_word' id='word_1_30' title='bbox 2213 462 2495 530; x_wconf 83' lang='lat' dir='ltr'>Apostolus</span> <span class='ocrx_word' id='word_1_31' title='bbox 2521 461 2768 526; x_wconf 75' lang='lat' dir='ltr'>gratiam</span> <span class='ocrx_word' id='word_1_32' title='bbox 2799 461 2896 513; x_wconf 88' lang='lat' dir='ltr'>Dei</span> <span class='ocrx_word' id='word_1_33' title='bbox 2911 465 3162 528; x_wconf 85' lang='lat' dir='ltr'>generali</span> <span class='ocrx_word' id='word_1_34' title='bbox 3189 464 3436 518; x_wconf 86' lang='lat' dir='ltr'>declara-</span> 
     </span>
    </p>
   </div>
   <div class='ocr_carea' id='block_1_5' title="bbox 217 531 3441 606">
    <p class='ocr_par' dir='ltr' id='par_1_5' title="bbox 217 531 3441 606">
     <span class='ocr_line' id='line_1_5' title="bbox 217 531 3441 606; baseline -0.001 -16"><span class='ocrx_word' id='word_1_35' title='bbox 217 541 728 606; x_wconf 83' lang='lat' dir='ltr'>temporeteneamus,</span> <span class='ocrx_word' id='word_1_36' title='bbox 744 548 856 602; x_wconf 91' lang='lat' dir='ltr'>quo</span> <span class='ocrx_word' id='word_1_37' title='bbox 866 531 1202 584; x_wconf 73' lang='lat' dir='ltr'>venerandis</span> <span class='ocrx_word' id='word_1_38' title='bbox 1214 531 1479 585; x_wconf 84' lang='lat' dir='ltr'>assistere</span> <span class='ocrx_word' id='word_1_39' title='bbox 1491 537 1753 601; x_wconf 84' lang='lat' dir='ltr'>optamus</span> <span class='ocrx_word' id='word_1_40' title='bbox 1907 535 2050 606; x_wconf 83' lang='lat' dir='ltr'>tione</span> <span class='ocrx_word' id='word_1_41' title='bbox 2074 535 2270 606; x_wconf 66' lang='lat' dir='ltr'>gratia</span> <span class='ocrx_word' id='word_1_42' title='bbox 2294 534 2472 599; x_wconf 77' lang='lat' dir='ltr'>gratis</span> <span class='ocrx_word' id='word_1_43' title='bbox 2483 533 2622 584; x_wconf 65' lang='lat' dir='ltr'>data</span> <span class='ocrx_word' id='word_1_44' title='bbox 2649 533 3016 599; x_wconf 88' lang='lat' dir='ltr'>comparando</span> <span class='ocrx_word' id='word_1_45' title='bbox 3044 549 3238 603; x_wconf 87' lang='lat' dir='ltr'>corpus</span> <span class='ocrx_word' id='word_1_46' title='bbox 3265 535 3441 590; x_wconf 85' lang='lat' dir='ltr'>Eccle-</span> 
     </span>
    </p>
   </div>
   <div class='ocr_carea' id='block_1_6' title="bbox 214 605 2583 692">
    <p class='ocr_par' dir='ltr' id='par_1_6' title="bbox 214 605 2583 692">
     <span class='ocr_line' id='line_1_6' title="bbox 214 605 2583 692; baseline -0.003 -14"><span class='ocrx_word' id='word_1_47' title='bbox 214 605 436 688; x_wconf 76' lang='lat' dir='ltr'>altaribus,</span> <span class='ocrx_word' id='word_1_48' title='bbox 466 629 524 676; x_wconf 91' lang='lat' dir='ltr'>et</span> <span class='ocrx_word' id='word_1_49' title='bbox 553 619 986 692; x_wconf 84' lang='lat' dir='ltr'>vigilantissima</span> <span class='ocrx_word' id='word_1_50' title='bbox 1015 619 1512 690; x_wconf 82' lang='lat' dir='ltr'>circumspectione</span> <span class='ocrx_word' id='word_1_51' title='bbox 1551 635 1754 689; x_wconf 65' lang='lat' dir='ltr'>praeca-</span> <span class='ocrx_word' id='word_1_52' title='bbox 1905 605 1998 656; x_wconf 64' lang='grc' dir='ltr'>δίιτ</span> <span class='ocrx_word' id='word_1_53' title='bbox 2023 605 2098 656; x_wconf 71' lang='lat' dir='ltr'>ad</span> <span class='ocrx_word' id='word_1_54' title='bbox 2117 617 2309 671; x_wconf 70' lang='grc' dir='ltr'>σονρυε</span> <span class='ocrx_word' id='word_1_55' title='bbox 2349 608 2583 656; x_wconf 56' lang='lat' dir='ltr'>&quot;amri?-</span> 
     </span>
    </p>
   </div>
   <div class='ocr_carea' id='block_1_7' title="bbox 213 708 3435 778">
    <p class='ocr_par' dir='ltr' id='par_1_7' title="bbox 213 708 3435 778">
     <span class='ocr_line' id='line_1_7' title="bbox 213 708 3435 778; baseline 0 -14"><span class='ocrx_word' id='word_1_56' title='bbox 213 713 396 767; x_wconf 82' lang='lat' dir='ltr'>vendum</span> <span class='ocrx_word' id='word_1_57' title='bbox 409 717 506 776; x_wconf 87' lang='lat' dir='ltr'>est,</span> <span class='ocrx_word' id='word_1_58' title='bbox 520 727 595 764; x_wconf 87' lang='lat' dir='ltr'>ne</span> <span class='ocrx_word' id='word_1_59' title='bbox 619 709 806 764; x_wconf 88' lang='lat' dir='ltr'>carnis</span> <span class='ocrx_word' id='word_1_60' title='bbox 826 708 1124 778; x_wconf 82' lang='lat' dir='ltr'>integritas</span> <span class='ocrx_word' id='word_1_61' title='bbox 1147 708 1492 778; x_wconf 71' lang='lat' dir='ltr'>praecedente</span> <span class='ocrx_word' id='word_1_62' title='bbox 1502 712 1754 778; x_wconf 89' lang='lat' dir='ltr'>tempore</span> <span class='ocrx_word' id='word_1_63' title='bbox 1853 725 1882 742; x_wconf 63' lang='grc' dir='ltr'><strong>κ</strong></span> <span class='ocrx_word' id='word_1_64' title='bbox 1909 710 1980 762; x_wconf 80' lang='lat' dir='ltr'>De</span> <span class='ocrx_word' id='word_1_65' title='bbox 2005 709 2354 776; x_wconf 77' lang='lat' dir='ltr'>spiritalibus</span> <span class='ocrx_word' id='word_1_66' title='bbox 2381 714 2568 762; x_wconf 66' lang='lat' dir='ltr'>alitem</span> <span class='ocrx_word' id='word_1_67' title='bbox 2590 711 2713 762; x_wconf 88' lang='lat' dir='ltr'>nolo</span> <span class='ocrx_word' id='word_1_68' title='bbox 2743 725 2828 761; x_wconf 81' lang='lat' dir='ltr'>vos</span> <span class='ocrx_word' id='word_1_69' title='bbox 2873 711 3156 776; x_wconf 83' lang='lat' dir='ltr'>ignorare,</span> <span class='ocrx_word' id='word_1_70' title='bbox 3207 713 3435 778; x_wconf 77' lang='lat' dir='ltr'>fratres.</span> 
     </span>
    </p>
   </div>
   <div class='ocr_carea' id='block_1_8' title="bbox 211 795 3444 869">
    <p class='ocr_par' dir='ltr' id='par_1_8' title="bbox 211 795 3444 869">
     <span class='ocr_line' id='line_1_8' title="bbox 211 795 3444 869; baseline -0.001 -14"><span class='ocrx_word' id='word_1_71' title='bbox 211 801 447 866; x_wconf 86' lang='lat' dir='ltr'>custodita,</span> <span class='ocrx_word' id='word_1_72' title='bbox 472 799 534 853; x_wconf 89' lang='lat' dir='ltr'>in</span> <span class='ocrx_word' id='word_1_73' title='bbox 565 816 633 852; x_wconf 90' lang='lat' dir='ltr'>ea</span> <span class='ocrx_word' id='word_1_74' title='bbox 659 798 962 869; x_wconf 73' lang='lat' dir='ltr'>przecipue,</span> <span class='ocrx_word' id='word_1_75' title='bbox 987 797 1048 850; x_wconf 91' lang='lat' dir='ltr'>in</span> <span class='ocrx_word' id='word_1_76' title='bbox 1067 813 1178 867; x_wconf 88' lang='lat' dir='ltr'>qua</span> <span class='ocrx_word' id='word_1_77' title='bbox 1199 814 1298 850; x_wconf 91' lang='lat' dir='ltr'>nos</span> <span class='ocrx_word' id='word_1_78' title='bbox 1318 796 1388 850; x_wconf 91' lang='lat' dir='ltr'>ad</span> <span class='ocrx_word' id='word_1_79' title='bbox 1405 795 1756 850; x_wconf 89' lang='lat' dir='ltr'>communio-</span> <span class='ocrx_word' id='word_1_80' title='bbox 1839 796 2002 852; x_wconf 78' lang='lat' dir='ltr'>Scitis</span> <span class='ocrx_word' id='word_1_81' title='bbox 2028 800 2163 864; x_wconf 96' lang='lat' dir='ltr'>quia</span> <span class='ocrx_word' id='word_1_82' title='bbox 2188 813 2309 850; x_wconf 87' lang='lat' dir='ltr'>cum</span> <span class='ocrx_word' id='word_1_83' title='bbox 2342 801 2522 863; x_wconf 80' lang='lat' dir='ltr'>gentes</span> <span class='ocrx_word' id='word_1_84' title='bbox 2555 799 2742 861; x_wconf 81' lang='lat' dir='ltr'>eratis,</span> <span class='ocrx_word' id='word_1_85' title='bbox 2775 798 2848 850; x_wconf 88' lang='lat' dir='ltr'>ad</span> <span class='ocrx_word' id='word_1_86' title='bbox 2873 800 3310 853; x_wconf 76' lang='lat' dir='ltr'>simulacrorum</span> <span class='ocrx_word' id='word_1_87' title='bbox 3329 801 3444 867; x_wconf 85' lang='lat' dir='ltr'>for-</span> 
     </span>
    </p>
   </div>
   <div class='ocr_carea' id='block_1_9' title="bbox 212 885 3443 957">
    <p class='ocr_par' dir='ltr' id='par_1_9' title="bbox 212 885 3443 957">
     <span class='ocr_line' id='line_1_9' title="bbox 212 885 3443 957; baseline -0.001 -13"><span class='ocrx_word' id='word_1_88' title='bbox 212 908 310 944; x_wconf 89' lang='lat' dir='ltr'>nem</span> <span class='ocrx_word' id='word_1_89' title='bbox 325 889 568 942; x_wconf 83' lang='lat' dir='ltr'>salutaris</span> <span class='ocrx_word' id='word_1_90' title='bbox 598 887 834 942; x_wconf 79' lang='lat' dir='ltr'>convivii</span> <span class='ocrx_word' id='word_1_91' title='bbox 855 902 1239 957; x_wconf 70' lang='lat' dir='ltr'>praeparamus</span> <span class='ocrx_word' id='word_1_92' title='bbox 1261 891 1424 940; x_wconf 90' lang='lat' dir='ltr'>nocte</span> <span class='ocrx_word' id='word_1_93' title='bbox 1443 885 1753 939; x_wconf 80' lang='lat' dir='ltr'>fraudetur.</span> <span class='ocrx_word' id='word_1_94' title='bbox 1842 901 1991 938; x_wconf 86' lang='lat' dir='ltr'>mam</span> <span class='ocrx_word' id='word_1_95' title='bbox 2002 891 2186 938; x_wconf 81' lang='lat' dir='ltr'>euntes</span> <span class='ocrx_word' id='word_1_96' title='bbox 2193 891 2357 953; x_wconf 86' lang='lat' dir='ltr'>prout</span> <span class='ocrx_word' id='word_1_97' title='bbox 2374 887 2662 939; x_wconf 82' lang='lat' dir='ltr'>ducebami</span> <span class='ocrx_word' id='word_1_98' title='bbox 2665 889 2727 938; x_wconf 83' lang='lat' dir='ltr'>ni</span> <span class='ocrx_word' id='word_1_99' title='bbox 2732 928 2744 940; x_wconf 95' lang='lat'>.</span> <span class='ocrx_word' id='word_1_100' title='bbox 2763 885 3002 953; x_wconf 83' lang='lat' dir='ltr'>(Ambr.)</span> <span class='ocrx_word' id='word_1_101' title='bbox 3023 885 3311 956; x_wconf 88' lang='lat' dir='ltr'>Spiritalia</span> <span class='ocrx_word' id='word_1_102' title='bbox 3330 887 3443 940; x_wconf 86' lang='lat' dir='ltr'>illis</span> 
     </span>
    </p>
   </div>
   <div class='ocr_carea' id='block_1_10' title="bbox 213 972 3445 1046">
    <p class='ocr_par' dir='ltr' id='par_1_10' title="bbox 213 972 3445 1046">
     <span class='ocr_line' id='line_1_10' title="bbox 213 972 3445 1046; baseline 0 -16"><span class='ocrx_word' id='word_1_103' title='bbox 213 979 374 1032; x_wconf 73' lang='lat' dir='ltr'>Verum</span> <span class='ocrx_word' id='word_1_104' title='bbox 397 979 438 1031; x_wconf 94' lang='lat' dir='ltr'>si</span> <span class='ocrx_word' id='word_1_105' title='bbox 467 977 649 1032; x_wconf 87' lang='lat' dir='ltr'>hostis</span> <span class='ocrx_word' id='word_1_106' title='bbox 687 977 784 1030; x_wconf 90' lang='lat' dir='ltr'>ille</span> <span class='ocrx_word' id='word_1_107' title='bbox 813 975 1215 1046; x_wconf 88' lang='lat' dir='ltr'>nequissimus,</span> <span class='ocrx_word' id='word_1_108' title='bbox 1247 980 1313 1028; x_wconf 91' lang='lat' dir='ltr'>ut</span> <span class='ocrx_word' id='word_1_109' title='bbox 1339 973 1500 1028; x_wconf 91' lang='lat' dir='ltr'>nobis</span> <span class='ocrx_word' id='word_1_110' title='bbox 1519 973 1760 1028; x_wconf 72' lang='lat' dir='ltr'>caelestis</span> <span class='ocrx_word' id='word_1_111' title='bbox 1841 972 2153 1028; x_wconf 81' lang='lat' dir='ltr'>traditurus</span> <span class='ocrx_word' id='word_1_112' title='bbox 2166 973 2483 1043; x_wconf 85' lang='lat' dir='ltr'>exemplum</span> <span class='ocrx_word' id='word_1_113' title='bbox 2496 973 2698 1044; x_wconf 76' lang='lat' dir='ltr'>prioris</span> <span class='ocrx_word' id='word_1_114' title='bbox 2710 973 3148 1028; x_wconf 83' lang='lat' dir='ltr'>conversationis</span> <span class='ocrx_word' id='word_1_115' title='bbox 3166 981 3445 1030; x_wconf 87' lang='lat' dir='ltr'>memorat</span> 
     </span>
    </p>
   </div>
   <div class='ocr_carea' id='block_1_11' title="bbox 210 1061 3442 1133">
    <p class='ocr_par' dir='ltr' id='par_1_11' title="bbox 210 1061 3442 1133">
     <span class='ocr_line' id='line_1_11' title="bbox 210 1061 3442 1133; baseline -0.001 -12"><span class='ocrx_word' id='word_1_116' title='bbox 210 1066 394 1122; x_wconf 84' lang='lat' dir='ltr'>remedii</span> <span class='ocrx_word' id='word_1_117' title='bbox 435 1065 735 1120; x_wconf 83' lang='lat' dir='ltr'>subtrahat</span> <span class='ocrx_word' id='word_1_118' title='bbox 789 1064 1148 1126; x_wconf 85' lang='lat' dir='ltr'>medicinam,</span> <span class='ocrx_word' id='word_1_119' title='bbox 1196 1063 1506 1118; x_wconf 86' lang='lat' dir='ltr'>custodiam</span> <span class='ocrx_word' id='word_1_120' title='bbox 1567 1062 1762 1133; x_wconf 73' lang='lat' dir='ltr'>sopita:</span> <span class='ocrx_word' id='word_1_121' title='bbox 1845 1067 1909 1116; x_wconf 90' lang='lat' dir='ltr'>ut</span> <span class='ocrx_word' id='word_1_122' title='bbox 1938 1062 2082 1116; x_wconf 89' lang='lat' dir='ltr'>sicut</span> <span class='ocrx_word' id='word_1_123' title='bbox 2109 1061 2540 1116; x_wconf 82' lang='lat' dir='ltr'>simulacrorum</span> <span class='ocrx_word' id='word_1_124' title='bbox 2558 1063 2789 1117; x_wconf 85' lang='lat' dir='ltr'>fuerunt</span> <span class='ocrx_word' id='word_1_125' title='bbox 2809 1063 2992 1117; x_wconf 83' lang='lat' dir='ltr'>forma</span> <span class='ocrx_word' id='word_1_126' title='bbox 3006 1063 3252 1118; x_wconf 90' lang='lat' dir='ltr'>colentes</span> <span class='ocrx_word' id='word_1_127' title='bbox 3273 1064 3442 1126; x_wconf 87' lang='lat' dir='ltr'>idola,</span> 
     </span>
    </p>
   </div>
   <div class='ocr_carea' id='block_1_12' title="bbox 213 1150 3449 1223">
    <p class='ocr_par' dir='ltr' id='par_1_12' title="bbox 213 1150 3449 1223">
     <span class='ocr_line' id='line_1_12' title="bbox 213 1150 3449 1223; baseline -0 -14"><span class='ocrx_word' id='word_1_128' title='bbox 213 1156 376 1209; x_wconf 78' lang='lat' dir='ltr'>mentis</span> <span class='ocrx_word' id='word_1_129' title='bbox 394 1155 648 1218; x_wconf 90' lang='lat' dir='ltr'>illuserit,</span> <span class='ocrx_word' id='word_1_130' title='bbox 670 1153 751 1208; x_wconf 85' lang='lat' dir='ltr'>ita</span> <span class='ocrx_word' id='word_1_131' title='bbox 774 1154 1050 1208; x_wconf 81' lang='lat' dir='ltr'>duntaxat</span> <span class='ocrx_word' id='word_1_132' title='bbox 1064 1153 1218 1207; x_wconf 92' lang='lat' dir='ltr'>nullo</span> <span class='ocrx_word' id='word_1_133' title='bbox 1238 1150 1666 1223; x_wconf 89' lang='lat' dir='ltr'>reprehensibili</span> <span class='ocrx_word' id='word_1_134' title='bbox 1685 1150 1766 1204; x_wconf 93' lang='lat' dir='ltr'>in-</span> <span class='ocrx_word' id='word_1_135' title='bbox 1846 1156 1906 1205; x_wconf 91' lang='lat' dir='ltr'>et</span> <span class='ocrx_word' id='word_1_136' title='bbox 1923 1150 2272 1206; x_wconf 85' lang='lat' dir='ltr'>ducebantur</span> <span class='ocrx_word' id='word_1_137' title='bbox 2287 1151 2426 1204; x_wconf 90' lang='lat' dir='ltr'>duce</span> <span class='ocrx_word' id='word_1_138' title='bbox 2444 1151 2732 1206; x_wconf 86' lang='lat' dir='ltr'>voluntate</span> <span class='ocrx_word' id='word_1_139' title='bbox 2746 1152 3173 1220; x_wconf 82' lang='lat' dir='ltr'>daemoniorum,</span> <span class='ocrx_word' id='word_1_140' title='bbox 3187 1153 3270 1208; x_wconf 88' lang='lat' dir='ltr'>ita</span> <span class='ocrx_word' id='word_1_141' title='bbox 3289 1158 3347 1207; x_wconf 91' lang='lat' dir='ltr'>et</span> <span class='ocrx_word' id='word_1_142' title='bbox 3361 1171 3449 1208; x_wconf 88' lang='lat' dir='ltr'>co-</span> 
     </span>
    </p>
   </div>
   <div class='ocr_carea' id='block_1_13' title="bbox 211 1239 3448 1315">
    <p class='ocr_par' dir='ltr' id='par_1_13' title="bbox 211 1239 3448 1315">
     <span class='ocr_line' id='line_1_13' title="bbox 211 1239 3448 1315; baseline -0.001 -16"><span class='ocrx_word' id='word_1_143' title='bbox 211 1243 502 1299; x_wconf 86' lang='lat' dir='ltr'>terveniente</span> <span class='ocrx_word' id='word_1_144' title='bbox 515 1243 762 1315; x_wconf 84' lang='lat' dir='ltr'>pruritu,</span> <span class='ocrx_word' id='word_1_145' title='bbox 777 1242 934 1296; x_wconf 91' lang='lat' dir='ltr'>nullo</span> <span class='ocrx_word' id='word_1_146' title='bbox 950 1241 1338 1296; x_wconf 86' lang='lat' dir='ltr'>oblectationis</span> <span class='ocrx_word' id='word_1_147' title='bbox 1351 1240 1768 1295; x_wconf 89' lang='lat' dir='ltr'>contaminetur</span> <span class='ocrx_word' id='word_1_148' title='bbox 1846 1239 2025 1294; x_wconf 85' lang='lat' dir='ltr'>lentes</span> <span class='ocrx_word' id='word_1_149' title='bbox 2055 1240 2235 1294; x_wconf 90' lang='lat' dir='ltr'>Deum</span> <span class='ocrx_word' id='word_1_150' title='bbox 2253 1239 2368 1293; x_wconf 89' lang='lat' dir='ltr'>sint</span> <span class='ocrx_word' id='word_1_151' title='bbox 2395 1239 2575 1293; x_wconf 85' lang='lat' dir='ltr'>forma</span> <span class='ocrx_word' id='word_1_152' title='bbox 2589 1240 2727 1310; x_wconf 80' lang='lat' dir='ltr'>legis</span> <span class='ocrx_word' id='word_1_153' title='bbox 2745 1241 3070 1305; x_wconf 66' lang='lat' dir='ltr'>Dominica),</span> <span class='ocrx_word' id='word_1_154' title='bbox 3093 1241 3448 1298; x_wconf 84' lang='lat' dir='ltr'>ambulantes</span> 
     </span>
    </p>
   </div>
   <div class='ocr_carea' id='block_1_14' title="bbox 212 1328 3456 1402">
    <p class='ocr_par' dir='ltr' id='par_1_14' title="bbox 212 1328 3456 1402">
     <span class='ocr_line' id='line_1_14' title="bbox 212 1328 3456 1402; baseline -0 -16"><span class='ocrx_word' id='word_1_155' title='bbox 212 1333 516 1395; x_wconf 78' lang='lat' dir='ltr'>assensu,sed</span> <span class='ocrx_word' id='word_1_156' title='bbox 537 1331 888 1402; x_wconf 80' lang='lat' dir='ltr'>egestionem</span> <span class='ocrx_word' id='word_1_157' title='bbox 907 1336 1008 1384; x_wconf 89' lang='lat' dir='ltr'>aut</span> <span class='ocrx_word' id='word_1_158' title='bbox 1025 1329 1268 1384; x_wconf 86' lang='lat' dir='ltr'>naturali</span> <span class='ocrx_word' id='word_1_159' title='bbox 1286 1329 1616 1383; x_wconf 87' lang='lat' dir='ltr'>necessitate</span> <span class='ocrx_word' id='word_1_160' title='bbox 1633 1344 1762 1398; x_wconf 89' lang='lat' dir='ltr'>pro-</span> <span class='ocrx_word' id='word_1_161' title='bbox 1847 1328 1991 1383; x_wconf 88' lang='lat' dir='ltr'>sicut</span> <span class='ocrx_word' id='word_1_162' title='bbox 1999 1329 2183 1399; x_wconf 87' lang='lat' dir='ltr'>placet</span> <span class='ocrx_word' id='word_1_163' title='bbox 2191 1329 2431 1383; x_wconf 91' lang='lat' dir='ltr'>Domino</span> <span class='ocrx_word' id='word_1_164' title='bbox 2447 1348 2459 1396; x_wconf 83' lang='lat'>;</span> <span class='ocrx_word' id='word_1_165' title='bbox 2474 1329 2654 1383; x_wconf 85' lang='lat' dir='ltr'>forma</span> <span class='ocrx_word' id='word_1_166' title='bbox 2666 1329 2819 1384; x_wconf 91' lang='lat' dir='ltr'>enim</span> <span class='ocrx_word' id='word_1_167' title='bbox 2855 1330 3294 1402; x_wconf 90' lang='lat' dir='ltr'>uniuscujusque</span> <span class='ocrx_word' id='word_1_168' title='bbox 3314 1331 3456 1402; x_wconf 88' lang='lat' dir='ltr'>legis</span> 
     </span>
    </p>
   </div>
   <div class='ocr_carea' id='block_1_15' title="bbox 212 1416 3454 1490">
    <p class='ocr_par' dir='ltr' id='par_1_15' title="bbox 212 1416 3454 1490">
     <span class='ocr_line' id='line_1_15' title="bbox 212 1416 3454 1490; baseline -0.001 -16"><span class='ocrx_word' id='word_1_169' title='bbox 212 1421 371 1482; x_wconf 82' lang='lat' dir='ltr'>fusam,</span> <span class='ocrx_word' id='word_1_170' title='bbox 392 1426 485 1474; x_wconf 89' lang='lat' dir='ltr'>aut</span> <span class='ocrx_word' id='word_1_171' title='bbox 511 1427 666 1474; x_wconf 86' lang='lat' dir='ltr'>certe</span> <span class='ocrx_word' id='word_1_172' title='bbox 687 1419 1114 1490; x_wconf 89' lang='lat' dir='ltr'>impugnatione</span> <span class='ocrx_word' id='word_1_173' title='bbox 1134 1417 1343 1472; x_wconf 87' lang='lat' dir='ltr'>diaboli</span> <span class='ocrx_word' id='word_1_174' title='bbox 1365 1417 1575 1488; x_wconf 86' lang='lat' dir='ltr'>absque</span> <span class='ocrx_word' id='word_1_175' title='bbox 1597 1433 1764 1471; x_wconf 87' lang='lat' dir='ltr'>sensu</span> <span class='ocrx_word' id='word_1_176' title='bbox 1847 1416 1904 1470; x_wconf 91' lang='lat' dir='ltr'>in</span> <span class='ocrx_word' id='word_1_177' title='bbox 1942 1417 2284 1488; x_wconf 81' lang='lat' dir='ltr'>professione</span> <span class='ocrx_word' id='word_1_178' title='bbox 2321 1423 2379 1471; x_wconf 91' lang='lat' dir='ltr'>et</span> <span class='ocrx_word' id='word_1_179' title='bbox 2415 1419 2834 1473; x_wconf 89' lang='lat' dir='ltr'>conversatione</span> <span class='ocrx_word' id='word_1_180' title='bbox 2883 1419 3113 1473; x_wconf 84' lang='lat' dir='ltr'>cultoris</span> <span class='ocrx_word' id='word_1_181' title='bbox 3167 1419 3334 1474; x_wconf 88' lang='lat' dir='ltr'>debet</span> <span class='ocrx_word' id='word_1_182' title='bbox 3376 1421 3454 1473; x_wconf 88' lang='lat' dir='ltr'>vi-</span> 
     </span>
    </p>
   </div>
   <div class='ocr_carea' id='block_1_16' title="bbox 213 1505 3452 1580">
    <p class='ocr_par' dir='ltr' id='par_1_16' title="bbox 213 1505 3452 1580">
     <span class='ocr_line' id='line_1_16' title="bbox 213 1505 3452 1580; baseline 0.001 -20"><span class='ocrx_word' id='word_1_183' title='bbox 213 1509 462 1580; x_wconf 84' lang='lat' dir='ltr'>voluptatis</span> <span class='ocrx_word' id='word_1_184' title='bbox 489 1508 737 1562; x_wconf 75' lang='lat' dir='ltr'>elicitam</span> <span class='ocrx_word' id='word_1_185' title='bbox 757 1508 828 1562; x_wconf 88' lang='lat' dir='ltr'>ad</span> <span class='ocrx_word' id='word_1_186' title='bbox 848 1507 1318 1578; x_wconf 88' lang='lat' dir='ltr'>impedimentum</span> <span class='ocrx_word' id='word_1_187' title='bbox 1339 1511 1546 1580; x_wconf 55' lang='lat' dir='ltr'>nostra</span> <span class='ocrx_word' id='word_1_188' title='bbox 1565 1505 1766 1559; x_wconf 89' lang='lat' dir='ltr'>sancti-</span> <span class='ocrx_word' id='word_1_189' title='bbox 1846 1505 1984 1560; x_wconf 91' lang='lat' dir='ltr'>deri.</span> <span class='ocrx_word' id='word_1_190' title='bbox 2019 1506 2119 1561; x_wconf 89' lang='lat' dir='ltr'>Ille</span> <span class='ocrx_word' id='word_1_191' title='bbox 2148 1505 2298 1560; x_wconf 90' lang='lat' dir='ltr'>enim</span> <span class='ocrx_word' id='word_1_192' title='bbox 2315 1505 2497 1560; x_wconf 86' lang='lat' dir='ltr'>forma</span> <span class='ocrx_word' id='word_1_193' title='bbox 2510 1513 2567 1560; x_wconf 91' lang='lat' dir='ltr'>et</span> <span class='ocrx_word' id='word_1_194' title='bbox 2595 1507 2782 1577; x_wconf 82' lang='lat' dir='ltr'>imago</span> <span class='ocrx_word' id='word_1_195' title='bbox 2805 1507 2945 1577; x_wconf 85' lang='lat' dir='ltr'>legis</span> <span class='ocrx_word' id='word_1_196' title='bbox 2959 1508 3063 1562; x_wconf 90' lang='lat' dir='ltr'>Dei</span> <span class='ocrx_word' id='word_1_197' title='bbox 3079 1515 3184 1574; x_wconf 90' lang='lat' dir='ltr'>est,</span> <span class='ocrx_word' id='word_1_198' title='bbox 3213 1508 3273 1562; x_wconf 93' lang='lat' dir='ltr'>in</span> <span class='ocrx_word' id='word_1_199' title='bbox 3292 1509 3452 1578; x_wconf 86' lang='lat' dir='ltr'>cujus</span> 
     </span>
    </p>
   </div>
   <div class='ocr_carea' id='block_1_17' title="bbox 213 1585 3456 1668">
    <p class='ocr_par' dir='ltr' id='par_1_17' title="bbox 213 1585 3456 1668">
     <span class='ocr_line' id='line_1_17' title="bbox 213 1585 3456 1668; baseline -0 -17"><span class='ocrx_word' id='word_1_200' title='bbox 213 1597 438 1651; x_wconf 85' lang='lat' dir='ltr'>ﬁcationis</span> <span class='ocrx_word' id='word_1_201' title='bbox 462 1597 807 1660; x_wconf 88' lang='lat' dir='ltr'>obtenderit,</span> <span class='ocrx_word' id='word_1_202' title='bbox 839 1613 1137 1668; x_wconf 90' lang='lat' dir='ltr'>possumus</span> <span class='ocrx_word' id='word_1_203' title='bbox 1166 1602 1223 1649; x_wconf 92' lang='lat' dir='ltr'>et</span> <span class='ocrx_word' id='word_1_204' title='bbox 1244 1593 1512 1649; x_wconf 90' lang='lat' dir='ltr'>debemus</span> <span class='ocrx_word' id='word_1_205' title='bbox 1544 1595 1614 1648; x_wconf 87' lang='lat' dir='ltr'>ad</span> <span class='ocrx_word' id='word_1_206' title='bbox 1632 1610 1764 1665; x_wconf 86' lang='lat' dir='ltr'>gra—</span> <span class='ocrx_word' id='word_1_207' title='bbox 1847 1585 1970 1648; x_wconf 46' lang='lat' dir='ltr'>lide&#39;</span> <span class='ocrx_word' id='word_1_208' title='bbox 1985 1599 2043 1649; x_wconf 91' lang='lat' dir='ltr'>et</span> <span class='ocrx_word' id='word_1_209' title='bbox 2061 1595 2480 1650; x_wconf 85' lang='lat' dir='ltr'>conversatione</span> <span class='ocrx_word' id='word_1_210' title='bbox 2511 1595 2783 1666; x_wconf 87' lang='lat' dir='ltr'>Evangilii</span> <span class='ocrx_word' id='word_1_211' title='bbox 2804 1597 3011 1650; x_wconf 84' lang='lat' dir='ltr'>veritas</span> <span class='ocrx_word' id='word_1_212' title='bbox 3030 1596 3196 1651; x_wconf 92' lang='lat' dir='ltr'>lucet.</span> <span class='ocrx_word' id='word_1_213' title='bbox 3226 1597 3456 1666; x_wconf 80' lang='lat' dir='ltr'>Propter</span> 
     </span>
    </p>
   </div>
   <div class='ocr_carea' id='block_1_18' title="bbox 211 1672 3458 1754">
    <p class='ocr_par' dir='ltr' id='par_1_18' title="bbox 211 1672 3458 1754">
     <span class='ocr_line' id='line_1_18' title="bbox 211 1672 3458 1754; baseline 0 -15"><span class='ocrx_word' id='word_1_214' title='bbox 211 1686 319 1739; x_wconf 77' lang='lat' dir='ltr'>tiam</span> <span class='ocrx_word' id='word_1_215' title='bbox 343 1685 594 1740; x_wconf 87' lang='lat' dir='ltr'>salutaris</span> <span class='ocrx_word' id='word_1_216' title='bbox 631 1684 740 1738; x_wconf 89' lang='lat' dir='ltr'>cibi</span> <span class='ocrx_word' id='word_1_217' title='bbox 783 1685 1132 1741; x_wconf 83' lang='lat' dir='ltr'>conﬁdenter</span> <span class='ocrx_word' id='word_1_218' title='bbox 1175 1685 1465 1747; x_wconf 87' lang='lat' dir='ltr'>accedere;</span> <span class='ocrx_word' id='word_1_219' title='bbox 1508 1672 1594 1737; x_wconf 85' lang='lat' dir='ltr'>sin</span> <span class='ocrx_word' id='word_1_220' title='bbox 1637 1672 1831 1736; x_wconf 87' lang='lat' dir='ltr'>veroB</span> <span class='ocrx_word' id='word_1_221' title='bbox 1851 1685 1994 1752; x_wconf 90' lang='lat' dir='ltr'>quod</span> <span class='ocrx_word' id='word_1_222' title='bbox 2025 1689 2216 1737; x_wconf 87' lang='lat' dir='ltr'>notum</span> <span class='ocrx_word' id='word_1_223' title='bbox 2246 1685 2393 1737; x_wconf 74' lang='lat' dir='ltr'>vobis</span> <span class='ocrx_word' id='word_1_224' title='bbox 2415 1686 2728 1753; x_wconf 81' lang='lat' dir='ltr'>facio,quia</span> <span class='ocrx_word' id='word_1_225' title='bbox 2749 1701 2904 1738; x_wconf 89' lang='lat' dir='ltr'>nemo</span> <span class='ocrx_word' id='word_1_226' title='bbox 2935 1687 2999 1738; x_wconf 90' lang='lat' dir='ltr'>in</span> <span class='ocrx_word' id='word_1_227' title='bbox 3020 1686 3239 1754; x_wconf 83' lang='lat' dir='ltr'>Spiritu</span> <span class='ocrx_word' id='word_1_228' title='bbox 3263 1687 3362 1742; x_wconf 89' lang='lat' dir='ltr'>Dei</span> <span class='ocrx_word' id='word_1_229' title='bbox 3383 1689 3458 1740; x_wconf 85' lang='lat' dir='ltr'>to-</span> 
     </span>
    </p>
   </div>
   <div class='ocr_carea' id='block_1_19' title="bbox 213 1771 3458 1842">
    <p class='ocr_par' dir='ltr' id='par_1_19' title="bbox 213 1771 3458 1842">
     <span class='ocr_line' id='line_1_19' title="bbox 213 1771 3458 1842; baseline 0 -14"><span class='ocrx_word' id='word_1_230' title='bbox 213 1781 366 1828; x_wconf 86' lang='lat' dir='ltr'>nostro</span> <span class='ocrx_word' id='word_1_231' title='bbox 390 1775 519 1828; x_wconf 89' lang='lat' dir='ltr'>vitio</span> <span class='ocrx_word' id='word_1_232' title='bbox 551 1775 668 1828; x_wconf 68' lang='lat' dir='ltr'>haec</span> <span class='ocrx_word' id='word_1_233' title='bbox 683 1773 862 1828; x_wconf 90' lang='lat' dir='ltr'>fuerit</span> <span class='ocrx_word' id='word_1_234' title='bbox 889 1778 1079 1842; x_wconf 86' lang='lat' dir='ltr'>egesta</span> <span class='ocrx_word' id='word_1_235' title='bbox 1106 1773 1407 1834; x_wconf 88' lang='lat' dir='ltr'>concretio,</span> <span class='ocrx_word' id='word_1_236' title='bbox 1441 1771 1773 1826; x_wconf 90' lang='lat' dir='ltr'>convenien-</span> <span class='ocrx_word' id='word_1_237' title='bbox 1853 1788 2023 1841; x_wconf 84' lang='lat' dir='ltr'>quens</span> <span class='ocrx_word' id='word_1_238' title='bbox 2051 1773 2504 1826; x_wconf 87' lang='lat' dir='ltr'>dicitanathema</span> <span class='ocrx_word' id='word_1_239' title='bbox 2515 1775 2719 1838; x_wconf 81' lang='lat' dir='ltr'>Jesu,et</span> <span class='ocrx_word' id='word_1_240' title='bbox 2741 1789 2896 1828; x_wconf 88' lang='lat' dir='ltr'>nemo</span> <span class='ocrx_word' id='word_1_241' title='bbox 2901 1779 3072 1842; x_wconf 86' lang='lat' dir='ltr'>potest</span> <span class='ocrx_word' id='word_1_242' title='bbox 3089 1775 3458 1830; x_wconf 85' lang='lat' dir='ltr'>dicereDomi-</span> 
     </span>
    </p>
   </div>
   <div class='ocr_carea' id='block_1_20' title="bbox 3330 232 3431 289">
    <p class='ocr_par' dir='ltr' id='par_1_20' title="bbox 3330 232 3431 289">
     <span class='ocr_line' id='line_1_20' title="bbox 3330 232 3431 289; baseline 0 -1"><span class='ocrx_word' id='word_1_243' title='bbox 3330 232 3431 289; x_wconf 85' lang='grc'>106</span> 
     </span>
    </p>
   </div>
   <div class='ocr_carea' id='block_1_21' title="bbox 209 1860 1775 1932">
    <p class='ocr_par' dir='ltr' id='par_1_21' title="bbox 209 1860 1775 1932">
     <span class='ocr_line' id='line_1_21' title="bbox 209 1860 1775 1932; baseline -0.003 -16"><span class='ocrx_word' id='word_1_244' title='bbox 209 1871 277 1916; x_wconf 85' lang='lat' dir='ltr'>tes</span> <span class='ocrx_word' id='word_1_245' title='bbox 298 1863 682 1918; x_wconf 86' lang='lat' dir='ltr'>conscientiam</span> <span class='ocrx_word' id='word_1_246' title='bbox 720 1867 974 1916; x_wconf 86' lang='lat' dir='ltr'>nostram</span> <span class='ocrx_word' id='word_1_247' title='bbox 1017 1862 1153 1916; x_wconf 91' lang='lat' dir='ltr'>illud</span> <span class='ocrx_word' id='word_1_248' title='bbox 1186 1861 1556 1932; x_wconf 89' lang='lat' dir='ltr'>apostolicum</span> <span class='ocrx_word' id='word_1_249' title='bbox 1585 1860 1775 1914; x_wconf 86' lang='lat' dir='ltr'>formi-</span> 
     </span>
    </p>
   </div>
   <div class='ocr_carea' id='block_1_22' title="bbox 191 1941 1776 2020">
    <p class='ocr_par' dir='ltr' id='par_1_22' title="bbox 191 1941 1776 2020">
     <span class='ocr_line' id='line_1_22' title="bbox 191 1941 1776 2020; baseline -0.003 -15"><span class='ocrx_word' id='word_1_250' title='bbox 191 1941 404 2005; x_wconf 31' lang='lat' dir='ltr'>‘demus:</span> <span class='ocrx_word' id='word_1_251' title='bbox 429 1952 535 2018; x_wconf 78' lang='lat' dir='ltr'>Qui</span> <span class='ocrx_word' id='word_1_252' title='bbox 565 1953 989 2006; x_wconf 70' lang='lat' dir='ltr'>manducauerit</span> <span class='ocrx_word' id='word_1_253' title='bbox 1012 1967 1232 2020; x_wconf 86' lang='lat' dir='ltr'>panem,</span> <span class='ocrx_word' id='word_1_254' title='bbox 1262 1956 1310 2004; x_wconf 91' lang='lat' dir='ltr'>et</span> <span class='ocrx_word' id='word_1_255' title='bbox 1334 1951 1528 2004; x_wconf 84' lang='lat' dir='ltr'>biberit</span> <span class='ocrx_word' id='word_1_256' title='bbox 1552 1951 1776 2002; x_wconf 85' lang='lat' dir='ltr'>calicem</span> 
     </span>
    </p>
   </div>
   <div class='ocr_carea' id='block_1_23' title="bbox 211 2038 1777 2108">
    <p class='ocr_par' dir='ltr' id='par_1_23' title="bbox 211 2038 1777 2108">
     <span class='ocr_line' id='line_1_23' title="bbox 211 2038 1777 2108; baseline -0.003 -14"><span class='ocrx_word' id='word_1_257' title='bbox 211 2041 400 2094; x_wconf 80' lang='lat' dir='ltr'>Domini</span> <span class='ocrx_word' id='word_1_258' title='bbox 425 2043 677 2108; x_wconf 85' lang='lat' dir='ltr'>indigne,</span> <span class='ocrx_word' id='word_1_259' title='bbox 709 2056 839 2094; x_wconf 80' lang='lat' dir='ltr'>reus</span> <span class='ocrx_word' id='word_1_260' title='bbox 867 2044 975 2094; x_wconf 89' lang='lat' dir='ltr'>erit</span> <span class='ocrx_word' id='word_1_261' title='bbox 1004 2042 1246 2108; x_wconf 82' lang='lat' dir='ltr'>corporis</span> <span class='ocrx_word' id='word_1_262' title='bbox 1276 2044 1327 2092; x_wconf 87' lang='lat' dir='ltr'>et</span> <span class='ocrx_word' id='word_1_263' title='bbox 1353 2039 1650 2106; x_wconf 85' lang='lat' dir='ltr'>sanguinis</span> <span class='ocrx_word' id='word_1_264' title='bbox 1676 2038 1777 2091; x_wconf 91' lang='lat' dir='ltr'>Do-</span> 
     </span>
    </p>
   </div>
   <div class='ocr_carea' id='block_1_24' title="bbox 210 2128 1780 2197">
    <p class='ocr_par' dir='ltr' id='par_1_24' title="bbox 210 2128 1780 2197">
     <span class='ocr_line' id='line_1_24' title="bbox 210 2128 1780 2197; baseline -0.001 -17"><span class='ocrx_word' id='word_1_265' title='bbox 210 2131 345 2181; x_wconf 82' lang='lat' dir='ltr'>mini.</span> <span class='ocrx_word' id='word_1_266' title='bbox 389 2130 579 2182; x_wconf 82' lang='lat' dir='ltr'>Probet</span> <span class='ocrx_word' id='word_1_267' title='bbox 621 2135 812 2183; x_wconf 85' lang='lat' dir='ltr'>autem</span> <span class='ocrx_word' id='word_1_268' title='bbox 837 2131 1092 2197; x_wconf 83' lang='lat' dir='ltr'>primum</span> <span class='ocrx_word' id='word_1_269' title='bbox 1135 2131 1374 2196; x_wconf 87' lang='lat' dir='ltr'>seipsum</span> <span class='ocrx_word' id='word_1_270' title='bbox 1413 2128 1586 2190; x_wconf 86' lang='lat' dir='ltr'>homo,</span> <span class='ocrx_word' id='word_1_271' title='bbox 1621 2130 1670 2179; x_wconf 87' lang='lat' dir='ltr'>et</span> <span class='ocrx_word' id='word_1_272' title='bbox 1699 2128 1780 2178; x_wconf 86' lang='lat' dir='ltr'>sic</span> 
     </span>
    </p>
   </div>
   <div class='ocr_carea' id='block_1_25' title="bbox 206 2216 1777 2287">
    <p class='ocr_par' dir='ltr' id='par_1_25' title="bbox 206 2216 1777 2287">
     <span class='ocr_line' id='line_1_25' title="bbox 206 2216 1777 2287; baseline -0.002 -17"><span class='ocrx_word' id='word_1_273' title='bbox 206 2219 456 2272; x_wconf 84' lang='lat' dir='ltr'>manducet</span> <span class='ocrx_word' id='word_1_274' title='bbox 483 2220 553 2272; x_wconf 83' lang='lat' dir='ltr'>de</span> <span class='ocrx_word' id='word_1_275' title='bbox 580 2235 723 2287; x_wconf 83' lang='lat' dir='ltr'>pane</span> <span class='ocrx_word' id='word_1_276' title='bbox 749 2221 868 2282; x_wconf 84' lang='lat' dir='ltr'>illo,</span> <span class='ocrx_word' id='word_1_277' title='bbox 901 2222 950 2271; x_wconf 88' lang='lat' dir='ltr'>et</span> <span class='ocrx_word' id='word_1_278' title='bbox 978 2218 1041 2270; x_wconf 87' lang='lat' dir='ltr'>de</span> <span class='ocrx_word' id='word_1_279' title='bbox 1075 2220 1242 2270; x_wconf 83' lang='lat' dir='ltr'>calice</span> <span class='ocrx_word' id='word_1_280' title='bbox 1272 2216 1420 2269; x_wconf 84' lang='lat' dir='ltr'>bibat</span> <span class='ocrx_word' id='word_1_281' title='bbox 1451 2234 1466 2269; x_wconf 95' lang='lat'><em>:</em></span> <span class='ocrx_word' id='word_1_282' title='bbox 1491 2217 1591 2284; x_wconf 88' lang='lat' dir='ltr'>qui</span> <span class='ocrx_word' id='word_1_283' title='bbox 1626 2216 1777 2268; x_wconf 89' lang='lat' dir='ltr'>enim</span> 
     </span>
    </p>
   </div>
   <div class='ocr_carea' id='block_1_26' title="bbox 207 2305 1777 2374">
    <p class='ocr_par' dir='ltr' id='par_1_26' title="bbox 207 2305 1777 2374">
     <span class='ocr_line' id='line_1_26' title="bbox 207 2305 1777 2374; baseline -0.002 -16"><span class='ocrx_word' id='word_1_284' title='bbox 207 2307 467 2360; x_wconf 72' lang='lat' dir='ltr'>manduca!</span> <span class='ocrx_word' id='word_1_285' title='bbox 481 2312 538 2360; x_wconf 86' lang='lat' dir='ltr'>et</span> <span class='ocrx_word' id='word_1_286' title='bbox 561 2308 696 2360; x_wconf 85' lang='lat' dir='ltr'>bibit</span> <span class='ocrx_word' id='word_1_287' title='bbox 719 2308 966 2374; x_wconf 86' lang='lat' dir='ltr'>indigne,</span> <span class='ocrx_word' id='word_1_288' title='bbox 977 2306 1264 2374; x_wconf 86' lang='lat' dir='ltr'>judicium</span> <span class='ocrx_word' id='word_1_289' title='bbox 1284 2305 1391 2358; x_wconf 85' lang='lat' dir='ltr'>sibi</span> <span class='ocrx_word' id='word_1_290' title='bbox 1409 2305 1710 2356; x_wconf 86' lang='lat' dir='ltr'>manducat</span> <span class='ocrx_word' id='word_1_291' title='bbox 1726 2306 1777 2355; x_wconf 88' lang='lat' dir='ltr'>et</span> 
     </span>
    </p>
   </div>
   <div class='ocr_carea' id='block_1_27' title="bbox 1857 1860 3461 1930">
    <p class='ocr_par' dir='ltr' id='par_1_27' title="bbox 1857 1860 3461 1930">
     <span class='ocr_line' id='line_1_27' title="bbox 1857 1860 3461 1930; baseline 0.001 -15"><span class='ocrx_word' id='word_1_292' title='bbox 1857 1877 1995 1915; x_wconf 89' lang='lat' dir='ltr'>num</span> <span class='ocrx_word' id='word_1_293' title='bbox 2015 1863 2201 1914; x_wconf 89' lang='lat' dir='ltr'>Jesum</span> <span class='ocrx_word' id='word_1_294' title='bbox 2219 1863 2334 1914; x_wconf 87' lang='lat' dir='ltr'>nisi</span> <span class='ocrx_word' id='word_1_295' title='bbox 2347 1863 2410 1915; x_wconf 83' lang='lat' dir='ltr'>in</span> <span class='ocrx_word' id='word_1_296' title='bbox 2426 1860 2646 1930; x_wconf 83' lang='lat' dir='ltr'>Spiritu</span> <span class='ocrx_word' id='word_1_297' title='bbox 2661 1867 2866 1916; x_wconf 90' lang='lat' dir='ltr'>sancto.</span> <span class='ocrx_word' id='word_1_298' title='bbox 2886 1862 3162 1925; x_wconf 88' lang='lat' dir='ltr'>Quoniam</span> <span class='ocrx_word' id='word_1_299' title='bbox 3181 1863 3461 1918; x_wconf 88' lang='lat' dir='ltr'>rationem</span> 
     </span>
    </p>
   </div>
   <div class='ocr_carea' id='block_1_28' title="bbox 1857 1949 3464 2020">
    <p class='ocr_par' dir='ltr' id='par_1_28' title="bbox 1857 1949 3464 2020">
     <span class='ocr_line' id='line_1_28' title="bbox 1857 1949 3464 2020; baseline 0.002 -17"><span class='ocrx_word' id='word_1_300' title='bbox 1857 1949 2199 2020; x_wconf 86' lang='lat' dir='ltr'>spiritalium</span> <span class='ocrx_word' id='word_1_301' title='bbox 2219 1949 2545 2018; x_wconf 86' lang='lat' dir='ltr'>ignorantes</span> <span class='ocrx_word' id='word_1_302' title='bbox 2571 1967 2672 2020; x_wconf 90' lang='lat' dir='ltr'>per</span> <span class='ocrx_word' id='word_1_303' title='bbox 2694 1950 2915 2020; x_wconf 87' lang='lat' dir='ltr'>singula</span> <span class='ocrx_word' id='word_1_304' title='bbox 2931 1951 3272 2006; x_wconf 88' lang='lat' dir='ltr'>charismata</span> <span class='ocrx_word' id='word_1_305' title='bbox 3285 1951 3464 2006; x_wconf 88' lang='lat' dir='ltr'>homi-</span> 
     </span>
    </p>
   </div>
   <div class='ocr_carea' id='block_1_29' title="bbox 1859 2037 3468 2109">
    <p class='ocr_par' dir='ltr' id='par_1_29' title="bbox 1859 2037 3468 2109">
     <span class='ocr_line' id='line_1_29' title="bbox 1859 2037 3468 2109; baseline 0.002 -17"><span class='ocrx_word' id='word_1_306' title='bbox 1859 2037 2024 2092; x_wconf 89' lang='lat' dir='ltr'>nibus</span> <span class='ocrx_word' id='word_1_307' title='bbox 2043 2041 2230 2109; x_wconf 89' lang='lat' dir='ltr'>potius</span> <span class='ocrx_word' id='word_1_308' title='bbox 2243 2055 2413 2108; x_wconf 90' lang='lat' dir='ltr'>quam</span> <span class='ocrx_word' id='word_1_309' title='bbox 2445 2039 2561 2093; x_wconf 92' lang='lat' dir='ltr'>Deo</span> <span class='ocrx_word' id='word_1_310' title='bbox 2581 2039 2822 2108; x_wconf 87' lang='lat' dir='ltr'>gloriam</span> <span class='ocrx_word' id='word_1_311' title='bbox 2845 2039 3072 2105; x_wconf 89' lang='lat' dir='ltr'>dabant,</span> <span class='ocrx_word' id='word_1_312' title='bbox 3091 2057 3203 2094; x_wconf 93' lang='lat' dir='ltr'>non</span> <span class='ocrx_word' id='word_1_313' title='bbox 3226 2041 3468 2095; x_wconf 89' lang='lat' dir='ltr'>assecuti</span> 
     </span>
    </p>
   </div>
   <div class='ocr_carea' id='block_1_30' title="bbox 1860 2127 3472 2200">
    <p class='ocr_par' dir='ltr' id='par_1_30' title="bbox 1860 2127 3472 2200">
     <span class='ocr_line' id='line_1_30' title="bbox 1860 2127 3472 2200; baseline 0.001 -19"><span class='ocrx_word' id='word_1_314' title='bbox 1860 2143 1962 2198; x_wconf 90' lang='lat' dir='ltr'>per</span> <span class='ocrx_word' id='word_1_315' title='bbox 1986 2127 2263 2198; x_wconf 87' lang='lat' dir='ltr'>Spiritum</span> <span class='ocrx_word' id='word_1_316' title='bbox 2291 2134 2568 2194; x_wconf 89' lang='lat' dir='ltr'>sanctum,</span> <span class='ocrx_word' id='word_1_317' title='bbox 2588 2128 2692 2182; x_wconf 92' lang='lat' dir='ltr'>hoc</span> <span class='ocrx_word' id='word_1_318' title='bbox 2707 2127 2916 2182; x_wconf 88' lang='lat' dir='ltr'>donum</span> <span class='ocrx_word' id='word_1_319' title='bbox 2930 2128 3325 2194; x_wconf 89' lang='lat' dir='ltr'>ministrari,et</span> <span class='ocrx_word' id='word_1_320' title='bbox 3340 2129 3472 2200; x_wconf 91' lang='lat' dir='ltr'>quia</span> 
     </span>
    </p>
   </div>
   <div class='ocr_carea' id='block_1_31' title="bbox 1861 2215 3472 2286">
    <p class='ocr_par' dir='ltr' id='par_1_31' title="bbox 1861 2215 3472 2286">
     <span class='ocr_line' id='line_1_31' title="bbox 1861 2215 3472 2286; baseline 0.001 -17"><span class='ocrx_word' id='word_1_321' title='bbox 1861 2216 1958 2286; x_wconf 92' lang='lat' dir='ltr'>qui</span> <span class='ocrx_word' id='word_1_322' title='bbox 1999 2215 2303 2270; x_wconf 91' lang='lat' dir='ltr'>Dominum</span> <span class='ocrx_word' id='word_1_323' title='bbox 2337 2217 2531 2268; x_wconf 90' lang='lat' dir='ltr'>Jesum</span> <span class='ocrx_word' id='word_1_324' title='bbox 2579 2223 2752 2282; x_wconf 87' lang='lat' dir='ltr'>vocat,</span> <span class='ocrx_word' id='word_1_325' title='bbox 2771 2233 2883 2270; x_wconf 92' lang='lat' dir='ltr'>non</span> <span class='ocrx_word' id='word_1_326' title='bbox 2903 2217 3024 2270; x_wconf 90' lang='lat' dir='ltr'>sine</span> <span class='ocrx_word' id='word_1_327' title='bbox 3040 2217 3253 2286; x_wconf 87' lang='lat' dir='ltr'>Spiritu</span> <span class='ocrx_word' id='word_1_328' title='bbox 3279 2223 3472 2271; x_wconf 88' lang='lat' dir='ltr'>sancto</span> 
     </span>
    </p>
   </div>
   <div class='ocr_carea' id='block_1_32' title="bbox 1861 2303 3470 2376">
    <p class='ocr_par' dir='ltr' id='par_1_32' title="bbox 1861 2303 3470 2376">
     <span class='ocr_line' id='line_1_32' title="bbox 1861 2303 3470 2376; baseline 0.001 -18"><span class='ocrx_word' id='word_1_329' title='bbox 1861 2305 1964 2358; x_wconf 79' lang='lat' dir='ltr'>ho&#39;c</span> <span class='ocrx_word' id='word_1_330' title='bbox 1977 2304 2130 2369; x_wconf 90' lang='lat' dir='ltr'>dicit,</span> <span class='ocrx_word' id='word_1_331' title='bbox 2151 2303 2320 2357; x_wconf 91' lang='lat' dir='ltr'>habet</span> <span class='ocrx_word' id='word_1_332' title='bbox 2330 2304 2480 2357; x_wconf 91' lang='lat' dir='ltr'>enim</span> <span class='ocrx_word' id='word_1_333' title='bbox 2494 2304 2740 2374; x_wconf 85' lang='lat' dir='ltr'>gratiam</span> <span class='ocrx_word' id='word_1_334' title='bbox 2766 2304 2824 2358; x_wconf 90' lang='lat' dir='ltr'>in</span> <span class='ocrx_word' id='word_1_335' title='bbox 2847 2321 2912 2358; x_wconf 90' lang='lat' dir='ltr'>eo</span> <span class='ocrx_word' id='word_1_336' title='bbox 2934 2305 3056 2375; x_wconf 91' lang='lat' dir='ltr'>ipso</span> <span class='ocrx_word' id='word_1_337' title='bbox 3066 2305 3197 2358; x_wconf 86' lang='lat' dir='ltr'>ﬁdei</span> <span class='ocrx_word' id='word_1_338' title='bbox 3219 2321 3332 2359; x_wconf 73' lang='lat' dir='ltr'>suae</span> <span class='ocrx_word' id='word_1_339' title='bbox 3346 2322 3470 2376; x_wconf 87' lang='lat' dir='ltr'>pro-</span> 
     </span>
    </p>
   </div>
   <div class='ocr_carea' id='block_1_33' title="bbox 204 2391 1773 2463">
    <p class='ocr_par' dir='ltr' id='par_1_33' title="bbox 204 2391 1773 2463">
     <span class='ocr_line' id='line_1_33' title="bbox 204 2391 1773 2463; baseline -0.001 -17"><span class='ocrx_word' id='word_1_340' title='bbox 204 2394 331 2460; x_wconf 69' lang='lat' dir='ltr'>hibit,</span> <span class='ocrx_word' id='word_1_341' title='bbox 350 2412 450 2450; x_wconf 88' lang='lat' dir='ltr'>non</span> <span class='ocrx_word' id='word_1_342' title='bbox 465 2397 793 2450; x_wconf 86' lang='lat' dir='ltr'>discernens</span> <span class='ocrx_word' id='word_1_343' title='bbox 809 2411 1022 2463; x_wconf 84' lang='lat' dir='ltr'>corpus,</span> <span class='ocrx_word' id='word_1_344' title='bbox 1036 2394 1095 2447; x_wconf 93' lang='lat' dir='ltr'>id</span> <span class='ocrx_word' id='word_1_345' title='bbox 1111 2399 1214 2458; x_wconf 88' lang='lat' dir='ltr'>est,</span> <span class='ocrx_word' id='word_1_346' title='bbox 1235 2409 1591 2462; x_wconf 88' lang='lat' dir='ltr'>nequaquam</span> <span class='ocrx_word' id='word_1_347' title='bbox 1611 2391 1773 2445; x_wconf 90' lang='lat' dir='ltr'>illum</span> 
     </span>
    </p>
   </div>
   <div class='ocr_carea' id='block_1_34' title="bbox 205 2479 1782 2545">
    <p class='ocr_par' dir='ltr' id='par_1_34' title="bbox 205 2479 1782 2545">
     <span class='ocr_line' id='line_1_34' title="bbox 205 2479 1782 2545; baseline -0.003 -9"><span class='ocrx_word' id='word_1_348' title='bbox 205 2484 450 2545; x_wconf 68' lang='lat' dir='ltr'>celestem</span> <span class='ocrx_word' id='word_1_349' title='bbox 507 2484 706 2538; x_wconf 89' lang='lat' dir='ltr'>cibum</span> <span class='ocrx_word' id='word_1_350' title='bbox 753 2502 790 2536; x_wconf 87' lang='lat' dir='ltr'>a</span> <span class='ocrx_word' id='word_1_351' title='bbox 845 2483 1226 2537; x_wconf 90' lang='lat' dir='ltr'>communium</span> <span class='ocrx_word' id='word_1_352' title='bbox 1275 2497 1532 2535; x_wconf 87' lang='lat' dir='ltr'>escarum</span> <span class='ocrx_word' id='word_1_353' title='bbox 1569 2479 1782 2532; x_wconf 82' lang='lat' dir='ltr'>vilitate</span> 
     </span>
    </p>
   </div>
   <div class='ocr_carea' id='block_1_35' title="bbox 204 2565 1783 2641">
    <p class='ocr_par' dir='ltr' id='par_1_35' title="bbox 204 2565 1783 2641">
     <span class='ocr_line' id='line_1_35' title="bbox 204 2565 1783 2641; baseline -0.005 -14"><span class='ocrx_word' id='word_1_354' title='bbox 204 2589 484 2634; x_wconf 81' lang='lat' dir='ltr'>secernens,</span> <span class='ocrx_word' id='word_1_355' title='bbox 513 2589 625 2627; x_wconf 88' lang='lat' dir='ltr'>nec</span> <span class='ocrx_word' id='word_1_356' title='bbox 653 2573 825 2626; x_wconf 86' lang='lat' dir='ltr'>talem</span> <span class='ocrx_word' id='word_1_357' title='bbox 846 2589 966 2625; x_wconf 88' lang='lat' dir='ltr'>esse</span> <span class='ocrx_word' id='word_1_358' title='bbox 986 2570 1318 2641; x_wconf 87' lang='lat' dir='ltr'>dijudicans,</span> <span class='ocrx_word' id='word_1_359' title='bbox 1352 2585 1520 2639; x_wconf 87' lang='lat' dir='ltr'>quem</span> <span class='ocrx_word' id='word_1_360' title='bbox 1542 2584 1654 2621; x_wconf 91' lang='lat' dir='ltr'>non</span> <span class='ocrx_word' id='word_1_361' title='bbox 1675 2565 1783 2620; x_wconf 90' lang='lat' dir='ltr'>nisi</span> 
     </span>
    </p>
   </div>
   <div class='ocr_carea' id='block_1_36' title="bbox 209 2653 1784 2730">
    <p class='ocr_par' dir='ltr' id='par_1_36' title="bbox 209 2653 1784 2730">
     <span class='ocr_line' id='line_1_36' title="bbox 209 2653 1784 2730; baseline -0.004 -15"><span class='ocrx_word' id='word_1_362' title='bbox 209 2677 328 2730; x_wconf 78' lang='lat' dir='ltr'>pura</span> <span class='ocrx_word' id='word_1_363' title='bbox 363 2662 526 2716; x_wconf 87' lang='lat' dir='ltr'>liceat</span> <span class='ocrx_word' id='word_1_364' title='bbox 578 2667 789 2728; x_wconf 86' lang='lat' dir='ltr'>mente,</span> <span class='ocrx_word' id='word_1_365' title='bbox 819 2661 906 2714; x_wconf 91' lang='lat' dir='ltr'>vel</span> <span class='ocrx_word' id='word_1_366' title='bbox 945 2675 1110 2713; x_wconf 89' lang='lat' dir='ltr'>carne</span> <span class='ocrx_word' id='word_1_367' title='bbox 1137 2674 1498 2730; x_wconf 62' lang='lat' dir='ltr'>praisumere.</span> <span class='ocrx_word' id='word_1_368' title='bbox 1527 2653 1784 2726; x_wconf 84' lang='lat' dir='ltr'>Denique</span> 
     </span>
    </p>
   </div>
   <div class='ocr_carea' id='block_1_37' title="bbox 1856 2391 3470 2463">
    <p class='ocr_par' dir='ltr' id='par_1_37' title="bbox 1856 2391 3470 2463">
     <span class='ocr_line' id='line_1_37' title="bbox 1856 2391 3470 2463; baseline 0.001 -16"><span class='ocrx_word' id='word_1_369' title='bbox 1856 2399 1981 2463; x_wconf 91' lang='lat' dir='ltr'>pter</span> <span class='ocrx_word' id='word_1_370' title='bbox 2004 2393 2242 2463; x_wconf 83' lang='lat' dir='ltr'>gloriam</span> <span class='ocrx_word' id='word_1_371' title='bbox 2269 2391 2512 2446; x_wconf 89' lang='lat' dir='ltr'>nominis</span> <span class='ocrx_word' id='word_1_372' title='bbox 2529 2393 2736 2446; x_wconf 78' lang='lat' dir='ltr'>Christi</span> <span class='ocrx_word' id='word_1_373' title='bbox 2763 2411 2774 2445; x_wconf 90' lang='lat'>:</span> <span class='ocrx_word' id='word_1_374' title='bbox 2800 2409 2912 2446; x_wconf 92' lang='lat' dir='ltr'>non</span> <span class='ocrx_word' id='word_1_375' title='bbox 2956 2392 3108 2446; x_wconf 91' lang='lat' dir='ltr'>enim</span> <span class='ocrx_word' id='word_1_376' title='bbox 3156 2393 3276 2447; x_wconf 91' lang='lat' dir='ltr'>sine</span> <span class='ocrx_word' id='word_1_377' title='bbox 3323 2394 3470 2450; x_wconf 91' lang='lat' dir='ltr'>dono</span> 
     </span>
    </p>
   </div>
   <div class='ocr_carea' id='block_1_38' title="bbox 1861 2480 3473 2552">
    <p class='ocr_par' dir='ltr' id='par_1_38' title="bbox 1861 2480 3473 2552">
     <span class='ocr_line' id='line_1_38' title="bbox 1861 2480 3473 2552; baseline 0.001 -18"><span class='ocrx_word' id='word_1_378' title='bbox 1861 2481 1966 2535; x_wconf 90' lang='lat' dir='ltr'>Dei</span> <span class='ocrx_word' id='word_1_379' title='bbox 1983 2487 2086 2547; x_wconf 90' lang='lat' dir='ltr'>est,</span> <span class='ocrx_word' id='word_1_380' title='bbox 2122 2480 2424 2534; x_wconf 91' lang='lat' dir='ltr'>Dominum</span> <span class='ocrx_word' id='word_1_381' title='bbox 2441 2481 2629 2534; x_wconf 89' lang='lat' dir='ltr'>dicere</span> <span class='ocrx_word' id='word_1_382' title='bbox 2645 2482 2857 2536; x_wconf 85' lang='lat' dir='ltr'>Jesum.</span> <span class='ocrx_word' id='word_1_383' title='bbox 2879 2483 2958 2535; x_wconf 89' lang='lat' dir='ltr'>Ac</span> <span class='ocrx_word' id='word_1_384' title='bbox 2990 2481 3208 2552; x_wconf 87' lang='lat' dir='ltr'>perhoc</span> <span class='ocrx_word' id='word_1_385' title='bbox 3223 2481 3473 2536; x_wconf 88' lang='lat' dir='ltr'>ostendit</span> 
     </span>
    </p>
   </div>
   <div class='ocr_carea' id='block_1_39' title="bbox 1863 2568 3470 2641">
    <p class='ocr_par' dir='ltr' id='par_1_39' title="bbox 1863 2568 3470 2641">
     <span class='ocr_line' id='line_1_39' title="bbox 1863 2568 3470 2641; baseline 0.001 -18"><span class='ocrx_word' id='word_1_386' title='bbox 1863 2569 1976 2624; x_wconf 90' lang='lat' dir='ltr'>illis</span> <span class='ocrx_word' id='word_1_387' title='bbox 2009 2569 2068 2623; x_wconf 92' lang='lat' dir='ltr'>in</span> <span class='ocrx_word' id='word_1_388' title='bbox 2099 2568 2360 2623; x_wconf 88' lang='lat' dir='ltr'>omnibus</span> <span class='ocrx_word' id='word_1_389' title='bbox 2388 2569 2492 2622; x_wconf 91' lang='lat' dir='ltr'>Dei</span> <span class='ocrx_word' id='word_1_390' title='bbox 2521 2587 2644 2624; x_wconf 90' lang='lat' dir='ltr'>esse</span> <span class='ocrx_word' id='word_1_391' title='bbox 2684 2571 2908 2624; x_wconf 85' lang='lat' dir='ltr'>laudem</span> <span class='ocrx_word' id='word_1_392' title='bbox 2936 2577 2993 2624; x_wconf 92' lang='lat' dir='ltr'>et</span> <span class='ocrx_word' id='word_1_393' title='bbox 3017 2569 3282 2641; x_wconf 87' lang='lat' dir='ltr'>gratiam.</span> <span class='ocrx_word' id='word_1_394' title='bbox 3325 2571 3470 2635; x_wconf 85' lang='lat' dir='ltr'>Quia</span> 
     </span>
    </p>
   </div>
   <div class='ocr_carea' id='block_1_40' title="bbox 1865 2657 3468 2731">
    <p class='ocr_par' dir='ltr' id='par_1_40' title="bbox 1865 2657 3468 2731">
     <span class='ocr_line' id='line_1_40' title="bbox 1865 2657 3468 2731; baseline 0.001 -19"><span class='ocrx_word' id='word_1_395' title='bbox 1865 2659 2010 2712; x_wconf 89' lang='lat' dir='ltr'>sicut</span> <span class='ocrx_word' id='word_1_396' title='bbox 2034 2658 2312 2712; x_wconf 89' lang='lat' dir='ltr'>idolorum</span> <span class='ocrx_word' id='word_1_397' title='bbox 2331 2657 2520 2728; x_wconf 87' lang='lat' dir='ltr'>imago</span> <span class='ocrx_word' id='word_1_398' title='bbox 2551 2658 2608 2712; x_wconf 92' lang='lat' dir='ltr'>in</span> <span class='ocrx_word' id='word_1_399' title='bbox 2640 2659 2914 2714; x_wconf 87' lang='lat' dir='ltr'>ministris</span> <span class='ocrx_word' id='word_1_400' title='bbox 2943 2661 3063 2731; x_wconf 86' lang='lat' dir='ltr'>ejus</span> <span class='ocrx_word' id='word_1_401' title='bbox 3083 2665 3187 2726; x_wconf 90' lang='lat' dir='ltr'>est,</span> <span class='ocrx_word' id='word_1_402' title='bbox 3212 2659 3468 2715; x_wconf 87' lang='lat' dir='ltr'>ordinem</span> 
     </span>
    </p>
   </div>
   <div class='ocr_carea' id='block_1_41' title="bbox 206 2745 3470 2818">
    <p class='ocr_par' dir='ltr' id='par_1_41' title="bbox 206 2745 3470 2818">
     <span class='ocr_line' id='line_1_41' title="bbox 206 2745 3470 2818; baseline 0.001 -17"><span class='ocrx_word' id='word_1_403' title='bbox 206 2749 383 2805; x_wconf 81' lang='lat' dir='ltr'>infert:</span> <span class='ocrx_word' id='word_1_404' title='bbox 407 2753 533 2806; x_wconf 73' lang='lat' dir='ltr'>Ideo</span> <span class='ocrx_word' id='word_1_405' title='bbox 565 2753 942 2804; x_wconf 74' lang='lat' dir='ltr'>inveniuntur</span> <span class='ocrx_word' id='word_1_406' title='bbox 969 2751 1138 2802; x_wconf 88' lang='lat' dir='ltr'>multi</span> <span class='ocrx_word' id='word_1_407' title='bbox 1154 2749 1376 2814; x_wconf 76' lang='lat' dir='ltr'>inﬁrmi</span> <span class='ocrx_word' id='word_1_408' title='bbox 1389 2752 1439 2800; x_wconf 87' lang='lat' dir='ltr'>et</span> <span class='ocrx_word' id='word_1_409' title='bbox 1469 2747 1777 2807; x_wconf 80' lang='lat' dir='ltr'>imbecilles,</span> <span class='ocrx_word' id='word_1_410' title='bbox 1865 2763 2030 2801; x_wconf 90' lang='lat' dir='ltr'>suum</span> <span class='ocrx_word' id='word_1_411' title='bbox 2057 2745 2269 2800; x_wconf 88' lang='lat' dir='ltr'>habens</span> <span class='ocrx_word' id='word_1_412' title='bbox 2300 2763 2401 2818; x_wconf 89' lang='lat' dir='ltr'>per</span> <span class='ocrx_word' id='word_1_413' title='bbox 2415 2747 2666 2818; x_wconf 88' lang='lat' dir='ltr'>singulos</span> <span class='ocrx_word' id='word_1_414' title='bbox 2686 2748 2915 2818; x_wconf 83' lang='lat' dir='ltr'>gradus,</span> <span class='ocrx_word' id='word_1_415' title='bbox 2953 2753 3136 2802; x_wconf 91' lang='lat' dir='ltr'>totum</span> <span class='ocrx_word' id='word_1_416' title='bbox 3153 2755 3347 2804; x_wconf 89' lang='lat' dir='ltr'>tamen</span> <span class='ocrx_word' id='word_1_417' title='bbox 3373 2749 3470 2803; x_wconf 91' lang='lat' dir='ltr'>ho-</span> 
     </span>
    </p>
   </div>
   <div class='ocr_carea' id='block_1_42' title="bbox 203 2835 3470 2909">
    <p class='ocr_par' dir='ltr' id='par_1_42' title="bbox 203 2835 3470 2909">
     <span class='ocr_line' id='line_1_42' title="bbox 203 2835 3470 2909; baseline 0.001 -19"><span class='ocrx_word' id='word_1_418' title='bbox 203 2844 243 2890; x_wconf 77' lang='grc' dir='ltr'>εἰ</span> <span class='ocrx_word' id='word_1_419' title='bbox 262 2841 544 2892; x_wconf 80' lang='lat' dir='ltr'>dormiunt</span> <span class='ocrx_word' id='word_1_420' title='bbox 573 2841 749 2892; x_wconf 83' lang='lat' dir='ltr'>multi</span> <span class='ocrx_word' id='word_1_421' title='bbox 762 2857 780 2902; x_wconf 89' lang='lat'><strong><em>;</em></strong></span> <span class='ocrx_word' id='word_1_422' title='bbox 805 2836 1086 2909; x_wconf 77' lang='lat' dir='ltr'>spiritales</span> <span class='ocrx_word' id='word_1_423' title='bbox 1101 2835 1313 2890; x_wconf 91' lang='lat' dir='ltr'>scilicet</span> <span class='ocrx_word' id='word_1_424' title='bbox 1337 2835 1700 2909; x_wconf 78' lang='lat' dir='ltr'>inﬁrmitates</span> <span class='ocrx_word' id='word_1_425' title='bbox 1721 2848 1787 2886; x_wconf 89' lang='lat' dir='ltr'>ac</span> <span class='ocrx_word' id='word_1_426' title='bbox 1867 2835 2037 2889; x_wconf 92' lang='lat' dir='ltr'>minis</span> <span class='ocrx_word' id='word_1_427' title='bbox 2054 2841 2168 2902; x_wconf 86' lang='lat' dir='ltr'>est;</span> <span class='ocrx_word' id='word_1_428' title='bbox 2189 2835 2268 2888; x_wconf 90' lang='lat' dir='ltr'>ita</span> <span class='ocrx_word' id='word_1_429' title='bbox 2293 2841 2352 2889; x_wconf 92' lang='lat' dir='ltr'>et</span> <span class='ocrx_word' id='word_1_430' title='bbox 2383 2835 2442 2890; x_wconf 91' lang='lat' dir='ltr'>in</span> <span class='ocrx_word' id='word_1_431' title='bbox 2464 2836 2586 2906; x_wconf 89' lang='lat' dir='ltr'>lege</span> <span class='ocrx_word' id='word_1_432' title='bbox 2604 2837 2899 2891; x_wconf 89' lang='lat' dir='ltr'>Dominica</span> <span class='ocrx_word' id='word_1_433' title='bbox 2922 2838 3132 2907; x_wconf 84' lang='lat' dir='ltr'>gradus</span> <span class='ocrx_word' id='word_1_434' title='bbox 3159 2839 3470 2892; x_wconf 86' lang='lat' dir='ltr'>charisma-</span> 
     </span>
    </p>
   </div>
   <div class='ocr_carea' id='block_1_43' title="bbox 201 2922 3466 2998">
    <p class='ocr_par' dir='ltr' id='par_1_43' title="bbox 201 2922 3466 2998">
     <span class='ocr_line' id='line_1_43' title="bbox 201 2922 3466 2998; baseline 0.001 -21"><span class='ocrx_word' id='word_1_435' title='bbox 201 2932 382 2980; x_wconf 86' lang='lat' dir='ltr'>mortes</span> <span class='ocrx_word' id='word_1_436' title='bbox 400 2945 464 2980; x_wconf 83' lang='lat' dir='ltr'>ex</span> <span class='ocrx_word' id='word_1_437' title='bbox 480 2928 590 2980; x_wconf 86' lang='lat' dir='ltr'>hac</span> <span class='ocrx_word' id='word_1_438' title='bbox 610 2926 934 2998; x_wconf 89' lang='lat' dir='ltr'>specialiter</span> <span class='ocrx_word' id='word_1_439' title='bbox 952 2925 1140 2980; x_wconf 88' lang='lat' dir='ltr'>dicens</span> <span class='ocrx_word' id='word_1_440' title='bbox 1157 2922 1592 2995; x_wconf 72' lang='lat' dir='ltr'>praesumptione</span> <span class='ocrx_word' id='word_1_441' title='bbox 1621 2937 1788 2992; x_wconf 87' lang='lat' dir='ltr'>gene-</span> <span class='ocrx_word' id='word_1_442' title='bbox 1811 2990 1844 2998; x_wconf 80' lang='lat'><strong>_</strong></span> <span class='ocrx_word' id='word_1_443' title='bbox 1868 2931 1990 2978; x_wconf 90' lang='lat' dir='ltr'>tum</span> <span class='ocrx_word' id='word_1_444' title='bbox 2012 2929 2144 2978; x_wconf 90' lang='lat' dir='ltr'>sunt</span> <span class='ocrx_word' id='word_1_445' title='bbox 2160 2924 2356 2977; x_wconf 83' lang='lat' dir='ltr'>officiis</span> <span class='ocrx_word' id='word_1_446' title='bbox 2377 2924 2652 2989; x_wconf 80' lang='lat' dir='ltr'>Ecclesiae,</span> <span class='ocrx_word' id='word_1_447' title='bbox 2674 2942 2787 2979; x_wconf 94' lang='lat' dir='ltr'>non</span> <span class='ocrx_word' id='word_1_448' title='bbox 2807 2926 3002 2996; x_wconf 90' lang='lat' dir='ltr'>utique</span> <span class='ocrx_word' id='word_1_449' title='bbox 3018 2926 3234 2981; x_wconf 86' lang='lat' dir='ltr'>meritis</span> <span class='ocrx_word' id='word_1_450' title='bbox 3264 2927 3466 2981; x_wconf 89' lang='lat' dir='ltr'>huma-</span> 
     </span>
    </p>
   </div>
   <div class='ocr_carea' id='block_1_44' title="bbox 196 2990 3467 3085">
    <p class='ocr_par' dir='ltr' id='par_1_44' title="bbox 196 2990 3467 3085">
     <span class='ocr_line' id='line_1_44' title="bbox 196 2990 3467 3085; baseline 0.001 -19"><span class='ocrx_word' id='word_1_451' title='bbox 196 3015 291 3067; x_wconf 81' lang='lat' dir='ltr'>rari</span> <span class='ocrx_word' id='word_1_452' title='bbox 320 3033 331 3066; x_wconf 89' lang='lat'><strong>:</strong></span> <span class='ocrx_word' id='word_1_453' title='bbox 361 3015 522 3069; x_wconf 89' lang='lat' dir='ltr'>multi</span> <span class='ocrx_word' id='word_1_454' title='bbox 553 2990 713 3069; x_wconf 68' lang='lat' dir='ltr'>enim</span> <span class='ocrx_word' id='word_1_455' title='bbox 743 3015 842 3085; x_wconf 91' lang='lat' dir='ltr'>qui</span> <span class='ocrx_word' id='word_1_456' title='bbox 869 3031 1002 3068; x_wconf 90' lang='lat' dir='ltr'>cum</span> <span class='ocrx_word' id='word_1_457' title='bbox 1029 2990 1228 3068; x_wconf 76' lang='lat' dir='ltr'>illicita</span> <span class='ocrx_word' id='word_1_458' title='bbox 1255 2990 1784 3082; x_wconf 72' lang='lat' dir='ltr'>usurpationeprae-</span> <span class='ocrx_word' id='word_1_459' title='bbox 1805 2990 1848 3048; x_wconf 73' lang='grc' dir='ltr'>Ο</span> <span class='ocrx_word' id='word_1_460' title='bbox 1869 3013 1957 3066; x_wconf 91' lang='lat' dir='ltr'>nis</span> <span class='ocrx_word' id='word_1_461' title='bbox 1984 3013 2206 3076; x_wconf 88' lang='lat' dir='ltr'>indulti,</span> <span class='ocrx_word' id='word_1_462' title='bbox 2229 3013 2327 3067; x_wconf 90' lang='lat' dir='ltr'>sed</span> <span class='ocrx_word' id='word_1_463' title='bbox 2348 3019 2412 3067; x_wconf 92' lang='lat' dir='ltr'>ut</span> <span class='ocrx_word' id='word_1_464' title='bbox 2446 3013 2700 3067; x_wconf 88' lang='lat' dir='ltr'>membra</span> <span class='ocrx_word' id='word_1_465' title='bbox 2727 3014 2799 3068; x_wconf 87' lang='lat' dir='ltr'>ad</span> <span class='ocrx_word' id='word_1_466' title='bbox 2821 2990 3249 3069; x_wconf 76' lang='lat' dir='ltr'>zediﬁcationem</span> <span class='ocrx_word' id='word_1_467' title='bbox 3279 3016 3467 3070; x_wconf 89' lang='lat' dir='ltr'>Eccle-</span> 
     </span>
    </p>
   </div>
   <div class='ocr_carea' id='block_1_45' title="bbox 197 3101 3460 3178">
    <p class='ocr_par' dir='ltr' id='par_1_45' title="bbox 197 3101 3460 3178">
     <span class='ocr_line' id='line_1_45' title="bbox 197 3101 3460 3178; baseline 0.001 -23"><span class='ocrx_word' id='word_1_468' title='bbox 197 3108 418 3169; x_wconf 82' lang='lat' dir='ltr'>sumunt,</span> <span class='ocrx_word' id='word_1_469' title='bbox 440 3104 815 3158; x_wconf 87' lang='lat' dir='ltr'>inﬁrmantur</span> <span class='ocrx_word' id='word_1_470' title='bbox 850 3103 979 3166; x_wconf 84' lang='lat' dir='ltr'>ﬁde,</span> <span class='ocrx_word' id='word_1_471' title='bbox 1011 3107 1066 3178; x_wconf 80' lang='lat' dir='ltr'>et</span> <span class='ocrx_word' id='word_1_472' title='bbox 1095 3101 1400 3156; x_wconf 88' lang='lat' dir='ltr'>imbecilles</span> <span class='ocrx_word' id='word_1_473' title='bbox 1421 3105 1554 3154; x_wconf 90' lang='lat' dir='ltr'>sunt</span> <span class='ocrx_word' id='word_1_474' title='bbox 1571 3105 1781 3164; x_wconf 90' lang='lat' dir='ltr'>mente,</span> <span class='ocrx_word' id='word_1_475' title='bbox 1867 3101 1963 3155; x_wconf 86' lang='lat' dir='ltr'>siae</span> <span class='ocrx_word' id='word_1_476' title='bbox 1991 3101 2333 3172; x_wconf 88' lang='lat' dir='ltr'>pertinentia</span> <span class='ocrx_word' id='word_1_477' title='bbox 2355 3118 2478 3172; x_wconf 66' lang='lat' dir='ltr'>quae</span> <span class='ocrx_word' id='word_1_478' title='bbox 2508 3119 2609 3172; x_wconf 89' lang='lat' dir='ltr'>per</span> <span class='ocrx_word' id='word_1_479' title='bbox 2634 3119 2694 3156; x_wconf 91' lang='lat' dir='ltr'>se</span> <span class='ocrx_word' id='word_1_480' title='bbox 2714 3109 2771 3156; x_wconf 92' lang='lat' dir='ltr'>et</span> <span class='ocrx_word' id='word_1_481' title='bbox 2791 3102 2848 3156; x_wconf 90' lang='lat' dir='ltr'>in</span> <span class='ocrx_word' id='word_1_482' title='bbox 2871 3119 2931 3156; x_wconf 89' lang='lat' dir='ltr'>se</span> <span class='ocrx_word' id='word_1_483' title='bbox 2960 3103 3170 3158; x_wconf 90' lang='lat' dir='ltr'>habent</span> <span class='ocrx_word' id='word_1_484' title='bbox 3200 3102 3460 3175; x_wconf 86' lang='lat' dir='ltr'>gloriam,</span> 
     </span>
    </p>
   </div>
   <div class='ocr_carea' id='block_1_46' title="bbox 199 3188 3468 3261">
    <p class='ocr_par' dir='ltr' id='par_1_46' title="bbox 199 3188 3468 3261">
     <span class='ocr_line' id='line_1_46' title="bbox 199 3188 3468 3261; baseline 0.001 -17"><span class='ocrx_word' id='word_1_485' title='bbox 199 3192 498 3261; x_wconf 85' lang='lat' dir='ltr'>passionum</span> <span class='ocrx_word' id='word_1_486' title='bbox 540 3191 764 3246; x_wconf 90' lang='lat' dir='ltr'>scilicet</span> <span class='ocrx_word' id='word_1_487' title='bbox 793 3196 851 3246; x_wconf 92' lang='lat' dir='ltr'>et</span> <span class='ocrx_word' id='word_1_488' title='bbox 874 3190 1239 3261; x_wconf 87' lang='lat' dir='ltr'>languoribus</span> <span class='ocrx_word' id='word_1_489' title='bbox 1272 3189 1526 3256; x_wconf 87' lang='lat' dir='ltr'>involuti,</span> <span class='ocrx_word' id='word_1_490' title='bbox 1559 3195 1618 3242; x_wconf 92' lang='lat' dir='ltr'>et</span> <span class='ocrx_word' id='word_1_491' title='bbox 1663 3188 1787 3242; x_wconf 89' lang='lat' dir='ltr'>dor-</span> <span class='ocrx_word' id='word_1_492' title='bbox 1867 3191 2013 3245; x_wconf 84' lang='lat' dir='ltr'>sicut</span> <span class='ocrx_word' id='word_1_493' title='bbox 2050 3196 2136 3244; x_wconf 90' lang='lat' dir='ltr'>est</span> <span class='ocrx_word' id='word_1_494' title='bbox 2163 3190 2334 3244; x_wconf 89' lang='lat' dir='ltr'>etiam</span> <span class='ocrx_word' id='word_1_495' title='bbox 2382 3191 2439 3244; x_wconf 93' lang='lat' dir='ltr'>in</span> <span class='ocrx_word' id='word_1_496' title='bbox 2482 3191 2746 3246; x_wconf 85' lang='lat' dir='ltr'>humanis</span> <span class='ocrx_word' id='word_1_497' title='bbox 2791 3191 3008 3245; x_wconf 84' lang='lat' dir='ltr'>ofﬁciis.</span> <span class='ocrx_word' id='word_1_498' title='bbox 3060 3192 3269 3248; x_wconf 72' lang='lat' dir='ltr'>Schola:</span> <span class='ocrx_word' id='word_1_499' title='bbox 3316 3191 3468 3247; x_wconf 90' lang='lat' dir='ltr'>enim</span> 
     </span>
    </p>
   </div>
   <div class='ocr_carea' id='block_1_47' title="bbox 201 3277 3471 3351">
    <p class='ocr_par' dir='ltr' id='par_1_47' title="bbox 201 3277 3471 3351">
     <span class='ocr_line' id='line_1_47' title="bbox 201 3277 3471 3351; baseline 0.001 -19"><span class='ocrx_word' id='word_1_500' title='bbox 201 3281 362 3334; x_wconf 87' lang='lat' dir='ltr'>miunt</span> <span class='ocrx_word' id='word_1_501' title='bbox 389 3298 595 3336; x_wconf 91' lang='lat' dir='ltr'>somno</span> <span class='ocrx_word' id='word_1_502' title='bbox 628 3279 862 3351; x_wconf 87' lang='lat' dir='ltr'>peccati,</span> <span class='ocrx_word' id='word_1_503' title='bbox 897 3279 967 3333; x_wconf 89' lang='lat' dir='ltr'>ab</span> <span class='ocrx_word' id='word_1_504' title='bbox 995 3280 1100 3334; x_wconf 91' lang='lat' dir='ltr'>hoc</span> <span class='ocrx_word' id='word_1_505' title='bbox 1127 3295 1327 3351; x_wconf 90' lang='lat' dir='ltr'>sopore</span> <span class='ocrx_word' id='word_1_506' title='bbox 1347 3277 1541 3332; x_wconf 89' lang='lat' dir='ltr'>lethali</span> <span class='ocrx_word' id='word_1_507' title='bbox 1571 3293 1785 3348; x_wconf 90' lang='lat' dir='ltr'>nequa-</span> <span class='ocrx_word' id='word_1_508' title='bbox 1868 3285 2016 3344; x_wconf 88' lang='lat' dir='ltr'>sunt,</span> <span class='ocrx_word' id='word_1_509' title='bbox 2053 3297 2174 3351; x_wconf 83' lang='lat' dir='ltr'>quae</span> <span class='ocrx_word' id='word_1_510' title='bbox 2205 3278 2403 3350; x_wconf 86' lang='lat' dir='ltr'>positis</span> <span class='ocrx_word' id='word_1_511' title='bbox 2429 3279 2486 3332; x_wconf 92' lang='lat' dir='ltr'>in</span> <span class='ocrx_word' id='word_1_512' title='bbox 2516 3297 2576 3333; x_wconf 90' lang='lat' dir='ltr'>se</span> <span class='ocrx_word' id='word_1_513' title='bbox 2605 3280 2740 3334; x_wconf 87' lang='lat' dir='ltr'>dant</span> <span class='ocrx_word' id='word_1_514' title='bbox 2769 3281 3123 3350; x_wconf 85' lang='lat' dir='ltr'>dignitatem,</span> <span class='ocrx_word' id='word_1_515' title='bbox 3148 3287 3213 3335; x_wconf 89' lang='lat' dir='ltr'>ut</span> <span class='ocrx_word' id='word_1_516' title='bbox 3241 3281 3347 3335; x_wconf 92' lang='lat' dir='ltr'>loci</span> <span class='ocrx_word' id='word_1_517' title='bbox 3375 3281 3471 3336; x_wconf 90' lang='lat' dir='ltr'>ho-</span> 
     </span>
    </p>
   </div>
   <div class='ocr_carea' id='block_1_48' title="bbox 199 3365 1788 3438">
    <p class='ocr_par' dir='ltr' id='par_1_48' title="bbox 199 3365 1788 3438">
     <span class='ocr_line' id='line_1_48' title="bbox 199 3365 1788 3438; baseline -0.002 -16"><span class='ocrx_word' id='word_1_518' title='bbox 199 3385 347 3438; x_wconf 86' lang='lat' dir='ltr'>quam</span> <span class='ocrx_word' id='word_1_519' title='bbox 375 3369 622 3425; x_wconf 85' lang='lat' dir='ltr'>salutari</span> <span class='ocrx_word' id='word_1_520' title='bbox 654 3368 1030 3423; x_wconf 89' lang='lat' dir='ltr'>sollicitudine</span> <span class='ocrx_word' id='word_1_521' title='bbox 1057 3373 1436 3438; x_wconf 86' lang='lat' dir='ltr'>resurgentes.</span> <span class='ocrx_word' id='word_1_522' title='bbox 1459 3365 1674 3420; x_wconf 89' lang='lat' dir='ltr'>Deinde</span> <span class='ocrx_word' id='word_1_523' title='bbox 1705 3381 1788 3420; x_wconf 88' lang='lat' dir='ltr'>se-</span> 
     </span>
    </p>
   </div>
   <div class='ocr_carea' id='block_1_49' title="bbox 194 3457 1788 3528">
    <p class='ocr_par' dir='ltr' id='par_1_49' title="bbox 194 3457 1788 3528">
     <span class='ocr_line' id='line_1_49' title="bbox 194 3457 1788 3528; baseline -0.001 -19"><span class='ocrx_word' id='word_1_524' title='bbox 194 3457 382 3527; x_wconf 86' lang='lat' dir='ltr'>quitur,</span> <span class='ocrx_word' id='word_1_525' title='bbox 413 3461 566 3528; x_wconf 86' lang='lat' dir='ltr'>quod</span> <span class='ocrx_word' id='word_1_526' title='bbox 579 3461 637 3512; x_wconf 88' lang='lat' dir='ltr'>si</span> <span class='ocrx_word' id='word_1_527' title='bbox 658 3460 1006 3526; x_wconf 84' lang='lat' dir='ltr'>nosmetipsos</span> <span class='ocrx_word' id='word_1_528' title='bbox 1021 3458 1426 3526; x_wconf 86' lang='lat' dir='ltr'>judicaremus,</span> <span class='ocrx_word' id='word_1_529' title='bbox 1460 3471 1574 3510; x_wconf 90' lang='lat' dir='ltr'>non</span> <span class='ocrx_word' id='word_1_530' title='bbox 1596 3457 1788 3523; x_wconf 82' lang='lat' dir='ltr'>utique</span> 
     </span>
    </p>
   </div>
   <div class='ocr_carea' id='block_1_50' title="bbox 184 3543 1787 3616">
    <p class='ocr_par' dir='ltr' id='par_1_50' title="bbox 184 3543 1787 3616">
     <span class='ocr_line' id='line_1_50' title="bbox 184 3543 1787 3616; baseline -0.001 -18"><span class='ocrx_word' id='word_1_531' title='bbox 184 3545 582 3612; x_wconf 81' lang='lat' dir='ltr'>judicaremur,</span> <span class='ocrx_word' id='word_1_532' title='bbox 633 3546 739 3601; x_wconf 90' lang='lat' dir='ltr'>hoc</span> <span class='ocrx_word' id='word_1_533' title='bbox 778 3552 882 3610; x_wconf 90' lang='lat' dir='ltr'>est,</span> <span class='ocrx_word' id='word_1_534' title='bbox 925 3545 972 3599; x_wconf 89' lang='lat' dir='ltr'>si</span> <span class='ocrx_word' id='word_1_535' title='bbox 1010 3545 1384 3616; x_wconf 89' lang='lat' dir='ltr'>nosmetipsos</span> <span class='ocrx_word' id='word_1_536' title='bbox 1431 3543 1787 3615; x_wconf 89' lang='lat' dir='ltr'>perceptione</span> 
     </span>
    </p>
   </div>
   <div class='ocr_carea' id='block_1_51' title="bbox 191 3632 1788 3704">
    <p class='ocr_par' dir='ltr' id='par_1_51' title="bbox 191 3632 1788 3704">
     <span class='ocr_line' id='line_1_51' title="bbox 191 3632 1788 3704; baseline -0.001 -19"><span class='ocrx_word' id='word_1_537' title='bbox 191 3641 688 3700; x_wconf 83' lang='lat' dir='ltr'>sacramentorum,</span> <span class='ocrx_word' id='word_1_538' title='bbox 703 3633 1166 3704; x_wconf 88' lang='lat' dir='ltr'>quotiescumque</span> <span class='ocrx_word' id='word_1_539' title='bbox 1181 3632 1634 3704; x_wconf 88' lang='lat' dir='ltr'>peccativulnere</span> <span class='ocrx_word' id='word_1_540' title='bbox 1651 3647 1788 3701; x_wconf 79' lang='lat' dir='ltr'>pra:-</span> 
     </span>
    </p>
   </div>
   <div class='ocr_carea' id='block_1_52' title="bbox 190 3718 1788 3793">
    <p class='ocr_par' dir='ltr' id='par_1_52' title="bbox 190 3718 1788 3793">
     <span class='ocr_line' id='line_1_52' title="bbox 190 3718 1788 3793; baseline 0 -22"><span class='ocrx_word' id='word_1_541' title='bbox 190 3721 439 3790; x_wconf 84' lang='lat' dir='ltr'>venimur,</span> <span class='ocrx_word' id='word_1_542' title='bbox 466 3723 872 3793; x_wconf 87' lang='lat' dir='ltr'>judicaremus</span> <span class='ocrx_word' id='word_1_543' title='bbox 896 3721 1175 3792; x_wconf 91' lang='lat' dir='ltr'>indignos,</span> <span class='ocrx_word' id='word_1_544' title='bbox 1193 3720 1650 3792; x_wconf 88' lang='lat' dir='ltr'>impenderemus</span> <span class='ocrx_word' id='word_1_545' title='bbox 1679 3718 1788 3772; x_wconf 90' lang='lat' dir='ltr'>uti-</span> 
     </span>
    </p>
   </div>
   <div class='ocr_carea' id='block_1_53' title="bbox 190 3807 1789 3882">
    <p class='ocr_par' dir='ltr' id='par_1_53' title="bbox 190 3807 1789 3882">
     <span class='ocr_line' id='line_1_53' title="bbox 190 3807 1789 3882; baseline -0.001 -20"><span class='ocrx_word' id='word_1_546' title='bbox 190 3825 283 3878; x_wconf 86' lang='lat' dir='ltr'>que</span> <span class='ocrx_word' id='word_1_547' title='bbox 291 3813 650 3878; x_wconf 87' lang='lat' dir='ltr'>studium,ut</span> <span class='ocrx_word' id='word_1_548' title='bbox 661 3829 763 3882; x_wconf 90' lang='lat' dir='ltr'>per</span> <span class='ocrx_word' id='word_1_549' title='bbox 777 3810 1145 3882; x_wconf 85' lang='lat' dir='ltr'>pcenitudinis</span> <span class='ocrx_word' id='word_1_550' title='bbox 1164 3808 1615 3864; x_wconf 87' lang='lat' dir='ltr'>emendationem</span> <span class='ocrx_word' id='word_1_551' title='bbox 1635 3807 1705 3862; x_wconf 90' lang='lat' dir='ltr'>ad</span> <span class='ocrx_word' id='word_1_552' title='bbox 1721 3824 1789 3861; x_wconf 89' lang='lat' dir='ltr'>ea</span> 
     </span>
    </p>
   </div>
   <div class='ocr_carea' id='block_1_54' title="bbox 190 3895 1789 3971">
    <p class='ocr_par' dir='ltr' id='par_1_54' title="bbox 190 3895 1789 3971">
     <span class='ocr_line' id='line_1_54' title="bbox 190 3895 1789 3971; baseline -0.001 -21"><span class='ocrx_word' id='word_1_553' title='bbox 190 3897 336 3968; x_wconf 83' lang='lat' dir='ltr'>digne</span> <span class='ocrx_word' id='word_1_554' title='bbox 364 3901 666 3971; x_wconf 87' lang='lat' dir='ltr'>possimus</span> <span class='ocrx_word' id='word_1_555' title='bbox 715 3899 996 3966; x_wconf 88' lang='lat' dir='ltr'>accedere,</span> <span class='ocrx_word' id='word_1_556' title='bbox 1028 3905 1088 3954; x_wconf 92' lang='lat' dir='ltr'>et</span> <span class='ocrx_word' id='word_1_557' title='bbox 1113 3915 1226 3952; x_wconf 91' lang='lat' dir='ltr'>non</span> <span class='ocrx_word' id='word_1_558' title='bbox 1261 3902 1532 3968; x_wconf 85' lang='lat' dir='ltr'>tanquam</span> <span class='ocrx_word' id='word_1_559' title='bbox 1574 3895 1789 3966; x_wconf 89' lang='lat' dir='ltr'>indigni</span> 
     </span>
    </p>
   </div>
   <div class='ocr_carea' id='block_1_55' title="bbox 189 3986 1792 4058">
    <p class='ocr_par' dir='ltr' id='par_1_55' title="bbox 189 3986 1792 4058">
     <span class='ocr_line' id='line_1_55' title="bbox 189 3986 1792 4058; baseline 0.001 -20"><span class='ocrx_word' id='word_1_560' title='bbox 189 3989 544 4043; x_wconf 77' lang='lat' dir='ltr'>severissimis</span> <span class='ocrx_word' id='word_1_561' title='bbox 588 3987 991 4044; x_wconf 81' lang='lat' dir='ltr'>infirmitatum</span> <span class='ocrx_word' id='word_1_562' title='bbox 1011 3987 1204 4058; x_wconf 84' lang='lat' dir='ltr'>ﬂagris</span> <span class='ocrx_word' id='word_1_563' title='bbox 1219 3986 1628 4056; x_wconf 89' lang='lat' dir='ltr'>castigaremur</span> <span class='ocrx_word' id='word_1_564' title='bbox 1639 4002 1674 4039; x_wconf 88' lang='lat' dir='ltr'>a</span> <span class='ocrx_word' id='word_1_565' title='bbox 1685 3986 1792 4040; x_wconf 93' lang='lat' dir='ltr'>Do-</span> 
     </span>
    </p>
   </div>
   <div class='ocr_carea' id='block_1_56' title="bbox 189 4075 1792 4148">
    <p class='ocr_par' dir='ltr' id='par_1_56' title="bbox 189 4075 1792 4148">
     <span class='ocr_line' id='line_1_56' title="bbox 189 4075 1792 4148; baseline -0.001 -18"><span class='ocrx_word' id='word_1_566' title='bbox 189 4075 341 4140; x_wconf 85' lang='lat' dir='ltr'>mino,</span> <span class='ocrx_word' id='word_1_567' title='bbox 371 4083 436 4132; x_wconf 88' lang='lat' dir='ltr'>ut</span> <span class='ocrx_word' id='word_1_568' title='bbox 453 4078 550 4132; x_wconf 89' lang='lat' dir='ltr'>vel</span> <span class='ocrx_word' id='word_1_569' title='bbox 583 4077 736 4132; x_wconf 85' lang='lat' dir='ltr'>sicut</span> <span class='ocrx_word' id='word_1_570' title='bbox 765 4077 1064 4148; x_wconf 87' lang='lat' dir='ltr'>conpuncti</span> <span class='ocrx_word' id='word_1_571' title='bbox 1095 4076 1165 4130; x_wconf 91' lang='lat' dir='ltr'>ad</span> <span class='ocrx_word' id='word_1_572' title='bbox 1193 4075 1444 4129; x_wconf 90' lang='lat' dir='ltr'>remedia</span> <span class='ocrx_word' id='word_1_573' title='bbox 1471 4081 1792 4130; x_wconf 89' lang='lat' dir='ltr'>nostrorum</span> 
     </span>
    </p>
   </div>
   <div class='ocr_carea' id='block_1_57' title="bbox 193 4161 1794 4236">
    <p class='ocr_par' dir='ltr' id='par_1_57' title="bbox 193 4161 1794 4236">
     <span class='ocr_line' id='line_1_57' title="bbox 193 4161 1794 4236; baseline 0 -19"><span class='ocrx_word' id='word_1_574' title='bbox 193 4166 472 4221; x_wconf 77' lang='lat' dir='ltr'>vulnerum</span> <span class='ocrx_word' id='word_1_575' title='bbox 522 4182 916 4232; x_wconf 81' lang='lat' dir='ltr'>recurramus,</span> <span class='ocrx_word' id='word_1_576' title='bbox 949 4181 1022 4220; x_wconf 89' lang='lat' dir='ltr'>ne</span> <span class='ocrx_word' id='word_1_577' title='bbox 1063 4164 1219 4236; x_wconf 90' lang='lat' dir='ltr'>digni</span> <span class='ocrx_word' id='word_1_578' title='bbox 1261 4164 1551 4236; x_wconf 66' lang='lat' dir='ltr'>prmsentis</span> <span class='ocrx_word' id='word_1_579' title='bbox 1607 4161 1794 4218; x_wconf 68' lang='lat' dir='ltr'>saeculi</span> 
     </span>
    </p>
   </div>
   <div class='ocr_carea' id='block_1_58' title="bbox 189 4250 1794 4326">
    <p class='ocr_par' dir='ltr' id='par_1_58' title="bbox 189 4250 1794 4326">
     <span class='ocr_line' id='line_1_58' title="bbox 189 4250 1794 4326; baseline 0.001 -22"><span class='ocrx_word' id='word_1_580' title='bbox 189 4250 504 4310; x_wconf 84' lang='lat' dir='ltr'>brevissima</span> <span class='ocrx_word' id='word_1_581' title='bbox 535 4254 900 4326; x_wconf 88' lang='lat' dir='ltr'>correptione</span> <span class='ocrx_word' id='word_1_582' title='bbox 930 4270 1044 4308; x_wconf 91' lang='lat' dir='ltr'>non</span> <span class='ocrx_word' id='word_1_583' title='bbox 1077 4253 1277 4320; x_wconf 86' lang='lat' dir='ltr'>habiti,</span> <span class='ocrx_word' id='word_1_584' title='bbox 1316 4253 1375 4306; x_wconf 89' lang='lat' dir='ltr'>in</span> <span class='ocrx_word' id='word_1_585' title='bbox 1404 4252 1594 4307; x_wconf 89' lang='lat' dir='ltr'>futuro</span> <span class='ocrx_word' id='word_1_586' title='bbox 1625 4251 1794 4306; x_wconf 87' lang='lat' dir='ltr'>simul</span> 
     </span>
    </p>
   </div>
   <div class='ocr_carea' id='block_1_59' title="bbox 1868 3367 3475 3442">
    <p class='ocr_par' dir='ltr' id='par_1_59' title="bbox 1868 3367 3475 3442">
     <span class='ocr_line' id='line_1_59' title="bbox 1868 3367 3475 3442; baseline 0.002 -20"><span class='ocrx_word' id='word_1_587' title='bbox 1868 3385 1972 3422; x_wconf 91' lang='lat' dir='ltr'>nor</span> <span class='ocrx_word' id='word_1_588' title='bbox 1991 3368 2278 3422; x_wconf 89' lang='lat' dir='ltr'>hominem</span> <span class='ocrx_word' id='word_1_589' title='bbox 2307 3367 2814 3438; x_wconf 88' lang='lat' dir='ltr'>faciatgloriosum,</span> <span class='ocrx_word' id='word_1_590' title='bbox 2845 3385 2958 3424; x_wconf 91' lang='lat' dir='ltr'>non</span> <span class='ocrx_word' id='word_1_591' title='bbox 2974 3371 3203 3442; x_wconf 88' lang='lat' dir='ltr'>propria</span> <span class='ocrx_word' id='word_1_592' title='bbox 3215 3370 3358 3436; x_wconf 89' lang='lat' dir='ltr'>laus,</span> <span class='ocrx_word' id='word_1_593' title='bbox 3393 3369 3475 3424; x_wconf 88' lang='lat' dir='ltr'>ait</span> 
     </span>
    </p>
   </div>
   <div class='ocr_carea' id='block_1_60' title="bbox 1871 3457 3471 3527">
    <p class='ocr_par' dir='ltr' id='par_1_60' title="bbox 1871 3457 3471 3527">
     <span class='ocr_line' id='line_1_60' title="bbox 1871 3457 3471 3527; baseline 0.001 -17"><span class='ocrx_word' id='word_1_594' title='bbox 1871 3474 2020 3527; x_wconf 87' lang='lat' dir='ltr'>ergo:</span> <span class='ocrx_word' id='word_1_595' title='bbox 2030 3458 2195 3512; x_wconf 81' lang='lat' dir='ltr'>Nemo</span> <span class='ocrx_word' id='word_1_596' title='bbox 2205 3461 2267 3511; x_wconf 88' lang='lat' dir='ltr'>in</span> <span class='ocrx_word' id='word_1_597' title='bbox 2278 3457 2497 3525; x_wconf 85' lang='lat' dir='ltr'>Spiritu</span> <span class='ocrx_word' id='word_1_598' title='bbox 2514 3459 2614 3512; x_wconf 87' lang='lat' dir='ltr'>Dei</span> <span class='ocrx_word' id='word_1_599' title='bbox 2627 3461 2850 3527; x_wconf 88' lang='lat' dir='ltr'>loquens</span> <span class='ocrx_word' id='word_1_600' title='bbox 2864 3459 3001 3512; x_wconf 85' lang='lat' dir='ltr'>dicit</span> <span class='ocrx_word' id='word_1_601' title='bbox 3013 3459 3310 3514; x_wconf 83' lang='lat' dir='ltr'>anathema</span> <span class='ocrx_word' id='word_1_602' title='bbox 3321 3461 3471 3521; x_wconf 74' lang='lat' dir='ltr'>Iesu;</span> 
     </span>
    </p>
   </div>
   <div class='ocr_carea' id='block_1_61' title="bbox 1869 3545 3476 3616">
    <p class='ocr_par' dir='ltr' id='par_1_61' title="bbox 1869 3545 3476 3616">
     <span class='ocr_line' id='line_1_61' title="bbox 1869 3545 3476 3616; baseline 0.002 -18"><span class='ocrx_word' id='word_1_603' title='bbox 1869 3563 1973 3600; x_wconf 89' lang='lat' dir='ltr'>vox</span> <span class='ocrx_word' id='word_1_604' title='bbox 1986 3545 2137 3599; x_wconf 89' lang='lat' dir='ltr'>enim</span> <span class='ocrx_word' id='word_1_605' title='bbox 2157 3562 2279 3616; x_wconf 69' lang='lat' dir='ltr'>quae</span> <span class='ocrx_word' id='word_1_606' title='bbox 2296 3545 2431 3599; x_wconf 91' lang='lat' dir='ltr'>dicit</span> <span class='ocrx_word' id='word_1_607' title='bbox 2444 3546 2749 3600; x_wconf 86' lang='lat' dir='ltr'>anathema</span> <span class='ocrx_word' id='word_1_608' title='bbox 2761 3547 2790 3600; x_wconf 89' lang='lat' dir='ltr'><strong>J</strong></span> <span class='ocrx_word' id='word_1_609' title='bbox 2795 3563 2894 3600; x_wconf 89' lang='lat' dir='ltr'>esu</span> <span class='ocrx_word' id='word_1_610' title='bbox 2920 3547 3168 3602; x_wconf 88' lang='lat' dir='ltr'>humano</span> <span class='ocrx_word' id='word_1_611' title='bbox 3189 3555 3274 3601; x_wconf 91' lang='lat' dir='ltr'>est</span> <span class='ocrx_word' id='word_1_612' title='bbox 3285 3563 3476 3602; x_wconf 89' lang='lat' dir='ltr'>errore</span> 
     </span>
    </p>
   </div>
   <div class='ocr_carea' id='block_1_62' title="bbox 1870 3633 3474 3704">
    <p class='ocr_par' dir='ltr' id='par_1_62' title="bbox 1870 3633 3474 3704">
     <span class='ocr_line' id='line_1_62' title="bbox 1870 3633 3474 3704; baseline 0.002 -18"><span class='ocrx_word' id='word_1_613' title='bbox 1870 3635 2090 3704; x_wconf 87' lang='lat' dir='ltr'>prolata</span> <span class='ocrx_word' id='word_1_614' title='bbox 2119 3652 2130 3686; x_wconf 89' lang='lat'><strong>:</strong></span> <span class='ocrx_word' id='word_1_615' title='bbox 2165 3633 2452 3704; x_wconf 85' lang='lat' dir='ltr'>Quidquid</span> <span class='ocrx_word' id='word_1_616' title='bbox 2480 3635 2634 3688; x_wconf 90' lang='lat' dir='ltr'>enim</span> <span class='ocrx_word' id='word_1_617' title='bbox 2673 3634 2877 3688; x_wconf 89' lang='lat' dir='ltr'>falsum</span> <span class='ocrx_word' id='word_1_618' title='bbox 2901 3641 3002 3700; x_wconf 90' lang='lat' dir='ltr'>est,</span> <span class='ocrx_word' id='word_1_619' title='bbox 3025 3635 3096 3689; x_wconf 89' lang='lat' dir='ltr'>ab</span> <span class='ocrx_word' id='word_1_620' title='bbox 3116 3635 3344 3690; x_wconf 89' lang='lat' dir='ltr'>homine</span> <span class='ocrx_word' id='word_1_621' title='bbox 3371 3638 3474 3701; x_wconf 87' lang='lat' dir='ltr'>est,</span> 
     </span>
    </p>
   </div>
   <div class='ocr_carea' id='block_1_63' title="bbox 1870 3724 3479 3792">
    <p class='ocr_par' dir='ltr' id='par_1_63' title="bbox 1870 3724 3479 3792">
     <span class='ocr_line' id='line_1_63' title="bbox 1870 3724 3479 3792; baseline 0 -16"><span class='ocrx_word' id='word_1_622' title='bbox 1870 3729 1920 3776; x_wconf 89' lang='lat' dir='ltr'>et</span> <span class='ocrx_word' id='word_1_623' title='bbox 1960 3739 2114 3777; x_wconf 88' lang='lat' dir='ltr'>nemo</span> <span class='ocrx_word' id='word_1_624' title='bbox 2141 3727 2313 3791; x_wconf 84' lang='lat' dir='ltr'>potest</span> <span class='ocrx_word' id='word_1_625' title='bbox 2357 3725 2533 3776; x_wconf 86' lang='lat' dir='ltr'>dicere</span> <span class='ocrx_word' id='word_1_626' title='bbox 2571 3724 3099 3790; x_wconf 72' lang='lat' dir='ltr'>DominumJesum,</span> <span class='ocrx_word' id='word_1_627' title='bbox 3134 3727 3248 3777; x_wconf 85' lang='lat' dir='ltr'>nisi</span> <span class='ocrx_word' id='word_1_628' title='bbox 3265 3727 3328 3778; x_wconf 90' lang='lat' dir='ltr'>in</span> <span class='ocrx_word' id='word_1_629' title='bbox 3357 3725 3479 3792; x_wconf 88' lang='lat' dir='ltr'>Spi-</span> 
     </span>
    </p>
   </div>
   <div class='ocr_carea' id='block_1_64' title="bbox 1871 3809 3480 3881">
    <p class='ocr_par' dir='ltr' id='par_1_64' title="bbox 1871 3809 3480 3881">
     <span class='ocr_line' id='line_1_64' title="bbox 1871 3809 3480 3881; baseline -0.001 -17"><span class='ocrx_word' id='word_1_630' title='bbox 1871 3815 1990 3866; x_wconf 87' lang='lat' dir='ltr'>ritu</span> <span class='ocrx_word' id='word_1_631' title='bbox 2033 3817 2241 3865; x_wconf 85' lang='lat' dir='ltr'>sancto.</span> <span class='ocrx_word' id='word_1_632' title='bbox 2275 3811 2498 3863; x_wconf 91' lang='lat' dir='ltr'>Dictum</span> <span class='ocrx_word' id='word_1_633' title='bbox 2538 3809 2689 3863; x_wconf 91' lang='lat' dir='ltr'>enim</span> <span class='ocrx_word' id='word_1_634' title='bbox 2737 3810 2942 3880; x_wconf 89' lang='lat' dir='ltr'>ipsum,</span> <span class='ocrx_word' id='word_1_635' title='bbox 2982 3828 3092 3881; x_wconf 87' lang='lat' dir='ltr'>quo</span> <span class='ocrx_word' id='word_1_636' title='bbox 3130 3810 3480 3880; x_wconf 79' lang='lat' dir='ltr'>significatur</span> 
     </span>
    </p>
   </div>
   <div class='ocr_carea' id='block_1_65' title="bbox 1871 3897 3484 3964">
    <p class='ocr_par' dir='ltr' id='par_1_65' title="bbox 1871 3897 3484 3964">
     <span class='ocr_line' id='line_1_65' title="bbox 1871 3897 3484 3964; baseline 0 -11"><span class='ocrx_word' id='word_1_637' title='bbox 1871 3899 2145 3954; x_wconf 89' lang='lat' dir='ltr'>Dominus</span> <span class='ocrx_word' id='word_1_638' title='bbox 2175 3899 2356 3962; x_wconf 88' lang='lat' dir='ltr'>Jesus,</span> <span class='ocrx_word' id='word_1_639' title='bbox 2389 3915 2504 3952; x_wconf 90' lang='lat' dir='ltr'>non</span> <span class='ocrx_word' id='word_1_640' title='bbox 2549 3897 2874 3952; x_wconf 88' lang='lat' dir='ltr'>adulatione</span> <span class='ocrx_word' id='word_1_641' title='bbox 2903 3897 3218 3964; x_wconf 88' lang='lat' dir='ltr'>hominum,</span> <span class='ocrx_word' id='word_1_642' title='bbox 3251 3898 3398 3953; x_wconf 90' lang='lat' dir='ltr'>sicut</span> <span class='ocrx_word' id='word_1_643' title='bbox 3425 3905 3484 3953; x_wconf 90' lang='lat' dir='ltr'>et</span> 
     </span>
    </p>
   </div>
   <div class='ocr_carea' id='block_1_66' title="bbox 1872 3985 3482 4058">
    <p class='ocr_par' dir='ltr' id='par_1_66' title="bbox 1872 3985 3482 4058">
     <span class='ocr_line' id='line_1_66' title="bbox 1872 3985 3482 4058; baseline 0.001 -17"><span class='ocrx_word' id='word_1_644' title='bbox 1872 3987 2040 4052; x_wconf 90' lang='lat' dir='ltr'>idola,</span> <span class='ocrx_word' id='word_1_645' title='bbox 2064 3986 2142 4040; x_wconf 88' lang='lat' dir='ltr'>dii</span> <span class='ocrx_word' id='word_1_646' title='bbox 2171 3991 2460 4051; x_wconf 85' lang='lat' dir='ltr'>vocantur,</span> <span class='ocrx_word' id='word_1_647' title='bbox 2493 3986 2592 4039; x_wconf 89' lang='lat' dir='ltr'>sed</span> <span class='ocrx_word' id='word_1_648' title='bbox 2624 3985 2869 4057; x_wconf 87' lang='lat' dir='ltr'>Spiritus</span> <span class='ocrx_word' id='word_1_649' title='bbox 2891 3985 3072 4040; x_wconf 89' lang='lat' dir='ltr'>sancti</span> <span class='ocrx_word' id='word_1_650' title='bbox 3094 3987 3328 4041; x_wconf 83' lang='lat' dir='ltr'>veritate</span> <span class='ocrx_word' id='word_1_651' title='bbox 3350 4003 3482 4058; x_wconf 74' lang='lat' dir='ltr'>pro-</span> 
     </span>
    </p>
   </div>
   <div class='ocr_carea' id='block_1_67' title="bbox 1875 4075 3484 4147">
    <p class='ocr_par' dir='ltr' id='par_1_67' title="bbox 1875 4075 3484 4147">
     <span class='ocr_line' id='line_1_67' title="bbox 1875 4075 3484 4147; baseline -0.001 -16"><span class='ocrx_word' id='word_1_652' title='bbox 1875 4077 2061 4131; x_wconf 89' lang='lat' dir='ltr'>fusum</span> <span class='ocrx_word' id='word_1_653' title='bbox 2090 4082 2202 4141; x_wconf 88' lang='lat' dir='ltr'>est;</span> <span class='ocrx_word' id='word_1_654' title='bbox 2235 4075 2508 4146; x_wconf 90' lang='lat' dir='ltr'>quidquid</span> <span class='ocrx_word' id='word_1_655' title='bbox 2527 4075 2678 4128; x_wconf 89' lang='lat' dir='ltr'>enim</span> <span class='ocrx_word' id='word_1_656' title='bbox 2699 4091 2893 4129; x_wconf 87' lang='lat' dir='ltr'>verum</span> <span class='ocrx_word' id='word_1_657' title='bbox 2921 4093 2955 4130; x_wconf 89' lang='lat' dir='ltr'>a</span> <span class='ocrx_word' id='word_1_658' title='bbox 2977 4092 3330 4147; x_wconf 87' lang='lat' dir='ltr'>quocumque</span> <span class='ocrx_word' id='word_1_659' title='bbox 3352 4075 3484 4130; x_wconf 92' lang='lat' dir='ltr'>dici-</span> 
     </span>
    </p>
   </div>
   <div class='ocr_carea' id='block_1_68' title="bbox 1875 4163 3485 4234">
    <p class='ocr_par' dir='ltr' id='par_1_68' title="bbox 1875 4163 3485 4234">
     <span class='ocr_line' id='line_1_68' title="bbox 1875 4163 3485 4234; baseline 0.001 -15"><span class='ocrx_word' id='word_1_660' title='bbox 1875 4170 1988 4231; x_wconf 90' lang='lat' dir='ltr'>tur,</span> <span class='ocrx_word' id='word_1_661' title='bbox 2014 4182 2048 4218; x_wconf 89' lang='lat' dir='ltr'>a</span> <span class='ocrx_word' id='word_1_662' title='bbox 2075 4170 2267 4219; x_wconf 90' lang='lat' dir='ltr'>sancto</span> <span class='ocrx_word' id='word_1_663' title='bbox 2307 4163 2520 4234; x_wconf 87' lang='lat' dir='ltr'>Spiritu</span> <span class='ocrx_word' id='word_1_664' title='bbox 2541 4163 2766 4218; x_wconf 89' lang='lat' dir='ltr'>dicitur.</span> <span class='ocrx_word' id='word_1_665' title='bbox 2799 4164 2884 4218; x_wconf 90' lang='lat' dir='ltr'>Ne</span> <span class='ocrx_word' id='word_1_666' title='bbox 2912 4181 3046 4234; x_wconf 88' lang='lat' dir='ltr'>ergo</span> <span class='ocrx_word' id='word_1_667' title='bbox 3074 4165 3368 4220; x_wconf 90' lang='lat' dir='ltr'>hominum</span> <span class='ocrx_word' id='word_1_668' title='bbox 3405 4165 3485 4220; x_wconf 86' lang='lat' dir='ltr'>fa-</span> 
     </span>
    </p>
   </div>
   <div class='ocr_carea' id='block_1_69' title="bbox 1876 4253 3485 4326">
    <p class='ocr_par' dir='ltr' id='par_1_69' title="bbox 1876 4253 3485 4326">
     <span class='ocr_line' id='line_1_69' title="bbox 1876 4253 3485 4326; baseline 0.001 -20"><span class='ocrx_word' id='word_1_669' title='bbox 1876 4270 2005 4308; x_wconf 90' lang='lat' dir='ltr'>vore</span> <span class='ocrx_word' id='word_1_670' title='bbox 2035 4253 2422 4308; x_wconf 84' lang='lat' dir='ltr'>existimarent</span> <span class='ocrx_word' id='word_1_671' title='bbox 2464 4253 2523 4306; x_wconf 92' lang='lat' dir='ltr'>in</span> <span class='ocrx_word' id='word_1_672' title='bbox 2559 4253 2758 4323; x_wconf 86' lang='lat' dir='ltr'>regula</span> <span class='ocrx_word' id='word_1_673' title='bbox 2787 4253 3126 4319; x_wconf 90' lang='lat' dir='ltr'>Christiana,</span> <span class='ocrx_word' id='word_1_674' title='bbox 3163 4259 3222 4308; x_wconf 90' lang='lat' dir='ltr'>et</span> <span class='ocrx_word' id='word_1_675' title='bbox 3255 4260 3485 4326; x_wconf 89' lang='lat' dir='ltr'>propter</span> 
     </span>
    </p>
   </div>
   <div class='ocr_carea' id='block_1_70' title="bbox 188 4342 3484 4416">
    <p class='ocr_par' dir='ltr' id='par_1_70' title="bbox 188 4342 3484 4416">
     <span class='ocr_line' id='line_1_70' title="bbox 188 4342 3484 4416; baseline 0 -21"><span class='ocrx_word' id='word_1_676' title='bbox 188 4359 302 4396; x_wconf 83' lang='lat' dir='ltr'>eum</span> <span class='ocrx_word' id='word_1_677' title='bbox 329 4345 504 4416; x_wconf 84' lang='lat' dir='ltr'>hujus</span> <span class='ocrx_word' id='word_1_678' title='bbox 537 4344 748 4399; x_wconf 91' lang='lat' dir='ltr'>mundi</span> <span class='ocrx_word' id='word_1_679' title='bbox 779 4342 1163 4414; x_wconf 87' lang='lat' dir='ltr'>peccatoribus</span> <span class='ocrx_word' id='word_1_680' title='bbox 1191 4342 1648 4396; x_wconf 91' lang='lat' dir='ltr'>condemnemur.</span> <span class='ocrx_word' id='word_1_681' title='bbox 1685 4343 1854 4404; x_wconf 86' lang='lat' dir='ltr'>Ita-D</span> <span class='ocrx_word' id='word_1_682' title='bbox 1876 4344 1980 4397; x_wconf 93' lang='lat' dir='ltr'>hoc</span> <span class='ocrx_word' id='word_1_683' title='bbox 1999 4343 2158 4413; x_wconf 87' lang='lat' dir='ltr'>argui</span> <span class='ocrx_word' id='word_1_684' title='bbox 2199 4361 2260 4397; x_wconf 91' lang='lat' dir='ltr'>se</span> <span class='ocrx_word' id='word_1_685' title='bbox 2288 4342 2522 4396; x_wconf 91' lang='lat' dir='ltr'>minime</span> <span class='ocrx_word' id='word_1_686' title='bbox 2560 4346 2906 4412; x_wconf 88' lang='lat' dir='ltr'>paterentur,</span> <span class='ocrx_word' id='word_1_687' title='bbox 2939 4342 3085 4396; x_wconf 89' lang='lat' dir='ltr'>sicut</span> <span class='ocrx_word' id='word_1_688' title='bbox 3117 4349 3204 4396; x_wconf 89' lang='lat' dir='ltr'>est</span> <span class='ocrx_word' id='word_1_689' title='bbox 3230 4348 3286 4396; x_wconf 91' lang='lat' dir='ltr'>et</span> <span class='ocrx_word' id='word_1_690' title='bbox 3311 4343 3370 4396; x_wconf 91' lang='lat' dir='ltr'>in</span> <span class='ocrx_word' id='word_1_691' title='bbox 3405 4343 3484 4397; x_wconf 86' lang='lat' dir='ltr'>si-</span> 
     </span>
    </p>
   </div>
   <div class='ocr_carea' id='block_1_71' title="bbox 189 4432 1796 4498">
    <p class='ocr_par' dir='ltr' id='par_1_71' title="bbox 189 4432 1796 4498">
     <span class='ocr_line' id='line_1_71' title="bbox 189 4432 1796 4498; baseline -0.001 -14"><span class='ocrx_word' id='word_1_692' title='bbox 189 4447 298 4498; x_wconf 80' lang='lat' dir='ltr'>que,</span> <span class='ocrx_word' id='word_1_693' title='bbox 311 4435 544 4498; x_wconf 81' lang='lat' dir='ltr'>fratres,</span> <span class='ocrx_word' id='word_1_694' title='bbox 564 4449 700 4487; x_wconf 86' lang='lat' dir='ltr'>cum</span> <span class='ocrx_word' id='word_1_695' title='bbox 721 4435 1023 4487; x_wconf 82' lang='lat' dir='ltr'>convenitis</span> <span class='ocrx_word' id='word_1_696' title='bbox 1051 4433 1124 4486; x_wconf 90' lang='lat' dir='ltr'>ad</span> <span class='ocrx_word' id='word_1_697' title='bbox 1153 4432 1630 4496; x_wconf 84' lang='lat' dir='ltr'>manducandum,</span> <span class='ocrx_word' id='word_1_698' title='bbox 1648 4433 1796 4483; x_wconf 77' lang='lat' dir='ltr'>invi-</span> 
     </span>
    </p>
   </div>
   <div class='ocr_carea' id='block_1_72' title="bbox 188 4518 1796 4592">
    <p class='ocr_par' dir='ltr' id='par_1_72' title="bbox 188 4518 1796 4592">
     <span class='ocr_line' id='line_1_72' title="bbox 188 4518 1796 4592; baseline 0 -20"><span class='ocrx_word' id='word_1_699' title='bbox 188 4536 291 4573; x_wconf 79' lang='lat' dir='ltr'>cem</span> <span class='ocrx_word' id='word_1_700' title='bbox 302 4529 608 4590; x_wconf 71' lang='lat' dir='ltr'>expectate,</span> <span class='ocrx_word' id='word_1_701' title='bbox 635 4525 689 4575; x_wconf 86' lang='lat' dir='ltr'>si</span> <span class='ocrx_word' id='word_1_702' title='bbox 707 4524 833 4590; x_wconf 87' lang='lat' dir='ltr'>quis</span> <span class='ocrx_word' id='word_1_703' title='bbox 851 4525 1046 4585; x_wconf 84' lang='lat' dir='ltr'>esurit,</span> <span class='ocrx_word' id='word_1_704' title='bbox 1060 4522 1214 4574; x_wconf 86' lang='lat' dir='ltr'>domi</span> <span class='ocrx_word' id='word_1_705' title='bbox 1227 4521 1539 4592; x_wconf 80' lang='lat' dir='ltr'>manducet.</span> <span class='ocrx_word' id='word_1_706' title='bbox 1558 4518 1796 4587; x_wconf 79' lang='lat' dir='ltr'>(Ambr.)</span> 
     </span>
    </p>
   </div>
   <div class='ocr_carea' id='block_1_73' title="bbox 189 4607 1800 4681">
    <p class='ocr_par' dir='ltr' id='par_1_73' title="bbox 189 4607 1800 4681">
     <span class='ocr_line' id='line_1_73' title="bbox 189 4607 1800 4681; baseline 0.001 -21"><span class='ocrx_word' id='word_1_707' title='bbox 189 4608 264 4662; x_wconf 74' lang='lat' dir='ltr'>Ad</span> <span class='ocrx_word' id='word_1_708' title='bbox 282 4609 524 4664; x_wconf 85' lang='lat' dir='ltr'>invicem</span> <span class='ocrx_word' id='word_1_709' title='bbox 548 4608 994 4681; x_wconf 84' lang='lat' dir='ltr'>exspectandum</span> <span class='ocrx_word' id='word_1_710' title='bbox 1013 4609 1165 4673; x_wconf 93' lang='lat' dir='ltr'>dicit,</span> <span class='ocrx_word' id='word_1_711' title='bbox 1181 4613 1246 4663; x_wconf 92' lang='lat' dir='ltr'>ut</span> <span class='ocrx_word' id='word_1_712' title='bbox 1263 4609 1572 4662; x_wconf 89' lang='lat' dir='ltr'>multorum</span> <span class='ocrx_word' id='word_1_713' title='bbox 1593 4607 1800 4662; x_wconf 88' lang='lat' dir='ltr'>oblatio</span> 
     </span>
    </p>
   </div>
   <div class='ocr_carea' id='block_1_74' title="bbox 192 4697 1802 4764">
    <p class='ocr_par' dir='ltr' id='par_1_74' title="bbox 192 4697 1802 4764">
     <span class='ocr_line' id='line_1_74' title="bbox 192 4697 1802 4764; baseline 0 -14"><span class='ocrx_word' id='word_1_714' title='bbox 192 4697 349 4752; x_wconf 90' lang='lat' dir='ltr'>simul</span> <span class='ocrx_word' id='word_1_715' title='bbox 385 4699 740 4764; x_wconf 88' lang='lat' dir='ltr'>celebretur,</span> <span class='ocrx_word' id='word_1_716' title='bbox 778 4703 845 4753; x_wconf 91' lang='lat' dir='ltr'>ut</span> <span class='ocrx_word' id='word_1_717' title='bbox 878 4705 936 4752; x_wconf 87' lang='lat' dir='ltr'>et</span> <span class='ocrx_word' id='word_1_718' title='bbox 963 4697 1223 4752; x_wconf 91' lang='lat' dir='ltr'>omnibus</span> <span class='ocrx_word' id='word_1_719' title='bbox 1252 4697 1634 4763; x_wconf 89' lang='lat' dir='ltr'>ministretur;</span> <span class='ocrx_word' id='word_1_720' title='bbox 1669 4702 1727 4750; x_wconf 90' lang='lat' dir='ltr'>et</span> <span class='ocrx_word' id='word_1_721' title='bbox 1753 4697 1802 4750; x_wconf 88' lang='lat' dir='ltr'>si</span> 
     </span>
    </p>
   </div>
   <div class='ocr_carea' id='block_1_75' title="bbox 191 4787 1802 4860">
    <p class='ocr_par' dir='ltr' id='par_1_75' title="bbox 191 4787 1802 4860">
     <span class='ocr_line' id='line_1_75' title="bbox 191 4787 1802 4860; baseline -0.001 -21"><span class='ocrx_word' id='word_1_722' title='bbox 191 4787 301 4854; x_wconf 84' lang='lat' dir='ltr'>quis</span> <span class='ocrx_word' id='word_1_723' title='bbox 329 4788 654 4860; x_wconf 86' lang='lat' dir='ltr'>impatiens</span> <span class='ocrx_word' id='word_1_724' title='bbox 683 4793 788 4853; x_wconf 89' lang='lat' dir='ltr'>est,</span> <span class='ocrx_word' id='word_1_725' title='bbox 820 4787 974 4842; x_wconf 91' lang='lat' dir='ltr'>domi</span> <span class='ocrx_word' id='word_1_726' title='bbox 1007 4792 1232 4841; x_wconf 91' lang='lat' dir='ltr'>terreno</span> <span class='ocrx_word' id='word_1_727' title='bbox 1253 4802 1398 4857; x_wconf 89' lang='lat' dir='ltr'>pane</span> <span class='ocrx_word' id='word_1_728' title='bbox 1423 4791 1702 4857; x_wconf 87' lang='lat' dir='ltr'>pascatur.</span> <span class='ocrx_word' id='word_1_729' title='bbox 1741 4787 1802 4840; x_wconf 87' lang='lat' dir='ltr'>Ut</span> 
     </span>
    </p>
   </div>
   <div class='ocr_carea' id='block_1_76' title="bbox 190 4874 1803 4947">
    <p class='ocr_par' dir='ltr' id='par_1_76' title="bbox 190 4874 1803 4947">
     <span class='ocr_line' id='line_1_76' title="bbox 190 4874 1803 4947; baseline 0.001 -20"><span class='ocrx_word' id='word_1_730' title='bbox 190 4889 288 4929; x_wconf 81' lang='lat' dir='ltr'>non</span> <span class='ocrx_word' id='word_1_731' title='bbox 313 4880 372 4930; x_wconf 89' lang='lat' dir='ltr'>in</span> <span class='ocrx_word' id='word_1_732' title='bbox 401 4879 712 4946; x_wconf 82' lang='lat' dir='ltr'>judicium</span> <span class='ocrx_word' id='word_1_733' title='bbox 741 4879 1098 4932; x_wconf 76' lang='lat' dir='ltr'>conveniatis.</span> <span class='ocrx_word' id='word_1_734' title='bbox 1117 4876 1235 4929; x_wconf 87' lang='lat' dir='ltr'>Hoc</span> <span class='ocrx_word' id='word_1_735' title='bbox 1267 4879 1370 4940; x_wconf 89' lang='lat' dir='ltr'>est,</span> <span class='ocrx_word' id='word_1_736' title='bbox 1389 4891 1460 4929; x_wconf 89' lang='lat' dir='ltr'>ne</span> <span class='ocrx_word' id='word_1_737' title='bbox 1473 4874 1803 4947; x_wconf 84' lang='lat' dir='ltr'>mysterium</span> 
     </span>
    </p>
   </div>
   <div class='ocr_carea' id='block_1_77' title="bbox 191 4963 1805 5034">
    <p class='ocr_par' dir='ltr' id='par_1_77' title="bbox 191 4963 1805 5034">
     <span class='ocr_line' id='line_1_77' title="bbox 191 4963 1805 5034; baseline -0.001 -18"><span class='ocrx_word' id='word_1_738' title='bbox 191 4965 716 5034; x_wconf 86' lang='lat' dir='ltr'>reprehensibiliter</span> <span class='ocrx_word' id='word_1_739' title='bbox 758 4971 816 5018; x_wconf 93' lang='lat' dir='ltr'>et</span> <span class='ocrx_word' id='word_1_740' title='bbox 857 4981 987 5019; x_wconf 90' lang='lat' dir='ltr'>cum</span> <span class='ocrx_word' id='word_1_741' title='bbox 1035 4963 1340 5018; x_wconf 69' lang='lat' dir='ltr'>offensione</span> <span class='ocrx_word' id='word_1_742' title='bbox 1369 4963 1567 5034; x_wconf 87' lang='lat' dir='ltr'>agatis.</span> <span class='ocrx_word' id='word_1_743' title='bbox 1604 4964 1805 5018; x_wconf 63' lang='lat' dir='ltr'>Caetera</span> 
     </span>
    </p>
   </div>
   <div class='ocr_carea' id='block_1_78' title="bbox 186 5052 1808 5124">
    <p class='ocr_par' dir='ltr' id='par_1_78' title="bbox 186 5052 1808 5124">
     <span class='ocr_line' id='line_1_78' title="bbox 186 5052 1808 5124; baseline 0.002 -20"><span class='ocrx_word' id='word_1_744' title='bbox 186 5059 358 5109; x_wconf 81' lang='lat' dir='ltr'>autem</span> <span class='ocrx_word' id='word_1_745' title='bbox 390 5072 531 5109; x_wconf 83' lang='lat' dir='ltr'>cum</span> <span class='ocrx_word' id='word_1_746' title='bbox 579 5069 782 5107; x_wconf 77' lang='lat' dir='ltr'>uenero</span> <span class='ocrx_word' id='word_1_747' title='bbox 813 5055 1125 5122; x_wconf 88' lang='lat' dir='ltr'>disponam.</span> <span class='ocrx_word' id='word_1_748' title='bbox 1179 5054 1362 5124; x_wconf 90' lang='lat' dir='ltr'>Caput</span> <span class='ocrx_word' id='word_1_749' title='bbox 1401 5053 1560 5123; x_wconf 90' lang='lat' dir='ltr'>prius</span> <span class='ocrx_word' id='word_1_750' title='bbox 1609 5052 1808 5108; x_wconf 88' lang='lat' dir='ltr'>salutis</span> 
     </span>
    </p>
   </div>
   <div class='ocr_carea' id='block_1_79' title="bbox 189 5141 1808 5214">
    <p class='ocr_par' dir='ltr' id='par_1_79' title="bbox 189 5141 1808 5214">
     <span class='ocr_line' id='line_1_79' title="bbox 189 5141 1808 5214; baseline 0.001 -22"><span class='ocrx_word' id='word_1_751' title='bbox 189 5143 369 5198; x_wconf 86' lang='lat' dir='ltr'>ordine</span> <span class='ocrx_word' id='word_1_752' title='bbox 399 5143 710 5214; x_wconf 86' lang='lat' dir='ltr'>agendum</span> <span class='ocrx_word' id='word_1_753' title='bbox 739 5142 1002 5208; x_wconf 87' lang='lat' dir='ltr'>ostendit,</span> <span class='ocrx_word' id='word_1_754' title='bbox 1036 5148 1094 5197; x_wconf 91' lang='lat' dir='ltr'>et</span> <span class='ocrx_word' id='word_1_755' title='bbox 1125 5142 1404 5214; x_wconf 90' lang='lat' dir='ltr'>quomodo</span> <span class='ocrx_word' id='word_1_756' title='bbox 1425 5141 1484 5196; x_wconf 90' lang='lat' dir='ltr'>in</span> <span class='ocrx_word' id='word_1_757' title='bbox 1506 5141 1808 5196; x_wconf 76' lang='lat' dir='ltr'>Ecclesium</span> 
     </span>
    </p>
   </div>
   <div class='ocr_carea' id='block_1_80' title="bbox 187 5229 1808 5306">
    <p class='ocr_par' dir='ltr' id='par_1_80' title="bbox 187 5229 1808 5306">
     <span class='ocr_line' id='line_1_80' title="bbox 187 5229 1808 5306; baseline 0.001 -22"><span class='ocrx_word' id='word_1_758' title='bbox 187 5229 249 5284; x_wconf 78' lang='lat' dir='ltr'>ab</span> <span class='ocrx_word' id='word_1_759' title='bbox 285 5238 541 5306; x_wconf 88' lang='lat' dir='ltr'>utroque</span> <span class='ocrx_word' id='word_1_760' title='bbox 589 5248 730 5286; x_wconf 82' lang='lat' dir='ltr'>sexu</span> <span class='ocrx_word' id='word_1_761' title='bbox 773 5231 1139 5288; x_wconf 88' lang='lat' dir='ltr'>conveniatur</span> <span class='ocrx_word' id='word_1_762' title='bbox 1182 5230 1481 5304; x_wconf 86' lang='lat' dir='ltr'>praemisit;</span> <span class='ocrx_word' id='word_1_763' title='bbox 1515 5230 1575 5284; x_wconf 92' lang='lat' dir='ltr'>in</span> <span class='ocrx_word' id='word_1_764' title='bbox 1606 5230 1808 5302; x_wconf 87' lang='lat' dir='ltr'>quibus</span> 
     </span>
    </p>
   </div>
   <div class='ocr_carea' id='block_1_81' title="bbox 194 5319 1811 5393">
    <p class='ocr_par' dir='ltr' id='par_1_81' title="bbox 194 5319 1811 5393">
     <span class='ocr_line' id='line_1_81' title="bbox 194 5319 1811 5393; baseline 0.002 -21"><span class='ocrx_word' id='word_1_765' title='bbox 194 5319 366 5387; x_wconf 84' lang='lat' dir='ltr'>rebus,</span> <span class='ocrx_word' id='word_1_766' title='bbox 399 5323 452 5376; x_wconf 84' lang='lat' dir='ltr'>si</span> <span class='ocrx_word' id='word_1_767' title='bbox 485 5337 666 5377; x_wconf 86' lang='lat' dir='ltr'>error</span> <span class='ocrx_word' id='word_1_768' title='bbox 693 5320 884 5388; x_wconf 86' lang='lat' dir='ltr'>fuerit,</span> <span class='ocrx_word' id='word_1_769' title='bbox 899 5338 1014 5376; x_wconf 94' lang='lat' dir='ltr'>non</span> <span class='ocrx_word' id='word_1_770' title='bbox 1028 5322 1146 5376; x_wconf 84' lang='lat' dir='ltr'>leve</span> <span class='ocrx_word' id='word_1_771' title='bbox 1163 5325 1453 5393; x_wconf 89' lang='lat' dir='ltr'>peccatum</span> <span class='ocrx_word' id='word_1_772' title='bbox 1474 5325 1586 5386; x_wconf 91' lang='lat' dir='ltr'>est;</span> <span class='ocrx_word' id='word_1_773' title='bbox 1608 5324 1811 5375; x_wconf 66' lang='lat' dir='ltr'>cetera</span> 
     </span>
    </p>
   </div>
   <div class='ocr_carea' id='block_1_82' title="bbox 193 5408 1806 5483">
    <p class='ocr_par' dir='ltr' id='par_1_82' title="bbox 193 5408 1806 5483">
     <span class='ocr_line' id='line_1_82' title="bbox 193 5408 1806 5483; baseline -0.001 -19"><span class='ocrx_word' id='word_1_774' title='bbox 193 5415 390 5476; x_wconf 60' lang='lat' dir='ltr'>mum,</span> <span class='ocrx_word' id='word_1_775' title='bbox 429 5426 571 5483; x_wconf 68' lang='lat' dir='ltr'>quae</span> <span class='ocrx_word' id='word_1_776' title='bbox 627 5409 698 5465; x_wconf 83' lang='lat' dir='ltr'>ad</span> <span class='ocrx_word' id='word_1_777' title='bbox 741 5410 1168 5466; x_wconf 62' lang='lat' dir='ltr'>ediﬁcationem</span> <span class='ocrx_word' id='word_1_778' title='bbox 1206 5409 1458 5464; x_wconf 86' lang='lat' dir='ltr'>Ecclesiae</span> <span class='ocrx_word' id='word_1_779' title='bbox 1503 5408 1806 5479; x_wconf 88' lang='lat' dir='ltr'>pertinent,</span> 
     </span>
    </p>
   </div>
   <div class='ocr_carea' id='block_1_83' title="bbox 195 5498 1239 5572">
    <p class='ocr_par' dir='ltr' id='par_1_83' title="bbox 195 5498 1239 5572">
     <span class='ocr_line' id='line_1_83' title="bbox 195 5498 1239 5572; baseline -0.002 -16"><span class='ocrx_word' id='word_1_780' title='bbox 195 5500 492 5566; x_wconf 63' lang='lat' dir='ltr'>praemia</span> <span class='ocrx_word' id='word_1_781' title='bbox 521 5515 649 5554; x_wconf 80' lang='lat' dir='ltr'>sua</span> <span class='ocrx_word' id='word_1_782' title='bbox 672 5498 936 5554; x_wconf 85' lang='lat' dir='ltr'>ordinare</span> <span class='ocrx_word' id='word_1_783' title='bbox 962 5499 1239 5572; x_wconf 87' lang='lat' dir='ltr'>promisit.</span> 
     </span>
    </p>
   </div>
   <div class='ocr_carea' id='block_1_84' title="bbox 613 5597 1072 5690">
    <p class='ocr_par' dir='ltr' id='par_1_84' title="bbox 613 5597 1072 5690">
     <span class='ocr_line' id='line_1_84' title="bbox 613 5597 1072 5690; baseline 0.004 -32"><span class='ocrx_word' id='word_1_784' title='bbox 613 5597 886 5690; x_wconf 58' lang='grc' dir='ltr'>Ρλςηοι.</span> <span class='ocrx_word' id='word_1_785' title='bbox 915 5599 1072 5660; x_wconf 82' lang='lat' dir='ltr'>CXII</span> 
     </span>
    </p>
   </div>
   <div class='ocr_carea' id='block_1_85' title="bbox 1879 4430 3483 4502">
    <p class='ocr_par' dir='ltr' id='par_1_85' title="bbox 1879 4430 3483 4502">
     <span class='ocr_line' id='line_1_85' title="bbox 1879 4430 3483 4502; baseline -0.001 -16"><span class='ocrx_word' id='word_1_786' title='bbox 1879 4432 2144 4488; x_wconf 87' lang='lat' dir='ltr'>mulacris</span> <span class='ocrx_word' id='word_1_787' title='bbox 2167 4451 2179 4498; x_wconf 88' lang='lat'><strong>;</strong></span> <span class='ocrx_word' id='word_1_788' title='bbox 2204 4432 2371 4486; x_wconf 87' lang='lat' dir='ltr'>homo</span> <span class='ocrx_word' id='word_1_789' title='bbox 2385 4431 2536 4486; x_wconf 90' lang='lat' dir='ltr'>enim</span> <span class='ocrx_word' id='word_1_790' title='bbox 2555 4430 2843 4484; x_wconf 87' lang='lat' dir='ltr'>adinvenit</span> <span class='ocrx_word' id='word_1_791' title='bbox 2861 4434 2926 4484; x_wconf 89' lang='lat' dir='ltr'>ut</span> <span class='ocrx_word' id='word_1_792' title='bbox 2950 4430 3100 4483; x_wconf 88' lang='lat' dir='ltr'>Deus</span> <span class='ocrx_word' id='word_1_793' title='bbox 3125 4430 3360 4496; x_wconf 87' lang='lat' dir='ltr'>dicatur,</span> <span class='ocrx_word' id='word_1_794' title='bbox 3385 4431 3483 4502; x_wconf 89' lang='lat' dir='ltr'>qui</span> 
     </span>
    </p>
   </div>
   <div class='ocr_carea' id='block_1_86' title="bbox 1881 4519 3487 4591">
    <p class='ocr_par' dir='ltr' id='par_1_86' title="bbox 1881 4519 3487 4591">
     <span class='ocr_line' id='line_1_86' title="bbox 1881 4519 3487 4591; baseline -0.002 -15"><span class='ocrx_word' id='word_1_795' title='bbox 1881 4537 1994 4575; x_wconf 92' lang='lat' dir='ltr'>non</span> <span class='ocrx_word' id='word_1_796' title='bbox 2019 4527 2122 4585; x_wconf 90' lang='lat' dir='ltr'>est,</span> <span class='ocrx_word' id='word_1_797' title='bbox 2159 4539 2220 4574; x_wconf 88' lang='lat' dir='ltr'>ac</span> <span class='ocrx_word' id='word_1_798' title='bbox 2240 4537 2341 4591; x_wconf 90' lang='lat' dir='ltr'>per</span> <span class='ocrx_word' id='word_1_799' title='bbox 2364 4520 2470 4574; x_wconf 91' lang='lat' dir='ltr'>hoc</span> <span class='ocrx_word' id='word_1_800' title='bbox 2494 4519 2730 4589; x_wconf 90' lang='lat' dir='ltr'>subjecti</span> <span class='ocrx_word' id='word_1_801' title='bbox 2755 4524 2888 4572; x_wconf 89' lang='lat' dir='ltr'>sunt</span> <span class='ocrx_word' id='word_1_802' title='bbox 2924 4519 3207 4572; x_wconf 89' lang='lat' dir='ltr'>antistites</span> <span class='ocrx_word' id='word_1_803' title='bbox 3234 4519 3365 4584; x_wconf 89' lang='lat' dir='ltr'>illis,</span> <span class='ocrx_word' id='word_1_804' title='bbox 3399 4535 3487 4573; x_wconf 91' lang='lat' dir='ltr'>os-</span> 
     </span>
    </p>
   </div>
   <div class='ocr_carea' id='block_1_87' title="bbox 1882 4606 3485 4666">
    <p class='ocr_par' dir='ltr' id='par_1_87' title="bbox 1882 4606 3485 4666">
     <span class='ocr_line' id='line_1_87' title="bbox 1882 4606 3485 4666; baseline -0.001 -1"><span class='ocrx_word' id='word_1_805' title='bbox 1882 4610 2066 4666; x_wconf 89' lang='lat' dir='ltr'>tendit</span> <span class='ocrx_word' id='word_1_806' title='bbox 2092 4609 2242 4664; x_wconf 89' lang='lat' dir='ltr'>enim</span> <span class='ocrx_word' id='word_1_807' title='bbox 2263 4609 2344 4662; x_wconf 91' lang='lat' dir='ltr'>eis</span> <span class='ocrx_word' id='word_1_808' title='bbox 2364 4609 2582 4662; x_wconf 90' lang='lat' dir='ltr'>nullum</span> <span class='ocrx_word' id='word_1_809' title='bbox 2599 4606 2932 4660; x_wconf 85' lang='lat' dir='ltr'>beneﬁcium</span> <span class='ocrx_word' id='word_1_810' title='bbox 2947 4623 3068 4661; x_wconf 91' lang='lat' dir='ltr'>esse</span> <span class='ocrx_word' id='word_1_811' title='bbox 3085 4607 3396 4664; x_wconf 87' lang='lat' dir='ltr'>humanum</span> <span class='ocrx_word' id='word_1_812' title='bbox 3425 4609 3485 4663; x_wconf 92' lang='lat' dir='ltr'>in</span> 
     </span>
    </p>
   </div>
   <div class='ocr_carea' id='block_1_88' title="bbox 1885 4691 3487 4768">
    <p class='ocr_par' dir='ltr' id='par_1_88' title="bbox 1885 4691 3487 4768">
     <span class='ocr_line' id='line_1_88' title="bbox 1885 4691 3487 4768; baseline 0 -15"><span class='ocrx_word' id='word_1_813' title='bbox 1885 4716 1969 4765; x_wconf 94' lang='lat' dir='ltr'>eo,</span> <span class='ocrx_word' id='word_1_814' title='bbox 1994 4715 2118 4753; x_wconf 90' lang='lat' dir='ltr'>cum</span> <span class='ocrx_word' id='word_1_815' title='bbox 2159 4691 2382 4762; x_wconf 85' lang='lat' dir='ltr'>dicitur,</span> <span class='ocrx_word' id='word_1_816' title='bbox 2405 4699 2674 4752; x_wconf 85' lang='lat' dir='ltr'>Dominus</span> <span class='ocrx_word' id='word_1_817' title='bbox 2705 4697 2878 4761; x_wconf 85' lang='lat' dir='ltr'>Jesus,</span> <span class='ocrx_word' id='word_1_818' title='bbox 2920 4696 3019 4750; x_wconf 88' lang='lat' dir='ltr'>sed</span> <span class='ocrx_word' id='word_1_819' title='bbox 3050 4697 3232 4768; x_wconf 87' lang='lat' dir='ltr'>magis</span> <span class='ocrx_word' id='word_1_820' title='bbox 3275 4697 3487 4753; x_wconf 91' lang='lat' dir='ltr'>donum</span> 
     </span>
    </p>
   </div>
   <div class='ocr_carea' id='block_1_89' title="bbox 1883 4785 3488 4858">
    <p class='ocr_par' dir='ltr' id='par_1_89' title="bbox 1883 4785 3488 4858">
     <span class='ocr_line' id='line_1_89' title="bbox 1883 4785 3488 4858; baseline 0.001 -17"><span class='ocrx_word' id='word_1_821' title='bbox 1883 4787 2006 4850; x_wconf 90' lang='lat' dir='ltr'>Dei,</span> <span class='ocrx_word' id='word_1_822' title='bbox 2032 4787 2128 4858; x_wconf 91' lang='lat' dir='ltr'>qui</span> <span class='ocrx_word' id='word_1_823' title='bbox 2157 4787 2420 4857; x_wconf 88' lang='lat' dir='ltr'>dignatus</span> <span class='ocrx_word' id='word_1_824' title='bbox 2463 4789 2550 4839; x_wconf 89' lang='lat' dir='ltr'>est</span> <span class='ocrx_word' id='word_1_825' title='bbox 2591 4785 2926 4856; x_wconf 85' lang='lat' dir='ltr'>mysterium</span> <span class='ocrx_word' id='word_1_826' title='bbox 2967 4801 3135 4840; x_wconf 89' lang='lat' dir='ltr'>suum</span> <span class='ocrx_word' id='word_1_827' title='bbox 3167 4786 3488 4842; x_wconf 90' lang='lat' dir='ltr'>hominibus</span> 
     </span>
    </p>
   </div>
   <div class='ocr_carea' id='block_1_90' title="bbox 1887 4873 3490 4947">
    <p class='ocr_par' dir='ltr' id='par_1_90' title="bbox 1887 4873 3490 4947">
     <span class='ocr_line' id='line_1_90' title="bbox 1887 4873 3490 4947; baseline 0 -17"><span class='ocrx_word' id='word_1_828' title='bbox 1887 4875 2190 4931; x_wconf 89' lang='lat' dir='ltr'>declarare.</span> <span class='ocrx_word' id='word_1_829' title='bbox 2217 4874 2437 4929; x_wconf 88' lang='lat' dir='ltr'>Etenim</span> <span class='ocrx_word' id='word_1_830' title='bbox 2463 4873 2587 4945; x_wconf 87' lang='lat' dir='ltr'>ipsa</span> <span class='ocrx_word' id='word_1_831' title='bbox 2603 4874 2872 4945; x_wconf 90' lang='lat' dir='ltr'>professio</span> <span class='ocrx_word' id='word_1_832' title='bbox 2886 4875 3278 4930; x_wconf 90' lang='lat' dir='ltr'>remissionem</span> <span class='ocrx_word' id='word_1_833' title='bbox 3296 4876 3490 4947; x_wconf 90' lang='lat' dir='ltr'>acqui-</span> 
     </span>
    </p>
   </div>
   <div class='ocr_carea' id='block_1_91' title="bbox 1888 4963 3488 5036">
    <p class='ocr_par' dir='ltr' id='par_1_91' title="bbox 1888 4963 3488 5036">
     <span class='ocr_line' id='line_1_91' title="bbox 1888 4963 3488 5036; baseline 0 -18"><span class='ocrx_word' id='word_1_834' title='bbox 1888 4965 1965 5020; x_wconf 89' lang='lat' dir='ltr'>rit</span> <span class='ocrx_word' id='word_1_835' title='bbox 2012 4970 2386 5036; x_wconf 85' lang='lat' dir='ltr'>peccatorum,</span> <span class='ocrx_word' id='word_1_836' title='bbox 2426 4963 2572 5017; x_wconf 89' lang='lat' dir='ltr'>sicut</span> <span class='ocrx_word' id='word_1_837' title='bbox 2605 4968 2906 5034; x_wconf 86' lang='lat' dir='ltr'>exaggerat</span> <span class='ocrx_word' id='word_1_838' title='bbox 2947 4963 3152 5018; x_wconf 86' lang='lat' dir='ltr'>dicatio</span> <span class='ocrx_word' id='word_1_839' title='bbox 3191 4964 3488 5018; x_wconf 89' lang='lat' dir='ltr'>idolorum.</span> 
     </span>
    </p>
   </div>
   <div class='ocr_carea' id='block_1_92' title="bbox 1890 5051 3495 5125">
    <p class='ocr_par' dir='ltr' id='par_1_92' title="bbox 1890 5051 3495 5125">
     <span class='ocr_line' id='line_1_92' title="bbox 1890 5051 3495 5125; baseline -0.001 -16"><span class='ocrx_word' id='word_1_840' title='bbox 1890 5055 2066 5109; x_wconf 93' lang='lat' dir='ltr'>Docet</span> <span class='ocrx_word' id='word_1_841' title='bbox 2094 5071 2227 5125; x_wconf 88' lang='lat' dir='ltr'>ergo</span> <span class='ocrx_word' id='word_1_842' title='bbox 2256 5069 2370 5119; x_wconf 91' lang='lat' dir='ltr'>eos,</span> <span class='ocrx_word' id='word_1_843' title='bbox 2399 5051 2532 5123; x_wconf 88' lang='lat' dir='ltr'>quia</span> <span class='ocrx_word' id='word_1_844' title='bbox 2557 5068 2670 5106; x_wconf 91' lang='lat' dir='ltr'>non</span> <span class='ocrx_word' id='word_1_845' title='bbox 2698 5058 2967 5123; x_wconf 67' lang='lat' dir='ltr'>praestant</span> <span class='ocrx_word' id='word_1_846' title='bbox 2994 5052 3254 5122; x_wconf 88' lang='lat' dir='ltr'>religioni</span> <span class='ocrx_word' id='word_1_847' title='bbox 3289 5051 3495 5107; x_wconf 88' lang='lat' dir='ltr'>beneﬁ-</span> 
     </span>
    </p>
   </div>
   <div class='ocr_carea' id='block_1_93' title="bbox 1891 5140 3494 5212">
    <p class='ocr_par' dir='ltr' id='par_1_93' title="bbox 1891 5140 3494 5212">
     <span class='ocr_line' id='line_1_93' title="bbox 1891 5140 3494 5212; baseline -0.001 -15"><span class='ocrx_word' id='word_1_848' title='bbox 1891 5143 2060 5208; x_wconf 89' lang='lat' dir='ltr'>cium,</span> <span class='ocrx_word' id='word_1_849' title='bbox 2078 5143 2345 5209; x_wconf 89' lang='lat' dir='ltr'>dicentes,</span> <span class='ocrx_word' id='word_1_850' title='bbox 2364 5159 2390 5192; x_wconf 84' lang='lat'>«</span> <span class='ocrx_word' id='word_1_851' title='bbox 2404 5141 2707 5196; x_wconf 89' lang='lat' dir='ltr'>Dominum</span> <span class='ocrx_word' id='word_1_852' title='bbox 2717 5142 2744 5196; x_wconf 90' lang='lat' dir='ltr'><strong>J</strong></span> <span class='ocrx_word' id='word_1_853' title='bbox 2751 5157 2928 5206; x_wconf 90' lang='lat' dir='ltr'>esum,</span> <span class='ocrx_word' id='word_1_854' title='bbox 2947 5162 2972 5193; x_wconf 81' lang='lat'>»</span> <span class='ocrx_word' id='word_1_855' title='bbox 2993 5141 3092 5194; x_wconf 90' lang='lat' dir='ltr'>sed</span> <span class='ocrx_word' id='word_1_856' title='bbox 3104 5140 3494 5212; x_wconf 85' lang='lat' dir='ltr'>accipiunt.Ne</span> 
     </span>
    </p>
   </div>
   <div class='ocr_carea' id='block_1_94' title="bbox 1891 5229 3492 5301">
    <p class='ocr_par' dir='ltr' id='par_1_94' title="bbox 1891 5229 3492 5301">
     <span class='ocr_line' id='line_1_94' title="bbox 1891 5229 3492 5301; baseline 0.001 -15"><span class='ocrx_word' id='word_1_857' title='bbox 1891 5248 2049 5286; x_wconf 93' lang='lat' dir='ltr'>more</span> <span class='ocrx_word' id='word_1_858' title='bbox 2085 5232 2362 5286; x_wconf 90' lang='lat' dir='ltr'>idolorum</span> <span class='ocrx_word' id='word_1_859' title='bbox 2393 5229 2686 5284; x_wconf 89' lang='lat' dir='ltr'>hominum</span> <span class='ocrx_word' id='word_1_860' title='bbox 2719 5233 2985 5301; x_wconf 87' lang='lat' dir='ltr'>putarent</span> <span class='ocrx_word' id='word_1_861' title='bbox 3011 5229 3256 5300; x_wconf 84' lang='lat' dir='ltr'>gratiam</span> <span class='ocrx_word' id='word_1_862' title='bbox 3279 5247 3404 5286; x_wconf 90' lang='lat' dir='ltr'>esse</span> <span class='ocrx_word' id='word_1_863' title='bbox 3432 5231 3492 5287; x_wconf 90' lang='lat' dir='ltr'>in</span> 
     </span>
    </p>
   </div>
   <div class='ocr_carea' id='block_1_95' title="bbox 1891 5318 3493 5392">
    <p class='ocr_par' dir='ltr' id='par_1_95' title="bbox 1891 5318 3493 5392">
     <span class='ocr_line' id='line_1_95' title="bbox 1891 5318 3493 5392; baseline 0.001 -18"><span class='ocrx_word' id='word_1_864' title='bbox 1891 5321 2015 5392; x_wconf 86' lang='lat' dir='ltr'>lege</span> <span class='ocrx_word' id='word_1_865' title='bbox 2047 5320 2293 5388; x_wconf 89' lang='lat' dir='ltr'>Domini,</span> <span class='ocrx_word' id='word_1_866' title='bbox 2326 5320 2462 5374; x_wconf 89' lang='lat' dir='ltr'>dum</span> <span class='ocrx_word' id='word_1_867' title='bbox 2489 5324 2717 5374; x_wconf 89' lang='lat' dir='ltr'>vocatur</span> <span class='ocrx_word' id='word_1_868' title='bbox 2743 5319 2893 5372; x_wconf 89' lang='lat' dir='ltr'>Deus</span> <span class='ocrx_word' id='word_1_869' title='bbox 2914 5318 3010 5390; x_wconf 88' lang='lat' dir='ltr'>qui</span> <span class='ocrx_word' id='word_1_870' title='bbox 3030 5335 3146 5374; x_wconf 90' lang='lat' dir='ltr'>non</span> <span class='ocrx_word' id='word_1_871' title='bbox 3183 5325 3286 5375; x_wconf 91' lang='lat' dir='ltr'>est.</span> <span class='ocrx_word' id='word_1_872' title='bbox 3319 5320 3493 5376; x_wconf 90' lang='lat' dir='ltr'>Deni-</span> 
     </span>
    </p>
   </div>
   <div class='ocr_carea' id='block_1_96' title="bbox 1893 5407 3496 5481">
    <p class='ocr_par' dir='ltr' id='par_1_96' title="bbox 1893 5407 3496 5481">
     <span class='ocr_line' id='line_1_96' title="bbox 1893 5407 3496 5481; baseline -0.002 -17"><span class='ocrx_word' id='word_1_873' title='bbox 1893 5426 2000 5480; x_wconf 90' lang='lat' dir='ltr'>que</span> <span class='ocrx_word' id='word_1_874' title='bbox 2024 5425 2138 5463; x_wconf 89' lang='lat' dir='ltr'>non</span> <span class='ocrx_word' id='word_1_875' title='bbox 2157 5408 2542 5479; x_wconf 87' lang='lat' dir='ltr'>intelligentes</span> <span class='ocrx_word' id='word_1_876' title='bbox 2558 5407 2661 5461; x_wconf 89' lang='lat' dir='ltr'>Dei</span> <span class='ocrx_word' id='word_1_877' title='bbox 2695 5407 2905 5460; x_wconf 88' lang='lat' dir='ltr'>donum</span> <span class='ocrx_word' id='word_1_878' title='bbox 2925 5423 3048 5463; x_wconf 91' lang='lat' dir='ltr'>esse</span> <span class='ocrx_word' id='word_1_879' title='bbox 3070 5407 3130 5462; x_wconf 91' lang='lat' dir='ltr'>in</span> <span class='ocrx_word' id='word_1_880' title='bbox 3144 5409 3273 5474; x_wconf 84' lang='lat' dir='ltr'>ﬁde,</span> <span class='ocrx_word' id='word_1_881' title='bbox 3306 5409 3496 5481; x_wconf 88' lang='lat' dir='ltr'>singu-</span> 
     </span>
    </p>
   </div>
   <div class='ocr_carea' id='block_1_97' title="bbox 1893 5495 3499 5570">
    <p class='ocr_par' dir='ltr' id='par_1_97' title="bbox 1893 5495 3499 5570">
     <span class='ocr_line' id='line_1_97' title="bbox 1893 5495 3499 5570; baseline 0.001 -18"><span class='ocrx_word' id='word_1_882' title='bbox 1893 5499 1934 5552; x_wconf 89' lang='lat' dir='ltr'>li</span> <span class='ocrx_word' id='word_1_883' title='bbox 1965 5497 2218 5568; x_wconf 86' lang='lat' dir='ltr'>singulos</span> <span class='ocrx_word' id='word_1_884' title='bbox 2246 5496 2352 5553; x_wconf 91' lang='lat' dir='ltr'>sibi</span> <span class='ocrx_word' id='word_1_885' title='bbox 2372 5497 2629 5553; x_wconf 88' lang='lat' dir='ltr'>homines</span> <span class='ocrx_word' id='word_1_886' title='bbox 2655 5495 3000 5567; x_wconf 85' lang='lat' dir='ltr'>delegerant,</span> <span class='ocrx_word' id='word_1_887' title='bbox 3033 5513 3172 5570; x_wconf 89' lang='lat' dir='ltr'>quos</span> <span class='ocrx_word' id='word_1_888' title='bbox 3200 5513 3499 5570; x_wconf 86' lang='lat' dir='ltr'>sequeren-</span> 
     </span>
    </p>
   </div>
   <div class='ocr_carea' id='block_1_98' title="bbox 3129 5594 3170 5656">
    <p class='ocr_par' dir='ltr' id='par_1_98' title="bbox 3129 5594 3170 5656">
     <span class='ocr_line' id='line_1_98' title="bbox 3129 5594 3170 5656; baseline 0 0"><span class='ocrx_word' id='word_1_889' title='bbox 3129 5594 3170 5656; x_wconf 80' lang='grc'><strong>4</strong></span> 
     </span>
    </p>
   </div>
  </div>
