  <div class='ocr_page' id='page_1' title='image "/cluster/home/n/w/nwhite01/storage/ocr_20150623/112/hvd.32044054759774/061.png"; bbox 0 0 3974 6188; ppageno 0'>
   <div class='ocr_carea' id='block_1_1' title="bbox 431 253 529 313">
    <p class='ocr_par' dir='ltr' id='par_1_1' title="bbox 431 253 529 313">
     <span class='ocr_line' id='line_1_1' title="bbox 431 253 529 313; baseline 0.031 -3"><span class='ocrx_word' id='word_1_1' title='bbox 431 253 529 313; x_wconf 73' lang='lat' dir='ltr'>ill</span> 
     </span>
    </p>
   </div>
   <div class='ocr_carea' id='block_1_2' title="bbox 1021 250 3100 309">
    <p class='ocr_par' dir='ltr' id='par_1_2' title="bbox 1021 250 3100 309">
     <span class='ocr_line' id='line_1_2' title="bbox 1021 250 3100 309; baseline -0.002 0"><span class='ocrx_word' id='word_1_2' title='bbox 1021 256 1085 309; x_wconf 91' lang='lat' dir='ltr'>B.</span> <span class='ocrx_word' id='word_1_3' title='bbox 1128 254 1397 308; x_wconf 85' lang='lat' dir='ltr'>RABANI</span> <span class='ocrx_word' id='word_1_4' title='bbox 1437 254 1667 308; x_wconf 88' lang='lat' dir='ltr'>MAURI</span> <span class='ocrx_word' id='word_1_5' title='bbox 1705 253 2040 307; x_wconf 85' lang='lat' dir='ltr'>ARCHIEP.</span> <span class='ocrx_word' id='word_1_6' title='bbox 2081 252 2404 307; x_wconf 82' lang='lat' dir='ltr'>MOGUNT.</span> <span class='ocrx_word' id='word_1_7' title='bbox 2447 251 2743 306; x_wconf 88' lang='lat' dir='ltr'>OPERUM</span> <span class='ocrx_word' id='word_1_8' title='bbox 2780 250 2964 304; x_wconf 85' lang='lat' dir='ltr'>PARS</span> <span class='ocrx_word' id='word_1_9' title='bbox 3002 251 3100 305; x_wconf 82' lang='lat' dir='ltr'>III.</span> 
     </span>
    </p>
   </div>
   <div class='ocr_carea' id='block_1_3' title="bbox 3590 249 3691 306">
    <p class='ocr_par' dir='ltr' id='par_1_3' title="bbox 3590 249 3691 306">
     <span class='ocr_line' id='line_1_3' title="bbox 3590 249 3691 306; baseline 0.02 -2"><span class='ocrx_word' id='word_1_10' title='bbox 3590 249 3691 306; x_wconf 75' lang='grc'>’112</span> 
     </span>
    </p>
   </div>
   <div class='ocr_carea' id='block_1_4' title="bbox 427 361 3694 448">
    <p class='ocr_par' dir='ltr' id='par_1_4' title="bbox 427 361 3694 448">
     <span class='ocr_line' id='line_1_4' title="bbox 427 361 3694 448; baseline -0.002 -15"><span class='ocrx_word' id='word_1_11' title='bbox 427 379 643 434; x_wconf 90' lang='lat' dir='ltr'>munda</span> <span class='ocrx_word' id='word_1_12' title='bbox 657 378 806 432; x_wconf 89' lang='lat' dir='ltr'>labia</span> <span class='ocrx_word' id='word_1_13' title='bbox 820 378 1024 432; x_wconf 85' lang='lat' dir='ltr'>habere</span> <span class='ocrx_word' id='word_1_14' title='bbox 1040 395 1099 431; x_wconf 90' lang='lat' dir='ltr'>se</span> <span class='ocrx_word' id='word_1_15' title='bbox 1113 379 1329 432; x_wconf 83' lang='lat' dir='ltr'>dixerat</span> <span class='ocrx_word' id='word_1_16' title='bbox 1340 361 1787 448; x_wconf 71' lang='lat' dir='ltr'>purgaretlabia</span> <span class='ocrx_word' id='word_1_17' title='bbox 1799 392 2012 442; x_wconf 89' lang='lat' dir='ltr'>eorum,</span> <span class='ocrx_word' id='word_1_18' title='bbox 2034 379 2082 438; x_wconf 83' lang='lat' dir='ltr'><strong>A</strong></span> <span class='ocrx_word' id='word_1_19' title='bbox 2100 375 2281 441; x_wconf 75' lang='lat' dir='ltr'>inferi,</span> <span class='ocrx_word' id='word_1_20' title='bbox 2316 375 2523 430; x_wconf 82' lang='lat' dir='ltr'>mortui</span> <span class='ocrx_word' id='word_1_21' title='bbox 2563 375 2875 442; x_wconf 81' lang='lat' dir='ltr'>ambulant,</span> <span class='ocrx_word' id='word_1_22' title='bbox 2917 393 3050 430; x_wconf 82' lang='lat' dir='ltr'>saxa</span> <span class='ocrx_word' id='word_1_23' title='bbox 3079 379 3436 446; x_wconf 88' lang='lat' dir='ltr'>rumpuntur,</span> <span class='ocrx_word' id='word_1_24' title='bbox 3464 373 3581 428; x_wconf 70' lang='lat' dir='ltr'>haec</span> <span class='ocrx_word' id='word_1_25' title='bbox 3609 380 3694 428; x_wconf 87' lang='lat' dir='ltr'>est</span> 
     </span>
    </p>
   </div>
   <div class='ocr_carea' id='block_1_5' title="bbox 427 463 3694 538">
    <p class='ocr_par' dir='ltr' id='par_1_5' title="bbox 427 463 3694 538">
     <span class='ocr_line' id='line_1_5' title="bbox 427 463 3694 538; baseline -0.002 -15"><span class='ocrx_word' id='word_1_26' title='bbox 427 475 494 524; x_wconf 92' lang='lat' dir='ltr'>ut</span> <span class='ocrx_word' id='word_1_27' title='bbox 537 469 898 538; x_wconf 89' lang='lat' dir='ltr'>Evangelium</span> <span class='ocrx_word' id='word_1_28' title='bbox 953 466 1161 521; x_wconf 83' lang='lat' dir='ltr'>Christi</span> <span class='ocrx_word' id='word_1_29' title='bbox 1194 465 1390 537; x_wconf 91' lang='lat' dir='ltr'>purius</span> <span class='ocrx_word' id='word_1_30' title='bbox 1427 465 1811 536; x_wconf 72' lang='lat' dir='ltr'>praedicarent,</span> <span class='ocrx_word' id='word_1_31' title='bbox 1844 471 1902 519; x_wconf 90' lang='lat' dir='ltr'>et</span> <span class='ocrx_word' id='word_1_32' title='bbox 1958 464 2016 519; x_wconf 92' lang='lat' dir='ltr'>in</span> <span class='ocrx_word' id='word_1_33' title='bbox 2097 465 2298 536; x_wconf 82' lang='lat' dir='ltr'>gloria,</span> <span class='ocrx_word' id='word_1_34' title='bbox 2330 465 2399 519; x_wconf 92' lang='lat' dir='ltr'>de</span> <span class='ocrx_word' id='word_1_35' title='bbox 2431 481 2542 536; x_wconf 89' lang='lat' dir='ltr'>qua</span> <span class='ocrx_word' id='word_1_36' title='bbox 2561 465 2898 536; x_wconf 84' lang='lat' dir='ltr'>loquebatur</span> <span class='ocrx_word' id='word_1_37' title='bbox 2923 465 2982 519; x_wconf 92' lang='lat' dir='ltr'>in</span> <span class='ocrx_word' id='word_1_38' title='bbox 3007 464 3224 535; x_wconf 83' lang='lat' dir='ltr'>psalmo</span> <span class='ocrx_word' id='word_1_39' title='bbox 3256 481 3268 516; x_wconf 89' lang='lat'><strong>:</strong></span> <span class='ocrx_word' id='word_1_40' title='bbox 3299 463 3561 530; x_wconf 66' lang='lat' dir='ltr'>Exsurge,</span> <span class='ocrx_word' id='word_1_41' title='bbox 3579 467 3694 530; x_wconf 86' lang='lat' dir='ltr'>glo-</span> 
     </span>
    </p>
   </div>
   <div class='ocr_carea' id='block_1_6' title="bbox 428 553 2019 628">
    <p class='ocr_par' dir='ltr' id='par_1_6' title="bbox 428 553 2019 628">
     <span class='ocr_line' id='line_1_6' title="bbox 428 553 2019 628; baseline -0.003 -16"><span class='ocrx_word' id='word_1_42' title='bbox 428 556 578 612; x_wconf 81' lang='lat' dir='ltr'>Isaia</span> <span class='ocrx_word' id='word_1_43' title='bbox 597 556 824 628; x_wconf 88' lang='lat' dir='ltr'>quidem</span> <span class='ocrx_word' id='word_1_44' title='bbox 859 558 985 623; x_wconf 87' lang='lat' dir='ltr'>(Isa.</span> <span class='ocrx_word' id='word_1_45' title='bbox 1015 559 1088 624; x_wconf 71' lang='lat' dir='ltr'>vr)</span> <span class='ocrx_word' id='word_1_46' title='bbox 1121 554 1552 626; x_wconf 87' lang='lat' dir='ltr'>superliminare</span> <span class='ocrx_word' id='word_1_47' title='bbox 1577 554 1775 625; x_wconf 87' lang='lat' dir='ltr'>templi</span> <span class='ocrx_word' id='word_1_48' title='bbox 1815 553 2019 608; x_wconf 88' lang='lat' dir='ltr'>dicitur</span> 
     </span>
    </p>
   </div>
   <div class='ocr_carea' id='block_1_7' title="bbox 428 643 2019 714">
    <p class='ocr_par' dir='ltr' id='par_1_7' title="bbox 428 643 2019 714">
     <span class='ocr_line' id='line_1_7' title="bbox 428 643 2019 714; baseline -0.003 -13"><span class='ocrx_word' id='word_1_49' title='bbox 428 645 598 701; x_wconf 88' lang='lat' dir='ltr'>fuisse</span> <span class='ocrx_word' id='word_1_50' title='bbox 627 651 990 710; x_wconf 89' lang='lat' dir='ltr'>commotum,</span> <span class='ocrx_word' id='word_1_51' title='bbox 1018 649 1078 698; x_wconf 89' lang='lat' dir='ltr'>et</span> <span class='ocrx_word' id='word_1_52' title='bbox 1103 645 1320 714; x_wconf 86' lang='lat' dir='ltr'>repleta</span> <span class='ocrx_word' id='word_1_53' title='bbox 1345 643 1528 698; x_wconf 91' lang='lat' dir='ltr'>omnis</span> <span class='ocrx_word' id='word_1_54' title='bbox 1542 643 1742 697; x_wconf 90' lang='lat' dir='ltr'>domus</span> <span class='ocrx_word' id='word_1_55' title='bbox 1767 643 1942 710; x_wconf 89' lang='lat' dir='ltr'>fumo,</span> <span class='ocrx_word' id='word_1_56' title='bbox 1962 643 2019 697; x_wconf 88' lang='lat' dir='ltr'>id</span> 
     </span>
    </p>
   </div>
   <div class='ocr_carea' id='block_1_8' title="bbox 415 731 2023 803">
    <p class='ocr_par' dir='ltr' id='par_1_8' title="bbox 415 731 2023 803">
     <span class='ocr_line' id='line_1_8' title="bbox 415 731 2023 803; baseline -0.002 -15"><span class='ocrx_word' id='word_1_57' title='bbox 415 735 532 800; x_wconf 55' lang='lat' dir='ltr'>‘est,</span> <span class='ocrx_word' id='word_1_58' title='bbox 564 749 754 788; x_wconf 90' lang='lat' dir='ltr'>errore</span> <span class='ocrx_word' id='word_1_59' title='bbox 783 738 840 787; x_wconf 91' lang='lat' dir='ltr'>et</span> <span class='ocrx_word' id='word_1_60' title='bbox 866 731 1374 803; x_wconf 89' lang='lat' dir='ltr'>tenebris,verique</span> <span class='ocrx_word' id='word_1_61' title='bbox 1401 731 1752 802; x_wconf 85' lang='lat' dir='ltr'>ignorantia;</span> <span class='ocrx_word' id='word_1_62' title='bbox 1785 731 1844 786; x_wconf 90' lang='lat' dir='ltr'>in</span> <span class='ocrx_word' id='word_1_63' title='bbox 1870 732 2023 802; x_wconf 89' lang='lat' dir='ltr'>prin-</span> 
     </span>
    </p>
   </div>
   <div class='ocr_carea' id='block_1_9' title="bbox 429 821 2019 894">
    <p class='ocr_par' dir='ltr' id='par_1_9' title="bbox 429 821 2019 894">
     <span class='ocr_line' id='line_1_9' title="bbox 429 821 2019 894; baseline -0.001 -18"><span class='ocrx_word' id='word_1_64' title='bbox 429 822 574 894; x_wconf 91' lang='lat' dir='ltr'>cipio</span> <span class='ocrx_word' id='word_1_65' title='bbox 599 827 790 877; x_wconf 88' lang='lat' dir='ltr'>autem</span> <span class='ocrx_word' id='word_1_66' title='bbox 819 821 1104 892; x_wconf 83' lang='lat' dir='ltr'>Evangelii</span> <span class='ocrx_word' id='word_1_67' title='bbox 1115 822 1366 893; x_wconf 86' lang='lat' dir='ltr'>repletur</span> <span class='ocrx_word' id='word_1_68' title='bbox 1393 821 1606 892; x_wconf 88' lang='lat' dir='ltr'>Spiritu</span> <span class='ocrx_word' id='word_1_69' title='bbox 1625 826 1817 874; x_wconf 91' lang='lat' dir='ltr'>sancto</span> <span class='ocrx_word' id='word_1_70' title='bbox 1833 821 2019 875; x_wconf 89' lang='lat' dir='ltr'>Eccle-</span> 
     </span>
    </p>
   </div>
   <div class='ocr_carea' id='block_1_10' title="bbox 427 909 2020 980">
    <p class='ocr_par' dir='ltr' id='par_1_10' title="bbox 427 909 2020 980">
     <span class='ocr_line' id='line_1_10' title="bbox 427 909 2020 980; baseline 0 -16"><span class='ocrx_word' id='word_1_71' title='bbox 427 909 528 976; x_wconf 87' lang='lat' dir='ltr'>sia,</span> <span class='ocrx_word' id='word_1_72' title='bbox 561 914 626 964; x_wconf 93' lang='lat' dir='ltr'>ut</span> <span class='ocrx_word' id='word_1_73' title='bbox 649 909 836 980; x_wconf 87' lang='lat' dir='ltr'>gratia</span> <span class='ocrx_word' id='word_1_74' title='bbox 863 911 986 980; x_wconf 87' lang='lat' dir='ltr'>ejus</span> <span class='ocrx_word' id='word_1_75' title='bbox 1007 915 1178 980; x_wconf 87' lang='lat' dir='ltr'>atque</span> <span class='ocrx_word' id='word_1_76' title='bbox 1207 909 1422 964; x_wconf 87' lang='lat' dir='ltr'>fervore</span> <span class='ocrx_word' id='word_1_77' title='bbox 1452 909 1642 964; x_wconf 84' lang='lat' dir='ltr'>omnia</span> <span class='ocrx_word' id='word_1_78' title='bbox 1670 909 2020 964; x_wconf 85' lang='lat' dir='ltr'>credentium</span> 
     </span>
    </p>
   </div>
   <div class='ocr_carea' id='block_1_11' title="bbox 427 997 2022 1070">
    <p class='ocr_par' dir='ltr' id='par_1_11' title="bbox 427 997 2022 1070">
     <span class='ocr_line' id='line_1_11' title="bbox 427 997 2022 1070; baseline -0.001 -17"><span class='ocrx_word' id='word_1_79' title='bbox 427 1003 656 1069; x_wconf 86' lang='lat' dir='ltr'>peccata</span> <span class='ocrx_word' id='word_1_80' title='bbox 681 1004 1011 1070; x_wconf 84' lang='lat' dir='ltr'>purgentur,</span> <span class='ocrx_word' id='word_1_81' title='bbox 1029 1003 1088 1052; x_wconf 90' lang='lat' dir='ltr'>et</span> <span class='ocrx_word' id='word_1_82' title='bbox 1103 997 1235 1068; x_wconf 86' lang='lat' dir='ltr'>igne</span> <span class='ocrx_word' id='word_1_83' title='bbox 1265 997 1506 1069; x_wconf 90' lang='lat' dir='ltr'>Spiritus</span> <span class='ocrx_word' id='word_1_84' title='bbox 1521 997 1699 1052; x_wconf 86' lang='lat' dir='ltr'>sancti</span> <span class='ocrx_word' id='word_1_85' title='bbox 1719 1013 1887 1068; x_wconf 91' lang='lat' dir='ltr'>quem</span> <span class='ocrx_word' id='word_1_86' title='bbox 1915 997 2022 1052; x_wconf 86' lang='lat' dir='ltr'>Do-</span> 
     </span>
    </p>
   </div>
   <div class='ocr_carea' id='block_1_12' title="bbox 426 1086 2022 1158">
    <p class='ocr_par' dir='ltr' id='par_1_12' title="bbox 426 1086 2022 1158">
     <span class='ocr_line' id='line_1_12' title="bbox 426 1086 2022 1158; baseline -0.001 -17"><span class='ocrx_word' id='word_1_87' title='bbox 426 1086 616 1142; x_wconf 85' lang='lat' dir='ltr'>minus</span> <span class='ocrx_word' id='word_1_88' title='bbox 643 1086 948 1142; x_wconf 88' lang='lat' dir='ltr'>missurum</span> <span class='ocrx_word' id='word_1_89' title='bbox 961 1103 1022 1141; x_wconf 89' lang='lat' dir='ltr'>se</span> <span class='ocrx_word' id='word_1_90' title='bbox 1047 1103 1167 1142; x_wconf 89' lang='lat' dir='ltr'>esse</span> <span class='ocrx_word' id='word_1_91' title='bbox 1183 1086 1402 1141; x_wconf 85' lang='lat' dir='ltr'>dixerat</span> <span class='ocrx_word' id='word_1_92' title='bbox 1422 1086 1847 1158; x_wconf 80' lang='lat' dir='ltr'>praedicantium</span> <span class='ocrx_word' id='word_1_93' title='bbox 1865 1086 2022 1140; x_wconf 89' lang='lat' dir='ltr'>Chri-</span> 
     </span>
    </p>
   </div>
   <div class='ocr_carea' id='block_1_13' title="bbox 427 1175 2020 1247">
    <p class='ocr_par' dir='ltr' id='par_1_13' title="bbox 427 1175 2020 1247">
     <span class='ocr_line' id='line_1_13' title="bbox 427 1175 2020 1247; baseline 0 -17"><span class='ocrx_word' id='word_1_94' title='bbox 427 1181 580 1230; x_wconf 85' lang='lat' dir='ltr'>stum</span> <span class='ocrx_word' id='word_1_95' title='bbox 598 1175 793 1247; x_wconf 86' lang='lat' dir='ltr'>lingua</span> <span class='ocrx_word' id='word_1_96' title='bbox 809 1181 1108 1230; x_wconf 87' lang='lat' dir='ltr'>sanaretur</span> <span class='ocrx_word' id='word_1_97' title='bbox 1124 1194 1138 1242; x_wconf 91' lang='lat'><strong>;</strong></span> <span class='ocrx_word' id='word_1_98' title='bbox 1157 1191 1271 1230; x_wconf 90' lang='lat' dir='ltr'>non</span> <span class='ocrx_word' id='word_1_99' title='bbox 1301 1175 1452 1229; x_wconf 90' lang='lat' dir='ltr'>enim</span> <span class='ocrx_word' id='word_1_100' title='bbox 1469 1175 1714 1230; x_wconf 85' lang='lat' dir='ltr'>Joannes</span> <span class='ocrx_word' id='word_1_101' title='bbox 1731 1176 2020 1247; x_wconf 90' lang='lat' dir='ltr'>Lucasque</span> 
     </span>
    </p>
   </div>
   <div class='ocr_carea' id='block_1_14' title="bbox 427 1263 2020 1336">
    <p class='ocr_par' dir='ltr' id='par_1_14' title="bbox 427 1263 2020 1336">
     <span class='ocr_line' id='line_1_14' title="bbox 427 1263 2020 1336; baseline 0 -18"><span class='ocrx_word' id='word_1_102' title='bbox 427 1263 768 1330; x_wconf 85' lang='lat' dir='ltr'>discordant,</span> <span class='ocrx_word' id='word_1_103' title='bbox 799 1269 866 1319; x_wconf 89' lang='lat' dir='ltr'>ut</span> <span class='ocrx_word' id='word_1_104' title='bbox 892 1263 987 1318; x_wconf 90' lang='lat' dir='ltr'>ille</span> <span class='ocrx_word' id='word_1_105' title='bbox 1014 1264 1200 1336; x_wconf 75' lang='lat' dir='ltr'>prima</span> <span class='ocrx_word' id='word_1_106' title='bbox 1233 1264 1658 1318; x_wconf 87' lang='lat' dir='ltr'>resurrectionis</span> <span class='ocrx_word' id='word_1_107' title='bbox 1695 1264 1786 1318; x_wconf 86' lang='lat' dir='ltr'>die</span> <span class='ocrx_word' id='word_1_108' title='bbox 1824 1263 2020 1318; x_wconf 91' lang='lat' dir='ltr'>datum</span> 
     </span>
    </p>
   </div>
   <div class='ocr_carea' id='block_1_15' title="bbox 427 1352 2023 1424">
    <p class='ocr_par' dir='ltr' id='par_1_15' title="bbox 427 1352 2023 1424">
     <span class='ocr_line' id='line_1_15' title="bbox 427 1352 2023 1424; baseline -0.001 -16"><span class='ocrx_word' id='word_1_109' title='bbox 427 1369 552 1408; x_wconf 89' lang='lat' dir='ltr'>esse</span> <span class='ocrx_word' id='word_1_110' title='bbox 577 1353 872 1424; x_wconf 90' lang='lat' dir='ltr'>signiﬁcet,</span> <span class='ocrx_word' id='word_1_111' title='bbox 887 1353 978 1407; x_wconf 92' lang='lat' dir='ltr'>hic</span> <span class='ocrx_word' id='word_1_112' title='bbox 990 1352 1080 1406; x_wconf 92' lang='lat' dir='ltr'>die</span> <span class='ocrx_word' id='word_1_113' title='bbox 1100 1352 1566 1424; x_wconf 87' lang='lat' dir='ltr'>quinquagesimo</span> <span class='ocrx_word' id='word_1_114' title='bbox 1580 1353 1798 1408; x_wconf 85' lang='lat' dir='ltr'>venisse</span> <span class='ocrx_word' id='word_1_115' title='bbox 1820 1353 2023 1407; x_wconf 90' lang='lat' dir='ltr'>descri-</span> 
     </span>
    </p>
   </div>
   <div class='ocr_carea' id='block_1_16' title="bbox 427 1441 2022 1513">
    <p class='ocr_par' dir='ltr' id='par_1_16' title="bbox 427 1441 2022 1513">
     <span class='ocr_line' id='line_1_16' title="bbox 427 1441 2022 1513; baseline 0.001 -19"><span class='ocrx_word' id='word_1_116' title='bbox 427 1441 526 1496; x_wconf 85' lang='lat' dir='ltr'>bat</span> <span class='ocrx_word' id='word_1_117' title='bbox 557 1460 569 1494; x_wconf 91' lang='lat'><strong>:</strong></span> <span class='ocrx_word' id='word_1_118' title='bbox 600 1442 700 1496; x_wconf 89' lang='lat' dir='ltr'>sed</span> <span class='ocrx_word' id='word_1_119' title='bbox 719 1441 998 1513; x_wconf 87' lang='lat' dir='ltr'>profectus</span> <span class='ocrx_word' id='word_1_120' title='bbox 1025 1441 1362 1512; x_wconf 85' lang='lat' dir='ltr'>apostolicus</span> <span class='ocrx_word' id='word_1_121' title='bbox 1391 1448 1495 1508; x_wconf 91' lang='lat' dir='ltr'>est,</span> <span class='ocrx_word' id='word_1_122' title='bbox 1537 1448 1601 1496; x_wconf 92' lang='lat' dir='ltr'>ut</span> <span class='ocrx_word' id='word_1_123' title='bbox 1641 1442 1736 1513; x_wconf 89' lang='lat' dir='ltr'>qui</span> <span class='ocrx_word' id='word_1_124' title='bbox 1775 1441 2022 1512; x_wconf 89' lang='lat' dir='ltr'>primum</span> 
     </span>
    </p>
   </div>
   <div class='ocr_carea' id='block_1_17' title="bbox 427 1529 2020 1602">
    <p class='ocr_par' dir='ltr' id='par_1_17' title="bbox 427 1529 2020 1602">
     <span class='ocr_line' id='line_1_17' title="bbox 427 1529 2020 1602; baseline 0.001 -19"><span class='ocrx_word' id='word_1_125' title='bbox 427 1529 898 1585; x_wconf 86' lang='lat' dir='ltr'>remittendorum</span> <span class='ocrx_word' id='word_1_126' title='bbox 951 1535 1306 1601; x_wconf 83' lang='lat' dir='ltr'>peccatorum</span> <span class='ocrx_word' id='word_1_127' title='bbox 1364 1531 1608 1602; x_wconf 83' lang='lat' dir='ltr'>gratiam</span> <span class='ocrx_word' id='word_1_128' title='bbox 1667 1536 2020 1602; x_wconf 88' lang='lat' dir='ltr'>acceperunt,</span> 
     </span>
    </p>
   </div>
   <div class='ocr_carea' id='block_1_18' title="bbox 429 1617 2025 1691">
    <p class='ocr_par' dir='ltr' id='par_1_18' title="bbox 429 1617 2025 1691">
     <span class='ocr_line' id='line_1_18' title="bbox 429 1617 2025 1691; baseline 0.001 -19"><span class='ocrx_word' id='word_1_129' title='bbox 429 1625 626 1688; x_wconf 89' lang='lat' dir='ltr'>postea</span> <span class='ocrx_word' id='word_1_130' title='bbox 679 1617 993 1690; x_wconf 89' lang='lat' dir='ltr'>acciperent</span> <span class='ocrx_word' id='word_1_131' title='bbox 1033 1619 1373 1691; x_wconf 91' lang='lat' dir='ltr'>operationis</span> <span class='ocrx_word' id='word_1_132' title='bbox 1409 1619 1695 1685; x_wconf 87' lang='lat' dir='ltr'>virtutem,</span> <span class='ocrx_word' id='word_1_133' title='bbox 1728 1625 1787 1674; x_wconf 91' lang='lat' dir='ltr'>et</span> <span class='ocrx_word' id='word_1_134' title='bbox 1825 1624 2025 1674; x_wconf 89' lang='lat' dir='ltr'>cuncta</span> 
     </span>
    </p>
   </div>
   <div class='ocr_carea' id='block_1_19' title="bbox 2099 553 3694 622">
    <p class='ocr_par' dir='ltr' id='par_1_19' title="bbox 2099 553 3694 622">
     <span class='ocr_line' id='line_1_19' title="bbox 2099 553 3694 622; baseline -0.003 -15"><span class='ocrx_word' id='word_1_135' title='bbox 2099 557 2192 608; x_wconf 89' lang='lat' dir='ltr'>ria</span> <span class='ocrx_word' id='word_1_136' title='bbox 2221 571 2360 619; x_wconf 87' lang='lat' dir='ltr'>mea,</span> <span class='ocrx_word' id='word_1_137' title='bbox 2391 570 2638 622; x_wconf 64' lang='lat' dir='ltr'>assurge,</span> <span class='ocrx_word' id='word_1_138' title='bbox 2663 557 2994 622; x_wconf 77' lang='lat' dir='ltr'>psalterium</span> <span class='ocrx_word' id='word_1_139' title='bbox 3024 558 3073 608; x_wconf 87' lang='lat' dir='ltr'>et</span> <span class='ocrx_word' id='word_1_140' title='bbox 3101 553 3320 606; x_wconf 79' lang='lat' dir='ltr'>cithara</span> <span class='ocrx_word' id='word_1_141' title='bbox 3346 553 3512 616; x_wconf 84' lang='lat' dir='ltr'>(Psal.</span> <span class='ocrx_word' id='word_1_142' title='bbox 3545 556 3694 620; x_wconf 87' lang='lat' dir='ltr'>cvn).</span> 
     </span>
    </p>
   </div>
   <div class='ocr_carea' id='block_1_20' title="bbox 2103 638 3700 714">
    <p class='ocr_par' dir='ltr' id='par_1_20' title="bbox 2103 638 3700 714">
     <span class='ocr_line' id='line_1_20' title="bbox 2103 638 3700 714; baseline -0.003 -18"><span class='ocrx_word' id='word_1_143' title='bbox 2103 642 2340 714; x_wconf 79' lang='lat' dir='ltr'>Ipsaque</span> <span class='ocrx_word' id='word_1_144' title='bbox 2361 641 2431 694; x_wconf 91' lang='lat' dir='ltr'>de</span> <span class='ocrx_word' id='word_1_145' title='bbox 2457 658 2516 696; x_wconf 89' lang='lat' dir='ltr'>se</span> <span class='ocrx_word' id='word_1_146' title='bbox 2539 641 2846 712; x_wconf 90' lang='lat' dir='ltr'>respondit,</span> <span class='ocrx_word' id='word_1_147' title='bbox 2862 641 3044 711; x_wconf 86' lang='lat' dir='ltr'>gloria</span> <span class='ocrx_word' id='word_1_148' title='bbox 3067 647 3123 695; x_wconf 90' lang='lat' dir='ltr'>et</span> <span class='ocrx_word' id='word_1_149' title='bbox 3151 639 3491 710; x_wconf 90' lang='lat' dir='ltr'>dispensatio</span> <span class='ocrx_word' id='word_1_150' title='bbox 3517 638 3700 692; x_wconf 87' lang='lat' dir='ltr'>carnis</span> 
     </span>
    </p>
   </div>
   <div class='ocr_carea' id='block_1_21' title="bbox 2103 725 3696 800">
    <p class='ocr_par' dir='ltr' id='par_1_21' title="bbox 2103 725 3696 800">
     <span class='ocr_line' id='line_1_21' title="bbox 2103 725 3696 800; baseline -0.003 -18"><span class='ocrx_word' id='word_1_151' title='bbox 2103 733 2422 800; x_wconf 60' lang='lat' dir='ltr'>assumpta},</span> <span class='ocrx_word' id='word_1_152' title='bbox 2455 744 2748 796; x_wconf 66' lang='lat' dir='ltr'>easurgam</span> <span class='ocrx_word' id='word_1_153' title='bbox 2777 730 3109 793; x_wconf 87' lang='lat' dir='ltr'>diliculo,ut</span> <span class='ocrx_word' id='word_1_154' title='bbox 3131 727 3437 797; x_wconf 84' lang='lat' dir='ltr'>impleatur</span> <span class='ocrx_word' id='word_1_155' title='bbox 3451 725 3696 780; x_wconf 84' lang='lat' dir='ltr'>vicesimi</span> 
     </span>
    </p>
   </div>
   <div class='ocr_carea' id='block_1_22' title="bbox 2101 814 3701 887">
    <p class='ocr_par' dir='ltr' id='par_1_22' title="bbox 2101 814 3701 887">
     <span class='ocr_line' id='line_1_22' title="bbox 2101 814 3701 887; baseline -0.001 -17"><span class='ocrx_word' id='word_1_156' title='bbox 2101 817 2270 886; x_wconf 90' lang='lat' dir='ltr'>primi</span> <span class='ocrx_word' id='word_1_157' title='bbox 2301 817 2502 887; x_wconf 90' lang='lat' dir='ltr'>spalmi</span> <span class='ocrx_word' id='word_1_158' title='bbox 2528 817 2746 883; x_wconf 91' lang='lat' dir='ltr'>titulus,</span> <span class='ocrx_word' id='word_1_159' title='bbox 2757 833 2858 886; x_wconf 86' lang='lat' dir='ltr'>pro</span> <span class='ocrx_word' id='word_1_160' title='bbox 2872 819 3244 884; x_wconf 85' lang='lat' dir='ltr'>assumptione</span> <span class='ocrx_word' id='word_1_161' title='bbox 3263 814 3701 868; x_wconf 71' lang='lat' dir='ltr'>matutinaHaec</span> 
     </span>
    </p>
   </div>
   <div class='ocr_carea' id='block_1_23' title="bbox 2102 903 3698 976">
    <p class='ocr_par' dir='ltr' id='par_1_23' title="bbox 2102 903 3698 976">
     <span class='ocr_line' id='line_1_23' title="bbox 2102 903 3698 976; baseline -0.001 -18"><span class='ocrx_word' id='word_1_162' title='bbox 2102 904 2358 968; x_wconf 88' lang='lat' dir='ltr'>dicimus,</span> <span class='ocrx_word' id='word_1_163' title='bbox 2389 921 2503 959; x_wconf 91' lang='lat' dir='ltr'>non</span> <span class='ocrx_word' id='word_1_164' title='bbox 2529 923 2638 976; x_wconf 92' lang='lat' dir='ltr'>quo</span> <span class='ocrx_word' id='word_1_165' title='bbox 2669 905 2842 959; x_wconf 89' lang='lat' dir='ltr'>alium</span> <span class='ocrx_word' id='word_1_166' title='bbox 2864 906 3066 970; x_wconf 88' lang='lat' dir='ltr'>Deum,</span> <span class='ocrx_word' id='word_1_167' title='bbox 3101 910 3158 958; x_wconf 92' lang='lat' dir='ltr'>et</span> <span class='ocrx_word' id='word_1_168' title='bbox 3196 903 3370 958; x_wconf 89' lang='lat' dir='ltr'>alium</span> <span class='ocrx_word' id='word_1_169' title='bbox 3414 903 3698 956; x_wconf 88' lang='lat' dir='ltr'>hominem</span> 
     </span>
    </p>
   </div>
   <div class='ocr_carea' id='block_1_24' title="bbox 2103 991 3697 1064">
    <p class='ocr_par' dir='ltr' id='par_1_24' title="bbox 2103 991 3697 1064">
     <span class='ocr_line' id='line_1_24' title="bbox 2103 991 3697 1064; baseline -0.001 -16"><span class='ocrx_word' id='word_1_170' title='bbox 2103 1010 2224 1048; x_wconf 90' lang='lat' dir='ltr'>esse</span> <span class='ocrx_word' id='word_1_171' title='bbox 2252 994 2564 1061; x_wconf 87' lang='lat' dir='ltr'>credamus,</span> <span class='ocrx_word' id='word_1_172' title='bbox 2606 1000 2663 1048; x_wconf 93' lang='lat' dir='ltr'>et</span> <span class='ocrx_word' id='word_1_173' title='bbox 2710 994 2850 1048; x_wconf 91' lang='lat' dir='ltr'>duas</span> <span class='ocrx_word' id='word_1_174' title='bbox 2885 1010 3154 1064; x_wconf 90' lang='lat' dir='ltr'>personas</span> <span class='ocrx_word' id='word_1_175' title='bbox 3189 992 3459 1047; x_wconf 88' lang='lat' dir='ltr'>faciamus</span> <span class='ocrx_word' id='word_1_176' title='bbox 3499 991 3560 1044; x_wconf 90' lang='lat' dir='ltr'>in</span> <span class='ocrx_word' id='word_1_177' title='bbox 3583 1007 3697 1046; x_wconf 90' lang='lat' dir='ltr'>uno</span> 
     </span>
    </p>
   </div>
   <div class='ocr_carea' id='block_1_25' title="bbox 2101 1081 3696 1150">
    <p class='ocr_par' dir='ltr' id='par_1_25' title="bbox 2101 1081 3696 1150">
     <span class='ocr_line' id='line_1_25' title="bbox 2101 1081 3696 1150; baseline -0.001 -14"><span class='ocrx_word' id='word_1_178' title='bbox 2101 1083 2242 1137; x_wconf 90' lang='lat' dir='ltr'>Filio</span> <span class='ocrx_word' id='word_1_179' title='bbox 2270 1083 2391 1150; x_wconf 88' lang='lat' dir='ltr'>Dei,</span> <span class='ocrx_word' id='word_1_180' title='bbox 2423 1083 2570 1137; x_wconf 91' lang='lat' dir='ltr'>sicut</span> <span class='ocrx_word' id='word_1_181' title='bbox 2597 1099 2740 1136; x_wconf 87' lang='lat' dir='ltr'>nova</span> <span class='ocrx_word' id='word_1_182' title='bbox 2761 1083 2988 1137; x_wconf 84' lang='lat' dir='ltr'>haeresis</span> <span class='ocrx_word' id='word_1_183' title='bbox 3007 1082 3402 1148; x_wconf 87' lang='lat' dir='ltr'>calumniatur,</span> <span class='ocrx_word' id='word_1_184' title='bbox 3434 1081 3534 1134; x_wconf 89' lang='lat' dir='ltr'>sed</span> <span class='ocrx_word' id='word_1_185' title='bbox 3549 1096 3696 1134; x_wconf 91' lang='lat' dir='ltr'>unus</span> 
     </span>
    </p>
   </div>
   <div class='ocr_carea' id='block_1_26' title="bbox 2102 1169 3698 1242">
    <p class='ocr_par' dir='ltr' id='par_1_26' title="bbox 2102 1169 3698 1242">
     <span class='ocr_line' id='line_1_26' title="bbox 2102 1169 3698 1242; baseline -0.002 -17"><span class='ocrx_word' id='word_1_186' title='bbox 2102 1177 2272 1242; x_wconf 89' lang='lat' dir='ltr'>atque</span> <span class='ocrx_word' id='word_1_187' title='bbox 2300 1172 2450 1226; x_wconf 88' lang='lat' dir='ltr'>idem</span> <span class='ocrx_word' id='word_1_188' title='bbox 2471 1171 2646 1226; x_wconf 90' lang='lat' dir='ltr'>Filius</span> <span class='ocrx_word' id='word_1_189' title='bbox 2671 1171 2792 1238; x_wconf 91' lang='lat' dir='ltr'>Dei,</span> <span class='ocrx_word' id='word_1_190' title='bbox 2817 1177 2874 1226; x_wconf 92' lang='lat' dir='ltr'>et</span> <span class='ocrx_word' id='word_1_191' title='bbox 2896 1172 3046 1226; x_wconf 90' lang='lat' dir='ltr'>ﬁlius</span> <span class='ocrx_word' id='word_1_192' title='bbox 3074 1170 3322 1226; x_wconf 89' lang='lat' dir='ltr'>hominis</span> <span class='ocrx_word' id='word_1_193' title='bbox 3345 1175 3448 1235; x_wconf 90' lang='lat' dir='ltr'>est,</span> <span class='ocrx_word' id='word_1_194' title='bbox 3463 1174 3521 1223; x_wconf 91' lang='lat' dir='ltr'>et</span> <span class='ocrx_word' id='word_1_195' title='bbox 3539 1169 3698 1240; x_wconf 89' lang='lat' dir='ltr'>quid-</span> 
     </span>
    </p>
   </div>
   <div class='ocr_carea' id='block_1_27' title="bbox 2103 1257 3698 1332">
    <p class='ocr_par' dir='ltr' id='par_1_27' title="bbox 2103 1257 3698 1332">
     <span class='ocr_line' id='line_1_27' title="bbox 2103 1257 3698 1332; baseline -0.003 -18"><span class='ocrx_word' id='word_1_196' title='bbox 2103 1261 2236 1332; x_wconf 88' lang='lat' dir='ltr'>quid</span> <span class='ocrx_word' id='word_1_197' title='bbox 2261 1261 2528 1331; x_wconf 89' lang='lat' dir='ltr'>loquitur,</span> <span class='ocrx_word' id='word_1_198' title='bbox 2563 1261 2717 1315; x_wconf 91' lang='lat' dir='ltr'>aliud</span> <span class='ocrx_word' id='word_1_199' title='bbox 2749 1261 3044 1316; x_wconf 89' lang='lat' dir='ltr'>referimus</span> <span class='ocrx_word' id='word_1_200' title='bbox 3071 1261 3141 1315; x_wconf 90' lang='lat' dir='ltr'>ad</span> <span class='ocrx_word' id='word_1_201' title='bbox 3161 1260 3407 1314; x_wconf 88' lang='lat' dir='ltr'>divinam</span> <span class='ocrx_word' id='word_1_202' title='bbox 3435 1259 3558 1328; x_wconf 88' lang='lat' dir='ltr'>ejus</span> <span class='ocrx_word' id='word_1_203' title='bbox 3579 1257 3698 1328; x_wconf 89' lang='lat' dir='ltr'>glo-</span> 
     </span>
    </p>
   </div>
   <div class='ocr_carea' id='block_1_28' title="bbox 2101 1347 3700 1420">
    <p class='ocr_par' dir='ltr' id='par_1_28' title="bbox 2101 1347 3700 1420">
     <span class='ocr_line' id='line_1_28' title="bbox 2101 1347 3700 1420; baseline -0.001 -18"><span class='ocrx_word' id='word_1_204' title='bbox 2101 1349 2266 1414; x_wconf 89' lang='lat' dir='ltr'>riam,</span> <span class='ocrx_word' id='word_1_205' title='bbox 2294 1349 2447 1404; x_wconf 88' lang='lat' dir='ltr'>aliud</span> <span class='ocrx_word' id='word_1_206' title='bbox 2467 1350 2538 1403; x_wconf 89' lang='lat' dir='ltr'>ad</span> <span class='ocrx_word' id='word_1_207' title='bbox 2559 1356 2812 1404; x_wconf 88' lang='lat' dir='ltr'>nostram</span> <span class='ocrx_word' id='word_1_208' title='bbox 2836 1351 3094 1416; x_wconf 88' lang='lat' dir='ltr'>salutem,</span> <span class='ocrx_word' id='word_1_209' title='bbox 3113 1365 3214 1420; x_wconf 90' lang='lat' dir='ltr'>pro</span> <span class='ocrx_word' id='word_1_210' title='bbox 3251 1347 3452 1419; x_wconf 88' lang='lat' dir='ltr'>quibus</span> <span class='ocrx_word' id='word_1_211' title='bbox 3471 1364 3583 1402; x_wconf 91' lang='lat' dir='ltr'>non</span> <span class='ocrx_word' id='word_1_212' title='bbox 3613 1363 3700 1399; x_wconf 89' lang='lat' dir='ltr'>ra-</span> 
     </span>
    </p>
   </div>
   <div class='ocr_carea' id='block_1_29' title="bbox 2103 1439 3698 1509">
    <p class='ocr_par' dir='ltr' id='par_1_29' title="bbox 2103 1439 3698 1509">
     <span class='ocr_line' id='line_1_29' title="bbox 2103 1439 3698 1509; baseline -0.001 -17"><span class='ocrx_word' id='word_1_213' title='bbox 2103 1439 2295 1509; x_wconf 91' lang='lat' dir='ltr'>pinam</span> <span class='ocrx_word' id='word_1_214' title='bbox 2323 1439 2636 1494; x_wconf 78' lang='lat' dir='ltr'>arbitratus</span> <span class='ocrx_word' id='word_1_215' title='bbox 2671 1444 2748 1493; x_wconf 87' lang='lat' dir='ltr'>est</span> <span class='ocrx_word' id='word_1_216' title='bbox 2782 1455 2888 1493; x_wconf 87' lang='lat' dir='ltr'>esse</span> <span class='ocrx_word' id='word_1_217' title='bbox 2917 1456 2970 1493; x_wconf 88' lang='lat' dir='ltr'>se</span> <span class='ocrx_word' id='word_1_218' title='bbox 2994 1441 3259 1508; x_wconf 59' lang='lat' dir='ltr'>aqualem</span> <span class='ocrx_word' id='word_1_219' title='bbox 3287 1440 3410 1503; x_wconf 86' lang='lat' dir='ltr'>Deo,</span> <span class='ocrx_word' id='word_1_220' title='bbox 3437 1439 3530 1491; x_wconf 87' lang='lat' dir='ltr'>sed</span> <span class='ocrx_word' id='word_1_221' title='bbox 3556 1439 3698 1504; x_wconf 87' lang='lat' dir='ltr'>seip-</span> 
     </span>
    </p>
   </div>
   <div class='ocr_carea' id='block_1_30' title="bbox 2103 1528 3700 1596">
    <p class='ocr_par' dir='ltr' id='par_1_30' title="bbox 2103 1528 3700 1596">
     <span class='ocr_line' id='line_1_30' title="bbox 2103 1528 3700 1596; baseline -0.003 -14"><span class='ocrx_word' id='word_1_222' title='bbox 2103 1544 2228 1582; x_wconf 88' lang='lat' dir='ltr'>sum</span> <span class='ocrx_word' id='word_1_223' title='bbox 2253 1529 2780 1596; x_wconf 57' lang='lat' dir='ltr'>eainanivitfactus</span> <span class='ocrx_word' id='word_1_224' title='bbox 2791 1529 3040 1582; x_wconf 81' lang='lat' dir='ltr'>obediens</span> <span class='ocrx_word' id='word_1_225' title='bbox 3066 1544 3236 1596; x_wconf 87' lang='lat' dir='ltr'>usque</span> <span class='ocrx_word' id='word_1_226' title='bbox 3263 1528 3338 1580; x_wconf 85' lang='lat' dir='ltr'>ad</span> <span class='ocrx_word' id='word_1_227' title='bbox 3367 1531 3618 1590; x_wconf 86' lang='lat' dir='ltr'>mortem,</span> <span class='ocrx_word' id='word_1_228' title='bbox 3651 1529 3700 1578; x_wconf 89' lang='lat' dir='ltr'>et</span> 
     </span>
    </p>
   </div>
   <div class='ocr_carea' id='block_1_31' title="bbox 2105 1615 3698 1685">
    <p class='ocr_par' dir='ltr' id='par_1_31' title="bbox 2105 1615 3698 1685">
     <span class='ocr_line' id='line_1_31' title="bbox 2105 1615 3698 1685; baseline -0.002 -17"><span class='ocrx_word' id='word_1_229' title='bbox 2105 1621 2336 1670; x_wconf 84' lang='lat' dir='ltr'>mortem</span> <span class='ocrx_word' id='word_1_230' title='bbox 2367 1619 2548 1671; x_wconf 83' lang='lat' dir='ltr'>crucis</span> <span class='ocrx_word' id='word_1_231' title='bbox 2579 1616 2743 1684; x_wconf 93' lang='lat' dir='ltr'>(Phil.</span> <span class='ocrx_word' id='word_1_232' title='bbox 2777 1617 2864 1685; x_wconf 85' lang='lat' dir='ltr'>n);</span> <span class='ocrx_word' id='word_1_233' title='bbox 2884 1620 2946 1670; x_wconf 90' lang='lat' dir='ltr'>et</span> <span class='ocrx_word' id='word_1_234' title='bbox 2965 1617 3193 1670; x_wconf 78' lang='lat' dir='ltr'>Verbum</span> <span class='ocrx_word' id='word_1_235' title='bbox 3213 1631 3342 1670; x_wconf 89' lang='lat' dir='ltr'>caro</span> <span class='ocrx_word' id='word_1_236' title='bbox 3370 1615 3584 1682; x_wconf 82' lang='lat' dir='ltr'>factum</span> <span class='ocrx_word' id='word_1_237' title='bbox 3603 1617 3698 1676; x_wconf 87' lang='lat' dir='ltr'>est,</span> 
     </span>
    </p>
   </div>
   <div class='ocr_carea' id='block_1_32' title="bbox 430 1701 3704 1780">
    <p class='ocr_par' dir='ltr' id='par_1_32' title="bbox 430 1701 3704 1780">
     <span class='ocr_line' id='line_1_32' title="bbox 430 1701 3704 1780; baseline -0.002 -18"><span class='ocrx_word' id='word_1_238' title='bbox 430 1706 797 1763; x_wconf 86' lang='lat' dir='ltr'>donationum</span> <span class='ocrx_word' id='word_1_239' title='bbox 825 1723 1052 1778; x_wconf 88' lang='lat' dir='ltr'>genera,</span> <span class='ocrx_word' id='word_1_240' title='bbox 1077 1724 1199 1778; x_wconf 66' lang='lat' dir='ltr'>quae</span> <span class='ocrx_word' id='word_1_241' title='bbox 1227 1707 1296 1762; x_wconf 92' lang='lat' dir='ltr'>ab</span> <span class='ocrx_word' id='word_1_242' title='bbox 1314 1709 1580 1780; x_wconf 87' lang='lat' dir='ltr'>Apostolo</span> <span class='ocrx_word' id='word_1_243' title='bbox 1608 1708 1889 1780; x_wconf 89' lang='lat' dir='ltr'>descripta</span> <span class='ocrx_word' id='word_1_244' title='bbox 1913 1702 2092 1763; x_wconf 86' lang='lat' dir='ltr'>me-B</span> <span class='ocrx_word' id='word_1_245' title='bbox 2109 1709 2161 1758; x_wconf 84' lang='lat' dir='ltr'>et</span> <span class='ocrx_word' id='word_1_246' title='bbox 2187 1705 2459 1759; x_wconf 77' lang='lat' dir='ltr'>habitavit</span> <span class='ocrx_word' id='word_1_247' title='bbox 2486 1707 2552 1758; x_wconf 85' lang='lat' dir='ltr'>in</span> <span class='ocrx_word' id='word_1_248' title='bbox 2581 1706 2735 1758; x_wconf 87' lang='lat' dir='ltr'>nobis</span> <span class='ocrx_word' id='word_1_249' title='bbox 2767 1706 2946 1772; x_wconf 89' lang='lat' dir='ltr'>(Joan.</span> <span class='ocrx_word' id='word_1_250' title='bbox 2984 1707 3045 1772; x_wconf 84' lang='grc' dir='ltr'>ι).</span> <span class='ocrx_word' id='word_1_251' title='bbox 3069 1703 3243 1758; x_wconf 87' lang='lat' dir='ltr'>Miror</span> <span class='ocrx_word' id='word_1_252' title='bbox 3271 1707 3459 1756; x_wconf 89' lang='lat' dir='ltr'>autem</span> <span class='ocrx_word' id='word_1_253' title='bbox 3488 1701 3704 1756; x_wconf 89' lang='lat' dir='ltr'>Monta-</span> 
     </span>
    </p>
   </div>
   <div class='ocr_carea' id='block_1_33' title="bbox 431 1795 2027 1868">
    <p class='ocr_par' dir='ltr' id='par_1_33' title="bbox 431 1795 2027 1868">
     <span class='ocr_line' id='line_1_33' title="bbox 431 1795 2027 1868; baseline 0.001 -19"><span class='ocrx_word' id='word_1_254' title='bbox 431 1795 794 1863; x_wconf 89' lang='lat' dir='ltr'>moravimus,</span> <span class='ocrx_word' id='word_1_255' title='bbox 835 1802 894 1850; x_wconf 92' lang='lat' dir='ltr'>et</span> <span class='ocrx_word' id='word_1_256' title='bbox 921 1796 1070 1868; x_wconf 91' lang='lat' dir='ltr'>quod</span> <span class='ocrx_word' id='word_1_257' title='bbox 1097 1796 1280 1866; x_wconf 88' lang='lat' dir='ltr'>magis</span> <span class='ocrx_word' id='word_1_258' title='bbox 1293 1797 1672 1852; x_wconf 72' lang='lat' dir='ltr'>necessarium</span> <span class='ocrx_word' id='word_1_259' title='bbox 1701 1803 1825 1851; x_wconf 89' lang='lat' dir='ltr'>erat</span> <span class='ocrx_word' id='word_1_260' title='bbox 1850 1797 2027 1852; x_wconf 89' lang='lat' dir='ltr'>diver-</span> 
     </span>
    </p>
   </div>
   <div class='ocr_carea' id='block_1_34' title="bbox 431 1883 2028 1956">
    <p class='ocr_par' dir='ltr' id='par_1_34' title="bbox 431 1883 2028 1956">
     <span class='ocr_line' id='line_1_34' title="bbox 431 1883 2028 1956; baseline 0.001 -18"><span class='ocrx_word' id='word_1_261' title='bbox 431 1884 658 1938; x_wconf 87' lang='lat' dir='ltr'>sitatem</span> <span class='ocrx_word' id='word_1_262' title='bbox 686 1883 1009 1956; x_wconf 89' lang='lat' dir='ltr'>linguarum</span> <span class='ocrx_word' id='word_1_263' title='bbox 1037 1885 1424 1940; x_wconf 87' lang='lat' dir='ltr'>universarum</span> <span class='ocrx_word' id='word_1_264' title='bbox 1444 1885 1799 1956; x_wconf 85' lang='lat' dir='ltr'>gentium,ut</span> <span class='ocrx_word' id='word_1_265' title='bbox 1811 1901 2028 1940; x_wconf 88' lang='lat' dir='ltr'>annun-</span> 
     </span>
    </p>
   </div>
   <div class='ocr_carea' id='block_1_35' title="bbox 429 1971 2028 2046">
    <p class='ocr_par' dir='ltr' id='par_1_35' title="bbox 429 1971 2028 2046">
     <span class='ocr_line' id='line_1_35' title="bbox 429 1971 2028 2046; baseline 0.001 -19"><span class='ocrx_word' id='word_1_266' title='bbox 429 1971 628 2027; x_wconf 86' lang='lat' dir='ltr'>tiaturi</span> <span class='ocrx_word' id='word_1_267' title='bbox 655 1972 938 2028; x_wconf 86' lang='lat' dir='ltr'>Christum</span> <span class='ocrx_word' id='word_1_268' title='bbox 964 1974 1119 2028; x_wconf 91' lang='lat' dir='ltr'>nullo</span> <span class='ocrx_word' id='word_1_269' title='bbox 1149 1979 1381 2044; x_wconf 85' lang='lat' dir='ltr'>egerent</span> <span class='ocrx_word' id='word_1_270' title='bbox 1413 1973 1740 2046; x_wconf 84' lang='lat' dir='ltr'>interprete.</span> <span class='ocrx_word' id='word_1_271' title='bbox 1772 1974 1933 2030; x_wconf 89' lang='lat' dir='ltr'>Unde</span> <span class='ocrx_word' id='word_1_272' title='bbox 1971 1980 2028 2028; x_wconf 92' lang='lat' dir='ltr'>et</span> 
     </span>
    </p>
   </div>
   <div class='ocr_carea' id='block_1_36' title="bbox 431 2059 2027 2132">
    <p class='ocr_par' dir='ltr' id='par_1_36' title="bbox 431 2059 2027 2132">
     <span class='ocr_line' id='line_1_36' title="bbox 431 2059 2027 2132; baseline 0.001 -17"><span class='ocrx_word' id='word_1_273' title='bbox 431 2059 493 2115; x_wconf 89' lang='lat' dir='ltr'>in</span> <span class='ocrx_word' id='word_1_274' title='bbox 517 2061 799 2132; x_wconf 88' lang='lat' dir='ltr'>Lycaonia</span> <span class='ocrx_word' id='word_1_275' title='bbox 837 2078 966 2116; x_wconf 90' lang='lat' dir='ltr'>cum</span> <span class='ocrx_word' id='word_1_276' title='bbox 1009 2061 1298 2116; x_wconf 88' lang='lat' dir='ltr'>audissent</span> <span class='ocrx_word' id='word_1_277' title='bbox 1337 2063 1575 2117; x_wconf 90' lang='lat' dir='ltr'>Paulum</span> <span class='ocrx_word' id='word_1_278' title='bbox 1615 2069 1674 2116; x_wconf 90' lang='lat' dir='ltr'>et</span> <span class='ocrx_word' id='word_1_279' title='bbox 1710 2062 2027 2117; x_wconf 88' lang='lat' dir='ltr'>Barnabam</span> 
     </span>
    </p>
   </div>
   <div class='ocr_carea' id='block_1_37' title="bbox 430 2149 2026 2220">
    <p class='ocr_par' dir='ltr' id='par_1_37' title="bbox 430 2149 2026 2220">
     <span class='ocr_line' id='line_1_37' title="bbox 430 2149 2026 2220; baseline 0.001 -17"><span class='ocrx_word' id='word_1_280' title='bbox 430 2149 586 2220; x_wconf 91' lang='lat' dir='ltr'>loqui</span> <span class='ocrx_word' id='word_1_281' title='bbox 612 2149 817 2220; x_wconf 86' lang='lat' dir='ltr'>linguis</span> <span class='ocrx_word' id='word_1_282' title='bbox 853 2149 988 2218; x_wconf 90' lang='lat' dir='ltr'>suis,</span> <span class='ocrx_word' id='word_1_283' title='bbox 1023 2151 1156 2205; x_wconf 89' lang='lat' dir='ltr'>deos</span> <span class='ocrx_word' id='word_1_284' title='bbox 1193 2151 1253 2205; x_wconf 91' lang='lat' dir='ltr'>in</span> <span class='ocrx_word' id='word_1_285' title='bbox 1289 2151 1570 2206; x_wconf 49' lang='lat' dir='ltr'>homines</span> <span class='ocrx_word' id='word_1_286' title='bbox 1587 2167 1880 2206; x_wconf 88' lang='lat' dir='ltr'>conversos</span> <span class='ocrx_word' id='word_1_287' title='bbox 1905 2168 2026 2206; x_wconf 89' lang='lat' dir='ltr'>esse</span> 
     </span>
    </p>
   </div>
   <div class='ocr_carea' id='block_1_38' title="bbox 433 2237 2027 2312">
    <p class='ocr_par' dir='ltr' id='par_1_38' title="bbox 433 2237 2027 2312">
     <span class='ocr_line' id='line_1_38' title="bbox 433 2237 2027 2312; baseline 0.003 -21"><span class='ocrx_word' id='word_1_288' title='bbox 433 2237 753 2305; x_wconf 90' lang='lat' dir='ltr'>credebant,</span> <span class='ocrx_word' id='word_1_289' title='bbox 789 2244 848 2294; x_wconf 88' lang='lat' dir='ltr'>et</span> <span class='ocrx_word' id='word_1_290' title='bbox 872 2255 1067 2294; x_wconf 85' lang='lat' dir='ltr'>revera</span> <span class='ocrx_word' id='word_1_291' title='bbox 1094 2239 1490 2294; x_wconf 91' lang='lat' dir='ltr'>indumentum</span> <span class='ocrx_word' id='word_1_292' title='bbox 1523 2240 1747 2294; x_wconf 89' lang='lat' dir='ltr'>virtutis</span> <span class='ocrx_word' id='word_1_293' title='bbox 1785 2239 2027 2312; x_wconf 89' lang='lat' dir='ltr'>Spiritus</span> 
     </span>
    </p>
   </div>
   <div class='ocr_carea' id='block_1_39' title="bbox 429 2327 2028 2400">
    <p class='ocr_par' dir='ltr' id='par_1_39' title="bbox 429 2327 2028 2400">
     <span class='ocr_line' id='line_1_39' title="bbox 429 2327 2028 2400; baseline 0 -18"><span class='ocrx_word' id='word_1_294' title='bbox 429 2327 611 2382; x_wconf 88' lang='lat' dir='ltr'>sancti</span> <span class='ocrx_word' id='word_1_295' title='bbox 635 2327 824 2398; x_wconf 86' lang='lat' dir='ltr'>gratia</span> <span class='ocrx_word' id='word_1_296' title='bbox 849 2333 952 2394; x_wconf 91' lang='lat' dir='ltr'>est,</span> <span class='ocrx_word' id='word_1_297' title='bbox 987 2344 1156 2399; x_wconf 88' lang='lat' dir='ltr'>quam</span> <span class='ocrx_word' id='word_1_298' title='bbox 1195 2329 1542 2400; x_wconf 90' lang='lat' dir='ltr'>possidentes</span> <span class='ocrx_word' id='word_1_299' title='bbox 1571 2329 1828 2400; x_wconf 89' lang='lat' dir='ltr'>judicum</span> <span class='ocrx_word' id='word_1_300' title='bbox 1852 2328 2028 2383; x_wconf 89' lang='lat' dir='ltr'>tribu-</span> 
     </span>
    </p>
   </div>
   <div class='ocr_carea' id='block_1_40' title="bbox 432 2415 2029 2488">
    <p class='ocr_par' dir='ltr' id='par_1_40' title="bbox 432 2415 2029 2488">
     <span class='ocr_line' id='line_1_40' title="bbox 432 2415 2029 2488; baseline 0.001 -18"><span class='ocrx_word' id='word_1_301' title='bbox 432 2415 604 2482; x_wconf 88' lang='lat' dir='ltr'>nalia,</span> <span class='ocrx_word' id='word_1_302' title='bbox 637 2421 696 2470; x_wconf 91' lang='lat' dir='ltr'>et</span> <span class='ocrx_word' id='word_1_303' title='bbox 713 2431 913 2486; x_wconf 88' lang='lat' dir='ltr'>regum</span> <span class='ocrx_word' id='word_1_304' title='bbox 942 2432 1221 2488; x_wconf 79' lang='lat' dir='ltr'>purpuras</span> <span class='ocrx_word' id='word_1_305' title='bbox 1239 2433 1352 2471; x_wconf 90' lang='lat' dir='ltr'>non</span> <span class='ocrx_word' id='word_1_306' title='bbox 1373 2417 1667 2472; x_wconf 87' lang='lat' dir='ltr'>timebant.</span> <span class='ocrx_word' id='word_1_307' title='bbox 1685 2417 2029 2472; x_wconf 87' lang='lat' dir='ltr'>Promiserat</span> 
     </span>
    </p>
   </div>
   <div class='ocr_carea' id='block_1_41' title="bbox 433 2503 2024 2576">
    <p class='ocr_par' dir='ltr' id='par_1_41' title="bbox 433 2503 2024 2576">
     <span class='ocr_line' id='line_1_41' title="bbox 433 2503 2024 2576; baseline -0.001 -16"><span class='ocrx_word' id='word_1_308' title='bbox 433 2505 585 2560; x_wconf 89' lang='lat' dir='ltr'>enim</span> <span class='ocrx_word' id='word_1_309' title='bbox 601 2503 876 2560; x_wconf 90' lang='lat' dir='ltr'>Dominus</span> <span class='ocrx_word' id='word_1_310' title='bbox 895 2504 1224 2576; x_wconf 89' lang='lat' dir='ltr'>priusquam</span> <span class='ocrx_word' id='word_1_311' title='bbox 1241 2511 1549 2576; x_wconf 88' lang='lat' dir='ltr'>pateretur,</span> <span class='ocrx_word' id='word_1_312' title='bbox 1565 2513 1623 2560; x_wconf 92' lang='lat' dir='ltr'>et</span> <span class='ocrx_word' id='word_1_313' title='bbox 1642 2507 1858 2560; x_wconf 85' lang='lat' dir='ltr'>dixerat</span> <span class='ocrx_word' id='word_1_314' title='bbox 1877 2507 2024 2573; x_wconf 91' lang='lat' dir='ltr'>(Luc.</span> 
     </span>
    </p>
   </div>
   <div class='ocr_carea' id='block_1_42' title="bbox 433 2593 2030 2664">
    <p class='ocr_par' dir='ltr' id='par_1_42' title="bbox 433 2593 2030 2664">
     <span class='ocr_line' id='line_1_42' title="bbox 433 2593 2030 2664; baseline 0 -16"><span class='ocrx_word' id='word_1_315' title='bbox 433 2595 568 2660; x_wconf 83' lang='lat' dir='ltr'>xxv)</span> <span class='ocrx_word' id='word_1_316' title='bbox 595 2610 606 2645; x_wconf 92' lang='lat'><strong>:</strong></span> <span class='ocrx_word' id='word_1_317' title='bbox 634 2593 771 2648; x_wconf 77' lang='lat' dir='ltr'>Cum</span> <span class='ocrx_word' id='word_1_318' title='bbox 799 2598 985 2647; x_wconf 87' lang='lat' dir='ltr'>autem</span> <span class='ocrx_word' id='word_1_319' title='bbox 1015 2595 1236 2648; x_wconf 82' lang='lat' dir='ltr'>tradent</span> <span class='ocrx_word' id='word_1_320' title='bbox 1261 2610 1370 2660; x_wconf 78' lang='lat' dir='ltr'>vos,</span> <span class='ocrx_word' id='word_1_321' title='bbox 1405 2597 1574 2649; x_wconf 81' lang='lat' dir='ltr'>nolite</span> <span class='ocrx_word' id='word_1_322' title='bbox 1610 2598 1864 2664; x_wconf 86' lang='lat' dir='ltr'>cogitare,</span> <span class='ocrx_word' id='word_1_323' title='bbox 1901 2611 2030 2664; x_wconf 87' lang='lat' dir='ltr'>quo-</span> 
     </span>
    </p>
   </div>
   <div class='ocr_carea' id='block_1_43' title="bbox 438 2682 2028 2750">
    <p class='ocr_par' dir='ltr' id='par_1_43' title="bbox 438 2682 2028 2750">
     <span class='ocr_line' id='line_1_43' title="bbox 438 2682 2028 2750; baseline 0.002 -16"><span class='ocrx_word' id='word_1_324' title='bbox 438 2683 596 2735; x_wconf 91' lang='lat' dir='ltr'>modo</span> <span class='ocrx_word' id='word_1_325' title='bbox 614 2685 717 2736; x_wconf 88' lang='lat' dir='ltr'>aut</span> <span class='ocrx_word' id='word_1_326' title='bbox 734 2682 870 2750; x_wconf 88' lang='lat' dir='ltr'>quid</span> <span class='ocrx_word' id='word_1_327' title='bbox 890 2685 1222 2749; x_wconf 81' lang='lat' dir='ltr'>loquamini,</span> <span class='ocrx_word' id='word_1_328' title='bbox 1245 2683 1474 2736; x_wconf 84' lang='lat' dir='ltr'>dabitur</span> <span class='ocrx_word' id='word_1_329' title='bbox 1501 2687 1652 2738; x_wconf 86' lang='lat' dir='ltr'>enim</span> <span class='ocrx_word' id='word_1_330' title='bbox 1678 2684 1824 2737; x_wconf 77' lang='lat' dir='ltr'>vobis</span> <span class='ocrx_word' id='word_1_331' title='bbox 1841 2686 1904 2737; x_wconf 87' lang='lat' dir='ltr'>in</span> <span class='ocrx_word' id='word_1_332' title='bbox 1924 2687 2028 2738; x_wconf 89' lang='lat' dir='ltr'>illa</span> 
     </span>
    </p>
   </div>
   <div class='ocr_carea' id='block_1_44' title="bbox 439 2769 2028 2842">
    <p class='ocr_par' dir='ltr' id='par_1_44' title="bbox 439 2769 2028 2842">
     <span class='ocr_line' id='line_1_44' title="bbox 439 2769 2028 2842; baseline 0 -18"><span class='ocrx_word' id='word_1_333' title='bbox 439 2769 581 2824; x_wconf 88' lang='lat' dir='ltr'>hora</span> <span class='ocrx_word' id='word_1_334' title='bbox 599 2770 738 2838; x_wconf 88' lang='lat' dir='ltr'>quid</span> <span class='ocrx_word' id='word_1_335' title='bbox 757 2771 1088 2838; x_wconf 81' lang='lat' dir='ltr'>loquamini.</span> <span class='ocrx_word' id='word_1_336' title='bbox 1111 2771 1234 2825; x_wconf 80' lang='lat' dir='ltr'>Non</span> <span class='ocrx_word' id='word_1_337' title='bbox 1261 2773 1412 2824; x_wconf 87' lang='lat' dir='ltr'>enim</span> <span class='ocrx_word' id='word_1_338' title='bbox 1441 2787 1531 2826; x_wconf 80' lang='lat' dir='ltr'>vos</span> <span class='ocrx_word' id='word_1_339' title='bbox 1557 2775 1702 2838; x_wconf 83' lang='lat' dir='ltr'>estis,</span> <span class='ocrx_word' id='word_1_340' title='bbox 1721 2774 1820 2842; x_wconf 88' lang='lat' dir='ltr'>qui</span> <span class='ocrx_word' id='word_1_341' title='bbox 1848 2775 2028 2840; x_wconf 89' lang='lat' dir='ltr'>loqui-</span> 
     </span>
    </p>
   </div>
   <div class='ocr_carea' id='block_1_45' title="bbox 435 2857 2023 2928">
    <p class='ocr_par' dir='ltr' id='par_1_45' title="bbox 435 2857 2023 2928">
     <span class='ocr_line' id='line_1_45' title="bbox 435 2857 2023 2928; baseline 0.001 -16"><span class='ocrx_word' id='word_1_342' title='bbox 435 2859 600 2922; x_wconf 85' lang='lat' dir='ltr'>mini,</span> <span class='ocrx_word' id='word_1_343' title='bbox 617 2857 710 2911; x_wconf 87' lang='lat' dir='ltr'>sed</span> <span class='ocrx_word' id='word_1_344' title='bbox 731 2857 978 2927; x_wconf 85' lang='lat' dir='ltr'>Spiritus</span> <span class='ocrx_word' id='word_1_345' title='bbox 999 2859 1184 2912; x_wconf 85' lang='lat' dir='ltr'>Patris</span> <span class='ocrx_word' id='word_1_346' title='bbox 1205 2862 1484 2928; x_wconf 84' lang='lat' dir='ltr'>vestriqui</span> <span class='ocrx_word' id='word_1_347' title='bbox 1498 2863 1748 2928; x_wconf 87' lang='lat' dir='ltr'>loquitur</span> <span class='ocrx_word' id='word_1_348' title='bbox 1764 2863 1828 2914; x_wconf 87' lang='lat' dir='ltr'>in</span> <span class='ocrx_word' id='word_1_349' title='bbox 1858 2862 2023 2914; x_wconf 82' lang='lat' dir='ltr'>vobis.</span> 
     </span>
    </p>
   </div>
   <div class='ocr_carea' id='block_1_46' title="bbox 437 2945 2029 3020">
    <p class='ocr_par' dir='ltr' id='par_1_46' title="bbox 437 2945 2029 3020">
     <span class='ocr_line' id='line_1_46' title="bbox 437 2945 2029 3020; baseline 0.002 -20"><span class='ocrx_word' id='word_1_350' title='bbox 437 2945 554 3016; x_wconf 87' lang='lat' dir='ltr'>Ego</span> <span class='ocrx_word' id='word_1_351' title='bbox 575 2951 766 3000; x_wconf 89' lang='lat' dir='ltr'>autem</span> <span class='ocrx_word' id='word_1_352' title='bbox 794 2945 1063 3000; x_wconf 88' lang='lat' dir='ltr'>audacter</span> <span class='ocrx_word' id='word_1_353' title='bbox 1090 2951 1149 3000; x_wconf 90' lang='lat' dir='ltr'>et</span> <span class='ocrx_word' id='word_1_354' title='bbox 1167 2951 1288 3001; x_wconf 88' lang='lat' dir='ltr'>tota</span> <span class='ocrx_word' id='word_1_355' title='bbox 1321 2947 1579 3002; x_wconf 88' lang='lat' dir='ltr'>libertate</span> <span class='ocrx_word' id='word_1_356' title='bbox 1609 2949 1931 3020; x_wconf 82' lang='lat' dir='ltr'>pronuntio,</span> <span class='ocrx_word' id='word_1_357' title='bbox 1963 2966 2029 3003; x_wconf 85' lang='lat' dir='ltr'>ex</span> 
     </span>
    </p>
   </div>
   <div class='ocr_carea' id='block_1_47' title="bbox 2107 1790 3699 1864">
    <p class='ocr_par' dir='ltr' id='par_1_47' title="bbox 2107 1790 3699 1864">
     <span class='ocr_line' id='line_1_47' title="bbox 2107 1790 3699 1864; baseline -0.003 -18"><span class='ocrx_word' id='word_1_358' title='bbox 2107 1809 2244 1848; x_wconf 89' lang='lat' dir='ltr'>num</span> <span class='ocrx_word' id='word_1_359' title='bbox 2275 1798 2333 1848; x_wconf 91' lang='lat' dir='ltr'>et</span> <span class='ocrx_word' id='word_1_360' title='bbox 2360 1793 2588 1848; x_wconf 89' lang='lat' dir='ltr'>insanas</span> <span class='ocrx_word' id='word_1_361' title='bbox 2616 1792 2853 1848; x_wconf 87' lang='lat' dir='ltr'>feminas</span> <span class='ocrx_word' id='word_1_362' title='bbox 2889 1794 3030 1864; x_wconf 90' lang='lat' dir='ltr'>ejus,</span> <span class='ocrx_word' id='word_1_363' title='bbox 3061 1791 3340 1846; x_wconf 88' lang='lat' dir='ltr'>abortivos</span> <span class='ocrx_word' id='word_1_364' title='bbox 3379 1790 3699 1862; x_wconf 91' lang='lat' dir='ltr'>prophetas,</span> 
     </span>
    </p>
   </div>
   <div class='ocr_carea' id='block_1_48' title="bbox 2106 1881 3704 1954">
    <p class='ocr_par' dir='ltr' id='par_1_48' title="bbox 2106 1881 3704 1954">
     <span class='ocr_line' id='line_1_48' title="bbox 2106 1881 3704 1954; baseline -0.003 -18"><span class='ocrx_word' id='word_1_365' title='bbox 2106 1881 2348 1937; x_wconf 91' lang='lat' dir='ltr'>Domino</span> <span class='ocrx_word' id='word_1_366' title='bbox 2369 1883 2734 1954; x_wconf 88' lang='lat' dir='ltr'>promittente</span> <span class='ocrx_word' id='word_1_367' title='bbox 2761 1887 2929 1954; x_wconf 88' lang='lat' dir='ltr'>atque</span> <span class='ocrx_word' id='word_1_368' title='bbox 2967 1881 3185 1936; x_wconf 90' lang='lat' dir='ltr'>dicente</span> <span class='ocrx_word' id='word_1_369' title='bbox 3216 1899 3228 1934; x_wconf 89' lang='lat'><strong>:</strong></span> <span class='ocrx_word' id='word_1_370' title='bbox 3268 1881 3406 1934; x_wconf 81' lang='lat' dir='ltr'>Vade</span> <span class='ocrx_word' id='word_1_371' title='bbox 3443 1885 3491 1934; x_wconf 88' lang='lat' dir='ltr'>et</span> <span class='ocrx_word' id='word_1_372' title='bbox 3519 1881 3704 1933; x_wconf 87' lang='lat' dir='ltr'>alium</span> 
     </span>
    </p>
   </div>
   <div class='ocr_carea' id='block_1_49' title="bbox 2105 1966 3706 2042">
    <p class='ocr_par' dir='ltr' id='par_1_49' title="bbox 2105 1966 3706 2042">
     <span class='ocr_line' id='line_1_49' title="bbox 2105 1966 3706 2042; baseline -0.002 -18"><span class='ocrx_word' id='word_1_373' title='bbox 2105 1975 2452 2040; x_wconf 85' lang='lat' dir='ltr'>paracletum</span> <span class='ocrx_word' id='word_1_374' title='bbox 2480 1975 2640 2026; x_wconf 85' lang='lat' dir='ltr'>mitto</span> <span class='ocrx_word' id='word_1_375' title='bbox 2667 1972 2834 2039; x_wconf 78' lang='lat' dir='ltr'>vobis,</span> <span class='ocrx_word' id='word_1_376' title='bbox 2867 1977 2924 2025; x_wconf 91' lang='lat' dir='ltr'>et</span> <span class='ocrx_word' id='word_1_377' title='bbox 2954 1977 3150 2042; x_wconf 90' lang='lat' dir='ltr'>postea</span> <span class='ocrx_word' id='word_1_378' title='bbox 3183 1969 3334 2024; x_wconf 90' lang='lat' dir='ltr'>Luca</span> <span class='ocrx_word' id='word_1_379' title='bbox 3361 1966 3706 2038; x_wconf 81' lang='lat' dir='ltr'>evangelista</span> 
     </span>
    </p>
   </div>
   <div class='ocr_carea' id='block_1_50' title="bbox 2109 2055 3702 2132">
    <p class='ocr_par' dir='ltr' id='par_1_50' title="bbox 2109 2055 3702 2132">
     <span class='ocr_line' id='line_1_50' title="bbox 2109 2055 3702 2132; baseline -0.003 -19"><span class='ocrx_word' id='word_1_380' title='bbox 2109 2067 2376 2114; x_wconf 89' lang='lat' dir='ltr'>narrante</span> <span class='ocrx_word' id='word_1_381' title='bbox 2407 2061 2554 2131; x_wconf 90' lang='lat' dir='ltr'>quod</span> <span class='ocrx_word' id='word_1_382' title='bbox 2573 2059 2808 2132; x_wconf 87' lang='lat' dir='ltr'>apostoli</span> <span class='ocrx_word' id='word_1_383' title='bbox 2829 2064 3165 2131; x_wconf 88' lang='lat' dir='ltr'>acceperunt</span> <span class='ocrx_word' id='word_1_384' title='bbox 3195 2059 3342 2129; x_wconf 91' lang='lat' dir='ltr'>quod</span> <span class='ocrx_word' id='word_1_385' title='bbox 3361 2055 3702 2128; x_wconf 89' lang='lat' dir='ltr'>promissum</span> 
     </span>
    </p>
   </div>
   <div class='ocr_carea' id='block_1_51' title="bbox 2109 2146 3704 2221">
    <p class='ocr_par' dir='ltr' id='par_1_51' title="bbox 2109 2146 3704 2221">
     <span class='ocr_line' id='line_1_51' title="bbox 2109 2146 3704 2221; baseline -0.003 -18"><span class='ocrx_word' id='word_1_386' title='bbox 2109 2155 2212 2214; x_wconf 89' lang='lat' dir='ltr'>est,</span> <span class='ocrx_word' id='word_1_387' title='bbox 2243 2149 2300 2204; x_wconf 91' lang='lat' dir='ltr'>id</span> <span class='ocrx_word' id='word_1_388' title='bbox 2330 2149 2507 2204; x_wconf 90' lang='lat' dir='ltr'>multo</span> <span class='ocrx_word' id='word_1_389' title='bbox 2536 2155 2663 2221; x_wconf 91' lang='lat' dir='ltr'>post</span> <span class='ocrx_word' id='word_1_390' title='bbox 2685 2154 2938 2221; x_wconf 90' lang='lat' dir='ltr'>tempore</span> <span class='ocrx_word' id='word_1_391' title='bbox 2952 2149 3012 2204; x_wconf 91' lang='lat' dir='ltr'>in</span> <span class='ocrx_word' id='word_1_392' title='bbox 3039 2165 3098 2203; x_wconf 92' lang='lat' dir='ltr'>se</span> <span class='ocrx_word' id='word_1_393' title='bbox 3119 2147 3328 2203; x_wconf 88' lang='lat' dir='ltr'>diceret</span> <span class='ocrx_word' id='word_1_394' title='bbox 3355 2146 3525 2200; x_wconf 87' lang='lat' dir='ltr'>fuisse</span> <span class='ocrx_word' id='word_1_395' title='bbox 3553 2160 3704 2200; x_wconf 85' lang='lat' dir='ltr'>com-</span> 
     </span>
    </p>
   </div>
   <div class='ocr_carea' id='block_1_52' title="bbox 2106 2236 3700 2310">
    <p class='ocr_par' dir='ltr' id='par_1_52' title="bbox 2106 2236 3700 2310">
     <span class='ocr_line' id='line_1_52' title="bbox 2106 2236 3700 2310; baseline -0.004 -18"><span class='ocrx_word' id='word_1_396' title='bbox 2106 2237 2354 2308; x_wconf 89' lang='lat' dir='ltr'>pletum:</span> <span class='ocrx_word' id='word_1_397' title='bbox 2384 2239 2652 2310; x_wconf 86' lang='lat' dir='ltr'>apostolis</span> <span class='ocrx_word' id='word_1_398' title='bbox 2671 2239 2821 2292; x_wconf 90' lang='lat' dir='ltr'>enim</span> <span class='ocrx_word' id='word_1_399' title='bbox 2839 2238 3180 2310; x_wconf 90' lang='lat' dir='ltr'>promissum</span> <span class='ocrx_word' id='word_1_400' title='bbox 3202 2242 3288 2290; x_wconf 88' lang='lat' dir='ltr'>est</span> <span class='ocrx_word' id='word_1_401' title='bbox 3313 2255 3324 2290; x_wconf 93' lang='lat'><strong>:</strong></span> <span class='ocrx_word' id='word_1_402' title='bbox 3347 2236 3458 2305; x_wconf 84' lang='lat' dir='ltr'>Ego</span> <span class='ocrx_word' id='word_1_403' title='bbox 3477 2237 3700 2288; x_wconf 84' lang='lat' dir='ltr'>mittam</span> 
     </span>
    </p>
   </div>
   <div class='ocr_carea' id='block_1_53' title="bbox 2109 2325 3706 2396">
    <p class='ocr_par' dir='ltr' id='par_1_53' title="bbox 2109 2325 3706 2396">
     <span class='ocr_line' id='line_1_53' title="bbox 2109 2325 3706 2396; baseline -0.003 -16"><span class='ocrx_word' id='word_1_404' title='bbox 2109 2331 2454 2396; x_wconf 82' lang='lat' dir='ltr'>sponsionem</span> <span class='ocrx_word' id='word_1_405' title='bbox 2481 2329 2666 2382; x_wconf 88' lang='lat' dir='ltr'>Patris</span> <span class='ocrx_word' id='word_1_406' title='bbox 2689 2330 2798 2382; x_wconf 86' lang='lat' dir='ltr'>mei</span> <span class='ocrx_word' id='word_1_407' title='bbox 2815 2330 2878 2381; x_wconf 90' lang='lat' dir='ltr'>in</span> <span class='ocrx_word' id='word_1_408' title='bbox 2904 2344 3012 2392; x_wconf 80' lang='lat' dir='ltr'>vos,</span> <span class='ocrx_word' id='word_1_409' title='bbox 3034 2332 3083 2380; x_wconf 88' lang='lat' dir='ltr'>et</span> <span class='ocrx_word' id='word_1_410' title='bbox 3104 2343 3193 2380; x_wconf 78' lang='lat' dir='ltr'>vos</span> <span class='ocrx_word' id='word_1_411' title='bbox 3210 2325 3460 2380; x_wconf 82' lang='lat' dir='ltr'>scdebitis</span> <span class='ocrx_word' id='word_1_412' title='bbox 3487 2327 3550 2377; x_wconf 89' lang='lat' dir='ltr'>in</span> <span class='ocrx_word' id='word_1_413' title='bbox 3571 2325 3706 2378; x_wconf 76' lang='lat' dir='ltr'>ciui-</span> 
     </span>
    </p>
   </div>
   <div class='ocr_carea' id='block_1_54' title="bbox 2111 2413 3700 2486">
    <p class='ocr_par' dir='ltr' id='par_1_54' title="bbox 2111 2413 3700 2486">
     <span class='ocr_line' id='line_1_54' title="bbox 2111 2413 3700 2486; baseline -0.004 -17"><span class='ocrx_word' id='word_1_414' title='bbox 2111 2420 2236 2482; x_wconf 86' lang='lat' dir='ltr'>tate,</span> <span class='ocrx_word' id='word_1_415' title='bbox 2267 2417 2450 2486; x_wconf 83' lang='lat' dir='ltr'>quoad</span> <span class='ocrx_word' id='word_1_416' title='bbox 2478 2433 2647 2486; x_wconf 87' lang='lat' dir='ltr'>usque</span> <span class='ocrx_word' id='word_1_417' title='bbox 2676 2418 3006 2470; x_wconf 86' lang='lat' dir='ltr'>induamini</span> <span class='ocrx_word' id='word_1_418' title='bbox 3028 2419 3294 2469; x_wconf 82' lang='lat' dir='ltr'>virtutem</span> <span class='ocrx_word' id='word_1_419' title='bbox 3321 2431 3386 2468; x_wconf 77' lang='lat' dir='ltr'>ea:</span> <span class='ocrx_word' id='word_1_420' title='bbox 3403 2416 3516 2468; x_wconf 87' lang='lat' dir='ltr'>alto</span> <span class='ocrx_word' id='word_1_421' title='bbox 3549 2413 3700 2480; x_wconf 89' lang='lat' dir='ltr'>(Luc.</span> 
     </span>
    </p>
   </div>
   <div class='ocr_carea' id='block_1_55' title="bbox 2109 2499 3702 2576">
    <p class='ocr_par' dir='ltr' id='par_1_55' title="bbox 2109 2499 3702 2576">
     <span class='ocr_line' id='line_1_55' title="bbox 2109 2499 3702 2576; baseline -0.004 -18"><span class='ocrx_word' id='word_1_422' title='bbox 2109 2508 2284 2573; x_wconf 72' lang='lat' dir='ltr'>xxxv),</span> <span class='ocrx_word' id='word_1_423' title='bbox 2327 2509 2384 2558; x_wconf 91' lang='lat' dir='ltr'>et</span> <span class='ocrx_word' id='word_1_424' title='bbox 2405 2521 2705 2576; x_wconf 89' lang='lat' dir='ltr'>resurgens</span> <span class='ocrx_word' id='word_1_425' title='bbox 2725 2505 2784 2559; x_wconf 92' lang='lat' dir='ltr'>in</span> <span class='ocrx_word' id='word_1_426' title='bbox 2797 2505 3080 2576; x_wconf 88' lang='lat' dir='ltr'>apostolos</span> <span class='ocrx_word' id='word_1_427' title='bbox 3097 2503 3418 2568; x_wconf 81' lang='lat' dir='ltr'>insuﬁlavit,</span> <span class='ocrx_word' id='word_1_428' title='bbox 3435 2508 3492 2555; x_wconf 93' lang='lat' dir='ltr'>et</span> <span class='ocrx_word' id='word_1_429' title='bbox 3510 2517 3624 2554; x_wconf 91' lang='lat' dir='ltr'>non</span> <span class='ocrx_word' id='word_1_430' title='bbox 3643 2499 3702 2553; x_wconf 90' lang='lat' dir='ltr'>in</span> 
     </span>
    </p>
   </div>
   <div class='ocr_carea' id='block_1_56' title="bbox 2111 2590 3706 2661">
    <p class='ocr_par' dir='ltr' id='par_1_56' title="bbox 2111 2590 3706 2661">
     <span class='ocr_line' id='line_1_56' title="bbox 2111 2590 3706 2661; baseline -0.003 -15"><span class='ocrx_word' id='word_1_431' title='bbox 2111 2593 2382 2659; x_wconf 90' lang='lat' dir='ltr'>Montani,</span> <span class='ocrx_word' id='word_1_432' title='bbox 2416 2593 2678 2649; x_wconf 69' lang='lat' dir='ltr'>Priscilla:</span> <span class='ocrx_word' id='word_1_433' title='bbox 2709 2600 2768 2650; x_wconf 89' lang='lat' dir='ltr'>et</span> <span class='ocrx_word' id='word_1_434' title='bbox 2796 2593 3132 2661; x_wconf 67' lang='lat' dir='ltr'>Maximillae,</span> <span class='ocrx_word' id='word_1_435' title='bbox 3167 2597 3224 2648; x_wconf 90' lang='lat' dir='ltr'>et</span> <span class='ocrx_word' id='word_1_436' title='bbox 3265 2592 3374 2646; x_wconf 92' lang='lat' dir='ltr'>illis</span> <span class='ocrx_word' id='word_1_437' title='bbox 3413 2591 3532 2645; x_wconf 89' lang='lat' dir='ltr'>ait:</span> <span class='ocrx_word' id='word_1_438' title='bbox 3567 2590 3706 2658; x_wconf 78' lang='lat' dir='ltr'>Quo-</span> 
     </span>
    </p>
   </div>
   <div class='ocr_carea' id='block_1_57' title="bbox 2109 2682 3706 2752">
    <p class='ocr_par' dir='ltr' id='par_1_57' title="bbox 2109 2682 3706 2752">
     <span class='ocr_line' id='line_1_57' title="bbox 2109 2682 3706 2752; baseline -0.003 -18"><span class='ocrx_word' id='word_1_439' title='bbox 2109 2697 2242 2735; x_wconf 90' lang='lat' dir='ltr'>rum</span> <span class='ocrx_word' id='word_1_440' title='bbox 2253 2687 2510 2737; x_wconf 85' lang='lat' dir='ltr'>remiseri</span> <span class='ocrx_word' id='word_1_441' title='bbox 2513 2687 2583 2737; x_wconf 83' lang='lat' dir='ltr'>lis</span> <span class='ocrx_word' id='word_1_442' title='bbox 2588 2689 2826 2752; x_wconf 86' lang='lat' dir='ltr'>peccata,</span> <span class='ocrx_word' id='word_1_443' title='bbox 2845 2685 2988 2737; x_wconf 90' lang='lat' dir='ltr'>dimi</span> <span class='ocrx_word' id='word_1_444' title='bbox 2991 2688 3166 2736; x_wconf 87' lang='lat' dir='ltr'>ttentu</span> <span class='ocrx_word' id='word_1_445' title='bbox 3173 2698 3221 2748; x_wconf 93' lang='lat' dir='ltr'>r,</span> <span class='ocrx_word' id='word_1_446' title='bbox 3229 2697 3467 2750; x_wconf 89' lang='lat' dir='ltr'>quorum</span> <span class='ocrx_word' id='word_1_447' title='bbox 3489 2682 3598 2733; x_wconf 87' lang='lat' dir='ltr'>reti</span> <span class='ocrx_word' id='word_1_448' title='bbox 3601 2695 3706 2732; x_wconf 90' lang='lat' dir='ltr'>nu-</span> 
     </span>
    </p>
   </div>
   <div class='ocr_carea' id='block_1_58' title="bbox 2110 2767 3706 2844">
    <p class='ocr_par' dir='ltr' id='par_1_58' title="bbox 2110 2767 3706 2844">
     <span class='ocr_line' id='line_1_58' title="bbox 2110 2767 3706 2844; baseline -0.003 -19"><span class='ocrx_word' id='word_1_449' title='bbox 2110 2774 2286 2838; x_wconf 85' lang='lat' dir='ltr'>eritis,</span> <span class='ocrx_word' id='word_1_450' title='bbox 2321 2775 2531 2826; x_wconf 86' lang='lat' dir='ltr'>retenta</span> <span class='ocrx_word' id='word_1_451' title='bbox 2559 2778 2744 2838; x_wconf 84' lang='lat' dir='ltr'>erant,</span> <span class='ocrx_word' id='word_1_452' title='bbox 2770 2772 3056 2844; x_wconf 88' lang='lat' dir='ltr'>apostolis,</span> <span class='ocrx_word' id='word_1_453' title='bbox 3080 2771 3332 2842; x_wconf 89' lang='lat' dir='ltr'>inquam,</span> <span class='ocrx_word' id='word_1_454' title='bbox 3350 2767 3612 2840; x_wconf 58' lang='lat' dir='ltr'>pracepit</span> <span class='ocrx_word' id='word_1_455' title='bbox 3632 2783 3706 2821; x_wconf 91' lang='lat' dir='ltr'>ne</span> 
     </span>
    </p>
   </div>
   <div class='ocr_carea' id='block_1_59' title="bbox 2109 2855 3710 2932">
    <p class='ocr_par' dir='ltr' id='par_1_59' title="bbox 2109 2855 3710 2932">
     <span class='ocr_line' id='line_1_59' title="bbox 2109 2855 3710 2932; baseline -0.002 -20"><span class='ocrx_word' id='word_1_456' title='bbox 2109 2859 2437 2914; x_wconf 89' lang='lat' dir='ltr'>recederent</span> <span class='ocrx_word' id='word_1_457' title='bbox 2454 2860 2524 2914; x_wconf 92' lang='lat' dir='ltr'>de</span> <span class='ocrx_word' id='word_1_458' title='bbox 2556 2860 2936 2932; x_wconf 88' lang='lat' dir='ltr'>Jerosolymis,</span> <span class='ocrx_word' id='word_1_459' title='bbox 2951 2861 3048 2916; x_wconf 89' lang='lat' dir='ltr'>sed</span> <span class='ocrx_word' id='word_1_460' title='bbox 3067 2863 3454 2931; x_wconf 82' lang='lat' dir='ltr'>exspectarent</span> <span class='ocrx_word' id='word_1_461' title='bbox 3470 2855 3710 2928; x_wconf 88' lang='lat' dir='ltr'>promis-</span> 
     </span>
    </p>
   </div>
   <div class='ocr_carea' id='block_1_60' title="bbox 2109 2944 3710 3020">
    <p class='ocr_par' dir='ltr' id='par_1_60' title="bbox 2109 2944 3710 3020">
     <span class='ocr_line' id='line_1_60' title="bbox 2109 2944 3710 3020; baseline -0.003 -19"><span class='ocrx_word' id='word_1_462' title='bbox 2109 2947 2326 3002; x_wconf 90' lang='lat' dir='ltr'>sionem</span> <span class='ocrx_word' id='word_1_463' title='bbox 2338 2947 2540 3014; x_wconf 89' lang='lat' dir='ltr'>Patris,</span> <span class='ocrx_word' id='word_1_464' title='bbox 2563 2954 2621 3002; x_wconf 92' lang='lat' dir='ltr'>et</span> <span class='ocrx_word' id='word_1_465' title='bbox 2647 2955 2843 3020; x_wconf 90' lang='lat' dir='ltr'>postea</span> <span class='ocrx_word' id='word_1_466' title='bbox 2872 2949 3019 3020; x_wconf 90' lang='lat' dir='ltr'>quod</span> <span class='ocrx_word' id='word_1_467' title='bbox 3043 2947 3381 3020; x_wconf 89' lang='lat' dir='ltr'>promissum</span> <span class='ocrx_word' id='word_1_468' title='bbox 3413 2951 3498 3000; x_wconf 91' lang='lat' dir='ltr'>est</span> <span class='ocrx_word' id='word_1_469' title='bbox 3523 2944 3710 3016; x_wconf 80' lang='lat' dir='ltr'>exple-</span> 
     </span>
    </p>
   </div>
   <div class='ocr_carea' id='block_1_61' title="bbox 436 3019 3710 3108">
    <p class='ocr_par' dir='ltr' id='par_1_61' title="bbox 436 3019 3710 3108">
     <span class='ocr_line' id='line_1_61' title="bbox 436 3019 3710 3108; baseline -0.001 -18"><span class='ocrx_word' id='word_1_470' title='bbox 436 3050 504 3090; x_wconf 90' lang='lat' dir='ltr'>eo</span> <span class='ocrx_word' id='word_1_471' title='bbox 531 3040 789 3106; x_wconf 90' lang='lat' dir='ltr'>tempore</span> <span class='ocrx_word' id='word_1_472' title='bbox 815 3051 926 3106; x_wconf 92' lang='lat' dir='ltr'>quo</span> <span class='ocrx_word' id='word_1_473' title='bbox 957 3036 1193 3106; x_wconf 90' lang='lat' dir='ltr'>apostoli</span> <span class='ocrx_word' id='word_1_474' title='bbox 1221 3036 1462 3092; x_wconf 91' lang='lat' dir='ltr'>Domino</span> <span class='ocrx_word' id='word_1_475' title='bbox 1498 3037 1856 3092; x_wconf 88' lang='lat' dir='ltr'>crediderunt</span> <span class='ocrx_word' id='word_1_476' title='bbox 1881 3055 2030 3093; x_wconf 89' lang='lat' dir='ltr'>sem-</span> <span class='ocrx_word' id='word_1_477' title='bbox 2046 3019 2090 3082; x_wconf 79' lang='lat' dir='ltr'>C</span> <span class='ocrx_word' id='word_1_478' title='bbox 2111 3042 2234 3090; x_wconf 90' lang='lat' dir='ltr'>tum</span> <span class='ocrx_word' id='word_1_479' title='bbox 2259 3037 2501 3108; x_wconf 86' lang='lat' dir='ltr'>legimus</span> <span class='ocrx_word' id='word_1_480' title='bbox 2535 3056 2550 3094; x_wconf 89' lang='lat'><strong>:</strong></span> <span class='ocrx_word' id='word_1_481' title='bbox 2591 3019 2796 3106; x_wconf 82' lang='lat' dir='ltr'>Repleti</span> <span class='ocrx_word' id='word_1_482' title='bbox 2819 3019 2952 3092; x_wconf 79' lang='lat' dir='ltr'>sunt</span> <span class='ocrx_word' id='word_1_483' title='bbox 2977 3019 3164 3092; x_wconf 85' lang='lat' dir='ltr'>omnes</span> <span class='ocrx_word' id='word_1_484' title='bbox 3195 3035 3414 3106; x_wconf 86' lang='lat' dir='ltr'>Spiritu</span> <span class='ocrx_word' id='word_1_485' title='bbox 3438 3039 3626 3088; x_wconf 90' lang='lat' dir='ltr'>sancto</span> <span class='ocrx_word' id='word_1_486' title='bbox 3655 3038 3710 3087; x_wconf 87' lang='lat' dir='ltr'>et</span> 
     </span>
    </p>
   </div>
   <div class='ocr_carea' id='block_1_62' title="bbox 434 3122 2032 3198">
    <p class='ocr_par' dir='ltr' id='par_1_62' title="bbox 434 3122 2032 3198">
     <span class='ocr_line' id='line_1_62' title="bbox 434 3122 2032 3198; baseline 0.003 -21"><span class='ocrx_word' id='word_1_487' title='bbox 434 3139 539 3196; x_wconf 89' lang='lat' dir='ltr'>per</span> <span class='ocrx_word' id='word_1_488' title='bbox 563 3139 660 3178; x_wconf 89' lang='lat' dir='ltr'>eos</span> <span class='ocrx_word' id='word_1_489' title='bbox 685 3122 948 3178; x_wconf 88' lang='lat' dir='ltr'>habuisse</span> <span class='ocrx_word' id='word_1_490' title='bbox 977 3123 1250 3195; x_wconf 90' lang='lat' dir='ltr'>Spiritum</span> <span class='ocrx_word' id='word_1_491' title='bbox 1275 3130 1551 3191; x_wconf 89' lang='lat' dir='ltr'>sanctum,</span> <span class='ocrx_word' id='word_1_492' title='bbox 1569 3141 1671 3180; x_wconf 90' lang='lat' dir='ltr'>nec</span> <span class='ocrx_word' id='word_1_493' title='bbox 1687 3127 1933 3198; x_wconf 88' lang='lat' dir='ltr'>potuisse</span> <span class='ocrx_word' id='word_1_494' title='bbox 1961 3127 2032 3181; x_wconf 84' lang='lat' dir='ltr'>si-</span> 
     </span>
    </p>
   </div>
   <div class='ocr_carea' id='block_1_63' title="bbox 432 3211 2034 3286">
    <p class='ocr_par' dir='ltr' id='par_1_63' title="bbox 432 3211 2034 3286">
     <span class='ocr_line' id='line_1_63' title="bbox 432 3211 2034 3286; baseline 0.003 -20"><span class='ocrx_word' id='word_1_495' title='bbox 432 3228 550 3282; x_wconf 87' lang='lat' dir='ltr'>gna</span> <span class='ocrx_word' id='word_1_496' title='bbox 557 3211 738 3268; x_wconf 84' lang='lat' dir='ltr'>facere</span> <span class='ocrx_word' id='word_1_497' title='bbox 752 3211 961 3284; x_wconf 89' lang='lat' dir='ltr'>absque</span> <span class='ocrx_word' id='word_1_498' title='bbox 971 3212 1214 3283; x_wconf 90' lang='lat' dir='ltr'>Spiritus</span> <span class='ocrx_word' id='word_1_499' title='bbox 1223 3215 1401 3268; x_wconf 89' lang='lat' dir='ltr'>sancti</span> <span class='ocrx_word' id='word_1_500' title='bbox 1409 3215 1612 3284; x_wconf 88' lang='lat' dir='ltr'>gratia,</span> <span class='ocrx_word' id='word_1_501' title='bbox 1620 3215 1716 3270; x_wconf 92' lang='lat' dir='ltr'>sed</span> <span class='ocrx_word' id='word_1_502' title='bbox 1727 3233 1828 3286; x_wconf 91' lang='lat' dir='ltr'>pro</span> <span class='ocrx_word' id='word_1_503' title='bbox 1838 3216 2034 3271; x_wconf 89' lang='lat' dir='ltr'>modu-</span> 
     </span>
    </p>
   </div>
   <div class='ocr_carea' id='block_1_64' title="bbox 435 3300 2032 3376">
    <p class='ocr_par' dir='ltr' id='par_1_64' title="bbox 435 3300 2032 3376">
     <span class='ocr_line' id='line_1_64' title="bbox 435 3300 2032 3376; baseline 0.003 -22"><span class='ocrx_word' id='word_1_504' title='bbox 435 3300 492 3356; x_wconf 88' lang='lat' dir='ltr'>lo</span> <span class='ocrx_word' id='word_1_505' title='bbox 502 3305 672 3373; x_wconf 86' lang='lat' dir='ltr'>atque</span> <span class='ocrx_word' id='word_1_506' title='bbox 696 3317 980 3356; x_wconf 89' lang='lat' dir='ltr'>mensura.</span> <span class='ocrx_word' id='word_1_507' title='bbox 1000 3301 1159 3356; x_wconf 89' lang='lat' dir='ltr'>Unde</span> <span class='ocrx_word' id='word_1_508' title='bbox 1184 3303 1438 3358; x_wconf 75' lang='lat' dir='ltr'>Salvator</span> <span class='ocrx_word' id='word_1_509' title='bbox 1447 3303 1725 3359; x_wconf 86' lang='lat' dir='ltr'>clamabat</span> <span class='ocrx_word' id='word_1_510' title='bbox 1739 3304 1797 3358; x_wconf 91' lang='lat' dir='ltr'>in</span> <span class='ocrx_word' id='word_1_511' title='bbox 1821 3305 2032 3376; x_wconf 84' lang='lat' dir='ltr'>templo</span> 
     </span>
    </p>
   </div>
   <div class='ocr_carea' id='block_1_65' title="bbox 435 3388 2031 3463">
    <p class='ocr_par' dir='ltr' id='par_1_65' title="bbox 435 3388 2031 3463">
     <span class='ocr_line' id='line_1_65' title="bbox 435 3388 2031 3463; baseline 0.004 -20"><span class='ocrx_word' id='word_1_512' title='bbox 435 3388 628 3445; x_wconf 90' lang='lat' dir='ltr'>dicens</span> <span class='ocrx_word' id='word_1_513' title='bbox 652 3407 664 3443; x_wconf 93' lang='lat'><strong>:</strong></span> <span class='ocrx_word' id='word_1_514' title='bbox 690 3391 800 3458; x_wconf 79' lang='lat' dir='ltr'>Qui</span> <span class='ocrx_word' id='word_1_515' title='bbox 823 3393 944 3445; x_wconf 89' lang='lat' dir='ltr'>sitit</span> <span class='ocrx_word' id='word_1_516' title='bbox 958 3393 1143 3445; x_wconf 82' lang='lat' dir='ltr'>veniat</span> <span class='ocrx_word' id='word_1_517' title='bbox 1168 3393 1340 3446; x_wconf 86' lang='lat' dir='ltr'>adme</span> <span class='ocrx_word' id='word_1_518' title='bbox 1365 3398 1416 3446; x_wconf 90' lang='lat' dir='ltr'>et</span> <span class='ocrx_word' id='word_1_519' title='bbox 1445 3393 1612 3460; x_wconf 88' lang='lat' dir='ltr'>bibat,</span> <span class='ocrx_word' id='word_1_520' title='bbox 1641 3397 1742 3463; x_wconf 87' lang='lat' dir='ltr'>qui</span> <span class='ocrx_word' id='word_1_521' title='bbox 1767 3395 1940 3448; x_wconf 86' lang='lat' dir='ltr'>credit</span> <span class='ocrx_word' id='word_1_522' title='bbox 1967 3397 2031 3450; x_wconf 87' lang='lat' dir='ltr'>in</span> 
     </span>
    </p>
   </div>
   <div class='ocr_carea' id='block_1_66' title="bbox 438 3479 2032 3552">
    <p class='ocr_par' dir='ltr' id='par_1_66' title="bbox 438 3479 2032 3552">
     <span class='ocr_line' id='line_1_66' title="bbox 438 3479 2032 3552; baseline 0.003 -20"><span class='ocrx_word' id='word_1_523' title='bbox 438 3495 543 3545; x_wconf 88' lang='lat' dir='ltr'>me,</span> <span class='ocrx_word' id='word_1_524' title='bbox 575 3481 720 3534; x_wconf 85' lang='lat' dir='ltr'>sicut</span> <span class='ocrx_word' id='word_1_525' title='bbox 755 3480 891 3534; x_wconf 88' lang='lat' dir='ltr'>dicit</span> <span class='ocrx_word' id='word_1_526' title='bbox 933 3479 1248 3548; x_wconf 87' lang='lat' dir='ltr'>Scriptura,</span> <span class='ocrx_word' id='word_1_527' title='bbox 1297 3483 1540 3550; x_wconf 80' lang='lat' dir='ltr'>ﬂumina</span> <span class='ocrx_word' id='word_1_528' title='bbox 1581 3483 1644 3536; x_wconf 86' lang='lat' dir='ltr'>de</span> <span class='ocrx_word' id='word_1_529' title='bbox 1691 3489 1877 3536; x_wconf 76' lang='lat' dir='ltr'>ventre</span> <span class='ocrx_word' id='word_1_530' title='bbox 1915 3487 2032 3552; x_wconf 86' lang='lat' dir='ltr'>ejus</span> 
     </span>
    </p>
   </div>
   <div class='ocr_carea' id='block_1_67' title="bbox 437 3558 2032 3640">
    <p class='ocr_par' dir='ltr' id='par_1_67' title="bbox 437 3558 2032 3640">
     <span class='ocr_line' id='line_1_67' title="bbox 437 3558 2032 3640; baseline 0.003 -18"><span class='ocrx_word' id='word_1_531' title='bbox 437 3570 612 3637; x_wconf 83' lang='lat' dir='ltr'>fluent</span> <span class='ocrx_word' id='word_1_532' title='bbox 632 3583 787 3638; x_wconf 66' lang='lat' dir='ltr'>aqua</span> <span class='ocrx_word' id='word_1_533' title='bbox 803 3569 1074 3622; x_wconf 65' lang='lat' dir='ltr'>vivaJIoc</span> <span class='ocrx_word' id='word_1_534' title='bbox 1093 3558 1278 3622; x_wconf 85' lang='lat' dir='ltr'>autem</span> <span class='ocrx_word' id='word_1_535' title='bbox 1296 3569 1440 3623; x_wconf 66' lang='lat' dir='ltr'>dixit</span> <span class='ocrx_word' id='word_1_536' title='bbox 1454 3571 1516 3623; x_wconf 85' lang='lat' dir='ltr'>de</span> <span class='ocrx_word' id='word_1_537' title='bbox 1529 3570 1748 3639; x_wconf 89' lang='lat' dir='ltr'>Spiritu</span> <span class='ocrx_word' id='word_1_538' title='bbox 1767 3587 1927 3640; x_wconf 86' lang='lat' dir='ltr'>quem</span> <span class='ocrx_word' id='word_1_539' title='bbox 1943 3587 2032 3626; x_wconf 88' lang='lat' dir='ltr'>ac-</span> 
     </span>
    </p>
   </div>
   <div class='ocr_carea' id='block_1_68' title="bbox 438 3656 2034 3730">
    <p class='ocr_par' dir='ltr' id='par_1_68' title="bbox 438 3656 2034 3730">
     <span class='ocr_line' id='line_1_68' title="bbox 438 3656 2034 3730; baseline 0.003 -21"><span class='ocrx_word' id='word_1_540' title='bbox 438 3658 654 3724; x_wconf 84' lang='lat' dir='ltr'>cepturi</span> <span class='ocrx_word' id='word_1_541' title='bbox 677 3661 840 3711; x_wconf 89' lang='lat' dir='ltr'>erant</span> <span class='ocrx_word' id='word_1_542' title='bbox 864 3658 1135 3711; x_wconf 83' lang='lat' dir='ltr'>credentes</span> <span class='ocrx_word' id='word_1_543' title='bbox 1159 3660 1221 3711; x_wconf 88' lang='lat' dir='ltr'>in</span> <span class='ocrx_word' id='word_1_544' title='bbox 1253 3673 1379 3712; x_wconf 84' lang='lat' dir='ltr'>eum</span> <span class='ocrx_word' id='word_1_545' title='bbox 1413 3656 1590 3730; x_wconf 88' lang='lat' dir='ltr'>(Joan.</span> <span class='ocrx_word' id='word_1_546' title='bbox 1615 3661 1738 3728; x_wconf 86' lang='lat' dir='ltr'>vn);</span> <span class='ocrx_word' id='word_1_547' title='bbox 1772 3665 1830 3713; x_wconf 91' lang='lat' dir='ltr'>et</span> <span class='ocrx_word' id='word_1_548' title='bbox 1855 3659 1914 3714; x_wconf 91' lang='lat' dir='ltr'>in</span> <span class='ocrx_word' id='word_1_549' title='bbox 1943 3676 2034 3714; x_wconf 89' lang='lat' dir='ltr'>eo-</span> 
     </span>
    </p>
   </div>
   <div class='ocr_carea' id='block_1_69' title="bbox 436 3743 2032 3818">
    <p class='ocr_par' dir='ltr' id='par_1_69' title="bbox 436 3743 2032 3818">
     <span class='ocr_line' id='line_1_69' title="bbox 436 3743 2032 3818; baseline 0.003 -20"><span class='ocrx_word' id='word_1_550' title='bbox 436 3743 567 3798; x_wconf 92' lang='lat' dir='ltr'>dem</span> <span class='ocrx_word' id='word_1_551' title='bbox 594 3744 714 3800; x_wconf 83' lang='lat' dir='ltr'>loco</span> <span class='ocrx_word' id='word_1_552' title='bbox 739 3743 944 3800; x_wconf 86' lang='lat' dir='ltr'>infert:</span> <span class='ocrx_word' id='word_1_553' title='bbox 977 3745 1237 3800; x_wconf 80' lang='lat' dir='ltr'>Nondum</span> <span class='ocrx_word' id='word_1_554' title='bbox 1263 3751 1382 3800; x_wconf 87' lang='lat' dir='ltr'>erat</span> <span class='ocrx_word' id='word_1_555' title='bbox 1411 3747 1657 3816; x_wconf 81' lang='lat' dir='ltr'>Spiritus</span> <span class='ocrx_word' id='word_1_556' title='bbox 1683 3750 1864 3816; x_wconf 85' lang='lat' dir='ltr'>datus,</span> <span class='ocrx_word' id='word_1_557' title='bbox 1897 3751 2032 3818; x_wconf 84' lang='lat' dir='ltr'>quia</span> 
     </span>
    </p>
   </div>
   <div class='ocr_carea' id='block_1_70' title="bbox 437 3835 2033 3907">
    <p class='ocr_par' dir='ltr' id='par_1_70' title="bbox 437 3835 2033 3907">
     <span class='ocr_line' id='line_1_70' title="bbox 437 3835 2033 3907; baseline 0.002 -20"><span class='ocrx_word' id='word_1_558' title='bbox 437 3835 592 3888; x_wconf 86' lang='lat' dir='ltr'>Jesus</span> <span class='ocrx_word' id='word_1_559' title='bbox 606 3835 854 3888; x_wconf 87' lang='lat' dir='ltr'>nondum</span> <span class='ocrx_word' id='word_1_560' title='bbox 881 3836 1071 3902; x_wconf 83' lang='lat' dir='ltr'>fuerat</span> <span class='ocrx_word' id='word_1_561' title='bbox 1093 3836 1436 3902; x_wconf 81' lang='lat' dir='ltr'>gloriﬁcatus</span> <span class='ocrx_word' id='word_1_562' title='bbox 1447 3854 1466 3900; x_wconf 90' lang='lat'><strong><em>;</em></strong></span> <span class='ocrx_word' id='word_1_563' title='bbox 1488 3852 1601 3890; x_wconf 89' lang='lat' dir='ltr'>non</span> <span class='ocrx_word' id='word_1_564' title='bbox 1625 3853 1734 3907; x_wconf 89' lang='lat' dir='ltr'>quo</span> <span class='ocrx_word' id='word_1_565' title='bbox 1752 3853 1866 3891; x_wconf 91' lang='lat' dir='ltr'>non</span> <span class='ocrx_word' id='word_1_566' title='bbox 1884 3843 2033 3892; x_wconf 90' lang='lat' dir='ltr'>esset</span> 
     </span>
    </p>
   </div>
   <div class='ocr_carea' id='block_1_71' title="bbox 439 3921 2026 3992">
    <p class='ocr_par' dir='ltr' id='par_1_71' title="bbox 439 3921 2026 3992">
     <span class='ocr_line' id='line_1_71' title="bbox 439 3921 2026 3992; baseline 0.001 -16"><span class='ocrx_word' id='word_1_567' title='bbox 439 3921 684 3992; x_wconf 88' lang='lat' dir='ltr'>Spiritus</span> <span class='ocrx_word' id='word_1_568' title='bbox 708 3927 954 3988; x_wconf 89' lang='lat' dir='ltr'>sanctus,</span> <span class='ocrx_word' id='word_1_569' title='bbox 986 3921 1205 3977; x_wconf 91' lang='lat' dir='ltr'>dicente</span> <span class='ocrx_word' id='word_1_570' title='bbox 1231 3923 1470 3978; x_wconf 90' lang='lat' dir='ltr'>Domino</span> <span class='ocrx_word' id='word_1_571' title='bbox 1501 3925 1786 3980; x_wconf 87' lang='lat' dir='ltr'>Salvatore</span> <span class='ocrx_word' id='word_1_572' title='bbox 1813 3926 2026 3992; x_wconf 83' lang='lat' dir='ltr'>(Matth.</span> 
     </span>
    </p>
   </div>
   <div class='ocr_carea' id='block_1_72' title="bbox 437 4008 2026 4082">
    <p class='ocr_par' dir='ltr' id='par_1_72' title="bbox 437 4008 2026 4082">
     <span class='ocr_line' id='line_1_72' title="bbox 437 4008 2026 4082; baseline 0.003 -18"><span class='ocrx_word' id='word_1_573' title='bbox 437 4013 536 4079; x_wconf 82' lang='lat' dir='ltr'>xu)</span> <span class='ocrx_word' id='word_1_574' title='bbox 571 4027 584 4064; x_wconf 91' lang='lat'><strong>:</strong></span> <span class='ocrx_word' id='word_1_575' title='bbox 615 4008 682 4064; x_wconf 86' lang='lat' dir='ltr'>Si</span> <span class='ocrx_word' id='word_1_576' title='bbox 707 4015 893 4064; x_wconf 87' lang='lat' dir='ltr'>autem</span> <span class='ocrx_word' id='word_1_577' title='bbox 922 4027 1014 4079; x_wconf 86' lang='lat' dir='ltr'>ego</span> <span class='ocrx_word' id='word_1_578' title='bbox 1042 4014 1107 4064; x_wconf 86' lang='lat' dir='ltr'>in</span> <span class='ocrx_word' id='word_1_579' title='bbox 1129 4009 1350 4080; x_wconf 83' lang='lat' dir='ltr'>Spiritu</span> <span class='ocrx_word' id='word_1_580' title='bbox 1363 4019 1550 4068; x_wconf 88' lang='lat' dir='ltr'>saneto</span> <span class='ocrx_word' id='word_1_581' title='bbox 1561 4017 1716 4082; x_wconf 89' lang='lat' dir='ltr'>ejicio</span> <span class='ocrx_word' id='word_1_582' title='bbox 1737 4016 2026 4081; x_wconf 68' lang='lat' dir='ltr'>daemonia,</span> 
     </span>
    </p>
   </div>
   <div class='ocr_carea' id='block_1_73' title="bbox 437 4097 2032 4174">
    <p class='ocr_par' dir='ltr' id='par_1_73' title="bbox 437 4097 2032 4174">
     <span class='ocr_line' id='line_1_73' title="bbox 437 4097 2032 4174; baseline 0.004 -23"><span class='ocrx_word' id='word_1_583' title='bbox 437 4097 535 4152; x_wconf 87' lang='lat' dir='ltr'>sed</span> <span class='ocrx_word' id='word_1_584' title='bbox 565 4097 663 4170; x_wconf 90' lang='lat' dir='ltr'>qui</span> <span class='ocrx_word' id='word_1_585' title='bbox 691 4103 814 4152; x_wconf 90' lang='lat' dir='ltr'>erat</span> <span class='ocrx_word' id='word_1_586' title='bbox 837 4097 897 4152; x_wconf 92' lang='lat' dir='ltr'>in</span> <span class='ocrx_word' id='word_1_587' title='bbox 923 4099 1183 4166; x_wconf 91' lang='lat' dir='ltr'>Domino,</span> <span class='ocrx_word' id='word_1_588' title='bbox 1217 4100 1456 4155; x_wconf 89' lang='lat' dir='ltr'>necdum</span> <span class='ocrx_word' id='word_1_589' title='bbox 1484 4107 1640 4156; x_wconf 91' lang='lat' dir='ltr'>totus</span> <span class='ocrx_word' id='word_1_590' title='bbox 1673 4102 1734 4156; x_wconf 91' lang='lat' dir='ltr'>in</span> <span class='ocrx_word' id='word_1_591' title='bbox 1767 4103 2032 4174; x_wconf 88' lang='lat' dir='ltr'>apostolis</span> 
     </span>
    </p>
   </div>
   <div class='ocr_carea' id='block_1_74' title="bbox 436 4185 2028 4263">
    <p class='ocr_par' dir='ltr' id='par_1_74' title="bbox 436 4185 2028 4263">
     <span class='ocr_line' id='line_1_74' title="bbox 436 4185 2028 4263; baseline 0.004 -23"><span class='ocrx_word' id='word_1_592' title='bbox 436 4185 784 4255; x_wconf 91' lang='lat' dir='ltr'>morabatur,</span> <span class='ocrx_word' id='word_1_593' title='bbox 825 4186 1189 4258; x_wconf 89' lang='lat' dir='ltr'>quamobrem</span> <span class='ocrx_word' id='word_1_594' title='bbox 1227 4189 1582 4252; x_wconf 85' lang='lat' dir='ltr'>deterrentur</span> <span class='ocrx_word' id='word_1_595' title='bbox 1612 4191 1683 4245; x_wconf 86' lang='lat' dir='ltr'>ad</span> <span class='ocrx_word' id='word_1_596' title='bbox 1711 4192 2028 4263; x_wconf 89' lang='lat' dir='ltr'>passionem</span> 
     </span>
    </p>
   </div>
   <div class='ocr_carea' id='block_1_75' title="bbox 438 4275 2030 4353">
    <p class='ocr_par' dir='ltr' id='par_1_75' title="bbox 438 4275 2030 4353">
     <span class='ocr_line' id='line_1_75' title="bbox 438 4275 2030 4353; baseline 0.004 -24"><span class='ocrx_word' id='word_1_597' title='bbox 438 4275 580 4346; x_wconf 88' lang='lat' dir='ltr'>ejus,</span> <span class='ocrx_word' id='word_1_598' title='bbox 602 4281 661 4330; x_wconf 90' lang='lat' dir='ltr'>et</span> <span class='ocrx_word' id='word_1_599' title='bbox 686 4281 914 4347; x_wconf 81' lang='lat' dir='ltr'>negant,</span> <span class='ocrx_word' id='word_1_600' title='bbox 936 4281 995 4331; x_wconf 90' lang='lat' dir='ltr'>et</span> <span class='ocrx_word' id='word_1_601' title='bbox 1009 4276 1295 4332; x_wconf 75' lang='lat' dir='ltr'>Christum</span> <span class='ocrx_word' id='word_1_602' title='bbox 1321 4294 1381 4332; x_wconf 91' lang='lat' dir='ltr'>se</span> <span class='ocrx_word' id='word_1_603' title='bbox 1402 4279 1617 4334; x_wconf 89' lang='lat' dir='ltr'>nescire</span> <span class='ocrx_word' id='word_1_604' title='bbox 1631 4281 1856 4351; x_wconf 90' lang='lat' dir='ltr'>jurant:</span> <span class='ocrx_word' id='word_1_605' title='bbox 1881 4287 2030 4353; x_wconf 86' lang='lat' dir='ltr'>post-</span> 
     </span>
    </p>
   </div>
   <div class='ocr_carea' id='block_1_76' title="bbox 437 4364 2030 4438">
    <p class='ocr_par' dir='ltr' id='par_1_76' title="bbox 437 4364 2030 4438">
     <span class='ocr_line' id='line_1_76' title="bbox 437 4364 2030 4438; baseline 0.003 -18"><span class='ocrx_word' id='word_1_606' title='bbox 437 4380 610 4436; x_wconf 88' lang='lat' dir='ltr'>quam</span> <span class='ocrx_word' id='word_1_607' title='bbox 625 4369 816 4420; x_wconf 87' lang='lat' dir='ltr'>autem</span> <span class='ocrx_word' id='word_1_608' title='bbox 829 4364 896 4418; x_wconf 85' lang='lat' dir='ltr'>ba</span> <span class='ocrx_word' id='word_1_609' title='bbox 903 4365 1185 4436; x_wconf 86' lang='lat' dir='ltr'>ptizantur</span> <span class='ocrx_word' id='word_1_610' title='bbox 1196 4367 1411 4438; x_wconf 89' lang='lat' dir='ltr'>Spiritu</span> <span class='ocrx_word' id='word_1_611' title='bbox 1427 4375 1640 4436; x_wconf 91' lang='lat' dir='ltr'>sancto,</span> <span class='ocrx_word' id='word_1_612' title='bbox 1654 4375 1708 4424; x_wconf 85' lang='lat' dir='ltr'>et</span> <span class='ocrx_word' id='word_1_613' title='bbox 1725 4371 2030 4426; x_wconf 79' lang='lat' dir='ltr'>effunditur</span> 
     </span>
    </p>
   </div>
   <div class='ocr_carea' id='block_1_77' title="bbox 437 4452 2031 4530">
    <p class='ocr_par' dir='ltr' id='par_1_77' title="bbox 437 4452 2031 4530">
     <span class='ocr_line' id='line_1_77' title="bbox 437 4452 2031 4530; baseline 0.005 -23"><span class='ocrx_word' id='word_1_614' title='bbox 437 4452 497 4507; x_wconf 92' lang='lat' dir='ltr'>in</span> <span class='ocrx_word' id='word_1_615' title='bbox 529 4471 626 4509; x_wconf 91' lang='lat' dir='ltr'>eos</span> <span class='ocrx_word' id='word_1_616' title='bbox 655 4453 897 4526; x_wconf 88' lang='lat' dir='ltr'>Spiritus</span> <span class='ocrx_word' id='word_1_617' title='bbox 925 4455 1103 4509; x_wconf 90' lang='lat' dir='ltr'>sancti</span> <span class='ocrx_word' id='word_1_618' title='bbox 1119 4455 1324 4526; x_wconf 89' lang='lat' dir='ltr'>gratia,</span> <span class='ocrx_word' id='word_1_619' title='bbox 1357 4462 1494 4512; x_wconf 91' lang='lat' dir='ltr'>tunc</span> <span class='ocrx_word' id='word_1_620' title='bbox 1523 4458 1696 4513; x_wconf 89' lang='lat' dir='ltr'>libere</span> <span class='ocrx_word' id='word_1_621' title='bbox 1724 4459 2031 4530; x_wconf 91' lang='lat' dir='ltr'>loquuntur</span> 
     </span>
    </p>
   </div>
   <div class='ocr_carea' id='block_1_78' title="bbox 438 4543 2024 4618">
    <p class='ocr_par' dir='ltr' id='par_1_78' title="bbox 438 4543 2024 4618">
     <span class='ocr_line' id='line_1_78' title="bbox 438 4543 2024 4618; baseline 0.004 -21"><span class='ocrx_word' id='word_1_622' title='bbox 438 4543 512 4597; x_wconf 88' lang='lat' dir='ltr'>ad</span> <span class='ocrx_word' id='word_1_623' title='bbox 539 4543 820 4615; x_wconf 87' lang='lat' dir='ltr'>principes</span> <span class='ocrx_word' id='word_1_624' title='bbox 848 4544 1204 4600; x_wconf 74' lang='lat' dir='ltr'>Iudaeorum:</span> <span class='ocrx_word' id='word_1_625' title='bbox 1228 4545 1452 4601; x_wconf 86' lang='lat' dir='ltr'>Obedire</span> <span class='ocrx_word' id='word_1_626' title='bbox 1466 4551 1643 4616; x_wconf 86' lang='lat' dir='ltr'>magis</span> <span class='ocrx_word' id='word_1_627' title='bbox 1671 4554 1877 4618; x_wconf 86' lang='lat' dir='ltr'>oportet</span> <span class='ocrx_word' id='word_1_628' title='bbox 1901 4551 2024 4616; x_wconf 83' lang='lat' dir='ltr'>Deo,</span> 
     </span>
    </p>
   </div>
   <div class='ocr_carea' id='block_1_79' title="bbox 437 4632 2030 4704">
    <p class='ocr_par' dir='ltr' id='par_1_79' title="bbox 437 4632 2030 4704">
     <span class='ocr_line' id='line_1_79' title="bbox 437 4632 2030 4704; baseline 0.004 -19"><span class='ocrx_word' id='word_1_629' title='bbox 437 4647 516 4686; x_wconf 88' lang='lat' dir='ltr'>an</span> <span class='ocrx_word' id='word_1_630' title='bbox 553 4633 910 4686; x_wconf 82' lang='lat' dir='ltr'>hominibus?</span> <span class='ocrx_word' id='word_1_631' title='bbox 941 4632 1175 4702; x_wconf 83' lang='lat' dir='ltr'>(Act.v.)</span> <span class='ocrx_word' id='word_1_632' title='bbox 1206 4633 1463 4690; x_wconf 89' lang='lat' dir='ltr'>Mortuos</span> <span class='ocrx_word' id='word_1_633' title='bbox 1490 4637 1781 4704; x_wconf 87' lang='lat' dir='ltr'>suscitant,</span> <span class='ocrx_word' id='word_1_634' title='bbox 1797 4643 1856 4692; x_wconf 90' lang='lat' dir='ltr'>et</span> <span class='ocrx_word' id='word_1_635' title='bbox 1881 4637 2030 4692; x_wconf 88' lang='lat' dir='ltr'>inter</span> 
     </span>
    </p>
   </div>
   <div class='ocr_carea' id='block_1_80' title="bbox 439 4719 2028 4798">
    <p class='ocr_par' dir='ltr' id='par_1_80' title="bbox 439 4719 2028 4798">
     <span class='ocr_line' id='line_1_80' title="bbox 439 4719 2028 4798; baseline 0.004 -24"><span class='ocrx_word' id='word_1_636' title='bbox 439 4720 664 4790; x_wconf 85' lang='lat' dir='ltr'>ﬂagella</span> <span class='ocrx_word' id='word_1_637' title='bbox 687 4719 969 4788; x_wconf 67' lang='lat' dir='ltr'>laetantur,</span> <span class='ocrx_word' id='word_1_638' title='bbox 980 4721 1226 4777; x_wconf 90' lang='lat' dir='ltr'>fundunt</span> <span class='ocrx_word' id='word_1_639' title='bbox 1242 4724 1594 4795; x_wconf 87' lang='lat' dir='ltr'>sanguinem,</span> <span class='ocrx_word' id='word_1_640' title='bbox 1610 4732 1667 4780; x_wconf 90' lang='lat' dir='ltr'>et</span> <span class='ocrx_word' id='word_1_641' title='bbox 1681 4725 1794 4780; x_wconf 91' lang='lat' dir='ltr'>suis</span> <span class='ocrx_word' id='word_1_642' title='bbox 1815 4727 2028 4798; x_wconf 92' lang='lat' dir='ltr'>suppli-</span> 
     </span>
    </p>
   </div>
   <div class='ocr_carea' id='block_1_81' title="bbox 439 4808 2026 4886">
    <p class='ocr_par' dir='ltr' id='par_1_81' title="bbox 439 4808 2026 4886">
     <span class='ocr_line' id='line_1_81' title="bbox 439 4808 2026 4886; baseline 0.004 -22"><span class='ocrx_word' id='word_1_643' title='bbox 439 4808 540 4864; x_wconf 91' lang='lat' dir='ltr'>ciis</span> <span class='ocrx_word' id='word_1_644' title='bbox 575 4814 933 4865; x_wconf 88' lang='lat' dir='ltr'>coronantur.</span> <span class='ocrx_word' id='word_1_645' title='bbox 956 4810 1220 4866; x_wconf 91' lang='lat' dir='ltr'>Nondum</span> <span class='ocrx_word' id='word_1_646' title='bbox 1247 4819 1370 4868; x_wconf 90' lang='lat' dir='ltr'>erat</span> <span class='ocrx_word' id='word_1_647' title='bbox 1399 4815 1643 4886; x_wconf 89' lang='lat' dir='ltr'>Spiritus</span> <span class='ocrx_word' id='word_1_648' title='bbox 1662 4814 1720 4868; x_wconf 91' lang='lat' dir='ltr'>in</span> <span class='ocrx_word' id='word_1_649' title='bbox 1741 4816 2026 4886; x_wconf 88' lang='lat' dir='ltr'>apostolis,</span> 
     </span>
    </p>
   </div>
   <div class='ocr_carea' id='block_1_82' title="bbox 437 4898 2033 4975">
    <p class='ocr_par' dir='ltr' id='par_1_82' title="bbox 437 4898 2033 4975">
     <span class='ocr_line' id='line_1_82' title="bbox 437 4898 2033 4975; baseline 0.004 -23"><span class='ocrx_word' id='word_1_650' title='bbox 437 4914 543 4953; x_wconf 90' lang='lat' dir='ltr'>nec</span> <span class='ocrx_word' id='word_1_651' title='bbox 567 4898 637 4953; x_wconf 92' lang='lat' dir='ltr'>de</span> <span class='ocrx_word' id='word_1_652' title='bbox 665 4904 858 4954; x_wconf 88' lang='lat' dir='ltr'>ventre</span> <span class='ocrx_word' id='word_1_653' title='bbox 886 4915 1082 4955; x_wconf 88' lang='lat' dir='ltr'>eorum</span> <span class='ocrx_word' id='word_1_654' title='bbox 1108 4900 1359 4957; x_wconf 87' lang='lat' dir='ltr'>ﬂuebant</span> <span class='ocrx_word' id='word_1_655' title='bbox 1371 4903 1567 4973; x_wconf 62' lang='lat' dir='ltr'>gratia;</span> <span class='ocrx_word' id='word_1_656' title='bbox 1587 4903 1884 4973; x_wconf 89' lang='lat' dir='ltr'>spiritales,</span> <span class='ocrx_word' id='word_1_657' title='bbox 1900 4904 2033 4975; x_wconf 91' lang='lat' dir='ltr'>quia</span> 
     </span>
    </p>
   </div>
   <div class='ocr_carea' id='block_1_83' title="bbox 438 4987 2030 5060">
    <p class='ocr_par' dir='ltr' id='par_1_83' title="bbox 438 4987 2030 5060">
     <span class='ocr_line' id='line_1_83' title="bbox 438 4987 2030 5060; baseline 0.003 -16"><span class='ocrx_word' id='word_1_658' title='bbox 438 4987 712 5044; x_wconf 90' lang='lat' dir='ltr'>Dominus</span> <span class='ocrx_word' id='word_1_659' title='bbox 731 4989 969 5043; x_wconf 90' lang='lat' dir='ltr'>necdum</span> <span class='ocrx_word' id='word_1_660' title='bbox 999 4989 1186 5044; x_wconf 84' lang='lat' dir='ltr'>fuerat</span> <span class='ocrx_word' id='word_1_661' title='bbox 1209 4991 1574 5060; x_wconf 89' lang='lat' dir='ltr'>gloriﬁcatus.</span> <span class='ocrx_word' id='word_1_662' title='bbox 1591 4991 1724 5056; x_wconf 67' lang='lat' dir='ltr'>Quae</span> <span class='ocrx_word' id='word_1_663' title='bbox 1743 4993 1818 5047; x_wconf 91' lang='lat' dir='ltr'>sit</span> <span class='ocrx_word' id='word_1_664' title='bbox 1839 4999 2030 5048; x_wconf 89' lang='lat' dir='ltr'>autem</span> 
     </span>
    </p>
   </div>
   <div class='ocr_carea' id='block_1_84' title="bbox 436 5077 2030 5151">
    <p class='ocr_par' dir='ltr' id='par_1_84' title="bbox 436 5077 2030 5151">
     <span class='ocr_line' id='line_1_84' title="bbox 436 5077 2030 5151; baseline 0.004 -20"><span class='ocrx_word' id='word_1_665' title='bbox 436 5077 620 5149; x_wconf 86' lang='lat' dir='ltr'>gloria</span> <span class='ocrx_word' id='word_1_666' title='bbox 643 5077 763 5150; x_wconf 91' lang='lat' dir='ltr'>ipse</span> <span class='ocrx_word' id='word_1_667' title='bbox 788 5077 848 5132; x_wconf 91' lang='lat' dir='ltr'>in</span> <span class='ocrx_word' id='word_1_668' title='bbox 872 5078 1172 5149; x_wconf 88' lang='lat' dir='ltr'>Evangelio</span> <span class='ocrx_word' id='word_1_669' title='bbox 1200 5079 1308 5134; x_wconf 87' lang='lat' dir='ltr'>ait:</span> <span class='ocrx_word' id='word_1_670' title='bbox 1331 5081 1512 5147; x_wconf 88' lang='lat' dir='ltr'>Pater,</span> <span class='ocrx_word' id='word_1_671' title='bbox 1529 5084 1776 5150; x_wconf 74' lang='lat' dir='ltr'>clari/ica</span> <span class='ocrx_word' id='word_1_672' title='bbox 1805 5099 1889 5136; x_wconf 88' lang='lat' dir='ltr'>me</span> <span class='ocrx_word' id='word_1_673' title='bbox 1912 5085 2030 5151; x_wconf 89' lang='lat' dir='ltr'>glo-</span> 
     </span>
    </p>
   </div>
   <div class='ocr_carea' id='block_1_85' title="bbox 441 5167 2030 5238">
    <p class='ocr_par' dir='ltr' id='par_1_85' title="bbox 441 5167 2030 5238">
     <span class='ocr_line' id='line_1_85' title="bbox 441 5167 2030 5238; baseline 0.003 -18"><span class='ocrx_word' id='word_1_674' title='bbox 441 5169 534 5221; x_wconf 84' lang='lat' dir='ltr'>ria</span> <span class='ocrx_word' id='word_1_675' title='bbox 563 5183 732 5238; x_wconf 89' lang='lat' dir='ltr'>quam</span> <span class='ocrx_word' id='word_1_676' title='bbox 757 5169 910 5237; x_wconf 86' lang='lat' dir='ltr'>apud</span> <span class='ocrx_word' id='word_1_677' title='bbox 945 5172 992 5220; x_wconf 90' lang='lat' dir='ltr'>te</span> <span class='ocrx_word' id='word_1_678' title='bbox 1026 5167 1198 5221; x_wconf 88' lang='lat' dir='ltr'>habui</span> <span class='ocrx_word' id='word_1_679' title='bbox 1230 5171 1567 5238; x_wconf 85' lang='lat' dir='ltr'>priusquam</span> <span class='ocrx_word' id='word_1_680' title='bbox 1611 5172 1856 5224; x_wconf 88' lang='lat' dir='ltr'>mundus</span> <span class='ocrx_word' id='word_1_681' title='bbox 1901 5176 2030 5226; x_wconf 84' lang='lat' dir='ltr'>esset</span> 
     </span>
    </p>
   </div>
   <div class='ocr_carea' id='block_1_86' title="bbox 445 5255 2032 5331">
    <p class='ocr_par' dir='ltr' id='par_1_86' title="bbox 445 5255 2032 5331">
     <span class='ocr_line' id='line_1_86' title="bbox 445 5255 2032 5331; baseline 0.003 -21"><span class='ocrx_word' id='word_1_682' title='bbox 445 5257 626 5323; x_wconf 87' lang='lat' dir='ltr'>(Joan.</span> <span class='ocrx_word' id='word_1_683' title='bbox 644 5255 994 5327; x_wconf 84' lang='lat' dir='ltr'>xvn),gloria</span> <span class='ocrx_word' id='word_1_684' title='bbox 1021 5255 1322 5311; x_wconf 86' lang='lat' dir='ltr'>Salvatoris</span> <span class='ocrx_word' id='word_1_685' title='bbox 1341 5256 1657 5328; x_wconf 86' lang='lat' dir='ltr'>patibulum</span> <span class='ocrx_word' id='word_1_686' title='bbox 1681 5258 2032 5331; x_wconf 88' lang='lat' dir='ltr'>triumphan-</span> 
     </span>
    </p>
   </div>
   <div class='ocr_carea' id='block_1_87' title="bbox 439 5345 2030 5416">
    <p class='ocr_par' dir='ltr' id='par_1_87' title="bbox 439 5345 2030 5416">
     <span class='ocr_line' id='line_1_87' title="bbox 439 5345 2030 5416; baseline 0.003 -17"><span class='ocrx_word' id='word_1_687' title='bbox 439 5345 515 5400; x_wconf 84' lang='lat' dir='ltr'>tis</span> <span class='ocrx_word' id='word_1_688' title='bbox 541 5350 654 5410; x_wconf 84' lang='lat' dir='ltr'>est;</span> <span class='ocrx_word' id='word_1_689' title='bbox 686 5345 1034 5416; x_wconf 83' lang='lat' dir='ltr'>cruciﬁgitur</span> <span class='ocrx_word' id='word_1_690' title='bbox 1057 5350 1124 5400; x_wconf 92' lang='lat' dir='ltr'>ut</span> <span class='ocrx_word' id='word_1_691' title='bbox 1147 5345 1336 5412; x_wconf 90' lang='lat' dir='ltr'>homo,</span> <span class='ocrx_word' id='word_1_692' title='bbox 1364 5346 1712 5416; x_wconf 73' lang='lat' dir='ltr'>gloriﬁcatur</span> <span class='ocrx_word' id='word_1_693' title='bbox 1736 5353 1802 5403; x_wconf 92' lang='lat' dir='ltr'>ut</span> <span class='ocrx_word' id='word_1_694' title='bbox 1835 5348 2030 5403; x_wconf 90' lang='lat' dir='ltr'>Domi-</span> 
     </span>
    </p>
   </div>
   <div class='ocr_carea' id='block_1_88' title="bbox 443 5432 2032 5510">
    <p class='ocr_par' dir='ltr' id='par_1_88' title="bbox 443 5432 2032 5510">
     <span class='ocr_line' id='line_1_88' title="bbox 443 5432 2032 5510; baseline 0.003 -22"><span class='ocrx_word' id='word_1_695' title='bbox 443 5450 568 5489; x_wconf 89' lang='lat' dir='ltr'>nus.</span> <span class='ocrx_word' id='word_1_696' title='bbox 599 5433 855 5504; x_wconf 90' lang='lat' dir='ltr'>Denique</span> <span class='ocrx_word' id='word_1_697' title='bbox 890 5432 973 5486; x_wconf 90' lang='lat' dir='ltr'>sol</span> <span class='ocrx_word' id='word_1_698' title='bbox 1015 5432 1177 5504; x_wconf 86' lang='lat' dir='ltr'>fugit,</span> <span class='ocrx_word' id='word_1_699' title='bbox 1217 5433 1355 5488; x_wconf 89' lang='lat' dir='ltr'>luna</span> <span class='ocrx_word' id='word_1_700' title='bbox 1395 5439 1650 5490; x_wconf 84' lang='lat' dir='ltr'>mutatur</span> <span class='ocrx_word' id='word_1_701' title='bbox 1696 5436 1753 5490; x_wconf 91' lang='lat' dir='ltr'>in</span> <span class='ocrx_word' id='word_1_702' title='bbox 1809 5437 2032 5510; x_wconf 85' lang='lat' dir='ltr'>sangui-</span> 
     </span>
    </p>
   </div>
   <div class='ocr_carea' id='block_1_89' title="bbox 445 5521 2031 5598">
    <p class='ocr_par' dir='ltr' id='par_1_89' title="bbox 445 5521 2031 5598">
     <span class='ocr_line' id='line_1_89' title="bbox 445 5521 2031 5598; baseline 0.002 -20"><span class='ocrx_word' id='word_1_703' title='bbox 445 5539 596 5594; x_wconf 84' lang='lat' dir='ltr'>nem,</span> <span class='ocrx_word' id='word_1_704' title='bbox 636 5528 791 5580; x_wconf 84' lang='lat' dir='ltr'>terra</span> <span class='ocrx_word' id='word_1_705' title='bbox 822 5527 982 5577; x_wconf 89' lang='lat' dir='ltr'>motu</span> <span class='ocrx_word' id='word_1_706' title='bbox 1009 5521 1235 5577; x_wconf 89' lang='lat' dir='ltr'>insolito</span> <span class='ocrx_word' id='word_1_707' title='bbox 1271 5525 1670 5593; x_wconf 86' lang='lat' dir='ltr'>contremiscit,</span> <span class='ocrx_word' id='word_1_708' title='bbox 1702 5527 2031 5598; x_wconf 87' lang='lat' dir='ltr'>aperiuntur</span> 
     </span>
    </p>
   </div>
   <div class='ocr_carea' id='block_1_90' title="bbox 2111 3124 3708 3206">
    <p class='ocr_par' dir='ltr' id='par_1_90' title="bbox 2111 3124 3708 3206">
     <span class='ocr_line' id='line_1_90' title="bbox 2111 3124 3708 3206; baseline -0.003 -26"><span class='ocrx_word' id='word_1_709' title='bbox 2111 3132 2386 3194; x_wconf 67' lang='lat' dir='ltr'>caperunt</span> <span class='ocrx_word' id='word_1_710' title='bbox 2423 3129 2574 3195; x_wconf 90' lang='lat' dir='ltr'>loqui</span> <span class='ocrx_word' id='word_1_711' title='bbox 2599 3129 2732 3181; x_wconf 87' lang='lat' dir='ltr'>aliis</span> <span class='ocrx_word' id='word_1_712' title='bbox 2761 3130 2992 3206; x_wconf 81' lang='lat' dir='ltr'>linguis,</span> <span class='ocrx_word' id='word_1_713' title='bbox 3009 3132 3180 3196; x_wconf 87' lang='lat' dir='ltr'>prout</span> <span class='ocrx_word' id='word_1_714' title='bbox 3207 3124 3454 3194; x_wconf 86' lang='lat' dir='ltr'>Spiritus</span> <span class='ocrx_word' id='word_1_715' title='bbox 3481 3127 3708 3178; x_wconf 85' lang='lat' dir='ltr'>sanctus</span> 
     </span>
    </p>
   </div>
   <div class='ocr_carea' id='block_1_91' title="bbox 2113 3209 3708 3286">
    <p class='ocr_par' dir='ltr' id='par_1_91' title="bbox 2113 3209 3708 3286">
     <span class='ocr_line' id='line_1_91' title="bbox 2113 3209 3708 3286; baseline -0.003 -18"><span class='ocrx_word' id='word_1_716' title='bbox 2113 3215 2280 3268; x_wconf 87' lang='lat' dir='ltr'>dabat</span> <span class='ocrx_word' id='word_1_717' title='bbox 2320 3218 2501 3284; x_wconf 90' lang='lat' dir='ltr'>eloqui</span> <span class='ocrx_word' id='word_1_718' title='bbox 2541 3219 2634 3270; x_wconf 85' lang='lat' dir='ltr'>eis.</span> <span class='ocrx_word' id='word_1_719' title='bbox 2679 3216 2922 3286; x_wconf 90' lang='lat' dir='ltr'>Spiritus</span> <span class='ocrx_word' id='word_1_720' title='bbox 2955 3215 3104 3270; x_wconf 92' lang='lat' dir='ltr'>enim</span> <span class='ocrx_word' id='word_1_721' title='bbox 3142 3220 3368 3269; x_wconf 90' lang='lat' dir='ltr'>sanctus</span> <span class='ocrx_word' id='word_1_722' title='bbox 3398 3211 3577 3284; x_wconf 87' lang='lat' dir='ltr'>spirat</span> <span class='ocrx_word' id='word_1_723' title='bbox 3606 3209 3708 3264; x_wconf 89' lang='lat' dir='ltr'>ubi</span> 
     </span>
    </p>
   </div>
   <div class='ocr_carea' id='block_1_92' title="bbox 2115 3302 3710 3374">
    <p class='ocr_par' dir='ltr' id='par_1_92' title="bbox 2115 3302 3710 3374">
     <span class='ocr_line' id='line_1_92' title="bbox 2115 3302 3710 3374; baseline -0.002 -19"><span class='ocrx_word' id='word_1_724' title='bbox 2115 3302 2252 3371; x_wconf 87' lang='lat' dir='ltr'>vult,</span> <span class='ocrx_word' id='word_1_725' title='bbox 2293 3309 2352 3357; x_wconf 91' lang='lat' dir='ltr'>et</span> <span class='ocrx_word' id='word_1_726' title='bbox 2387 3304 2611 3374; x_wconf 90' lang='lat' dir='ltr'>quando</span> <span class='ocrx_word' id='word_1_727' title='bbox 2649 3304 2785 3359; x_wconf 89' lang='lat' dir='ltr'>dicit</span> <span class='ocrx_word' id='word_1_728' title='bbox 2821 3304 3111 3370; x_wconf 90' lang='lat' dir='ltr'>Dominus,</span> <span class='ocrx_word' id='word_1_729' title='bbox 3150 3306 3334 3358; x_wconf 90' lang='lat' dir='ltr'>alium</span> <span class='ocrx_word' id='word_1_730' title='bbox 3355 3303 3710 3371; x_wconf 88' lang='lat' dir='ltr'>paracletum</span> 
     </span>
    </p>
   </div>
   <div class='ocr_carea' id='block_1_93' title="bbox 2115 3387 3708 3462">
    <p class='ocr_par' dir='ltr' id='par_1_93' title="bbox 2115 3387 3708 3462">
     <span class='ocr_line' id='line_1_93' title="bbox 2115 3387 3708 3462; baseline -0.002 -18"><span class='ocrx_word' id='word_1_731' title='bbox 2115 3395 2338 3447; x_wconf 87' lang='lat' dir='ltr'>mittam</span> <span class='ocrx_word' id='word_1_732' title='bbox 2378 3393 2544 3459; x_wconf 70' lang='lat' dir='ltr'>vobis,</span> <span class='ocrx_word' id='word_1_733' title='bbox 2579 3399 2635 3447; x_wconf 92' lang='lat' dir='ltr'>et</span> <span class='ocrx_word' id='word_1_734' title='bbox 2671 3410 2732 3447; x_wconf 88' lang='lat' dir='ltr'>se</span> <span class='ocrx_word' id='word_1_735' title='bbox 2771 3393 3017 3448; x_wconf 90' lang='lat' dir='ltr'>ostendit</span> <span class='ocrx_word' id='word_1_736' title='bbox 3053 3409 3173 3448; x_wconf 88' lang='lat' dir='ltr'>esse</span> <span class='ocrx_word' id='word_1_737' title='bbox 3211 3391 3578 3462; x_wconf 89' lang='lat' dir='ltr'>paracletum,</span> <span class='ocrx_word' id='word_1_738' title='bbox 3609 3387 3708 3458; x_wconf 91' lang='lat' dir='ltr'>qui</span> 
     </span>
    </p>
   </div>
   <div class='ocr_carea' id='block_1_94' title="bbox 2113 3479 3712 3552">
    <p class='ocr_par' dir='ltr' id='par_1_94' title="bbox 2113 3479 3712 3552">
     <span class='ocr_line' id='line_1_94' title="bbox 2113 3479 3712 3552; baseline -0.003 -18"><span class='ocrx_word' id='word_1_739' title='bbox 2113 3481 2430 3552; x_wconf 89' lang='lat' dir='ltr'>appellatur</span> <span class='ocrx_word' id='word_1_740' title='bbox 2454 3486 2778 3537; x_wconf 86' lang='lat' dir='ltr'>consolator.</span> <span class='ocrx_word' id='word_1_741' title='bbox 2794 3483 2954 3538; x_wconf 92' lang='lat' dir='ltr'>Unde</span> <span class='ocrx_word' id='word_1_742' title='bbox 2971 3487 3028 3536; x_wconf 92' lang='lat' dir='ltr'>et</span> <span class='ocrx_word' id='word_1_743' title='bbox 3039 3482 3190 3536; x_wconf 90' lang='lat' dir='ltr'>Deus</span> <span class='ocrx_word' id='word_1_744' title='bbox 3205 3481 3375 3535; x_wconf 90' lang='lat' dir='ltr'>Pater</span> <span class='ocrx_word' id='word_1_745' title='bbox 3386 3479 3491 3534; x_wconf 91' lang='lat' dir='ltr'>hoc</span> <span class='ocrx_word' id='word_1_746' title='bbox 3515 3493 3712 3532; x_wconf 91' lang='lat' dir='ltr'>cense-</span> 
     </span>
    </p>
   </div>
   <div class='ocr_carea' id='block_1_95' title="bbox 2111 3564 3706 3637">
    <p class='ocr_par' dir='ltr' id='par_1_95' title="bbox 2111 3564 3706 3637">
     <span class='ocr_line' id='line_1_95' title="bbox 2111 3564 3706 3637; baseline -0.004 -13"><span class='ocrx_word' id='word_1_747' title='bbox 2111 3576 2207 3625; x_wconf 90' lang='lat' dir='ltr'>tur</span> <span class='ocrx_word' id='word_1_748' title='bbox 2217 3571 2464 3637; x_wconf 89' lang='lat' dir='ltr'>nomine,</span> <span class='ocrx_word' id='word_1_749' title='bbox 2478 3572 2626 3626; x_wconf 91' lang='lat' dir='ltr'>Deus</span> <span class='ocrx_word' id='word_1_750' title='bbox 2637 3571 3015 3626; x_wconf 90' lang='lat' dir='ltr'>miserationis</span> <span class='ocrx_word' id='word_1_751' title='bbox 3031 3575 3087 3625; x_wconf 91' lang='lat' dir='ltr'>et</span> <span class='ocrx_word' id='word_1_752' title='bbox 3098 3570 3272 3624; x_wconf 89' lang='lat' dir='ltr'>totius</span> <span class='ocrx_word' id='word_1_753' title='bbox 3287 3564 3684 3624; x_wconf 85' lang='lat' dir='ltr'>consolationis</span> <span class='ocrx_word' id='word_1_754' title='bbox 3692 3606 3706 3618; x_wconf 92' lang='lat'>.</span> 
     </span>
    </p>
   </div>
   <div class='ocr_carea' id='block_1_96' title="bbox 2115 3657 3713 3721">
    <p class='ocr_par' dir='ltr' id='par_1_96' title="bbox 2115 3657 3713 3721">
     <span class='ocr_line' id='line_1_96' title="bbox 2115 3657 3713 3721; baseline -0.004 -7"><span class='ocrx_word' id='word_1_755' title='bbox 2115 3659 2174 3714; x_wconf 91' lang='lat' dir='ltr'>Si</span> <span class='ocrx_word' id='word_1_756' title='bbox 2206 3664 2397 3714; x_wconf 90' lang='lat' dir='ltr'>autem</span> <span class='ocrx_word' id='word_1_757' title='bbox 2434 3661 2604 3714; x_wconf 88' lang='lat' dir='ltr'>Pater</span> <span class='ocrx_word' id='word_1_758' title='bbox 2643 3661 2960 3716; x_wconf 89' lang='lat' dir='ltr'>consolator</span> <span class='ocrx_word' id='word_1_759' title='bbox 2986 3665 3045 3714; x_wconf 92' lang='lat' dir='ltr'>et</span> <span class='ocrx_word' id='word_1_760' title='bbox 3072 3659 3247 3714; x_wconf 92' lang='lat' dir='ltr'>Filius</span> <span class='ocrx_word' id='word_1_761' title='bbox 3283 3657 3616 3721; x_wconf 90' lang='lat' dir='ltr'>consolator,</span> <span class='ocrx_word' id='word_1_762' title='bbox 3647 3659 3713 3708; x_wconf 86' lang='lat' dir='ltr'>et</span> 
     </span>
    </p>
   </div>
   <div class='ocr_carea' id='block_1_97' title="bbox 2115 3743 3712 3818">
    <p class='ocr_par' dir='ltr' id='par_1_97' title="bbox 2115 3743 3712 3818">
     <span class='ocr_line' id='line_1_97' title="bbox 2115 3743 3712 3818; baseline -0.004 -16"><span class='ocrx_word' id='word_1_763' title='bbox 2115 3747 2358 3818; x_wconf 89' lang='lat' dir='ltr'>Spiritus</span> <span class='ocrx_word' id='word_1_764' title='bbox 2381 3754 2608 3803; x_wconf 90' lang='lat' dir='ltr'>sanctus</span> <span class='ocrx_word' id='word_1_765' title='bbox 2629 3750 2962 3816; x_wconf 89' lang='lat' dir='ltr'>consolator,</span> <span class='ocrx_word' id='word_1_766' title='bbox 2988 3754 3046 3802; x_wconf 92' lang='lat' dir='ltr'>et</span> <span class='ocrx_word' id='word_1_767' title='bbox 3073 3748 3134 3802; x_wconf 91' lang='lat' dir='ltr'>in</span> <span class='ocrx_word' id='word_1_768' title='bbox 3160 3747 3388 3802; x_wconf 91' lang='lat' dir='ltr'>nomine</span> <span class='ocrx_word' id='word_1_769' title='bbox 3421 3743 3624 3810; x_wconf 89' lang='lat' dir='ltr'>Patris,</span> <span class='ocrx_word' id='word_1_770' title='bbox 3647 3747 3712 3797; x_wconf 89' lang='lat' dir='ltr'>et</span> 
     </span>
    </p>
   </div>
   <div class='ocr_carea' id='block_1_98' title="bbox 2113 3831 3712 3909">
    <p class='ocr_par' dir='ltr' id='par_1_98' title="bbox 2113 3831 3712 3909">
     <span class='ocr_line' id='line_1_98' title="bbox 2113 3831 3712 3909; baseline -0.003 -19"><span class='ocrx_word' id='word_1_771' title='bbox 2113 3836 2240 3890; x_wconf 90' lang='lat' dir='ltr'>Filii</span> <span class='ocrx_word' id='word_1_772' title='bbox 2263 3843 2320 3892; x_wconf 92' lang='lat' dir='ltr'>et</span> <span class='ocrx_word' id='word_1_773' title='bbox 2348 3838 2590 3909; x_wconf 76' lang='lat' dir='ltr'>Spiritus</span> <span class='ocrx_word' id='word_1_774' title='bbox 2610 3838 2787 3892; x_wconf 89' lang='lat' dir='ltr'>sancti</span> <span class='ocrx_word' id='word_1_775' title='bbox 2814 3839 2963 3909; x_wconf 92' lang='lat' dir='ltr'>quod</span> <span class='ocrx_word' id='word_1_776' title='bbox 2989 3837 3324 3907; x_wconf 89' lang='lat' dir='ltr'>intelligitur</span> <span class='ocrx_word' id='word_1_777' title='bbox 3349 3835 3499 3889; x_wconf 92' lang='lat' dir='ltr'>Deus</span> <span class='ocrx_word' id='word_1_778' title='bbox 3526 3831 3712 3903; x_wconf 88' lang='lat' dir='ltr'>bapti-</span> 
     </span>
    </p>
   </div>
   <div class='ocr_carea' id='block_1_99' title="bbox 2111 3924 3712 3999">
    <p class='ocr_par' dir='ltr' id='par_1_99' title="bbox 2111 3924 3712 3999">
     <span class='ocr_line' id='line_1_99' title="bbox 2111 3924 3712 3999; baseline -0.004 -19"><span class='ocrx_word' id='word_1_779' title='bbox 2111 3933 2312 3982; x_wconf 89' lang='lat' dir='ltr'>zantur</span> <span class='ocrx_word' id='word_1_780' title='bbox 2330 3927 2639 3996; x_wconf 90' lang='lat' dir='ltr'>credentes,</span> <span class='ocrx_word' id='word_1_781' title='bbox 2655 3943 2894 3999; x_wconf 89' lang='lat' dir='ltr'>quorum</span> <span class='ocrx_word' id='word_1_782' title='bbox 2913 3943 3090 3982; x_wconf 90' lang='lat' dir='ltr'>unum</span> <span class='ocrx_word' id='word_1_783' title='bbox 3106 3924 3415 3980; x_wconf 88' lang='lat' dir='ltr'>divinitatis</span> <span class='ocrx_word' id='word_1_784' title='bbox 3432 3927 3490 3978; x_wconf 91' lang='lat' dir='ltr'>et</span> <span class='ocrx_word' id='word_1_785' title='bbox 3514 3937 3712 3976; x_wconf 90' lang='lat' dir='ltr'>conso-</span> 
     </span>
    </p>
   </div>
   <div class='ocr_carea' id='block_1_100' title="bbox 2113 4009 3712 4086">
    <p class='ocr_par' dir='ltr' id='par_1_100' title="bbox 2113 4009 3712 4086">
     <span class='ocr_line' id='line_1_100' title="bbox 2113 4009 3712 4086; baseline -0.004 -18"><span class='ocrx_word' id='word_1_786' title='bbox 2113 4015 2310 4070; x_wconf 89' lang='lat' dir='ltr'>latoris</span> <span class='ocrx_word' id='word_1_787' title='bbox 2324 4023 2410 4070; x_wconf 92' lang='lat' dir='ltr'>est</span> <span class='ocrx_word' id='word_1_788' title='bbox 2434 4033 2660 4082; x_wconf 90' lang='lat' dir='ltr'>nomen,</span> <span class='ocrx_word' id='word_1_789' title='bbox 2687 4033 2820 4086; x_wconf 88' lang='lat' dir='ltr'>ergo</span> <span class='ocrx_word' id='word_1_790' title='bbox 2843 4021 2900 4070; x_wconf 91' lang='lat' dir='ltr'>et</span> <span class='ocrx_word' id='word_1_791' title='bbox 2926 4032 3043 4070; x_wconf 91' lang='lat' dir='ltr'>una</span> <span class='ocrx_word' id='word_1_792' title='bbox 3061 4020 3264 4070; x_wconf 88' lang='lat' dir='ltr'>natura</span> <span class='ocrx_word' id='word_1_793' title='bbox 3287 4018 3390 4068; x_wconf 89' lang='lat' dir='ltr'>est.</span> <span class='ocrx_word' id='word_1_794' title='bbox 3406 4012 3512 4066; x_wconf 91' lang='lat' dir='ltr'>Hic</span> <span class='ocrx_word' id='word_1_795' title='bbox 3531 4009 3712 4082; x_wconf 88' lang='lat' dir='ltr'>Spiri-</span> 
     </span>
    </p>
   </div>
   <div class='ocr_carea' id='block_1_101' title="bbox 2113 4097 3712 4176">
    <p class='ocr_par' dir='ltr' id='par_1_101' title="bbox 2113 4097 3712 4176">
     <span class='ocr_line' id='line_1_101' title="bbox 2113 4097 3712 4176; baseline -0.002 -18"><span class='ocrx_word' id='word_1_796' title='bbox 2113 4109 2205 4158; x_wconf 88' lang='lat' dir='ltr'>tus</span> <span class='ocrx_word' id='word_1_797' title='bbox 2239 4111 2466 4160; x_wconf 89' lang='lat' dir='ltr'>sanctus</span> <span class='ocrx_word' id='word_1_798' title='bbox 2487 4121 2600 4160; x_wconf 91' lang='lat' dir='ltr'>non</span> <span class='ocrx_word' id='word_1_799' title='bbox 2615 4106 2798 4159; x_wconf 91' lang='lat' dir='ltr'>solum</span> <span class='ocrx_word' id='word_1_800' title='bbox 2814 4104 2873 4159; x_wconf 91' lang='lat' dir='ltr'>in</span> <span class='ocrx_word' id='word_1_801' title='bbox 2901 4104 3188 4176; x_wconf 89' lang='lat' dir='ltr'>apostolis,</span> <span class='ocrx_word' id='word_1_802' title='bbox 3205 4103 3304 4158; x_wconf 90' lang='lat' dir='ltr'>sed</span> <span class='ocrx_word' id='word_1_803' title='bbox 3321 4108 3379 4156; x_wconf 91' lang='lat' dir='ltr'>et</span> <span class='ocrx_word' id='word_1_804' title='bbox 3391 4101 3450 4155; x_wconf 90' lang='lat' dir='ltr'>in</span> <span class='ocrx_word' id='word_1_805' title='bbox 3469 4097 3712 4171; x_wconf 85' lang='lat' dir='ltr'>prophe-</span> 
     </span>
    </p>
   </div>
   <div class='ocr_carea' id='block_1_102' title="bbox 2109 4189 3711 4265">
    <p class='ocr_par' dir='ltr' id='par_1_102' title="bbox 2109 4189 3711 4265">
     <span class='ocr_line' id='line_1_102' title="bbox 2109 4189 3711 4265; baseline -0.004 -18"><span class='ocrx_word' id='word_1_806' title='bbox 2109 4193 2184 4247; x_wconf 91' lang='lat' dir='ltr'>tis</span> <span class='ocrx_word' id='word_1_807' title='bbox 2211 4193 2335 4260; x_wconf 82' lang='lat' dir='ltr'>fuit,</span> <span class='ocrx_word' id='word_1_808' title='bbox 2350 4194 2419 4249; x_wconf 92' lang='lat' dir='ltr'>de</span> <span class='ocrx_word' id='word_1_809' title='bbox 2449 4211 2558 4265; x_wconf 92' lang='lat' dir='ltr'>quo</span> <span class='ocrx_word' id='word_1_810' title='bbox 2582 4194 2762 4248; x_wconf 91' lang='lat' dir='ltr'>David</span> <span class='ocrx_word' id='word_1_811' title='bbox 2789 4193 2988 4248; x_wconf 88' lang='lat' dir='ltr'>orabat</span> <span class='ocrx_word' id='word_1_812' title='bbox 3012 4193 3234 4250; x_wconf 88' lang='lat' dir='ltr'>dicens:</span> <span class='ocrx_word' id='word_1_813' title='bbox 3263 4189 3544 4261; x_wconf 87' lang='lat' dir='ltr'>Spiritum</span> <span class='ocrx_word' id='word_1_814' title='bbox 3567 4203 3711 4241; x_wconf 87' lang='lat' dir='ltr'>san-</span> 
     </span>
    </p>
   </div>
   <div class='ocr_carea' id='block_1_103' title="bbox 2113 4275 3712 4352">
    <p class='ocr_par' dir='ltr' id='par_1_103' title="bbox 2113 4275 3712 4352">
     <span class='ocr_line' id='line_1_103' title="bbox 2113 4275 3712 4352; baseline -0.004 -16"><span class='ocrx_word' id='word_1_815' title='bbox 2113 4288 2262 4336; x_wconf 90' lang='lat' dir='ltr'>ctum</span> <span class='ocrx_word' id='word_1_816' title='bbox 2293 4287 2454 4338; x_wconf 89' lang='lat' dir='ltr'>tuum</span> <span class='ocrx_word' id='word_1_817' title='bbox 2485 4300 2552 4338; x_wconf 88' lang='lat' dir='ltr'>ne</span> <span class='ocrx_word' id='word_1_818' title='bbox 2577 4287 2804 4352; x_wconf 80' lang='lat' dir='ltr'>auferas</span> <span class='ocrx_word' id='word_1_819' title='bbox 2823 4300 2862 4338; x_wconf 89' lang='lat' dir='ltr'>a</span> <span class='ocrx_word' id='word_1_820' title='bbox 2885 4299 2970 4338; x_wconf 88' lang='lat' dir='ltr'>me</span> <span class='ocrx_word' id='word_1_821' title='bbox 2997 4285 3161 4352; x_wconf 87' lang='lat' dir='ltr'>(Psal.</span> <span class='ocrx_word' id='word_1_822' title='bbox 3195 4285 3270 4352; x_wconf 84' lang='lat' dir='ltr'>L);</span> <span class='ocrx_word' id='word_1_823' title='bbox 3294 4277 3562 4335; x_wconf 89' lang='lat' dir='ltr'>etDanieI</span> <span class='ocrx_word' id='word_1_824' title='bbox 3587 4275 3712 4347; x_wconf 88' lang='lat' dir='ltr'>spi-</span> 
     </span>
    </p>
   </div>
   <div class='ocr_carea' id='block_1_104' title="bbox 2114 4363 3710 4439">
    <p class='ocr_par' dir='ltr' id='par_1_104' title="bbox 2114 4363 3710 4439">
     <span class='ocr_line' id='line_1_104' title="bbox 2114 4363 3710 4439; baseline -0.005 -13"><span class='ocrx_word' id='word_1_825' title='bbox 2114 4371 2290 4426; x_wconf 90' lang='lat' dir='ltr'>ritum</span> <span class='ocrx_word' id='word_1_826' title='bbox 2318 4372 2419 4426; x_wconf 91' lang='lat' dir='ltr'>Dei</span> <span class='ocrx_word' id='word_1_827' title='bbox 2441 4371 2704 4428; x_wconf 88' lang='lat' dir='ltr'>habuisse</span> <span class='ocrx_word' id='word_1_828' title='bbox 2727 4377 2992 4428; x_wconf 89' lang='lat' dir='ltr'>narratur</span> <span class='ocrx_word' id='word_1_829' title='bbox 3024 4373 3188 4439; x_wconf 85' lang='lat' dir='ltr'>(Dan.</span> <span class='ocrx_word' id='word_1_830' title='bbox 3219 4387 3292 4437; x_wconf 84' lang='lat' dir='ltr'>Iv,</span> <span class='ocrx_word' id='word_1_831' title='bbox 3327 4371 3404 4438; x_wconf 87' lang='lat' dir='ltr'>v),</span> <span class='ocrx_word' id='word_1_832' title='bbox 3438 4372 3500 4422; x_wconf 90' lang='lat' dir='ltr'>et</span> <span class='ocrx_word' id='word_1_833' title='bbox 3526 4363 3710 4421; x_wconf 87' lang='lat' dir='ltr'>David</span> 
     </span>
    </p>
   </div>
   <div class='ocr_carea' id='block_1_105' title="bbox 2111 4455 3705 4532">
    <p class='ocr_par' dir='ltr' id='par_1_105' title="bbox 2111 4455 3705 4532">
     <span class='ocr_line' id='line_1_105' title="bbox 2111 4455 3705 4532; baseline -0.004 -19"><span class='ocrx_word' id='word_1_834' title='bbox 2111 4459 2172 4514; x_wconf 92' lang='lat' dir='ltr'>in</span> <span class='ocrx_word' id='word_1_835' title='bbox 2200 4459 2414 4532; x_wconf 89' lang='lat' dir='ltr'>Spiritu</span> <span class='ocrx_word' id='word_1_836' title='bbox 2443 4460 2693 4532; x_wconf 89' lang='lat' dir='ltr'>loquitur</span> <span class='ocrx_word' id='word_1_837' title='bbox 2719 4461 2926 4516; x_wconf 83' lang='lat' dir='ltr'>dixisse</span> <span class='ocrx_word' id='word_1_838' title='bbox 2947 4459 3252 4516; x_wconf 90' lang='lat' dir='ltr'>Dominum</span> <span class='ocrx_word' id='word_1_839' title='bbox 3281 4455 3522 4512; x_wconf 89' lang='lat' dir='ltr'>Domino</span> <span class='ocrx_word' id='word_1_840' title='bbox 3553 4469 3654 4508; x_wconf 90' lang='lat' dir='ltr'>suo</span> <span class='ocrx_word' id='word_1_841' title='bbox 3690 4470 3705 4506; x_wconf 92' lang='lat'><strong>:</strong></span> 
     </span>
    </p>
   </div>
   <div class='ocr_carea' id='block_1_106' title="bbox 2110 4547 3712 4618">
    <p class='ocr_par' dir='ltr' id='par_1_106' title="bbox 2110 4547 3712 4618">
     <span class='ocr_line' id='line_1_106' title="bbox 2110 4547 3712 4618; baseline -0.005 -15"><span class='ocrx_word' id='word_1_842' title='bbox 2110 4547 2240 4604; x_wconf 87' lang='lat' dir='ltr'>Sede</span> <span class='ocrx_word' id='word_1_843' title='bbox 2265 4565 2302 4603; x_wconf 85' lang='grc' dir='ltr'>ιι</span> <span class='ocrx_word' id='word_1_844' title='bbox 2329 4551 2536 4604; x_wconf 70' lang='lat' dir='ltr'>dextris</span> <span class='ocrx_word' id='word_1_845' title='bbox 2563 4553 2715 4615; x_wconf 87' lang='lat' dir='ltr'>meis,</span> <span class='ocrx_word' id='word_1_846' title='bbox 2743 4550 2910 4604; x_wconf 86' lang='lat' dir='ltr'>donec</span> <span class='ocrx_word' id='word_1_847' title='bbox 2931 4565 3138 4618; x_wconf 76' lang='lat' dir='ltr'>ponam</span> <span class='ocrx_word' id='word_1_848' title='bbox 3167 4549 3424 4602; x_wconf 85' lang='lat' dir='ltr'>inimicos</span> <span class='ocrx_word' id='word_1_849' title='bbox 3445 4551 3564 4598; x_wconf 87' lang='lat' dir='ltr'>tuos</span> <span class='ocrx_word' id='word_1_850' title='bbox 3582 4558 3712 4596; x_wconf 77' lang='lat' dir='ltr'>sca-</span> 
     </span>
    </p>
   </div>
   <div class='ocr_carea' id='block_1_107' title="bbox 2113 4626 3714 4709">
    <p class='ocr_par' dir='ltr' id='par_1_107' title="bbox 2113 4626 3714 4709">
     <span class='ocr_line' id='line_1_107' title="bbox 2113 4626 3714 4709; baseline -0.004 -16"><span class='ocrx_word' id='word_1_851' title='bbox 2113 4640 2317 4693; x_wconf 82' lang='lat' dir='ltr'>bellum</span> <span class='ocrx_word' id='word_1_852' title='bbox 2339 4640 2544 4709; x_wconf 85' lang='lat' dir='ltr'>pedum</span> <span class='ocrx_word' id='word_1_853' title='bbox 2574 4643 2801 4694; x_wconf 88' lang='lat' dir='ltr'>tuorum</span> <span class='ocrx_word' id='word_1_854' title='bbox 2831 4640 3000 4706; x_wconf 89' lang='lat' dir='ltr'>(Psal.</span> <span class='ocrx_word' id='word_1_855' title='bbox 3031 4640 3164 4706; x_wconf 75' lang='lat' dir='ltr'>cxx).</span> <span class='ocrx_word' id='word_1_856' title='bbox 3195 4637 3312 4692; x_wconf 90' lang='lat' dir='ltr'>Nec</span> <span class='ocrx_word' id='word_1_857' title='bbox 3339 4635 3460 4690; x_wconf 90' lang='lat' dir='ltr'>sine</span> <span class='ocrx_word' id='word_1_858' title='bbox 3489 4626 3714 4705; x_wconf 85' lang='lat' dir='ltr'>Spiritu</span> 
     </span>
    </p>
   </div>
   <div class='ocr_carea' id='block_1_108' title="bbox 2112 4723 3718 4800">
    <p class='ocr_par' dir='ltr' id='par_1_108' title="bbox 2112 4723 3718 4800">
     <span class='ocr_line' id='line_1_108' title="bbox 2112 4723 3718 4800; baseline -0.005 -17"><span class='ocrx_word' id='word_1_859' title='bbox 2112 4733 2303 4783; x_wconf 90' lang='lat' dir='ltr'>sancto</span> <span class='ocrx_word' id='word_1_860' title='bbox 2333 4727 2807 4800; x_wconf 86' lang='lat' dir='ltr'>prophetaverunt</span> <span class='ocrx_word' id='word_1_861' title='bbox 2856 4727 3162 4800; x_wconf 73' lang='lat' dir='ltr'>prephetaa,</span> <span class='ocrx_word' id='word_1_862' title='bbox 3193 4731 3268 4792; x_wconf 89' lang='lat' dir='ltr'>et,</span> <span class='ocrx_word' id='word_1_863' title='bbox 3297 4725 3453 4779; x_wconf 84' lang='lat' dir='ltr'>verbo</span> <span class='ocrx_word' id='word_1_864' title='bbox 3479 4723 3718 4778; x_wconf 79' lang='lat' dir='ltr'>Domini</span> 
     </span>
    </p>
   </div>
   <div class='ocr_carea' id='block_1_109' title="bbox 2113 4814 3716 4886">
    <p class='ocr_par' dir='ltr' id='par_1_109' title="bbox 2113 4814 3716 4886">
     <span class='ocr_line' id='line_1_109' title="bbox 2113 4814 3716 4886; baseline -0.004 -13"><span class='ocrx_word' id='word_1_865' title='bbox 2113 4820 2230 4874; x_wconf 68' lang='lat' dir='ltr'>eali</span> <span class='ocrx_word' id='word_1_866' title='bbox 2257 4819 2474 4883; x_wconf 83' lang='lat' dir='ltr'>ﬁrmati</span> <span class='ocrx_word' id='word_1_867' title='bbox 2497 4822 2649 4882; x_wconf 87' lang='lat' dir='ltr'>sunt,</span> <span class='ocrx_word' id='word_1_868' title='bbox 2683 4823 2732 4871; x_wconf 90' lang='lat' dir='ltr'>et</span> <span class='ocrx_word' id='word_1_869' title='bbox 2753 4819 2962 4886; x_wconf 85' lang='lat' dir='ltr'>spiritu</span> <span class='ocrx_word' id='word_1_870' title='bbox 2991 4819 3105 4870; x_wconf 86' lang='lat' dir='ltr'>oris</span> <span class='ocrx_word' id='word_1_871' title='bbox 3147 4819 3265 4886; x_wconf 85' lang='lat' dir='ltr'>ejus</span> <span class='ocrx_word' id='word_1_872' title='bbox 3295 4816 3477 4868; x_wconf 87' lang='lat' dir='ltr'>omnis</span> <span class='ocrx_word' id='word_1_873' title='bbox 3520 4814 3716 4866; x_wconf 65' lang='lat' dir='ltr'>uirtus</span> 
     </span>
    </p>
   </div>
   <div class='ocr_carea' id='block_1_110' title="bbox 2113 4901 3711 4978">
    <p class='ocr_par' dir='ltr' id='par_1_110' title="bbox 2113 4901 3711 4978">
     <span class='ocr_line' id='line_1_110' title="bbox 2113 4901 3711 4978; baseline -0.004 -19"><span class='ocrx_word' id='word_1_874' title='bbox 2113 4921 2305 4960; x_wconf 87' lang='lat' dir='ltr'>eorum</span> <span class='ocrx_word' id='word_1_875' title='bbox 2335 4907 2500 4972; x_wconf 86' lang='lat' dir='ltr'>(Psal.</span> <span class='ocrx_word' id='word_1_876' title='bbox 2533 4909 2730 4975; x_wconf 81' lang='lat' dir='ltr'>xxxn),</span> <span class='ocrx_word' id='word_1_877' title='bbox 2753 4911 2812 4960; x_wconf 91' lang='lat' dir='ltr'>et</span> <span class='ocrx_word' id='word_1_878' title='bbox 2841 4903 3113 4978; x_wconf 90' lang='lat' dir='ltr'>quidquid</span> <span class='ocrx_word' id='word_1_879' title='bbox 3127 4904 3314 4960; x_wconf 68' lang='lat' dir='ltr'>Patris</span> <span class='ocrx_word' id='word_1_880' title='bbox 3342 4909 3400 4957; x_wconf 91' lang='lat' dir='ltr'>et</span> <span class='ocrx_word' id='word_1_881' title='bbox 3435 4901 3562 4958; x_wconf 89' lang='lat' dir='ltr'>Filii</span> <span class='ocrx_word' id='word_1_882' title='bbox 3596 4905 3711 4968; x_wconf 63' lang='lat' dir='ltr'>est,</span> 
     </span>
    </p>
   </div>
   <div class='ocr_carea' id='block_1_111' title="bbox 2111 4991 3716 5067">
    <p class='ocr_par' dir='ltr' id='par_1_111' title="bbox 2111 4991 3716 5067">
     <span class='ocr_line' id='line_1_111' title="bbox 2111 4991 3716 5067; baseline -0.003 -19"><span class='ocrx_word' id='word_1_883' title='bbox 2111 4994 2218 5050; x_wconf 90' lang='lat' dir='ltr'>hoc</span> <span class='ocrx_word' id='word_1_884' title='bbox 2233 4993 2383 5050; x_wconf 89' lang='lat' dir='ltr'>idem</span> <span class='ocrx_word' id='word_1_885' title='bbox 2413 4999 2472 5050; x_wconf 88' lang='lat' dir='ltr'>et</span> <span class='ocrx_word' id='word_1_886' title='bbox 2499 4995 2742 5067; x_wconf 87' lang='lat' dir='ltr'>Spiritus</span> <span class='ocrx_word' id='word_1_887' title='bbox 2759 4994 2937 5050; x_wconf 89' lang='lat' dir='ltr'>sancti</span> <span class='ocrx_word' id='word_1_888' title='bbox 2961 4999 3065 5062; x_wconf 88' lang='lat' dir='ltr'>est,</span> <span class='ocrx_word' id='word_1_889' title='bbox 3091 4999 3151 5048; x_wconf 90' lang='lat' dir='ltr'>et</span> <span class='ocrx_word' id='word_1_890' title='bbox 3177 4993 3296 5065; x_wconf 91' lang='lat' dir='ltr'>ipse</span> <span class='ocrx_word' id='word_1_891' title='bbox 3314 4991 3558 5062; x_wconf 89' lang='lat' dir='ltr'>Spiritus</span> <span class='ocrx_word' id='word_1_892' title='bbox 3575 5005 3716 5044; x_wconf 76' lang='lat' dir='ltr'>cum</span> 
     </span>
    </p>
   </div>
   <div class='ocr_carea' id='block_1_112' title="bbox 2111 5077 3718 5155">
    <p class='ocr_par' dir='ltr' id='par_1_112' title="bbox 2111 5077 3718 5155">
     <span class='ocr_line' id='line_1_112' title="bbox 2111 5077 3718 5155; baseline -0.002 -17"><span class='ocrx_word' id='word_1_893' title='bbox 2111 5083 2374 5139; x_wconf 89' lang='lat' dir='ltr'>mittatur</span> <span class='ocrx_word' id='word_1_894' title='bbox 2387 5101 2424 5139; x_wconf 90' lang='lat' dir='ltr'>a</span> <span class='ocrx_word' id='word_1_895' title='bbox 2441 5085 2627 5150; x_wconf 89' lang='lat' dir='ltr'>Patre,</span> <span class='ocrx_word' id='word_1_896' title='bbox 2642 5089 2699 5138; x_wconf 90' lang='lat' dir='ltr'>et</span> <span class='ocrx_word' id='word_1_897' title='bbox 2712 5100 2813 5155; x_wconf 91' lang='lat' dir='ltr'>pro</span> <span class='ocrx_word' id='word_1_898' title='bbox 2827 5083 2970 5138; x_wconf 90' lang='lat' dir='ltr'>Filio</span> <span class='ocrx_word' id='word_1_899' title='bbox 2983 5083 3190 5149; x_wconf 87' lang='lat' dir='ltr'>veniat,</span> <span class='ocrx_word' id='word_1_900' title='bbox 3205 5082 3266 5137; x_wconf 91' lang='lat' dir='ltr'>in</span> <span class='ocrx_word' id='word_1_901' title='bbox 3279 5081 3390 5136; x_wconf 87' lang='lat' dir='ltr'>alio</span> <span class='ocrx_word' id='word_1_902' title='bbox 3406 5084 3574 5151; x_wconf 86' lang='lat' dir='ltr'>atque</span> <span class='ocrx_word' id='word_1_903' title='bbox 3595 5077 3718 5134; x_wconf 89' lang='lat' dir='ltr'>alio</span> 
     </span>
    </p>
   </div>
   <div class='ocr_carea' id='block_1_113' title="bbox 2111 5168 3720 5244">
    <p class='ocr_par' dir='ltr' id='par_1_113' title="bbox 2111 5168 3720 5244">
     <span class='ocr_line' id='line_1_113' title="bbox 2111 5168 3720 5244; baseline -0.003 -17"><span class='ocrx_word' id='word_1_904' title='bbox 2111 5172 2231 5227; x_wconf 90' lang='lat' dir='ltr'>loco</span> <span class='ocrx_word' id='word_1_905' title='bbox 2259 5172 2502 5244; x_wconf 91' lang='lat' dir='ltr'>Spiritus</span> <span class='ocrx_word' id='word_1_906' title='bbox 2528 5173 2630 5228; x_wconf 91' lang='lat' dir='ltr'>Dei</span> <span class='ocrx_word' id='word_1_907' title='bbox 2648 5171 2832 5228; x_wconf 87' lang='lat' dir='ltr'>Patris</span> <span class='ocrx_word' id='word_1_908' title='bbox 2859 5177 2918 5227; x_wconf 90' lang='lat' dir='ltr'>et</span> <span class='ocrx_word' id='word_1_909' title='bbox 2947 5171 3155 5227; x_wconf 84' lang='lat' dir='ltr'>Christi</span> <span class='ocrx_word' id='word_1_910' title='bbox 3188 5169 3431 5244; x_wconf 91' lang='lat' dir='ltr'>Spiritus</span> <span class='ocrx_word' id='word_1_911' title='bbox 3462 5168 3720 5240; x_wconf 58' lang='lat' dir='ltr'>appellav-</span> 
     </span>
    </p>
   </div>
   <div class='ocr_carea' id='block_1_114' title="bbox 2112 5257 3717 5334">
    <p class='ocr_par' dir='ltr' id='par_1_114' title="bbox 2112 5257 3717 5334">
     <span class='ocr_line' id='line_1_114' title="bbox 2112 5257 3717 5334; baseline -0.003 -17"><span class='ocrx_word' id='word_1_912' title='bbox 2112 5266 2225 5317; x_wconf 92' lang='lat' dir='ltr'>tur.</span> <span class='ocrx_word' id='word_1_913' title='bbox 2268 5262 2429 5318; x_wconf 91' lang='lat' dir='ltr'>Unde</span> <span class='ocrx_word' id='word_1_914' title='bbox 2465 5268 2524 5316; x_wconf 91' lang='lat' dir='ltr'>et</span> <span class='ocrx_word' id='word_1_915' title='bbox 2557 5262 2617 5317; x_wconf 89' lang='lat' dir='ltr'>in</span> <span class='ocrx_word' id='word_1_916' title='bbox 2654 5261 2886 5317; x_wconf 81' lang='lat' dir='ltr'>Actibus</span> <span class='ocrx_word' id='word_1_917' title='bbox 2917 5261 3299 5334; x_wconf 89' lang='lat' dir='ltr'>apostolorum</span> <span class='ocrx_word' id='word_1_918' title='bbox 3337 5259 3434 5331; x_wconf 88' lang='lat' dir='ltr'>qui</span> <span class='ocrx_word' id='word_1_919' title='bbox 3471 5257 3717 5314; x_wconf 78' lang='lat' dir='ltr'>Joannis</span> 
     </span>
    </p>
   </div>
   <div class='ocr_carea' id='block_1_115' title="bbox 2112 5347 3717 5422">
    <p class='ocr_par' dir='ltr' id='par_1_115' title="bbox 2112 5347 3717 5422">
     <span class='ocr_line' id='line_1_115' title="bbox 2112 5347 3717 5422; baseline -0.002 -18"><span class='ocrx_word' id='word_1_920' title='bbox 2112 5349 2452 5422; x_wconf 86' lang='lat' dir='ltr'>baptismate</span> <span class='ocrx_word' id='word_1_921' title='bbox 2477 5352 2703 5406; x_wconf 89' lang='lat' dir='ltr'>fuerant</span> <span class='ocrx_word' id='word_1_922' title='bbox 2726 5349 2994 5421; x_wconf 89' lang='lat' dir='ltr'>baptizati</span> <span class='ocrx_word' id='word_1_923' title='bbox 3023 5356 3082 5406; x_wconf 90' lang='lat' dir='ltr'>et</span> <span class='ocrx_word' id='word_1_924' title='bbox 3115 5348 3419 5405; x_wconf 89' lang='lat' dir='ltr'>credebant</span> <span class='ocrx_word' id='word_1_925' title='bbox 3442 5347 3504 5403; x_wconf 90' lang='lat' dir='ltr'>in</span> <span class='ocrx_word' id='word_1_926' title='bbox 3523 5347 3717 5402; x_wconf 81' lang='lat' dir='ltr'>Deum</span> 
     </span>
    </p>
   </div>
   <div class='ocr_carea' id='block_1_116' title="bbox 2113 5435 3717 5512">
    <p class='ocr_par' dir='ltr' id='par_1_116' title="bbox 2113 5435 3717 5512">
     <span class='ocr_line' id='line_1_116' title="bbox 2113 5435 3717 5512; baseline -0.003 -18"><span class='ocrx_word' id='word_1_927' title='bbox 2113 5440 2341 5496; x_wconf 86' lang='lat' dir='ltr'>Patrem</span> <span class='ocrx_word' id='word_1_928' title='bbox 2362 5446 2420 5496; x_wconf 90' lang='lat' dir='ltr'>et</span> <span class='ocrx_word' id='word_1_929' title='bbox 2440 5439 2744 5504; x_wconf 85' lang='lat' dir='ltr'>Christum,</span> <span class='ocrx_word' id='word_1_930' title='bbox 2763 5440 2897 5511; x_wconf 89' lang='lat' dir='ltr'>quia</span> <span class='ocrx_word' id='word_1_931' title='bbox 2917 5439 3192 5512; x_wconf 90' lang='lat' dir='ltr'>Spiritum</span> <span class='ocrx_word' id='word_1_932' title='bbox 3211 5443 3468 5493; x_wconf 89' lang='lat' dir='ltr'>sanctum</span> <span class='ocrx_word' id='word_1_933' title='bbox 3495 5435 3717 5490; x_wconf 77' lang='lat' dir='ltr'>nescie—</span> 
     </span>
    </p>
   </div>
   <div class='ocr_carea' id='block_1_117' title="bbox 2111 5525 3716 5602">
    <p class='ocr_par' dir='ltr' id='par_1_117' title="bbox 2111 5525 3716 5602">
     <span class='ocr_line' id='line_1_117' title="bbox 2111 5525 3716 5602; baseline -0.002 -18"><span class='ocrx_word' id='word_1_934' title='bbox 2111 5527 2267 5597; x_wconf 84' lang='lat' dir='ltr'>bant,</span> <span class='ocrx_word' id='word_1_935' title='bbox 2287 5529 2496 5586; x_wconf 90' lang='lat' dir='ltr'>iterum</span> <span class='ocrx_word' id='word_1_936' title='bbox 2531 5528 2905 5602; x_wconf 85' lang='lat' dir='ltr'>baptizantur,</span> <span class='ocrx_word' id='word_1_937' title='bbox 2945 5529 3062 5584; x_wconf 90' lang='lat' dir='ltr'>imo</span> <span class='ocrx_word' id='word_1_938' title='bbox 3097 5533 3234 5584; x_wconf 89' lang='lat' dir='ltr'>tunc</span> <span class='ocrx_word' id='word_1_939' title='bbox 3259 5543 3390 5583; x_wconf 89' lang='lat' dir='ltr'>vere</span> <span class='ocrx_word' id='word_1_940' title='bbox 3419 5525 3716 5598; x_wconf 81' lang='lat' dir='ltr'>accipiunt.</span> 
     </span>
    </p>
   </div>
  </div>
