3900 6196
274 330 356 388 H3

737 324 1320 383 ENARRATIONUM
1345 325 1425 380 IN
1454 325 1608 382 EPP.
1641 325 1857 382 PAULI
1886 325 2024 381 LIB.
2057 326 2154 380 XI.
2189 357 2254 368 —
2285 326 2366 382 IN
2395 325 2618 382 EPIST.
2648 327 2674 382 Ῑ
2701 327 2798 384 AD
2826 327 2990 385 00R.

3401 329 3503 385 114

271 453 574 524 baptismum
597 469 610 518 ;
643 450 856 521 absque
888 449 1103 520 Spiritu
1131 449 1283 502 enim
1331 454 1523 526 sancto
1559 450 1819 523 imperfe-
1835 449 2097 516 Aoﬁiciis
2120 450 2526 521 gubernantur.
2558 452 2764 506 Omnia
2797 453 2950 508 enim
2975 469 3154 510 unum
3183 453 3502 510 membrum

266 537 823 610 ctumestmysterium
833 537 1148 592 Trinitatis.
1167 537 1236 590 Et
1254 536 1310 589 in
1329 537 1524 591 eodem
1538 540 1822 593 volumine

267 630 434 684 Petrus
473 627 702 682 Ananiaa
751 631 810 680 et
857 625 1110 696 Saphirze
1149 625 1354 678 dixisse
1387 633 1652 681 narratur
1683 627 1817 697 (Act.

265 723 326 785 γ),
349 717 487 789 quod
506 715 845 771 mentientes
870 713 1110 785 Spiritui
1148 719 1340 768 sancto
1369 731 1484 769 non
1504 716 1620 770 sint
1645 716 1823 773 homi-

262 805 400 859 nibus
423 804 664 870 mentiti,
698 803 800 857 sed
823 802 960 858 Deo.

317 931 455 986 Sicut
481 931 630 982 enim
658 943 858 996 corpus
869 943 1051 980 unum
1075 932 1172 992 est,
1195 929 1442 981 membra
1460 933 1648 982 autem
1670 929 1828 984 habet

258 1021 427 1081 multa,
458 1019 646 1070 omnia
673 1021 868 1069 autem
897 1016 1145 1069 membra
1179 1031 1244 1068 ea:
1285 1031 1398 1070 uno
1444 1031 1664 1085 corpore
1700 1032 1827 1072 cum

258 1114 352 1161 sint
365 1109 743 1169 multa,unum
761 1109 896 1159 sunt
913 1119 1124 1173 corpus,
1148 1107 1229 1158 ita
1248 1109 1297 1158 et
1326 1103 1596 1169 Christus,
1625 1109 1824 1160 etenim

258 1199 310 1250 in
335 1210 432 1249 uno
456 1196 659 1263 spiritu
695 1209 792 1246 nos
819 1209 1024 1259 omnes,
1054 1196 1115 1246 in
1132 1209 1314 1247 unum
1343 1209 1538 1263 corpus
1559 1194 1826 1263 baptizati

258 1300 435 1347 sumus,
467 1285 575 1336 sive
596 1283 804 1346 Judzi,
828 1283 940 1336 sive
969 1281 1155 1346 θνατοί,
1173 1285 1285 1336 sive
1315 1285 1477 1346 servi,
1497 1285 1608 1336 sive
1636 1284 1817 1348 liberi,

259 1380 298 1426 et
317 1387 481 1426 omnes
520 1387 707 1424 unum
751 1369 1033 1440 Spiritum
1069 1374 1403 1440 potavi-mus.
1439 1369 1682 1434 (Amer
1710 1373 1821 1426 Per

261 1461 356 1518 hac
374 1460 526 1514 docet
545 1459 761 1514 nullius
793 1474 1095 1530 personam
1123 1459 1284 1530 quasi
1305 1459 1553 1531 despecti
1577 1467 1823 1515 contem.

260 1549 487 1613 nendam,
506 1563 694 1618 neque
713 1547 882 1618 alicuj
889 1562 956 1601 ns
981 1547 1141 1618 quasi
1165 1546 1414 1618 perfecta
1430 1549 1506 1602 sit
1523 1547 1822 1619 praeferen-

258 1637 384 1700 dam,
402 1653 497 1691 nec
524 1635 773 1706 gloriam
805 1651 931 1706 quae
957 1635 1058 1688 soli
1085 1634 1202 1689 Deo
1238 1633 1476 1690 debetur
1499 1635 1822 1692 hominibus

259 1725 602 1790 tribuendam,
641 1723 872 1795 quando
903 1723 962 1778 in
993 1723 1252 1778 omnibus
1279 1740 1428 1779 unus
1457 1731 1627 1796 atque
1671 1724 1822 1780 idem

259 1815 384 1868 Deus
399 1814 470 1868 sit
484 1814 770 1884 gloriosus
793 1831 806 1879 ;
829 1813 1036 1884 quippe
1051 1829 1181 1867 cum
1209 1829 1406 1868 omnes
1435 1819 1491 1868 et
1519 1829 1694 1868 unum
1719 1813 1822 1869 ba-

258 1903 436 1974 ptisma
461 1901 778 1956 habeamus
811 1907 1056 1956 etunum
1077 1908 1247 1972 atque
1266 1903 1530 1958 eumdem
1551 1903 1826 1975 Spiritum

256 1997 504 2056 sanctum,
535 1991 644 2045 hoc
679 1997 912 2062 propter
931 1991 1313 2062 supradictam
1332 2008 1580 2058 causam,
1598 1991 1733 2063 quia
1764 1992 1825 2047 in

256 2079 505 2152 aliquibus
527 2079 946 2150 gloriabantur,
980 2079 1196 2151 aliquos
1221 2096 1354 2135 vero
1390 2081 1544 2136 velut
1579 2087 1825 2136 contem-

253 2169 446 2240 ptibiles
480 2169 850 2240 spernebant.
899 2170 1080 2237 (Aug.)
1134 2170 1395 2240 Loquens
1445 2169 1515 2224 de
1553 2170 1822 2226 membris

251 2258 449 2323 Christi,
471 2258 576 2312 hoc
593 2263 689 2312 est
706 2259 776 2312 de
805 2257 1084 2325 ﬁdelibus,
1113 2275 1226 2312 non
1257 2258 1338 2312 ait
1363 2258 1443 2312 sic
1475 2265 1533 2313 et
1567 2259 1852 2314 membra'

248 2347 448 2410 Christi,
463 2347 561 2401 sed
581 2352 776 2401 totum
795 2347 902 2400 hoc
920 2347 1068 2418 quod
1086 2347 1227 2402 dixit
1257 2347 1546 2402 Christum
1566 2347 1815 2420 appella-

246 2435 310 2490 vit
349 2455 359 2488 :
398 2436 538 2490 sicut
585 2436 748 2490 enim
793 2451 996 2506 corpus
1025 2452 1203 2490 unum
1259 2441 1318 2490 et
1354 2435 1610 2491 membra
1645 2437 1817 2492 habet

244 2524 411 2590 multa,
450 2525 648 2580 omnia
695 2531 888 2578 autem
943 2524 1196 2579 membra
1232 2526 1482 2596 corporis
1519 2543 1648 2580 cum
1700 2527 1816 2582 sint

243 2614 394 2668 multa
416 2630 594 2668 unum
641 2620 731 2668 est
771 2630 994 2684 corpus,
1042 2613 1121 2668 sic
1169 2619 1227 2668 et
1266 2614 1522 2668 Christus
1557 2614 1816 2670 membra

240 2704 392 2757 multa
415 2721 593 2758 unum
625 2719 834 2774 corpus
860 2703 1086 2768 Christi,
1117 2719 1253 2773 ergo
1289 2701 1457 2756 simul
1484 2719 1680 2758 omnes
1712 2721 1814 2759 nos

237 2808 342 2846 cum
366 2793 540 2864 capite
570 2799 773 2847 nostro
803 2792 1076 2857 Christus,
1099 2792 1220 2846 sine
1253 2791 1436 2862 capite
1454 2791 1598 2845 nihil
1627 2793 1814 2847 valen-

235 2888 322 2934 tes.
349 2882 524 2944 Quare
567 2881 712 2952 quia
743 2897 846 2934 nos
889 2897 1018 2934 cum
1067 2881 1248 2952 capite
1289 2886 1485 2934 nostro
1511 2880 1656 2948 vitis,
1689 2881 1810 2936 sine

235 2970 390 3040 capite
407 2977 624 3035 nostro,
649 2970 800 3040 quod
821 2968 986 3044 absit,
1001 2973 1288 3024 sarmenta
1301 2969 1553 3040 praecisa,
1574 2985 1686 3023 non
1711 2969 1810 3024 ali-

232 3059 306 3112 cui
315 3059 706 3129 agricolarum,
722 3059 820 3112 sed
830 3058 1353 3128 ignitantummodo
1367 3058 1807 3113 destinata.Ideo

234 3156 281 3201 et
295 3149 404 3219 ipse
420 3149 479 3202 in
502 3148 815 3218 Evangelia
833 3147 915 3201 ait
942 3165 954 3200 :
985 3148 1094 3216 Ego
1113 3163 1240 3201 sum
1255 3150 1405 3211 vitis,
1428 3163 1518 3200 vos
1533 3151 1659 3202 estis
1669 3151 1808 3216 pal-

232 3240 364 3291 mites
381 3243 426 3291 et
443 3240 613 3292 Pater
635 3253 790 3290 meus
805 3239 1052 3304 agricola
1067 3242 1169 3301 est;
1189 3239 1309 3290 sine
1340 3251 1443 3302 me,
1476 3235 1678 3308 inquit,
1713 3239 1806 3291 ni-

232 3326 299 3378 hil
319 3329 526 3394 potestis
553 3328 744 3394 facere
771 3323 954 3394 (Joan.
985 3329 1101 3393 xv).

289 3440 416 3493 Nam
431 3446 476 3494 et
493 3456 698 3509 corpus
723 3455 835 3493 non
854 3445 931 3493 est
950 3455 1130 3493 unum
1152 3441 1477 3504 membrum,
1494 3441 1585 3493 sed
1603 3442 1802 3494 multa.

233 3526 442 3594 (Ambu)
471 3529 594 3582 Hoc
649 3527 840 3580 dicens
871 3526 1115 3580 ostendit
1143 3527 1420 3582 unitatem
1465 3527 1670 3581 habere
1707 3544 1804 3580 va-

231 3616 434 3671 rietates
451 3617 795 3682 ofﬁciorum,
821 3621 879 3670 et
899 3616 1284 3670 diversitatem
1305 3615 1449 3670 hanc
1468 3633 1581 3670 non
1603 3615 1808 3670 discre-

232 3721 344 3775 pare
369 3706 426 3760 in
451 3706 681 3760 unitate
721 3705 1032 3776 potestatis,
1069 3705 1296 3776 quando
1337 3705 1588 3776 corporis
1617 3703 1808 3759 unitas

231 3809 325 3848 non
339 3796 394 3848 in
404 3794 809 3865 singularitate
834 3793 1106 3859 consistit,
1123 3794 1221 3848 sed
1233 3794 1290 3848 in
1306 3794 1500 3848 multis
1514 3792 1803 3861 membris,

235 3889 284 3936 ut
303 3883 530 3938 invicem
546 3883 662 3937 sibi
677 3887 946 3954 praestent
970 3883 1118 3952 quod
1130 3882 1356 3936 debent.
1380 3881 1443 3936 Si
1469 3885 1674 3937 dixerit
1690 3899 1802 3952 pes,

229 3975 342 4040 quia
368 3991 477 4027 non
505 3989 641 4026 sum
653 3988 873 4036 uulnus,
896 3988 1008 4026 non
1028 3986 1152 4025 sum
1168 3973 1232 4025 de
1251 3987 1489 4040 corpore,
1516 3988 1654 4025 num
1671 3987 1805 4040 pro-

229 4069 386 4128 pterea
427 4079 540 4116 non
586 4067 666 4114 est
694 4062 758 4114 de
786 4076 1006 4129 corpore
1027 4065 1052 4114 γ
1081 4061 1200 4114 Hoc
1229 4066 1315 4114 est
1343 4076 1455 4115 non
1485 4077 1648 4131 posse
1678 4076 1807 4116 eum

231 4151 310 4220 qui
334 4151 593 4205 inﬁrmus
607 4150 832 4204 videtur
851 4149 998 4202 inter
1011 4149 1213 4203 fratres
1243 4149 1438 4218 negari
1461 4165 1580 4203 esse
1601 4149 1670 4202 de
1691 4165 1808 4204 cor-

229 4255 361 4308 pore,
392 4241 658 4310 quianon
686 4244 774 4292 est
792 4243 1008 4308 potens.
1037 4236 1103 4291 Si
1126 4239 1333 4291 dixerit
1361 4241 1643 4302 auricula,
1674 4241 1808 4307 quia

229 4343 324 4382 non
340 4345 460 4382 sum
489 4331 710 4392 oculus,
733 4343 872 4380 num
891 4332 1180 4396 propterea
1209 4343 1320 4380 non
1345 4332 1420 4380 est
1443 4328 1506 4380 de
1555 4330 1808 4394 corpore?

1903 555 2026 593 esse
2045 555 2158 592 non
2174 545 2451 610 poterant.
2478 540 2610 595 Ideo
2622 545 2812 594 autem
2828 541 3007 596 multa
3021 547 3152 597 sunt
3173 543 3308 615 quia
3325 542 3395 598 ab
3415 543 3501 600 in-

1902 627 2079 681 vicem
2093 627 2360 682 diﬁ'erunt
2377 628 2675 698 dignitate.
2694 629 2842 696 Quod
2851 633 2902 684 si
2917 637 3088 685 essent
3108 635 3300 690 omnia
3316 648 3502 688 unum

1903 717 2214 769 membrum
2250 717 2349 770 ubi
2383 719 2805 786 corpusPNunc
2831 724 3020 774 autem
3055 723 3238 774 multa
3277 723 3502 791 quidem

1907 805 2172 871 membra,
2187 821 2368 859 unum
2397 811 2582 860 autem
2599 822 2814 875 corpus.
2847 807 2966 861 Hoc
2989 806 3144 874 dicit,
3167 808 3301 880 quia
3318 809 3502 866 multa

1907 891 2162 946 membra
2185 909 2314 948 cum
2341 893 2579 949 invicem
2593 895 2680 950 sui
2709 900 2930 966 egeant,
2953 912 3068 951 non
3096 896 3419 969 discrepant
3436 899 3497 953 in

1907 983 2124 1037 unitate
2136 986 2372 1049 natura,
2391 983 2648 1054 quamvis
2675 983 2896 1038 diversa
2909 985 3042 1052 sint,
3059 985 3194 1056 quia
3204 985 3500 1043 diversitas

1906 1071 2024 1125 hinc
2038 1071 2096 1124 in
2119 1087 2298 1125 unum
2313 1071 2592 1126 concurrit
2609 1077 2675 1126 ut
2685 1073 2936 1145 corporis
2952 1073 3168 1129 utilitas
3185 1074 3496 1146 expleatur.

1907 1157 2064 1214 Sicut
2113 1165 2172 1213 et
2229 1175 2297 1214 ea
2348 1159 2550 1232 quibus
2603 1161 2848 1216 mundus
2905 1162 3026 1234 ipse
3081 1167 3320 1230 constat,
3367 1179 3501 1220 cum

1905 1245 2021 1301 sint
2045 1246 2266 1302 diversa
2293 1264 2407 1302 non
2442 1249 2626 1303 solum
2671 1249 2888 1317 ofﬁciis,
2921 1251 3020 1305 sed
3055 1256 3114 1304 et
3153 1249 3394 1319 naturis,
3424 1253 3499 1308 ad

1903 1336 2074 1390 unius
2100 1340 2292 1392 tamen
2323 1337 2520 1392 mundi
2563 1338 2866 1409 proﬁciunt
2893 1338 3311 1410 perfectionem,
3346 1345 3406 1396 et
3431 1357 3500 1396 ex

1905 1424 2165 1480 omnibus
2191 1425 2280 1480 his
2307 1426 2558 1480 nascitur
2583 1428 2888 1499 temperies
2916 1427 3173 1499 quaedam
3202 1428 3264 1484 in
3304 1428 3497 1486 fructi-

1902 1511 2028 1579 bus,
2063 1514 2158 1586 qui
2187 1513 2451 1570 humanaa
2472 1515 2776 1587 proﬁciunt
2799 1515 3056 1572 utilitati.

1973 1603 2096 1657 Non
2117 1609 2292 1672 potest
2318 1609 2504 1658 autem
2523 1605 2700 1660 dicere
2728 1609 2918 1660 oculus
2944 1608 3178 1662 manui:
3203 1607 3377 1678 Opera
3399 1612 3500 1663 tua

1905 1707 2016 1746 non
2029 1693 2274 1761 indigeo;
2295 1697 2396 1746 aut
2411 1695 2617 1747 iterum
2632 1699 2797 1763 caput
2800 1694 3031 1764 pedibus
3043 1713 3060 1750 :
3071 1695 3195 1750 Non
3215 1699 3341 1751 estis
3355 1697 3498 1751 mihi

1841 1779 1890 1840 B
1910 1783 2218 1836 necessarii.
2260 1781 2380 1836 Hoc
2416 1786 2520 1848 est,
2564 1797 2678 1837 non
2705 1787 2894 1854 potest
2921 1783 3110 1855 potior
3135 1783 3322 1840 dicere
3350 1784 3498 1840 infe-

1907 1869 2064 1934 riori,
2095 1884 2208 1924 non
2240 1870 2381 1925 mihi
2410 1887 2553 1943 opus
2579 1887 2660 1938 es,
2691 1872 2828 1943 quia
2860 1873 3035 1928 oculis
3064 1871 3296 1945 quidem
3320 1873 3494 1940 videt,

1907 1957 2005 2012 sed
2034 1974 2236 2014 manus
2265 1965 2400 2014 sunt
2433 1976 2557 2032 quae
2585 1966 2910 2032 operantur.
2960 1959 3067 2016 Sed
3111 1965 3290 2018 multo
3317 1965 3498 2032 magis

1905 2063 2024 2116 qua
2041 2049 2302 2103 videntur
2318 2050 2566 2103 mernbra
2585 2052 2827 2119 corporis
2844 2053 3168 2119 inﬁrmiora
3179 2066 3314 2118 esse,
3325 2067 3500 2107 neces-

1905 2138 2124 2192 sariora
2150 2143 2301 2192 sunt.
2339 2137 2403 2193 Id
2431 2143 2536 2204 est,
2578 2138 2764 2209 major
2785 2139 2967 2210 gradu
2997 2145 3058 2194 et
3082 2139 3360 2211 dignitate
3383 2156 3497 2196 non

1903 2227 2088 2293 potest
2113 2223 2235 2278 sine
2263 2223 2361 2279 illo
2390 2225 2488 2296 qui
2527 2224 2758 2280 humilis
2783 2230 2890 2292 est,
2925 2225 3058 2296 quia
3083 2231 3170 2281 est
3209 2225 3360 2298 quod
3385 2227 3496 2284 hu-

1901 2311 2050 2366 milis
2077 2318 2264 2384 potest
2290 2313 2442 2385 quod
2469 2328 2583 2368 non
2614 2318 2800 2386 potest
2812 2312 3088 2382 sublimis,
3120 2313 3256 2386 quia
3279 2314 3495 2370 ferrum

1897 2405 2083 2472 potest
2113 2400 2262 2473 quod
2286 2417 2400 2457 non
2424 2407 2610 2473 potest
2625 2417 2850 2470 aurum,
2882 2417 3065 2473 acper
3089 2402 3196 2459 hoc
3220 2403 3494 2458 honorem

1895 2489 2064 2560 capiti
2107 2489 2320 2545 faciunt
2356 2491 2546 2562 pedes.
2603 2491 2672 2545 Et
2709 2506 2828 2560 qua
2853 2496 3122 2560 putamus
3155 2492 3494 2561 ignobiliora

1894 2579 2142 2632 membra
2170 2583 2414 2649 corporis
2453 2595 2576 2645 esse,
2617 2580 2704 2634 his
2731 2579 3201 2635 abundantiorem
3231 2582 3494 2636 honorem

1893 2667 2328 2722 circumdamus.
2356 2667 2714 2724 Manifestum
2739 2672 2828 2722 est
2846 2668 2982 2741 quia
3006 2669 3262 2740 quamvis
3285 2669 3492 2740 aliquis

1893 2754 2171 2826 dignitate
2198 2754 2454 2811 sublimis
2485 2756 2578 2823 sit,
2611 2755 2660 2810 si
2691 2754 2978 2827 subjectus
3005 2761 3198 2812 tamen
3225 2756 3487 2826 defuerit,

1894 2843 1991 2914 qui
2019 2841 2300 2914 obsequiis
2317 2845 2434 2900 suis
2458 2845 2620 2900 illum
2637 2845 2807 2900 faciat
2816 2845 3146 2916 gloriosum,
3166 2845 3292 2916 ipsa
3305 2845 3488 2918 digni-

1889 2936 1978 2986 tas
2001 2931 2438 3003 contemptibilis
2465 2933 2576 2988 erit
2607 2952 2620 2986 :
2652 2933 2898 2988 ofﬁcium
2927 2940 3016 2988 est
3038 2934 3192 2989 enim
3207 2951 3309 3006 per
3333 2935 3486 3006 quod

1889 3020 2134 3091 dignitas
2164 3027 2401 3077 constat.
2433 3023 2568 3077 Tale
2597 3029 2685 3078 est
2710 3022 2757 3076 si
2786 3023 3117 3094 imperatori
3145 3023 3291 3078 desit
3320 3039 3482 3078 exer-

1827 3097 1872 3158 C
1891 3109 2055 3176 citus,
2093 3111 2346 3182 quamvis
2377 3127 2510 3182 ergo
2538 3127 2780 3182 magnus
2801 3111 2883 3166 sit
2921 3111 3249 3183 imperator,
3293 3127 3483 3168 neces-

1889 3199 2102 3252 sarium
2127 3204 2318 3254 tamen
2339 3199 2510 3254 habet
2532 3201 2858 3264 exercitum,
2888 3199 3208 3254 membrum
3225 3205 3313 3255 est
3332 3200 3484 3256 enim

1887 3287 2136 3358 corporis
2163 3289 2305 3358 ejus,
2321 3295 2453 3344 ante
2477 3305 2538 3343 se
2558 3289 2770 3344 habens
2798 3288 3076 3355 tribunos,
3093 3289 3347 3356 comites,
3363 3305 3483 3344 ma-

1885 3377 2092 3446 gistros
2125 3395 2137 3430 :
2169 3377 2257 3431 his
2283 3377 2542 3433 omnibus
2569 3377 2862 3432 inferiores
2887 3383 3020 3433 sunt
3035 3378 3264 3445 milites,
3288 3382 3348 3434 et
3360 3394 3483 3434 ma-

1885 3465 1973 3537 gis
1991 3467 2291 3521 necessarii
2312 3472 2446 3522 sunt
2465 3467 2610 3521 sicut
2637 3467 2892 3522 membra
2920 3467 3188 3538 corporis,
3206 3482 3332 3538 quae
3353 3483 3484 3523 cum

1885 3553 2154 3609 inferiora
2179 3555 2458 3622 videntur,
2483 3556 2609 3626 plus
2624 3556 2787 3610 utilia
2814 3563 2975 3612 sunt:
2997 3557 3117 3610 sine
3135 3555 3311 3611 oculis
3329 3557 3484 3612 enim

1891 3659 2091 3698 manus
2134 3649 2416 3715 operatur,
2449 3652 2507 3698 et
2531 3660 2628 3716 pes
2669 3644 2964 3700 ambulans
3000 3645 3212 3701 victum
3261 3645 3480 3718 querit.

1889 3732 1957 3786 Et
1988 3749 2108 3801 quae
2135 3735 2426 3787 inhonesta
2443 3739 2575 3787 sunt
2588 3739 2794 3799 nostra,
2822 3735 2909 3788 his
2929 3737 3198 3802 majorem
3224 3733 3486 3790 honorem

1890 3822 2320 3875 circumdamus.
2355 3821 2568 3875 Similis
2593 3837 2790 3876 sensus
2815 3827 2921 3888 est,
2947 3821 3080 3892 quia
3094 3821 3192 3892 qui
3210 3826 3491 3892 putantur

1887 3908 2008 3963 sine
2035 3909 2308 3979 dignitate
2327 3925 2467 3974 esse,
2484 3909 2800 3964 invenimus
2809 3910 2869 3965 in
2885 3909 2967 3964 eis
2993 3909 3144 3980 quod
3158 3909 3474 3978 laudemus,

1889 3997 2034 4052 sicut
2062 4001 2120 4051 et
2145 3996 2204 4050 in
2249 3996 2535 4063 membris,
2578 4003 2638 4053 et
2682 3997 2808 4070 plus
2854 3997 3016 4052 nobis
3053 3997 3275 4069 placeat
3309 4013 3482 4070 quam

1889 4086 2037 4158 quod
2075 4086 2134 4140 in
2173 4086 2387 4142 czeteris
2419 4085 2770 4142 invenimus:
2809 4103 2918 4160 quo
2959 4087 3112 4142 enim
3149 4087 3363 4142 honore
3391 4086 3482 4142 di-

1887 4191 2012 4247 gna:
2028 4180 2162 4230 sunt
2179 4191 2399 4242 manus,
2419 4176 2642 4247 quando
2659 4175 2808 4248 quod
2820 4175 3078 4232 volumus
3090 4181 3372 4242 tenemus,
3393 4177 3481 4230 vel

1889 4265 2058 4335 pedes
2086 4280 2215 4319 cum
2233 4280 2342 4336 quo
2359 4265 2618 4320 volumus
2645 4265 2830 4320 imus?
2849 4271 3149 4338 propterea
3171 4269 3230 4320 et
3257 4280 3364 4320 nos
3388 4265 3484 4322 ad-

1891 4353 2076 4408 dimus
2129 4353 2210 4408 eis
2261 4353 2766 4420 honoriﬁcentiam,
2798 4359 3002 4426 utputa
3029 4353 3286 4425 pedibus,
3342 4369 3484 4425 quos

230 4416 338 4470 X0“
361 4417 567 4514 δθδῗτθ
602 4415 738 4514 δίθῇ
766 4414 927 4514 mum
973 4414 1068 4514 qu}
1115 4415 1282 4514 Pam?
1310 4413 1661 4514 ίηίδθτίονεθῗί
1694 4428 1872 4512 ¹¹⁰Ϊ¹Π
1891 4442 2026 4514 quia
2054 4441 2297 4498 humiles
2324 4446 2458 4498 sunt
2471 4448 2531 4497 et
2549 4443 2672 4498 sine
2685 4413 2962 4514 dignitate
2974 4413 3379 4496 calceamentis
3397 4458 3484 4495 or-

232 4506 594 4560 necessarium
623 4503 810 4576 putari
835 4503 1073 4575 corpori,
1099 4508 1399 4574 propterea
1425 4502 1573 4574 quod
1602 4501 1671 4556 de
1700 4501 1810 4573 pri-

231 4594 323 4647 mis
353 4611 462 4649 non
501 4594 605 4658 sit,
638 4593 696 4646 id
717 4597 820 4656 est,
851 4592 900 4646 si
927 4608 1122 4648 omnes
1141 4591 1309 4646 unius
1344 4597 1531 4646 essent
1559 4590 1726 4646 ofﬁcii
1753 4595 1812 4646 et

231 4683 412 4754 operis,
445 4681 735 4755 quomodo
765 4681 1097 4752 impleretur
1120 4680 1340 4752 reliqua
1363 4679 1670 4736 necessitas
1684 4695 1808 4734 cor-

232 4773 363 4840 poris
390 4789 520 4826 cum
536 4776 761 4826 constet
789 4770 980 4826 multis
1007 4769 1206 4824 oﬁlciis
1216 4785 1357 4840 opus
1375 4782 1495 4823 esse
1513 4769 1583 4823 ad
1599 4767 1808 4838 guber-

231 4861 410 4915 nacula
435 4859 696 4931 corporis
707 4859 732 4911 ?
742 4858 806 4914 Si
818 4863 988 4912 totum
999 4874 1193 4928 corpus
1203 4861 1408 4921 oculus,
1427 4858 1524 4910 ubi
1545 4857 1771 4911 auditus
1785 4863 1810 4911 Ρ

231 4947 284 5001 Si
317 4956 486 5003 totum
526 4950 778 5011 auditus,
822 4948 920 5001 ubi
954 4948 1248 5000 odoratus?
1285 4946 1646 5000 Voluntatem
1684 4945 1802 5009 Dei,

234 5039 350 5108 quia
375 5039 615 5110 provida
640 5042 700 5092 et
727 5034 1076 5091 rationabilis
1104 5041 1208 5100 est,
1242 5033 1497 5088 membra
1523 5034 1660 5087 dicit
1693 5050 1811 5087 cor-

234 5128 337 5195 pori
379 5134 629 5200 aptasse,
672 5132 736 5180 ut
776 5124 915 5180 nihil
951 5125 1097 5178 desit
1139 5122 1331 5178 multis
1375 5122 1644 5177 membris
1681 5139 1810 5194 per-

234 5215 416 5270 fectum
426 5258 437 5269 .

295 5335 450 5388 Nunc
471 5338 665 5388 autem
699 5333 884 5401 posuit
912 5332 1051 5385 Deus
1081 5329 1346 5392 membra,
1389 5329 1816 5397 unumquodque

1891 4547 2111 4586 namus.
2128 4531 2196 4585 Et
2208 4548 2328 4600 quas
2352 4532 2643 4586 inhonesta
2665 4537 2798 4586 sunt
2813 4535 3004 4585 nostra
3017 4529 3484 4584 abundantiorem

1891 4620 2222 4674 honestatem
2249 4620 2468 4676 habent.
2485 4619 2844 4674 Manifestum
2859 4623 2946 4673 est
2957 4617 3094 4690 quia
3103 4615 3368 4689 pudenda
3385 4631 3486 4672 no-

1892 4713 2027 4773 stra,
2057 4724 2180 4780 quae
2189 4708 2382 4779 turpia
2411 4707 2692 4775 videntur,
2714 4706 2852 4762 dum
2863 4711 3122 4778 aspectus
3140 4703 3392 4778 publicos
3407 4705 3485 4759 vi-

1891 4801 2032 4862 tant,
2068 4795 2362 4852 honestate
2392 4813 2450 4850 se
2481 4799 2786 4867 contegunt
2813 4811 2885 4851 ne
2911 4812 3014 4867 per
3054 4794 3483 4851 irreverentiam

1890 4884 2176 4940 horreant.
2209 4885 2390 4940 Simili
2421 4885 2587 4939 modo
2617 4890 2676 4940 et
2697 4884 2927 4957 quidam
2955 4885 3197 4940 fratrum
3226 4899 3356 4938 cum
3369 4883 3486 4938 sint

1891 4979 2139 5046 egestate
2162 4980 2222 5028 et
2247 4973 2441 5029 habitu
2467 4973 2769 5040 inhonesti,
2801 4989 2917 5030 non
2960 4979 3154 5029 tamen
3193 4977 3328 5027 sunt
3363 4972 3486 5027 sine

1891 5063 2095 5134 gratia,
2128 5068 2358 5135 prOpter
2387 5060 2536 5134 quod
2567 5061 2824 5117 membra
2850 5062 2966 5117 sint
2992 5062 3242 5134 corporis
3265 5061 3478 5116 nostri:

1894 5168 2026 5206 nam
2045 5151 2228 5206 solent
2250 5151 2513 5206 succincti
2535 5151 2806 5207 vesticula
2823 5150 3026 5206 tetrica
3056 5150 3198 5222 pede
3217 5147 3369 5203 nudo
3392 5149 3482 5202 in-

1895 5241 2111 5307 cedere;
2127 5256 2256 5294 cum
2275 5256 2408 5312 ergo
2417 5236 3376 5311 videanturcontemptibiles,magis
3389 5237 3487 5292 ho-

1897 5329 2020 5383 nori
2049 5334 2198 5395 sunt,
2233 5329 2367 5400 quia
2392 5329 2574 5384 solent
2620 5329 2795 5382 vitam
2821 5327 3028 5382 habere
3080 5326 3436 5384 mundiorem
3469 5344 3482 5380 :

239 5438 407 5476 mm
425 5425 576 5476 sicut
601 5423 778 5474 voluit
806 5422 868 5472 in
901 5434 1136 5487 corpore.
1169 5417 1528 5474 Manifestum
1551 5423 1654 5482 est,
1687 5415 1820 5488 quia
1902 5417 2050 5488 quod
2077 5417 2228 5471 enim
2280 5417 2602 5494 hominibus
2640 5418 2863 5474 videtur
2902 5417 3246 5488 despectum,
3275 5416 3419 5470 solet
3452 5433 3488 5471 a

241 5513 278 5562 si
303 5527 494 5566 omnes
523 5509 694 5564 unius
734 5507 974 5562 fuissent
1013 5507 1324 5578 dignitatis,
1355 5523 1468 5561 non
1501 5506 1821 5561 dicerentur
1901 5507 2016 5561 Deo
2031 5505 2327 5577 pulchrum
2335 5506 2847 5578 judicari.Honesta
2863 5513 3049 5561 autem
3069 5507 3490 5560 nostranullius

247 5600 498 5666 membra,
532 5615 716 5670 neque
744 5613 964 5667 corpus,
993 5596 1228 5668 ideoque
1251 5595 1418 5649 variis
1439 5593 1820 5649 membrorum
1901 5601 2072 5664 egent.
2086 5594 2191 5650 Sed
2214 5599 2354 5651 Deus
2367 5598 2686 5666 temperavit
2699 5609 2893 5664 corpus
2907 5598 2960 5649 ei
2981 5597 3076 5649 cui
3091 5593 3487 5660 deerat,abun-
