3974 6188
386 275 489 333 119
980 277 1044 332 Β.
1086 275 1358 332 RABANI
1394 275 1628 332 MAURI
1665 275 2002 332 ARCHIEP.
2041 275 2366 332 MOGUNT.
2407 275 2706 332 OPERUM
2740 274 2926 333 PARS
2961 278 3063 334 III.
3555 275 3658 334 ηο

379 401 720 474 praediorum
749 401 1226 472 magniﬁcentiam
1253 403 1694 465 contemnentes,
1715 403 1843 471 post
1859 400 1978 454 haec
1994 400 2163 460 ADei
2203 399 2551 471 scientiaque
2602 401 2937 466 consistunt,
2981 401 3187 467 dicere,
3228 400 3340 456 nisi
3384 417 3420 454 a
3453 399 3658 454 timore

379 491 626 545 vidimus
657 507 758 562 pro
787 490 1068 561 scalpello,
1098 506 1200 561 pro
1228 490 1428 559 graﬁo,
1446 505 1550 560 pro
1578 488 1794 543 calamo
1825 504 1979 545 com-
2060 488 2287 543 Domini
2315 504 2430 543 non
2457 505 2620 560 posse
2649 489 2878 548 servari.
2909 489 2996 544 Ad
3042 490 3192 544 hunc
3232 489 3410 560 igitur
3444 494 3659 543 metum

381 579 612 645 moveri,
637 579 734 651 qui
762 579 811 633 si
840 577 1372 650 contemplationem
1393 577 1576 632 cordis
1595 577 1793 632 mundi
1813 578 1982 631 ﬁxam
2061 593 2177 632 non
2214 583 2534 648 peccatores
2575 577 2756 632 sancti
2803 577 3144 650 propheticis
3192 577 3506 633 invitantur
3543 577 3661 631 elo-

382 673 661 735 tenerent,
686 683 977 739 nunquam
1006 667 1204 738 utique
1229 683 1332 738 pro
1362 666 1549 738 parvis
1578 664 1746 721 rebus
1775 664 1980 720 admit-
2063 665 2229 737 quiis,
2283 665 2504 720 dicente
2549 665 2991 737 Psalmographo
3030 683 3042 719 :
3093 667 3296 722 Timete
3331 667 3655 730 Dominum,

383 761 589 825 terent,
610 756 760 828 quod
785 772 858 810 ne
886 772 988 828 pro
1008 755 1230 826 magnis
1253 771 1318 810 ac
1344 755 1606 827 pretiosis
1632 753 1985 809 incurrerent
2063 757 2249 809 sancti
2263 757 2399 824 ejus,
2420 757 2557 824 quia
2579 755 2728 810 nihil
2745 755 2889 808 deest
2910 755 3236 810 timentibus
3262 769 3420 819 eum;
3443 753 3541 825 qui
3558 754 3663 809 hoc

381 844 600 918 opibus,
630 845 857 900 easdem
884 844 1111 916 penitus
1143 843 1385 916 abjicere
1415 842 1754 909 maluerunt,
1774 858 1908 897 nam
1928 848 1985 897 et
2065 841 2268 897 timore
2311 841 2517 896 metuit
2555 842 2757 910 Deum,
2800 841 3132 913 perfectioni
3167 843 3290 913 ejus
3333 847 3552 898 certum
3577 847 3665 897 est

383 935 720 1007 plerumque
747 933 1007 989 nonnulli
1031 938 1191 988 tanto
1219 933 1337 987 zelo
1365 932 1615 987 codicem
1654 936 1897 998 servant,
1921 937 1987 986 ut
2067 931 2206 986 nihil
2234 931 2446 986 deesse.

384 1039 517 1078 eum
544 1039 616 1078 ne
641 1022 840 1079 leviter
860 1022 1089 1094 quidem
1118 1022 1249 1093 legi,
1280 1022 1367 1076 vel
1405 1021 1654 1092 contingi
1691 1019 1760 1076 ab
1797 1020 1986 1092 aliquo
2140 1020 2394 1075 Charitas
2408 1021 2783 1088 magnanima
2803 1024 2896 1087 est,
2907 1021 3163 1091 jucunda
3173 1025 3250 1075 est
3265 1021 3540 1076 :charitas
3553 1036 3664 1081 non

385 1112 595 1180 sinant,
617 1117 676 1167 et
700 1110 832 1167 inde
853 1111 1170 1166 occasiones
1198 1109 1566 1183 impatientiae
1587 1126 1654 1164 ac
1670 1109 1869 1164 mortis
1897 1108 1987 1163 in-
2068 1111 2393 1175 smulatur,
2408 1122 2523 1163 non
2539 1111 2795 1179 inﬂatur,
2812 1125 2926 1164 non
2939 1125 3235 1180 perperam
3254 1112 3390 1179 agit,
3405 1125 3519 1164 non
3536 1124 3666 1164 am-

384 1206 649 1268 currant;
679 1200 830 1256 unde
844 1206 1143 1254 moventur
1174 1199 1455 1272 stipendia
1468 1198 1754 1271 patientiae
1783 1201 1842 1253 et
1859 1197 1988 1252 cha-
2069 1199 2261 1252 bitiosa
2289 1202 2384 1263 est,
2405 1213 2520 1252 non
2544 1199 2743 1266 quaerit
2769 1213 2889 1268 quae
2913 1214 3017 1252 sua
3044 1203 3195 1264 sunt,
3229 1213 3342 1253 non
3370 1201 3661 1264 irritatur,

385 1291 574 1346 ritatis
611 1289 922 1362 acquirere.
960 1289 1216 1360 Cumque
1253 1304 1450 1343 omnes
1477 1287 1702 1343 divitias
1729 1303 1860 1342 suas
1885 1304 1988 1358 pro
2069 1302 2183 1342 non
2210 1289 2409 1356 cogitat
2435 1288 2678 1351 malum,
2714 1302 2827 1341 non
2852 1288 3054 1356 gaudet
3081 1302 3246 1356 super
3269 1289 3625 1356 iniquitatem
3651 1302 3664 1338 :

389 1379 601 1435 Christi
627 1393 820 1434 amore
849 1377 1236 1450 disperserint,
1259 1377 1563 1449 pristinum
1587 1383 1781 1431 tamen
1808 1375 1990 1431 cordis
2070 1375 2372 1449 congaudet
2385 1377 3028 1441 autemveritati,omnia
3043 1378 3458 1441 tolerat,omnia
3471 1375 3665 1441 credit,

388 1469 652 1524 affectum
679 1467 740 1522 in
768 1467 936 1522 rebus
966 1465 1216 1521 minimis
1245 1470 1612 1530 retentantes,
1637 1470 1696 1520 et
1723 1481 1825 1537 pro
1853 1464 1991 1536 ipsis
2071 1466 2266 1520 omnia
2291 1466 2502 1532 su/fert,
2514 1465 2710 1518 omnia
2726 1468 2924 1533 sperat,
2944 1464 3189 1518 charitas
3209 1478 3506 1532 nunquam
3527 1479 3672 1517 eaee-

389 1571 797 1629 nonnunquam
850 1554 1135 1610 mobiliter
1178 1555 1489 1622 irascentis,
1527 1554 1700 1609 veluti
1744 1554 1840 1626 qui
1878 1569 1994 1608 non
2072 1555 2173 1608 dit.
2209 1551 2448 1622 (Ambr.)
2479 1552 2662 1607 Tanta
2686 1552 2966 1624 praeconia
2988 1551 3278 1607 charitatis
3324 1551 3566 1619 edocuit,
3606 1556 3673 1605 ut

390 1645 638 1701 habeant
667 1644 1032 1716 apostolicam
1051 1643 1404 1710 charitatem,
1437 1660 1503 1697 ex
1531 1642 1792 1698 omnibus
1821 1642 1994 1696 infru-
2073 1657 2188 1696 non
2212 1640 2497 1696 immerito
2525 1641 2673 1696 hanc
2701 1641 2917 1696 caeteris
2935 1647 3278 1713 anteponere
3295 1641 3599 1705 videretur,
3614 1646 3674 1694 et

389 1734 572 1791 ctuosi
601 1733 934 1805 sterilesque
961 1732 1294 1807 redduntur,
1315 1732 1464 1803 quod
1483 1731 1545 1786 in
1573 1731 1778 1803 spiritu
1794 1729 1994 1786 beatus
2012 1716 2360 1785 Bincassum
2385 1729 2644 1785 laborare
2681 1746 2778 1785 eos
2813 1729 2911 1802 qui
2952 1730 3078 1785 aliis
3114 1730 3398 1785 mandatis
3441 1745 3672 1801 operam

391 1823 693 1896 Apostolus
721 1821 1031 1894 praevidens
1059 1839 1072 1874 :
1106 1821 1175 1877 Et
1199 1824 1251 1875 si
1290 1821 1640 1885 distribuere,
1683 1819 1887 1891 inquit,
1930 1822 1996 1874 in
2075 1819 2232 1887 dant,
2263 1818 2396 1874 huic
2424 1835 2537 1873 non
2563 1817 3035 1890 obtemperantes.
3067 1819 3213 1874 Hinc
3239 1823 3298 1874 et
3321 1819 3406 1874 ait
3431 1819 3674 1874 Joannes

391 1913 534 1968 aibas
554 1926 875 1981 pauperum
902 1925 1089 1965 omnes
1116 1910 1407 1978 facultates
1434 1925 1604 1974 meas,
1637 1915 1688 1964 et
1716 1909 1995 1963 tradidero
2077 1908 2382 1980 apostolus,
2415 1909 2558 1962 Deus
2581 1908 2824 1963 charitas
2852 1914 2946 1973 est,
2977 1915 3037 1962 et
3079 1907 3177 1979 qui
3201 1907 3535 1962 charitatem
3561 1921 3676 1960 non

393 2015 590 2070 corpus
606 2015 799 2054 meum
819 2003 886 2053 ut
913 2000 1166 2064 ardeam,
1198 1999 1533 2053 charitatem
1552 2003 1745 2052 autem
1767 2013 1879 2052 non
1897 1997 1997 2051 ha-
2076 1996 2266 2064 habet,
2296 1995 2438 2051 sciat
2461 2013 2522 2051 se
2550 1996 2733 2052 Deum
2754 2012 2869 2052 non
2887 1996 3114 2065 habere,
3145 1997 3295 2052 unde
3319 1996 3380 2051 in
3407 1995 3522 2051 alia
3548 1994 3679 2067 Epi-

395 2091 578 2155 buero,
614 2089 760 2144 nihil
790 2089 932 2142 mihi
952 2088 1188 2157 prodest.
1226 2087 1386 2142 Unde
1412 2085 1628 2159 liquido
1665 2085 1997 2158 comproba-

2079 2086 2225 2141 stola
2250 2085 2401 2140 idem
2431 2085 2642 2140 Paulus
2678 2084 2762 2139 ait
2795 2085 3005 2155 (Ephes.
3044 2090 3104 2156 ιι)
3143 2103 3156 2140 :
3186 2087 3327 2141 Deus
3365 2090 3554 2140 autem
3584 2087 3685 2155 qui

392 2184 509 2246 tur,
538 2175 935 2249 perfectionem
964 2192 1079 2230 non
1111 2175 1306 2230 statim
1333 2175 1590 2231 nuditate
1612 2180 1672 2230 et
1685 2175 1999 2247 privatione
2079 2177 2226 2231 dives
2252 2180 2328 2229 est
2355 2177 2418 2230 in
2446 2175 2833 2229 misericordia
2846 2180 3072 2245 propter
3085 2178 3333 2229 multam
3355 2177 3682 2230 misericor-

396 2266 653 2322 omnium
664 2265 1016 2331 facultatum,
1035 2281 1135 2320 seu
1163 2263 1506 2336 dignitatum
1534 2263 1847 2336 abjectione
1863 2278 1997 2318 con-

395 2355 560 2427 tingi,
575 2354 683 2410 nisi
712 2353 885 2410 fuerit
917 2353 1161 2409 charitas
1190 2353 1306 2420 illa,
1318 2354 1480 2424 cujus
1497 2353 1799 2425 Apostolus
1820 2368 2002 2407 mem-

2082 2265 2242 2319 diam
2268 2266 2532 2318 misertus
2560 2269 2636 2318 est
2663 2265 2861 2317 nostri.
2895 2262 3004 2327 Qui
3034 2278 3170 2333 ergo
3208 2263 3544 2318 charitatem
3571 2279 3689 2318 non

2082 2351 2270 2419 habet,
2290 2351 2547 2422 ingratus
2573 2357 2661 2406 est
2687 2351 3084 2408 misericordiae
3098 2351 3222 2418 Dei,
3249 2351 3385 2423 quia
3411 2367 3526 2406 non
3555 2350 3686 2405 dili-

397 2444 502 2500 bra
527 2442 812 2511 describit,
835 2459 959 2514 qua:
987 2442 1048 2496 in
1084 2442 1204 2497 sola
1237 2442 1421 2496 cordis
1448 2441 1697 2514 puritate
1723 2440 1998 2496 consistit.
2080 2441 2166 2512 git
2192 2457 2294 2513 per
2321 2441 2470 2512 quod
2501 2441 2747 2496 salvatus
2773 2446 2878 2507 est,
2896 2445 2962 2495 ut
2978 2440 3210 2513 perinde
3241 2440 3540 2506 discerent,
3556 2440 3693 2512 quia

403 2533 552 2589 Nam
581 2532 717 2604 quid
747 2537 834 2587 est
859 2531 1014 2586 aliud
1043 2547 1159 2586 non
1187 2530 1463 2599 aemulari,
1498 2547 1611 2585 non
1645 2530 1855 2597 inflari,
1889 2545 2002 2584 non

406 2620 639 2688 irritati,
668 2636 784 2675 non
811 2635 979 2689 agere
1008 2635 1323 2691 perperam,
1338 2635 1454 2674 non
1469 2635 1722 2690 quaerere
1752 2635 1876 2690 quae
1903 2635 2008 2674 sua

406 2714 558 2778 sunt,
588 2724 703 2763 non
741 2723 914 2778 super
950 2707 1252 2779 iniquitate
1289 2707 1557 2778 gaudere,
1605 2723 1719 2762 non
1758 2707 2006 2778 cogitare

408 2797 644 2864 malum,
672 2801 732 2851 et
758 2795 995 2868 reliqua,
1025 2796 1135 2850 nisi
1163 2812 1260 2850 cor
1284 2796 1595 2868 perfectum
1632 2801 1802 2867 atque
1838 2812 2006 2850 mun-

409 2885 710 2943 dissimum
731 2886 850 2940 Deo
873 2901 1099 2957 semper
1115 2885 1313 2940 offerre
1341 2890 1400 2939 et
1427 2885 1705 2940 intactum
1731 2901 1767 2939 a
1791 2885 2007 2940 cunctis

413 2973 931 3049 perturbationibus
948 2973 1250 3029 custodire.
1268 2973 1472 3029 Omnia
1497 2973 1673 3044 igitur
1690 2973 1860 3044 hujus
1872 2990 2005 3044 gra-

2083 2529 2332 2601 graviter
2359 2529 2779 2601 delinquebant,
2802 2529 2899 2601 qui
2917 2546 3112 2584 escam
3137 2529 3400 2584 fraternae
3425 2529 3692 2584 charitati

2088 2617 2508 2690 praeponebant.
2524 2619 2672 2674 Nam
2701 2619 2819 2674 haec
2847 2624 2936 2674 est
2962 2636 3086 2690 quae
3109 2625 3177 2680 et
3195 2617 3255 2673 in
3273 2617 3536 2689 praesenti
3564 2634 3696 2689 pro-

2088 2708 2215 2763 dest
2239 2712 2298 2762 et
2321 2707 2381 2762 in
2408 2714 2684 2762 aeternum
2705 2724 2835 2763 cum
2862 2707 2980 2763 Deo
3009 2711 3321 2779 permanet.
3343 2707 3530 2776 (0ass.)
3548 2707 3692 2762 Om-
3738 2732 3746 2739 ο

2087 2796 2186 2852 nia
2212 2812 2458 2867 namque
2486 2797 2636 2851 dona
2659 2813 2762 2868 pro
2781 2812 2889 2851 usu
2908 2813 2976 2851 ac
3002 2795 3335 2851 necessitate
3357 2795 3693 2850 tribuuntur

2087 2885 2160 2941 ad
2188 2889 2433 2956 tempus,
2465 2889 2857 2940 consummata
2893 2884 3309 2957 dispensatione
3338 2900 3468 2939 mox
3495 2883 3694 2955 procul

2086 2972 2258 3029 dubio
2284 2973 2598 3028 transitura
2623 2992 2637 3041 ;
2666 2973 2912 3029 charitas
2937 2990 3070 3028 vero
3109 2974 3264 3029 nullo
3298 2972 3695 3045 intercipietur

413 3065 509 3120 tiae
531 3063 800 3136 gerenda,
824 3063 1251 3135 appetendaque
1271 3067 1405 3118 sunt
1418 3061 1598 3130 nobis,
1622 3078 1724 3134 pro
1739 3063 1846 3118 hac
1854 3063 2007 3134 jeju-
2028 3078 2074 3140 ο
2089 3068 2363 3135 tempore,
2395 3078 2511 3117 non
2531 3062 2711 3117 solum
2733 3062 2956 3118 enimin
2969 3063 3232 3136 praesenti
3249 3061 3459 3118 mundo
3474 3061 3697 3117 utiliter

412 3153 528 3221 nia,
546 3151 783 3224 vigilias,
805 3151 1045 3219 labores,
1069 3151 1317 3223 corporis
1333 3151 1670 3218 nuditatem,
1689 3151 2008 3219 lectionem,

417 3247 760 3313 ceterasque
779 3241 1016 3295 virtutes
1030 3239 1234 3295 debere
1248 3257 1353 3295 nos
1371 3240 1653 3312 suscipere
1669 3241 2010 3308 noverimus,

416 3336 484 3386 ut
509 3329 720 3385 scilicet
746 3345 848 3402 per
875 3328 1002 3384 illas
1029 3328 1100 3383 ab
1127 3329 1402 3384 universis
1427 3327 1780 3400 passionibus
1810 3329 2010 3396 noxiis,

413 3419 654 3475 illaesum
679 3434 880 3490 parare
896 3434 993 3472 cor
1007 3423 1284 3485 nostrum,
1302 3424 1360 3472 et
1373 3434 1702 3473 conservare
1715 3417 2013 3489 possimus,

415 3514 476 3564 et
515 3508 587 3562 ad
631 3506 1032 3578 perfectionem
1071 3506 1362 3561 charitatis
1399 3505 1522 3561 istis
1559 3505 1828 3577 gradibus
1866 3506 2017 3561 inni-

418 3595 590 3652 tendo
615 3595 1007 3650 conscendere.
1030 3594 1246 3649 Videtis
1270 3611 1405 3665 ergo
1433 3593 1571 3648 nihil
1599 3595 1918 3667 pretiosius,
1935 3595 2020 3649 ni-

420 3684 504 3740 hil
532 3681 852 3757 perfectius,
869 3683 1120 3755 nihilque
1140 3682 1455 3751 sublimius,
1476 3690 1535 3738 et
1560 3688 1626 3738 ut
1652 3683 1736 3738 ita
1760 3683 2016 3754 dixerim,

420 3773 564 3829 nihil
603 3771 877 3828 charitate
911 3771 1214 3845 perennius
1251 3771 1488 3827 inveniri
1527 3791 1540 3826 :
1581 3772 1826 3828 charitas
1866 3773 2020 3828 enim

416 3877 709 3935 nunquam
735 3860 970 3929 excedit,
983 3862 1104 3916 sine
1121 3878 1235 3933 qua
1245 3877 1360 3916 non
1373 3861 1558 3916 solum
1579 3861 1681 3916 illa
1692 3863 2016 3934 praecellen-

419 3951 643 4006 tissima
675 3950 1080 4005 charismatum
1119 3967 1354 4022 genera,
1397 3950 1495 4004 sed
1535 3950 1708 4018 etiam
1759 3951 2018 4024 martyrii

2093 3156 2360 3224 operatur
2385 3151 2446 3206 in
2474 3150 2656 3218 nobis,
2687 3151 2785 3206 sed
2812 3151 2985 3207 etiam
3013 3153 3074 3206 in
3101 3151 3294 3207 futuro
3325 3150 3546 3206 sarcina
3571 3166 3694 3206 cor-

2093 3256 2277 3312 poreae
2293 3239 2643 3295 necessitatis
2661 3239 2882 3312 abjecta
2899 3241 3176 3296 efﬁcacior
3193 3240 3372 3296 multo
3403 3245 3575 3312 atque
3599 3256 3694 3294 ex-

2097 3329 2388 3385 cellentior
2413 3328 2769 3400 permanebit
2795 3329 2951 3384 nullo
2989 3345 3242 3401 unquam
3282 3327 3698 3400 corrumpenda

2099 3417 2337 3485 defectu,
2355 3418 2454 3472 sed
2476 3433 2578 3490 per
2594 3417 3078 3490 incorruptionem
3094 3422 3425 3490 perpetuam
3454 3418 3701 3488 ﬂagran-

2097 3507 2214 3562 tius
2241 3507 2356 3561 Deo
2384 3512 2556 3578 atque
2572 3506 2846 3561 intentius
2863 3506 3176 3562 adhaesum.
3195 3506 3344 3579 (Aug
3352 3509 3388 3576 .)
3406 3504 3552 3571 Quid
3574 3509 3701 3560 tam

2099 3595 2508 3666 magnaninum
2540 3611 2710 3666 quam
2736 3612 2839 3667 pro
2863 3595 3052 3668 impiis
3071 3594 3256 3650 mori?
3287 3594 3422 3666 quid
3451 3599 3572 3649 tam
3596 3592 3701 3648 be-

2101 3684 2342 3756 nignum
2376 3699 2550 3755 quam
2580 3690 2640 3739 et
2665 3683 2925 3740 inimicos
2951 3684 3222 3756 diligere?
3246 3684 3368 3739 sola
3408 3673 3495 3738 est
3527 3699 3702 3755 quam

2100 3773 2335 3829 felicitas
2362 3773 2546 3828 aliena
2563 3789 2678 3828 non
2697 3773 2921 3846 premit,
2941 3773 3075 3846 quia
3095 3789 3208 3829 non
3221 3773 3521 3829 aemulatur
3543 3789 3556 3826 :
3580 3771 3706 3826 sola

2102 3869 2190 3917 est
2218 3878 2391 3934 quam
2414 3861 2654 3916 felicitas
2680 3878 2784 3917 sua
2807 3879 2922 3918 non
2957 3863 3191 3930 extollit,
3220 3861 3355 3934 quia
3379 3877 3495 3916 non
3529 3860 3701 3916 inﬂa-

2098 3958 2226 4019 tur;
2258 3951 2377 4005 sola
2405 3956 2511 4016 est,
2539 3967 2712 4022 quam
2744 3951 2978 4006 scientia
3014 3967 3128 4006 non
3163 3949 3492 4023 compungit
3524 3949 3699 4016 mala,

419 4039 599 4111 ipsius
622 4038 806 4109 gloria
829 4045 1116 4093 vacuatur.
1137 4038 1405 4110 Quisquis
1433 4037 1608 4108 igitur
1634 4038 1806 4093 fuerit
1835 4039 1895 4094 in
1917 4040 2022 4094 hu-
2102 4039 2236 4111 quia
2261 4055 2373 4094 non
2402 4039 2522 4109 agit
2546 4055 2865 4111 perperam,
2901 4040 3091 4094 omnia
3115 4039 3337 4106 tolerat,
3369 4038 3559 4093 omnia
3580 4054 3704 4093 cre-

415 4127 513 4200 jus
541 4126 833 4182 charitatis
859 4126 1198 4199 perfectione
1223 4126 1510 4193 fundatus,
1527 4143 1754 4183 necesse
1768 4133 1855 4182 est
1871 4129 2021 4184 utad
2102 4128 2204 4196 dit,
2233 4127 2424 4182 omnia
2448 4132 2658 4199 sperat,
2683 4128 2875 4183 omnia
2901 4128 3116 4183 suffert.
3136 4129 3268 4184 Ideo
3281 4128 3484 4184 tolerat
3507 4126 3703 4183 omnia

424 4213 813 4270 sublimiorem
842 4213 1003 4269 illum
1030 4213 1322 4269 charitatis
1347 4214 1613 4269 timorem
1638 4215 1820 4286 gradu
1847 4217 2022 4272 excel-
2102 4217 2162 4271 in
2188 4216 2449 4288 praesenti
2485 4216 2620 4283 vita,
2653 4216 2787 4288 quia
2812 4216 2991 4272 credit
3017 4217 3208 4272 omnia
3233 4217 3305 4272 de
3330 4216 3521 4272 futura
3548 4216 3699 4285 vita;

423 4302 659 4358 lentiore
685 4303 1040 4370 conscendat,
1061 4319 1232 4374 quem
1251 4319 1366 4357 non
1386 4319 1682 4375 poenarum
1702 4308 1903 4373 terror,
1920 4321 2024 4360 nec
2102 4312 2161 4360 et
2186 4305 2384 4361 suffert
2407 4305 2601 4360 omnia
2639 4321 2762 4377 quae
2788 4305 2882 4360 hic
2908 4305 3314 4373 immittuntur,
3349 4306 3484 4377 quia
3507 4312 3706 4378 sperat

422 4391 623 4463 cupido
650 4390 1033 4462 praemiorum,
1051 4391 1150 4446 sed
1178 4390 1389 4446 amoris
1414 4396 1651 4462 generat
1665 4393 2016 4464 magnitudo,
2029 4395 2082 4456 D
2100 4394 2292 4449 omnia
2321 4410 2446 4466 quae
2472 4393 2552 4448 ibi
2580 4394 3006 4467 promittuntur.
3042 4395 3169 4451 Non
3209 4395 3411 4466 querit
3445 4411 3568 4466 quae
3595 4405 3702 4449 sua

426 4496 536 4551 quo
563 4480 652 4534 vel
679 4479 831 4534 ﬁlius
848 4479 1403 4551 indulgentissimum
1425 4485 1645 4552 patrem
1660 4481 1748 4536 vel
1764 4482 2018 4549 fratrem,

422 4567 617 4635 frater,
649 4567 735 4627 vel
772 4568 1040 4636 amicum,
1077 4568 1313 4635 amicus,
1350 4570 1438 4624 vel
1473 4570 1791 4642 conjugem,
1821 4572 2022 4643 conjux

426 4655 664 4713 sollicito
693 4662 982 4711 reveretur
1018 4658 1242 4726 aﬁ‘ectu,
1281 4658 1418 4714 dum
1459 4660 1583 4731 ejus
1617 4675 1732 4715 non
1766 4659 2018 4729 verbera,

425 4759 609 4815 neque
628 4743 895 4812 convicia,
913 4744 1012 4800 sed
1041 4746 1127 4800 vel
1156 4751 1387 4802 tenuem
1415 4746 1626 4803 amoris
1652 4747 1922 4803 formidat
1946 4748 2025 4803 of-

422 4831 660 4899 fensam,
693 4837 862 4905 atque
889 4832 950 4888 in
991 4834 1251 4890 omnibus
1284 4852 1398 4891 non
1438 4835 1622 4891 solum
1655 4836 1890 4903 actibus,
1927 4853 2022 4891 ve-

422 4936 555 4976 rum
581 4920 753 4976 etiam
788 4921 972 4977 verbis
999 4924 1243 4979 attonita
1270 4941 1494 4996 semper
1518 4924 1728 4996 pietate
1756 4925 2025 4980 distendi-

421 5014 536 5077 tur,
568 5026 641 5065 ne
671 5026 808 5082 erga
831 5027 892 5066 se
920 5013 1478 5086 quantulumcunque
1504 5013 1688 5067 fervor
1711 5013 2024 5069 dilectionis

421 5098 575 5154 illius
587 5099 925 5172 intepescat;
955 5102 1118 5172 cujus
1136 5101 1356 5157 timoris
1373 5101 1851 5172 magniﬁcentiam
1877 5118 2025 5158 unus

423 5187 828 5260 prophetarum
856 5189 1144 5261 eleganter
1169 5188 1443 5262 expressit
1470 5190 1599 5253 (lsa.
1627 5192 1819 5261 χχχιιι)
1843 5191 2025 5246 :Divi-

429 5279 535 5344 tite,
561 5276 844 5349 inquiens,
876 5281 1076 5334 salutis
1095 5280 1371 5348 sapientia
1391 5283 1441 5333 et
1465 5282 1698 5334 scientia
1729 5281 1902 5335 timor
1923 5281 2024 5335 Do-

424 5367 590 5432 mini,
623 5369 735 5436 ipse
765 5367 1052 5423 thesaurus
1080 5369 1217 5435 ejus,
1248 5381 1363 5421 non
1390 5367 1578 5438 potuit
1602 5367 1824 5423 timoris
1856 5367 2020 5423 istius

422 5451 761 5524 dignitatem
787 5470 855 5508 ac
881 5453 1149 5509 meritum
1167 5453 1350 5525 magis
1372 5454 1663 5512 evidenter
1682 5456 2015 5528 exprimere,

424 5556 596 5614 quam
623 5541 849 5597 divitias
873 5541 1073 5597 salutis
1099 5547 1324 5610 nostra,
1345 5558 1468 5615 qua
1493 5544 1552 5600 in
1577 5561 1712 5600 vera
1739 5545 2020 5617 sapientia

2103 4489 2254 4550 sunt,
2273 4498 2457 4554 neque
2478 4482 2629 4538 enim
2647 4488 2835 4538 essent
2846 4482 3018 4538 etiam
3031 4483 3289 4539 homines
3303 4490 3585 4539 amatores
3597 4499 3703 4555 pe-

2103 4572 2282 4628 cuniae
2310 4572 2420 4626 nisi
2450 4587 2517 4626 eo
2544 4587 2604 4626 se
2633 4576 2900 4643 putarent
2927 4573 3368 4639 excellentiores,
3396 4589 3508 4645 quo
3534 4571 3704 4627 ditio-

2103 4677 2212 4727 res,
2243 4659 2334 4715 cui
2365 4659 2561 4715 morbo
2587 4661 2867 4716 contraria
2891 4662 3157 4730 charitas,
3189 4677 3303 4717 non
3339 4661 3540 4733 qumrit
3573 4677 3705 4732 qua

2105 4764 2210 4805 sua
2227 4755 2378 4815 sunt,
2399 4749 2459 4803 id
2479 4754 2584 4816 est,
2600 4765 2714 4805 non
2740 4751 2958 4822 privata
2977 4751 3308 4806 excellentia
3323 4751 3565 4806 laetatur.
3585 4750 3707 4805 Mo-

2105 4839 2214 4893 rito
2244 4854 2377 4908 ergo
2407 4842 2465 4892 et
2488 4854 2603 4893 non
2630 4838 2880 4906 inﬂatur,
2914 4840 3158 4896 charitas
3182 4839 3375 4894 omnia
3401 4838 3596 4907 credit,
3616 4838 3709 4893 in-

2102 4933 2192 4981 ter
2217 4943 2314 4982 eos
2339 4926 2537 4998 utique
2565 4944 2705 4999 quos
2741 4944 3018 4984 connexos
3057 4927 3287 4984 sibimet
3330 4944 3508 4985 unum
3545 4926 3704 4982 facit.

2103 5015 2311 5088 (Greg.)
2330 5015 2604 5082 Obaritas,
2630 5017 2834 5089 inquit,
2853 5020 3073 5088 patiens
3104 5022 3198 5084 est,
3222 5019 3462 5086 benigna
3477 5021 3572 5084 est,
3588 5031 3710 5071 non

2103 5106 2425 5171 mutatur,
2442 5121 2555 5161 non
2583 5108 2842 5177 inﬂatur,
2864 5122 2977 5160 non
3005 5108 3124 5174 agit
3146 5121 3464 5176 perperam,
3484 5119 3598 5160 non
3624 5109 3707 5159 est

2104 5193 2422 5258 ambitiosa,
2440 5209 2554 5249 non
2584 5197 2785 5263 quierit
2811 5210 2929 5264 qua:
2948 5210 3054 5248 sua
3077 5199 3232 5262 sunt,
3262 5210 3377 5249 non
3404 5196 3703 5261 irritatur,

2106 5297 2218 5337 non
2247 5285 2446 5351 cogitat
2474 5285 2710 5350 malum,
2745 5298 2859 5337 non
2885 5284 3084 5352 gaudet
3112 5299 3278 5352 super
3315 5286 3700 5352 iniquitatem,

2101 5372 2401 5439 congaudet
2426 5376 2613 5426 autem
2631 5373 2876 5440 veritati,
2892 5374 3110 5440 patiens
3129 5373 3327 5442 quippe
3338 5374 3417 5426 est
3428 5369 3697 5436 charitas,

2102 5458 2235 5529 quia
2262 5458 2421 5514 illata
2441 5459 2594 5515 mala
2616 5459 3010 5530 aequanimiter
3035 5458 3267 5528 tolerat;
3297 5460 3538 5528 benigna
3563 5473 3703 5512 vero

2099 5551 2194 5613 est,
2235 5545 2370 5617 quia
2407 5563 2512 5618 pro
2557 5545 2719 5601 malis
2760 5544 2910 5602 bona
2952 5546 3188 5618 largiter
3237 5546 3541 5613 ministrat,
3581 5560 3701 5600 non
