4034 6162
326 268 408 327 121
755 266 1335 324 ENARRATIONUM
1372 269 1452 323 IN
1489 269 1643 324 EPP.
1686 268 1901 324 PAULI
1939 270 2078 326 LIB.
2118 270 2214 326 XI.
2259 298 2324 310 —-
2365 269 2444 324 IN
2482 267 2704 324 EPIST.
2746 267 2772 322 Ῑ
2809 267 2907 322 AD
2945 266 3107 323 COR.
3471 267 3576 324 122

325 397 612 459 zmutatur,
641 393 780 472 quia
803 409 906 463 per
924 393 1186 464 hocquod
1205 393 1546 474 in‘praesenti
1573 395 1782 448 mundo
1810 395 1893 448 ni-
1907 397 1960 456 A
1977 395 2220 450 efﬁcitur
2246 401 2572 466 serpentum
2601 410 2667 448 ac
2704 393 2952 447 ferarum
2975 411 2988 459 ;
3025 409 3128 447 nec
3150 394 3466 464 expavescit
3491 394 3576 448 vir

323 483 391 537 hil
409 481 614 552 appetit
646 481 900 535 invidere
920 481 1159 535 terrenis
1177 481 1525 536 successibus
1546 483 1752 549 nescit;
1789 499 1898 536 non
1981 483 2106 549 iste,
2125 484 2275 555 quod
2299 501 2427 538 cum
2460 499 2526 538 eo
2545 482 2661 536 sint
2682 482 2812 536 ferae
2835 481 2893 534 in
2923 497 3054 535 arca
3085 499 3096 533 :
3131 481 3246 535 imo
3275 481 3371 536 ubi
3409 499 3577 551 agno-

323 573 557 638 in/latur,
595 569 730 640 quia
766 586 894 623 cum
923 570 1218 641 praemium
1251 571 1486 624 internae
1514 570 1900 625 retributionis
1981 574 2085 628 scit
2115 573 2368 627 ordinem
2397 589 2564 626 suum
2595 571 2805 634 feritas,
2838 569 2971 640 quia
2992 587 3052 623 se
3091 571 3351 640 cognovit
3375 571 3578 625 huma-

322 658 468 712 anxia
488 657 786 723 desiderat,
809 658 879 712 de
897 658 1058 712 bonis
1076 675 1136 712 se
1159 658 1526 714 exterioribus
1547 653 1659 713 non
1670 659 1896 713 exaltat.
1979 662 2146 726 nitas,
2181 668 2238 715 et
2277 660 2499 731 jubenti
2551 659 2765 714 homini
2811 657 3098 724 obediunt,
3132 659 3265 729 quia
3290 659 3575 714 hominem

321 749 428 802 Non
455 749 570 814 agit
598 763 914 817 perperam,
966 748 1099 818 quia
1150 765 1260 818 quo
1297 765 1358 802 se
1388 749 1446 802 in
1483 749 1684 823 solum\
1714 748 1814 802 Dei
1837 765 1903 802 ac
1981 749 2257 822 superiori
2315 749 2542 803 domino
2589 747 2842 802 obedisse
2895 753 3252 818 cognoscunt,
3291 753 3576 803 ostensum

322 835 542 906 proximi
568 851 822 888 amorem
850 835 1069 902 dilatat,
1093 837 1757 907 quidquidarectitudine
1784 837 1901 890 dis-
1982 847 2086 905 est,
2117 841 2176 894 in
2213 841 2354 905 Noe,
2387 838 2522 909 quid
2558 839 2739 892 Adam
2782 843 3122 908 praeceptum
3169 838 3577 891 contemnendo

322 931 513 994 crepat,
551 925 797 993 ignorat.
842 925 968 979 Non
999 931 1072 978 est
1093 926 1404 991 ambitiosa,
1437 925 1690 996 quiaquo
1706 925 1904 979 arden-

322 1019 400 1066 ter
415 1012 562 1066 intus
581 1013 655 1066 ad
683 1030 788 1067 sua
817 1013 1042 1083 satagit,
1067 1014 1215 1069 foras
1226 1015 1548 1069 nullatenus
1569 1015 1754 1068 aliena
1777 1031 1906 1068 con-

322 1101 554 1173 cupiscit.
590 1103 716 1156 Non
749 1105 949 1171 quzrit
995 1119 1114 1171 qua:
1159 1119 1262 1156 sua
1306 1108 1458 1170 sunt,
1501 1103 1636 1174 quia
1681 1109 1900 1170 cuncta,

323 1205 432 1259 quae
455 1188 543 1242 hic
595 1188 924 1243 transitoria
961 1189 1211 1260 possedit
1259 1191 1413 1245 velut
1439 1191 1624 1245 aliena
1646 1191 1900 1262 negligit,

321 1294 433 1331 cum
457 1277 598 1331 nihil
635 1277 744 1331 sibi
765 1294 888 1332 esse
919 1279 1230 1350 proprium,
1255 1279 1367 1333 nisi
1393 1280 1541 1350 quod
1572 1297 1761 1334 secum
1781 1297 1905 1352 per-

1985 928 2310 1000 perdiderit,
2343 932 2402 981 et
2423 928 2872 981 demonstratum
2903 932 2990 980 est
3016 942 3177 996 posse
3196 925 3452 980 homines
3477 925 3577 980 be-

1984 1018 2104 1071 stiis
2133 1017 2305 1072 etiam
2342 1016 2640 1081 dominari,
2673 1015 2719 1069 si
2756 1015 3000 1070 subdant
3035 1013 3414 1068 obedientiam
3454 1031 3580 1068 con-

1984 1106 2170 1160 ditori.
2215 1107 2510 1176 Exspectat
2537 1105 2811 1159 ettolerat
2825 1109 3049 1158 sanctus
3064 1103 3170 1157 iste
3181 1104 3353 1158 ﬁnem
3363 1103 3576 1170 diluvii,

1984 1211 2086 1247 nec
2110 1198 2412 1264 antequam
2443 1193 2676 1246 ﬁniatur
2689 1209 2859 1246 causa
2877 1191 3125 1245 ferarum
3158 1207 3289 1245 arca
3315 1191 3580 1262 relinqui-

1983 1288 2094 1337 tur.
2117 1283 2344 1337 Tolerat
2361 1282 2540 1336 bonus
2561 1282 2728 1348 mala,
2762 1288 2819 1335 et
2839 1281 3018 1334 donec
3031 1280 3090 1334 in
3115 1281 3225 1334 ﬁne
3262 1281 3433 1335 etiam
3461 1296 3581 1334 cor-

321 1371 548 1432 maneat,
572 1367 848 1437 agnoscit.
886 1368 1009 1421 Non
1039 1371 1330 1435 irritatur,
1366 1369 1501 1439 quia
1515 1375 1574 1423 et
1594 1369 1905 1440 injuriisla-
1983 1389 2118 1444 pore
2150 1378 2442 1442 separetur
2483 1371 2636 1425 intus
2675 1387 2909 1424 manens
2963 1369 3148 1435 corde,
3181 1385 3295 1423 non
3348 1385 3579 1440 corpore

320 1455 519 1520 cessita,
543 1455 618 1508 ad
646 1456 832 1510 nullos
858 1472 920 1510 se
941 1456 1172 1510 ultionis
1183 1473 1297 1512 suae
1311 1462 1500 1512 motus
1521 1458 1744 1524 excitat,
1766 1457 1903 1512 dum
1985 1467 2298 1532 separatur.
2334 1460 2392 1514 Si
2431 1475 2542 1530 qua
2555 1476 2614 1513 es
2644 1460 2835 1513 anima
2861 1475 2982 1530 qua:
3011 1457 3167 1529 cupis
3178 1457 3460 1530 possidere
3474 1457 3583 1510 vir-

321 1544 635 1614 promagnis
645 1543 936 1598 laboribus
969 1547 1188 1615 majora
1206 1551 1334 1616 post
1352 1546 1582 1616 prmmia
1602 1552 1902 1617 exspectat.
1987 1555 2168 1604 tutem
2197 1549 2505 1613 cbaritatis,
2526 1565 2649 1618 qua
2678 1547 2868 1602 omnia
2890 1545 3114 1612 tolerat,
3139 1546 3392 1617 relinque
3413 1562 3580 1600 mun-

323 1632 429 1686 i‘v’on
455 1636 654 1700 cogitat
680 1636 917 1698 malum,
948 1633 1080 1704 quia
1107 1633 1164 1687 in
1194 1651 1388 1688 amore
1416 1635 1707 1689 munditiae
1745 1652 1904 1689 men-
1987 1639 2142 1704 dum,
2176 1638 2410 1707 confuge
2447 1637 2516 1690 ad
2547 1637 2725 1691 crucis
2751 1637 2986 1706 lignum,
3004 1652 3119 1689 non
3138 1642 3357 1689 metuas
3374 1635 3585 1706 procel-

322 1727 422 1772 tem
448 1720 715 1786 solidans,
739 1722 874 1775 dum
905 1739 1070 1776 omne
1101 1722 1294 1776 odium
1316 1724 1584 1778 radicitus
1603 1725 1768 1789 eruit,
1783 1740 1901 1776 ver-
1924 1719 1967 1779 Β
1988 1728 2071 1780 las
2109 1735 2166 1781 et
2183 1727 2438 1781 turbines
2467 1728 2634 1797 hujus
2666 1725 2878 1786 diluvii,
2921 1742 3032 1778 non
3062 1725 3336 1795 mergeris
3362 1725 3408 1778 si
3430 1724 3583 1794 ligno

318 1809 496 1862 sarein
512 1809 707 1864 animo
719 1811 868 1880 quod
887 1811 1147 1882 inquinat
1167 1812 1363 1866 nescit.
1391 1813 1512 1866 Non
1522 1815 1722 1880 gaudet
1741 1829 1906 1881 super
1987 1815 2319 1887 portaberis,
2338 1816 2493 1869 novit
2505 1815 2820 1885 gubernare
2838 1815 2933 1884 qui
2959 1815 3224 1884 dignatus
3249 1819 3336 1868 est
3359 1830 3581 1879 creare;

318 1900 684 1966 iniquitatem,
718 1899 850 1969 quia
869 1917 980 1970 quo
1002 1900 1120 1953 sola
1138 1900 1434 1958 dilectione
1454 1917 1590 1968 erga
1610 1917 1804 1955 omnes
1826 1901 1906 1955 in-
1990 1911 2213 1959 tantum
2243 1904 2392 1958 adsit
2419 1904 2597 1956 virtus
2633 1903 2943 1968 charitatis,
2979 1920 3102 1973 qua:
3131 1902 3322 1956 omnia
3359 1903 3582 1966 tolerat,

318 1986 485 2052 choat,
508 1987 695 2041 necde
707 1989 1019 2058 perditione
1033 1989 1450 2044 adversantium
1481 1990 1744 2044 exsultat.
1773 1991 1909 2045 Con-
1987 1994 2144 2048 nulla
2193 2009 2282 2046 res
2334 1999 2393 2047 te
2433 1992 2503 2046 ab
2549 2009 2689 2046 area:
2736 1991 3017 2047 soliditate
3065 1991 3282 2056 evellat,
3317 2007 3584 2062 permane

317 2077 500 2142 gaudet
524 2081 716 2130 autem
743 2080 994 2142 ueritati,
1043 2078 1178 2148 quia
1212 2084 1276 2132 ut
1301 2095 1360 2132 se
1387 2085 1617 2132 caeteros
1647 2079 1904 2149 diligens,
1987 2081 2168 2137 bonus
2199 2089 2254 2136 et
2281 2083 2461 2136 tolera
2506 2082 2720 2136 malos:
2755 2081 2957 2136 melius
3016 2085 3103 2134 est
3148 2081 3300 2134 enim
3331 2087 3398 2135 ut
3432 2081 3588 2134 intus

318 2181 412 2234 per
433 2165 536 2218 hoc
567 2165 721 2236 quod
750 2173 967 2220 rectum
995 2166 1054 2220 in
1081 2167 1206 2221 aliis
1220 2167 1493 2238 conspicit
1504 2168 1664 2238 quasi
1685 2169 1753 2221 de
1775 2185 1910 2237 aug-

319 2259 494 2306 mento
505 2253 726 2324 proprii
757 2254 1039 2325 profectus
1062 2255 1365 2310 hilarescit.
1399 2255 1590 2327 (Aug)
1616 2257 1772 2310 Inter
1801 2274 1907 2310 ca}-

317 2349 456 2395 teras
470 2343 714 2396 virtutes
734 2345 857 2413 ejus
879 2360 1018 2414 quas
1039 2350 1444 2398 commemorat
1457 2346 1742 2415 apostolus
1768 2345 1912 2400 Pau-

318 2429 412 2494 lus,
431 2431 580 2501 quod
602 2433 847 2486 Charitas
873 2448 984 2486 non
1003 2437 1320 2497 amulatur,
1337 2450 1448 2487 non
1467 2436 1564 2500 agi
1567 2439 1590 2487 t
1593 2449 1902 2503 perperam,

318 2534 417 2572 non
445 2523 744 2584 irritatur,
764 2537 878 2575 non
889 2524 1089 2588 cogitat
1105 2526 1336 2587 anulum,
1352 2527 1456 2576 etc.
1475 2523 1540 2576 In
1553 2523 1753 2576 ultimo
1769 2540 1908 2594 qua-

315 2613 434 2661 tuor
457 2609 589 2679 ejus
619 2609 856 2664 virtutes
886 2611 1329 2682 eomprehendit,
1359 2611 1578 2665 dicens:
1608 2612 1808 2666 Omnia
1837 2619 1912 2667 to-

317 2700 460 2762 lerat,
495 2701 697 2752 omnia
735 2700 926 2761 credit,
961 2703 1150 2754 omnia
1186 2706 1389 2768 sperat,
1423 2703 1614 2754 omnia
1651 2704 1904 2767 sustinet,

316 2787 548 2841 Charitas
589 2803 883 2856 nunquam
901 2789 1121 2842 excedit.
1137 2789 1217 2842 Ex
1238 2789 1328 2842 his
1355 2788 1530 2858 igitur
1549 2795 1792 2860 quatuor
1805 2790 1912 2843 vir-

315 2875 520 2930 tutibus
547 2877 763 2930 sancta:
815 2877 1106 2930 charitatis
1146 2877 1300 2948 loqui
1336 2879 1596 2932 convenit
1622 2879 1907 2933 sanctitati

316 2970 519 3031 vestrae,
550 2965 910 3036 delectatque
931 2965 1192 3038 primitus
1213 2966 1418 3020 intueri
1432 2967 1908 3037 quemadmodum

1990 2172 2204 2242 positus
2259 2177 2492 2242 propter
2541 2170 2718 2224 bonos
2750 2171 2956 2224 toleres
3003 2170 3200 2234 malos,
3237 2185 3407 2240 quam
3437 2168 3587 2222 foras

1991 2261 2179 2313 exiens
2191 2265 2249 2313 et
2259 2260 2482 2331 periens
2493 2265 2552 2313 et
2570 2259 2746 2313 bonos
2765 2259 3054 2328 relinquas
3076 2264 3134 2312 et
3149 2258 3345 2311 malos.
3374 2257 3431 2311 Si
3451 2273 3586 2327 ergo

1991 2355 2124 2402 sunt
2159 2355 2345 2403 tecum
2372 2349 2520 2412 ferae,
2557 2347 2613 2400 id
2654 2353 2757 2406 est,
2783 2346 2830 2400 si
2847 2351 2981 2400 sunt
3005 2353 3192 2400 tecum
3233 2346 3290 2398 in
3321 2345 3584 2411 Ecclesia,

1991 2437 2452 2508 pravadocentes,
2472 2436 2612 2490 falsa
2631 2435 2937 2490 sentientes
2953 2435 3201 2488 haeretici
3213 2435 3298 2488 vel
3315 2433 3587 2488 schisma-

1979 2527 2108 2592 .tici,
2139 2531 2238 2580 aut
2293 2525 2464 2578 etiam
2507 2524 2613 2595 ipsi
2660 2523 2796 2578 mali
2848 2523 3126 2589 catholici,
3157 2539 3313 2576 more
3340 2522 3588 2576 ferarum

1993 2615 2211 2669 animas
2239 2613 2505 2667 devorare
2545 2612 2936 2684 quaerentium,
2968 2613 3279 2666 tolerentur
3305 2627 3484 2682 usque
3518 2611 3590 2664 ad

1995 2705 2164 2758 ﬁnem
2195 2702 2400 2769 saeculi,
2433 2707 2704 2772 tanquam
2733 2703 2903 2754 ﬁnem
2919 2699 3592 2770 diluvii,rugiantlicetet

1992 2792 2238 2846 frement
2265 2790 2545 2856 dentibus,
2605 2796 2774 2861 atque
2800 2789 2980 2860 ipsam
3008 2807 3196 2844 arcam
3235 2789 3620 2865 confringere_

1991 2887 2281 2946 conentur,
2317 2896 2428 2934 non
2445 2895 2792 2950 expavescas,
2817 2879 2976 2932 ﬁnito
3005 2878 3212 2933 diluvio
3251 2878 3376 2932 illos
3405 2877 3592 2947 capiat

1991 2969 2176 3023 inanis
2214 2968 2441 3040 spinosa
2476 2969 2632 3033 silva,
2663 2973 2719 3021 te
2747 2967 2946 3021 fertilis
2983 2967 3215 3038 suscipit
3252 2973 3424 3020 terra.
3457 2967 3593 3020 Post

315 3053 456 3107 velut
475 3052 726 3125 quatudr
742 3054 1000 3108 cardines
1015 3054 1164 3108 orbis
1183 3055 1494 3120 continens,
1517 3061 1699 3110 totum
1723 3073 1908 3127 posse—
1927 3039 1970 3098 θ
1995 3059 2164 3112 ﬁnem
2187 3057 2372 3112 saeculi
2403 3056 2562 3128 impii
2577 3057 2869 3127 rapientur
2897 3056 2966 3110 ad
2991 3055 3252 3110 tenebras
3265 3055 3587 3118 exteriores,

315 3141 454 3196 derit
480 3143 786 3196 mundum.
827 3143 1200 3214 Requiramus
1230 3144 1406 3215 igitur
1435 3145 1482 3198 si
1501 3145 1912 3216 placetaliquo-

315 3246 433 3284 rum
452 3231 717 3302 exempla
737 3237 1079 3298 sanctorum,
1104 3249 1298 3286 eorum
1320 3233 1537 3288 scilicet
1569 3233 1664 3304 qui
1689 3233 1778 3287 his
1807 3233 1914 3286 vir-

314 3318 519 3374 tutibus
547 3325 761 3375 sanctae
789 3321 1080 3374 charitatis
1111 3322 1350 3392 possessi
1372 3328 1522 3386 sunt,
1549 3327 1605 3376 et
1616 3322 1698 3376 eis
1717 3322 1912 3392 singu-

313 3408 395 3474 lis,
418 3409 498 3462 ita
519 3409 750 3479 singula
769 3409 1102 3476 tribuamus,
1117 3416 1180 3464 ut
1198 3427 1394 3464 omnes
1424 3411 1482 3464 in
1509 3411 1770 3465 omnibus
1792 3427 1912 3466 esse

313 3513 624 3552 noscamus.
633 3499 915 3562 Quoniam
927 3499 1110 3552 omnis
1121 3499 1214 3570 qui
1228 3499 1316 3570 pie
1328 3501 1534 3554 tolerat
1552 3506 1701 3554 recte
1713 3501 1909 3566 credit,

313 3593 364 3639 et
382 3587 568 3640 omnis
587 3587 688 3658 qui
701 3592 850 3640 recte
870 3587 1047 3641 credit
1065 3588 1276 3658 aliquid
1309 3594 1516 3660 sperat,
1537 3595 1594 3642 et
1613 3589 1709 3659 qui
1725 3595 1916 3659 sperat

315 3675 550 3728 sustinet
567 3693 644 3730 ne
666 3675 767 3729 abs
777 3693 876 3746 spe
897 3676 1195 3730 cadat.Sed
1208 3679 1329 3747 jam
1344 3677 1576 3748 quinam
1589 3678 1680 3732 isti
1696 3685 1829 3732 sunt
1839 3678 1916 3732 vi-

313 3763 562 3831 deamus,
577 3780 824 3836 quorum
845 3765 1014 3818 ﬁdem
1036 3765 1097 3819 in
1125 3772 1398 3836 quantum
1426 3766 1667 3838 desuper
1690 3767 1916 3836 adjuva-

316 3869 456 3916 mur,
483 3854 717 3925 assequi
744 3855 1049 3908 valeamus.
1069 3854 1260 3909 Virtus
1280 3855 1573 3909 charitatis
1587 3873 1708 3926 quae
1727 3857 1917 3910 omnia

316 3941 534 4008 tolerat,
570 3943 810 3997 emicuit
829 3942 886 3996 in
908 3949 1100 3998 sancto
1121 3945 1273 4012 Noe;
1317 3961 1440 4014 quae
1455 3944 1648 3998 omnia
1669 3945 1916 3999 creditin

317 4038 504 4086 sancto
523 4031 846 4099 Abraham;
897 4049 1020 4102 quae
1037 4033 1228 4086 omnia
1258 4038 1447 4103 sperat
1461 4033 1520 4086 in
1541 4033 1801 4087 Patribus
1821 4050 1918 4087 no-

1994 3147 2070 3200 ibi
2103 3153 2189 3201 est
2211 3147 2375 3200 ﬂetus
2408 3151 2466 3198 et
2495 3145 2705 3199 stridor
2730 3145 3004 3209 dentium,
3037 3145 3158 3216 pios
3182 3144 3414 3215 suscipit
3441 3148 3590 3196 terra

1994 3235 2300 3290 viventium
2327 3253 2338 3300 ς
2365 3251 2498 3287 nam
2531 3235 2716 3304 etipse
2731 3240 2958 3288 sanctus
2986 3235 3105 3288 Noe
3123 3239 3251 3304 post
3269 3232 3594 3286 ﬁnemdilu-

1995 3325 2070 3378 vii
2101 3323 2306 3379 obtulit
2325 3323 2664 3377 sacriﬁcium
2675 3323 2914 3387 Deo,sed
2931 3322 3000 3375 de
3021 3321 3358 3376 animalibus
3369 3320 3594 3374 mundis

1995 3429 2107 3467 non
2119 3414 2187 3468 de
2201 3411 2536 3480 immundis;
2571 3411 2738 3466 simul
2768 3412 2916 3465 enim
2933 3417 2989 3465 et
3001 3412 3212 3466 munda
3231 3415 3289 3464 et
3303 3411 3596 3464 immunda

1995 3501 2262 3555 animalia
2289 3501 2348 3554 in
2381 3517 2512 3554 arca
2543 3506 2740 3554 natare
2765 3505 3090 3570 potuerunt,
3111 3500 3208 3554 sed
3230 3499 3364 3552 mali
3392 3499 3462 3552 ad
3493 3498 3592 3560 Dei

1997 3590 2331 3644 sacriﬁcium
2356 3606 2471 3642 non
2492 3589 3003 3660 pervenerunt.Sed
3017 3589 3138 3658 jam
3149 3587 3279 3642 hinc
3293 3587 3595 3657 aliquando

1995 3685 2370 3744 transeamus,
2405 3684 2471 3731 ut
2499 3683 2702 3731 caetera
2727 3677 3068 3747 perscrutari
3115 3676 3418 3729 valeamus.
3457 3676 3595 3728 Pro-

1997 3768 2158 3823 cedat
2171 3767 2230 3820 in
2266 3767 2518 3820 medium
2547 3771 2775 3819 sanctus
2798 3765 2892 3818 ille
2933 3763 3236 3829 Abraham,
3279 3769 3337 3816 et
3366 3779 3466 3816 suo
3493 3779 3596 3816 nos

1998 3858 2199 3911 doceat
2227 3855 2480 3926 exemplo
2510 3853 2794 3925 possidere
2833 3853 3100 3906 virtutem
3130 3851 3440 3918 eharitatis,
3473 3868 3596 3921 quae

1997 3945 2189 4000 omnia
2214 3944 2408 4010 credit,
2443 3943 2538 4014 qui
2569 3959 2682 3996 non
2723 3947 2809 3996 est
2863 3947 3159 3996 cunctatus
3191 3941 3260 3994 ad
3299 3956 3472 3994 unam
3498 3955 3596 3994 vo-

1995 4034 2274 4089 cationem
2303 4033 2620 4103 relinquere
2641 4030 2904 4102 patriam,
2935 4030 3144 4096 sedem,
3165 4030 3417 4095 domum,
3439 4029 3598 4082 fami-

316 4120 460 4185 stris,
479 4121 538 4174 id
563 4127 673 4184 est,
695 4120 754 4174 in
777 4121 981 4192 p0pulo
1004 4121 1194 4175 Israel.
1217 4121 1502 4192 Undeipse
1517 4129 1708 4175 noster
1723 4123 1916 4176 exhor—
1999 4124 2153 4189 liam,
2187 4123 2378 4176 omnia
2422 4121 2819 4192 relinquuntur
2866 4125 2930 4174 ut
2971 4119 3210 4173 Domino
3257 4117 3598 4190 praecipienti

315 4214 462 4263 tatus
476 4215 566 4264 est
579 4209 885 4276 Dominus;
913 4227 1035 4280 quae
1051 4209 1240 4264 omnia
1259 4209 1500 4264 sustinet
1514 4209 1572 4263 in
1587 4209 1709 4280 ipso
1737 4211 1916 4282 capite
1999 4217 2284 4282 pareatur.
2343 4211 2468 4276 Eri,
2500 4209 2686 4280 inquit
2723 4209 2774 4262 ei
2824 4209 2994 4273 Deus,
3027 4210 3089 4262 de
3131 4210 3448 4278 cognatione
3480 4213 3596 4273 tua,

315 4304 504 4352 nostro
537 4298 787 4353 Domino
815 4299 844 4352 J
849 4315 947 4352 esu
968 4297 1212 4364 Christo,
1255 4299 1349 4369 qui
1381 4303 1467 4352 est
1491 4315 1624 4352 vera
1648 4299 1913 4366 Charitas,
1934 4365 1970 4369 _
1999 4305 2049 4354 et
2077 4303 2140 4354 de
2165 4302 2323 4354 domo
2353 4305 2461 4363 tuo,
2499 4303 2548 4352 et
2575 4301 2702 4352 veni
2740 4301 2802 4351 in
2835 4304 3045 4350 terram
3073 4312 3460 4366 quamcunque
3499 4297 3602 4350 tibi

315 4403 434 4457 quae
454 4403 756 4458 nunquam
775 4387 942 4452 cadit,
963 4403 1066 4441 nec
1097 4365 1326 4442 caeteros
1345 4392 1567 4442 sanctos
1595 4386 1664 4440 ab
1697 4387 1786 4441 his
1804 4365 1982 4442 vir-D
2000 4391 2278 4443 ostendero
2338 4388 2488 4452 (Gen.
2546 4391 2662 4454 xn).
2723 4387 2839 4440 Nec
2885 4385 3034 4455 apud
3091 4402 3150 4438 se
3207 4385 3315 4438 iste
3376 4391 3604 4439 sanctus

317 4475 532 4531 uitibus
594 4481 783 4530 vestra
819 4476 1063 4530 Charitas
1104 4477 1336 4547 deputet
1376 4476 1610 4543 alienos,
1645 4493 1786 4546 quos
1815 4493 1916 4547 pro
1999 4477 2281 4548 cogitavit,
2317 4481 2417 4530 aut
2441 4475 2598 4540 dixit,
2631 4491 2741 4545 quo
2772 4473 2938 4527 eam?
2963 4473 3055 4526 cui
3088 4489 3178 4526 me
3209 4471 3559 4526 committam
3586 4492 3597 4526 :
3628 4506 3633 4512 -

317 4563 594 4620 brevitate
644 4565 936 4636 temporis,
970 4571 1027 4619 et
1079 4582 1180 4636 pro
1227 4581 1484 4619 sermone
1531 4571 1810 4635 suscepto,
1841 4565 1924 4619 ita
2007 4565 2063 4619 in
2095 4581 2265 4636 quam
2295 4570 2506 4618 terram
2537 4563 2776 4616 vadam?
2832 4563 2928 4616 sed
2960 4561 3153 4616 statim
3182 4561 3356 4628 audit,
3399 4561 3598 4632 surgit,

315 4654 732 4723 praetermissos
775 4670 898 4707 esse
936 4653 1271 4724 cognoscite,
1312 4658 1378 4706 ut
1395 4659 1586 4707 tamen
1611 4653 1920 4706 certissime

315 4743 608 4806 noveritis,
670 4759 865 4796 omnes
915 4759 1038 4796 esse
1081 4743 1140 4795 in
1178 4741 1420 4807 Christo,
1451 4747 1508 4795 et
1553 4741 1611 4794 in
1659 4741 1920 4796 omnibus

319 4831 631 4885 Christum.
675 4831 782 4885 Sed
809 4833 929 4901 jam
958 4831 1248 4885 videamus
1284 4829 1758 4900 quemadmodum
1789 4846 1918 4884 san-

320 4925 441 4973 ctus
474 4920 602 4974 Noe
630 4920 962 4990 possederit,
993 4919 1080 4973 vel
1107 4935 1398 4990 possessus
1425 4917 1500 4972 sit
1518 4918 1723 4972 virtute
1735 4919 1920 4973 chari-

320 5009 471 5073 tatis,
507 5024 636 5078 quae
669 5009 860 5062 omnia
887 5007 1442 5062 tolerat.Przedixitei
1456 5007 1626 5073 Deus,
1653 5008 1802 5078 quod
1816 5008 1920 5062 ini-

316 5098 531 5167 quitate
564 5097 861 5151 hominum
906 5105 1188 5151 crescente
1232 5097 1440 5150 diluvio
1471 5097 1732 5168 perderet
1759 5114 1920 5150 mun-

316 5185 468 5250 dum,
511 5185 713 5239 statim
739 5185 834 5240 ille
862 5185 1183 5239 admonitus
1210 5185 1461 5254 confugit
1495 5185 1566 5239 ad
1591 5185 1830 5255 lignum,
1863 5192 1922 5238 et

319 5281 440 5342 post
465 5291 804 5344 camporum
835 5291 1186 5328 amoenorum
1215 5273 1414 5328 faciem
1441 5273 1718 5343 angustiis
1747 5291 1807 5328 se
1827 5291 1919 5327 re-

321 5362 494 5416 cludit
519 5379 686 5428 arcze,
708 5363 914 5416 tolerat
948 5363 1071 5416 οωιί
1118 5362 1426 5430 fremitum,
1475 5363 1720 5417 sonitum
1751 5379 1920 5434 aqua-

325 5467 466 5517 rum,
501 5451 791 5522 fragorem
817 5452 1156 5518 nimborum,
1181 5457 1239 5506 et
1253 5458 1378 5522 post
1390 5452 1700 5506 istaomnia
1717 5452 1813 5523 qui
1835 5468 1920 5506 so-

322 5539 399 5594 let
415 5541 673 5609 gaudere
691 5541 970 5595 consortio
983 5541 1294 5607 hominum,
1310 5541 1491 5595 socius
1505 5541 1919 5612 quodammodo

2003 4654 2196 4720 currit,
2233 4652 2480 4716 festinat,
2513 4651 2804 4704 accelerat.
2847 4651 3081 4705 Terram
3123 4651 3458 4722 promissam
3487 4665 3600 4704 non

2003 4741 2171 4806 videt,
2206 4741 2303 4795 sed
2333 4739 2610 4793 credendo
2640 4755 2765 4794 eam
2793 4739 3035 4793 ﬁrmiter
3059 4744 3234 4805 tenet,
3256 4737 3602 4793 ambulatre—

2003 4837 2092 4885 cto
2121 4830 2343 4893 itinere,
2381 4845 2485 4882 nec
2532 4827 2925 4882 oberrantibus
2963 4828 3212 4897 vestigiis
3243 4826 3396 4890 alibi,
3432 4842 3600 4896 quam

2003 4918 2197 4973 debuit
2223 4917 2550 4973 declinavit:
2585 4916 2718 4988 quia
2747 4917 2842 4986 qui
2857 4933 2986 4970 eum
3019 4916 3089 4968 ad
3117 4916 3367 4984 ignotam
3390 4921 3600 4967 terram

2004 5007 2283 5074 mittebat,
2313 5008 2434 5078 ipse
2491 5006 2586 5076 qui
2645 5005 2924 5070 mittebat,
2969 5020 3080 5058 non
3129 5001 3465 5066 dimittebat,
3500 5019 3600 5056 nec

2003 5113 2134 5150 eum
2164 5097 2285 5166 ipse
2327 5083 2540 5160 fefellit,
2574 5093 2830 5148 redditur
2861 5109 3074 5146 merces
3105 5089 3374 5156 credenti,
3398 5091 3468 5143 ad
3491 5096 3600 5144 ter-

2001 5201 2124 5238 ram
2153 5185 2426 5256 pervenit,
2465 5183 2754 5248 dilatatur,
2787 5181 3214 5251 muitiplicatur,
3257 5195 3324 5232 ex
3350 5195 3599 5251 paupere

2002 5274 2241 5327 efﬁcitur
2266 5273 2438 5338 dives,
2467 5289 2534 5326 ex
2579 5270 2809 5342 ignobili
2847 5275 3064 5342 potens,
3097 5267 3311 5323 ditatur
3337 5267 3598 5324 omnibus

2000 5361 2183 5427 bonis,
2209 5366 2268 5415 et
2291 5360 2460 5414 inillo
2476 5359 2747 5430 impletur
2769 5359 2920 5430 quod
2933 5357 3278 5413 Dominusin
3298 5358 3598 5428 Evangelio

2001 5451 2119 5505 suis
2147 5449 2434 5519 discipulis
2475 5448 2752 5520 promisit,
2794 5447 2985 5502 dicens
3019 5466 3030 5500 :
3071 5445 3136 5501 Si
3161 5451 3286 5516 quis
3315 5448 3598 5501 dimiserit

1999 5542 2246 5604 domum,
2262 5543 2363 5591 aut
2382 5554 2604 5604 agrum,
2620 5542 2720 5590 aut
2736 5541 2990 5606 parentes
3009 5552 3173 5590 causa
3190 5539 3435 5590 nominis
3465 5539 3590 5599 mei,
3619 5533 3646 5561 ‘
