3974 6188
361 253 464 333 tt!

953 254 1015 328 Β.
1057 227 1330 328 sum
1367 253 1597 327 NiAURI
1635 253 1970 326 meum.
2012 251 2336 325 Mootm'r.
2381 252 2678 324 OPERUM
2715 257 2901 322 PARS
2937 260 3035 323 In‘.
3081 348 3092 353 η

3533 258 3630 323 ’ΐὶνᾶ

361 400 425 456 in
453 402 555 456 hac
580 399 696 456 τήέὰ
734 398 1053 469 centuplum
1079 399 1322 465 accipiet,
1363 393 1414 450 et
1441 399 1504 451 ﬁt
1535 397 1732 466 futuro
1759 397 1956 450 seculo
1974 384 2083 456 Asi
2105 397 2165 450 in”
2192 401 2247 449 te
2280 395 2491 450 eminet
2521 395 2698 449 virtus
2726 383 3017 448 charitatis
3049 402 3173 467 quin
3204 397 3398 449 omnia
3422 401 3632 466 sperat,

363 490 537 545 vitam
565 493 920 559 eortscqtcetur
935 483 1196 541 sternant
1207 526 1217 538 .
1233 479 1568 538 Curnulatur
1587 484 1767 538 adhuc
1787 486 1954 554 hujus

361 578 491 634 fidei
523 583 752 638 merces,
787 581 842 631 et
869 575 988 630 seni
1016 574 1367 646 promittitur
1398 575 1562 627 ﬁlius.
1584 575 1757 627 Adest
1779 575 1952 627 virtus

363 665 670 738 chiaritatis,
688 672 810 738 quae
826 665 1016 720 omnia
1031 664 1226 729 credit,
1243 663 1419 727 audit,
1438 660 1694 727 exsultat,
1713 663 1954 732 amplius

361 735 824 827 diligit.Suscipit
854 753 1032 807 ﬁlium
1066 761 1129 806 ex
1157 754 1392 822 conjuge
1425 751 1620 818 sterili,
1641 763 1810 822 qnam
1829 767 1956 822 spes

361 841 617 917 pariendi
647 839 997 908 destitutam,
1019 839 1290 896 sterilitas
1315 843 1561 912 aetasque
1585 843 1704 911 jam
1725 841 1952 904 fecerat,

361 936 530 1004 atque
554 929 612 987 in
646 930 742 987 illo
779 929 1227 986 benedictionem
1253 925 1506 984 omnium
1529 929 1796 986 Gentium
1826 947 1954 1001 pro-

360 1019 589 1076 missam
619 1018 939 1076 iirm‘issim'e
969 1023 1142 1074 tenet.
1175 1020 1282 1073 Sed
1324 1015 1507 1073 adhuc
1547 1033 1674 1072 eum
1715 1014 1958 1072 Charitas

362 1101 576 1182 probat,
593 1105 1001 1181 probatumque
1021 1104 1394 1170 commendat,
1413 1114 1469 1162 et
1484 1101 1957 1178 quemadmodum

363 1195 504 1254 iiiltil
534 1185 651 1254 Deo
685 1196 960 1270 prteferat,
1004 1197 1244 1269 pesteris
1285 1196 1580 1251 menstrat.
1615 1191 1788 1250 Vocat
1828 1210 1956 1249 eum

361 1286 633 1344 Deminus
663 1290 732 1342 de
787 1283 924 1342 coelo
978 1283 1168 1340 dicens
1214 1287 1366 1355 (Gen.
1417 1287 1598 1358 xxn}:
1651 1271 1950 1350 Abraham,

359 1375 661 1442 Abraham,
713 1383 770 1432 et
819 1363 912 1430 ille
959 1375 1230 1446 tariq'imm
1267 1387 1460 1429 servus
1499 1371 1782 1438 obediens,
1831 1373 1957 1428 Ecce.

359 1463 556 1525 (idﬂm‘i
587 1467 686 1529 ait,
724 1471 781 1520 et
818 1461 1109 1529 Domitius,
1141 1461 1329 1534 Accipe
1358 1465 1542 1532 ﬁlium
1577 1465 1736 1517 tuum.
1767 1463 1953 1526 illum,

360 1565 518 1624 quem
556 1553 747 1622 diligis
786 1557 958 1618 Isaac,
991 1561 1038 1607 et
1080 1551 1213 1607 vade
1239 1553 1302 1608 in
1352 1556 1557 1607 terram
1591 1551 1872 1616 crocisam,
1909 1548 1956 1604 ct

361 1644 587 1712 offerens
618 1658 742 1697 eum
789 1641 1167 1696 holocaustum
1217 1647 1279 1696 in
1309 1659 1420 1695 uno
1469 1640 1763 1706 montium,
1799 1649 1957 1710 quem

2036 501 2136 555 per
2167 501 2418 538 erem‘um
2449 491 2506 538 te
2547 499 2772 538 necesse
2809 490 2894 537 est
2923 485 3185 546 transire,
3220 485 3274 538 id
3314 491 3418 543 est,
3456 485 3638 538 utaris

2035 574 2139 627 hoc
2168 574 2377 627 mundo
2407 579 2679 644 tanquam
2709 589 2821 626 non
2847 579 3106 640 utens,et
3134 575 3191 626 in
3221 574 3324 626 hac
3353 575 3438 626 via
3471 590 3634 644 pere-

2033 665 2261 733 grinum
2313 655 2368 716 te
2418 662 2638 716 noveris
2671 675 2810 727 esse,
2874 663 2920 715 si
2972 668 3180 716 terram
3242 662 3628 732 promissionis

2038 752 2196 823 capis
2225 747 2456 806 intrare.
2475 749 2602 805 Haec
2623 755 2774 804 terra
2806 758 2890 804 est
2904 751 2972 805 de
2994 767 3102 822 qua
3128 753 3406 822 Propheta
3425 748 3632 807 cantat.

2040 833 2096 893 et
2123 841 2286 894 dicit:
2313 836 2484 896 Credo
2499 835 2679 894 ridere
2693 841 2830 894 bona
2849 843 3150 894 [Iomz'm'in
3170 845 3318 894 terra
3333 841 3634 893 rirenlium

2043 931 2205 996 (1)εαί.
2253 933 2464 996 xxviii).
2509 929 2717 983 Ultima
2754 929 2930 982 virtus
2969 930 3259 982 charitatis
3287 935 3479 994 restat,
3514 947 3635 999 quae.

2041 1020 2229 1072 omnia
2261 1020 2502 1072 sustinet
2531 1025 2588 1072 et
2633 1023 2920 1088 nunquam
2951 1016 3118 1082 cadit,
3163 1019 3306 1072 hanc
3333 1015 3442 1088 ipsi
3468 1015 3635 1088 capiti

2041 1110 2232 1161 nostro
2276 1108 2512 1161 Domino
2554 1109 2686 1160 Jesu
2743 1109 2964 1161 Christo
3013 1108 3308 1161 convenire
3364 1107 3631 1160 videmus.

2041 1189 2170 1250 Ideo
2193 1197 2252 1249 in
2294 1189 2512 1273 ultimo,
2568 1197 2832 1266 quoniam
2862 1193 2990 1248 ﬁnis
3036 1196 3174 1265 legis
3219 1203 3304 1248 est
3357 1195 3631 1249 Christus.

2041 1280 2262 1348 Quanta
2293 1289 2481 1338 autem
2514 1285 2630 1356 ipse
2662 1295 2761 1355 pro
2791 1285 2949 1338 nobis
2981 1285 3330 1348 sustinuerit,
3355 1291 3492 1354 puto
3511 1285 3638 1338 cha-

2040 1369 2264 1427 ritatem
2292 1379 2536 1427 vestram
2565 1373 2823 1442 ignorare
2850 1391 2961 1427 non
2997 1392 3156 1445 posse
3174 1415 3186 1438 ,
3218 1379 3409 1427 tamen
3439 1373 3635 1428 exinde

2039 1460 2250 1533 aliquid
2277 1463 2479 1527 dicam,
2497 1467 2687 1516 tamen
2715 1461 2783 1516 de
2809 1468 2966 1516 tanto
2995 1461 3209 1534 aliquid
3236 1460 3401 1532 digne
3429 1463 3632 1528 dicam,

2041 1551 2194 1622 prius
2221 1551 2354 1605 illud
2389 1549 2545 1622 quod
2567 1544 2716 1605 Deus
2747 1553 2932 1617 homo,
2964 1551 3110 1622 quod
3139 1545 3370 1605 verbum
3404 1569 3533 1605 caro
3558 1552 3636 1606 fa-

2040 1643 2192 1694 ctum
2223 1641 2326 1706 est,
2359 1641 2506 1710 quod
2538 1641 2714 1694 multa
2737 1641 2885 1694 bona.
2915 1639 3134 1706 fecit,et
3164 1635 3312 1695 mala
3341 1657 3635 1712 perpessus

361 1733 550 1786 dixe-ro
581 1731 700 1786 tibi.
734 1730 848 1786 Nec
876 1733 979 1786 hac
1006 1728 1232 1802 quidem
1261 1731 1515 1801 jussione
1553 1729 1816 1784 turbatur
1859 1728 1956 1784 aut
1978 1722 2146 1792 Best,
2182 1729 2329 1800 quod
2359 1736 2608 1783 mortuos
2649 1729 2935 1784 suscitavit
2963 1735 3020 1784 et
3049 1735 3304 1784 mortuus
3343 1735 3446 1791 est,
3488 1724 3634 1800 quod

360 1819 640 1890 frangitur
668 1828 859 1875 servas
884 1819 1083 1874 fidelis.
1119 1818 1293 1874 Adest
1331 1820 1482 1873 enim
1525 1821 1576 1874 ei
1615 1819 1791 1874 virtus
1825 1820 1957 1872 cha-

360 1908 562 1974 ritatis,
605 1911 728 1982 qua;
781 1911 972 1963 carnis
1007 1905 1210 1976 credit;
1245 1908 1443 1980 sdrgit,
1477 1909 1708 1962 demam
1753 1907 1954 1980 pergit,

363 1998 583 2053 asir'itim'
620 1999 840 2064 sternit,
875 2000 1029 2068 ligna
1070 1995 1337 2060 condidit,
1381 1994 1634 2068 gladium
1673 1998 1730 2051 et
1769 1999 1958 2066 ignem

261 2105 266 2112 '
362 2087 554 2152 stituit,
587 2089 825 2159 puerum
851 2086 1016 2141 Simul
1055 2082 1302 2150 addecit,
1335 2088 1392 2140 et
1420 2087 1604 2157 pergit
1642 2083 1711 2140 ad
1751 2088 1956 2140 locum.

361 2176 516 2231 Tunc
545 2174 796 2232 intentus
815 2174 994 2230 factus
1024 2172 1179 2231 Isaac
1220 2173 1438 2247 patrem
1471 2175 1856 2245 interrogabat
1881 2169 1962 2228 di-

361 2265 491 2319 cens
523 2286 538 2319 :
569 2268 749 2326 Pam,
781 2259 877 2330 ait,
907 2265 957 2318 ct
988 2263 1100 2330 ille,
1123 2263 1265 2331 Quid
1284 2261 1376 2330 est,
1401 2267 1525 2331 ﬁli?
1562 2265 1618 2318 et
1645 2264 1808 2328 ﬁlius,
1837 2263 1962 2317 Ecce

362 2351 460 2420 ait,
479 2354 627 2422 Ig'm's
655 2359 705 2407 et
725 2354 896 2422 ligna,
918 2351 1017 2407 ubi
1045 2359 1119 2407 cst
1149 2357 1263 2407 ovis
1295 2353 1464 2422 qnam
1491 2350 1890 2406 immolaturus
1911 2369 1962 2405 es

363 2443 438 2496 ad
457 2441 831 2497 holocaustum
853 2449 876 2496 ?
907 2442 962 2496 et
983 2447 1143 2514 pater
1162 2439 1478 2513 respondit:
1505 2441 1643 2496 Dcu’s
1659 2441 1962 2510 proridcbit

366 2529 475 2585 sibi
501 2533 646 2584 οὺεηὶ
675 2533 748 2586 (id
767 2532 1129 2600 sacriﬁcimn,
1152 2529 1256 2600 ﬂlz’.
1275 2533 1544 2600 Magnum
1565 2530 1654 2584 hic
1672 2537 1728 2583 et
1751 2525 1963 2600 grande

367 2618 529 2673 video
555 2617 969 2674 sacramentum
1003 2639 1014 2672 :
1057 2615 1204 2674 aliud
1246 2617 1529 2674 Abraham
1583 2617 1746 2673 corde
1784 2623 1967 2689 gesta-

368 2699 481 2774 bat,
506 2697 657 2762 aliud
690 2705 804 2762 {illo
837 2705 1218 2779 promittebat,
1234 2709 1331 2762 sed
1362 2719 1543 2778 neqUe
1576 2721 1697 2778 quae
1736 2707 1968 2778 promit-

2039 1819 2340 1887 singularis
2357 1819 2452 1872 illa
2465 1819 2716 1888 patentia
2728 1821 2960 1890 pertulit
2973 1819 3258 1873 diabolum
3275 1824 3634 1874 tentatorem.

2039 1903 2374 1978 discipulum
2405 1907 2756 1971 traditorem,
2810 1909 2956 1979 quod
2993 1909 3177 1978 ipsum
3208 1906 3430 1973 Judam,
3464 1908 3642 1978 prius-

2042 2000 2210 2066 quam
2243 1997 2565 2051 ostenderet
2593 1995 2941 2061 traditorem,
2959 1997 3191 2068 pertulit
3209 1999 3481 2053 furem.et
3511 2002 3641 2051 ante

2041 2087 2489 2156 experimentum
2528 2081 2876 2139 vinculorum
2907 2087 3086 2140 crucis
3131 2104 3195 2140 ac
3237 2087 3435 2140 mortis
3481 2086 3642 2140 labiis

2043 2176 2164 2245 ejus
2219 2175 2425 2227 dolosis
2482 2185 2592 2228 non
2642 2175 2868 2244 negavit
2906 2173 3157 2229 osculum
3189 2175 3359 2245 pacis.
3411 2168 3473 2230 In
3523 2176 3643 2246 ipsa

2044 2271 2234 2316 autem
2269 2268 2451 2317 morte
2503 2269 2714 2333 quanta
2766 2262 3072 2317 sustinuit?
3112 2265 3342 2335 pertulit
3387 2260 3642 2318 odiorum

2044 2343 2320 2412 ﬂammas,
2356 2350 2642 2406 ministros
2674 2351 2902 2422 pessimi
2926 2353 3110 2407 cordis
3153 2354 3396 2422 linguas,
3442 2354 3646 2407 clama-

2045 2446 2245 2494 veruut
2273 2441 2470 2505 Judaei,
2503 2441 2800 2511 Cruciﬁge,
2833 2442 3115 2512 crucifige,
3137 2447 3194 2496 et
3216 2448 3278 2496 ut
3295 2442 3376 2494 rei
3398 2459 3650 2495 remane-

2047 2533 2173 2582 rent
2206 2525 2402 2594 Judaei,
2445 2530 2710 2583 innocens
2752 2529 2821 2583 ab
2865 2531 2944 2582 eis
2999 2531 3299 2584 cruciﬁxus
3338 2537 3442 2596 est,
3475 2529 3650 2584 Filius

2045 2619 2147 2672 Dei
2187 2619 2255 2671 ad
2293 2633 2514 2673 cruocm
2547 2619 2771 2672 ducitur
2791 2624 2848 2672 et
2883 2621 3256 2690 eXpaImatur,
3277 2618 3370 2690 qui
3410 2625 3495 2672 est
3521 2637 3656 2672 vera

2053 2709 2242 2777 palma
2269 2708 2538 2762 victoriae:
2566 2709 2742 2778 Spinis
2774 2713 3074 2762 coronatur
3103 2709 3194 2779 qui
3227 2710 3416 2779 spinas
3455 2727 3654 2780 pecca-

369 2793 523 2851 te’ba’t
554 2786 732 2850 {illum
761 2793 1046 2863 fallebant,
1081 2798 1262 2868 neque
1310 2798 1499 2868 aliqua
1535 2795 1836 2851 infirmitas
1875 2809 1969 2850 cor
2051 2799 2240 2850 torum
2272 2797 2424 2850 venit
2451 2793 2832 2864 confringere;
2866 2798 3074 2867 ligatur
3104 2799 3201 2868 qui
3236 2799 3400 2852 solvit
3435 2815 3657 2868 compe-

376 2887 499 2956 ejus
527 2883 866 2957 aproposito
895 2883 1309 2940 immutaverat.
1333 2882 1519 2941 Aliam
1550 2887 1817 2940 virtutem
1845 2885 1972 2940 cha-
2053 2874 2200 2938 dites
2234 2899 2246 2937 :
2291 2883 2442 2951 ligno
2491 2887 2854 2955 suspenditur
2895 2888 2988 2956 qui
3033 2887 3200 2958 erigit
3241 2883 3404 2940 elisos
3438 2905 3448 2938 :
3495 2893 3656 2940 aceto

371 2975 554 3029 ritatis
585 2975 708 3046 quae
739 2973 926 3030 omnia
957 2981 1161 3046 sperat,
1186 2977 1367 3046 placet
1386 2973 1678 3046 inspicere,
1700 2977 1843 3030 hanc
1876 2981 1971 3029 su-
2054 2977 2282 3043 potatur
2310 2971 2432 3026 fons
2461 2975 2586 3027 vitae
2619 2992 2629 3026 :
2666 2973 2961 3044 disciplina
3001 2973 3250 3040 caeditur,
3283 2975 3433 3029 salus
3462 2977 3657 3029 vulne-

371 3065 560 3136 perltis
603 3061 749 3134 plebi
794 3058 966 3118 Israel
1013 3067 1069 3118 et
1112 3062 1365 3135 patribus
1405 3065 1610 3119 nostris
1652 3057 2031 3133 assignasseC
2055 3069 2229 3116 ratur.
2263 3062 2377 3116 vita
2414 3063 2671 3126 moritur,
2704 3063 2905 3117 occidit
2942 3057 3010 3117 ad
3033 3064 3254 3134 tempus
3285 3063 3454 3119 vitam
3477 3081 3653 3130 mors,

370 3150 774 3222 cognoscimtIS.
809 3151 944 3224 Ejus
975 3154 1215 3224 namque
1256 3153 1476 3208 virtutis
1516 3171 1617 3207 vox
1657 3160 1743 3207 est
1772 3153 1831 3208 in
1862 3166 1967 3208 usu

371 3239 466 3294 illo
498 3237 854 3312 prophetico:
877 3240 944 3297 In
977 3249 1023 3296 te
1043 3245 1404 3309 speraverant
1419 3249 1605 3310 patres
1639 3245 1833 3306 nostri,
1859 3259 1970 3310 spe-

373 3329 646 3384 raverant
673 3327 722 3384 et
753 3328 1002 3384 liberas-ti
1031 3344 1113 3383 cos
1143 3331 1309 3400 (Psal.
1334 3335 1470 3399 xxx).
1492 3327 1559 3384 Et
1587 3327 1689 3402 ipsi
1718 3347 1780 3384 ex
1800 3331 1968 3402 .‘Egy-

371 3415 466 3490 pto’
495 3411 689 3488 iugero
703 3418 994 3489 jubentur,
1014 3425 1165 3473 terra
1198 3421 1279 3473 eis
1299 3416 1380 3473 lac
1411 3425 1468 3474 et
1499 3421 1607 3473 mel
1639 3413 1818 3475 tinens
1839 3436 1968 3490 pro-

373 3507 634 3571 mittitur,
669 3507 770 3578 per
797 3511 951 3562 mare
980 3502 1234 3563 Rubrum
1265 3509 1580 3570 transeunt,
1614 3510 1682 3562 ad
1713 3523 1968 3563 eremom

371 3595 620 3660 veniunt,
654 3593 892 3650 (incohat
932 3615 1027 3651 eos
1073 3613 1200 3668 spes
1249 3595 1557 3663 charitatis,
1593 3603 1654 3650 ut
1692 3597 1972 3651 discerent

372 3681 552 3739 Deum
581 3699 770 3739 amare
799 3683 995 3756 gratis,
1029 3685 1286 3740 redditur
1315 3692 1371 3740 et
1409 3680 1496 3740 his
1543 3699 1754 3740 merces
1793 3683 1920 3740 ﬁdei
1955 3705 1966 3739 :

373 3775 483 3828 non
515 3775 665 3828 enim
696 3771 879 3846 potest
905 3789 1017 3829 non
1036 3776 1288 3842 reddere,
1309 3777 1480 3846 quise
1511 3775 1777 3846 dignatur
1791 3775 1971 3830 facere

374 3861 705 3918 debitorem.
738 3859 872 3918 Post
902 3867 1153 3918 ercmum
1195 3865 1362 3918 mella
1391 3860 1459 3918 de
1489 3871 1650 3936 petra
1678 3863 1967 3930 suxerunt,

376 3951 578 4022 panem
608 3949 729 4005 coeli
760 3951 1258 4018 manducaverunt,
1281 3970 1392 4006 non
1423 3961 1556 4007 sunt
1583 3951 1787 4024 privati
1817 3969 1852 4006 a
1881 3955 1973 4006 de-

375 4036 582 4093 siderio
613 4043 713 4094 stic
741 4035 890 4110 quod
909 4040 1294 4110 speta‘verhnt,
1311 4047 1522 4094 terram
1549 4043 1718 4094 etiam
1740 4039 1974 4112 promis-

377 4127 549 4182 sionis
569 4135 920 4198 acceperunt.
941 4115 1257 4199 Exsurgant
1274 4131 1481 4186 omnia.
1503 4143 1624 4200 quae
1650 4131 1818 4199 hujus
1847 4130 1970 4183 cha-

379 4215 563 4270 ritatis
589 4217 797 4270 virtute
825 4213 1228 4287 comprehensa
1246 4223 1344 4281 est,
1368 4213 1603 4287 ell‘bgiat
1623 4234 1689 4271 ex
1713 4219 1970 4289 .Egypto,

378 4302 558 4372 idest,
593 4318 658 4358 ex
688 4301 856 4375 hujus
883 4303 1071 4359 saeculi
1117 4305 1414 4371 desiderio,
1462 4313 1660 4376 pergat
1707 4304 1774 4360 ad
1821 4325 1976 4360 mare

2050 3149 2114 3205 ut
2153 3153 2209 3205 in
2251 3157 2520 3222 perpetuo
2549 3169 2582 3204 a
2619 3153 2734 3205 vita
2768 3153 3113 3206 occideretur
3159 3171 3326 3206 mors.
3370 3141 3517 3216 Quid
3559 3153 3655 3207 hic

2049 3231 2226 3295 Judaei
2257 3241 2316 3294 in
2346 3232 2452 3294 hac
2479 3243 2660 3295 morte
2701 3243 2906 3296 Christi
2933 3243 3348 3296 exsultaverunt
3387 3242 3545 3313 quasi
3576 3243 3660 3295 vi-

2051 3337 2230 3384 ctores
2243 3331 2266 3382 ’ἶ
2280 3335 2336 3383 et
2358 3329 2492 3382 dum
2509 3337 2795 3385 terrenum
2819 3337 2875 3384 et.
2894 3331 3163 3386 caducum
3195 3349 3433 3400 regnum
3453 3329 3660 3385 timue-

2050 3425 2183 3473 ru’nt
2211 3412 2463 3490 perdere,
2490 3407 2700 3489 Regem
2719 3417 2839 3473 cmli
2865 3423 2922 3472 et
2939 3417 3101 3474 terra:
3124 3439 3234 3474 non
3258 3421 3662 3475 dubitaverunt

2051 3503 2320 3562 Occidere.
2343 3504 2450 3563 Sed
2481 3524 2584 3560 nec
2614 3509 2758 3562 sicut
2789 3513 3144 3578 putaverunt,
3165 3510 3400 3564 victores
3431 3506 3660 3562 exstite-

2053 3597 2269 3649 runt.Si
2282 3597 2430 3650 enim
2444 3597 3000 3667 vicerant,quonmdo
3015 3615 3246 3665 regnum
3263 3599 3656 3669 perdiderunt?

2053 3680 2331 3754 quomodo
2352 3697 2497 3738 nunc
2525 3696 2700 3754 uque
2732 3687 2876 3738 servi
2907 3688 3338 3740 remanserunt?
3371 3687 3476 3740 ista
3495 3703 3657 3739 nam-

2055 3787 2162 3843 que
2213 3787 2382 3826 causa
2437 3773 2539 3838 est,
2575 3775 2706 3844 quia
2755 3774 2824 3827 ab
2865 3775 2946 3827 eis
2989 3771 3242 3829 Christus
3281 3777 3492 3829 occisus
3540 3781 3646 3827 est.

2051 3851 2432 3932 Dixeruntque
2464 3863 2611 3933 apud
2635 3881 2694 3916 se
2725 3863 3002 3934 principes
3033 3860 3372 3928 Judaeorum,
3400 3873 3459 3918 ut
3489 3881 3655 3917 evan-

2052 3952 2254 4023 gelista
2280 3951 2506 4005 narrat:
2537 3948 3050 4022 Videl'isjnquiunt.
3071 3956 3202 4021 quia
3236 3954 3377 4008 totus
3405 3955 3656 4006 mundus

2053 4043 2191 4094 abiit
2219 4043 2336 4108 post
2364 4056 2505 4104 eum,
2533 4043 2583 4092 si
2609 4039 2990 4094 dimkmv‘mus
3022 4043 3185 4095 illum.
3221 4044 3412 4106 υἱυιιιτι»,
3434 4045 3654 4095 υεηίρηί

2054 4131 2290 4184 Πονηαηὶ
2311 4133 2362 4181 et
2386 4131 2574 4183 tollent
2593 4131 2744 4182 nobis
2767 4135 2813 4182 et
2835 4131 3011 4183 locum.
3037 4135 3084 4183 et
3106 4133 3528 4198 regnauit/oon.
3545 4142 3621 4198 (1)
3635 4175 3646 4192 ,

2059 4223 2114 4273 et
2145 4216 2427 4272 Christum
2457 4215 2794 4280 occiderunt,
2837 4219 2892 4271 et
2932 4216 3114 4272 loclIm
3151 4237 3498 4290 regnumque
3528 4237 3656 4290 per-

2059 4303 2340 4360 diderunt.
2375 4303 2519 4370 Quid
2551 4306 2704 4358 vobis
2737 4307 2963 4378 profuit,
3007 4326 3038 4359 ο
3062 4301 3241 4361 insani
3270 4307 3466 4373 Judaei,
3500 4309 3652 4378 quod

381 4391 653 4460 Rubrum,
687 4395 897 4448 scilicet
935 4390 1140 4448 Christi
1180 4394 1542 4465 baptismum,
1574 4393 1698 4448 ideo
1739 4383 2277 4450 mbruthantum
2323 4395 2501 4448 scelus
2559 4393 2897 4448 admisistis?
2925 4387 3211 4466 Nunquid,
3253 4397 3383 4466 quia
3431 4395 3655 4450 Clu-isto

379 4484 512 4554 quia
529 4479 735 4538 Christi
751 4481 1024 4552 sanguine
1043 4483 1438 4554 purpuratum.
1454 4491 1865 4555 persequantm'
1879 4479 1975 4538 ho-

379 4571 511 4632 stes,
550 4573 778 4642 peceata
816 4571 944 4626 cum
990 4587 1092 4626 suo
1146 4569 1370 4626 diabolo
1421 4577 1666 4636 auctore,
1704 4576 1975 4644 tanquam

381 4656 626 4731 [Egyptii
655 4677 782 4713 cum
809 4677 912 4714 suo
926 4668 1056 4731 rege
1080 4656 1387 4724 Pharaone,
1403 4661 1650 4726 saeviant,
1667 4669 1976 4732 sequantur

379 4747 677 4818 fugientes,
715 4743 848 4818 quid
881 4749 1117 4802 metuis?
1139 4749 1324 4821 Usque
1363 4749 1433 4804 ad
1473 4765 1678 4821 aquam
1717 4751 1970 4804 saeviunt.

380 4829 717 4907 Ihgredieris
744 4842 826 4897 tu,
851 4833 1242 4906 ingrediuntur
1257 4847 1314 4893 et
1342 4833 1421 4893 illi
1439 4845 1564 4910 post
1593 4846 1673 4894 te:
1711 4840 1806 4892 sed
1829 4852 1976 4910 aqua

379 4931 645 4980 conversa
688 4920 800 4979 illis
845 4929 967 4980 erat
1006 4927 1062 4980 in
1103 4929 1426 4998 perniciem,
1467 4927 1568 4981 tibi
1608 4924 1859 4998 proﬁciet
1905 4928 1972 4980 ad

379 5009 646 5082 salutem;
671 5012 794 5070 illos
823 5013 1026 5081 obruit,
1059 5021 1115 5068 te
1158 5015 1375 5081 abluet;
1417 5014 1542 5070 illos
1574 5011 1884 5074 damnabit,
1919 5021 1974 5070 te

379 5100 654 5158 liberabit.
701 5096 937 5158 Posthac
989 5106 1297 5175 suscipiens
1341 5107 1446 5158 mel
1499 5103 1568 5157 de
1634 5110 1812 5175 petra,
1865 5121 1974 5174 quo

379 5192 533 5247 sitim
566 5193 722 5246 tuam
763 5187 930 5246 saties
966 5211 976 5246 :
1017 5195 1181 5247 Petra
1220 5197 1366 5246 enim
1415 5200 1534 5246 erat
1581 5195 1850 5253 Christus,
1909 5208 1974 5246 ex

379 5283 537 5352 cujus
569 5281 858 5352 praeceptis
887 5287 1156 5351 tanquam
1187 5299 1252 5334 ex
1283 5281 1528 5334 fontibus
1550 5279 1859 5335 dulcedinis
1891 5299 1974 5336 sa—

377 5368 568 5435 tiaris;
599 5363 852 5440 gustabis
881 5367 940 5422 et
973 5383 1176 5439 panem
1195 5365 1374 5434 illam,
1405 5367 1634 5434 scilicet,
1667 5369 1760 5441 qui
1785 5369 1923 5424 dixit
1958 5390 1969 5422 :

381 5441 488 5527 Ego
510 5467 632 5512 sum
647 5461 815 5527 panis
843 5460 998 5511 rivus
1020 5459 1118 5526 qui
1145 5459 1208 5511 de
1240 5459 1362 5510 (ειεῖο
1392 5451 1644 5512 descendi
1677 5461 1856 5524 (Joan.
1875 5461 1968 5529 vx).

382 5543 645 5602 Gustatus
671 5547 728 5598 et
766 5541 976 5597 videbis
1017 5549 1184 5615 quam
1239 5547 1423 5602 suavis
1470 5549 1556 5602 est
1591 5549 1881 5601 Dominus.
1908 5549 1975 5602 Et

2056 4481 2296 4537 Domino
2335 4485 2398 4536 ut
2437 4475 2624 4536 decuit
2661 4483 2866 4536 servire
2914 4482 3189 4544 noluistis,
3224 4485 3347 4538 ideo
3397 4483 3651 4538 dominio

2058 4574 2180 4643 ejus
2207 4571 2465 4625 caruistis
2499 4590 2510 4623 :
2541 4572 2674 4624 dum
2707 4571 2784 4624 illi
2825 4573 3075 4626 serviunt
3106 4590 3285 4642 reges,
3332 4570 3532 4643 quibus
3555 4591 3655 4627 vos

2057 4662 2295 4726 servitis,
2346 4660 2474 4714 facti
2506 4659 2638 4713 estis
2682 4651 2812 4714 mali
2861 4661 3002 4714 servi
3029 4655 3313 4715 bonorum
3365 4675 3658 4716 servorum

2059 4745 2294 4816 Christi,
2334 4765 2434 4820 per
2468 4747 2616 4819 ipsos
2653 4749 2890 4803 conterit
2933 4751 3344 4804 contumaciam
3383 4753 3650 4808 vestram.

2058 4840 2157 4911 per
2183 4839 2334 4908 ipsos
2373 4837 2607 4907 dissipat
2635 4838 2867 4891 consilia
2910 4845 3112 4895 vestra.
3171 4857 3270 4910 per
3307 4841 3456 4910 ipsos
3493 4839 3657 4894 retri-

2056 4927 2191 4996 buet
2209 4923 2418 4980 scelera
2445 4927 2502 4979 in
2531 4927 2715 4997 capita
2742 4927 2943 4981 vestra.
2970 4929 3253 4981 Hactenus
3282 4926 3653 4996 Augustinus.

2128 5012 2249 5071 Sire
2282 5021 2470 5068 autem,
2506 5018 2803 5084 prop/ntuli,P
2836 5017 3272 5082 crarualmntur,
3309 5021 3417 5070 sive
3449 5021 3660 5085 lingua,-

2057 5107 2357 5171 ccssalmnt,
2374 5105 2482 5157 sive
2506 5106 2737 5158 scicntia
2757 5105 3074 5158 deviruclur
3089 5125 3104 5168 ;
3139 5124 3202 5158 (nr
3216 5112 3375 5174 przrlc
3395 5107 3543 5160 cnim.
3575 5124 3660 5159 co-

2056 5197 2384 5262 gnoscimus,
2407 5197 2454 5246 et
2486 5209 2549 5245 om
2570 5199 2727 5261 parte
2753 5193 3162 5261 prop/Manius,
3198 5212 3324 5248 cum
3356 5199 3538 5249 autem
3575 5214 3658 5248 vc-

2059 5285 2202 5336 ncrit
2231 5281 2374 5350 quod
2399 5284 2696 5348 perfectum
2733 5287 2826 5348 cst,
2852 5284 3401 5351 cracualnmturqum
3419 5289 3654 5352 emparlc

2055 5375 2203 5426 sunt.
2232 5369 2468 5438 (Ambit)
2509 5371 2713 5423 Omnia
2749 5366 3153 5425 charismatum
3199 5372 3347 5426 dona
3395 5373 3648 5426 evacuari

2055 5455 2212 5525 dixit,
2249 5459 2382 5530 quia
2423 5472 2532 5512 non
2593 5463 2810 5512 tantum
2871 5465 3102 5530 possunt
3151 5445 3644 5531 comprehendere.

2056 5553 2329 5619 qnantum
2359 5547 2482 5620 ipsa
2511 5547 2715 5600 Veritas
2735 5535 2921 5614 habet,
2953 5555 3133 5620 neque
3166 5568 3264 5603 nos
3298 5555 3394 5604 aut
3424 5551 3641 5620 capere,
