3900 6196
515 321 614 378 127

1105 325 1166 380 Β.
1209 323 1480 379 RABANI
1517 323 1750 380 MAURI
1787 323 2123 379 ARCHIEP.
2168 298 2490 377 MOGUNT.
2535 321 2833 378 OPERUM
2869 321 3055 378 PARS
3092 323 3194 378 III.

3688 325 3794 382 128

511 447 699 514 facies,
743 465 856 502 non
896 448 1108 503 diceret
1148 448 1297 502 idem
1337 448 1637 519 Apostolus
1679 450 1756 516 (II
1815 448 1936 502 Cor.
1977 451 2054 515 III)
2092 449 2396 507 :Anostrae
2423 463 2536 501 non
2557 447 2800 502 sustinet
2821 451 2880 501 et
2906 447 3013 502 hoc
3041 446 3190 518 quod
3217 448 3286 500 de
3316 449 3440 519 ejus
3458 451 3797 506 aeternitatis

511 538 619 592 Nos
637 543 824 591 autem
845 541 1082 591 revelata
1095 538 1236 604 facie
1255 540 1496 604 gloriam
1509 539 1736 591 Domini
1748 541 2104 606 speculantes,

516 628 579 679 in
590 628 830 680 eamdem
846 630 1148 694 imaginem
1164 627 1643 694 transformamur
1656 627 1720 680 dc
1734 628 1916 694 gloria
1927 629 1988 679 in
1999 628 2110 693 glo-

513 717 666 768 riam
697 721 965 784 tanquam
995 731 1030 768 a
1062 716 1289 769 Domini
1315 714 1557 782 Spiritu.

591 805 742 857 Tunc
779 805 887 857 scio
929 820 993 857 ea:
1037 809 1216 872 parte,
1262 809 1396 856 tunc
1425 819 1550 856 vero
1601 819 1932 872 cognoscam,
1969 806 2112 857 sicut

514 897 563 945 et
591 895 840 958 cognitus
867 909 1012 946 sum.
1043 891 1250 964 (Amb.)
1267 891 1330 946 Id
1347 896 1449 958 est,
1471 891 1669 945 videbo
1685 909 1809 962 quae
1837 891 2114 963 promissa

513 985 648 1033 sunt
699 981 846 1034 sicut
899 980 1108 1046 videor,
1166 981 1270 1034 hoc
1315 985 1419 1046 est,
1479 986 1813 1051 praesentem
1872 997 1994 1034 esse
2042 980 2113 1034 ad

513 1067 713 1134 Deum,
746 1068 842 1122 ubi
872 1069 1128 1124 Christus
1159 1074 1262 1122 est.
1301 1069 1480 1139 (Aug.)
1516 1069 1602 1122 Ad
1634 1069 1790 1124 illam
1843 1065 2114 1124 visionem

514 1157 634 1222 Dei,
668 1174 790 1228 quae
820 1157 980 1212 nobis
1010 1159 1069 1211 in
1099 1158 1506 1212 resurrectione
1518 1159 1885 1230 promittitur,
1917 1175 2031 1212 non
2051 1175 2116 1212 ex

516 1245 622 1300 hoc
651 1247 862 1300 mundo
891 1247 1060 1301 istam
1090 1247 1599 1317 concupiscentiam
1629 1249 1917 1302 oculorum
1935 1253 2118 1302 trans-

2191 534 2348 588 radio
2377 551 2547 606 super
2564 552 2666 590 nos
2687 535 3114 590 intolerabiliter
3155 536 3350 606 fulget.
3383 538 3526 592 Cum
3564 556 3700 609 ergo
3732 556 3796 594 se

2191 623 2352 678 nobis
2394 625 2750 696 omnipotens
2768 625 2918 678 Deus
2954 641 3055 696 per
3086 625 3261 680 rimas
3299 627 3796 698 contemplationis

2169 713 2420 783 _indicat,
2460 729 2817 784 nequaquam
2856 713 3017 769 nobis
3041 713 3311 784 loquitur,
3353 715 3451 769 sed
3490 721 3792 770 susurrat:

2195 801 2327 873 quia
2345 802 2451 856 etsi
2469 803 2633 873 plene
2661 818 2773 856 non
2802 801 3047 868 intimat,
3096 802 3352 873 quaedam
3379 809 3571 858 tamen
3621 805 3691 859 de
3733 821 3798 858 se

2194 891 2455 946 humanae
2481 891 2659 946 menti
2688 891 3029 945 manifestat.
3047 891 3203 944 Tunc
3221 897 3412 947 autem
3433 909 3796 965 nequaquam

2189 982 2310 1051 jam
2346 979 2606 1044 susurrit,
2641 979 2739 1034 sed
2781 979 3032 1050 loquitur
3063 997 3191 1034 cum
3228 981 3351 1052 ejus
3380 981 3541 1037 nobis
3580 982 3798 1054 species

2196 1074 2349 1124 certa
2389 1069 2685 1123 revelatur.
2723 1069 2867 1124 Hinc
2901 1074 2988 1124 est
3021 1069 3173 1123 enim
3208 1069 3355 1140 quod
3388 1071 3448 1124 in
3493 1071 3797 1141 Evangelia

2196 1159 2419 1214 Veritas
2429 1159 2567 1213 dicit
2585 1177 2596 1211 :
2616 1161 2813 1212 Palam
2831 1159 2894 1211 de
2909 1160 3072 1212 Patre
3089 1160 3440 1213 annuntiabo
3451 1161 3596 1213 vobis
3605 1160 3794 1231 (Joan.

2199 1253 2311 1318 xvi)
2339 1268 2352 1316 ;
2386 1248 2517 1303 hinc
2548 1247 2696 1318 quod
2721 1247 2966 1300 Joannes
2993 1245 3075 1300 ait
3109 1264 3120 1298 ε
3165 1247 3468 1302 Videbimus
3497 1265 3622 1302 eum
3649 1251 3798 1302 sicut

511 1335 658 1390 terre
695 1352 980 1390 conemur.
1027 1335 1137 1390 Sed
1177 1335 1516 1391 mundandis
1544 1336 1802 1391 cordibus
1856 1337 1949 1408 pio
2003 1341 2118 1390 stu-
2198 1344 2274 1394 est
2305 1340 2532 1406 (IJoan.
2565 1337 2672 1408 In);
2703 1335 2835 1390 hinc
2862 1335 3070 1389 Paulus
3099 1334 3264 1388 dicit:
3297 1336 3450 1390 Tunc
3477 1353 3797 1404 cognoscam

515 1424 748 1478 deamus
777 1425 998 1491 affectu,
1031 1442 1134 1479 nec
1161 1426 1506 1496 corporalem
1543 1425 1742 1480 faciem
1785 1426 2112 1496 cogitemus,
2198 1431 2337 1482 sicut
2367 1432 2416 1481 et
2437 1427 2684 1494 cognitus
2713 1440 2837 1478 sum
2868 1424 3064 1478 :Nunc
3078 1427 3270 1478 autem
3290 1423 3510 1478 divinus
3529 1441 3799 1480 susurrus

515 1530 644 1567 cum
657 1513 794 1566 dicit
811 1514 1112 1586 Apostolus
1139 1533 1150 1566 :
1191 1515 1438 1568 Videmus
1457 1531 1610 1568 nunc
1621 1531 1722 1583 per
1748 1518 2028 1584 speculum
2047 1518 2109 1569 in
2189 1524 2278 1574 tot
2307 1517 2378 1571 ad
2407 1531 2510 1570 nos
2529 1529 2698 1568 venas
2729 1512 2918 1579 habet,
2953 1518 3091 1583 quot
3130 1511 3332 1566 creatis
3372 1511 3632 1584 operibus
3671 1513 3798 1584 ipsa

515 1605 821 1670 .znigmate,
859 1608 992 1657 tunc
1035 1609 1220 1657 autem
1269 1605 1409 1672 facie
1443 1605 1518 1658 ad
1548 1605 1768 1672 faciem,
1800 1603 2110 1676 praesertim
2193 1605 2456 1662 divinitas
2476 1603 2768 1674 praesidet:
2788 1601 2924 1655 dum
2947 1601 3099 1654 enim
3111 1617 3234 1672 quae
3254 1608 3798 1656 suntcunctacreata

517 1691 650 1761 quia
674 1692 988 1761 expressius
999 1691 1168 1746 dixit:
1195 1694 1358 1746 Nunc
1375 1696 1483 1746 scio
1498 1699 1748 1762 exparte,
1774 1698 1907 1746 tunc
1927 1698 2158 1765 autem_
2194 1695 2496 1758 cernimus,
2555 1692 2614 1746 in
2661 1690 2943 1745 Creatoris
2977 1689 3352 1743 admiratione
3415 1689 3793 1765 sublevamur.

517 1795 832 1847 cognoscam
851 1784 992 1834 sicut
1021 1786 1071 1834 et
1101 1785 1349 1849 cognitus
1381 1799 1526 1836 sum.
1567 1783 1626 1838 Si
1657 1798 1790 1851 ergo
1828 1787 1962 1836 tunc
1988 1763 2174 1835 cor-B
2195 1786 2341 1840 Nam
2368 1783 2516 1837 sicut
2543 1796 2692 1851 aqua
2711 1779 3003 1850 aequaliter
3035 1779 3214 1832 ﬂuens
3242 1778 3450 1832 rimata
3489 1795 3591 1850 per
3625 1795 3797 1834 venas

518 1868 694 1938 porali
714 1867 854 1922 facie
883 1870 1061 1924 Deum
1083 1886 1500 1940 cognoscemus,
1515 1871 1789 1942 corporali
1818 1886 1966 1925 nunc
1995 1871 2117 1940 ejus

515 1956 656 2010 facie
684 1957 892 2028 cogniti
924 1974 1117 2013 sumus
1149 1977 1160 2012 :
1196 1965 1329 2014 tunc
1369 1963 1518 2014 enim
1545 1975 1878 2028 cognoscam,
1910 1959 2112 2029 inquit,

517 2049 659 2100 sicut
687 2053 736 2100 et
764 2051 1012 2115 cognitus
1041 2065 1184 2102 sum.
1208 2048 1367 2103 Unde
1399 2049 1524 2119 quis
1543 2065 1673 2103 eum
1702 2065 1814 2102 non
1841 2047 2120 2118 intelligat

517 2151 584 2188 eo
639 2135 760 2189 loco
820 2137 992 2190 etiam
1032 2137 1233 2191 faciem
1289 2142 1539 2191 nostram
1591 2136 1746 2190 illam
1803 2137 2117 2206 signiﬁcare

519 2223 778 2290 voluisse,
793 2225 863 2278 de
875 2241 986 2295 qua
1003 2225 1138 2280 dicit
1153 2225 1263 2280 alio
1280 2225 1427 2279 loco:
1443 2227 1550 2280 Nos
1578 2231 1762 2279 autem
1782 2229 2022 2280 revelata
2035 2226 2118 2292 fa-

518 2314 596 2365 cie
603 2315 845 2380 gloriam
862 2315 1090 2368 Domini
1102 2317 1437 2383 speculantes
1459 2317 1522 2368 in
1545 2316 1788 2368 eamdem
1813 2317 2116 2382 imaginem

521 2402 999 2470 transformamur
1019 2404 1083 2456 de
1101 2406 1283 2470 gloria
1315 2407 1376 2456 in
1397 2406 1656 2471 gloriam,
1675 2409 1945 2472 tanquam
1963 2419 1999 2456 a
2015 2404 2114 2457 Do-

519 2492 666 2543 mini
693 2489 931 2558 Spiritu.
957 2491 1036 2545 De
1051 2491 1233 2562 gloria
1251 2491 1460 2546 scilicet
1491 2492 1620 2546 ﬁdei
1651 2492 1709 2545 in
1724 2491 1965 2561 gloriam
1989 2506 2116 2544 con-

519 2578 904 2648 templationis
931 2585 1172 2643 mternae,
1208 2580 1313 2634 hoc
1339 2581 1544 2652 quippe
1575 2581 1672 2647 ait,
1705 2584 1822 2634 haec
1851 2579 2119 2634 transfor-

520 2667 695 2719 matio
728 2683 839 2736 qua
879 2667 1116 2721 interior
1143 2669 1310 2722 homo
1329 2675 1632 2723 renovatur
1655 2669 1724 2723 de
1739 2669 1828 2722 die
1857 2669 1916 2722 in
1942 2669 2111 2723 diem.

519 2752 729 2821 (Greg.)
758 2756 820 2808 In
834 2755 936 2809 Job
953 2757 1265 2828 quoqueita
1279 2758 1552 2828 scriptum
1571 2765 1656 2812 est
1689 2776 1700 2810 :
1729 2761 1898 2825 Quasi
1909 2761 2118 2826 furtive

521 2846 747 2911 suscipit
764 2847 926 2898 auris
941 2861 1060 2898 mea
1079 2861 1241 2899 venas
1263 2849 1491 2900 susurri
1513 2851 1629 2914 ejus
1653 2848 1784 2913 (Job.
1807 2846 1902 2918 Iv).
1935 2847 2118 2900 Venas

520 2931 748 3002 superni
785 2932 999 2986 susurri
1041 2933 1194 2987 auris
1235 2935 1415 2988 cordis
1451 2934 1654 2989 furtive
1697 2935 1948 3006 suscipit,
1987 2935 2120 3006 quia

521 3019 893 3074 subtilitatem
921 3021 1218 3076 locutionis
1246 3023 1458 3078 intima:
1488 3024 1681 3078 afﬂata
1719 3041 1896 3090 mens,
1925 3030 1983 3077 et
2033 3041 2119 3078 ra-

2199 1871 2400 1944 quaerit
2453 1875 2519 1924 ut
2572 1873 2866 1938 augeatur,
2915 1871 3188 1936 tantoque
3234 1883 3293 1921 se
3337 1868 3549 1922 vastius
3585 1867 3794 1932 fundit,

2199 1965 2410 2033 quanto
2449 1974 2618 2012 venas
2664 1955 2973 2028 apertiores
3011 1955 3290 2010 invenerit
3328 1973 3339 2008 :
3384 1955 3466 2009 ita
3509 1972 3610 2010 nos
3657 1954 3796 2010 dum

2199 2049 2462 2105 studiosa:
2493 2045 2804 2101 divinitatis
2833 2043 3094 2098 notitiam
3126 2060 3192 2097 ex
3219 2049 3490 2099 creatum
3515 2046 3638 2115 ejus
3667 2061 3799 2098 con-

2199 2137 2537 2192 sideratione
2566 2134 2899 2203 colligimus,
2938 2133 3098 2203 quasi
3131 2133 3347 2187 susurri
3386 2133 3536 2188 illius
3588 2133 3661 2188 ad
3697 2150 3800 2189 nos

2199 2243 2369 2281 venas
2410 2225 2712 2296 aperimus,
2759 2222 2893 2294 quia
2921 2239 3022 2292 per
3057 2223 3162 2276 hoc
3202 2222 3350 2293 quod
3388 2222 3596 2277 factum
3621 2223 3802 2276 cerni-

2200 2332 2326 2370 mus
2356 2315 2622 2368 virtutem
2658 2312 2885 2366 factoris
2923 2311 3290 2377 admiramur,
3323 2317 3381 2366 et
3423 2328 3526 2383 per
3571 2329 3639 2366 ea
3675 2329 3798 2382 quae

2198 2411 2349 2469 sunt,
2381 2403 2442 2457 in
2471 2401 2712 2474 publico,
2745 2400 2884 2455 illud
2903 2401 2974 2454 ad
3011 2416 3114 2454 nos
3135 2405 3380 2467 emanat,
3405 2401 3554 2472 quod
3583 2401 3720 2454 latet
3738 2402 3798 2455 in

2198 2493 2444 2548 occulto:
2471 2493 2697 2546 Manent
2715 2495 2901 2543 autem
2923 2489 3076 2560 ﬁdes,
3101 2506 3233 2558 spes,
3251 2490 3514 2554 charitas,
3535 2493 3648 2543 tria
3667 2491 3794 2552 hac,

2201 2585 2382 2651 major
2437 2585 2622 2634 autem
2670 2580 2871 2632 horum
2914 2584 2989 2632 est
3026 2579 3290 2632 charitas.
3340 2577 3580 2650 (Ambr.)
3619 2579 3800 2648 Digne

2201 2671 2384 2740 major
2411 2674 2497 2723 est
2535 2667 2800 2733 charitas,
2846 2667 2979 2738 quia
3006 2674 3071 2722 ut
3097 2667 3236 2721 fides
3265 2667 3682 2738 praedicaretur,
3742 2675 3800 2722 et

2200 2775 2327 2830 spes
2371 2763 2520 2812 esset
2567 2757 2771 2811 futurae
2809 2756 2954 2822 vitae,
3022 2756 3267 2810 Charitas
3319 2756 3599 2826 praestitit,
3655 2756 3802 2810 sicut

2200 2863 2372 2917 supra
2394 2845 2720 2900 memoravi.
2738 2845 2897 2900 Unde
2919 2851 2977 2899 et
2994 2846 3237 2899 Joannes
3252 2846 3534 2916 apostolus
3561 2863 3572 2897 :
3597 2846 3679 2900 E1:
3702 2847 3802 2899 hoc

2201 2938 2592 3003 cognoscimus,
2624 2933 2826 3005 inquit,
2860 2935 3187 2988 charitatem
3227 2937 3363 3002 ejus,
3393 2937 3528 3002 quia
3557 2937 3668 3003 ipse
3693 2950 3800 3002 pro

2201 3025 2352 3078 nobis
2373 3027 2626 3077 animam
2653 3039 2814 3076 suam
2839 3026 3024 3092 posuit
3041 3023 3122 3091 (II
3135 3025 3297 3076 Joan.
3321 3026 3419 3091 Ill).
3443 3023 3599 3080 Juste
3618 3023 3799 3094 igitur

517 3110 660 3180 ptim
691 3115 748 3164 et
773 3110 985 3164 occulte
1013 3113 1297 3182 cognoscit
1328 3131 1340 3178 ;
1375 3113 1484 3167 nisi
1517 3113 1666 3167 enim
1697 3130 1755 3167 se
1787 3113 1857 3166 ab
1886 3113 2178 3187 exterio-C
2200 3114 2383 3183 major
2421 3111 2686 3178 Charitas,
2726 3128 2828 3182 per
2863 3128 3034 3182 quam
3084 3111 3451 3166 reformatum
3499 3117 3586 3166 est
3617 3128 3798 3182 genus

522 3197 676 3251 ribus
723 3198 1016 3253 desideriis
1043 3199 1366 3266 abscondat,
1410 3203 1634 3256 interna
1678 3219 1791 3256 non
1837 3208 2114 3274 penetrat.

521 3286 846 3344 Occultatur
875 3293 1064 3342 autem
1095 3295 1158 3344 ut
1187 3290 1398 3356 audiat,
1423 3296 1482 3344 et
1510 3290 1670 3344 audit
1700 3297 1763 3344 ut
1789 3292 2115 3356 occultetur,

521 3376 655 3446 quia
706 3383 764 3431 et
802 3376 1086 3431 subtracta
1123 3377 1432 3432 visibilibus
1480 3379 1783 3434 invisibilia
1828 3379 2116 3450 conspicit,

519 3471 576 3518 et
606 3465 818 3535 repleta
846 3465 1218 3520 invisibilibus
1245 3467 1486 3522 visibilia
1507 3475 1749 3538 perfecte
1787 3469 2114 3522 contemnit.

520 3554 844 3608 Notandum
870 3571 1020 3621 vero,
1055 3556 1277 3626 quando
1298 3573 1408 3610 non
1438 3557 1520 3610 ait
1539 3557 1698 3628 quasi
1721 3557 1923 3611 furtive
1950 3557 2121 3611 susci-

521 3642 606 3712 pit
637 3643 791 3696 auris
823 3660 950 3697 mea
967 3660 1136 3698 venas
1167 3645 1381 3699 susurri
1423 3647 1564 3716 ejus,
1609 3662 1874 3700 susurrus
1913 3647 2120 3718 quippe

519 3731 721 3786 occulti
749 3731 901 3785 verbi
941 3739 1045 3798 est,
1089 3732 1206 3787 haec
1246 3734 1370 3804 ipsa
1407 3735 1615 3789 locutio
1645 3735 2004 3806 aspirationis
2039 3735 2122 3790 in-

519 3826 714 3886 ternze,
747 3838 902 3876 vena:
922 3829 1112 3876 autem
1142 3823 1358 3878 susurri
1389 3823 1653 3878 dicuntur
1680 3840 1976 3879 causarum
2007 3825 2121 3879 ori-

517 3909 698 3979 gines,
733 3909 934 3981 quibus
954 3911 1070 3964 haec
1100 3911 1221 3982 ipsa
1233 3912 1502 3984 aspiratio
1523 3914 1593 3966 ad
1616 3919 1864 3968 mentem
1894 3913 2117 3979 dicitur,

523 3999 683 4068 quasi
723 3999 874 4052 enim
922 4016 1092 4053 venas
1140 4002 1359 4054 susurri
1396 4002 1486 4056 sui
1545 4002 1744 4072 aperit,
1795 4019 1922 4056 cum
1961 4002 2122 4056 nobis

521 4086 670 4140 Deus
713 4087 955 4140 latenter
1009 4087 1277 4153 insinuat,
1329 4089 1530 4159 quibus
1573 4091 1754 4144 modis
1792 4091 1861 4143 ad
1919 4096 2121 4145 nostra:

455 4157 468 4166 ’
523 4173 908 4242 intelligentiae
967 4192 1163 4229 aurem
1213 4157 1382 4230 venit.
1443 4178 1758 4248 Aliquando
1813 4180 1963 4232 enim
2019 4196 2121 4232 nos

520 4278 730 4321 amore.
771 4262 1074 4333 aliquando
1130 4274 1346 4318 terrore
1415 4266 1766 4336 compungit,
1820 4267 2120 4337 aliquando

523 4350 838 4422 praesentia,
871 4352 1006 4423 quia
1033 4353 1190 4406 nulla
1215 4353 1331 4408 sint
1350 4355 1614 4419 ostendit,
1648 4355 1717 4409 ad
1747 4361 1959 4410 aeterna
1979 4356 2122 4410 desi-

2202 3202 2532 3256 humanum.
2564 3201 2728 3270 (Aug.
2731 3201 2757 3271 )
2787 3201 2982 3272 Itaque
3013 3201 3124 3254 tria
3153 3207 3287 3254 sunt
3315 3201 3450 3266 haec,
3500 3199 3701 3272 quibus
3738 3209 3800 3254 et

2201 3291 2436 3345 scientia
2473 3289 2656 3344 omnis
2691 3295 2748 3343 et
2807 3290 3102 3361 prophetia
3167 3289 3392 3354 militat,
3449 3289 3606 3354 ﬁdes,
3645 3306 3794 3360 spes,

2201 3379 2466 3434 charitas.
2511 3379 2620 3433 Sed
2663 3379 2793 3432 ﬁdei
2830 3379 3076 3432 succedit
3120 3378 3332 3449 species
3389 3394 3556 3448 quam
3590 3378 3801 3432 videbi-

2202 3485 2346 3535 mus,
2369 3473 2426 3521 et
2458 3468 2576 3538 spei
2607 3467 2864 3522 succedit
2882 3467 3170 3521 beatitudo
3199 3467 3338 3537 ipsa,
3373 3466 3444 3521 ad
3489 3483 3656 3538 quam
3677 3483 3804 3538 per-

2201 3557 2420 3612 vanturi
2443 3574 2672 3610 sumus:
2707 3556 2951 3610 charitas
2971 3563 3162 3610 autem
3193 3555 3364 3609 etiam
3385 3556 3509 3611 istis
3543 3556 3802 3612 deciden-

2201 3645 2352 3700 tibus
2381 3645 2678 3715 augebitur
2696 3645 2902 3716 potius.
2937 3644 2994 3699 Si
3027 3644 3177 3699 enim
3199 3644 3476 3700 credendo
3511 3644 3804 3718 diligimus

2203 3735 2350 3806 quod
2385 3733 2636 3790 nondum
2665 3733 2938 3799 videmus,
2985 3739 3196 3804 quanto
3238 3733 3418 3803 magis
3459 3750 3586 3788 cum
3612 3734 3806 3789 videre

2203 3823 2574 3894 cceperimus;
2607 3829 2665 3878 et
2691 3823 2739 3876 si
2758 3822 3036 3894 sperando
3069 3822 3376 3893 diligimus,
3413 3839 3525 3894 quo
3551 3823 3808 3878 nondum

2203 3913 2578 3983 pervenimus,
2610 3917 2820 3983 quanto
2849 3911 3032 3982 magis
3059 3927 3186 3966 cum
3209 3912 3628 3983 pervenerimus
3651 3929 3663 3964 :
3690 3914 3813 3966 ,να-

2203 4007 2354 4067 nent,
2389 4001 2592 4072 inquit,
2627 4003 2776 4068 ﬁdes,
2822 4017 2955 4071 spes,
2995 4002 3259 4067 charitas,
3303 4005 3416 4054 tria
3457 4001 3580 4064 haec,
3622 4005 3812 4070 major

2204 4096 2390 4144 autem
2440 4091 2639 4144 horum
2689 4085 2950 4144 charitas.
2979 4089 3124 4153 Quia
3172 4097 3229 4143 et
3281 4106 3409 4144 cum
3447 4090 3683 4162 quisque
3733 4093 3810 4144 ad

2203 4185 2413 4232 aeterna
2439 4178 2774 4249 pervenerit,
2806 4177 3022 4233 duobus
3066 4178 3191 4232 istis
3235 4178 3618 4234 decidentibus
3674 4180 3808 4234 cha-

2202 4266 2340 4320 ritas
2369 4267 2586 4321 auctior
2614 4272 2672 4320 et
2701 4266 2908 4320 certior
2943 4266 3315 4337 permanebit.
3357 4267 3520 4321 Fides
3555 4284 3806 4338 namque

2202 4362 2430 4426 estquae
2457 4355 2631 4410 futuri
2645 4355 2864 4426 judicii,
2895 4372 2960 4408 ac
2987 4355 3389 4426 suppliciorum
3432 4361 3586 4410 metu
3642 4357 3808 4410 vitio-

523 4440 682 4495 deria
719 4440 1005 4512 diligenda
1033 4442 1203 4512 erigit
1234 4460 1244 4494 :
1280 4442 1582 4513 aliquando
1609 4444 1766 4514 prius
1795 4450 2006 4500 aeterna
2031 4445 2330 4508 in-Drum
2377 4444 2509 4498 facit
2551 4444 2812 4515 contagia
2865 4445 3132 4498 declinari
3166 4463 3179 4512 ;
3212 4461 3340 4516 spes
3391 4461 3514 4516 quae
3549 4453 3803 4500 mentem

520 4530 690 4596 dicat,
725 4535 791 4584 ut
815 4538 943 4601 post
957 4531 1586 4603 temporaliavilescant,
1609 4533 1910 4605 aliquando
1929 4539 2121 4588 nostra

522 4617 680 4672 nobis
710 4620 860 4673 mala
887 4622 1086 4691 aperit,
1119 4627 1177 4676 et
1208 4621 1278 4675 ad
1308 4620 1411 4674 hoc
1444 4638 1544 4675 nos
1575 4638 1771 4693 usque.
1804 4629 1870 4676 ut
1922 4623 2120 4676 alienis

521 4705 692 4759 etiam
741 4707 904 4761 malis
945 4710 1254 4776 doleamus,
1287 4710 1554 4776 extendit,
1598 4711 1900 4782 aliquando
1937 4711 2121 4766 aliena

522 4795 672 4846 mala
691 4795 898 4848 nostris
926 4797 1214 4852 obtutibus
1238 4799 1448 4870 objicit,
1480 4807 1539 4854 et
1557 4805 1919 4872 compunctos
1953 4800 2121 4854 mira-

523 4881 710 4935 biliter
757 4898 791 4935 a
843 4889 1037 4938 nostra
1086 4887 1362 4956 pravitate
1417 4889 1664 4959 corrigit.
1714 4890 1897 4943 Venas
1927 4889 2119 4960 itaque

521 4970 696 5024 divini
734 4972 950 5025 susurri
987 4972 1184 5028 furtim
1223 4976 1438 5040 audire,
1492 4984 1578 5031 est
1635 4977 1848 5032 ocultos
1919 4977 2119 5032 divinae

522 5059 882 5130 aspirationis
913 5062 1107 5115 modos
1147 5064 1395 5118 tenuiter
1434 5071 1491 5119 et
1517 5067 1760 5120 latenter
1794 5083 2114 5136 agnoscere,

523 5148 777 5219 quamvis
803 5147 986 5202 adhuc
1011 5150 1096 5204 vel
1127 5167 1440 5219 susurrum,
1471 5155 1555 5208 vel
1587 5172 1754 5209 venas
1800 5156 2016 5210 susurri
2036 5156 2119 5210 in-

519 5238 774 5307 telligere
803 5237 966 5291 aliter
981 5239 1266 5294 valeamus
1289 5258 1300 5292 :
1328 5241 1424 5312 qui
1455 5243 1604 5298 enim
1619 5250 1892 5309 susurrat,
1905 5245 2118 5300 occulte

521 5325 789 5396 loquitur,
823 5333 880 5380 et
909 5343 1097 5382 vocem
1128 5343 1242 5383 non
1262 5329 1542 5400 exprimit,
1566 5332 1662 5386 sed
1697 5332 1970 5387 imitatur.
2002 5333 2118 5389 Nos

525 5415 698 5485 igitur
723 5431 1012 5486 quousque
1039 5417 1225 5472 carnis
1242 5418 1592 5488 correptione
1606 5422 1935 5490 premimur,
1966 5423 2120 5476 nullo

525 5501 692 5556 modo
712 5503 1024 5560 claritatem
1044 5505 1246 5561 divinae
1271 5506 1554 5578 potentiae,
1591 5509 1738 5562 sicut
1762 5511 1882 5582 ipse
1910 5512 2120 5566 incom-

527 5590 812 5647 mutabilis
847 5599 1039 5648 manet
1080 5594 1350 5660 videmus,
1405 5595 1538 5666 quia
1576 5597 1722 5650 acies
1773 5599 2120 5655 inﬁrmitatis

2201 4540 2454 4587 nostram
2488 4533 2558 4587 de
2579 4533 2945 4604 praesentibus
2982 4550 3218 4588 avocans
3239 4533 3528 4588 universas
3549 4535 3803 4605 corporis

2200 4622 2512 4692 voluptates
2523 4622 2832 4676 caelestium
2856 4622 3217 4694 praemiorum
3237 4623 3648 4694 exspectatione
3671 4641 3803 4678 con-

2200 4711 2440 4778 temnit;
2483 4711 2728 4765 charitas
2775 4727 2896 4782 qua:
2944 4728 3046 4767 nos
3084 4713 3154 4766 ad
3204 4728 3456 4766 amorem
3495 4712 3705 4767 Christi
3744 4721 3805 4768 et

2201 4799 2542 4871 spiritalium
2561 4799 2834 4854 virtutum
2865 4801 3128 4867 fructum,
3177 4801 3384 4856 mentis
3423 4801 3623 4857 ardore
3680 4819 3807 4858 suc-

2201 4889 2462 4952 cendens,
2503 4889 2776 4961 quidquid
2818 4889 2928 4944 illis
2973 4889 3318 4944 contrarium
3361 4896 3464 4956 est,
3499 4897 3620 4946 toto
3669 4891 3810 4946 facit

2201 4977 2330 5031 odio
2350 4978 2638 5042 detestari,
2692 4994 2813 5050 quae
2851 4979 2962 5033 tria
3009 4978 3227 5032 licetad
3266 4995 3442 5033 unum
3479 4980 3651 5034 ﬁnem
3685 4987 3813 5036 ten-

2200 5066 2334 5121 dere
2352 5067 2666 5121 videantur.
2691 5067 3002 5121 Provocant
3027 5067 3178 5122 enim
3198 5084 3300 5122 nos
3327 5084 3361 5122 a
3380 5067 3547 5122 rebus
3594 5069 3812 5125 illicitis

2201 5154 2502 5220 abstinere,
2536 5156 2754 5226 magnis
2791 5161 2982 5210 tamen
3009 5157 3347 5211 excellentiae
3379 5173 3494 5211 sua:
3535 5159 3812 5228 gradibus

2201 5243 2271 5298 ab
2307 5244 2545 5298 invicem
2582 5245 3022 5316 disseparantur.
3064 5246 3186 5300 Duo
3216 5263 3460 5317 namque
3508 5248 3808 5319 superiora

2201 5333 2424 5404 prOprie
2467 5333 2758 5388 hominum
2801 5339 2935 5388 sunt
2989 5351 3204 5401 eorum,
3237 5335 3334 5406 qui
3377 5336 3450 5390 ad
3489 5336 3804 5407 profectum

2201 5421 2516 5488 tendentes,
2559 5423 2796 5477 necdum
2849 5423 3112 5478 allectum
3151 5440 3454 5495 concepere
3500 5425 3799 5480 virtutum.

2201 5510 2453 5564 Tertium
2471 5510 2788 5582 specialiter
2806 5511 2908 5566 Dei
2953 5518 3057 5579 est,
3100 5517 3160 5567 et
3186 5529 3383 5568 eorum
3443 5513 3538 5584 qui
3565 5512 3624 5566 in
3673 5530 3805 5568 sese

2201 5599 2506 5668 imaginem
2519 5600 2622 5654 Dei
2641 5615 2706 5653 ac
2721 5600 3152 5656 similitudinem
3166 5601 3625 5674 receperunt.llle
3638 5618 3804 5657 nam-
