3900 6196
248 296 319 355 1529

650 291 1222 348 ENARRATIONUM
1258 292 1338 346 IN
1375 290 1529 346 EPP.
1573 292 1786 348 PAULI
1827 292 1962 348 LIB.
2005 292 2284 347 XL—IN
2326 263 2546 358 EPIST.
2589 293 2612 347 Ι
2652 293 2747 347 AD
2786 294 2948 348 COR.

3341 293 3468 350 130·

245 439 320 492 que
343 420 468 474 solus
493 435 554 472 ea
586 434 703 488 quae
727 417 874 472 bona
903 423 1054 483 sunt,
1090 417 1244 471 nullo
1274 425 1448 484 metu,
1482 417 1638 472 nulla
1668 420 1822 478 re-A
1841 424 2083 489 quatuor
2109 419 2320 489 species
2365 419 2437 473 ad
2479 418 2884 490 quadrifariam
2933 437 3102 475 sacrae
3143 421 3443 491 Scriptura

243 506 576 564 uenerationis
602 507 784 576 gratia
811 511 1166 578 provocante,
1200 507 1298 560 sed
1343 507 1460 561 solo
1491 505 1758 560 bonitatis
1837 507 2288 578 intelligentiam,
2336 508 2440 562 hoc
2493 513 2596 568 est.
2658 508 2973 574 historiam,
3043 510 3439 580 tropologiam,

242 602 445 669 operatur
470 596 679 649 affectu.
697 596 900 650 Omnia
929 595 1101 659 enim,
1125 602 1191 649 ut
1219 596 1296 649 ait
1327 597 1612 662 Salomon,
1645 612 1760 664 ope-

242 692 357 739 ratus
377 690 440 738 est
457 686 711 739 Dominus
742 690 968 752 propter
1003 687 1348 753 semetipsum
1395 682 1576 753 (Prov.
1625 687 1756 751 xvi),

240 792 321 829 sua:
341 789 550 842 namque
573 772 839 826 bonitatis
867 771 1101 826 obtentu
1131 789 1356 826 omnem
1370 771 1646 826 bonorum
1668 787 1761 825 co-

238 863 348 935 piam
371 862 533 931 dignis
559 861 916 932 indignisque
951 860 1205 930 largitur,
1241 861 1374 932 quia
1409 877 1509 914 nec
1537 859 1763 930 fatigati

237 951 407 1021 injuriis
433 956 618 1021 potest.
653 967 754 1004 nec
783 949 1178 1020 iniquitatibus
1211 949 1503 1003 hominum
1525 948 1764 1020 passibi-

236 1040 331 1093 liter
351 1039 652 1110 permoveri,
669 1055 894 1108 semper
913 1038 1123 1092 scilicet
1139 1055 1374 1092 manens
1397 1038 1644 1108 perfecta
1671 1037 1765 1091 bo-

234 1129 361 1192 nitas,
390 1127 851 1198 immutabilisque
881 1132 1103 1180 natura.

762 1235 998 1288 CAPUT
1027 1233 1172 1288 XIV.

235 1325 425 1380 Ostendit
442 1326 792 1377 eminentiam
807 1323 1104 1392 prophetia
1125 1338 1289 1390 super
1310 1323 1519 1376 donum
1538 1325 1766 1390 lingua-

316 1411 439 1458 rum,
469 1399 513 1446 et
539 1396 804 1462 quomodo
835 1399 1064 1462 utroque
1093 1395 1234 1447 dono
1261 1396 1336 1446 sit
1358 1394 1646 1446 utendum.

284 1483 898 1548 Sectaminicharitatem,
914 1483 1266 1536 amulamini
1277 1483 1766 1550 spiritalia,magis

231 1578 370 1625 autem
398 1577 450 1624 ut
471 1572 815 1640 prophetetis.
865 1571 1002 1624 Post
1032 1569 1366 1624 charitatem
1393 1569 1766 1640 prophetandi

231 1660 428 1714 studium
453 1659 625 1729 magis
657 1659 979 1713 habendum
1008 1659 1288 1724 hortatur,
1335 1658 1468 1728 quia
1513 1658 1767 1728 quamvis

1840 596 2187 666 allegoriam,
2238 613 2548 666 anagogen,
2581 597 2894 650 transferri.
2940 598 3020 652 De
3072 598 3160 652 his
3203 605 3446 670 quatuor

1841 685 2402 756 interpretationnem
2420 685 2720 756 generibus
2737 685 2931 740 beatus
2946 687 3246 756 Apostolus
3266 688 3347 742 ita
3367 688 3448 741 di-

1843 774 1920 828 cit
1951 791 1962 826 :
1996 775 2159 828 Nunc
2179 781 2390 838 autem,
2414 776 2635 842 fratres,
2651 777 2702 827 si
2721 790 2913 827 venero
2939 776 3013 828 ad
3033 791 3120 827 vos
3141 778 3354 842 linguis
3370 779 3444 829 lo-

1843 879 2030 931 quens,
2063 863 2200 930 quid
2227 864 2372 916 vobis
2386 864 2636 930 prodere,
2677 866 2791 916 nisi
2821 864 2962 916 vobis
2994 867 3230 932 loquar?
3259 869 3360 917 aut
3382 867 3448 918 in

1846 955 2191 1008 reuelatione.
2211 957 2310 1005 aut
2342 955 2404 1004 in
2433 954 2684 1014 scientia,
2708 957 2808 1004 aut
2841 955 2900 1004 in
2926 953 3354 1020 prophetia,aut
3385 956 3447 1006 in

1845 1042 2119 1100 doctrina.
2137 1039 2420 1094 Revelatio
2452 1055 2696 1110 namque
2725 1040 2794 1093 ad
2825 1039 3152 1108 allegoriam
3180 1041 3444 1112 pertinet,

1846 1146 1948 1200 per
1976 1146 2146 1200 quam
2176 1146 2244 1184 ea
2271 1146 2393 1199 quae
2417 1128 2560 1198 tegit
2594 1129 2862 1182 historica
2910 1129 3160 1182 narratio
3206 1129 3447 1200 spiritali

1849 1235 2017 1272 sensu
2044 1223 2102 1271 et
2129 1217 2472 1289 expositione
2500 1223 2854 1283 reserantur;
2891 1223 2956 1270 ut
2981 1217 3133 1271 verbi
3159 1217 3362 1288 gratia,
3400 1218 3449 1272 si

1848 1305 1987 1360 illud
2013 1307 2232 1378 aperire
2263 1312 2566 1360 tentemus.
2598 1306 3085 1370 Quemadmodum
3123 1313 3312 1378 patres
3354 1323 3452 1361 no-

1848 1395 1942 1461 tri,
1968 1412 2150 1449 omnes
2179 1396 2278 1449 sub
2309 1396 2450 1448 nube
2475 1397 2728 1462 fuerunt,
2763 1401 2809 1448 et
2840 1413 3023 1448 omnes
3055 1399 3116 1450 in
3146 1397 3323 1463 Moyse
3353 1397 3448 1450 ba-

1843 1487 2049 1553 ptizati
2075 1489 2208 1537 sunt
2229 1487 2290 1537 in
2313 1485 2451 1537 nube
2481 1489 2528 1536 et
2559 1487 2621 1536 in
2655 1487 2804 1537 mari
2835 1485 2882 1550 (1
2903 1483 3024 1537 Cor.
3063 1484 3141 1555 x),
3173 1490 3230 1538 et
3259 1501 3451 1555 quem-

1849 1573 2153 1626 admodum
2168 1589 2350 1626 omnes
2369 1573 2614 1625 eamdem
2635 1588 2810 1626 escam
2821 1575 3134 1640 spiritalem
3150 1575 3451 1627 manduca-

1847 1667 2047 1716 verunt
2076 1663 2283 1729 (Ibid),
2299 1667 2358 1714 et
2386 1661 2648 1714 eumdem
2671 1660 2984 1731 spiritalem
3006 1661 3074 1715 de
3090 1661 3452 1733 consequenti

232 1749 378 1818 magni
416 1749 520 1802 sint
560 1748 846 1819 spiritales
886 1748 1113 1818 gradus,
1147 1764 1287 1818 quos
1331 1753 1645 1811 enumerat,
1678 1739 1830 1801 hicB
1850 1749 2511 1821 petrabiberuntpotum;
2522 1755 2681 1818 petra
2697 1756 2883 1803 autem
2899 1757 3019 1803 erat
3038 1750 3451 1816 Christus.Quzn

229 1845 376 1891 tamen
401 1837 602 1901 melior,
636 1837 736 1908 qui
774 1837 845 1890 ad
879 1836 1183 1890 utilitatem
1231 1836 1486 1890 Ecclesia:
1527 1835 1764 1906 proﬁcit,

227 1933 276 1978 ut
297 1925 480 1978 discant
497 1942 696 1979 omnes
712 1925 911 1979 divinae
929 1925 1070 1995 legis
1085 1925 1382 1979 rationem.
1407 1925 1473 1979 In
1491 1941 1600 1996 quo
1618 1923 1769 1978 enim

227 2014 324 2085 quis
355 2014 586 2068 animum
632 2013 877 2080 dederit,
928 2013 988 2068 in
1034 2031 1100 2068 eo
1145 2013 1267 2085 ipso
1305 2013 1507 2084 accipit
1535 2012 1766 2079 donum,

225 2103 400 2168 dicepte
424 2103 718 2158 Salomone
750 2122 762 2155 :
808 2101 963 2157 Scire
993 2107 1159 2171 legem
1187 2119 1376 2157 sensus
1405 2108 1481 2156 est
1509 2105 1768 2170 optimus.

226 2192 426 2246 Scientia
451 2193 597 2246 enim
639 2191 884 2246 subnixa
924 2191 1185 2246 charitati
1226 2207 1340 2245 non
1381 2191 1633 2254 inﬂatur,
1675 2191 1773 2244 sed

224 2289 290 2334 est
310 2288 595 2346 mansueta,
630 2281 934 2353 proﬁciens
952 2279 1211 2334 omnibus
1230 2279 1301 2334 ad
1317 2279 1642 2334 utilitatem.
1668 2280 1775 2346 Qui

225 2373 340 2422 enim
360 2374 591 2438 loquitur
613 2373 854 2438 linguis,
889 2386 1000 2423 non
1035 2370 1353 2423 hominibus
1383 2371 1650 2437 loquitur,
1685 2369 1775 2421 sed

221 2459 321 2522 Deo,
347 2475 486 2513 nemo
507 2462 663 2513 enim
679 2460 860 2523 audit,
874 2458 1093 2527 Spiritu
1105 2463 1290 2512 autem
1308 2460 1560 2526 loquitur
1581 2462 1775 2524 myste-

222 2550 307 2598 ria.
336 2547 522 2616 (Δηώ.)
555 2549 684 2602 Hoc
713 2553 801 2601 est
831 2547 980 2618 quod
1010 2547 1163 2612 dicit,
1202 2545 1336 2617 quia
1388 2545 1482 2616 qui
1529 2545 1778 2616 loquitur

220 2636 455 2706 incognita
478 2637 698 2708 lingua,
733 2637 850 2690 Deo
881 2635 1147 2706 loquitur,
1181 2635 1313 2706 quia
1332 2635 1452 2706 ipse
1473 2633 1663 2688 omnia
1681 2650 1777 2688 no-

225 2726 300 2788 vit,
323 2726 557 2781 homines
583 2726 748 2782 enim
777 2725 1035 2780 nesciunt
1065 2743 1076 2777 :
1111 2724 1346 2794 ideoque
1373 2723 1560 2777 nullus
1599 2729 1684 2776 est
1711 2739 1777 2776 ex

221 2813 300 2868 hac
325 2832 376 2869 re
401 2815 703 2886 profectus,
737 2813 952 2884 Spiritu
981 2819 1170 2867 autem
1197 2811 1464 2882 loquitur,
1500 2828 1612 2865 non
1653 2828 1776 2865 sen-

219 2920 284 2966 su,
303 2905 416 2974 quia
434 2905 666 2974 ignorat
679 2903 828 2974 quod
861 2901 1012 2956 dicit.
1038 2902 1143 2968 Qui
1171 2903 1321 2954 enim
1341 2901 1650 2968 prophetat,
1679 2899 1775 2956 ho-

219 2994 423 3046 minibus
439 2996 699 3062 loquitur
713 2993 789 3045 ad
805 2989 1240 3060 adiﬁcationem,
1253 2995 1302 3043 et
1323 2989 1772 3053 exhortationem,

1851 1839 2120 1910 expositio
2135 1838 2574 1909 prmﬁgurationi
2589 1838 2838 1909 corporis
2848 1845 2904 1892 et
2915 1839 3204 1909 sanguinis
3218 1839 3448 1906 Christi,

1853 1945 2020 1998 quem
2050 1927 2296 1998 quotidie
2327 1927 2600 1992 suminus,
2633 1932 2976 1998 comparata,
3011 1928 3290 1998 allegorias
3319 1946 3453 1984 con-

1853 2017 1997 2071 tinet
2022 2017 2320 2079 rationem,
2355 2015 2590 2070 scientia
2619 2033 2748 2069 vero
2778 2033 2901 2086 qua:
2929 2016 3189 2071 similiter
3214 2017 3284 2071 ab
3310 2019 3456 2090 Apo-

1855 2106 1997 2160 stolo
2026 2111 2391 2171 memoratur,
2426 2104 2739 2176 tropologia
2767 2111 2871 2170 est,
2906 2122 3016 2176 qua
3043 2105 3305 2160 universa
3332 2125 3454 2178 qua:

1855 2195 1924 2248 ad
1953 2194 2347 2248 discretionem
2388 2194 2676 2264 pertinent
2717 2194 3012 2259 actualem,
3047 2200 3237 2248 utrum
3269 2196 3451 2262 utilia,

1851 2284 1940 2337 vel
1981 2283 2218 2337 honesta
2259 2283 2390 2345 sint,
2438 2282 2699 2353 prudenti
2745 2282 3154 2336 examinatione
3191 2284 3456 2338 discerni-

1855 2389 2000 2434 mus,
2035 2378 2100 2426 ut
2141 2376 2227 2426 est
2267 2371 2407 2425 illud
2453 2388 2579 2425 cum
2608 2371 2756 2442 apud
2802 2370 3174 2441 nosmetipsos
3199 2373 3455 2443 judicare

1855 2460 2230 2532 praecipimur,
2261 2466 2454 2514 utrum
2481 2461 2676 2513 deceat
2705 2459 2997 2513 mulierem
3026 2476 3137 2514 non
3165 2461 3345 2514 velato
3369 2479 3456 2515 ca-

1859 2549 1973 2620 pite
2014 2566 2175 2604 orare
2219 2550 2399 2604 Deum
2417 2549 2440 2601 ’?
2469 2549 2604 2612 Quae
2643 2549 2806 2611 ratio,
2839 2554 2904 2602 ut
2941 2548 3151 2602 dictum
3193 2555 3295 2613 est,
3331 2567 3455 2605 mo-

1857 2639 2034 2692 ralem
2064 2638 2314 2692 continet
2351 2638 2718 2691 intellectum.
2759 2638 2900 2690 Item
2943 2637 3237 2708 prophetia
3284 2655 3453 2710 quam

1857 2727 2027 2781 tertio
2067 2728 2366 2798 Apostolus
2408 2725 2600 2780 intulit
2641 2726 2761 2779 loco
2807 2742 3100 2796 anagogen
3146 2735 3326 2794 sonat,
3359 2745 3458 2799 per

1858 2831 2027 2886 quam
2057 2816 2127 2870 ad
2158 2815 2455 2869 invisibilia
2483 2833 2546 2869 ac
2571 2815 2761 2868 futura
2790 2832 2974 2868 sermo
3005 2816 3361 2882 transfertur,
3395 2821 3458 2871 ut

1858 2910 1944 2959 est
1970 2904 2108 2958 illud
2142 2923 2152 2957 :
2187 2905 2456 2960 Nolumus
2483 2910 2668 2958 autem
2699 2907 2960 2971 ignorare
2988 2920 3096 2969 vos,
3124 2907 3349 2973 fratres,
3386 2907 3450 2960 dc

1859 2995 2280 3058 dormientibus,
2319 2998 2381 3046 ut
2409 3009 2522 3046 non
2553 2995 2979 3059 contristemini,
3011 2997 3154 3047 sicut
3191 2999 3240 3048 et
3272 2999 3454 3049 caeteri

215 3087 254 3132 et
275 3085 700 3136 consolationem.
725 3080 1054 3134 xEdiﬁcatur
1080 3078 1233 3132 enim
1255 3077 1478 3149 quando
1509 3077 1771 3148 quaestio-
1793 3083 1837 3143 C
1859 3085 1959 3152 qui
1997 3099 2144 3152 spem
2189 3099 2301 3136 non
2335 3083 2551 3135 habent.
2595 3081 2658 3136 Si
2689 3085 2838 3136 enim
2872 3083 3146 3136 credimus
3183 3087 3462 3152 quoniam

214 3185 323 3224 num
349 3171 684 3224 solutionem
713 3168 969 3235 addiscit,
996 3167 1307 3221 exhortatio
1327 3172 1516 3220 autem
1537 3165 1695 3220 ﬁtilli
1713 3171 1778 3220 ut

213 3257 510 3314 desiderium
555 3259 815 3331 patiatur
844 3256 1214 3328 prophetandi
1248 3273 1259 3308 :
1293 3255 1612 3310 consolatur
1648 3271 1778 3308 vero

214 3348 320 3418 quia
342 3355 726 3420 contemptum
757 3346 1061 3417 disciplinae
1089 3346 1147 3399 in
1178 3361 1276 3416 spe
1307 3345 1460 3398 videt
1493 3362 1505 3396 :
1545 3343 1780 3398 scientia

211 3438 336 3490 enim
359 3438 492 3507 legis
521 3439 724 3491 ﬁrmat
750 3435 987 3499 animos,
1019 3442 1075 3488 et
1100 3438 1362 3505 provocat
1402 3433 1474 3486 ad
1512 3431 1631 3504 spei
1659 3449 1779 3486 me-

212 3523 338 3578 lioris
363 3527 697 3597 protectum.
721 3525 829 3592 Qui
856 3527 1104 3593 loquitur
1133 3527 1331 3591 lingua
1349 3525 1588 3591 seipsum
1609 3523 1779 3589 adiﬁ-

213 3621 296 3679 oat,
322 3619 412 3684 qui
440 3633 564 3669 vero
606 3615 905 3684 prophetat
942 3614 1236 3667 Ecclesium
1279 3613 1528 3678 aediﬁcat.
1579 3611 1687 3664 Per
1723 3609 1780 3663 id

214 3703 336 3756 enim
361 3705 501 3774 quod
529 3704 693 3758 solus
721 3702 867 3756 forte
896 3701 1001 3756 scit
1034 3701 1180 3772 quod
1209 3700 1477 3771 loquitur,
1513 3717 1573 3753 se
1597 3699 1780 3753 solum

213 3792 428 3859 adiﬁcat,
461 3811 598 3848 nam
638 3791 735 3863 qui
763 3791 1062 3863 prophetat
1090 3806 1316 3844 omnem
1347 3788 1565 3859 plebem
1605 3788 1780 3841 aediﬁ-

213 3889 300 3934 cat.
332 3883 676 3954 Intelligitur
705 3881 775 3934 ab
802 3879 1062 3934 omnibus
1091 3879 1224 3949 quid
1239 3879 1520 3948 loquatur.
1538 3877 1783 3947 Prophe-

213 3975 280 4024 tas
303 3970 640 4044 interpretes
667 3970 806 4024 dicit
837 3969 1272 4040 Scripturarum,
1301 3967 1446 4021 sicut
1471 3967 1623 4020 enim
1650 3982 1781 4037 pro-

212 4059 354 4126 pheta
389 4062 584 4116 futura
625 4059 784 4124 dicit,
835 4075 957 4129 qua:
1000 4057 1344 4120 nesciuntur,
1391 4057 1474 4110 ita
1511 4055 1600 4108 hic
1648 4055 1784 4109 dum

213 4147 601 4221 Scripturarum
633 4165 887 4210 sensum,
919 4146 1014 4218 qui
1041 4145 1235 4200 multis
1263 4144 1512 4199 occultus
1541 4150 1644 4210 est,
1661 4161 1784 4198 ma-

211 4236 366 4304 festat,
395 4240 606 4295 dicitur
640 4237 999 4310 prophetare.
1045 4237 1162 4290 Volo
1179 4241 1367 4288 autem
1387 4250 1474 4288 vos
1497 4250 1680 4287 omnes
1711 4235 1784 4287 lo-

209 4331 292 4394 qui
311 4331 536 4398 linguis,
561 4330 749 4396 magis
765 4331 951 4380 autem
974 4329 1035 4378 ut
1050 4325 1398 4393 prophetetis.
1415 4323 1541 4377 Non
1563 4326 1784 4392 poterat

1861 3172 2111 3226 Christus
2141 3176 2394 3225 mortuus
2432 3176 2506 3224 est
2536 3175 2586 3224 et
2633 3174 2956 3224 resurrexit.
2991 3174 3075 3226 Ita
3115 3177 3164 3225 et
3203 3174 3344 3226 Deus
3372 3189 3454 3227 eos

1859 3276 1954 3328 per
1979 3263 2164 3314 Iesum
2187 3261 2418 3314 adducet
2439 3275 2564 3313 cum
2582 3276 2656 3316 eo.
2677 3260 2774 3312 hoc
2788 3262 2937 3313 enim
2957 3261 3108 3313 vobis
3129 3262 3368 3315 dicimus
3390 3265 3454 3317 in

1859 3351 2016 3402 verbo
2037 3350 2284 3416 Domini,
2304 3351 2569 3417 quoniam
2602 3365 2714 3414 nos,
2744 3351 2843 3417 qui
2866 3350 3104 3402 vivimus
3125 3353 3185 3403 in
3209 3352 3448 3406 adventu

1863 3439 2106 3501 Domini,
2148 3453 2259 3490 non
2300 3439 2696 3505 pravenicmus
2743 3453 2826 3490 eos
2869 3440 2968 3506 qui
2993 3439 3348 3494 dormierunt
3390 3443 3454 3494 in

1863 3527 2096 3592 Christo,
2125 3528 2393 3594 quoniam
2435 3529 2546 3594 ipse
2573 3526 2843 3579 Dominus
2873 3529 2935 3579 in
2955 3529 3121 3594 jussu
3161 3533 3208 3580 et
3238 3531 3301 3582 in
3334 3545 3452 3583 voce

1862 3615 2200 3682 archangeli,
2237 3619 2286 3666 et
2316 3617 2382 3689 in
2413 3615 2542 3667 tuba
2572 3615 2672 3667 Dei
2698 3615 2974 3668 descendet
2993 3616 3059 3668 de
3085 3619 3224 3680 calo,
3243 3622 3290 3670 et
3312 3633 3458 3671 mor-

1865 3705 1951 3756 tui
1965 3705 2066 3771 qui
2096 3705 2158 3755 in
2183 3703 2395 3756 Christo
2425 3707 2576 3766 sunt,
2601 3708 2886 3769 resurgent
2910 3705 3092 3770 primi
3118 3704 3168 3770 (Ι
3189 3705 3334 3758 Thes.
3356 3710 3456 3772 iv).

1865 3791 2009 3855 Quia
2036 3789 2436 3844 exhortationis
2453 3789 2634 3858 specie
2654 3805 2933 3858 anagoges
2950 3792 3128 3858 ﬁgura
3141 3793 3452 3860 praefertur.

1864 3878 2131 3934 Doctrina
2156 3895 2284 3931 vero
2323 3877 2634 3947 simplicem
2677 3876 2948 3931 historica:
2979 3878 3336 3948 expositionis
3366 3899 3458 3934 or-

1865 3967 2055 4021 dinem
2098 3965 2312 4038 pandit,
2344 3965 2403 4018 in
2445 3982 2556 4036 qua
2596 3965 2782 4018 nullus
2825 3965 3092 4019 occultior
3119 3967 3454 4038 intellectus,

1866 4055 1977 4110 nisi
2005 4055 2101 4126 qui
2127 4053 2310 4108 verbis
2341 4059 2567 4108 resonat
2593 4053 2928 4120 continetur,
2962 4053 3106 4110 sicut
3136 4062 3222 4111 est
3261 4057 3399 4113 illud
3442 4078 3454 4113 :

1872 4146 2104 4200 Tradidi
2150 4147 2300 4198 enim
2341 4145 2487 4198 vobis
2519 4146 2798 4212 imprimis
2831 4146 2974 4214 quod
3010 4151 3060 4199 et
3097 4151 3278 4217 accepi
3315 4151 3452 4218 quia

1866 4235 2116 4290 Christus
2146 4239 2401 4287 mortuus
2430 4237 2505 4286 est
2529 4249 2631 4301 pro
2659 4237 2892 4302 peccatis
2929 4238 3130 4288 nostris
3159 4239 3460 4293 secundum

1864 4322 2204 4392 Scripturas,
2247 4328 2295 4376 et
2334 4324 2467 4390 quia
2495 4325 2740 4390 sepultus
2766 4329 2859 4387 est,
2895 4328 2945 4376 et
2971 4327 3107 4391 quia
3153 4330 3459 4381 resurrexit

209 4395 472 4484 prohibiere
498 4395 672 4488 loqui
693 4414 921 4485 linguis,
952 4414 1085 4485 quia
1111 4411 1368 4484 superius
1395 4411 1554 4478 dixit,
1573 4411 1784 4465 donum
1803 4395 2033 4466 Dtertia
2061 4413 2168 4477 die,
2199 4418 2248 4466 et
2277 4414 2411 4480 quia
2450 4413 2600 4464 visus
2629 4416 2705 4464 est
2751 4413 2933 4479 Cepha'
2973 4414 3025 4478 (Ι
3048 4413 3168 4466 Cor.
3203 4417 3296 4480 xv)
3311 4434 3328 4477 ;
3364 4423 3454 4470 et:

208 4503 333 4560 istud
375 4524 496 4562 esse
543 4505 796 4578 Spiritus
833 4503 1008 4558 sancti
1041 4521 1052 4554 :
1087 4501 1184 4556 sed
1231 4501 1358 4555 ideo
1411 4499 1784 4572 prophetandi

209 4596 360 4664 magis
385 4596 644 4650 studium
676 4592 996 4647 habendum
1025 4591 1155 4662 quia
1183 4590 1377 4644 utilius
1394 4595 1498 4644 est.
1515 4591 1696 4658 Major
1711 4594 1786 4643 est

209 4687 333 4737 enim
357 4687 452 4754 qui
474 4685 797 4754 prophetat,
818 4697 988 4750 quam
1020 4683 1119 4750 qui
1152 4683 1402 4749 loquitur
1427 4681 1644 4747 lingua,
1671 4680 1785 4731 nisi

207 4775 600 4842 interpretetur.
629 4771 775 4836 Quia
805 4771 855 4824 si
885 4769 1245 4840 interpretari
1279 4767 1502 4840 poterit,
1535 4783 1648 4821 non
1675 4766 1786 4820 erit

207 4860 366 4915 minor
392 4863 527 4934 quia
553 4861 802 4916 aediﬁcat
831 4859 1152 4922 Ecclesium,
1183 4858 1289 4911 hoc
1316 4857 1468 4910 enim
1499 4856 1683 4926 majus
1699 4861 1784 4909 est

209 4951 332 5018 quod
357 4951 628 5006 omnibus
657 4948 888 5021 prodest
919 4967 930 5001 :
963 4947 1052 5002 hic
1095 4947 1258 5004 enim.
1288 4963 1388 5018 per
1427 4946 1638 5000 donum
1681 4944 1784 4998 Dei

211 5036 391 5110 lmgnis
421 5041 701 5112 loquitur,
739 5038 836 5109 qui
875 5037 1044 5092 etiam
1085 5037 1508 5107 interpretatur,
1550 5033 1695 5088 sicut
1731 5039 1788 5087 et

212 5127 275 5180 illi
319 5130 621 5185 duodecim
668 5128 727 5182 in
781 5125 1010 5182 Actibus
1063 5126 1445 5198 apostolorum
1491 5122 1629 5190 (Act.
1689 5123 1783 5192 Iv).

213 5215 365 5284 Nunc,
394 5221 632 5285 fratres,
661 5220 713 5270 si
740 5231 934 5270 venero
961 5217 1035 5270 ad
1053 5232 1140 5270 vos
1169 5217 1380 5283 linguis
1401 5217 1639 5282 loquens,
1656 5213 1792 5281 quid

211 5306 331 5360 vobis
362 5310 642 5377 prodere?
677 5305 742 5361 Si
780 5321 894 5360 non
932 5308 1128 5374 loquar
1155 5305 1321 5369 vobis,
1355 5308 1458 5357 aut
1485 5305 1548 5356 in
1581 5305 1790 5355 revela-

216 5395 348 5462 tione,
374 5402 476 5450 aut
525 5399 596 5450 in.
622 5397 878 5459 scientia,
906 5399 1007 5448 aut
1045 5396 1106 5447 in
1141 5394 1450 5463 prophetia,
1481 5396 1582 5471 aut
1612 5394 1674 5444 in
1703 5391 1792 5444 do-

214 5487 388 5540 ctrina.
437 5487 580 5542 Haec
608 5484 803 5540 omnia
831 5499 1009 5537 unum
1037 5482 1376 5553 signiﬁcant,
1407 5481 1608 5536 docere
1640 5479 1791 5534 enim

217 5588 354 5630 nemo
377 5575 617 5648 poterit,
649 5574 760 5631 nisi
790 5572 1139 5644 intelligatur
1170 5590 1182 5626 :
1218 5577 1454 5644 possunt
1486 5577 1680 5626 tamen
1706 5569 1794 5624 hie

1867 4502 2017 4556 Misit
2051 4503 2188 4555 Deus
2209 4503 2416 4555 Filium
2446 4516 2612 4553 suum
2639 4502 2851 4566 factum
2873 4516 2938 4552 ex
2965 4503 3214 4564 muliere,
3247 4503 3459 4570 [actum

1866 4592 1966 4644 sub
2012 4594 2135 4658 lege,
2169 4595 2230 4643 ut
2269 4607 2352 4643 eos
2380 4591 2480 4658 qui
2507 4590 2606 4641 sub
2638 4592 2746 4654 lege
2791 4591 2955 4641 erant
2985 4590 3286 4644 redimeret
3316 4591 3455 4658 (Cal.

1868 4681 1960 4746 Iv).
2004 4679 2130 4752 Sive
2161 4678 2300 4732 illud
2337 4695 2348 4729 :
2386 4678 2550 4739 Audi,
2593 4678 2782 4740 Israel,
2830 4677 3100 4732 Dominus
3137 4680 3276 4734 Deus
3307 4685 3456 4747 tuus,

1865 4769 2133 4822 Dominus
2160 4783 2310 4821 unus
2339 4770 2414 4818 est
2445 4767 2622 4832 (Deut.
2656 4765 2747 4830 vr).

1945 4858 2144 4910 Tamen
2173 4872 2292 4924 quae
2335 4857 2454 4906 sine
2481 4855 2677 4906 anima
2707 4858 2856 4919 sunt,
2892 4871 3068 4909 vocem
3103 4859 3317 4923 dantia,
3351 4861 3462 4914 sive

1873 4947 2026 5010 tibia,
2055 4947 2164 4998 sive
2184 4944 2420 5006 cithara,
2435 4959 2480 4994 si
2501 4942 2913 4997 distinctionem
2933 4947 3144 4999 sonitus
3164 4962 3274 5001 non
3303 4949 3463 5002 dede-

1869 5037 2007 5097 rint,
2041 5033 2304 5102 quomodo
2333 5036 2678 5098 cognoscetur
2695 5033 2839 5100 quod
2857 5048 2956 5100 per
2987 5034 3182 5087 tib-iam
3211 5039 3456 5102 canitur,

1869 5129 1970 5177 aut
1984 5123 2126 5192 quod
2137 5121 2514 5175 citharizatur
2529 5139 2546 5186 ,-
2569 5123 2770 5174 etenim
2791 5123 2841 5174 si
2856 5124 3124 5176 incertam
3140 5139 3315 5177 vocem
3332 5125 3463 5179 tuba

1873 5213 2100 5276 dederit,
2115 5213 2239 5280 quis
2268 5225 2321 5263 se
2347 5210 2571 5278 parabit
2587 5211 2662 5264 ad
2677 5213 2814 5278 praet
2821 5212 2934 5263 iam
2949 5215 2972 5262 Ρ
2989 5210 3265 5274 Quoniam
3281 5228 3466 5267 exem-

1875 5301 1969 5373 pla
1994 5299 2210 5355 facilius
2240 5297 2478 5353 suadent
2499 5313 2668 5370 quam
2685 5297 2872 5363 verba,
2903 5299 3173 5371 exemplis
3185 5317 3467 5358 commen-

1875 5389 1992 5454 dat,
2023 5405 2123 5460 per
2167 5405 2290 5460 quas
2328 5387 2488 5442 facile
2530 5393 2902 5458 assequentur
2941 5404 3054 5442 non
3096 5389 3300 5444 debere
3341 5390 3466 5446 illos

1873 5478 1933 5532 in
1963 5477 2209 5532 Ecclesia
2233 5477 2386 5550 loqui
2415 5476 2639 5547 linguis,
2673 5475 2768 5546 qui
2797 5475 3156 5548 interpretari
3183 5495 3297 5533 non
3343 5495 3468 5550 pos-

1875 5573 2044 5634 sunt;
2080 5567 2152 5622 ad
2183 5566 2318 5638 quid
2345 5566 2498 5622 enim
2511 5564 2780 5637 loquitur,
2800 5581 2970 5636 quem
2983 5583 3150 5622 nemo
3167 5566 3466 5637 intelligit?
