  <div class='ocr_page' id='page_1' title='image "/cluster/home/n/w/nwhite01/storage/ocr_20150623/112/hvd.32044054759774/073.png"; bbox 0 0 4034 6162; ppageno 0'>
   <div class='ocr_carea' id='block_1_1' title="bbox 410 267 513 325">
    <p class='ocr_par' dir='ltr' id='par_1_1' title="bbox 410 267 513 325">
     <span class='ocr_line' id='line_1_1' title="bbox 410 267 513 325; baseline 0 0"><span class='ocrx_word' id='word_1_1' title='bbox 410 267 513 325; x_wconf 84' lang='grc'>135</span> 
     </span>
    </p>
   </div>
   <div class='ocr_carea' id='block_1_2' title="bbox 1029 249 3058 320">
    <p class='ocr_par' dir='ltr' id='par_1_2' title="bbox 1029 249 3058 320">
     <span class='ocr_line' id='line_1_2' title="bbox 1029 249 3058 320; baseline -0.002 0"><span class='ocrx_word' id='word_1_2' title='bbox 1029 265 1093 320; x_wconf 90' lang='grc' dir='ltr'>Β.</span> <span class='ocrx_word' id='word_1_3' title='bbox 1126 262 1400 320; x_wconf 79' lang='lat' dir='ltr'><strong>RABANI</strong></span> <span class='ocrx_word' id='word_1_4' title='bbox 1429 261 1662 318; x_wconf 84' lang='lat' dir='ltr'><strong>MAURI</strong></span> <span class='ocrx_word' id='word_1_5' title='bbox 1687 258 2026 317; x_wconf 80' lang='lat' dir='ltr'>ARCHIEP.</span> <span class='ocrx_word' id='word_1_6' title='bbox 2055 260 2384 317; x_wconf 83' lang='lat' dir='ltr'>MOGUNT.</span> <span class='ocrx_word' id='word_1_7' title='bbox 2416 249 2716 318; x_wconf 80' lang='lat' dir='ltr'>OPERUM</span> <span class='ocrx_word' id='word_1_8' title='bbox 2741 260 2927 317; x_wconf 83' lang='lat' dir='ltr'>PARS</span> <span class='ocrx_word' id='word_1_9' title='bbox 2957 260 3058 317; x_wconf 92' lang='lat' dir='ltr'>III.</span> 
     </span>
    </p>
   </div>
   <div class='ocr_carea' id='block_1_3' title="bbox 3584 259 3690 317">
    <p class='ocr_par' dir='ltr' id='par_1_3' title="bbox 3584 259 3690 317">
     <span class='ocr_line' id='line_1_3' title="bbox 3584 259 3690 317; baseline 0.009 -1"><span class='ocrx_word' id='word_1_10' title='bbox 3584 259 3690 317; x_wconf 82' lang='grc'>136</span> 
     </span>
    </p>
   </div>
   <div class='ocr_carea' id='block_1_4' title="bbox 407 383 3693 459">
    <p class='ocr_par' dir='ltr' id='par_1_4' title="bbox 407 383 3693 459">
     <span class='ocr_line' id='line_1_4' title="bbox 407 383 3693 459; baseline -0.003 -11"><span class='ocrx_word' id='word_1_11' title='bbox 407 393 648 457; x_wconf 81' lang='lat' dir='ltr'>adesset,</span> <span class='ocrx_word' id='word_1_12' title='bbox 667 389 1064 446; x_wconf 88' lang='lat' dir='ltr'>dareturlocus</span> <span class='ocrx_word' id='word_1_13' title='bbox 1084 385 1443 459; x_wconf 85' lang='lat' dir='ltr'>loquentibus</span> <span class='ocrx_word' id='word_1_14' title='bbox 1716 384 1918 442; x_wconf 87' lang='lat' dir='ltr'>Omnia</span> <span class='ocrx_word' id='word_1_15' title='bbox 1934 387 2011 441; x_wconf 88' lang='lat' dir='ltr'>ad</span> <span class='ocrx_word' id='word_1_16' title='bbox 2023 383 2261 449; x_wconf 80' lang='lat' dir='ltr'>Atibus.</span> <span class='ocrx_word' id='word_1_17' title='bbox 2285 385 2376 441; x_wconf 90' lang='lat' dir='ltr'>Sic</span> <span class='ocrx_word' id='word_1_18' title='bbox 2398 385 2552 443; x_wconf 89' lang='lat' dir='ltr'>enim</span> <span class='ocrx_word' id='word_1_19' title='bbox 2578 402 2642 441; x_wconf 89' lang='lat' dir='ltr'>se</span> <span class='ocrx_word' id='word_1_20' title='bbox 2679 383 2989 457; x_wconf 88' lang='lat' dir='ltr'>jactabant,</span> <span class='ocrx_word' id='word_1_21' title='bbox 3029 383 3190 456; x_wconf 88' lang='lat' dir='ltr'>quasi</span> <span class='ocrx_word' id='word_1_22' title='bbox 3220 383 3556 440; x_wconf 83' lang='lat' dir='ltr'>beneﬁcium</span> <span class='ocrx_word' id='word_1_23' title='bbox 3592 384 3693 440; x_wconf 87' lang='lat' dir='ltr'>da-</span> 
     </span>
    </p>
   </div>
   <div class='ocr_carea' id='block_1_5' title="bbox 407 470 2003 550">
    <p class='ocr_par' dir='ltr' id='par_1_5' title="bbox 407 470 2003 550">
     <span class='ocr_line' id='line_1_5' title="bbox 407 470 2003 550; baseline -0.006 -14"><span class='ocrx_word' id='word_1_24' title='bbox 407 483 823 550; x_wconf 57' lang='lat' dir='ltr'>a&#39;diﬁcationem</span> <span class='ocrx_word' id='word_1_25' title='bbox 853 481 1011 548; x_wconf 81' lang='lat' dir='ltr'>ﬁant.</span> <span class='ocrx_word' id='word_1_26' title='bbox 1046 475 1340 532; x_wconf 83' lang='lat' dir='ltr'>Conclusio</span> <span class='ocrx_word' id='word_1_27' title='bbox 1368 470 1488 530; x_wconf 68' lang='lat' dir='ltr'>hinc</span> <span class='ocrx_word' id='word_1_28' title='bbox 1515 479 1619 541; x_wconf 92' lang='lat' dir='ltr'>est,</span> <span class='ocrx_word' id='word_1_29' title='bbox 1652 479 1719 529; x_wconf 92' lang='lat' dir='ltr'>ut</span> <span class='ocrx_word' id='word_1_30' title='bbox 1743 473 1887 528; x_wconf 90' lang='lat' dir='ltr'>nihil</span> <span class='ocrx_word' id='word_1_31' title='bbox 1914 474 2003 528; x_wconf 91' lang='lat' dir='ltr'>in-</span> 
     </span>
    </p>
   </div>
   <div class='ocr_carea' id='block_1_6' title="bbox 409 561 2003 637">
    <p class='ocr_par' dir='ltr' id='par_1_6' title="bbox 409 561 2003 637">
     <span class='ocr_line' id='line_1_6' title="bbox 409 561 2003 637; baseline -0.006 -12"><span class='ocrx_word' id='word_1_32' title='bbox 409 584 631 624; x_wconf 83' lang='lat' dir='ltr'>cassum</span> <span class='ocrx_word' id='word_1_33' title='bbox 667 568 729 624; x_wconf 89' lang='lat' dir='ltr'>in</span> <span class='ocrx_word' id='word_1_34' title='bbox 778 567 1021 623; x_wconf 84' lang='lat' dir='ltr'>Ecclesia</span> <span class='ocrx_word' id='word_1_35' title='bbox 1051 571 1301 637; x_wconf 83' lang='lat' dir='ltr'>geratur,</span> <span class='ocrx_word' id='word_1_36' title='bbox 1343 565 1560 635; x_wconf 89' lang='lat' dir='ltr'>hocque</span> <span class='ocrx_word' id='word_1_37' title='bbox 1602 561 2003 618; x_wconf 81' lang='lat' dir='ltr'>elaborandum</span> 
     </span>
    </p>
   </div>
   <div class='ocr_carea' id='block_1_7' title="bbox 408 651 2004 730">
    <p class='ocr_par' dir='ltr' id='par_1_7' title="bbox 408 651 2004 730">
     <span class='ocr_line' id='line_1_7' title="bbox 408 651 2004 730; baseline -0.005 -17"><span class='ocrx_word' id='word_1_38' title='bbox 408 658 611 730; x_wconf 82' lang='lat' dir='ltr'>magis,</span> <span class='ocrx_word' id='word_1_39' title='bbox 636 662 702 712; x_wconf 92' lang='lat' dir='ltr'>ut</span> <span class='ocrx_word' id='word_1_40' title='bbox 718 661 777 711; x_wconf 90' lang='lat' dir='ltr'>et</span> <span class='ocrx_word' id='word_1_41' title='bbox 803 653 1051 727; x_wconf 81' lang='lat' dir='ltr'>imperiti</span> <span class='ocrx_word' id='word_1_42' title='bbox 1080 653 1393 726; x_wconf 86' lang='lat' dir='ltr'>proﬁciant,</span> <span class='ocrx_word' id='word_1_43' title='bbox 1426 669 1498 707; x_wconf 88' lang='lat' dir='ltr'>ne</span> <span class='ocrx_word' id='word_1_44' title='bbox 1518 651 1653 723; x_wconf 89' lang='lat' dir='ltr'>quid</span> <span class='ocrx_word' id='word_1_45' title='bbox 1667 651 1742 706; x_wconf 86' lang='lat' dir='ltr'>sit</span> <span class='ocrx_word' id='word_1_46' title='bbox 1755 651 2004 724; x_wconf 89' lang='lat' dir='ltr'>corporis</span> 
     </span>
    </p>
   </div>
   <div class='ocr_carea' id='block_1_8' title="bbox 409 741 2004 820">
    <p class='ocr_par' dir='ltr' id='par_1_8' title="bbox 409 741 2004 820">
     <span class='ocr_line' id='line_1_8' title="bbox 409 741 2004 820; baseline -0.004 -19"><span class='ocrx_word' id='word_1_47' title='bbox 409 764 512 820; x_wconf 89' lang='lat' dir='ltr'>per</span> <span class='ocrx_word' id='word_1_48' title='bbox 538 744 881 818; x_wconf 80' lang='lat' dir='ltr'>imperitiam</span> <span class='ocrx_word' id='word_1_49' title='bbox 899 741 1281 799; x_wconf 89' lang='lat' dir='ltr'>tenebrosum.</span> <span class='ocrx_word' id='word_1_50' title='bbox 1304 742 1516 798; x_wconf 89' lang='lat' dir='ltr'>Idcirco</span> <span class='ocrx_word' id='word_1_51' title='bbox 1555 758 1751 796; x_wconf 89' lang='lat' dir='ltr'>omnes</span> <span class='ocrx_word' id='word_1_52' title='bbox 1777 745 2004 812; x_wconf 84' lang='lat' dir='ltr'>paratos</span> 
     </span>
    </p>
   </div>
   <div class='ocr_carea' id='block_1_9' title="bbox 409 829 2006 902">
    <p class='ocr_par' dir='ltr' id='par_1_9' title="bbox 409 829 2006 902">
     <span class='ocr_line' id='line_1_9' title="bbox 409 829 2006 902; baseline -0.006 -10"><span class='ocrx_word' id='word_1_53' title='bbox 409 837 529 892; x_wconf 83' lang='lat' dir='ltr'>vult</span> <span class='ocrx_word' id='word_1_54' title='bbox 565 833 879 899; x_wconf 87' lang='lat' dir='ltr'>convenire,</span> <span class='ocrx_word' id='word_1_55' title='bbox 911 832 1144 887; x_wconf 81' lang='lat' dir='ltr'>diversis</span> <span class='ocrx_word' id='word_1_56' title='bbox 1183 831 1346 886; x_wconf 90' lang='lat' dir='ltr'>donis</span> <span class='ocrx_word' id='word_1_57' title='bbox 1385 829 1751 902; x_wconf 87' lang='lat' dir='ltr'>spiritalibus,</span> <span class='ocrx_word' id='word_1_58' title='bbox 1786 834 1853 884; x_wconf 89' lang='lat' dir='ltr'>ut</span> <span class='ocrx_word' id='word_1_59' title='bbox 1881 829 2006 900; x_wconf 90' lang='lat' dir='ltr'>ipsa</span> 
     </span>
    </p>
   </div>
   <div class='ocr_carea' id='block_1_10' title="bbox 409 919 2008 992">
    <p class='ocr_par' dir='ltr' id='par_1_10' title="bbox 409 919 2008 992">
     <span class='ocr_line' id='line_1_10' title="bbox 409 919 2008 992; baseline -0.005 -13"><span class='ocrx_word' id='word_1_60' title='bbox 409 923 678 979; x_wconf 82' lang='lat' dir='ltr'>aviditate</span> <span class='ocrx_word' id='word_1_61' title='bbox 692 921 1175 992; x_wconf 88' lang='lat' dir='ltr'>animivigilantes</span> <span class='ocrx_word' id='word_1_62' title='bbox 1189 919 1425 975; x_wconf 85' lang='lat' dir='ltr'>invicem</span> <span class='ocrx_word' id='word_1_63' title='bbox 1446 935 1507 973; x_wconf 91' lang='lat' dir='ltr'>se</span> <span class='ocrx_word' id='word_1_64' title='bbox 1517 919 1875 973; x_wconf 81' lang='lat' dir='ltr'>exhortantes</span> <span class='ocrx_word' id='word_1_65' title='bbox 1893 932 2008 972; x_wconf 88' lang='lat' dir='ltr'>me-</span> 
     </span>
    </p>
   </div>
   <div class='ocr_carea' id='block_1_11' title="bbox 408 1006 2002 1076">
    <p class='ocr_par' dir='ltr' id='par_1_11' title="bbox 408 1006 2002 1076">
     <span class='ocr_line' id='line_1_11' title="bbox 408 1006 2002 1076; baseline -0.005 -9"><span class='ocrx_word' id='word_1_66' title='bbox 408 1013 552 1068; x_wconf 86' lang='lat' dir='ltr'>liora</span> <span class='ocrx_word' id='word_1_67' title='bbox 568 1011 717 1067; x_wconf 91' lang='lat' dir='ltr'>dona</span> <span class='ocrx_word' id='word_1_68' title='bbox 735 1009 1154 1076; x_wconf 66' lang='lat' dir='ltr'>mmularentur,</span> <span class='ocrx_word' id='word_1_69' title='bbox 1169 1008 1242 1064; x_wconf 88' lang='lat' dir='ltr'>ad</span> <span class='ocrx_word' id='word_1_70' title='bbox 1253 1007 1726 1063; x_wconf 88' lang='lat' dir='ltr'>illuminationem</span> <span class='ocrx_word' id='word_1_71' title='bbox 1744 1006 2002 1061; x_wconf 82' lang='lat' dir='ltr'>fratrum.</span> 
     </span>
    </p>
   </div>
   <div class='ocr_carea' id='block_1_12' title="bbox 410 1096 2001 1168">
    <p class='ocr_par' dir='ltr' id='par_1_12' title="bbox 410 1096 2001 1168">
     <span class='ocr_line' id='line_1_12' title="bbox 410 1096 2001 1168; baseline -0.006 -11"><span class='ocrx_word' id='word_1_72' title='bbox 410 1100 534 1158; x_wconf 77' lang='lat' dir='ltr'>Sive</span> <span class='ocrx_word' id='word_1_73' title='bbox 560 1103 713 1156; x_wconf 87' lang='lat' dir='ltr'>enim</span> <span class='ocrx_word' id='word_1_74' title='bbox 743 1103 942 1168; x_wconf 82' lang='lat' dir='ltr'>lingua</span> <span class='ocrx_word' id='word_1_75' title='bbox 961 1101 1086 1168; x_wconf 90' lang='lat' dir='ltr'>quis</span> <span class='ocrx_word' id='word_1_76' title='bbox 1124 1100 1390 1167; x_wconf 76' lang='lat' dir='ltr'>loquitur,</span> <span class='ocrx_word' id='word_1_77' title='bbox 1406 1097 1710 1152; x_wconf 87' lang='lat' dir='ltr'>secundum</span> <span class='ocrx_word' id='word_1_78' title='bbox 1733 1096 1868 1149; x_wconf 88' lang='lat' dir='ltr'>duos</span> <span class='ocrx_word' id='word_1_79' title='bbox 1883 1099 2001 1159; x_wconf 86' lang='lat' dir='ltr'>aut,</span> 
     </span>
    </p>
   </div>
   <div class='ocr_carea' id='block_1_13' title="bbox 409 1180 2006 1257">
    <p class='ocr_par' dir='ltr' id='par_1_13' title="bbox 409 1180 2006 1257">
     <span class='ocr_line' id='line_1_13' title="bbox 409 1180 2006 1257; baseline -0.006 -12"><span class='ocrx_word' id='word_1_80' title='bbox 409 1195 473 1245; x_wconf 90' lang='lat' dir='ltr'>ut</span> <span class='ocrx_word' id='word_1_81' title='bbox 484 1193 745 1254; x_wconf 86' lang='lat' dir='ltr'>multum,</span> <span class='ocrx_word' id='word_1_82' title='bbox 765 1193 890 1253; x_wconf 87' lang='lat' dir='ltr'>tres,</span> <span class='ocrx_word' id='word_1_83' title='bbox 911 1193 962 1242; x_wconf 90' lang='lat' dir='ltr'>et</span> <span class='ocrx_word' id='word_1_84' title='bbox 971 1202 1074 1256; x_wconf 87' lang='lat' dir='ltr'>per</span> <span class='ocrx_word' id='word_1_85' title='bbox 1082 1191 1271 1257; x_wconf 83' lang='lat' dir='ltr'>partes</span> <span class='ocrx_word' id='word_1_86' title='bbox 1286 1202 1434 1240; x_wconf 87' lang='lat' dir='ltr'>unus</span> <span class='ocrx_word' id='word_1_87' title='bbox 1450 1180 1871 1254; x_wconf 81' lang='lat' dir='ltr'>interpretatur.</span> <span class='ocrx_word' id='word_1_88' title='bbox 1886 1182 2006 1237; x_wconf 91' lang='lat' dir='ltr'>Hoc</span> 
     </span>
    </p>
   </div>
   <div class='ocr_carea' id='block_1_14' title="bbox 412 1269 2008 1348">
    <p class='ocr_par' dir='ltr' id='par_1_14' title="bbox 412 1269 2008 1348">
     <span class='ocr_line' id='line_1_14' title="bbox 412 1269 2008 1348; baseline -0.005 -15"><span class='ocrx_word' id='word_1_89' title='bbox 412 1284 518 1346; x_wconf 91' lang='lat' dir='ltr'>est,</span> <span class='ocrx_word' id='word_1_90' title='bbox 549 1277 662 1333; x_wconf 91' lang='lat' dir='ltr'>duo</span> <span class='ocrx_word' id='word_1_91' title='bbox 691 1281 792 1333; x_wconf 90' lang='lat' dir='ltr'>aut</span> <span class='ocrx_word' id='word_1_92' title='bbox 813 1282 950 1344; x_wconf 88' lang='lat' dir='ltr'>tres,</span> <span class='ocrx_word' id='word_1_93' title='bbox 987 1276 1114 1348; x_wconf 85' lang='lat' dir='ltr'>plus</span> <span class='ocrx_word' id='word_1_94' title='bbox 1156 1290 1269 1329; x_wconf 90' lang='lat' dir='ltr'>non</span> <span class='ocrx_word' id='word_1_95' title='bbox 1306 1273 1515 1346; x_wconf 79' lang='lat' dir='ltr'>linguis</span> <span class='ocrx_word' id='word_1_96' title='bbox 1552 1273 1875 1344; x_wconf 90' lang='lat' dir='ltr'>loquantur,</span> <span class='ocrx_word' id='word_1_97' title='bbox 1908 1269 2008 1326; x_wconf 91' lang='lat' dir='ltr'>sed</span> 
     </span>
    </p>
   </div>
   <div class='ocr_carea' id='block_1_15' title="bbox 411 1361 2003 1438">
    <p class='ocr_par' dir='ltr' id='par_1_15' title="bbox 411 1361 2003 1438">
     <span class='ocr_line' id='line_1_15' title="bbox 411 1361 2003 1438; baseline -0.006 -15"><span class='ocrx_word' id='word_1_98' title='bbox 411 1367 641 1438; x_wconf 81' lang='lat' dir='ltr'>singuli,</span> <span class='ocrx_word' id='word_1_99' title='bbox 679 1383 794 1421; x_wconf 90' lang='lat' dir='ltr'>non</span> <span class='ocrx_word' id='word_1_100' title='bbox 829 1364 999 1421; x_wconf 88' lang='lat' dir='ltr'>simul</span> <span class='ocrx_word' id='word_1_101' title='bbox 1033 1380 1247 1432; x_wconf 88' lang='lat' dir='ltr'>omnes,</span> <span class='ocrx_word' id='word_1_102' title='bbox 1269 1379 1341 1418; x_wconf 92' lang='lat' dir='ltr'>ne</span> <span class='ocrx_word' id='word_1_103' title='bbox 1367 1361 1615 1418; x_wconf 86' lang='lat' dir='ltr'>insanire</span> <span class='ocrx_word' id='word_1_104' title='bbox 1641 1361 2003 1426; x_wconf 84' lang='lat' dir='ltr'>viderentur;</span> 
     </span>
    </p>
   </div>
   <div class='ocr_carea' id='block_1_16' title="bbox 410 1448 2009 1526">
    <p class='ocr_par' dir='ltr' id='par_1_16' title="bbox 410 1448 2009 1526">
     <span class='ocr_line' id='line_1_16' title="bbox 410 1448 2009 1526; baseline -0.005 -16"><span class='ocrx_word' id='word_1_105' title='bbox 410 1457 538 1512; x_wconf 90' lang='lat' dir='ltr'>ideo</span> <span class='ocrx_word' id='word_1_106' title='bbox 558 1471 691 1526; x_wconf 87' lang='lat' dir='ltr'>ergo</span> <span class='ocrx_word' id='word_1_107' title='bbox 711 1473 737 1507; x_wconf 82' lang='lat'>«</span> <span class='ocrx_word' id='word_1_108' title='bbox 755 1460 822 1510; x_wconf 89' lang='lat' dir='ltr'>ut</span> <span class='ocrx_word' id='word_1_109' title='bbox 831 1455 1093 1519; x_wconf 88' lang='lat' dir='ltr'>multum,</span> <span class='ocrx_word' id='word_1_110' title='bbox 1113 1457 1249 1519; x_wconf 90' lang='lat' dir='ltr'>tres,</span> <span class='ocrx_word' id='word_1_111' title='bbox 1271 1472 1297 1505; x_wconf 87' lang='grc'>››</span> <span class='ocrx_word' id='word_1_112' title='bbox 1315 1468 1388 1507; x_wconf 89' lang='lat' dir='ltr'>ne</span> <span class='ocrx_word' id='word_1_113' title='bbox 1397 1455 1736 1523; x_wconf 87' lang='lat' dir='ltr'>occuparent</span> <span class='ocrx_word' id='word_1_114' title='bbox 1744 1448 1896 1504; x_wconf 90' lang='lat' dir='ltr'>diem</span> <span class='ocrx_word' id='word_1_115' title='bbox 1904 1449 2009 1503; x_wconf 90' lang='lat' dir='ltr'>lin-</span> 
     </span>
    </p>
   </div>
   <div class='ocr_carea' id='block_1_17' title="bbox 410 1537 2004 1616">
    <p class='ocr_par' dir='ltr' id='par_1_17' title="bbox 410 1537 2004 1616">
     <span class='ocr_line' id='line_1_17' title="bbox 410 1537 2004 1616; baseline -0.005 -17"><span class='ocrx_word' id='word_1_116' title='bbox 410 1545 538 1616; x_wconf 83' lang='lat' dir='ltr'>guis</span> <span class='ocrx_word' id='word_1_117' title='bbox 555 1545 868 1616; x_wconf 86' lang='lat' dir='ltr'>loquentes,</span> <span class='ocrx_word' id='word_1_118' title='bbox 892 1548 951 1597; x_wconf 90' lang='lat' dir='ltr'>et</span> <span class='ocrx_word' id='word_1_119' title='bbox 968 1541 1306 1613; x_wconf 87' lang='lat' dir='ltr'>interpretes</span> <span class='ocrx_word' id='word_1_120' title='bbox 1331 1540 1558 1595; x_wconf 91' lang='lat' dir='ltr'>illorum</span> <span class='ocrx_word' id='word_1_121' title='bbox 1576 1556 1689 1594; x_wconf 91' lang='lat' dir='ltr'>non</span> <span class='ocrx_word' id='word_1_122' title='bbox 1711 1537 2004 1604; x_wconf 87' lang='lat' dir='ltr'>haberent,</span> 
     </span>
    </p>
   </div>
   <div class='ocr_carea' id='block_1_18' title="bbox 2085 472 3688 546">
    <p class='ocr_par' dir='ltr' id='par_1_18' title="bbox 2085 472 3688 546">
     <span class='ocr_line' id='line_1_18' title="bbox 2085 472 3688 546; baseline 0 -18"><span class='ocrx_word' id='word_1_123' title='bbox 2085 481 2213 529; x_wconf 89' lang='lat' dir='ltr'>rent</span> <span class='ocrx_word' id='word_1_124' title='bbox 2230 474 2430 545; x_wconf 86' lang='lat' dir='ltr'>magis,</span> <span class='ocrx_word' id='word_1_125' title='bbox 2462 473 2627 546; x_wconf 88' lang='lat' dir='ltr'>quasi</span> <span class='ocrx_word' id='word_1_126' title='bbox 2651 474 2990 546; x_wconf 88' lang='lat' dir='ltr'>acciperent,</span> <span class='ocrx_word' id='word_1_127' title='bbox 3015 472 3342 529; x_wconf 86' lang='lat' dir='ltr'>accedentes</span> <span class='ocrx_word' id='word_1_128' title='bbox 3361 473 3435 528; x_wconf 91' lang='lat' dir='ltr'>ad</span> <span class='ocrx_word' id='word_1_129' title='bbox 3465 473 3638 529; x_wconf 85' lang='lat' dir='ltr'>ﬁdem</span> <span class='ocrx_word' id='word_1_130' title='bbox 3673 491 3688 541; x_wconf 92' lang='lat'><strong>;</strong></span> 
     </span>
    </p>
   </div>
   <div class='ocr_carea' id='block_1_19' title="bbox 2085 562 3692 618">
    <p class='ocr_par' dir='ltr' id='par_1_19' title="bbox 2085 562 3692 618">
     <span class='ocr_line' id='line_1_19' title="bbox 2085 562 3692 618; baseline -0.001 0"><span class='ocrx_word' id='word_1_131' title='bbox 2085 562 2235 618; x_wconf 91' lang='lat' dir='ltr'>unde</span> <span class='ocrx_word' id='word_1_132' title='bbox 2251 563 2387 618; x_wconf 90' lang='lat' dir='ltr'>dicit</span> <span class='ocrx_word' id='word_1_133' title='bbox 2418 580 2430 616; x_wconf 90' lang='lat'><strong>:</strong></span> <span class='ocrx_word' id='word_1_134' title='bbox 2452 564 2567 617; x_wconf 81' lang='lat' dir='ltr'>Aut</span> <span class='ocrx_word' id='word_1_135' title='bbox 2589 565 2654 618; x_wconf 88' lang='lat' dir='ltr'>in</span> <span class='ocrx_word' id='word_1_136' title='bbox 2663 579 2754 618; x_wconf 81' lang='lat' dir='ltr'>vos</span> <span class='ocrx_word' id='word_1_137' title='bbox 2766 566 2904 618; x_wconf 87' lang='lat' dir='ltr'>solos</span> <span class='ocrx_word' id='word_1_138' title='bbox 2923 563 3139 617; x_wconf 76' lang='lat' dir='ltr'>devenit</span> <span class='ocrx_word' id='word_1_139' title='bbox 3156 563 3382 617; x_wconf 80' lang='lat' dir='ltr'>verbum</span> <span class='ocrx_word' id='word_1_140' title='bbox 3400 563 3501 618; x_wconf 85' lang='lat' dir='ltr'>Dei</span> <span class='ocrx_word' id='word_1_141' title='bbox 3514 567 3540 617; x_wconf 72' lang='lat'><em>7</em></span> <span class='ocrx_word' id='word_1_142' title='bbox 3558 562 3692 618; x_wconf 73' lang='lat' dir='ltr'>Otii-</span> 
     </span>
    </p>
   </div>
   <div class='ocr_carea' id='block_1_20' title="bbox 2084 649 3688 723">
    <p class='ocr_par' dir='ltr' id='par_1_20' title="bbox 2084 649 3688 723">
     <span class='ocr_line' id='line_1_20' title="bbox 2084 649 3688 723; baseline 0 -17"><span class='ocrx_word' id='word_1_143' title='bbox 2084 651 2174 707; x_wconf 90' lang='lat' dir='ltr'>nis</span> <span class='ocrx_word' id='word_1_144' title='bbox 2201 651 2353 707; x_wconf 89' lang='lat' dir='ltr'>enim</span> <span class='ocrx_word' id='word_1_145' title='bbox 2382 651 2477 723; x_wconf 89' lang='lat' dir='ltr'>qui</span> <span class='ocrx_word' id='word_1_146' title='bbox 2503 652 2623 706; x_wconf 86' lang='lat' dir='ltr'>vult</span> <span class='ocrx_word' id='word_1_147' title='bbox 2641 651 2854 723; x_wconf 89' lang='lat' dir='ltr'>aliquid</span> <span class='ocrx_word' id='word_1_148' title='bbox 2881 667 3090 718; x_wconf 89' lang='lat' dir='ltr'>emere,</span> <span class='ocrx_word' id='word_1_149' title='bbox 3124 650 3275 722; x_wconf 89' lang='lat' dir='ltr'>quod</span> <span class='ocrx_word' id='word_1_150' title='bbox 3315 649 3423 706; x_wconf 87' lang='lat' dir='ltr'>scit</span> <span class='ocrx_word' id='word_1_151' title='bbox 3455 649 3531 706; x_wconf 87' lang='lat' dir='ltr'>ab</span> <span class='ocrx_word' id='word_1_152' title='bbox 3559 650 3688 706; x_wconf 89' lang='lat' dir='ltr'>aliis</span> 
     </span>
    </p>
   </div>
   <div class='ocr_carea' id='block_1_21' title="bbox 2086 738 3686 812">
    <p class='ocr_par' dir='ltr' id='par_1_21' title="bbox 2086 738 3686 812">
     <span class='ocr_line' id='line_1_21' title="bbox 2086 738 3686 812; baseline -0.001 -17"><span class='ocrx_word' id='word_1_153' title='bbox 2086 756 2200 795; x_wconf 91' lang='lat' dir='ltr'>non</span> <span class='ocrx_word' id='word_1_154' title='bbox 2215 741 2446 812; x_wconf 90' lang='lat' dir='ltr'>requiri,</span> <span class='ocrx_word' id='word_1_155' title='bbox 2465 757 2595 795; x_wconf 92' lang='lat' dir='ltr'>cum</span> <span class='ocrx_word' id='word_1_156' title='bbox 2610 739 2854 812; x_wconf 88' lang='lat' dir='ltr'>quodam</span> <span class='ocrx_word' id='word_1_157' title='bbox 2866 738 3092 795; x_wconf 86' lang='lat' dir='ltr'>fastidio</span> <span class='ocrx_word' id='word_1_158' title='bbox 3111 739 3326 795; x_wconf 86' lang='lat' dir='ltr'>accedit</span> <span class='ocrx_word' id='word_1_159' title='bbox 3351 739 3423 795; x_wconf 84' lang='lat' dir='ltr'>ad</span> <span class='ocrx_word' id='word_1_160' title='bbox 3442 739 3686 812; x_wconf 89' lang='lat' dir='ltr'>emptio-</span> 
     </span>
    </p>
   </div>
   <div class='ocr_carea' id='block_1_22' title="bbox 2087 828 3690 900">
    <p class='ocr_par' dir='ltr' id='par_1_22' title="bbox 2087 828 3690 900">
     <span class='ocr_line' id='line_1_22' title="bbox 2087 828 3690 900; baseline 0 -16"><span class='ocrx_word' id='word_1_161' title='bbox 2087 845 2218 884; x_wconf 89' lang='lat' dir='ltr'>nem</span> <span class='ocrx_word' id='word_1_162' title='bbox 2261 829 2422 900; x_wconf 89' lang='lat' dir='ltr'>quasi</span> <span class='ocrx_word' id='word_1_163' title='bbox 2457 828 2793 883; x_wconf 89' lang='lat' dir='ltr'>beneﬁcium</span> <span class='ocrx_word' id='word_1_164' title='bbox 2830 828 3184 900; x_wconf 80' lang='lat' dir='ltr'>praestitums</span> <span class='ocrx_word' id='word_1_165' title='bbox 3220 828 3505 884; x_wconf 84' lang='lat' dir='ltr'>vendenti.</span> <span class='ocrx_word' id='word_1_166' title='bbox 3554 829 3690 884; x_wconf 83' lang='lat' dir='ltr'>Ideo</span> 
     </span>
    </p>
   </div>
   <div class='ocr_carea' id='block_1_23' title="bbox 2088 917 3690 990">
    <p class='ocr_par' dir='ltr' id='par_1_23' title="bbox 2088 917 3690 990">
     <span class='ocr_line' id='line_1_23' title="bbox 2088 917 3690 990; baseline 0 -19"><span class='ocrx_word' id='word_1_167' title='bbox 2088 917 2194 972; x_wconf 90' lang='lat' dir='ltr'>hoc</span> <span class='ocrx_word' id='word_1_168' title='bbox 2211 917 2513 989; x_wconf 86' lang='lat' dir='ltr'>Apostolus</span> <span class='ocrx_word' id='word_1_169' title='bbox 2531 917 2720 988; x_wconf 88' lang='lat' dir='ltr'>arguit</span> <span class='ocrx_word' id='word_1_170' title='bbox 2737 917 2798 972; x_wconf 92' lang='lat' dir='ltr'>in</span> <span class='ocrx_word' id='word_1_171' title='bbox 2827 917 3134 972; x_wconf 89' lang='lat' dir='ltr'>Corinthiis</span> <span class='ocrx_word' id='word_1_172' title='bbox 3162 917 3260 990; x_wconf 90' lang='lat' dir='ltr'>qui</span> <span class='ocrx_word' id='word_1_173' title='bbox 3293 918 3437 972; x_wconf 81' lang='lat' dir='ltr'>tales</span> <span class='ocrx_word' id='word_1_174' title='bbox 3466 934 3528 972; x_wconf 91' lang='lat' dir='ltr'>se</span> <span class='ocrx_word' id='word_1_175' title='bbox 3557 933 3690 988; x_wconf 89' lang='lat' dir='ltr'>pre-</span> 
     </span>
    </p>
   </div>
   <div class='ocr_carea' id='block_1_24' title="bbox 2088 1004 3694 1078">
    <p class='ocr_par' dir='ltr' id='par_1_24' title="bbox 2088 1004 3694 1078">
     <span class='ocr_line' id='line_1_24' title="bbox 2088 1004 3694 1078; baseline 0.001 -18"><span class='ocrx_word' id='word_1_176' title='bbox 2088 1005 2319 1061; x_wconf 89' lang='lat' dir='ltr'>mebant</span> <span class='ocrx_word' id='word_1_177' title='bbox 2335 1006 2577 1063; x_wconf 86' lang='lat' dir='ltr'>elatione</span> <span class='ocrx_word' id='word_1_178' title='bbox 2596 1006 2881 1073; x_wconf 80' lang='lat' dir='ltr'>vanitatis,</span> <span class='ocrx_word' id='word_1_179' title='bbox 2911 1005 3072 1077; x_wconf 88' lang='lat' dir='ltr'>quasi</span> <span class='ocrx_word' id='word_1_180' title='bbox 3109 1006 3239 1078; x_wconf 89' lang='lat' dir='ltr'>ipsi,</span> <span class='ocrx_word' id='word_1_181' title='bbox 3273 1005 3323 1060; x_wconf 90' lang='lat' dir='ltr'>si</span> <span class='ocrx_word' id='word_1_182' title='bbox 3355 1021 3471 1060; x_wconf 89' lang='lat' dir='ltr'>non</span> <span class='ocrx_word' id='word_1_183' title='bbox 3503 1004 3694 1061; x_wconf 85' lang='lat' dir='ltr'>obedi-</span> 
     </span>
    </p>
   </div>
   <div class='ocr_carea' id='block_1_25' title="bbox 2087 1094 3690 1167">
    <p class='ocr_par' dir='ltr' id='par_1_25' title="bbox 2087 1094 3690 1167">
     <span class='ocr_line' id='line_1_25' title="bbox 2087 1094 3690 1167; baseline 0.001 -19"><span class='ocrx_word' id='word_1_184' title='bbox 2087 1099 2217 1149; x_wconf 90' lang='lat' dir='ltr'>rent</span> <span class='ocrx_word' id='word_1_185' title='bbox 2241 1094 2424 1150; x_wconf 88' lang='lat' dir='ltr'>verbis</span> <span class='ocrx_word' id='word_1_186' title='bbox 2442 1095 2594 1162; x_wconf 85' lang='lat' dir='ltr'>ﬁdei,</span> <span class='ocrx_word' id='word_1_187' title='bbox 2627 1111 2794 1151; x_wconf 90' lang='lat' dir='ltr'>nemo</span> <span class='ocrx_word' id='word_1_188' title='bbox 2827 1099 2977 1150; x_wconf 89' lang='lat' dir='ltr'>esset</span> <span class='ocrx_word' id='word_1_189' title='bbox 2997 1095 3094 1167; x_wconf 91' lang='lat' dir='ltr'>qui</span> <span class='ocrx_word' id='word_1_190' title='bbox 3119 1095 3390 1160; x_wconf 85' lang='lat' dir='ltr'>crederet,</span> <span class='ocrx_word' id='word_1_191' title='bbox 3418 1094 3566 1150; x_wconf 87' lang='lat' dir='ltr'>sicut</span> <span class='ocrx_word' id='word_1_192' title='bbox 3599 1094 3690 1149; x_wconf 90' lang='lat' dir='ltr'>di-</span> 
     </span>
    </p>
   </div>
   <div class='ocr_carea' id='block_1_26' title="bbox 2086 1183 3693 1254">
    <p class='ocr_par' dir='ltr' id='par_1_26' title="bbox 2086 1183 3693 1254">
     <span class='ocr_line' id='line_1_26' title="bbox 2086 1183 3693 1254; baseline 0 -16"><span class='ocrx_word' id='word_1_193' title='bbox 2086 1183 2165 1238; x_wconf 90' lang='lat' dir='ltr'>cit</span> <span class='ocrx_word' id='word_1_194' title='bbox 2179 1183 2386 1239; x_wconf 67' lang='lat' dir='ltr'>Judazis</span> <span class='ocrx_word' id='word_1_195' title='bbox 2412 1201 2424 1237; x_wconf 90' lang='lat'><strong>:</strong></span> <span class='ocrx_word' id='word_1_196' title='bbox 2460 1185 2607 1238; x_wconf 86' lang='lat' dir='ltr'>Vobis</span> <span class='ocrx_word' id='word_1_197' title='bbox 2628 1187 2887 1254; x_wconf 88' lang='lat' dir='ltr'>primum</span> <span class='ocrx_word' id='word_1_198' title='bbox 2912 1184 3187 1254; x_wconf 77' lang='lat' dir='ltr'>oportebat</span> <span class='ocrx_word' id='word_1_199' title='bbox 3216 1187 3372 1254; x_wconf 89' lang='lat' dir='ltr'>loqui</span> <span class='ocrx_word' id='word_1_200' title='bbox 3387 1184 3551 1238; x_wconf 84' lang='lat' dir='ltr'>verba</span> <span class='ocrx_word' id='word_1_201' title='bbox 3565 1187 3693 1238; x_wconf 60' lang='lat' dir='ltr'>vita</span> 
     </span>
    </p>
   </div>
   <div class='ocr_carea' id='block_1_27' title="bbox 2088 1273 3691 1343">
    <p class='ocr_par' dir='ltr' id='par_1_27' title="bbox 2088 1273 3691 1343">
     <span class='ocr_line' id='line_1_27' title="bbox 2088 1273 3691 1343; baseline 0 -17"><span class='ocrx_word' id='word_1_202' title='bbox 2088 1273 2273 1341; x_wconf 81' lang='lat' dir='ltr'>hujus,</span> <span class='ocrx_word' id='word_1_203' title='bbox 2313 1273 2406 1327; x_wconf 88' lang='lat' dir='ltr'>sed</span> <span class='ocrx_word' id='word_1_204' title='bbox 2443 1274 2580 1341; x_wconf 84' lang='lat' dir='ltr'>quia</span> <span class='ocrx_word' id='word_1_205' title='bbox 2616 1274 2902 1343; x_wconf 85' lang='lat' dir='ltr'>repulistis</span> <span class='ocrx_word' id='word_1_206' title='bbox 2930 1288 2994 1327; x_wconf 88' lang='lat' dir='ltr'>ea</span> <span class='ocrx_word' id='word_1_207' title='bbox 3022 1274 3282 1342; x_wconf 87' lang='lat' dir='ltr'>indignos</span> <span class='ocrx_word' id='word_1_208' title='bbox 3307 1289 3398 1327; x_wconf 81' lang='lat' dir='ltr'>vos</span> <span class='ocrx_word' id='word_1_209' title='bbox 3425 1273 3691 1341; x_wconf 83' lang='lat' dir='ltr'>facientes</span> 
     </span>
    </p>
   </div>
   <div class='ocr_carea' id='block_1_28' title="bbox 2087 1359 3687 1434">
    <p class='ocr_par' dir='ltr' id='par_1_28' title="bbox 2087 1359 3687 1434">
     <span class='ocr_line' id='line_1_28' title="bbox 2087 1359 3687 1434; baseline -0.001 -19"><span class='ocrx_word' id='word_1_210' title='bbox 2087 1365 2300 1416; x_wconf 71' lang='lat' dir='ltr'>zternae</span> <span class='ocrx_word' id='word_1_211' title='bbox 2346 1364 2485 1426; x_wconf 68' lang='lat' dir='ltr'>vitae,</span> <span class='ocrx_word' id='word_1_212' title='bbox 2527 1377 2639 1417; x_wconf 87' lang='lat' dir='ltr'>ecce</span> <span class='ocrx_word' id='word_1_213' title='bbox 2674 1363 3043 1417; x_wconf 86' lang='lat' dir='ltr'>convertimus</span> <span class='ocrx_word' id='word_1_214' title='bbox 3082 1377 3179 1416; x_wconf 89' lang='lat' dir='ltr'>nos</span> <span class='ocrx_word' id='word_1_215' title='bbox 3209 1362 3286 1416; x_wconf 89' lang='lat' dir='ltr'>ad</span> <span class='ocrx_word' id='word_1_216' title='bbox 3310 1366 3494 1430; x_wconf 88' lang='lat' dir='ltr'>gentes</span> <span class='ocrx_word' id='word_1_217' title='bbox 3535 1359 3687 1434; x_wconf 78' lang='lat' dir='ltr'>(Act.</span> 
     </span>
    </p>
   </div>
   <div class='ocr_carea' id='block_1_29' title="bbox 2090 1452 2231 1519">
    <p class='ocr_par' dir='ltr' id='par_1_29' title="bbox 2090 1452 2231 1519">
     <span class='ocr_line' id='line_1_29' title="bbox 2090 1452 2231 1519; baseline -0.014 -15"><span class='ocrx_word' id='word_1_218' title='bbox 2090 1452 2208 1519; x_wconf 80' lang='lat' dir='ltr'>xm)</span> <span class='ocrx_word' id='word_1_219' title='bbox 2219 1489 2231 1502; x_wconf 96' lang='lat'>.</span> 
     </span>
    </p>
   </div>
   <div class='ocr_carea' id='block_1_30' title="bbox 2160 1537 3696 1609">
    <p class='ocr_par' dir='ltr' id='par_1_30' title="bbox 2160 1537 3696 1609">
     <span class='ocr_line' id='line_1_30' title="bbox 2160 1537 3696 1609; baseline 0.001 -16"><span class='ocrx_word' id='word_1_220' title='bbox 2160 1537 2226 1594; x_wconf 95' lang='lat' dir='ltr'>Si</span> <span class='ocrx_word' id='word_1_221' title='bbox 2250 1541 2376 1607; x_wconf 90' lang='lat' dir='ltr'>quis</span> <span class='ocrx_word' id='word_1_222' title='bbox 2394 1539 2614 1592; x_wconf 85' lang='lat' dir='ltr'>videtur</span> <span class='ocrx_word' id='word_1_223' title='bbox 2635 1539 2900 1608; x_wconf 80' lang='lat' dir='ltr'>propheta</span> <span class='ocrx_word' id='word_1_224' title='bbox 2919 1555 3042 1605; x_wconf 89' lang='lat' dir='ltr'>esse,</span> <span class='ocrx_word' id='word_1_225' title='bbox 3065 1543 3169 1593; x_wconf 88' lang='lat' dir='ltr'>aut</span> <span class='ocrx_word' id='word_1_226' title='bbox 3188 1541 3486 1609; x_wconf 78' lang='lat' dir='ltr'>spiritalis,</span> <span class='ocrx_word' id='word_1_227' title='bbox 3502 1555 3696 1608; x_wconf 90' lang='lat' dir='ltr'>cogno-</span> 
     </span>
    </p>
   </div>
   <div class='ocr_carea' id='block_1_31' title="bbox 413 1625 3689 1704">
    <p class='ocr_par' dir='ltr' id='par_1_31' title="bbox 413 1625 3689 1704">
     <span class='ocr_line' id='line_1_31' title="bbox 413 1625 3689 1704; baseline -0.002 -16"><span class='ocrx_word' id='word_1_228' title='bbox 413 1638 584 1704; x_wconf 90' lang='lat' dir='ltr'>atque</span> <span class='ocrx_word' id='word_1_229' title='bbox 613 1632 901 1704; x_wconf 69' lang='lat' dir='ltr'>prophetas</span> <span class='ocrx_word' id='word_1_230' title='bbox 929 1636 1156 1702; x_wconf 82' lang='lat' dir='ltr'>tempus</span> <span class='ocrx_word' id='word_1_231' title='bbox 1194 1629 1511 1700; x_wconf 89' lang='lat' dir='ltr'>Scripturas</span> <span class='ocrx_word' id='word_1_232' title='bbox 1537 1626 1870 1693; x_wconf 89' lang='lat' dir='ltr'>disserendi,</span> <span class='ocrx_word' id='word_1_233' title='bbox 1913 1625 2011 1698; x_wconf 88' lang='lat' dir='ltr'>qui</span> <span class='ocrx_word' id='word_1_234' title='bbox 2031 1695 2072 1704; x_wconf 85' lang='lat'><strong><em>_</em></strong></span> <span class='ocrx_word' id='word_1_235' title='bbox 2090 1631 2206 1681; x_wconf 84' lang='lat' dir='ltr'>seat</span> <span class='ocrx_word' id='word_1_236' title='bbox 2230 1641 2350 1696; x_wconf 68' lang='lat' dir='ltr'>quas</span> <span class='ocrx_word' id='word_1_237' title='bbox 2382 1627 2560 1683; x_wconf 88' lang='lat' dir='ltr'>scribo</span> <span class='ocrx_word' id='word_1_238' title='bbox 2605 1627 2768 1693; x_wconf 85' lang='lat' dir='ltr'>vobis,</span> <span class='ocrx_word' id='word_1_239' title='bbox 2798 1630 2935 1696; x_wconf 86' lang='lat' dir='ltr'>quia</span> <span class='ocrx_word' id='word_1_240' title='bbox 2974 1629 3204 1683; x_wconf 81' lang='lat' dir='ltr'>Domini</span> <span class='ocrx_word' id='word_1_241' title='bbox 3230 1633 3365 1683; x_wconf 89' lang='lat' dir='ltr'>sunt</span> <span class='ocrx_word' id='word_1_242' title='bbox 3397 1629 3689 1683; x_wconf 84' lang='lat' dir='ltr'>mandata.</span> 
     </span>
    </p>
   </div>
   <div class='ocr_carea' id='block_1_32' title="bbox 413 1695 3696 1788">
    <p class='ocr_par' dir='ltr' id='par_1_32' title="bbox 413 1695 3696 1788">
     <span class='ocr_line' id='line_1_32' title="bbox 413 1695 3696 1788; baseline -0.002 -11"><span class='ocrx_word' id='word_1_243' title='bbox 413 1695 547 1778; x_wconf 78' lang='lat' dir='ltr'>sunt</span> <span class='ocrx_word' id='word_1_244' title='bbox 586 1695 762 1776; x_wconf 68' lang='lat' dir='ltr'>tbtius</span> <span class='ocrx_word' id='word_1_245' title='bbox 807 1695 1070 1776; x_wconf 67' lang='lat' dir='ltr'>Ecclesiae</span> <span class='ocrx_word' id='word_1_246' title='bbox 1094 1695 1526 1774; x_wconf 76' lang='lat' dir='ltr'>illuminatores.</span> <span class='ocrx_word' id='word_1_247' title='bbox 1571 1716 1637 1773; x_wconf 86' lang='lat' dir='ltr'>Si</span> <span class='ocrx_word' id='word_1_248' title='bbox 1667 1721 1854 1771; x_wconf 88' lang='lat' dir='ltr'>autem</span> <span class='ocrx_word' id='word_1_249' title='bbox 1899 1695 2012 1769; x_wconf 71' lang='lat' dir='ltr'>non</span> <span class='ocrx_word' id='word_1_250' title='bbox 2031 1695 2078 1760; x_wconf 79' lang='grc' dir='ltr'><strong>Β</strong></span> <span class='ocrx_word' id='word_1_251' title='bbox 2096 1714 2215 1769; x_wconf 90' lang='lat' dir='ltr'>Hoc</span> <span class='ocrx_word' id='word_1_252' title='bbox 2232 1695 2442 1782; x_wconf 90' lang='lat' dir='ltr'>dicens,</span> <span class='ocrx_word' id='word_1_253' title='bbox 2476 1715 2662 1787; x_wconf 87' lang='lat' dir='ltr'>tangit</span> <span class='ocrx_word' id='word_1_254' title='bbox 2686 1695 2860 1787; x_wconf 79' lang='lat' dir='ltr'>supra</span> <span class='ocrx_word' id='word_1_255' title='bbox 2894 1721 3236 1771; x_wconf 90' lang='lat' dir='ltr'>memoratos</span> <span class='ocrx_word' id='word_1_256' title='bbox 3262 1716 3433 1772; x_wconf 90' lang='lat' dir='ltr'>falsos</span> <span class='ocrx_word' id='word_1_257' title='bbox 3461 1723 3696 1788; x_wconf 87' lang='lat' dir='ltr'>aposto-</span> 
     </span>
    </p>
   </div>
   <div class='ocr_carea' id='block_1_33' title="bbox 413 1803 3694 1879">
    <p class='ocr_par' dir='ltr' id='par_1_33' title="bbox 413 1803 3694 1879">
     <span class='ocr_line' id='line_1_33' title="bbox 413 1803 3694 1879; baseline -0.002 -14"><span class='ocrx_word' id='word_1_258' title='bbox 413 1812 589 1879; x_wconf 80' lang='lat' dir='ltr'>fuerit</span> <span class='ocrx_word' id='word_1_259' title='bbox 617 1812 908 1879; x_wconf 80' lang='lat' dir='ltr'>interpres,</span> <span class='ocrx_word' id='word_1_260' title='bbox 941 1812 1113 1863; x_wconf 86' lang='lat' dir='ltr'>taceat</span> <span class='ocrx_word' id='word_1_261' title='bbox 1133 1810 1198 1862; x_wconf 87' lang='lat' dir='ltr'>in</span> <span class='ocrx_word' id='word_1_262' title='bbox 1217 1805 1474 1871; x_wconf 82' lang='lat' dir='ltr'>Ecclesia,</span> <span class='ocrx_word' id='word_1_263' title='bbox 1495 1806 1604 1860; x_wconf 88' lang='lat' dir='ltr'>sibi</span> <span class='ocrx_word' id='word_1_264' title='bbox 1619 1811 1808 1860; x_wconf 85' lang='lat' dir='ltr'>autem</span> <span class='ocrx_word' id='word_1_265' title='bbox 1826 1807 2012 1873; x_wconf 87' lang='lat' dir='ltr'>loqua-</span> <span class='ocrx_word' id='word_1_266' title='bbox 2090 1804 2176 1858; x_wconf 91' lang='lat' dir='ltr'>los</span> <span class='ocrx_word' id='word_1_267' title='bbox 2203 1820 2240 1858; x_wconf 89' lang='lat' dir='ltr'>a</span> <span class='ocrx_word' id='word_1_268' title='bbox 2280 1803 2481 1875; x_wconf 91' lang='lat' dir='ltr'>quibus</span> <span class='ocrx_word' id='word_1_269' title='bbox 2509 1803 2738 1859; x_wconf 85' lang='lat' dir='ltr'>fuerant</span> <span class='ocrx_word' id='word_1_270' title='bbox 2780 1804 3088 1876; x_wconf 90' lang='lat' dir='ltr'>depravati,</span> <span class='ocrx_word' id='word_1_271' title='bbox 3128 1805 3224 1876; x_wconf 89' lang='lat' dir='ltr'>qui</span> <span class='ocrx_word' id='word_1_272' title='bbox 3261 1820 3362 1876; x_wconf 89' lang='lat' dir='ltr'>pro</span> <span class='ocrx_word' id='word_1_273' title='bbox 3395 1804 3694 1860; x_wconf 89' lang='lat' dir='ltr'>desideriis</span> 
     </span>
    </p>
   </div>
   <div class='ocr_carea' id='block_1_34' title="bbox 291 1891 3695 1964">
    <p class='ocr_par' dir='ltr' id='par_1_34' title="bbox 291 1891 3695 1964">
     <span class='ocr_line' id='line_1_34' title="bbox 291 1891 3695 1964; baseline -0.001 -12"><span class='ocrx_word' id='word_1_274' title='bbox 291 1909 303 1917; x_wconf 83' lang='lat'><em>‘</em></span> <span class='ocrx_word' id='word_1_275' title='bbox 417 1904 513 1952; x_wconf 85' lang='lat' dir='ltr'>tur</span> <span class='ocrx_word' id='word_1_276' title='bbox 541 1903 590 1953; x_wconf 87' lang='lat' dir='ltr'>et</span> <span class='ocrx_word' id='word_1_277' title='bbox 618 1899 740 1953; x_wconf 86' lang='lat' dir='ltr'>Deo.</span> <span class='ocrx_word' id='word_1_278' title='bbox 767 1897 886 1952; x_wconf 84' lang='lat' dir='ltr'>Hoc</span> <span class='ocrx_word' id='word_1_279' title='bbox 911 1902 1016 1964; x_wconf 89' lang='lat' dir='ltr'>est,</span> <span class='ocrx_word' id='word_1_280' title='bbox 1046 1895 1200 1952; x_wconf 89' lang='lat' dir='ltr'>intra</span> <span class='ocrx_word' id='word_1_281' title='bbox 1229 1912 1290 1950; x_wconf 89' lang='lat' dir='ltr'>se</span> <span class='ocrx_word' id='word_1_282' title='bbox 1325 1894 1496 1949; x_wconf 88' lang='lat' dir='ltr'>tacite</span> <span class='ocrx_word' id='word_1_283' title='bbox 1529 1899 1670 1960; x_wconf 90' lang='lat' dir='ltr'>oret,</span> <span class='ocrx_word' id='word_1_284' title='bbox 1701 1897 1802 1948; x_wconf 92' lang='lat' dir='ltr'>aut</span> <span class='ocrx_word' id='word_1_285' title='bbox 1820 1893 2013 1963; x_wconf 82' lang='lat' dir='ltr'>loqua-</span> <span class='ocrx_word' id='word_1_286' title='bbox 2092 1891 2387 1946; x_wconf 89' lang='lat' dir='ltr'>hominum</span> <span class='ocrx_word' id='word_1_287' title='bbox 2429 1909 2543 1947; x_wconf 90' lang='lat' dir='ltr'>non</span> <span class='ocrx_word' id='word_1_288' title='bbox 2585 1891 2792 1960; x_wconf 89' lang='lat' dir='ltr'>divina,</span> <span class='ocrx_word' id='word_1_289' title='bbox 2827 1893 2928 1948; x_wconf 89' lang='lat' dir='ltr'>sed</span> <span class='ocrx_word' id='word_1_290' title='bbox 2956 1897 3188 1948; x_wconf 87' lang='lat' dir='ltr'>terrena</span> <span class='ocrx_word' id='word_1_291' title='bbox 3223 1892 3516 1948; x_wconf 89' lang='lat' dir='ltr'>docebant.</span> <span class='ocrx_word' id='word_1_292' title='bbox 3558 1893 3695 1949; x_wconf 90' lang='lat' dir='ltr'>Ideo</span> 
     </span>
    </p>
   </div>
   <div class='ocr_carea' id='block_1_35' title="bbox 326 2335 2014 2413">
    <p class='ocr_par' dir='ltr' id='par_1_35' title="bbox 326 2335 2014 2413">
     <span class='ocr_line' id='line_1_35' title="bbox 326 2335 2014 2413; baseline -0.005 -16"><span class='ocrx_word' id='word_1_293' title='bbox 326 2336 346 2349; x_wconf 65' lang='grc'>⁸</span> <span class='ocrx_word' id='word_1_294' title='bbox 415 2342 561 2397; x_wconf 90' lang='lat' dir='ltr'>sicut</span> <span class='ocrx_word' id='word_1_295' title='bbox 579 2357 770 2413; x_wconf 89' lang='lat' dir='ltr'>supra,</span> <span class='ocrx_word' id='word_1_296' title='bbox 801 2346 1032 2396; x_wconf 67' lang='lat' dir='ltr'>caeteros</span> <span class='ocrx_word' id='word_1_297' title='bbox 1052 2343 1244 2394; x_wconf 87' lang='lat' dir='ltr'>autem</span> <span class='ocrx_word' id='word_1_298' title='bbox 1274 2337 1626 2408; x_wconf 84' lang='lat' dir='ltr'>interrogare</span> <span class='ocrx_word' id='word_1_299' title='bbox 1653 2335 1913 2408; x_wconf 86' lang='lat' dir='ltr'>permisit</span> <span class='ocrx_word' id='word_1_300' title='bbox 1944 2335 2014 2390; x_wconf 87' lang='lat' dir='ltr'>de</span> 
     </span>
    </p>
   </div>
   <div class='ocr_carea' id='block_1_36' title="bbox 413 1980 3699 2058">
    <p class='ocr_par' dir='ltr' id='par_1_36' title="bbox 413 1980 3699 2058">
     <span class='ocr_line' id='line_1_36' title="bbox 413 1980 3699 2058; baseline -0.001 -16"><span class='ocrx_word' id='word_1_301' title='bbox 413 1992 510 2043; x_wconf 90' lang='lat' dir='ltr'>tur</span> <span class='ocrx_word' id='word_1_302' title='bbox 535 1987 671 2053; x_wconf 88' lang='lat' dir='ltr'>Deo,</span> <span class='ocrx_word' id='word_1_303' title='bbox 707 1984 804 2058; x_wconf 90' lang='lat' dir='ltr'>qui</span> <span class='ocrx_word' id='word_1_304' title='bbox 842 1985 1003 2041; x_wconf 89' lang='lat' dir='ltr'>audit</span> <span class='ocrx_word' id='word_1_305' title='bbox 1028 1989 1190 2039; x_wconf 90' lang='lat' dir='ltr'>muta</span> <span class='ocrx_word' id='word_1_306' title='bbox 1220 1983 1414 2038; x_wconf 85' lang='lat' dir='ltr'>omnia</span> <span class='ocrx_word' id='word_1_307' title='bbox 1443 2001 1455 2036; x_wconf 92' lang='lat'><strong>:</strong></span> <span class='ocrx_word' id='word_1_308' title='bbox 1496 1982 1557 2036; x_wconf 89' lang='lat' dir='ltr'>in</span> <span class='ocrx_word' id='word_1_309' title='bbox 1584 1981 1832 2037; x_wconf 88' lang='lat' dir='ltr'>Ecclesia</span> <span class='ocrx_word' id='word_1_310' title='bbox 1859 1980 2011 2035; x_wconf 90' lang='lat' dir='ltr'>enim</span> <span class='ocrx_word' id='word_1_311' title='bbox 2092 1980 2236 2036; x_wconf 85' lang='lat' dir='ltr'>nihil</span> <span class='ocrx_word' id='word_1_312' title='bbox 2258 1997 2425 2037; x_wconf 90' lang='lat' dir='ltr'>suum</span> <span class='ocrx_word' id='word_1_313' title='bbox 2455 1982 2681 2037; x_wconf 88' lang='lat' dir='ltr'>tradere</span> <span class='ocrx_word' id='word_1_314' title='bbox 2713 1999 2774 2037; x_wconf 88' lang='lat' dir='ltr'>se</span> <span class='ocrx_word' id='word_1_315' title='bbox 2802 1982 2957 2049; x_wconf 91' lang='lat' dir='ltr'>dicit,</span> <span class='ocrx_word' id='word_1_316' title='bbox 2987 1982 3086 2036; x_wconf 90' lang='lat' dir='ltr'>sed</span> <span class='ocrx_word' id='word_1_317' title='bbox 3115 1981 3362 2049; x_wconf 90' lang='lat' dir='ltr'>Domini,</span> <span class='ocrx_word' id='word_1_318' title='bbox 3398 1987 3464 2038; x_wconf 90' lang='lat' dir='ltr'>ut</span> <span class='ocrx_word' id='word_1_319' title='bbox 3491 1982 3699 2055; x_wconf 89' lang='lat' dir='ltr'>quibus</span> 
     </span>
    </p>
   </div>
   <div class='ocr_carea' id='block_1_37' title="bbox 414 2058 3693 2146">
    <p class='ocr_par' dir='ltr' id='par_1_37' title="bbox 414 2058 3693 2146">
     <span class='ocr_line' id='line_1_37' title="bbox 414 2058 3693 2146; baseline -0.001 -16"><span class='ocrx_word' id='word_1_320' title='bbox 414 2076 509 2131; x_wconf 89' lang='lat' dir='ltr'>ille</span> <span class='ocrx_word' id='word_1_321' title='bbox 531 2074 699 2130; x_wconf 89' lang='lat' dir='ltr'>debet</span> <span class='ocrx_word' id='word_1_322' title='bbox 728 2074 901 2146; x_wconf 89' lang='lat' dir='ltr'>loqui,</span> <span class='ocrx_word' id='word_1_323' title='bbox 943 2073 1040 2145; x_wconf 87' lang='lat' dir='ltr'>qui</span> <span class='ocrx_word' id='word_1_324' title='bbox 1078 2071 1338 2128; x_wconf 89' lang='lat' dir='ltr'>omnibus</span> <span class='ocrx_word' id='word_1_325' title='bbox 1383 2070 1580 2142; x_wconf 89' lang='lat' dir='ltr'>prosit.</span> <span class='ocrx_word' id='word_1_326' title='bbox 1612 2071 1887 2140; x_wconf 64' lang='lat' dir='ltr'>Propheta</span> <span class='ocrx_word' id='word_1_327' title='bbox 1904 2070 2013 2124; x_wconf 90' lang='lat' dir='ltr'>duo</span> <span class='ocrx_word' id='word_1_328' title='bbox 2093 2070 2312 2135; x_wconf 85' lang='lat' dir='ltr'>suadet,</span> <span class='ocrx_word' id='word_1_329' title='bbox 2347 2070 2464 2126; x_wconf 90' lang='lat' dir='ltr'>Deo</span> <span class='ocrx_word' id='word_1_330' title='bbox 2515 2070 2795 2143; x_wconf 89' lang='lat' dir='ltr'>acquisiti,</span> <span class='ocrx_word' id='word_1_331' title='bbox 2843 2088 2957 2126; x_wconf 90' lang='lat' dir='ltr'>non</span> <span class='ocrx_word' id='word_1_332' title='bbox 3003 2058 3327 2127; x_wconf 71' lang='lat' dir='ltr'>hominibus</span> <span class='ocrx_word' id='word_1_333' title='bbox 3375 2071 3693 2139; x_wconf 89' lang='lat' dir='ltr'>videantur,</span> 
     </span>
    </p>
   </div>
   <div class='ocr_carea' id='block_1_38' title="bbox 413 2157 3699 2231">
    <p class='ocr_par' dir='ltr' id='par_1_38' title="bbox 413 2157 3699 2231">
     <span class='ocr_line' id='line_1_38' title="bbox 413 2157 3699 2231; baseline -0.001 -12"><span class='ocrx_word' id='word_1_334' title='bbox 413 2169 518 2220; x_wconf 84' lang='lat' dir='ltr'>aut</span> <span class='ocrx_word' id='word_1_335' title='bbox 544 2169 652 2218; x_wconf 86' lang='lat' dir='ltr'>tres</span> <span class='ocrx_word' id='word_1_336' title='bbox 679 2165 869 2218; x_wconf 82' lang='lat' dir='ltr'>dicant</span> <span class='ocrx_word' id='word_1_337' title='bbox 890 2168 941 2217; x_wconf 90' lang='lat' dir='ltr'>et</span> <span class='ocrx_word' id='word_1_338' title='bbox 965 2164 1074 2217; x_wconf 87' lang='lat' dir='ltr'>alii</span> <span class='ocrx_word' id='word_1_339' title='bbox 1100 2162 1427 2230; x_wconf 75' lang='lat' dir='ltr'>diiudicent.</span> <span class='ocrx_word' id='word_1_340' title='bbox 1459 2161 1652 2231; x_wconf 90' lang='lat' dir='ltr'>Ipsum</span> <span class='ocrx_word' id='word_1_341' title='bbox 1679 2157 1909 2214; x_wconf 90' lang='lat' dir='ltr'>modum</span> <span class='ocrx_word' id='word_1_342' title='bbox 1932 2162 2015 2211; x_wconf 88' lang='lat' dir='ltr'>te-</span> <span class='ocrx_word' id='word_1_343' title='bbox 2095 2175 2208 2230; x_wconf 87' lang='lat' dir='ltr'>qua</span> <span class='ocrx_word' id='word_1_344' title='bbox 2232 2158 2438 2214; x_wconf 88' lang='lat' dir='ltr'>ﬁducia</span> <span class='ocrx_word' id='word_1_345' title='bbox 2463 2163 2523 2214; x_wconf 90' lang='lat' dir='ltr'>et</span> <span class='ocrx_word' id='word_1_346' title='bbox 2546 2164 2868 2214; x_wconf 85' lang='lat' dir='ltr'>constanter</span> <span class='ocrx_word' id='word_1_347' title='bbox 2897 2159 3180 2231; x_wconf 70' lang='lat' dir='ltr'>praedicat,</span> <span class='ocrx_word' id='word_1_348' title='bbox 3216 2159 3454 2215; x_wconf 89' lang='lat' dir='ltr'>liberam</span> <span class='ocrx_word' id='word_1_349' title='bbox 3482 2159 3699 2216; x_wconf 87' lang='lat' dir='ltr'>habens</span> 
     </span>
    </p>
   </div>
   <div class='ocr_carea' id='block_1_39' title="bbox 414 2247 3699 2321">
    <p class='ocr_par' dir='ltr' id='par_1_39' title="bbox 414 2247 3699 2321">
     <span class='ocr_line' id='line_1_39' title="bbox 414 2247 3699 2321; baseline -0.001 -13"><span class='ocrx_word' id='word_1_350' title='bbox 414 2253 544 2308; x_wconf 90' lang='lat' dir='ltr'>nuit</span> <span class='ocrx_word' id='word_1_351' title='bbox 559 2251 820 2307; x_wconf 88' lang='lat' dir='ltr'>dicendo:</span> <span class='ocrx_word' id='word_1_352' title='bbox 837 2251 962 2306; x_wconf 92' lang='lat' dir='ltr'>Duo</span> <span class='ocrx_word' id='word_1_353' title='bbox 975 2255 1075 2305; x_wconf 89' lang='lat' dir='ltr'>aut</span> <span class='ocrx_word' id='word_1_354' title='bbox 1090 2254 1206 2304; x_wconf 90' lang='lat' dir='ltr'>tres</span> <span class='ocrx_word' id='word_1_355' title='bbox 1223 2250 1547 2321; x_wconf 90' lang='lat' dir='ltr'>loquantur,</span> <span class='ocrx_word' id='word_1_356' title='bbox 1565 2267 1592 2301; x_wconf 86' lang='grc'><strong>››</strong></span> <span class='ocrx_word' id='word_1_357' title='bbox 1604 2247 1813 2319; x_wconf 88' lang='lat' dir='ltr'>singuli</span> <span class='ocrx_word' id='word_1_358' title='bbox 1823 2251 2014 2301; x_wconf 85' lang='lat' dir='ltr'>autem</span> <span class='ocrx_word' id='word_1_359' title='bbox 2092 2247 2514 2313; x_wconf 89' lang='lat' dir='ltr'>conscientiam,</span> <span class='ocrx_word' id='word_1_360' title='bbox 2547 2247 2681 2319; x_wconf 89' lang='lat' dir='ltr'>quia</span> <span class='ocrx_word' id='word_1_361' title='bbox 2702 2265 2817 2303; x_wconf 90' lang='lat' dir='ltr'>non</span> <span class='ocrx_word' id='word_1_362' title='bbox 2835 2247 3158 2304; x_wconf 87' lang='lat' dir='ltr'>hominibus</span> <span class='ocrx_word' id='word_1_363' title='bbox 3187 2249 3406 2321; x_wconf 88' lang='lat' dir='ltr'>placere</span> <span class='ocrx_word' id='word_1_364' title='bbox 3425 2249 3562 2317; x_wconf 88' lang='lat' dir='ltr'>vult,</span> <span class='ocrx_word' id='word_1_365' title='bbox 3595 2249 3699 2304; x_wconf 91' lang='lat' dir='ltr'>sed</span> 
     </span>
    </p>
   </div>
   <div class='ocr_carea' id='block_1_40' title="bbox 2094 2335 3696 2408">
    <p class='ocr_par' dir='ltr' id='par_1_40' title="bbox 2094 2335 3696 2408">
     <span class='ocr_line' id='line_1_40' title="bbox 2094 2335 3696 2408; baseline 0.001 -18"><span class='ocrx_word' id='word_1_366' title='bbox 2094 2335 2243 2404; x_wconf 91' lang='lat' dir='ltr'>Deo;</span> <span class='ocrx_word' id='word_1_367' title='bbox 2268 2335 2419 2390; x_wconf 90' lang='lat' dir='ltr'>unde</span> <span class='ocrx_word' id='word_1_368' title='bbox 2444 2335 2830 2408; x_wconf 89' lang='lat' dir='ltr'>peccatoribus</span> <span class='ocrx_word' id='word_1_369' title='bbox 2858 2353 2971 2392; x_wconf 90' lang='lat' dir='ltr'>non</span> <span class='ocrx_word' id='word_1_370' title='bbox 3002 2335 3290 2392; x_wconf 86' lang='lat' dir='ltr'>blanditur</span> <span class='ocrx_word' id='word_1_371' title='bbox 3327 2342 3395 2392; x_wconf 89' lang='lat' dir='ltr'>ut</span> <span class='ocrx_word' id='word_1_372' title='bbox 3418 2344 3696 2403; x_wconf 86' lang='lat' dir='ltr'>crescant,</span> 
     </span>
    </p>
   </div>
   <div class='ocr_carea' id='block_1_41' title="bbox 415 2423 3697 2502">
    <p class='ocr_par' dir='ltr' id='par_1_41' title="bbox 415 2423 3697 2502">
     <span class='ocr_line' id='line_1_41' title="bbox 415 2423 3697 2502; baseline -0.001 -16"><span class='ocrx_word' id='word_1_373' title='bbox 415 2429 505 2485; x_wconf 87' lang='lat' dir='ltr'>his</span> <span class='ocrx_word' id='word_1_374' title='bbox 541 2446 664 2502; x_wconf 83' lang='lat' dir='ltr'>quae</span> <span class='ocrx_word' id='word_1_375' title='bbox 692 2429 834 2485; x_wconf 89' lang='lat' dir='ltr'>forte</span> <span class='ocrx_word' id='word_1_376' title='bbox 866 2428 928 2484; x_wconf 93' lang='lat' dir='ltr'>in</span> <span class='ocrx_word' id='word_1_377' title='bbox 958 2426 1238 2498; x_wconf 89' lang='lat' dir='ltr'>ambiguis</span> <span class='ocrx_word' id='word_1_378' title='bbox 1263 2426 1516 2493; x_wconf 88' lang='lat' dir='ltr'>veniunt,</span> <span class='ocrx_word' id='word_1_379' title='bbox 1566 2430 1668 2480; x_wconf 88' lang='lat' dir='ltr'>aut</span> <span class='ocrx_word' id='word_1_380' title='bbox 1709 2440 1832 2496; x_wconf 68' lang='lat' dir='ltr'>quae</span> <span class='ocrx_word' id='word_1_381' title='bbox 1867 2440 2016 2478; x_wconf 90' lang='lat' dir='ltr'>asse-</span> <span class='ocrx_word' id='word_1_382' title='bbox 2096 2424 2197 2479; x_wconf 91' lang='lat' dir='ltr'>sed</span> <span class='ocrx_word' id='word_1_383' title='bbox 2238 2424 2505 2480; x_wconf 90' lang='lat' dir='ltr'>admonet</span> <span class='ocrx_word' id='word_1_384' title='bbox 2544 2429 2610 2479; x_wconf 92' lang='lat' dir='ltr'>ut</span> <span class='ocrx_word' id='word_1_385' title='bbox 2647 2424 2927 2481; x_wconf 88' lang='lat' dir='ltr'>desinant.</span> <span class='ocrx_word' id='word_1_386' title='bbox 2959 2423 3024 2482; x_wconf 88' lang='lat' dir='ltr'>Si</span> <span class='ocrx_word' id='word_1_387' title='bbox 3056 2429 3181 2495; x_wconf 86' lang='lat' dir='ltr'>quis</span> <span class='ocrx_word' id='word_1_388' title='bbox 3225 2431 3413 2482; x_wconf 88' lang='lat' dir='ltr'>autem</span> <span class='ocrx_word' id='word_1_389' title='bbox 3449 2429 3697 2496; x_wconf 84' lang='lat' dir='ltr'>ignorat,</span> 
     </span>
    </p>
   </div>
   <div class='ocr_carea' id='block_1_42' title="bbox 417 2513 3700 2590">
    <p class='ocr_par' dir='ltr' id='par_1_42' title="bbox 417 2513 3700 2590">
     <span class='ocr_line' id='line_1_42' title="bbox 417 2513 3700 2590; baseline -0.001 -17"><span class='ocrx_word' id='word_1_390' title='bbox 417 2519 515 2590; x_wconf 87' lang='lat' dir='ltr'>qui</span> <span class='ocrx_word' id='word_1_391' title='bbox 535 2517 741 2590; x_wconf 89' lang='lat' dir='ltr'>aliquis</span> <span class='ocrx_word' id='word_1_392' title='bbox 770 2534 882 2572; x_wconf 91' lang='lat' dir='ltr'>non</span> <span class='ocrx_word' id='word_1_393' title='bbox 905 2522 1109 2589; x_wconf 88' lang='lat' dir='ltr'>potest,</span> <span class='ocrx_word' id='word_1_394' title='bbox 1135 2515 1269 2587; x_wconf 88' lang='lat' dir='ltr'>quia</span> <span class='ocrx_word' id='word_1_395' title='bbox 1295 2515 1519 2570; x_wconf 87' lang='lat' dir='ltr'>diversa</span> <span class='ocrx_word' id='word_1_396' title='bbox 1535 2519 1670 2569; x_wconf 90' lang='lat' dir='ltr'>sunt</span> <span class='ocrx_word' id='word_1_397' title='bbox 1686 2513 1932 2584; x_wconf 86' lang='lat' dir='ltr'>ingenia,</span> <span class='ocrx_word' id='word_1_398' title='bbox 1950 2517 2016 2566; x_wconf 91' lang='lat' dir='ltr'>ut</span> <span class='ocrx_word' id='word_1_399' title='bbox 2093 2514 2468 2582; x_wconf 82' lang='lat' dir='ltr'>ignorabitur.</span> <span class='ocrx_word' id='word_1_400' title='bbox 2483 2514 2673 2581; x_wconf 88' lang='lat' dir='ltr'>Recte,</span> <span class='ocrx_word' id='word_1_401' title='bbox 2689 2514 2826 2586; x_wconf 88' lang='lat' dir='ltr'>quia</span> <span class='ocrx_word' id='word_1_402' title='bbox 2839 2515 2936 2586; x_wconf 92' lang='lat' dir='ltr'>qui</span> <span class='ocrx_word' id='word_1_403' title='bbox 2965 2515 3144 2570; x_wconf 88' lang='lat' dir='ltr'>nescit</span> <span class='ocrx_word' id='word_1_404' title='bbox 3159 2514 3389 2570; x_wconf 89' lang='lat' dir='ltr'>Domini</span> <span class='ocrx_word' id='word_1_405' title='bbox 3405 2532 3547 2582; x_wconf 86' lang='lat' dir='ltr'>esse,</span> <span class='ocrx_word' id='word_1_406' title='bbox 3570 2532 3700 2587; x_wconf 83' lang='lat' dir='ltr'>quae</span> 
     </span>
    </p>
   </div>
   <div class='ocr_carea' id='block_1_43' title="bbox 417 2599 3703 2678">
    <p class='ocr_par' dir='ltr' id='par_1_43' title="bbox 417 2599 3703 2678">
     <span class='ocr_line' id='line_1_43' title="bbox 417 2599 3703 2678; baseline -0.001 -16"><span class='ocrx_word' id='word_1_407' title='bbox 417 2606 797 2678; x_wconf 87' lang='lat' dir='ltr'>disputatione</span> <span class='ocrx_word' id='word_1_408' title='bbox 818 2605 1072 2678; x_wconf 88' lang='lat' dir='ltr'>planiore</span> <span class='ocrx_word' id='word_1_409' title='bbox 1096 2605 1493 2659; x_wconf 89' lang='lat' dir='ltr'>dilucidentur.</span> <span class='ocrx_word' id='word_1_410' title='bbox 1527 2604 1678 2671; x_wconf 79' lang='lat' dir='ltr'>Quod</span> <span class='ocrx_word' id='word_1_411' title='bbox 1699 2605 1752 2657; x_wconf 84' lang='lat' dir='ltr'>si</span> <span class='ocrx_word' id='word_1_412' title='bbox 1775 2605 1884 2658; x_wconf 85' lang='lat' dir='ltr'>alii</span> <span class='ocrx_word' id='word_1_413' title='bbox 1923 2617 2015 2656; x_wconf 87' lang='lat' dir='ltr'>re-</span> <span class='ocrx_word' id='word_1_414' title='bbox 2094 2599 2345 2672; x_wconf 89' lang='lat' dir='ltr'>loquitur</span> <span class='ocrx_word' id='word_1_415' title='bbox 2361 2603 2682 2673; x_wconf 80' lang='lat' dir='ltr'>Apostolus,</span> <span class='ocrx_word' id='word_1_416' title='bbox 2715 2608 2774 2658; x_wconf 86' lang='lat' dir='ltr'>et</span> <span class='ocrx_word' id='word_1_417' title='bbox 2790 2603 2911 2674; x_wconf 89' lang='lat' dir='ltr'>ipse</span> <span class='ocrx_word' id='word_1_418' title='bbox 2938 2620 2976 2658; x_wconf 92' lang='lat' dir='ltr'>a</span> <span class='ocrx_word' id='word_1_419' title='bbox 2998 2603 3238 2658; x_wconf 90' lang='lat' dir='ltr'>Domino</span> <span class='ocrx_word' id='word_1_420' title='bbox 3259 2602 3616 2674; x_wconf 87' lang='lat' dir='ltr'>ignorabitur</span> <span class='ocrx_word' id='word_1_421' title='bbox 3638 2603 3703 2659; x_wconf 88' lang='lat' dir='ltr'>in</span> 
     </span>
    </p>
   </div>
   <div class='ocr_carea' id='block_1_44' title="bbox 417 2689 3704 2763">
    <p class='ocr_par' dir='ltr' id='par_1_44' title="bbox 417 2689 3704 2763">
     <span class='ocr_line' id='line_1_44' title="bbox 417 2689 3704 2763; baseline -0 -15"><span class='ocrx_word' id='word_1_422' title='bbox 417 2699 661 2750; x_wconf 74' lang='lat' dir='ltr'>celatum</span> <span class='ocrx_word' id='word_1_423' title='bbox 685 2697 861 2763; x_wconf 83' lang='lat' dir='ltr'>fuerit</span> <span class='ocrx_word' id='word_1_424' title='bbox 885 2695 1108 2759; x_wconf 87' lang='lat' dir='ltr'>sedenti,</span> <span class='ocrx_word' id='word_1_425' title='bbox 1124 2695 1288 2762; x_wconf 84' lang='lat' dir='ltr'>prior</span> <span class='ocrx_word' id='word_1_426' title='bbox 1308 2697 1499 2747; x_wconf 86' lang='lat' dir='ltr'>taceat.</span> <span class='ocrx_word' id='word_1_427' title='bbox 1518 2691 1584 2746; x_wconf 92' lang='lat' dir='ltr'>Id</span> <span class='ocrx_word' id='word_1_428' title='bbox 1600 2695 1704 2757; x_wconf 89' lang='lat' dir='ltr'>est,</span> <span class='ocrx_word' id='word_1_429' title='bbox 1723 2690 2017 2762; x_wconf 86' lang='lat' dir='ltr'>permittat</span> <span class='ocrx_word' id='word_1_430' title='bbox 2095 2689 2188 2745; x_wconf 90' lang='lat' dir='ltr'>die</span> <span class='ocrx_word' id='word_1_431' title='bbox 2209 2689 2428 2760; x_wconf 91' lang='lat' dir='ltr'>judicii,</span> <span class='ocrx_word' id='word_1_432' title='bbox 2461 2691 2682 2746; x_wconf 90' lang='lat' dir='ltr'>dicente</span> <span class='ocrx_word' id='word_1_433' title='bbox 2702 2691 2978 2747; x_wconf 89' lang='lat' dir='ltr'>Domino:</span> <span class='ocrx_word' id='word_1_434' title='bbox 3012 2691 3190 2750; x_wconf 86' lang='lat' dir='ltr'>Amen</span> <span class='ocrx_word' id='word_1_435' title='bbox 3207 2693 3328 2747; x_wconf 85' lang='lat' dir='ltr'>dico</span> <span class='ocrx_word' id='word_1_436' title='bbox 3358 2693 3521 2758; x_wconf 81' lang='lat' dir='ltr'>vobis,</span> <span class='ocrx_word' id='word_1_437' title='bbox 3552 2695 3704 2762; x_wconf 89' lang='lat' dir='ltr'>quod</span> 
     </span>
    </p>
   </div>
   <div class='ocr_carea' id='block_1_45' title="bbox 417 2778 2606 2856">
    <p class='ocr_par' dir='ltr' id='par_1_45' title="bbox 417 2778 2606 2856">
     <span class='ocr_line' id='line_1_45' title="bbox 417 2778 2606 2856; baseline -0.002 -18"><span class='ocrx_word' id='word_1_438' title='bbox 417 2783 604 2856; x_wconf 87' lang='lat' dir='ltr'>potior</span> <span class='ocrx_word' id='word_1_439' title='bbox 637 2782 909 2848; x_wconf 89' lang='lat' dir='ltr'>inferiori,</span> <span class='ocrx_word' id='word_1_440' title='bbox 949 2785 1016 2836; x_wconf 93' lang='lat' dir='ltr'>ut</span> <span class='ocrx_word' id='word_1_441' title='bbox 1045 2781 1093 2836; x_wconf 89' lang='lat' dir='ltr'>si</span> <span class='ocrx_word' id='word_1_442' title='bbox 1134 2785 1338 2852; x_wconf 87' lang='lat' dir='ltr'>potest,</span> <span class='ocrx_word' id='word_1_443' title='bbox 1361 2779 1511 2834; x_wconf 89' lang='lat' dir='ltr'>dicat</span> <span class='ocrx_word' id='word_1_444' title='bbox 1536 2796 1641 2834; x_wconf 89' lang='lat' dir='ltr'>nec</span> <span class='ocrx_word' id='word_1_445' title='bbox 1675 2796 1823 2850; x_wconf 81' lang='lat' dir='ltr'>aegre</span> <span class='ocrx_word' id='word_1_446' title='bbox 1848 2779 2010 2845; x_wconf 84' lang='lat' dir='ltr'>ferat,</span> <span class='ocrx_word' id='word_1_447' title='bbox 2095 2779 2285 2849; x_wconf 40' lang='lat' dir='ltr'>nescio:</span> <span class='ocrx_word' id='word_1_448' title='bbox 2308 2795 2398 2835; x_wconf 81' lang='lat' dir='ltr'>vos</span> <span class='ocrx_word' id='word_1_449' title='bbox 2424 2778 2606 2853; x_wconf 86' lang='lat' dir='ltr'>(xxv).</span> 
     </span>
    </p>
   </div>
   <div class='ocr_carea' id='block_1_46' title="bbox 420 2867 3701 2944">
    <p class='ocr_par' dir='ltr' id='par_1_46' title="bbox 420 2867 3701 2944">
     <span class='ocr_line' id='line_1_46' title="bbox 420 2867 3701 2944; baseline 0 -18"><span class='ocrx_word' id='word_1_450' title='bbox 420 2871 554 2944; x_wconf 89' lang='lat' dir='ltr'>quia</span> <span class='ocrx_word' id='word_1_451' title='bbox 570 2875 758 2943; x_wconf 88' lang='lat' dir='ltr'>potest</span> <span class='ocrx_word' id='word_1_452' title='bbox 778 2869 936 2926; x_wconf 90' lang='lat' dir='ltr'>etilli</span> <span class='ocrx_word' id='word_1_453' title='bbox 958 2869 1082 2924; x_wconf 88' lang='lat' dir='ltr'>dari</span> <span class='ocrx_word' id='word_1_454' title='bbox 1102 2869 1332 2935; x_wconf 89' lang='lat' dir='ltr'>donum,</span> <span class='ocrx_word' id='word_1_455' title='bbox 1363 2873 1429 2922; x_wconf 92' lang='lat' dir='ltr'>ut</span> <span class='ocrx_word' id='word_1_456' title='bbox 1446 2867 1616 2936; x_wconf 89' lang='lat' dir='ltr'>dicat,</span> <span class='ocrx_word' id='word_1_457' title='bbox 1651 2884 1780 2922; x_wconf 88' lang='lat' dir='ltr'>cum</span> <span class='ocrx_word' id='word_1_458' title='bbox 1795 2867 2017 2922; x_wconf 84' lang='lat' dir='ltr'>videtur</span> <span class='ocrx_word' id='word_1_459' title='bbox 2165 2869 2376 2936; x_wconf 87' lang='lat' dir='ltr'>Itaque,</span> <span class='ocrx_word' id='word_1_460' title='bbox 2407 2869 2630 2936; x_wconf 83' lang='lat' dir='ltr'>fratres,</span> <span class='ocrx_word' id='word_1_461' title='bbox 2674 2871 3028 2924; x_wconf 70' lang='lat' dir='ltr'>semulamini</span> <span class='ocrx_word' id='word_1_462' title='bbox 3050 2871 3397 2939; x_wconf 83' lang='lat' dir='ltr'>prophetare.</span> <span class='ocrx_word' id='word_1_463' title='bbox 3429 2869 3701 2935; x_wconf 86' lang='lat' dir='ltr'>Quamvis</span> 
     </span>
    </p>
   </div>
   <div class='ocr_carea' id='block_1_47' title="bbox 419 2955 3695 3031">
    <p class='ocr_par' dir='ltr' id='par_1_47' title="bbox 419 2955 3695 3031">
     <span class='ocr_line' id='line_1_47' title="bbox 419 2955 3695 3031; baseline -0 -16"><span class='ocrx_word' id='word_1_464' title='bbox 419 2959 670 3025; x_wconf 83' lang='lat' dir='ltr'>inferior,</span> <span class='ocrx_word' id='word_1_465' title='bbox 723 2959 872 3031; x_wconf 89' lang='lat' dir='ltr'>quod</span> <span class='ocrx_word' id='word_1_466' title='bbox 909 2958 1115 3030; x_wconf 91' lang='lat' dir='ltr'>potiori</span> <span class='ocrx_word' id='word_1_467' title='bbox 1169 2974 1495 3013; x_wconf 89' lang='lat' dir='ltr'>concessum</span> <span class='ocrx_word' id='word_1_468' title='bbox 1537 2973 1653 3011; x_wconf 89' lang='lat' dir='ltr'>non</span> <span class='ocrx_word' id='word_1_469' title='bbox 1697 2962 1800 3011; x_wconf 88' lang='lat' dir='ltr'>est.</span> <span class='ocrx_word' id='word_1_470' title='bbox 1861 2955 2018 3010; x_wconf 89' lang='lat' dir='ltr'>Sicut</span> <span class='ocrx_word' id='word_1_471' title='bbox 2044 3022 2078 3031; x_wconf 78' lang='lat'>_</span> <span class='ocrx_word' id='word_1_472' title='bbox 2096 2961 2298 3026; x_wconf 83' lang='lat' dir='ltr'>arguat</span> <span class='ocrx_word' id='word_1_473' title='bbox 2324 2955 2447 3021; x_wconf 90' lang='lat' dir='ltr'>hos,</span> <span class='ocrx_word' id='word_1_474' title='bbox 2482 2961 2539 3010; x_wconf 91' lang='lat' dir='ltr'>et</span> <span class='ocrx_word' id='word_1_475' title='bbox 2566 2956 2626 3011; x_wconf 92' lang='lat' dir='ltr'>in</span> <span class='ocrx_word' id='word_1_476' title='bbox 2662 2957 2858 3012; x_wconf 88' lang='lat' dir='ltr'>multis</span> <span class='ocrx_word' id='word_1_477' title='bbox 2895 2957 3290 3028; x_wconf 88' lang='lat' dir='ltr'>reprehendat,</span> <span class='ocrx_word' id='word_1_478' title='bbox 3317 2961 3376 3012; x_wconf 93' lang='lat' dir='ltr'>et</span> <span class='ocrx_word' id='word_1_479' title='bbox 3403 2958 3695 3031; x_wconf 72' lang='lat' dir='ltr'>corripiat,</span> 
     </span>
    </p>
   </div>
   <div class='ocr_carea' id='block_1_48' title="bbox 420 3022 3699 3118">
    <p class='ocr_par' dir='ltr' id='par_1_48' title="bbox 420 3022 3699 3118">
     <span class='ocr_line' id='line_1_48' title="bbox 420 3022 3699 3118; baseline -0.001 -13"><span class='ocrx_word' id='word_1_480' title='bbox 420 3049 574 3104; x_wconf 87' lang='lat' dir='ltr'>enim</span> <span class='ocrx_word' id='word_1_481' title='bbox 607 3022 792 3104; x_wconf 74' lang='lat' dir='ltr'>totum</span> <span class='ocrx_word' id='word_1_482' title='bbox 836 3022 936 3102; x_wconf 77' lang='lat' dir='ltr'>uni</span> <span class='ocrx_word' id='word_1_483' title='bbox 973 3045 1202 3102; x_wconf 89' lang='lat' dir='ltr'>concedi</span> <span class='ocrx_word' id='word_1_484' title='bbox 1242 3062 1354 3100; x_wconf 90' lang='lat' dir='ltr'>non</span> <span class='ocrx_word' id='word_1_485' title='bbox 1390 3051 1592 3118; x_wconf 86' lang='lat' dir='ltr'>potest,</span> <span class='ocrx_word' id='word_1_486' title='bbox 1626 3044 1760 3100; x_wconf 89' lang='lat' dir='ltr'>licet</span> <span class='ocrx_word' id='word_1_487' title='bbox 1787 3043 2013 3116; x_wconf 88' lang='lat' dir='ltr'>potiori,</span> <span class='ocrx_word' id='word_1_488' title='bbox 2037 3022 2080 3084; x_wconf 72' lang='grc' dir='ltr'><strong>Ο</strong></span> <span class='ocrx_word' id='word_1_489' title='bbox 2097 3022 2344 3115; x_wconf 35' lang='lat' dir='ltr'>eovquod</span> <span class='ocrx_word' id='word_1_490' title='bbox 2358 3051 2708 3100; x_wconf 87' lang='lat' dir='ltr'>recesserant</span> <span class='ocrx_word' id='word_1_491' title='bbox 2727 3062 2764 3100; x_wconf 90' lang='lat' dir='ltr'>a</span> <span class='ocrx_word' id='word_1_492' title='bbox 2779 3022 3085 3102; x_wconf 76' lang='lat' dir='ltr'>traditione</span> <span class='ocrx_word' id='word_1_493' title='bbox 3105 3047 3248 3117; x_wconf 87' lang='lat' dir='ltr'>ejus,</span> <span class='ocrx_word' id='word_1_494' title='bbox 3270 3022 3464 3102; x_wconf 83' lang='lat' dir='ltr'>tamen</span> <span class='ocrx_word' id='word_1_495' title='bbox 3490 3022 3699 3102; x_wconf 74' lang='lat' dir='ltr'>fratres</span> 
     </span>
    </p>
   </div>
   <div class='ocr_carea' id='block_1_49' title="bbox 420 3132 2018 3209">
    <p class='ocr_par' dir='ltr' id='par_1_49' title="bbox 420 3132 2018 3209">
     <span class='ocr_line' id='line_1_49' title="bbox 420 3132 2018 3209; baseline -0.004 -16"><span class='ocrx_word' id='word_1_496' title='bbox 420 3138 503 3193; x_wconf 86' lang='lat' dir='ltr'>ita</span> <span class='ocrx_word' id='word_1_497' title='bbox 527 3143 586 3193; x_wconf 90' lang='lat' dir='ltr'>et</span> <span class='ocrx_word' id='word_1_498' title='bbox 610 3153 726 3193; x_wconf 91' lang='lat' dir='ltr'>non</span> <span class='ocrx_word' id='word_1_499' title='bbox 751 3140 939 3209; x_wconf 87' lang='lat' dir='ltr'>potest</span> <span class='ocrx_word' id='word_1_500' title='bbox 958 3135 1125 3190; x_wconf 91' lang='lat' dir='ltr'>alicui</span> <span class='ocrx_word' id='word_1_501' title='bbox 1160 3134 1414 3206; x_wconf 86' lang='lat' dir='ltr'>quamvis</span> <span class='ocrx_word' id='word_1_502' title='bbox 1450 3133 1703 3190; x_wconf 86' lang='lat' dir='ltr'>inferiori</span> <span class='ocrx_word' id='word_1_503' title='bbox 1736 3133 1882 3188; x_wconf 87' lang='lat' dir='ltr'>nihil</span> <span class='ocrx_word' id='word_1_504' title='bbox 1913 3132 2018 3187; x_wconf 84' lang='lat' dir='ltr'>im-</span> 
     </span>
    </p>
   </div>
   <div class='ocr_carea' id='block_1_50' title="bbox 421 3222 2016 3300">
    <p class='ocr_par' dir='ltr' id='par_1_50' title="bbox 421 3222 2016 3300">
     <span class='ocr_line' id='line_1_50' title="bbox 421 3222 2016 3300; baseline -0.003 -19"><span class='ocrx_word' id='word_1_505' title='bbox 421 3226 637 3300; x_wconf 75' lang='lat' dir='ltr'>pertiri,</span> <span class='ocrx_word' id='word_1_506' title='bbox 687 3231 755 3281; x_wconf 90' lang='lat' dir='ltr'>ut</span> <span class='ocrx_word' id='word_1_507' title='bbox 788 3241 956 3280; x_wconf 91' lang='lat' dir='ltr'>nemo</span> <span class='ocrx_word' id='word_1_508' title='bbox 987 3224 1064 3280; x_wconf 88' lang='lat' dir='ltr'>sit</span> <span class='ocrx_word' id='word_1_509' title='bbox 1101 3240 1309 3280; x_wconf 86' lang='lat' dir='ltr'>vacuus</span> <span class='ocrx_word' id='word_1_510' title='bbox 1337 3241 1373 3277; x_wconf 84' lang='lat' dir='ltr'>a</span> <span class='ocrx_word' id='word_1_511' title='bbox 1404 3223 1591 3294; x_wconf 88' lang='lat' dir='ltr'>gratia</span> <span class='ocrx_word' id='word_1_512' title='bbox 1634 3222 1756 3277; x_wconf 92' lang='lat' dir='ltr'>Dei.</span> <span class='ocrx_word' id='word_1_513' title='bbox 1793 3224 2016 3277; x_wconf 85' lang='lat' dir='ltr'>Potestis</span> 
     </span>
    </p>
   </div>
   <div class='ocr_carea' id='block_1_51' title="bbox 420 3311 2016 3386">
    <p class='ocr_par' dir='ltr' id='par_1_51' title="bbox 420 3311 2016 3386">
     <span class='ocr_line' id='line_1_51' title="bbox 420 3311 2016 3386; baseline -0.004 -15"><span class='ocrx_word' id='word_1_514' title='bbox 420 3319 571 3371; x_wconf 83' lang='lat' dir='ltr'>enim</span> <span class='ocrx_word' id='word_1_515' title='bbox 592 3331 696 3386; x_wconf 90' lang='lat' dir='ltr'>per</span> <span class='ocrx_word' id='word_1_516' title='bbox 725 3317 972 3383; x_wconf 85' lang='lat' dir='ltr'>singulos</span> <span class='ocrx_word' id='word_1_517' title='bbox 995 3314 1339 3383; x_wconf 84' lang='lat' dir='ltr'>prophetare,</span> <span class='ocrx_word' id='word_1_518' title='bbox 1384 3318 1447 3366; x_wconf 91' lang='lat' dir='ltr'>ut</span> <span class='ocrx_word' id='word_1_519' title='bbox 1486 3328 1670 3366; x_wconf 88' lang='lat' dir='ltr'>omnes</span> <span class='ocrx_word' id='word_1_520' title='bbox 1712 3311 1931 3365; x_wconf 86' lang='lat' dir='ltr'>discant</span> <span class='ocrx_word' id='word_1_521' title='bbox 1966 3316 2016 3365; x_wconf 80' lang='lat' dir='ltr'>et</span> 
     </span>
    </p>
   </div>
   <div class='ocr_carea' id='block_1_52' title="bbox 421 3401 2016 3473">
    <p class='ocr_par' dir='ltr' id='par_1_52' title="bbox 421 3401 2016 3473">
     <span class='ocr_line' id='line_1_52' title="bbox 421 3401 2016 3473; baseline -0.004 -14"><span class='ocrx_word' id='word_1_522' title='bbox 421 3419 606 3459; x_wconf 85' lang='lat' dir='ltr'>omnes</span> <span class='ocrx_word' id='word_1_523' title='bbox 642 3407 882 3458; x_wconf 64' lang='lat' dir='ltr'>exorent.</span> <span class='ocrx_word' id='word_1_524' title='bbox 925 3401 1057 3457; x_wconf 67' lang='lat' dir='ltr'>Haec</span> <span class='ocrx_word' id='word_1_525' title='bbox 1092 3401 1325 3456; x_wconf 89' lang='lat' dir='ltr'>traditio</span> <span class='ocrx_word' id='word_1_526' title='bbox 1363 3401 1671 3473; x_wconf 71' lang='lat' dir='ltr'>Synagogaa</span> <span class='ocrx_word' id='word_1_527' title='bbox 1700 3404 1802 3466; x_wconf 89' lang='lat' dir='ltr'>est,</span> <span class='ocrx_word' id='word_1_528' title='bbox 1846 3414 2016 3470; x_wconf 89' lang='lat' dir='ltr'>quam</span> 
     </span>
    </p>
   </div>
   <div class='ocr_carea' id='block_1_53' title="bbox 421 3486 2016 3562">
    <p class='ocr_par' dir='ltr' id='par_1_53' title="bbox 421 3486 2016 3562">
     <span class='ocr_line' id='line_1_53' title="bbox 421 3486 2016 3562; baseline -0.004 -15"><span class='ocrx_word' id='word_1_529' title='bbox 421 3506 525 3548; x_wconf 88' lang='lat' dir='ltr'>nos</span> <span class='ocrx_word' id='word_1_530' title='bbox 544 3492 664 3547; x_wconf 91' lang='lat' dir='ltr'>vult</span> <span class='ocrx_word' id='word_1_531' title='bbox 685 3490 908 3558; x_wconf 88' lang='lat' dir='ltr'>sectari,</span> <span class='ocrx_word' id='word_1_532' title='bbox 931 3490 1066 3562; x_wconf 85' lang='lat' dir='ltr'>quia</span> <span class='ocrx_word' id='word_1_533' title='bbox 1085 3489 1420 3545; x_wconf 88' lang='lat' dir='ltr'>Christianis</span> <span class='ocrx_word' id='word_1_534' title='bbox 1439 3489 1670 3561; x_wconf 88' lang='lat' dir='ltr'>quidam</span> <span class='ocrx_word' id='word_1_535' title='bbox 1689 3486 1901 3554; x_wconf 87' lang='lat' dir='ltr'>scribit,</span> <span class='ocrx_word' id='word_1_536' title='bbox 1918 3487 2016 3542; x_wconf 90' lang='lat' dir='ltr'>sed</span> 
     </span>
    </p>
   </div>
   <div class='ocr_carea' id='block_1_54' title="bbox 420 3575 2018 3652">
    <p class='ocr_par' dir='ltr' id='par_1_54' title="bbox 420 3575 2018 3652">
     <span class='ocr_line' id='line_1_54' title="bbox 420 3575 2018 3652; baseline -0.003 -16"><span class='ocrx_word' id='word_1_537' title='bbox 420 3597 487 3636; x_wconf 80' lang='lat' dir='ltr'>ex</span> <span class='ocrx_word' id='word_1_538' title='bbox 511 3578 776 3652; x_wconf 88' lang='lat' dir='ltr'>gentibus</span> <span class='ocrx_word' id='word_1_539' title='bbox 806 3579 986 3647; x_wconf 85' lang='lat' dir='ltr'>factis,</span> <span class='ocrx_word' id='word_1_540' title='bbox 1019 3595 1133 3634; x_wconf 92' lang='lat' dir='ltr'>non</span> <span class='ocrx_word' id='word_1_541' title='bbox 1153 3595 1220 3633; x_wconf 90' lang='lat' dir='ltr'>ex</span> <span class='ocrx_word' id='word_1_542' title='bbox 1254 3577 1482 3645; x_wconf 74' lang='lat' dir='ltr'>Iudaeis,</span> <span class='ocrx_word' id='word_1_543' title='bbox 1522 3582 1586 3632; x_wconf 92' lang='lat' dir='ltr'>ut</span> <span class='ocrx_word' id='word_1_544' title='bbox 1621 3576 1880 3632; x_wconf 89' lang='lat' dir='ltr'>sedentes</span> <span class='ocrx_word' id='word_1_545' title='bbox 1907 3575 2018 3631; x_wconf 89' lang='lat' dir='ltr'>dis-</span> 
     </span>
    </p>
   </div>
   <div class='ocr_carea' id='block_1_55' title="bbox 419 3664 2019 3742">
    <p class='ocr_par' dir='ltr' id='par_1_55' title="bbox 419 3664 2019 3742">
     <span class='ocr_line' id='line_1_55' title="bbox 419 3664 2019 3742; baseline -0.004 -17"><span class='ocrx_word' id='word_1_546' title='bbox 419 3674 640 3742; x_wconf 90' lang='lat' dir='ltr'>putent,</span> <span class='ocrx_word' id='word_1_547' title='bbox 661 3668 911 3724; x_wconf 89' lang='lat' dir='ltr'>seniores</span> <span class='ocrx_word' id='word_1_548' title='bbox 929 3667 1206 3739; x_wconf 88' lang='lat' dir='ltr'>dignitate</span> <span class='ocrx_word' id='word_1_549' title='bbox 1225 3666 1287 3721; x_wconf 89' lang='lat' dir='ltr'>in</span> <span class='ocrx_word' id='word_1_550' title='bbox 1303 3665 1602 3733; x_wconf 88' lang='lat' dir='ltr'>cathedris,</span> <span class='ocrx_word' id='word_1_551' title='bbox 1634 3670 1930 3738; x_wconf 89' lang='lat' dir='ltr'>sequentes</span> <span class='ocrx_word' id='word_1_552' title='bbox 1957 3664 2019 3720; x_wconf 91' lang='lat' dir='ltr'>in</span> 
     </span>
    </p>
   </div>
   <div class='ocr_carea' id='block_1_56' title="bbox 314 3754 2013 3840">
    <p class='ocr_par' dir='ltr' id='par_1_56' title="bbox 314 3754 2013 3840">
     <span class='ocr_line' id='line_1_56' title="bbox 314 3754 2013 3840; baseline -0.004 -25"><span class='ocrx_word' id='word_1_553' title='bbox 314 3833 327 3840; x_wconf 38' lang='grc' dir='ltr'><strong><em>ο</em></strong></span> <span class='ocrx_word' id='word_1_554' title='bbox 421 3757 720 3825; x_wconf 87' lang='lat' dir='ltr'>subselliis,</span> <span class='ocrx_word' id='word_1_555' title='bbox 767 3756 1056 3813; x_wconf 87' lang='lat' dir='ltr'>novissimi</span> <span class='ocrx_word' id='word_1_556' title='bbox 1100 3755 1161 3810; x_wconf 91' lang='lat' dir='ltr'>in</span> <span class='ocrx_word' id='word_1_557' title='bbox 1204 3754 1525 3828; x_wconf 90' lang='lat' dir='ltr'>pavimento</span> <span class='ocrx_word' id='word_1_558' title='bbox 1576 3771 1746 3826; x_wconf 89' lang='lat' dir='ltr'>super</span> <span class='ocrx_word' id='word_1_559' title='bbox 1787 3759 2013 3820; x_wconf 85' lang='lat' dir='ltr'>mattas,</span> 
     </span>
    </p>
   </div>
   <div class='ocr_carea' id='block_1_57' title="bbox 422 3841 2018 3920">
    <p class='ocr_par' dir='ltr' id='par_1_57' title="bbox 422 3841 2018 3920">
     <span class='ocr_line' id='line_1_57' title="bbox 422 3841 2018 3920; baseline -0.004 -17"><span class='ocrx_word' id='word_1_560' title='bbox 422 3846 626 3920; x_wconf 89' lang='lat' dir='ltr'>quibus</span> <span class='ocrx_word' id='word_1_561' title='bbox 667 3847 716 3902; x_wconf 91' lang='lat' dir='ltr'>si</span> <span class='ocrx_word' id='word_1_562' title='bbox 760 3847 1072 3901; x_wconf 89' lang='lat' dir='ltr'>revelatum</span> <span class='ocrx_word' id='word_1_563' title='bbox 1109 3843 1313 3912; x_wconf 58' lang='lat' dir='ltr'>fuerit;</span> <span class='ocrx_word' id='word_1_564' title='bbox 1335 3844 1520 3899; x_wconf 91' lang='lat' dir='ltr'>dando</span> <span class='ocrx_word' id='word_1_565' title='bbox 1573 3843 1760 3898; x_wconf 90' lang='lat' dir='ltr'>locum</span> <span class='ocrx_word' id='word_1_566' title='bbox 1796 3841 2018 3897; x_wconf 89' lang='lat' dir='ltr'>dicendi</span> 
     </span>
    </p>
   </div>
   <div class='ocr_carea' id='block_1_58' title="bbox 421 3930 2018 4010">
    <p class='ocr_par' dir='ltr' id='par_1_58' title="bbox 421 3930 2018 4010">
     <span class='ocr_line' id='line_1_58' title="bbox 421 3930 2018 4010; baseline -0.005 -16"><span class='ocrx_word' id='word_1_567' title='bbox 421 3937 703 4010; x_wconf 78' lang='lat' dir='ltr'>praecepit,</span> <span class='ocrx_word' id='word_1_568' title='bbox 740 3953 846 3991; x_wconf 89' lang='lat' dir='ltr'>nec</span> <span class='ocrx_word' id='word_1_569' title='bbox 878 3934 1284 4007; x_wconf 86' lang='lat' dir='ltr'>despiciendos,</span> <span class='ocrx_word' id='word_1_570' title='bbox 1321 3933 1455 4006; x_wconf 88' lang='lat' dir='ltr'>quia</span> <span class='ocrx_word' id='word_1_571' title='bbox 1488 3932 1745 3987; x_wconf 89' lang='lat' dir='ltr'>membra</span> <span class='ocrx_word' id='word_1_572' title='bbox 1771 3930 2018 4004; x_wconf 88' lang='lat' dir='ltr'>corporis</span> 
     </span>
    </p>
   </div>
   <div class='ocr_carea' id='block_1_59' title="bbox 421 4021 2013 4094">
    <p class='ocr_par' dir='ltr' id='par_1_59' title="bbox 421 4021 2013 4094">
     <span class='ocr_line' id='line_1_59' title="bbox 421 4021 2013 4094; baseline -0.004 -14"><span class='ocrx_word' id='word_1_573' title='bbox 421 4030 572 4081; x_wconf 90' lang='lat' dir='ltr'>sunt.</span> <span class='ocrx_word' id='word_1_574' title='bbox 596 4026 665 4080; x_wconf 86' lang='lat' dir='ltr'>Et</span> <span class='ocrx_word' id='word_1_575' title='bbox 683 4026 930 4094; x_wconf 84' lang='lat' dir='ltr'>Spiritus</span> <span class='ocrx_word' id='word_1_576' title='bbox 937 4024 1335 4093; x_wconf 84' lang='lat' dir='ltr'>prophetarum</span> <span class='ocrx_word' id='word_1_577' title='bbox 1342 4021 1622 4092; x_wconf 83' lang='lat' dir='ltr'>prophetis</span> <span class='ocrx_word' id='word_1_578' title='bbox 1635 4022 1906 4090; x_wconf 86' lang='lat' dir='ltr'>subjectus</span> <span class='ocrx_word' id='word_1_579' title='bbox 1919 4024 2013 4075; x_wconf 83' lang='lat' dir='ltr'>est.</span> 
     </span>
    </p>
   </div>
   <div class='ocr_carea' id='block_1_60' title="bbox 356 4108 2018 4182">
    <p class='ocr_par' dir='ltr' id='par_1_60' title="bbox 356 4108 2018 4182">
     <span class='ocr_line' id='line_1_60' title="bbox 356 4108 2018 4182; baseline -0.002 -14"><span class='ocrx_word' id='word_1_580' title='bbox 356 4129 362 4133; x_wconf 74' lang='lat'><strong><em>&#39;</em></strong></span> <span class='ocrx_word' id='word_1_581' title='bbox 421 4113 570 4178; x_wconf 85' lang='lat' dir='ltr'>Quia</span> <span class='ocrx_word' id='word_1_582' title='bbox 595 4112 748 4167; x_wconf 90' lang='lat' dir='ltr'>enim</span> <span class='ocrx_word' id='word_1_583' title='bbox 776 4127 925 4166; x_wconf 90' lang='lat' dir='ltr'>unus</span> <span class='ocrx_word' id='word_1_584' title='bbox 964 4115 1135 4182; x_wconf 67' lang='lat' dir='ltr'>atthe</span> <span class='ocrx_word' id='word_1_585' title='bbox 1190 4109 1342 4164; x_wconf 89' lang='lat' dir='ltr'>idem</span> <span class='ocrx_word' id='word_1_586' title='bbox 1373 4108 1605 4181; x_wconf 90' lang='lat' dir='ltr'>spiritus</span> <span class='ocrx_word' id='word_1_587' title='bbox 1637 4114 1724 4164; x_wconf 91' lang='lat' dir='ltr'>est</span> <span class='ocrx_word' id='word_1_588' title='bbox 1755 4108 1852 4180; x_wconf 89' lang='lat' dir='ltr'>qui</span> <span class='ocrx_word' id='word_1_589' title='bbox 1896 4113 2018 4164; x_wconf 90' lang='lat' dir='ltr'>tam</span> 
     </span>
    </p>
   </div>
   <div class='ocr_carea' id='block_1_61' title="bbox 423 4196 2020 4273">
    <p class='ocr_par' dir='ltr' id='par_1_61' title="bbox 423 4196 2020 4273">
     <span class='ocr_line' id='line_1_61' title="bbox 423 4196 2020 4273; baseline -0.004 -17"><span class='ocrx_word' id='word_1_590' title='bbox 423 4199 711 4273; x_wconf 85' lang='lat' dir='ltr'>prOphetis</span> <span class='ocrx_word' id='word_1_591' title='bbox 730 4199 922 4254; x_wconf 81' lang='lat' dir='ltr'>futura</span> <span class='ocrx_word' id='word_1_592' title='bbox 947 4197 1280 4263; x_wconf 86' lang='lat' dir='ltr'>dicentibus,</span> <span class='ocrx_word' id='word_1_593' title='bbox 1319 4213 1489 4269; x_wconf 88' lang='lat' dir='ltr'>quam</span> <span class='ocrx_word' id='word_1_594' title='bbox 1517 4196 1606 4252; x_wconf 89' lang='lat' dir='ltr'>his</span> <span class='ocrx_word' id='word_1_595' title='bbox 1639 4196 1737 4269; x_wconf 91' lang='lat' dir='ltr'>qui</span> <span class='ocrx_word' id='word_1_596' title='bbox 1769 4197 2020 4251; x_wconf 86' lang='lat' dir='ltr'>revelant</span> 
     </span>
    </p>
   </div>
   <div class='ocr_carea' id='block_1_62' title="bbox 423 4284 2020 4361">
    <p class='ocr_par' dir='ltr' id='par_1_62' title="bbox 423 4284 2020 4361">
     <span class='ocr_line' id='line_1_62' title="bbox 423 4284 2020 4361; baseline -0.003 -16"><span class='ocrx_word' id='word_1_597' title='bbox 423 4289 762 4361; x_wconf 85' lang='lat' dir='ltr'>Scripturas,</span> <span class='ocrx_word' id='word_1_598' title='bbox 786 4285 1033 4342; x_wconf 87' lang='lat' dir='ltr'>infundit</span> <span class='ocrx_word' id='word_1_599' title='bbox 1049 4303 1110 4341; x_wconf 88' lang='lat' dir='ltr'>se</span> <span class='ocrx_word' id='word_1_600' title='bbox 1132 4302 1234 4358; x_wconf 89' lang='lat' dir='ltr'>pro</span> <span class='ocrx_word' id='word_1_601' title='bbox 1252 4285 1473 4340; x_wconf 89' lang='lat' dir='ltr'>ratione</span> <span class='ocrx_word' id='word_1_602' title='bbox 1502 4291 1561 4340; x_wconf 90' lang='lat' dir='ltr'>et</span> <span class='ocrx_word' id='word_1_603' title='bbox 1595 4284 1868 4358; x_wconf 86' lang='lat' dir='ltr'>qualitate</span> <span class='ocrx_word' id='word_1_604' title='bbox 1893 4300 2020 4341; x_wconf 87' lang='lat' dir='ltr'>cau-</span> 
     </span>
    </p>
   </div>
   <div class='ocr_carea' id='block_1_63' title="bbox 421 4374 2020 4444">
    <p class='ocr_par' dir='ltr' id='par_1_63' title="bbox 421 4374 2020 4444">
     <span class='ocr_line' id='line_1_63' title="bbox 421 4374 2020 4444; baseline -0.003 -11"><span class='ocrx_word' id='word_1_605' title='bbox 421 4394 634 4444; x_wconf 87' lang='lat' dir='ltr'>sarum,</span> <span class='ocrx_word' id='word_1_606' title='bbox 656 4375 862 4432; x_wconf 92' lang='lat' dir='ltr'>idcirco</span> <span class='ocrx_word' id='word_1_607' title='bbox 883 4375 1042 4442; x_wconf 83' lang='lat' dir='ltr'>dixit,</span> <span class='ocrx_word' id='word_1_608' title='bbox 1079 4375 1350 4444; x_wconf 85' lang='lat' dir='ltr'>subjectus</span> <span class='ocrx_word' id='word_1_609' title='bbox 1382 4379 1457 4429; x_wconf 88' lang='lat' dir='ltr'>est</span> <span class='ocrx_word' id='word_1_610' title='bbox 1487 4375 1788 4444; x_wconf 86' lang='lat' dir='ltr'>prophetis,</span> <span class='ocrx_word' id='word_1_611' title='bbox 1834 4379 1900 4429; x_wconf 90' lang='lat' dir='ltr'>ut</span> <span class='ocrx_word' id='word_1_612' title='bbox 1935 4374 2020 4429; x_wconf 87' lang='lat' dir='ltr'>in-</span> 
     </span>
    </p>
   </div>
   <div class='ocr_carea' id='block_1_64' title="bbox 417 4461 2020 4539">
    <p class='ocr_par' dir='ltr' id='par_1_64' title="bbox 417 4461 2020 4539">
     <span class='ocr_line' id='line_1_64' title="bbox 417 4461 2020 4539; baseline -0.004 -16"><span class='ocrx_word' id='word_1_613' title='bbox 417 4466 589 4539; x_wconf 87' lang='lat' dir='ltr'>genia</span> <span class='ocrx_word' id='word_1_614' title='bbox 628 4465 956 4522; x_wconf 84' lang='lat' dir='ltr'>accenderet</span> <span class='ocrx_word' id='word_1_615' title='bbox 992 4464 1100 4519; x_wconf 89' lang='lat' dir='ltr'>hac</span> <span class='ocrx_word' id='word_1_616' title='bbox 1137 4479 1254 4536; x_wconf 88' lang='lat' dir='ltr'>spe,</span> <span class='ocrx_word' id='word_1_617' title='bbox 1299 4462 1448 4534; x_wconf 90' lang='lat' dir='ltr'>quod</span> <span class='ocrx_word' id='word_1_618' title='bbox 1482 4461 1715 4534; x_wconf 88' lang='lat' dir='ltr'>spiritus</span> <span class='ocrx_word' id='word_1_619' title='bbox 1743 4462 2020 4518; x_wconf 86' lang='lat' dir='ltr'>contradi-</span> 
     </span>
    </p>
   </div>
   <div class='ocr_carea' id='block_1_65' title="bbox 420 4550 2013 4623">
    <p class='ocr_par' dir='ltr' id='par_1_65' title="bbox 420 4550 2013 4623">
     <span class='ocr_line' id='line_1_65' title="bbox 420 4550 2013 4623; baseline -0.004 -12"><span class='ocrx_word' id='word_1_620' title='bbox 420 4555 597 4611; x_wconf 89' lang='lat' dir='ltr'>cendo</span> <span class='ocrx_word' id='word_1_621' title='bbox 632 4572 747 4611; x_wconf 90' lang='lat' dir='ltr'>non</span> <span class='ocrx_word' id='word_1_622' title='bbox 777 4554 1084 4620; x_wconf 82' lang='lat' dir='ltr'>resisteret,</span> <span class='ocrx_word' id='word_1_623' title='bbox 1126 4569 1198 4608; x_wconf 90' lang='lat' dir='ltr'>ne</span> <span class='ocrx_word' id='word_1_624' title='bbox 1235 4550 1517 4607; x_wconf 88' lang='lat' dir='ltr'>discordia</span> <span class='ocrx_word' id='word_1_625' title='bbox 1539 4551 1641 4606; x_wconf 85' lang='lat' dir='ltr'>ﬁat</span> <span class='ocrx_word' id='word_1_626' title='bbox 1659 4551 1719 4606; x_wconf 89' lang='lat' dir='ltr'>in</span> <span class='ocrx_word' id='word_1_627' title='bbox 1737 4568 1967 4623; x_wconf 90' lang='lat' dir='ltr'>corpore</span> <span class='ocrx_word' id='word_1_628' title='bbox 2000 4569 2013 4604; x_wconf 90' lang='lat'><strong>:</strong></span> 
     </span>
    </p>
   </div>
   <div class='ocr_carea' id='block_1_66' title="bbox 420 4639 2019 4718">
    <p class='ocr_par' dir='ltr' id='par_1_66' title="bbox 420 4639 2019 4718">
     <span class='ocr_line' id='line_1_66' title="bbox 420 4639 2019 4718; baseline -0.003 -18"><span class='ocrx_word' id='word_1_629' title='bbox 420 4644 518 4718; x_wconf 90' lang='lat' dir='ltr'>qui</span> <span class='ocrx_word' id='word_1_630' title='bbox 552 4644 706 4700; x_wconf 88' lang='lat' dir='ltr'>enim</span> <span class='ocrx_word' id='word_1_631' title='bbox 738 4644 799 4699; x_wconf 90' lang='lat' dir='ltr'>in</span> <span class='ocrx_word' id='word_1_632' title='bbox 825 4660 962 4715; x_wconf 90' lang='lat' dir='ltr'>pace</span> <span class='ocrx_word' id='word_1_633' title='bbox 1002 4647 1290 4709; x_wconf 88' lang='lat' dir='ltr'>vocantur,</span> <span class='ocrx_word' id='word_1_634' title='bbox 1339 4639 1626 4712; x_wconf 67' lang='lat' dir='ltr'>patientiae</span> <span class='ocrx_word' id='word_1_635' title='bbox 1668 4639 1877 4695; x_wconf 91' lang='lat' dir='ltr'>debent</span> <span class='ocrx_word' id='word_1_636' title='bbox 1904 4645 2019 4696; x_wconf 83' lang='lat' dir='ltr'>stu-</span> 
     </span>
    </p>
   </div>
   <div class='ocr_carea' id='block_1_67' title="bbox 419 4728 2016 4804">
    <p class='ocr_par' dir='ltr' id='par_1_67' title="bbox 419 4728 2016 4804">
     <span class='ocr_line' id='line_1_67' title="bbox 419 4728 2016 4804; baseline -0.003 -16"><span class='ocrx_word' id='word_1_637' title='bbox 419 4733 572 4801; x_wconf 90' lang='lat' dir='ltr'>dere,</span> <span class='ocrx_word' id='word_1_638' title='bbox 595 4750 667 4788; x_wconf 91' lang='lat' dir='ltr'>ne</span> <span class='ocrx_word' id='word_1_639' title='bbox 694 4732 848 4804; x_wconf 88' lang='lat' dir='ltr'>pacis</span> <span class='ocrx_word' id='word_1_640' title='bbox 875 4732 1008 4802; x_wconf 91' lang='lat' dir='ltr'>jura</span> <span class='ocrx_word' id='word_1_641' title='bbox 1037 4731 1344 4786; x_wconf 87' lang='lat' dir='ltr'>solvantur.</span> <span class='ocrx_word' id='word_1_642' title='bbox 1377 4728 1505 4784; x_wconf 91' lang='lat' dir='ltr'>Non</span> <span class='ocrx_word' id='word_1_643' title='bbox 1535 4733 1686 4784; x_wconf 86' lang='lat' dir='ltr'>enim</span> <span class='ocrx_word' id='word_1_644' title='bbox 1714 4734 1789 4784; x_wconf 87' lang='lat' dir='ltr'>est</span> <span class='ocrx_word' id='word_1_645' title='bbox 1811 4730 2016 4784; x_wconf 89' lang='lat' dir='ltr'>dissen-</span> 
     </span>
    </p>
   </div>
   <div class='ocr_carea' id='block_1_68' title="bbox 417 4819 2015 4895">
    <p class='ocr_par' dir='ltr' id='par_1_68' title="bbox 417 4819 2015 4895">
     <span class='ocr_line' id='line_1_68' title="bbox 417 4819 2015 4895; baseline -0.004 -17"><span class='ocrx_word' id='word_1_646' title='bbox 417 4825 590 4879; x_wconf 86' lang='lat' dir='ltr'>sionis</span> <span class='ocrx_word' id='word_1_647' title='bbox 627 4822 791 4886; x_wconf 84' lang='lat' dir='ltr'>Deus,</span> <span class='ocrx_word' id='word_1_648' title='bbox 809 4821 902 4875; x_wconf 86' lang='lat' dir='ltr'>sed</span> <span class='ocrx_word' id='word_1_649' title='bbox 911 4823 1064 4890; x_wconf 87' lang='lat' dir='ltr'>pacis</span> <span class='ocrx_word' id='word_1_650' title='bbox 1093 4838 1111 4874; x_wconf 91' lang='lat'><strong><em>:</em></strong></span> <span class='ocrx_word' id='word_1_651' title='bbox 1137 4821 1229 4874; x_wconf 88' lang='lat' dir='ltr'>sed</span> <span class='ocrx_word' id='word_1_652' title='bbox 1254 4822 1399 4874; x_wconf 88' lang='lat' dir='ltr'>sicut</span> <span class='ocrx_word' id='word_1_653' title='bbox 1423 4821 1489 4872; x_wconf 91' lang='lat' dir='ltr'>in</span> <span class='ocrx_word' id='word_1_654' title='bbox 1508 4819 1763 4872; x_wconf 89' lang='lat' dir='ltr'>omnibus</span> <span class='ocrx_word' id='word_1_655' title='bbox 1781 4821 2015 4895; x_wconf 75' lang='lat' dir='ltr'>ecclesiis</span> 
     </span>
    </p>
   </div>
   <div class='ocr_carea' id='block_1_69' title="bbox 417 4906 2016 4978">
    <p class='ocr_par' dir='ltr' id='par_1_69' title="bbox 417 4906 2016 4978">
     <span class='ocr_line' id='line_1_69' title="bbox 417 4906 2016 4978; baseline -0.004 -10"><span class='ocrx_word' id='word_1_656' title='bbox 417 4916 739 4968; x_wconf 85' lang='lat' dir='ltr'>sanctorum</span> <span class='ocrx_word' id='word_1_657' title='bbox 764 4910 937 4964; x_wconf 87' lang='lat' dir='ltr'>doceo.</span> <span class='ocrx_word' id='word_1_658' title='bbox 983 4909 1102 4962; x_wconf 90' lang='lat' dir='ltr'>Hoc</span> <span class='ocrx_word' id='word_1_659' title='bbox 1136 4908 1285 4963; x_wconf 88' lang='lat' dir='ltr'>dicto</span> <span class='ocrx_word' id='word_1_660' title='bbox 1323 4907 1587 4962; x_wconf 88' lang='lat' dir='ltr'>hortatur</span> <span class='ocrx_word' id='word_1_661' title='bbox 1621 4906 1766 4974; x_wconf 89' lang='lat' dir='ltr'>illos,</span> <span class='ocrx_word' id='word_1_662' title='bbox 1798 4912 1865 4962; x_wconf 92' lang='lat' dir='ltr'>ut</span> <span class='ocrx_word' id='word_1_663' title='bbox 1892 4922 2016 4978; x_wconf 84' lang='lat' dir='ltr'>quae</span> 
     </span>
    </p>
   </div>
   <div class='ocr_carea' id='block_1_70' title="bbox 419 4994 2017 5075">
    <p class='ocr_par' dir='ltr' id='par_1_70' title="bbox 419 4994 2017 5075">
     <span class='ocr_line' id='line_1_70' title="bbox 419 4994 2017 5075; baseline -0.004 -19"><span class='ocrx_word' id='word_1_664' title='bbox 419 4999 684 5075; x_wconf 66' lang='lat' dir='ltr'>praecepit</span> <span class='ocrx_word' id='word_1_665' title='bbox 712 4998 940 5064; x_wconf 89' lang='lat' dir='ltr'>faciant,</span> <span class='ocrx_word' id='word_1_666' title='bbox 972 4996 1196 5068; x_wconf 89' lang='lat' dir='ltr'>quando</span> <span class='ocrx_word' id='word_1_667' title='bbox 1224 4995 1490 5051; x_wconf 90' lang='lat' dir='ltr'>similiter</span> <span class='ocrx_word' id='word_1_668' title='bbox 1514 5011 1576 5050; x_wconf 89' lang='lat' dir='ltr'>se</span> <span class='ocrx_word' id='word_1_669' title='bbox 1605 4994 1853 5051; x_wconf 89' lang='lat' dir='ltr'>ecclesiis</span> <span class='ocrx_word' id='word_1_670' title='bbox 1890 5011 2017 5050; x_wconf 90' lang='lat' dir='ltr'>san-</span> 
     </span>
    </p>
   </div>
   <div class='ocr_carea' id='block_1_71' title="bbox 419 5085 2020 5160">
    <p class='ocr_par' dir='ltr' id='par_1_71' title="bbox 419 5085 2020 5160">
     <span class='ocr_line' id='line_1_71' title="bbox 419 5085 2020 5160; baseline -0.004 -14"><span class='ocrx_word' id='word_1_671' title='bbox 419 5098 638 5146; x_wconf 88' lang='lat' dir='ltr'>ctorum</span> <span class='ocrx_word' id='word_1_672' title='bbox 657 5086 960 5160; x_wconf 74' lang='lat' dir='ltr'>praedicare</span> <span class='ocrx_word' id='word_1_673' title='bbox 979 5089 1240 5140; x_wconf 89' lang='lat' dir='ltr'>testatur.</span> <span class='ocrx_word' id='word_1_674' title='bbox 1261 5086 1350 5141; x_wconf 78' lang='grc' dir='ltr'>,4η</span> <span class='ocrx_word' id='word_1_675' title='bbox 1381 5101 1417 5140; x_wconf 91' lang='lat' dir='ltr'>a</span> <span class='ocrx_word' id='word_1_676' title='bbox 1461 5085 1608 5139; x_wconf 84' lang='lat' dir='ltr'>vobis</span> <span class='ocrx_word' id='word_1_677' title='bbox 1656 5085 1884 5139; x_wconf 74' lang='lat' dir='ltr'>verbum</span> <span class='ocrx_word' id='word_1_678' title='bbox 1919 5087 2020 5140; x_wconf 84' lang='lat' dir='ltr'>Dei</span> 
     </span>
    </p>
   </div>
   <div class='ocr_carea' id='block_1_72' title="bbox 416 5172 2019 5246">
    <p class='ocr_par' dir='ltr' id='par_1_72' title="bbox 416 5172 2019 5246">
     <span class='ocr_line' id='line_1_72' title="bbox 416 5172 2019 5246; baseline -0.002 -15"><span class='ocrx_word' id='word_1_679' title='bbox 416 5182 692 5246; x_wconf 71' lang='lat' dir='ltr'>processit,</span> <span class='ocrx_word' id='word_1_680' title='bbox 726 5180 831 5231; x_wconf 86' lang='lat' dir='ltr'>aut</span> <span class='ocrx_word' id='word_1_681' title='bbox 858 5177 924 5229; x_wconf 90' lang='lat' dir='ltr'>in</span> <span class='ocrx_word' id='word_1_682' title='bbox 951 5189 1041 5228; x_wconf 77' lang='lat' dir='ltr'>vos</span> <span class='ocrx_word' id='word_1_683' title='bbox 1058 5175 1195 5227; x_wconf 86' lang='lat' dir='ltr'>solos</span> <span class='ocrx_word' id='word_1_684' title='bbox 1216 5176 1487 5242; x_wconf 82' lang='lat' dir='ltr'>pervenit.</span> <span class='ocrx_word' id='word_1_685' title='bbox 1517 5173 1822 5244; x_wconf 83' lang='lat' dir='ltr'>Arguentis</span> <span class='ocrx_word' id='word_1_686' title='bbox 1848 5172 2019 5228; x_wconf 88' lang='lat' dir='ltr'>verba</span> 
     </span>
    </p>
   </div>
   <div class='ocr_carea' id='block_1_73' title="bbox 421 5259 2017 5334">
    <p class='ocr_par' dir='ltr' id='par_1_73' title="bbox 421 5259 2017 5334">
     <span class='ocr_line' id='line_1_73' title="bbox 421 5259 2017 5334; baseline -0.001 -17"><span class='ocrx_word' id='word_1_687' title='bbox 421 5270 572 5330; x_wconf 89' lang='lat' dir='ltr'>sunt,</span> <span class='ocrx_word' id='word_1_688' title='bbox 603 5264 685 5319; x_wconf 90' lang='lat' dir='ltr'>sic</span> <span class='ocrx_word' id='word_1_689' title='bbox 727 5263 880 5320; x_wconf 91' lang='lat' dir='ltr'>enim</span> <span class='ocrx_word' id='word_1_690' title='bbox 916 5259 1102 5317; x_wconf 86' lang='lat' dir='ltr'>inﬂati</span> <span class='ocrx_word' id='word_1_691' title='bbox 1139 5266 1320 5328; x_wconf 89' lang='lat' dir='ltr'>erant,</span> <span class='ocrx_word' id='word_1_692' title='bbox 1361 5261 1522 5332; x_wconf 88' lang='lat' dir='ltr'>quasi</span> <span class='ocrx_word' id='word_1_693' title='bbox 1564 5260 1704 5334; x_wconf 89' lang='lat' dir='ltr'>ipsis</span> <span class='ocrx_word' id='word_1_694' title='bbox 1738 5260 2017 5333; x_wconf 87' lang='lat' dir='ltr'>promissa</span> 
     </span>
    </p>
   </div>
   <div class='ocr_carea' id='block_1_74' title="bbox 423 5349 2021 5421">
    <p class='ocr_par' dir='ltr' id='par_1_74' title="bbox 423 5349 2021 5421">
     <span class='ocr_line' id='line_1_74' title="bbox 423 5349 2021 5421; baseline -0.003 -12"><span class='ocrx_word' id='word_1_695' title='bbox 423 5352 620 5409; x_wconf 84' lang='lat' dir='ltr'>fuisset</span> <span class='ocrx_word' id='word_1_696' title='bbox 644 5350 764 5406; x_wconf 84' lang='lat' dir='ltr'>haec</span> <span class='ocrx_word' id='word_1_697' title='bbox 782 5352 955 5418; x_wconf 86' lang='lat' dir='ltr'>salus,</span> <span class='ocrx_word' id='word_1_698' title='bbox 987 5355 1046 5405; x_wconf 90' lang='lat' dir='ltr'>et</span> <span class='ocrx_word' id='word_1_699' title='bbox 1064 5349 1318 5420; x_wconf 86' lang='lat' dir='ltr'>exemplo</span> <span class='ocrx_word' id='word_1_700' title='bbox 1348 5365 1545 5406; x_wconf 91' lang='lat' dir='ltr'>eorum</span> <span class='ocrx_word' id='word_1_701' title='bbox 1578 5355 1794 5406; x_wconf 65' lang='lat' dir='ltr'>cetera:</span> <span class='ocrx_word' id='word_1_702' title='bbox 1822 5354 2021 5421; x_wconf 86' lang='lat' dir='ltr'>gentes</span> 
     </span>
    </p>
   </div>
   <div class='ocr_carea' id='block_1_75' title="bbox 422 5438 2021 5510">
    <p class='ocr_par' dir='ltr' id='par_1_75' title="bbox 422 5438 2021 5510">
     <span class='ocr_line' id='line_1_75' title="bbox 422 5438 2021 5510; baseline 0 -16"><span class='ocrx_word' id='word_1_703' title='bbox 422 5444 756 5496; x_wconf 85' lang='lat' dir='ltr'>vocarentur</span> <span class='ocrx_word' id='word_1_704' title='bbox 791 5439 864 5492; x_wconf 89' lang='lat' dir='ltr'>ad</span> <span class='ocrx_word' id='word_1_705' title='bbox 908 5439 1100 5506; x_wconf 79' lang='lat' dir='ltr'>ﬁdem,</span> <span class='ocrx_word' id='word_1_706' title='bbox 1148 5442 1249 5493; x_wconf 90' lang='lat' dir='ltr'>aut</span> <span class='ocrx_word' id='word_1_707' title='bbox 1283 5453 1398 5492; x_wconf 90' lang='lat' dir='ltr'>non</span> <span class='ocrx_word' id='word_1_708' title='bbox 1436 5443 1624 5495; x_wconf 87' lang='lat' dir='ltr'>essent</span> <span class='ocrx_word' id='word_1_709' title='bbox 1669 5438 1865 5510; x_wconf 86' lang='lat' dir='ltr'>aliqui,</span> <span class='ocrx_word' id='word_1_710' title='bbox 1922 5439 2021 5510; x_wconf 86' lang='lat' dir='ltr'>qui</span> 
     </span>
    </p>
   </div>
   <div class='ocr_carea' id='block_1_76' title="bbox 425 5525 2018 5603">
    <p class='ocr_par' dir='ltr' id='par_1_76' title="bbox 425 5525 2018 5603">
     <span class='ocr_line' id='line_1_76' title="bbox 425 5525 2018 5603; baseline -0.001 -17"><span class='ocrx_word' id='word_1_711' title='bbox 425 5533 656 5603; x_wconf 87' lang='lat' dir='ltr'>possent</span> <span class='ocrx_word' id='word_1_712' title='bbox 679 5526 961 5599; x_wconf 90' lang='lat' dir='ltr'>suscipere</span> <span class='ocrx_word' id='word_1_713' title='bbox 987 5525 1232 5598; x_wconf 87' lang='lat' dir='ltr'>gratiam</span> <span class='ocrx_word' id='word_1_714' title='bbox 1257 5525 1382 5594; x_wconf 88' lang='lat' dir='ltr'>Dei,</span> <span class='ocrx_word' id='word_1_715' title='bbox 1414 5527 1682 5598; x_wconf 86' lang='lat' dir='ltr'>apostolis</span> <span class='ocrx_word' id='word_1_716' title='bbox 1707 5526 2018 5600; x_wconf 69' lang='lat' dir='ltr'>praedican-</span> 
     </span>
    </p>
   </div>
   <div class='ocr_carea' id='block_1_77' title="bbox 2098 3131 3707 3207">
    <p class='ocr_par' dir='ltr' id='par_1_77' title="bbox 2098 3131 3707 3207">
     <span class='ocr_line' id='line_1_77' title="bbox 2098 3131 3707 3207; baseline 0.004 -22"><span class='ocrx_word' id='word_1_717' title='bbox 2098 3131 2202 3186; x_wconf 90' lang='lat' dir='ltr'>hos</span> <span class='ocrx_word' id='word_1_718' title='bbox 2229 3138 2409 3201; x_wconf 90' lang='lat' dir='ltr'>vocat,</span> <span class='ocrx_word' id='word_1_719' title='bbox 2439 3133 2572 3204; x_wconf 90' lang='lat' dir='ltr'>quia</span> <span class='ocrx_word' id='word_1_720' title='bbox 2603 3133 2740 3190; x_wconf 86' lang='lat' dir='ltr'>dicit</span> <span class='ocrx_word' id='word_1_721' title='bbox 2761 3134 2937 3190; x_wconf 88' lang='lat' dir='ltr'>Isaias</span> <span class='ocrx_word' id='word_1_722' title='bbox 2964 3135 3037 3190; x_wconf 89' lang='lat' dir='ltr'>ad</span> <span class='ocrx_word' id='word_1_723' title='bbox 3065 3134 3290 3207; x_wconf 90' lang='lat' dir='ltr'>plebem</span> <span class='ocrx_word' id='word_1_724' title='bbox 3318 3136 3564 3203; x_wconf 90' lang='lat' dir='ltr'>Domini,</span> <span class='ocrx_word' id='word_1_725' title='bbox 3596 3139 3707 3192; x_wconf 85' lang='lat' dir='ltr'>Di-</span> 
     </span>
    </p>
   </div>
   <div class='ocr_carea' id='block_1_78' title="bbox 2097 3222 3705 3294">
    <p class='ocr_par' dir='ltr' id='par_1_78' title="bbox 2097 3222 3705 3294">
     <span class='ocr_line' id='line_1_78' title="bbox 2097 3222 3705 3294; baseline 0.004 -19"><span class='ocrx_word' id='word_1_726' title='bbox 2097 3223 2199 3275; x_wconf 87' lang='lat' dir='ltr'>cite</span> <span class='ocrx_word' id='word_1_727' title='bbox 2218 3222 2305 3276; x_wconf 87' lang='lat' dir='ltr'>his</span> <span class='ocrx_word' id='word_1_728' title='bbox 2329 3223 2431 3291; x_wconf 85' lang='lat' dir='ltr'>qui</span> <span class='ocrx_word' id='word_1_729' title='bbox 2449 3239 2560 3278; x_wconf 87' lang='lat' dir='ltr'>non</span> <span class='ocrx_word' id='word_1_730' title='bbox 2589 3228 2728 3278; x_wconf 86' lang='lat' dir='ltr'>recte</span> <span class='ocrx_word' id='word_1_731' title='bbox 2754 3224 3049 3278; x_wconf 86' lang='lat' dir='ltr'>ambulant</span> <span class='ocrx_word' id='word_1_732' title='bbox 3081 3227 3145 3278; x_wconf 89' lang='lat' dir='ltr'>in</span> <span class='ocrx_word' id='word_1_733' title='bbox 3167 3227 3275 3279; x_wconf 85' lang='lat' dir='ltr'>viis</span> <span class='ocrx_word' id='word_1_734' title='bbox 3302 3227 3452 3291; x_wconf 87' lang='lat' dir='ltr'>meis,</span> <span class='ocrx_word' id='word_1_735' title='bbox 3486 3227 3705 3294; x_wconf 82' lang='lat' dir='ltr'>fratres</span> 
     </span>
    </p>
   </div>
   <div class='ocr_carea' id='block_1_79' title="bbox 2096 3311 3704 3386">
    <p class='ocr_par' dir='ltr' id='par_1_79' title="bbox 2096 3311 3704 3386">
     <span class='ocr_line' id='line_1_79' title="bbox 2096 3311 3704 3386; baseline 0.003 -22"><span class='ocrx_word' id='word_1_736' title='bbox 2096 3312 2274 3364; x_wconf 87' lang='lat' dir='ltr'>nostri</span> <span class='ocrx_word' id='word_1_737' title='bbox 2300 3312 2425 3365; x_wconf 85' lang='lat' dir='ltr'>estis</span> <span class='ocrx_word' id='word_1_738' title='bbox 2452 3327 2561 3366; x_wconf 84' lang='lat' dir='ltr'>vos.</span> <span class='ocrx_word' id='word_1_739' title='bbox 2591 3311 2668 3367; x_wconf 93' lang='lat' dir='ltr'>Ut</span> <span class='ocrx_word' id='word_1_740' title='bbox 2694 3328 2828 3382; x_wconf 85' lang='lat' dir='ltr'>ergo</span> <span class='ocrx_word' id='word_1_741' title='bbox 2858 3312 3242 3367; x_wconf 88' lang='lat' dir='ltr'>consolaretur</span> <span class='ocrx_word' id='word_1_742' title='bbox 3254 3313 3394 3369; x_wconf 88' lang='lat' dir='ltr'>istos</span> <span class='ocrx_word' id='word_1_743' title='bbox 3422 3319 3550 3386; x_wconf 89' lang='lat' dir='ltr'>post</span> <span class='ocrx_word' id='word_1_744' title='bbox 3578 3330 3704 3369; x_wconf 89' lang='lat' dir='ltr'>cor-</span> 
     </span>
    </p>
   </div>
   <div class='ocr_carea' id='block_1_80' title="bbox 2097 3397 3704 3468">
    <p class='ocr_par' dir='ltr' id='par_1_80' title="bbox 2097 3397 3704 3468">
     <span class='ocr_line' id='line_1_80' title="bbox 2097 3397 3704 3468; baseline 0.004 -15"><span class='ocrx_word' id='word_1_745' title='bbox 2097 3397 2390 3466; x_wconf 89' lang='lat' dir='ltr'>rectiones,</span> <span class='ocrx_word' id='word_1_746' title='bbox 2429 3399 2634 3454; x_wconf 85' lang='lat' dir='ltr'>fratres</span> <span class='ocrx_word' id='word_1_747' title='bbox 2665 3399 2792 3454; x_wconf 85' lang='lat' dir='ltr'>illos</span> <span class='ocrx_word' id='word_1_748' title='bbox 2838 3405 3016 3468; x_wconf 89' lang='lat' dir='ltr'>vocat,</span> <span class='ocrx_word' id='word_1_749' title='bbox 3060 3407 3120 3456; x_wconf 90' lang='lat' dir='ltr'>et</span> <span class='ocrx_word' id='word_1_750' title='bbox 3154 3400 3229 3456; x_wconf 89' lang='lat' dir='ltr'>ad</span> <span class='ocrx_word' id='word_1_751' title='bbox 3279 3402 3704 3458; x_wconf 76' lang='lat' dir='ltr'>aemulationem</span> 
     </span>
    </p>
   </div>
   <div class='ocr_carea' id='block_1_81' title="bbox 2097 3487 3704 3562">
    <p class='ocr_par' dir='ltr' id='par_1_81' title="bbox 2097 3487 3704 3562">
     <span class='ocr_line' id='line_1_81' title="bbox 2097 3487 3704 3562; baseline 0.004 -21"><span class='ocrx_word' id='word_1_752' title='bbox 2097 3487 2404 3558; x_wconf 77' lang='lat' dir='ltr'>praphetiee</span> <span class='ocrx_word' id='word_1_753' title='bbox 2430 3487 2710 3555; x_wconf 86' lang='lat' dir='ltr'>hortatur,</span> <span class='ocrx_word' id='word_1_754' title='bbox 2740 3493 2806 3543; x_wconf 91' lang='lat' dir='ltr'>ut</span> <span class='ocrx_word' id='word_1_755' title='bbox 2832 3489 3060 3544; x_wconf 89' lang='lat' dir='ltr'>assidua</span> <span class='ocrx_word' id='word_1_756' title='bbox 3085 3489 3466 3562; x_wconf 87' lang='lat' dir='ltr'>disputatione</span> <span class='ocrx_word' id='word_1_757' title='bbox 3507 3498 3566 3546; x_wconf 92' lang='lat' dir='ltr'>et</span> <span class='ocrx_word' id='word_1_758' title='bbox 3608 3508 3704 3546; x_wconf 81' lang='lat' dir='ltr'>ex-</span> 
     </span>
    </p>
   </div>
   <div class='ocr_carea' id='block_1_82' title="bbox 2097 3575 3706 3653">
    <p class='ocr_par' dir='ltr' id='par_1_82' title="bbox 2097 3575 3706 3653">
     <span class='ocr_line' id='line_1_82' title="bbox 2097 3575 3706 3653; baseline 0.004 -23"><span class='ocrx_word' id='word_1_759' title='bbox 2097 3575 2421 3648; x_wconf 87' lang='lat' dir='ltr'>planatione</span> <span class='ocrx_word' id='word_1_760' title='bbox 2460 3576 2603 3648; x_wconf 90' lang='lat' dir='ltr'>legis</span> <span class='ocrx_word' id='word_1_761' title='bbox 2637 3577 2838 3633; x_wconf 71' lang='lat' dir='ltr'>divinae</span> <span class='ocrx_word' id='word_1_762' title='bbox 2871 3579 3073 3634; x_wconf 86' lang='lat' dir='ltr'>ﬁerent</span> <span class='ocrx_word' id='word_1_763' title='bbox 3108 3580 3455 3649; x_wconf 88' lang='lat' dir='ltr'>structiores,</span> <span class='ocrx_word' id='word_1_764' title='bbox 3487 3585 3554 3636; x_wconf 90' lang='lat' dir='ltr'>ut</span> <span class='ocrx_word' id='word_1_765' title='bbox 3575 3597 3706 3653; x_wconf 87' lang='lat' dir='ltr'>pos-</span> 
     </span>
    </p>
   </div>
   <div class='ocr_carea' id='block_1_83' title="bbox 2097 3664 3706 3742">
    <p class='ocr_par' dir='ltr' id='par_1_83' title="bbox 2097 3664 3706 3742">
     <span class='ocr_line' id='line_1_83' title="bbox 2097 3664 3706 3742; baseline 0.004 -23"><span class='ocrx_word' id='word_1_766' title='bbox 2097 3670 2225 3720; x_wconf 91' lang='lat' dir='ltr'>sent</span> <span class='ocrx_word' id='word_1_767' title='bbox 2241 3664 2455 3720; x_wconf 89' lang='lat' dir='ltr'>discere</span> <span class='ocrx_word' id='word_1_768' title='bbox 2475 3681 2764 3737; x_wconf 76' lang='lat' dir='ltr'>perversae</span> <span class='ocrx_word' id='word_1_769' title='bbox 2783 3683 2906 3722; x_wconf 90' lang='lat' dir='ltr'>esse</span> <span class='ocrx_word' id='word_1_770' title='bbox 2924 3667 3137 3739; x_wconf 90' lang='lat' dir='ltr'>pseudo</span> <span class='ocrx_word' id='word_1_771' title='bbox 3156 3669 3542 3740; x_wconf 86' lang='lat' dir='ltr'>apostolorum</span> <span class='ocrx_word' id='word_1_772' title='bbox 3561 3686 3706 3742; x_wconf 84' lang='lat' dir='ltr'>prae-</span> 
     </span>
    </p>
   </div>
   <div class='ocr_carea' id='block_1_84' title="bbox 2098 3753 3709 3830">
    <p class='ocr_par' dir='ltr' id='par_1_84' title="bbox 2098 3753 3709 3830">
     <span class='ocr_line' id='line_1_84' title="bbox 2098 3753 3709 3830; baseline 0.004 -22"><span class='ocrx_word' id='word_1_773' title='bbox 2098 3753 2424 3809; x_wconf 88' lang='lat' dir='ltr'>dicationes.</span> <span class='ocrx_word' id='word_1_774' title='bbox 2447 3755 2519 3810; x_wconf 85' lang='lat' dir='ltr'>Et</span> <span class='ocrx_word' id='word_1_775' title='bbox 2544 3758 2696 3825; x_wconf 86' lang='lat' dir='ltr'>loqui</span> <span class='ocrx_word' id='word_1_776' title='bbox 2721 3757 2934 3824; x_wconf 89' lang='lat' dir='ltr'>linguis</span> <span class='ocrx_word' id='word_1_777' title='bbox 2962 3759 3130 3812; x_wconf 84' lang='lat' dir='ltr'>nolite</span> <span class='ocrx_word' id='word_1_778' title='bbox 3147 3759 3458 3826; x_wconf 87' lang='lat' dir='ltr'>prohibere.</span> <span class='ocrx_word' id='word_1_779' title='bbox 3484 3758 3556 3814; x_wconf 89' lang='lat' dir='ltr'>Et</span> <span class='ocrx_word' id='word_1_780' title='bbox 3576 3775 3709 3830; x_wconf 85' lang='lat' dir='ltr'>pro-</span> 
     </span>
    </p>
   </div>
   <div class='ocr_carea' id='block_1_85' title="bbox 2098 3842 3707 3919">
    <p class='ocr_par' dir='ltr' id='par_1_85' title="bbox 2098 3842 3707 3919">
     <span class='ocr_line' id='line_1_85' title="bbox 2098 3842 3707 3919; baseline 0.004 -23"><span class='ocrx_word' id='word_1_781' title='bbox 2098 3847 2226 3914; x_wconf 87' lang='lat' dir='ltr'>pter</span> <span class='ocrx_word' id='word_1_782' title='bbox 2248 3842 2601 3910; x_wconf 86' lang='lat' dir='ltr'>charitatem,</span> <span class='ocrx_word' id='word_1_783' title='bbox 2623 3850 2688 3899; x_wconf 90' lang='lat' dir='ltr'>ut</span> <span class='ocrx_word' id='word_1_784' title='bbox 2714 3843 2809 3916; x_wconf 90' lang='lat' dir='ltr'>qui</span> <span class='ocrx_word' id='word_1_785' title='bbox 2829 3849 3066 3916; x_wconf 89' lang='lat' dir='ltr'>possunt</span> <span class='ocrx_word' id='word_1_786' title='bbox 3082 3845 3238 3916; x_wconf 90' lang='lat' dir='ltr'>loqui</span> <span class='ocrx_word' id='word_1_787' title='bbox 3263 3845 3492 3917; x_wconf 88' lang='lat' dir='ltr'>linguis,</span> <span class='ocrx_word' id='word_1_788' title='bbox 3518 3853 3577 3902; x_wconf 87' lang='lat' dir='ltr'>et</span> <span class='ocrx_word' id='word_1_789' title='bbox 3603 3847 3707 3919; x_wconf 88' lang='lat' dir='ltr'>qui</span> 
     </span>
    </p>
   </div>
   <div class='ocr_carea' id='block_1_86' title="bbox 2098 3930 3710 4004">
    <p class='ocr_par' dir='ltr' id='par_1_86' title="bbox 2098 3930 3710 4004">
     <span class='ocr_line' id='line_1_86' title="bbox 2098 3930 3710 4004; baseline 0.004 -19"><span class='ocrx_word' id='word_1_790' title='bbox 2098 3930 2378 4003; x_wconf 88' lang='lat' dir='ltr'>interpres</span> <span class='ocrx_word' id='word_1_791' title='bbox 2405 3931 2578 3987; x_wconf 88' lang='lat' dir='ltr'>fuerit</span> <span class='ocrx_word' id='word_1_792' title='bbox 2613 3949 2859 4004; x_wconf 66' lang='lat' dir='ltr'>praesens</span> <span class='ocrx_word' id='word_1_793' title='bbox 2898 3950 3013 3989; x_wconf 88' lang='lat' dir='ltr'>non</span> <span class='ocrx_word' id='word_1_794' title='bbox 3039 3938 3302 3989; x_wconf 87' lang='lat' dir='ltr'>vetentur</span> <span class='ocrx_word' id='word_1_795' title='bbox 3349 3951 3421 3990; x_wconf 90' lang='lat' dir='ltr'>ne</span> <span class='ocrx_word' id='word_1_796' title='bbox 3468 3935 3571 3991; x_wconf 85' lang='lat' dir='ltr'>ﬁat</span> <span class='ocrx_word' id='word_1_797' title='bbox 3592 3936 3710 3991; x_wconf 87' lang='lat' dir='ltr'>dis-</span> 
     </span>
    </p>
   </div>
   <div class='ocr_carea' id='block_1_87' title="bbox 2099 4019 3707 4081">
    <p class='ocr_par' dir='ltr' id='par_1_87' title="bbox 2099 4019 3707 4081">
     <span class='ocr_line' id='line_1_87' title="bbox 2099 4019 3707 4081; baseline 0.004 -7"><span class='ocrx_word' id='word_1_798' title='bbox 2099 4019 2304 4075; x_wconf 88' lang='lat' dir='ltr'>sensio.</span> <span class='ocrx_word' id='word_1_799' title='bbox 2341 4021 2543 4078; x_wconf 87' lang='lat' dir='ltr'>Omnia</span> <span class='ocrx_word' id='word_1_800' title='bbox 2578 4027 2767 4077; x_wconf 89' lang='lat' dir='ltr'>autem</span> <span class='ocrx_word' id='word_1_801' title='bbox 2793 4023 3010 4077; x_wconf 82' lang='lat' dir='ltr'>honeste</span> <span class='ocrx_word' id='word_1_802' title='bbox 3038 4028 3088 4077; x_wconf 88' lang='lat' dir='ltr'>et</span> <span class='ocrx_word' id='word_1_803' title='bbox 3117 4024 3421 4078; x_wconf 88' lang='lat' dir='ltr'>secundum</span> <span class='ocrx_word' id='word_1_804' title='bbox 3449 4027 3707 4081; x_wconf 89' lang='lat' dir='ltr'>ordinem</span> 
     </span>
    </p>
   </div>
   <div class='ocr_carea' id='block_1_88' title="bbox 2097 4108 3710 4183">
    <p class='ocr_par' dir='ltr' id='par_1_88' title="bbox 2097 4108 3710 4183">
     <span class='ocr_line' id='line_1_88' title="bbox 2097 4108 3710 4183; baseline 0.004 -20"><span class='ocrx_word' id='word_1_805' title='bbox 2097 4111 2256 4177; x_wconf 81' lang='lat' dir='ltr'>ﬁant.</span> <span class='ocrx_word' id='word_1_806' title='bbox 2288 4108 2408 4164; x_wconf 86' lang='lat' dir='ltr'>Hoc</span> <span class='ocrx_word' id='word_1_807' title='bbox 2437 4114 2524 4164; x_wconf 90' lang='lat' dir='ltr'>est</span> <span class='ocrx_word' id='word_1_808' title='bbox 2540 4110 2850 4165; x_wconf 89' lang='lat' dir='ltr'>secundum</span> <span class='ocrx_word' id='word_1_809' title='bbox 2865 4110 3124 4166; x_wconf 88' lang='lat' dir='ltr'>ordinem</span> <span class='ocrx_word' id='word_1_810' title='bbox 3142 4127 3316 4183; x_wconf 86' lang='lat' dir='ltr'>supra</span> <span class='ocrx_word' id='word_1_811' title='bbox 3333 4111 3566 4180; x_wconf 89' lang='lat' dir='ltr'>dictum,</span> <span class='ocrx_word' id='word_1_812' title='bbox 3605 4113 3710 4170; x_wconf 87' lang='lat' dir='ltr'>ho—</span> 
     </span>
    </p>
   </div>
   <div class='ocr_carea' id='block_1_89' title="bbox 2098 4197 3711 4275">
    <p class='ocr_par' dir='ltr' id='par_1_89' title="bbox 2098 4197 3711 4275">
     <span class='ocr_line' id='line_1_89' title="bbox 2098 4197 3711 4275; baseline 0.005 -24"><span class='ocrx_word' id='word_1_813' title='bbox 2098 4201 2258 4252; x_wconf 89' lang='lat' dir='ltr'>neste</span> <span class='ocrx_word' id='word_1_814' title='bbox 2285 4202 2476 4253; x_wconf 87' lang='lat' dir='ltr'>autem</span> <span class='ocrx_word' id='word_1_815' title='bbox 2496 4197 2637 4254; x_wconf 91' lang='lat' dir='ltr'>illud</span> <span class='ocrx_word' id='word_1_816' title='bbox 2671 4199 2754 4266; x_wconf 85' lang='lat' dir='ltr'>lit,</span> <span class='ocrx_word' id='word_1_817' title='bbox 2786 4199 2937 4271; x_wconf 88' lang='lat' dir='ltr'>quod</span> <span class='ocrx_word' id='word_1_818' title='bbox 2984 4216 3114 4255; x_wconf 90' lang='lat' dir='ltr'>cum</span> <span class='ocrx_word' id='word_1_819' title='bbox 3150 4217 3288 4273; x_wconf 88' lang='lat' dir='ltr'>pace</span> <span class='ocrx_word' id='word_1_820' title='bbox 3319 4206 3378 4257; x_wconf 88' lang='lat' dir='ltr'>et</span> <span class='ocrx_word' id='word_1_821' title='bbox 3407 4201 3711 4275; x_wconf 87' lang='lat' dir='ltr'>disciplina</span> 
     </span>
    </p>
   </div>
   <div class='ocr_carea' id='block_1_90' title="bbox 2102 4286 2188 4341">
    <p class='ocr_par' dir='ltr' id='par_1_90' title="bbox 2102 4286 2188 4341">
     <span class='ocr_line' id='line_1_90' title="bbox 2102 4286 2188 4341; baseline -0.012 -1"><span class='ocrx_word' id='word_1_822' title='bbox 2102 4286 2188 4341; x_wconf 82' lang='lat' dir='ltr'>ﬁt.</span> 
     </span>
    </p>
   </div>
   <div class='ocr_carea' id='block_1_91' title="bbox 2168 4376 3710 4452">
    <p class='ocr_par' dir='ltr' id='par_1_91' title="bbox 2168 4376 3710 4452">
     <span class='ocr_line' id='line_1_91' title="bbox 2168 4376 3710 4452; baseline 0.005 -23"><span class='ocrx_word' id='word_1_823' title='bbox 2168 4376 2424 4431; x_wconf 74' lang='lat' dir='ltr'>Mulieres</span> <span class='ocrx_word' id='word_1_824' title='bbox 2475 4378 2543 4431; x_wconf 89' lang='lat' dir='ltr'>in</span> <span class='ocrx_word' id='word_1_825' title='bbox 2583 4379 2803 4433; x_wconf 89' lang='lat' dir='ltr'>ecclesia</span> <span class='ocrx_word' id='word_1_826' title='bbox 2853 4382 3088 4434; x_wconf 88' lang='lat' dir='ltr'>taceant.</span> <span class='ocrx_word' id='word_1_827' title='bbox 3131 4379 3298 4434; x_wconf 90' lang='lat' dir='ltr'>Nunc</span> <span class='ocrx_word' id='word_1_828' title='bbox 3339 4379 3516 4435; x_wconf 91' lang='lat' dir='ltr'>tradit</span> <span class='ocrx_word' id='word_1_829' title='bbox 3556 4380 3710 4452; x_wconf 89' lang='lat' dir='ltr'>quod</span> 
     </span>
    </p>
   </div>
   <div class='ocr_carea' id='block_1_92' title="bbox 2099 4464 3708 4537">
    <p class='ocr_par' dir='ltr' id='par_1_92' title="bbox 2099 4464 3708 4537">
     <span class='ocr_line' id='line_1_92' title="bbox 2099 4464 3708 4537; baseline 0.004 -20"><span class='ocrx_word' id='word_1_830' title='bbox 2099 4464 2538 4535; x_wconf 82' lang='lat' dir='ltr'>praetermiserat</span> <span class='ocrx_word' id='word_1_831' title='bbox 2583 4482 2594 4520; x_wconf 94' lang='lat'><strong>:</strong></span> <span class='ocrx_word' id='word_1_832' title='bbox 2628 4465 2886 4537; x_wconf 90' lang='lat' dir='ltr'>superius</span> <span class='ocrx_word' id='word_1_833' title='bbox 2922 4466 3072 4521; x_wconf 91' lang='lat' dir='ltr'>enim</span> <span class='ocrx_word' id='word_1_834' title='bbox 3126 4467 3301 4523; x_wconf 88' lang='lat' dir='ltr'>velari</span> <span class='ocrx_word' id='word_1_835' title='bbox 3341 4468 3606 4525; x_wconf 89' lang='lat' dir='ltr'>mulieres</span> <span class='ocrx_word' id='word_1_836' title='bbox 3644 4468 3708 4524; x_wconf 89' lang='lat' dir='ltr'>in</span> 
     </span>
    </p>
   </div>
   <div class='ocr_carea' id='block_1_93' title="bbox 2099 4552 3708 4627">
    <p class='ocr_par' dir='ltr' id='par_1_93' title="bbox 2099 4552 3708 4627">
     <span class='ocr_line' id='line_1_93' title="bbox 2099 4552 3708 4627; baseline 0.004 -21"><span class='ocrx_word' id='word_1_837' title='bbox 2099 4552 2333 4607; x_wconf 88' lang='lat' dir='ltr'>ecclesia</span> <span class='ocrx_word' id='word_1_838' title='bbox 2350 4553 2620 4626; x_wconf 69' lang='lat' dir='ltr'>praecipit,</span> <span class='ocrx_word' id='word_1_839' title='bbox 2652 4555 2820 4609; x_wconf 90' lang='lat' dir='ltr'>modo</span> <span class='ocrx_word' id='word_1_840' title='bbox 2846 4559 2913 4610; x_wconf 91' lang='lat' dir='ltr'>ut</span> <span class='ocrx_word' id='word_1_841' title='bbox 2940 4555 3144 4627; x_wconf 65' lang='lat' dir='ltr'>quietae</span> <span class='ocrx_word' id='word_1_842' title='bbox 3162 4557 3280 4612; x_wconf 88' lang='lat' dir='ltr'>sint</span> <span class='ocrx_word' id='word_1_843' title='bbox 3298 4562 3357 4612; x_wconf 89' lang='lat' dir='ltr'>et</span> <span class='ocrx_word' id='word_1_844' title='bbox 3378 4558 3708 4614; x_wconf 78' lang='lat' dir='ltr'>verecunda:</span> 
     </span>
    </p>
   </div>
   <div class='ocr_carea' id='block_1_94' title="bbox 2099 4641 3709 4717">
    <p class='ocr_par' dir='ltr' id='par_1_94' title="bbox 2099 4641 3709 4717">
     <span class='ocr_line' id='line_1_94' title="bbox 2099 4641 3709 4717; baseline 0.004 -21"><span class='ocrx_word' id='word_1_845' title='bbox 2099 4641 2362 4709; x_wconf 89' lang='lat' dir='ltr'>ostendit,</span> <span class='ocrx_word' id='word_1_846' title='bbox 2411 4648 2477 4698; x_wconf 91' lang='lat' dir='ltr'>ut</span> <span class='ocrx_word' id='word_1_847' title='bbox 2507 4659 2690 4714; x_wconf 63' lang='lat' dir='ltr'>operae</span> <span class='ocrx_word' id='word_1_848' title='bbox 2726 4643 2973 4715; x_wconf 90' lang='lat' dir='ltr'>pretium</span> <span class='ocrx_word' id='word_1_849' title='bbox 3005 4645 3082 4700; x_wconf 83' lang='lat' dir='ltr'>sit</span> <span class='ocrx_word' id='word_1_850' title='bbox 3119 4644 3254 4717; x_wconf 91' lang='lat' dir='ltr'>quia</span> <span class='ocrx_word' id='word_1_851' title='bbox 3312 4646 3589 4702; x_wconf 89' lang='lat' dir='ltr'>velantur.</span> <span class='ocrx_word' id='word_1_852' title='bbox 3643 4647 3709 4702; x_wconf 92' lang='lat' dir='ltr'>Si</span> 
     </span>
    </p>
   </div>
   <div class='ocr_carea' id='block_1_95' title="bbox 2097 4729 3710 4803">
    <p class='ocr_par' dir='ltr' id='par_1_95' title="bbox 2097 4729 3710 4803">
     <span class='ocr_line' id='line_1_95' title="bbox 2097 4729 3710 4803; baseline 0.004 -19"><span class='ocrx_word' id='word_1_853' title='bbox 2097 4729 2249 4784; x_wconf 89' lang='lat' dir='ltr'>enim</span> <span class='ocrx_word' id='word_1_854' title='bbox 2288 4730 2475 4802; x_wconf 86' lang='lat' dir='ltr'>imago</span> <span class='ocrx_word' id='word_1_855' title='bbox 2506 4730 2609 4786; x_wconf 77' lang='lat' dir='ltr'>Dei</span> <span class='ocrx_word' id='word_1_856' title='bbox 2650 4730 2737 4786; x_wconf 91' lang='lat' dir='ltr'>vir</span> <span class='ocrx_word' id='word_1_857' title='bbox 2775 4739 2881 4800; x_wconf 89' lang='lat' dir='ltr'>est,</span> <span class='ocrx_word' id='word_1_858' title='bbox 2923 4749 3038 4788; x_wconf 89' lang='lat' dir='ltr'>non</span> <span class='ocrx_word' id='word_1_859' title='bbox 3072 4733 3302 4803; x_wconf 86' lang='lat' dir='ltr'>femina,</span> <span class='ocrx_word' id='word_1_860' title='bbox 3339 4740 3398 4790; x_wconf 91' lang='lat' dir='ltr'>et</span> <span class='ocrx_word' id='word_1_861' title='bbox 3426 4736 3546 4790; x_wconf 86' lang='lat' dir='ltr'>viro</span> <span class='ocrx_word' id='word_1_862' title='bbox 3576 4734 3710 4791; x_wconf 90' lang='lat' dir='ltr'>sub-</span> 
     </span>
    </p>
   </div>
   <div class='ocr_carea' id='block_1_96' title="bbox 2091 4819 3711 4893">
    <p class='ocr_par' dir='ltr' id='par_1_96' title="bbox 2091 4819 3711 4893">
     <span class='ocr_line' id='line_1_96' title="bbox 2091 4819 3711 4893; baseline 0.004 -19"><span class='ocrx_word' id='word_1_863' title='bbox 2091 4820 2243 4890; x_wconf 89' lang='lat' dir='ltr'>jecta</span> <span class='ocrx_word' id='word_1_864' title='bbox 2270 4824 2359 4874; x_wconf 90' lang='lat' dir='ltr'>est</span> <span class='ocrx_word' id='word_1_865' title='bbox 2374 4819 2498 4891; x_wconf 84' lang='lat' dir='ltr'>lege</span> <span class='ocrx_word' id='word_1_866' title='bbox 2523 4826 2760 4889; x_wconf 71' lang='lat' dir='ltr'>naturae,</span> <span class='ocrx_word' id='word_1_867' title='bbox 2803 4827 3015 4893; x_wconf 90' lang='lat' dir='ltr'>quanto</span> <span class='ocrx_word' id='word_1_868' title='bbox 3040 4823 3222 4893; x_wconf 86' lang='lat' dir='ltr'>magis</span> <span class='ocrx_word' id='word_1_869' title='bbox 3250 4823 3313 4877; x_wconf 92' lang='lat' dir='ltr'>in</span> <span class='ocrx_word' id='word_1_870' title='bbox 3345 4823 3594 4880; x_wconf 89' lang='lat' dir='ltr'>Ecclesia</span> <span class='ocrx_word' id='word_1_871' title='bbox 3613 4825 3711 4880; x_wconf 88' lang='lat' dir='ltr'>de-</span> 
     </span>
    </p>
   </div>
   <div class='ocr_carea' id='block_1_97' title="bbox 2096 4907 3712 4986">
    <p class='ocr_par' dir='ltr' id='par_1_97' title="bbox 2096 4907 3712 4986">
     <span class='ocr_line' id='line_1_97' title="bbox 2096 4907 3712 4986; baseline 0.005 -24"><span class='ocrx_word' id='word_1_872' title='bbox 2096 4907 2233 4962; x_wconf 88' lang='lat' dir='ltr'>bent</span> <span class='ocrx_word' id='word_1_873' title='bbox 2257 4924 2379 4963; x_wconf 87' lang='lat' dir='ltr'>esse</span> <span class='ocrx_word' id='word_1_874' title='bbox 2424 4907 2689 4980; x_wconf 60' lang='lat' dir='ltr'>subjectae</span> <span class='ocrx_word' id='word_1_875' title='bbox 2715 4915 2948 4982; x_wconf 88' lang='lat' dir='ltr'>propter</span> <span class='ocrx_word' id='word_1_876' title='bbox 2989 4912 3367 4966; x_wconf 87' lang='lat' dir='ltr'>reverentiam</span> <span class='ocrx_word' id='word_1_877' title='bbox 3414 4913 3557 4984; x_wconf 86' lang='lat' dir='ltr'>ejus,</span> <span class='ocrx_word' id='word_1_878' title='bbox 3609 4914 3712 4986; x_wconf 87' lang='lat' dir='ltr'>qui</span> 
     </span>
    </p>
   </div>
   <div class='ocr_carea' id='block_1_98' title="bbox 2097 4996 3707 5073">
    <p class='ocr_par' dir='ltr' id='par_1_98' title="bbox 2097 4996 3707 5073">
     <span class='ocr_line' id='line_1_98' title="bbox 2097 4996 3707 5073; baseline 0.005 -22"><span class='ocrx_word' id='word_1_879' title='bbox 2097 4996 2248 5052; x_wconf 90' lang='lat' dir='ltr'>illius</span> <span class='ocrx_word' id='word_1_880' title='bbox 2288 4997 2508 5068; x_wconf 90' lang='lat' dir='ltr'>legatus</span> <span class='ocrx_word' id='word_1_881' title='bbox 2550 5003 2654 5065; x_wconf 91' lang='lat' dir='ltr'>est,</span> <span class='ocrx_word' id='word_1_882' title='bbox 2699 4998 2796 5070; x_wconf 92' lang='lat' dir='ltr'>qui</span> <span class='ocrx_word' id='word_1_883' title='bbox 2833 4999 3007 5054; x_wconf 89' lang='lat' dir='ltr'>etiam</span> <span class='ocrx_word' id='word_1_884' title='bbox 3035 4999 3141 5054; x_wconf 90' lang='lat' dir='ltr'>viri</span> <span class='ocrx_word' id='word_1_885' title='bbox 3192 5006 3362 5073; x_wconf 89' lang='lat' dir='ltr'>caput</span> <span class='ocrx_word' id='word_1_886' title='bbox 3386 5007 3474 5058; x_wconf 88' lang='lat' dir='ltr'>est</span> <span class='ocrx_word' id='word_1_887' title='bbox 3509 5002 3522 5056; x_wconf 88' lang='lat' dir='ltr'>l</span> <span class='ocrx_word' id='word_1_888' title='bbox 3578 5001 3707 5059; x_wconf 79' lang='lat' dir='ltr'>Non</span> 
     </span>
    </p>
   </div>
   <div class='ocr_carea' id='block_1_99' title="bbox 2098 5087 3709 5158">
    <p class='ocr_par' dir='ltr' id='par_1_99' title="bbox 2098 5087 3709 5158">
     <span class='ocr_line' id='line_1_99' title="bbox 2098 5087 3709 5158; baseline 0.004 -18"><span class='ocrx_word' id='word_1_889' title='bbox 2098 5087 2249 5141; x_wconf 87' lang='lat' dir='ltr'>enim</span> <span class='ocrx_word' id='word_1_890' title='bbox 2270 5088 2625 5155; x_wconf 88' lang='lat' dir='ltr'>permittitur</span> <span class='ocrx_word' id='word_1_891' title='bbox 2651 5089 2728 5142; x_wconf 88' lang='lat' dir='ltr'>eis</span> <span class='ocrx_word' id='word_1_892' title='bbox 2757 5090 2924 5158; x_wconf 89' lang='lat' dir='ltr'>loqui,</span> <span class='ocrx_word' id='word_1_893' title='bbox 2957 5089 3051 5143; x_wconf 90' lang='lat' dir='ltr'>sed</span> <span class='ocrx_word' id='word_1_894' title='bbox 3073 5090 3324 5145; x_wconf 86' lang='lat' dir='ltr'>subditas</span> <span class='ocrx_word' id='word_1_895' title='bbox 3341 5106 3450 5145; x_wconf 85' lang='lat' dir='ltr'>esse</span> <span class='ocrx_word' id='word_1_896' title='bbox 3471 5093 3618 5146; x_wconf 88' lang='lat' dir='ltr'>sicut</span> <span class='ocrx_word' id='word_1_897' title='bbox 3653 5096 3709 5147; x_wconf 87' lang='lat' dir='ltr'>et</span> 
     </span>
    </p>
   </div>
   <div class='ocr_carea' id='block_1_100' title="bbox 2099 5174 3710 5240">
    <p class='ocr_par' dir='ltr' id='par_1_100' title="bbox 2099 5174 3710 5240">
     <span class='ocr_line' id='line_1_100' title="bbox 2099 5174 3710 5240; baseline 0.003 -10"><span class='ocrx_word' id='word_1_898' title='bbox 2099 5177 2186 5230; x_wconf 73' lang='lat' dir='ltr'>lea:</span> <span class='ocrx_word' id='word_1_899' title='bbox 2210 5175 2367 5230; x_wconf 87' lang='lat' dir='ltr'>dicit.</span> <span class='ocrx_word' id='word_1_900' title='bbox 2399 5174 2545 5240; x_wconf 86' lang='lat' dir='ltr'>Quid</span> <span class='ocrx_word' id='word_1_901' title='bbox 2572 5174 2708 5231; x_wconf 90' lang='lat' dir='ltr'>dicit</span> <span class='ocrx_word' id='word_1_902' title='bbox 2733 5175 2822 5230; x_wconf 85' lang='lat' dir='ltr'>lex</span> <span class='ocrx_word' id='word_1_903' title='bbox 2839 5177 2866 5229; x_wconf 75' lang='grc' dir='ltr'><em>Ἰ</em></span> <span class='ocrx_word' id='word_1_904' title='bbox 2894 5175 2984 5234; x_wconf 79' lang='lat' dir='ltr'>Ad</span> <span class='ocrx_word' id='word_1_905' title='bbox 3011 5180 3204 5233; x_wconf 79' lang='lat' dir='ltr'>virum</span> <span class='ocrx_word' id='word_1_906' title='bbox 3231 5182 3396 5234; x_wconf 85' lang='lat' dir='ltr'>tuum</span> <span class='ocrx_word' id='word_1_907' title='bbox 3426 5182 3710 5235; x_wconf 82' lang='lat' dir='ltr'>conversio</span> 
     </span>
    </p>
   </div>
   <div class='ocr_carea' id='block_1_101' title="bbox 2099 5265 3706 5340">
    <p class='ocr_par' dir='ltr' id='par_1_101' title="bbox 2099 5265 3706 5340">
     <span class='ocr_line' id='line_1_101' title="bbox 2099 5265 3706 5340; baseline 0.004 -23"><span class='ocrx_word' id='word_1_908' title='bbox 2099 5268 2215 5330; x_wconf 85' lang='lat' dir='ltr'>tua,</span> <span class='ocrx_word' id='word_1_909' title='bbox 2247 5269 2300 5318; x_wconf 88' lang='lat' dir='ltr'>et</span> <span class='ocrx_word' id='word_1_910' title='bbox 2328 5266 2440 5333; x_wconf 88' lang='lat' dir='ltr'>ipse</span> <span class='ocrx_word' id='word_1_911' title='bbox 2466 5265 2854 5320; x_wconf 84' lang='lat' dir='ltr'>dominabitur</span> <span class='ocrx_word' id='word_1_912' title='bbox 2882 5267 2986 5320; x_wconf 86' lang='lat' dir='ltr'>tui.</span> <span class='ocrx_word' id='word_1_913' title='bbox 3020 5267 3134 5321; x_wconf 89' lang='lat' dir='ltr'>Lex</span> <span class='ocrx_word' id='word_1_914' title='bbox 3161 5266 3282 5323; x_wconf 68' lang='lat' dir='ltr'>haec</span> <span class='ocrx_word' id='word_1_915' title='bbox 3312 5268 3572 5340; x_wconf 86' lang='lat' dir='ltr'>specialis</span> <span class='ocrx_word' id='word_1_916' title='bbox 3594 5273 3706 5324; x_wconf 90' lang='lat' dir='ltr'>est.</span> 
     </span>
    </p>
   </div>
   <div class='ocr_carea' id='block_1_102' title="bbox 2104 5350 3711 5413">
    <p class='ocr_par' dir='ltr' id='par_1_102' title="bbox 2104 5350 3711 5413">
     <span class='ocr_line' id='line_1_102' title="bbox 2104 5350 3711 5413; baseline 0.005 -7"><span class='ocrx_word' id='word_1_917' title='bbox 2104 5350 2250 5407; x_wconf 89' lang='lat' dir='ltr'>Hinc</span> <span class='ocrx_word' id='word_1_918' title='bbox 2277 5351 2419 5406; x_wconf 88' lang='lat' dir='ltr'>Sara</span> <span class='ocrx_word' id='word_1_919' title='bbox 2434 5351 2739 5407; x_wconf 91' lang='lat' dir='ltr'>Dominum</span> <span class='ocrx_word' id='word_1_920' title='bbox 2764 5353 2998 5409; x_wconf 85' lang='lat' dir='ltr'>vocabat</span> <span class='ocrx_word' id='word_1_921' title='bbox 3022 5353 3309 5411; x_wconf 83' lang='lat' dir='ltr'>Abraham</span> <span class='ocrx_word' id='word_1_922' title='bbox 3333 5355 3518 5413; x_wconf 88' lang='lat' dir='ltr'>virum</span> <span class='ocrx_word' id='word_1_923' title='bbox 3537 5373 3711 5413; x_wconf 87' lang='lat' dir='ltr'>suum</span> 
     </span>
    </p>
   </div>
   <div class='ocr_carea' id='block_1_103' title="bbox 2105 5440 3706 5516">
    <p class='ocr_par' dir='ltr' id='par_1_103' title="bbox 2105 5440 3706 5516">
     <span class='ocr_line' id='line_1_103' title="bbox 2105 5440 3706 5516; baseline 0.004 -20"><span class='ocrx_word' id='word_1_924' title='bbox 2105 5440 2252 5509; x_wconf 84' lang='lat' dir='ltr'>(Gen.</span> <span class='ocrx_word' id='word_1_925' title='bbox 2288 5442 2476 5511; x_wconf 67' lang='lat' dir='ltr'>xvm),</span> <span class='ocrx_word' id='word_1_926' title='bbox 2500 5457 2565 5514; x_wconf 71' lang='lat' dir='ltr'>ac</span> <span class='ocrx_word' id='word_1_927' title='bbox 2601 5457 2704 5513; x_wconf 89' lang='lat' dir='ltr'>per</span> <span class='ocrx_word' id='word_1_928' title='bbox 2742 5440 2848 5497; x_wconf 89' lang='lat' dir='ltr'>hoc</span> <span class='ocrx_word' id='word_1_929' title='bbox 2879 5442 2943 5498; x_wconf 88' lang='lat' dir='ltr'>in</span> <span class='ocrx_word' id='word_1_930' title='bbox 2985 5441 3208 5500; x_wconf 89' lang='lat' dir='ltr'>silentio</span> <span class='ocrx_word' id='word_1_931' title='bbox 3244 5443 3520 5516; x_wconf 89' lang='lat' dir='ltr'>jubentur</span> <span class='ocrx_word' id='word_1_932' title='bbox 3559 5463 3706 5513; x_wconf 87' lang='lat' dir='ltr'>esse,</span> 
     </span>
    </p>
   </div>
   <div class='ocr_carea' id='block_1_104' title="bbox 2101 5528 3712 5609">
    <p class='ocr_par' dir='ltr' id='par_1_104' title="bbox 2101 5528 3712 5609">
     <span class='ocr_line' id='line_1_104' title="bbox 2101 5528 3712 5609; baseline 0.006 -26"><span class='ocrx_word' id='word_1_933' title='bbox 2101 5544 2174 5584; x_wconf 90' lang='lat' dir='ltr'>ne</span> <span class='ocrx_word' id='word_1_934' title='bbox 2192 5528 2526 5602; x_wconf 74' lang='lat' dir='ltr'>supradictae</span> <span class='ocrx_word' id='word_1_935' title='bbox 2555 5529 2696 5602; x_wconf 85' lang='lat' dir='ltr'>legis</span> <span class='ocrx_word' id='word_1_936' title='bbox 2715 5531 3001 5590; x_wconf 87' lang='lat' dir='ltr'>sententia</span> <span class='ocrx_word' id='word_1_937' title='bbox 3021 5533 3363 5603; x_wconf 77' lang='lat' dir='ltr'>inﬁrmatur,</span> <span class='ocrx_word' id='word_1_938' title='bbox 3403 5537 3564 5609; x_wconf 77' lang='lat' dir='ltr'>cujus</span> <span class='ocrx_word' id='word_1_939' title='bbox 3590 5552 3712 5593; x_wconf 88' lang='lat' dir='ltr'>me-</span> 
     </span>
    </p>
   </div>
  </div>
