3900 6196
243 259 310 316 137
621 259 1200 330 ENARRATIONUM
1237 259 1315 313 IN
1355 258 1506 312 EPP.
1550 258 1762 314 PAULI

1911 263 1938 312 ι.
1982 260 2077 314 x1.
2111 289 2175 299 —
2225 259 2302 313 IN
2343 259 2562 316 EPIST.
2609 264 2632 318 Ι
2669 263 2765 316 AD
2805 261 2972 316 con.
3131 239 3138 244 ’
3340 265 3451 323 iss

239 401 326 438 mor
353 385 469 438 Sara
495 381 613 436 viro
641 399 746 436 suo
773 387 896 436 erat
923 381 1192 452 subjecta,
1227 381 1372 435 sicut
1398 381 1611 436 dictum
1645 389 1748 450 est,
1771 388 1820 446 Α
1907 385 1973 438 Et
1994 386 2129 452 quia
2151 388 2455 438 resurrexit
2479 389 2644 440 tertia
2663 387 2750 440 die
2768 389 3075 441 secundum
3097 386 3448 458 Scripturas.

237 473 424 544 quamvis
445 488 552 526 una
568 488 701 526 caro
729 471 806 525 sit
836 490 847 524 :
881 471 979 525 sed
999 469 1216 525 duabus
1239 487 1304 524 ex
1331 471 1513 525 causis
1531 471 1763 542 jubetur
1847 471 2052 526 Omnia
2080 473 2138 526 in
2175 473 2282 527 ﬁde
2303 474 2494 528 clausa
2520 480 2670 539 sunt,
2696 475 2822 528 ideo
2850 475 2954 529 sub
2985 491 3227 546 persona
3253 478 3450 550 populi

234 579 318 615 esse
345 560 585 631 subjecta,
635 561 771 632 quia
817 566 875 614 et
922 577 988 614 ex
1015 560 1134 613 viro
1154 565 1239 614 est
1257 566 1315 614 et
1334 577 1436 631 per
1463 561 1644 631 ipsam
1681 560 1764 615 in-
1847 561 2184 615 resurrectio
2215 561 2438 616 Domini
2460 563 2628 617 tertio
2661 563 2752 616 die
2790 563 2983 618 futura
3021 565 3302 636 descripta
3329 572 3454 634 est;

231 651 648 722 navitpeccatum.
669 648 734 704 Si
751 656 939 704 autem
973 651 1109 718 quid
1141 652 1330 703 volunt
1358 651 1562 703 discere
1591 651 1759 715 domi,
1848 649 1985 703 dicit
2015 650 2166 704 enim
2201 651 2343 705 Osee
2373 652 2648 722 propheta
2674 669 2684 704 :
2714 653 2834 706 Post
2864 653 3096 708 biduum
3127 659 3176 708 et
3204 657 3268 709 in
3298 658 3458 710 tertio

227 743 330 793 siros
347 755 450 792 suos
469 741 808 807 interrogent
839 758 856 793 :
886 744 1042 806 turpe
1064 743 1139 792 est
1159 740 1309 792 enim
1333 741 1593 792 nullieres
1616 741 1767 807 loqui
1847 739 1936 791 die
1972 754 2343 807 resurgemus,
2395 745 2444 793 et
2478 743 2721 794 vivemus
2765 743 2828 794 in
2858 747 3138 809 conspectu
3169 746 3286 811 ejus
3313 743 3454 814 (Ose.

231 833 271 882 in
287 829 493 882 Ecclesia.
523 827 714 898 Turpe
744 833 850 890 est,
883 826 1017 898 quia
1043 830 1239 880 contra
1268 825 1626 897 disciplinam
1657 833 1761 892 est,
1851 831 1946 891 vr).
1981 828 2045 882 In
2075 827 2298 882 Christo
2350 828 2501 882 enim
2548 845 2744 883 omnes
2786 830 3178 896 resurrexisse,
3213 831 3359 886 sicut
3399 832 3459 887 in

226 923 272 970 ut
298 916 504 970 indomo
540 916 664 976 Dei.
709 917 806 987 qui
855 932 949 969 cas
981 915 1260 985 subjectas
1309 915 1442 969 viris
1481 916 1597 970 suis
1645 933 1766 970 esse
1851 915 2034 969 Adam
2065 921 2318 970 mortuos
2351 933 2492 983 esse,
2518 934 2686 971 nemo
2709 917 2962 972 ﬁdelium
2990 919 3250 990 denegat.
3277 919 3458 974 Simili

229 1005 450 1076 praecepit,
492 1004 562 1058 de
607 1005 734 1076 lege
777 1005 932 1076 loqui
979 1008 1341 1075 praesumant,
1385 1020 1515 1058 cum
1569 1004 1767 1070 sciant,
1855 1004 2023 1059 modo
2055 1011 2112 1059 et
2145 1005 2201 1058 in
2233 1005 2458 1060 Psalmo
2488 1005 2592 1060 sub
2623 1023 2864 1078 persona
2901 1007 3145 1062 hominis
3185 1008 3358 1064 etiam
3390 1009 3460 1064 de

227 1094 310 1148 illic
325 1093 451 1146 viros
467 1093 672 1148 habere
695 1093 1024 1165 primatum,
1050 1099 1107 1147 et
1123 1091 1229 1146 sibi
1252 1092 1434 1162 magis
1455 1099 1773 1164 competere
1857 1093 2082 1148 Christo
2112 1094 2392 1164 signiﬁcat
2416 1094 2606 1149 dicens
2629 1113 2641 1148 :
2670 1096 2872 1150 Omnia
2897 1096 3176 1164 subjecisti
3201 1099 3301 1151 sub
3315 1099 3468 1167 pedi-

227 1183 330 1236 utin
347 1183 490 1236 domo
511 1183 614 1236 Dei
640 1181 903 1254 precibus
923 1187 1138 1247 vacent,
1163 1181 1419 1252 linguam
1443 1182 1770 1248 retinentes,
1860 1184 1960 1238 bus
1987 1187 2120 1252 ejus,
2147 1187 2331 1252 gloria
2360 1189 2408 1238 et
2429 1185 2631 1239 honore
2659 1187 2937 1238 coronasti
2963 1201 3089 1259 eum
3124 1187 3288 1255 (Psal.
3319 1189 3460 1256 VIII).

224 1287 348 1326 aures
373 1271 636 1342 aperiant,
684 1277 752 1326 ut
790 1271 1027 1325 audiant
1071 1271 1350 1342 quomodo
1389 1270 1779 1326 misericordia
1931 1272 1998 1326 Et
2027 1275 2162 1341 quia
2188 1275 2340 1326 visus
2380 1277 2455 1326 est
2486 1273 2684 1342 Cephea,
2717 1272 2776 1326 id
2804 1277 2908 1340 est,
2942 1273 3130 1340 Petro,
3161 1273 3268 1328 hoc
3293 1274 3466 1330 etiam

223 1360 298 1414 Dei
313 1365 520 1414 mortem
548 1360 685 1414 vicit
709 1377 812 1430 per
834 1360 1143 1424 Christum,
1171 1376 1293 1430 quae
1329 1376 1430 1430 per
1462 1377 1556 1414 eas
1580 1376 1780 1431 regna-
1863 1360 2138 1431 Cleophas
2183 1365 2242 1414 et
2283 1361 2489 1416 Emaus
2532 1365 2816 1416 testantur
2861 1360 2920 1414 in
2964 1361 3266 1432 Evangelia
3305 1363 3469 1434 juxta

225 1449 296 1502 vit.
320 1448 444 1504 Nam
472 1449 518 1502 si
549 1449 800 1502 audeant
831 1449 891 1504 in
920 1448 1164 1502 Ecclesia
1193 1448 1365 1519 loqui.
1400 1449 1640 1502 dedecus
1675 1454 1782 1517 est,
1872 1450 2100 1515 Lucam,
2126 1449 2274 1520 quod
2305 1449 2567 1520 apparuit
2593 1449 2697 1504 soli
2721 1449 2906 1503 Petro.
2933 1449 2996 1504 Et
3014 1455 3135 1518 post
3163 1451 3271 1504 hac
3299 1453 3469 1506 unde-

231 1537 333 1607 quia
356 1537 540 1590 idcirco
570 1538 834 1592 velantur
870 1543 934 1592 ut
964 1537 1276 1592 humiliatze
1315 1544 1642 1609 appareant.
1676 1538 1789 1592 Illa:
1872 1540 2000 1592 cim.
2031 1538 2100 1592 Et
2127 1538 2231 1592 hoc
2260 1537 2318 1592 in
2361 1537 2660 1607 Evangelia
2697 1537 3036 1592 continetur.
3077 1540 3282 1593 Deinde
3315 1541 3470 1594 visus

231 1631 378 1680 autem
403 1642 457 1679 se
487 1626 896 1680 inverecundus
929 1626 1250 1691 ostendunt,
1276 1627 1425 1698 quod
1449 1633 1506 1680 et
1534 1627 1668 1680 viris
1696 1643 1791 1697 op-
1872 1631 1945 1680 est
1957 1629 2087 1694 plus
2103 1643 2270 1695 quam
2285 1629 2601 1695 quingentis
2610 1628 2887 1694 fratribus
2905 1629 3078 1681 simul
3087 1627 3347 1682 .Hocsua
3360 1627 3472 1682 ﬁde

227 1713 462 1784 probrium
495 1721 582 1769 est
615 1734 626 1768 :
660 1715 720 1770 in
751 1715 1056 1770 mulierum
1089 1715 1241 1770 enim
1282 1715 1583 1770 insolentia
1609 1715 1781 1770 etiam
1803 1702 1850 1761 Β
1868 1714 2135 1785 loquitur.
2161 1715 2242 1768 Ex
2261 1715 2462 1784 quibus
2484 1717 2654 1769 multi
2677 1719 2906 1768 manent
2927 1731 3096 1784 usque
3125 1717 3323 1784 adhuc,
3344 1719 3472 1787 qui-

221 1803 374 1857 mariti
398 1809 684 1858 notantur.
1865 1805 1997 1857 dam
2029 1808 2218 1858 autem
2243 1805 2613 1858 dormierunt.
2647 1803 2728 1858 De
2759 1802 2847 1858 his
2880 1803 3082 1875 quibus
3119 1811 3250 1876 post
3285 1821 3472 1861 resur-

791 1945 1027 2000 CAPUT
1054 1947 1151 2000 xv
1866 1891 2178 1992 rectionem
2197 1891 2742 2000 app'aruitDominus
2761 1897 2898 2000 tunc
2920 1893 3135 2000 mplto:
3144 1893 3294 2000 dicit
3303 1893 3474 1994 fuisse

199 2028 207 2032 _
467 2051 472 2052 γ
785 1981 912 2052 9‘“
939 1981 1016 2000 ν*
1055 1981 1170 2000 ⁴¹”
1865 1981 1926 2034 in
1983 1997 2232 2052 corpore.
2281 1983 2486 2036 Deinde
2525 1984 2686 2035 visus
2733 1987 2808 2036 est
2841 1983 3054 2036 Jacobo.
3100 1981 3477 2052 Singulariter

230 2051 1785 2142 τνιξςφξμΑῃρξέιξιξξςτξέε,ρῖᾳέίαχεξξξέττξσερρζηέῖηξηζφῖηιίι-
1866 2051 2094 2124 18001)οῨ
2117 2069 2382 2142 apparuit
2419 2070 2565 2126 sicut
2597 2076 2655 2124 et
2688 2071 2875 2138 Petro,
2906 2069 3053 2140 quod
3081 2051 3366 2142 ideoiputo
3398 2071 3476 2126 fa-

305 2124 443 2176 tendo
463 2124 998 2178 ωηυηδηάαίίθηωη
1036 2124 1299 2178 ἀκίνδηῶ
1334 2125 1674 2192 evangelica
1869 2163 2047 2226 ctum,
2077 2124 2482 2213 ut‘multifaria
2501 2159 2836 2230 apparentia
2855 2124 3025 2212 ﬁdem
3053 2124 3481 2215 resurrectionis

271 2247 448 2301 Notum
496 2251 693 2300 autem
729 2245 879 2300 vobis
930 2247 1090 2314 facio,
1138 2248 1363 2314 fratres,
1418 2247 1784 2314 Evangelium
1872 2247 2144 2301 ﬁrmaret.
2190 2249 2395 2301 Deinde
2433 2249 2691 2314 apostolis
2733 2248 3006 2300 omnibus.
3040 2247 3254 2302 Iterum
3299 2248 3478 2302 omni-

215 2336 331 2404 quod
359 2337 664 2403 pradieaoi
697 2335 868 2400 vobis,
903 2336 1046 2404 quod
1071 2341 1120 2388 et
1162 2337 1462 2404 accepistis,
1508 2337 1570 2388 in
1605 2351 1708 2403 quo
1737 2339 1787 2388 et
1869 2335 1975 2390 bus
2005 2335 2271 2407 apostolis
2298 2335 2449 2389 visus
2490 2339 2576 2388 est
2623 2334 2682 2388 in
2721 2339 2931 2399 monte,
2965 2334 3059 2388 ubi
3106 2335 3479 2392 constituerat

209 2426 349 2488 statis,
375 2441 470 2493 per
492 2425 646 2494 quod
673 2429 720 2478 et
747 2426 1053 2478 saluamini
1083 2443 1098 2477 :
1131 2440 1241 2494 qua
1273 2426 1487 2478 ratione
1513 2425 1787 2491 praedica-
1870 2423 1982 2478 illis
2013 2425 2197 2490 Jesus,
2241 2422 2386 2477 sicut
2421 2423 2595 2477 refert
2624 2422 2897 2477 Mathaeus
2925 2423 3298 2493 Evangelista.
3329 2426 3477 2480 Ante

211 2515 352 2566 τενὺη
369 2515 574 2568 reb-issi
595 2516 809 2579 tenetis,
835 2515 949 2566 nisi
968 2515 1188 2580 frustra
1206 2513 1518 2566 credidistis
1541 2511 1780 2581 (Ambr.)
1871 2511 1930 2566 in
1958 2512 2272 2566 Jerusalem
2300 2517 2428 2583 post
2469 2511 2589 2566 dies
2628 2517 2752 2566 octo
2781 2511 3206 2567 resurrectionis
3251 2529 3386 2580 sua),
3417 2513 3474 2568 id

113 2663 127 2674 _
211 2598 432 2656 Ostendit
455 2602 590 2667 illis,
615 2602 755 2672 quia
781 2600 909 2655 siin
938 2601 1041 2655 hac
1063 2617 1233 2655 causa
1253 2615 1374 2671 quae
1393 2599 1646 2671 subjecta
1675 2606 1778 2668 est,
1873 2607 1976 2666 est,
2003 2601 2296 2655 Dominica
2314 2600 2422 2667 die,
2443 2601 2636 2672 januis
2656 2600 2879 2666 clausis,
2898 2599 3131 2655 intravit
3147 2601 3216 2655 ad
3232 2601 3474 2674 discipu-

208 2690 524 2746 atraditione
549 2692 683 2761 ejus
703 2690 920 2745 seducti
941 2695 1090 2756 sunt,
1115 2689 1484 2762 perdiderunt
1502 2689 1649 2760 quod
1670 2704 1786 2743 cre-
1873 2690 1956 2744 los
1992 2695 2058 2744 ut
2079 2690 2306 2744 Thomas
2327 2689 2550 2744 animus
2579 2690 2920 2756 ﬁrmaretur,
2951 2689 3097 2744 sicut
3139 2689 3274 2744 dicit
3309 2692 3476 2746 Joan-

209 2777 456 2834 diderunt.
478 2780 687 2836 Omnis
715 2779 867 2834 enim
895 2796 1021 2850 spes
1041 2779 1393 2834 credentium
1417 2779 1475 2832 in
1495 2779 1601 2832 hoc
1619 2795 1787 2833 sensu
1871 2795 1971 2834 nes
2001 2779 2287 2850 apostolus
2325 2797 2336 2832 :
2371 2780 2435 2834 In
2457 2784 2648 2832 monte
2667 2777 2819 2832 enim
2844 2777 3182 2849 intelligitur
3208 2780 3477 2836 mandata

209 2874 294 2930 est,
315 2869 438 2938 quia
463 2869 686 2924 mortui
714 2875 1030 2939 resurgent.
1065 2868 1224 2932 Quod
1264 2873 1454 2922 autem
1487 2866 1640 2933 dicit,
1673 2886 1699 2918 (ς
1728 2867 1789 2921 in
1869 2867 1982 2922 illis
2009 2868 2250 2922 dedisse.
2286 2869 2469 2937 (Aug.)
2500 2869 2627 2922 Non
2661 2866 2820 2934 dixit,
2854 2867 3038 2938 primo
3075 2868 3340 2940 apparuit
3376 2869 3477 2924 Ce-

205 2971 294 3026 quo
317 2963 370 3010 et
394 2959 576 3022 statis,
617 2976 646 3008 ι)
680 2957 752 3011 de
780 2956 870 3010 his
899 2957 1050 3022 dicit,
1085 2957 1180 3028 qui
1213 2957 1363 3011 ﬁrmi
1398 2961 1561 3010 erant
1593 2956 1651 3010 in
1679 2955 1790 3010 ﬁde
1818 3018 1856 3029 _
1873 2957 2016 3029 phze,
2048 2973 2182 3012 nam
2202 2963 2352 3011 esset
2369 2957 2734 3022 contrarium,
2758 2956 2905 3027 quod
2933 2956 3115 3027 primo
3143 2957 3472 3013 mulieribus

199 3018 488 3100 traditionis
507 3018 719 3117 hujus;
743 3018 1075 3117 promiscuis
1094 3018 1246 3100 enim
1265 3045 1533 3116 loquitur,
1556 3050 1622 3098 ut
1649 3049 1706 3098 et
1732 3045 1790 3099 hi
1813 3018 2202 3117 Clapparuisse
2227 3046 2286 3100 in
2310 3045 2605 3115 Evangelio
2627 3018 2851 3115 legitur.
2884 3018 3105 3112 Postea,
3139 3043 3340 3116 inquit,
3369 3061 3476 3101 un-

203 3133 280 3204 qui
309 3135 396 3188 ﬁxi
425 3135 484 3190 in
520 3135 640 3190 ﬁde
667 3141 802 3189 sunt
821 3135 1124 3205 gaudeant,
1155 3141 1212 3190 et
1239 3134 1334 3206 qui
1359 3139 1563 3189 nutant
1587 3133 1791 3206 corripi
1875 3135 2056 3190 decim
2078 3133 2438 3206 quibuslibet,
2465 3151 2576 3205 qua
2591 3134 2732 3188 hora
2751 3133 2906 3198 libet,
2935 3133 3058 3204 ipso
3077 3140 3269 3189 tamen
3288 3151 3472 3190 resur-

197 3237 246 3274 se
261 3221 476 3277 doleant
495 3230 556 3279 et
573 3223 956 3294 corrigantur.
990 3225 1222 3278 Tradidi
1249 3227 1398 3278 enim
1425 3225 1573 3278 vobis
1593 3227 1792 3292 impri-
1875 3224 2139 3280 rectionis
2161 3223 2269 3278 die.
2289 3223 2502 3278 Deinde
2523 3222 2785 3294 apparuit
2799 3222 2925 3292 plus
2946 3239 3116 3292 quam
3147 3223 3470 3294 quingentis

199 3313 304 3374 mis,
331 3315 469 3382 quod
498 3318 553 3367 et
593 3315 798 3381 accepi,
833 3315 1100 3382 quoniam
1127 3313 1380 3368 Christus
1413 3317 1670 3366 mortuus
1709 3317 1786 3366 est
1875 3313 2140 3368 fratribus
2177 3313 2364 3379 simul,
2409 3311 2522 3366 sive
2566 3311 2658 3365 isti
2705 3327 2834 3364 cum
2877 3310 2990 3365 illis
3022 3312 3284 3367 undecim
3313 3319 3476 3368 erant

193 3414 276 3467 pro
292 3404 516 3469 peccatis
540 3405 757 3456 nostris
775 3402 1078 3456 secundum
1098 3403 1438 3470 Scripturas.
1469 3400 1786 3471 Scripturas
1869 3402 2194 3474 congregati
2223 3401 2428 3456 clausis
2449 3399 2610 3455 ostiis
2634 3406 2862 3471 propter
2890 3405 3106 3454 metum
3125 3401 3468 3470 Iudaeorum,

195 3487 513 3544 Testamenti
541 3489 776 3544 Veteris
823 3494 1119 3556 memorat,
1146 3505 1268 3560 quae
1297 3489 1548 3544 futuram
1579 3489 1788 3560 passio-
1870 3493 2020 3546 unde
2047 3508 2175 3546 cum
2207 3491 2414 3546 exisset
2440 3489 2702 3553 Thomas,
2731 3488 2886 3542 venit
2920 3489 2992 3542 ad
3021 3505 3118 3544 eos
3144 3491 3174 3544 J
3179 3507 3326 3557 esus,
3354 3490 3470 3545 sive

195 3591 302 3632 nem
320 3578 546 3634 Domini
573 3578 940 3645 cecinerunt;
964 3577 1102 3633 dicit
1127 3578 1280 3632 enim
1309 3577 1484 3632 Isaias
1513 3578 1789 3649 propheta
1873 3585 2000 3650 post
2027 3586 2150 3634 octo
2178 3579 2304 3633 illos
2331 3579 2451 3633 dies
2480 3577 2704 3650 quando
2724 3575 2864 3631 libet
2883 3577 3024 3631 nihil
3046 3577 3218 3633 habet
3233 3579 3469 3634 adversi.

195 3667 300 3726 Usa.
331 3670 430 3735 Lm)
465 3685 484 3720 :
533 3670 600 3723 Ut
646 3671 759 3722 ovis
803 3669 880 3721 ad
926 3668 1336 3722 immolandum
1373 3669 1570 3722 ductus
1607 3672 1698 3731 est,
1735 3672 1793 3722 et
1875 3669 2095 3734 Postea,
2117 3667 2319 3739 inquit,
2352 3666 2614 3738 apparuit
2642 3665 2866 3720 Jacobo.
2887 3666 3033 3720 Nam
3061 3671 3198 3720 tunc
3223 3667 3492 3738 primum-

191 3751 314 3808 inter
333 3761 558 3823 cetera,
599 3757 881 3823 Quoniam
913 3759 1188 3810 tolletura
1219 3750 1368 3810 terra
1396 3759 1514 3809 vita
1542 3759 1689 3824 ejus;
1723 3757 1792 3810 ab
1875 3757 2123 3828 accipere
2164 3755 2434 3810 debemus
2477 3755 2661 3808 visum
2705 3769 2828 3808 esse
2873 3753 3098 3821 Jacobo,
3145 3755 3244 3809 sed
3283 3754 3474 3826 aliqua

191 3844 560 3912 iniquitatibus
568 3848 780 3914 populi
795 3847 904 3898 mei
923 3845 1119 3898 ductus
1137 3849 1212 3898 est
1233 3846 1307 3898 ad
1325 3845 1712 3899 mortem.ch
1730 3844 1788 3900 in
1875 3846 2101 3917 propria
2123 3843 2575 3899 manifestatione
2604 3841 2986 3913 singulariter.
3014 3841 3228 3897 Deinde
3255 3847 3475 3914 aposto—

189 3929 380 3988 Christo
406 3939 656 4006 reperta
681 3939 992 3988 noscuntur
1019 3951 1031 3986 :
1061 3933 1160 3988 sed
1181 3933 1316 4004 quia
1341 3933 1612 4004 praeteriti
1647 3938 1790 3988 tem-
1871 3924 1940 3988 lis
1972 3933 2252 3999 omnibus,
2270 3950 2374 3988 nec
2393 3932 2504 3986 illis
2524 3937 2659 3986 tunc
2679 3931 2946 4003 primum,
2971 3932 3069 3986 sed
3086 3932 3208 4003 jam
3227 3927 3292 3988 ut
3315 3931 3474 3987 fami-

184 4021 313 4088 poris
337 4021 694 4093 signiﬁcatio
731 4021 971 4088 videtur,
1015 4039 1128 4076 non
1169 4027 1255 4076 est
1298 4021 1616 4090 adversum,
1656 4023 1790 4094 quia
1870 4023 2067 4077 liarius
2089 4026 2514 4077 conversaretur
2532 4037 2660 4075 cum
2685 4021 2765 4075 eis
2793 4037 2972 4092 usque
2999 4021 3070 4076 ad
3095 4021 3246 4076 diem
3277 4037 3472 4077 ascen-

185 4110 308 4180 apud
342 4111 552 4180 Deum,
589 4110 696 4183 qui
733 4111 989 4166 omnium
1019 4111 1284 4182 praescius
1325 4116 1435 4178 est,
1466 4111 1608 4166 nihil
1647 4111 1797 4166 futu-
1877 4111 2052 4166 sionis
2074 4129 2206 4167 suae.
2233 4113 2535 4167 Novissime
2561 4115 2746 4166 autem
2776 4113 3052 4177 omnium,
3086 4116 3356 4183 tanquam
3385 4113 3478 4166 ab-

188 4213 292 4252 rum
317 4207 440 4267 est;
483 4199 630 4256 ideo
657 4201 743 4255 sic
777 4199 932 4267 dicit,
976 4199 1124 4272 quod
1178 4199 1435 4254 futurum
1477 4205 1564 4254 est
1611 4199 1790 4266 nobis,
1879 4203 2054 4254 ortivo
2082 4203 2232 4254 risus
2259 4205 2336 4254 est
2363 4204 2413 4253 et
2456 4199 2620 4254 mihi.
2653 4197 2894 4268 (Ambr.)
2939 4198 3220 4269 Apparuit
3249 4199 3332 4254 illi
3368 4199 3479 4272 pri-

189 4288 324 4358 quasi
351 4288 574 4346 factmn
607 4290 704 4344 sit.
749 4289 896 4344 Nam
935 4288 995 4344 in
1027 4287 1362 4361 Apocalypsi
1393 4288 1624 4344 Joannis
1655 4305 1859 4396 apo»D
1881 4305 2038 4343 mum
2065 4288 2124 4342 in
2156 4288 2312 4354 cmlo,
2345 4293 2473 4359 post
2501 4286 2686 4342 oranti
2715 4286 2775 4340 in
2802 4287 3034 4358 templo.
3053 4285 3384 4342 Abortivum
3415 4305 3477 4343 se

189 4377 296 4430 ποιὶ
322 4377 534 4433 dicitur
568 4380 764 4447 (Apoc.
795 4381 928 4446 xvn)
959 4396 970 4431 :
1004 4377 1428 4448 Agnus,inquit,
1457 4380 1556 4446 qui
1585 4380 1790 4432 occisus
1809 4373 1859 4396 ”
1877 4377 2036 4442 dixit,
2076 4377 2208 4447 quia
2231 4380 2390 4429 extra
2415 4381 2640 4448 tempus
2672 4381 2838 4430 natus
2865 4374 2925 4428 in
2948 4373 3171 4428 Christo
3200 4375 3476 4445 apostola-

189 4470 251 4516 est
273 4481 306 4517 α
329 4471 740 4521 constitutione
757 4467 961 4520 mundi
983 4486 1000 4521 :
1023 4465 1158 4539 quia
1176 4465 1328 4520 enim
1352 4465 1518 4520 aliter
1535 4481 1648 4520 non
1673 4465 1790 4532 ﬁet,
1877 4473 2001 4521 tum
2029 4465 2242 4536 accepit
2265 4466 2386 4536 jam
2417 4464 2638 4520 Christo
2668 4464 2726 4518 in
2755 4463 2920 4517 caelos
2945 4467 3170 4533 recepto
3195 4461 3254 4516 in
3283 4478 3470 4519 carne.

188 4569 335 4622 quam
353 4556 462 4610 scit
482 4556 672 4620 Deus,
704 4555 916 4610 factum
946 4555 1154 4609 dicitur
1177 4573 1189 4607 :
1223 4553 1384 4608 nobis
1411 4555 1562 4609 enim
1592 4555 1658 4609 ﬁt
1680 4570 1794 4609 non
1877 4555 1988 4624 Ego
2012 4557 2161 4609 enim
2183 4571 2307 4608 sum
2325 4556 2597 4612 minimus
2616 4554 3005 4620 apostolorum.
3027 4549 3303 4606 Humiliat
3316 4569 3395 4620 se,
3418 4559 3477 4609 et

187 4638 303 4710 Deo,
339 4645 472 4717 quia
501 4643 668 4718 apud
687 4643 868 4698 Deum
889 4644 1029 4698 nihil
1053 4649 1158 4709 est,
1193 4643 1343 4714 quod
1369 4642 1623 4698 futurum
1647 4642 1795 4698 dica-
1877 4643 2151 4715 temporis
2179 4659 2406 4697 causam
2435 4641 2542 4695 sibi
2578 4637 2803 4694 ascribit
2835 4655 2848 4691 :
2879 4643 3135 4710 tempore
3176 4639 3328 4694 enim
3365 4641 3475 4697 mi-

188 4736 280 4784 tur.
310 4732 378 4787 Et
417 4734 478 4788 in
521 4733 758 4806 psalmo
800 4733 882 4787 ait
917 4751 927 4784 :
973 4734 1240 4788 Dominus
1282 4735 1536 4800 regnavit
1573 4748 1609 4785 a
1641 4735 1795 4800 ligno
1878 4749 1984 4787 nor
2005 4737 2108 4797 est,
2139 4748 2252 4786 non
2283 4730 2575 4800 dignitate.
2601 4727 2707 4784 Sed
2739 4725 2872 4799 quia
2899 4733 2957 4783 et
2995 4733 3321 4800 persecutor
3349 4728 3475 4799 fuit,

191 4820 334 4882 (Psal.
359 4825 497 4892 xcv)
526 4840 542 4888 ;
580 4825 648 4876 et
665 4821 887 4893 Moyses
915 4821 986 4876 de
1015 4824 1177 4876 cruce
1207 4821 1330 4891 ejus
1357 4819 1438 4874 ita
1463 4819 1800 4890 signiﬁcavit
1884 4821 2117 4875 inclinat
2143 4837 2203 4874 se
2234 4819 2442 4873 dicens.
2472 4819 2579 4886 Qui
2608 4833 2721 4872 non
2748 4833 2873 4871 sum
2901 4819 3106 4886 dignus
3133 4821 3322 4873 vocari
3353 4835 3480 4889 apo-

187 4905 382 4964 dicens:
406 4913 574 4966 Tunc
596 4911 855 4964 videbitis
875 4913 1048 4964 vitam
1068 4916 1308 4964 vestram
1321 4911 1647 4978 pendentem
1669 4915 1799 4964 ante
1881 4913 2066 4975 stolus,
2089 4912 2354 4978 quoniam
2362 4911 2675 4976 persecutus
2689 4922 2814 4961 sum
2829 4907 3476 4980 EcclesiamDei.(Greg.)

191 5001 344 5052 castos
370 5006 609 5064 uestros,
647 5003 697 5052 et
731 5015 840 5054 non
870 5001 1096 5054 credetis
1123 4997 1310 5069 (Deut.
1343 4998 1553 5066 xxvm).
1587 4995 1799 5055 Idcirco
1884 4996 2435 5052 VideamusPaulum
2453 4995 2732 5066 quomodo
2751 4995 3132 5066 apostolorum
3148 4993 3253 5048 alis
3270 5001 3475 5064 tactus,

188 5099 300 5156 ego
327 5088 386 5143 in
413 5088 639 5144 eadem
677 5104 865 5154 causa,
898 5093 960 5142 et
983 5087 1160 5143 futuri
1187 5087 1460 5159 temporis
1491 5086 1794 5158 aliquando
1885 5092 2054 5157 atque
2069 5086 2136 5141 ad
2150 5083 2539 5157 pcenitentiam
2560 5083 2829 5138 excitatus
2847 5083 3050 5148 fuerat,
3066 5083 3161 5153 qui
3179 5084 3479 5156 malapraa-

191 5173 555 5245 signiﬁcantia
583 5175 828 5248 ponitur
855 5193 927 5232 ne
952 5195 987 5232 a
1015 5176 1294 5250 perversis
1329 5193 1442 5231 non
1471 5177 1541 5232 de
1571 5176 1792 5232 Christo
1879 5175 2060 5231 teritee
2079 5173 2484 5248 persecutionis
2505 5190 2638 5240 suae,
2659 5170 3478 5243 etapostoloruminnocentem

191 5261 376 5322 dictam
400 5265 784 5332 defendatur,
801 5266 850 5322 si
868 5272 1052 5322 totum
1071 5265 1234 5338 quasi
1255 5265 1603 5339 prazteritum
1624 5265 1794 5337 signi-
1878 5265 2050 5320 vitam
2077 5261 2690 5331 considerans,dicebat
2707 5279 2718 5314 :
2737 5262 2847 5330 Ego
2867 5261 3018 5314 enim
3044 5275 3171 5314 sum
3202 5264 3477 5319 minimus

194 5352 378 5410 ﬂaret.
398 5357 470 5411 Et
490 5358 649 5426 quia
678 5359 920 5424 sepultus
950 5362 1044 5410 est.
1077 5355 1231 5411 Nulli
1251 5353 1487 5410 dubium
1507 5360 1792 5409 mortuum
1887 5357 2274 5424 apostolorum,
2307 5357 2406 5422 qui
2435 5368 2545 5407 non
2575 5367 2703 5406 sum
2737 5352 2940 5418 dignus
2968 5351 3158 5403 vocari
3188 5355 3480 5420 apostolus,

193 5444 444 5514 Itpnltum
463 5459 634 5510 esse,
661 5442 808 5498 sicut
825 5443 963 5499 dicit
991 5444 1166 5500 Isaias
1191 5443 1470 5516 propheta
1491 5445 1620 5509 (lsa.
1654 5445 1790 5512 LIII):
1889 5446 2021 5513 quia
2063 5447 2376 5512 persecutus
2425 5458 2549 5496 sum
2596 5441 2890 5496 Ecclesiam
2935 5439 3051 5492 Dei.
3099 5438 3487 5496 Consideravit

197 5528 244 5583 Et
265 5534 392 5588 dabo
417 5537 622 5590 nactos
646 5547 752 5600 pro
770 5537 1058 5602 sepultura
1085 5537 1223 5604 ejus.
1889 5531 2094 5606 quippe
2122 5531 2501 5604 apostolorum
2527 5527 2926 5597 innocentiam,
2955 5532 3014 5583 et
3029 5533 3258 5600 propter
3284 5545 3488 5601 praece-
3537 5589 3544 5596 ,

590 5632 876 5694 Pauor“
910 5632 1064 5694 CXII
3131 5627 3170 5688 5
