4034 6162
397 161 493 218 139

978 165 1039 219 Β.
1083 160 1354 216 ΗΑΒΛΝΙ
1404 159 1632 216 MAURI
1673 159 1979 216 ARClllEF

2064 159 2374 216 MOGUNT.
2419 159 2714 216 Ol'ERUM
2755 154 2938 214 PARS
2977 160 3074 218 ΙΙΙ.

3568 161 3588 215 ’1
3600 163 3668 219 40

387 288 614 344 dentem
635 277 910 346 malitiam
941 287 1064 342 vilis
1088 287 1146 340 in
1168 287 1290 356 ejus
1318 285 1491 338 oculis
1522 285 1767 340 factaest
1800 285 1982 340 omnis
2001 287 2052 346 Α
2071 285 2234 340 lcstia
2264 283 2458 340 voletis
2483 303 2494 338 :
2529 286 2724 340 Gratia
2752 289 2937 338 autem
2965 287 3064 340 Dei
3100 302 3220 340 sum
3255 287 3316 340 id
3343 287 3486 354 quod
3519 303 3662 342 sum.

389 393 557 448 quam
570 377 866 434 exhibebat
890 376 948 430 in
965 374 1211 430 Ecclesia
1235 374 1548 428 sollicitudo
1578 390 1698 438 sua,
1736 380 1792 428 et
1815 391 1982 445 quam

388 465 594 522 multos
615 481 682 522 ex
691 471 918 536 accepto
932 464 1218 520 intellectu
1241 463 1578 534 praecederet
1591 479 1702 518 non
1721 463 1982 528 attendit,

386 553 519 626 quia
548 554 773 611 illorum
788 551 1168 612 innocentiam
1192 567 1434 623 pensans
1453 557 1866 624 persecutorem
1889 551 1988 606 ali-

389 642 612 714 quando
631 658 693 700 se
713 640 1094 697 fuissedoluit.
1111 640 1219 696 Sed
1233 639 1542 706 videamus,
1561 640 1608 696 si
1631 640 1754 711 quis
1767 657 1831 694 ex
1845 655 1981 711 apo-

384 731 544 790 stolis
574 745 725 797 eum,
737 730 834 802 qui
857 730 1032 788 Paulo
1063 729 1229 789 datus
1254 734 1340 784 cst
1365 729 1710 786 intellectum
1723 729 1981 786 miratur.

385 820 510 892 Ipse
535 817 698 879 nobis
715 818 1100 891 apostolorum
1124 818 1339 889 primus
1360 817 1730 890 requirendus
1753 823 1855 884 est,
1887 819 1982 890 qui

381 907 684 980 discipulos
706 907 1018 966 admonens
1036 907 1150 964 ait:
1177 907 1393 964 Sicutet
1422 908 1782 964 charissimus
1802 909 1984 974 frater

385 1002 567 1057 noster
577 999 788 1054 Paulus
810 997 1112 1052 secundum
1131 997 1240 1052 sibi
1264 997 1455 1052 datam
1481 998 1813 1066 sapientiam
1849 998 1984 1050 scri-

379 1089 490 1156 psit
518 1086 666 1144 vobis
694 1105 712 1140 :
737 1083 894 1142 Sicut
917 1090 967 1140 et
997 1088 1061 1140 in
1101 1086 1356 1140 omnibus
1381 1085 1635 1153 Epistolis
1665 1087 1888 1154 loquens
1920 1087 1983 1138 in

379 1177 479 1242 eis,
507 1174 674 1234 dehis
691 1175 964 1244 inquibus
978 1173 1648 1242 suntquzdamdifﬁcilia
1680 1175 1976 1238 intellectu,

379 1279 502 1334 qua
557 1263 766 1320 indocti
804 1267 857 1316 et
903 1263 1186 1319 instabiles
1229 1261 1536 1331 depravant
1580 1262 1658 1327 (II
1703 1263 1846 1316 Petr.
1879 1263 1978 1330 ιιι.)

385 1351 623 1410 Miratur
666 1352 858 1422 itaque
903 1349 964 1406 in
998 1348 1260 1407 omnibus
1313 1349 1582 1420 apostolis
1638 1349 1848 1406 Paulus
1891 1349 1980 1403 in-

383 1439 732 1506 nocentium;
764 1438 1006 1498 miratur
1029 1437 1316 1510 apostolus
1343 1437 1558 1510 primus
1581 1437 1638 1492 in
1669 1437 1842 1492 Paulo
1888 1454 1980 1492 sa-

383 1528 676 1600 pientiam.
709 1527 831 1586 Alis
883 1543 1018 1598 ergo
1049 1543 1110 1582 se
1141 1532 1402 1598 tangunt,
1434 1527 1532 1598 qui
1569 1527 1700 1584 inde
1737 1527 1981 1583 vicissim

2070 373 2306 441 (Ambu)
2341 374 2454 428 Deo
2487 373 2585 426 dat
2610 372 2870 441 gloriam,
2897 373 2992 443 qui
3029 389 3158 428 eum
3191 373 3378 444 elegit,
3405 380 3461 428 et
3489 375 3669 445 digni-

2067 469 2240 516 tatem
2262 479 2422 516 suam
2443 478 2554 516 non
2570 461 2675 516 sibi
2696 460 2964 528 defendit,
2987 461 3087 516 sed
3107 461 3406 533 indignum
3427 480 3488 517 se
3510 463 3664 534 dicit;

2067 551 2216 606 unde
2241 567 2369 604 vere
2399 551 2526 623 plus
2565 555 2832 616 meretur,
2866 550 3046 605 sciens
3075 551 3281 606 dixisse
3319 551 3624 611 Dominum
3652 571 3663 606 :

2069 642 2176 708 Qui
2196 656 2248 693 se
2277 643 2480 693 exultat
2502 639 2901 692 lmmitiabitur
2920 639 3070 704 (Luc.
3098 643 3236 708 XIV).

2138 728 2204 784 Et
2228 731 2415 796 gratia
2456 731 2572 796 ejus
2611 731 2671 781 in
2704 744 2786 782 me
2823 744 3000 785 vacua
3041 745 3153 784 non
3187 731 3320 798 fuit.
3363 730 3480 784 Hoc
3508 729 3664 796 dicit,

2068 816 2200 890 quia
2222 833 2335 872 non
2355 823 2584 891 propter
2601 816 2749 888 quod
2769 822 3096 886 persecutus
3115 823 3220 883 est,
3245 818 3525 875 minorem
3541 835 3668 889 gra-

2064 905 2204 958 tiam
2241 904 2300 960 in
2337 904 2654 976 apostolatu
2692 905 2924 978 accepit.
2965 904 3070 960 Sed
3116 908 3501 962 abundantius
3547 911 3666 964 illis

2065 995 2319 1048 omnibus
2349 995 2613 1048 laborari.
2658 993 2832 1047 Addit
2866 1009 3116 1061 causam,
3161 995 3294 1065 quia
3331 1012 3445 1052 non
3484 996 3666 1052 solum

2065 1081 2376 1138 minoratus
2404 1098 2516 1142 non
2537 1088 2640 1147 est,
2673 1083 2771 1136 sed
2801 1089 2859 1138 et
2879 1083 3122 1158 amplius
3151 1090 3382 1156 propter
3407 1091 3668 1142 constan-

2063 1171 2220 1236 tiam,
2249 1187 2359 1245 qua
2386 1171 2610 1241 vigebat
2637 1171 2695 1228 in
2723 1172 2944 1226 Christo
2966 1171 3212 1226 afﬂictus
3242 1178 3346 1238 est,
3383 1173 3534 1244 quod
3553 1190 3668 1229 non

2063 1277 2209 1330 aegre
2239 1260 2424 1314 ferens
2459 1259 2682 1330 dignior
2711 1260 2890 1316 factus
2919 1267 3022 1314 est.
3057 1261 3179 1318 Non
3211 1278 3302 1329 ego
3329 1267 3538 1328 autem,
3577 1264 3668 1318 sed

2061 1351 2248 1419 gratia
2266 1351 2366 1411 1)_ei
2387 1365 2615 1404 mecum.
2653 1349 2736 1402 Ne
2765 1366 2825 1403 se
2847 1349 3110 1404 extulisse
3132 1350 3417 1420 jactanter
3443 1357 3667 1424 putare-

2063 1443 2174 1503 tur,
2205 1437 2398 1493 statim
2429 1456 2488 1492 se
2517 1437 2796 1504 humiliat,
2831 1455 2958 1492 cum
2987 1439 3092 1492 hoc
3130 1439 3316 1509 ipsum
3346 1456 3456 1496 non
3484 1441 3664 1512 magis

2063 1525 2188 1592 sibi,
2211 1526 2309 1580 sed
2338 1527 2438 1582 Dei
2466 1527 2663 1599 gratiae
2683 1527 2930 1583 ascribit.
2956 1533 3021 1581 ut
3048 1543 3272 1600 semper
3296 1544 3523 1583 omnem
3548 1529 3666 1600 glo-

381 1616 535 1677 sead
559 1614 871 1688 profectum
911 1616 1172 1682 excitant,
1204 1615 1353 1672 unde
1391 1615 1596 1672 volant.
1632 1615 1749 1672 Hoc
1789 1615 1981 1688 itaque
2003 1608 2210 1671 Briam
2237 1622 2488 1687 reportet
2522 1617 2596 1670 ad
2622 1617 2821 1683 Deum,
2852 1617 3002 1672 unde
3033 1617 3162 1687 jure
3193 1617 3522 1675 exaltandus
3551 1625 3656 1676 est.

384 1705 740 1778 omnipotens
759 1705 908 1764 Deus
935 1705 1056 1776 egit
1091 1705 1152 1762 in
1196 1703 1456 1760 cordibus
1491 1703 1802 1772 hominum,
1833 1706 1979 1777 quod

381 1794 518 1854 facit
542 1795 602 1856 in
629 1793 952 1866 regionibus
976 1802 1277 1854 terrarum.
1318 1793 1548 1852 Poterat
1584 1809 1826 1865 namque
1860 1795 1981 1850 uni-

381 1882 838 1955 cuilibetregioni
857 1883 1071 1940 fructus
1100 1899 1296 1938 omnes
1325 1882 1592 1937 tribuere.
1624 1882 1733 1938 Sed
1762 1883 1809 1942 si
1839 1899 1981 1940 una-

385 1972 650 2046 quaslibet
673 1972 830 2044 regio
844 1971 1078 2050 alterius
1099 1971 1345 2042 regionis
1371 1971 1646 2028 fructibus
1688 1988 1802 2030 non
1831 1971 1979 2028 indi-

2067 1703 2252 1772 (Aug.)
2284 1705 2410 1758 Non
2450 1704 2584 1775 quia
2621 1705 2740 1776 ipse
2776 1705 2918 1758 nihil
2957 1704 3087 1759 boni
3128 1705 3349 1776 agebat,
3393 1707 3492 1765 sed
3530 1707 3666 1784 quia

2063 1792 2206 1846 nihil
2227 1797 2438 1863 ageret,
2463 1793 2513 1847 si
2542 1793 2636 1847 ille
2658 1810 2771 1848 non
2799 1794 3110 1864 adjuvaret.
3139 1796 3330 1863 (Cass)
3361 1795 3509 1849 Nam
3533 1812 3662 1850 cum

2063 1880 2493 1948 dicit,laboravi,
2536 1888 2800 1936 conatum
2837 1883 3050 1954 proprii
3095 1883 3373 1952 signiﬁcat
3403 1883 3658 1950 arbitrii;

2060 1986 2190 2024 cum
2219 1976 2410 2026 autem
2437 1971 2590 2037 dicit,
2624 1987 2736 2026 non
2761 1987 2870 2039 ego,
2902 1973 2994 2025 sed
3022 1975 3212 2039 gratia
3241 1973 3357 2039 Dei,
3391 1973 3661 2032 virtutem

379 2067 560 2138 geret,
615 2059 1070 2120 communionem
1111 2076 1244 2118 cum
1297 2060 1477 2118 altera
1507 2075 1622 2114 non
1669 2059 1974 2116 habuisset.
2062 2058 2262 2113 divinos
2283 2059 2644 2129 protectionis
2667 2059 2946 2127 ostendit;
2969 2077 3099 2114 cum
3118 2060 3272 2127 dicit,
3293 2077 3526 2126 meeum,
3549 2077 3663 2116 non

383 2149 543 2208 Unde
597 2150 663 2208 ﬁt
687 2155 754 2208 ut
779 2148 910 2205 huic
943 2149 1078 2215 vini,
1111 2148 1207 2202 alii
1241 2165 1370 2203 vero
1399 2149 1526 2216 olei,
1575 2148 1982 2206 abundantiam
2063 2147 2241 2201 otioso
2260 2163 2443 2218 neque
2468 2164 2682 2214 securo,
2707 2148 2804 2202 sed
2825 2148 3104 2206 laboranti
3127 2165 3192 2203 ac
3221 2149 3518 2204 desudanti
3536 2166 3663 2204 eam

383 2237 629 2305 tribuat;
659 2236 804 2298 hanc
829 2235 1191 2294 multitudine
1212 2237 1508 2308 pecudum,
1540 2237 1697 2296 illam
1725 2237 1980 2295 ubertate
2061 2241 2416 2309 cooperatam
2441 2235 2610 2291 fuisse
2639 2237 2913 2304 declarat;
2939 2237 3086 2310 quod
3117 2237 3288 2292 etiam
3320 2238 3378 2292 in
3406 2237 3510 2294 Job
3539 2255 3665 2309 pro-

379 2327 674 2384 abundare
713 2326 882 2386 iaciat
908 2325 1164 2396 frugum:
1199 2333 1265 2382 ut
1303 2341 1432 2382 cum
1466 2326 1565 2382 illa
1593 2317 1806 2380 deferet
1833 2327 1981 2398 quod
2065 2323 2351 2380 batissimo
2379 2326 2592 2380 athleta
2615 2343 2736 2392 suo,
2769 2343 2897 2384 cum
2921 2342 3052 2382 eum
3079 2326 3334 2382 diabolus
3363 2327 3664 2398 expetisset

385 2417 498 2474 ista
519 2431 634 2476 non
645 2415 834 2481 habet,
877 2421 935 2469 et
963 2415 1075 2470 ista
1103 2414 1290 2470 reddit
1315 2415 1462 2484 quod
1494 2415 1591 2470 illa
1618 2432 1730 2470 non
1757 2415 1977 2481 detulit,
2061 2413 2132 2466 ad
2163 2413 2448 2484 singulare
2483 2420 2770 2469 certamen
2809 2415 3055 2470 divinam
3089 2415 3328 2485 legimus
3354 2416 3660 2486 providisse

384 2521 486 2576 per
515 2503 968 2562 communionem
1010 2503 1210 2574 gratiae
1236 2503 1345 2558 sibi
1383 2504 1551 2559 simul
1586 2504 1757 2561 etiam
1791 2504 1982 2561 divisse
2057 2501 2357 2572 justitiam.
2383 2503 2444 2558 Si
2463 2503 2614 2558 enim
2635 2511 2830 2558 contra
2858 2503 3152 2560 inimicum
3171 2521 3284 2559 non
3305 2521 3409 2559 sua
3429 2505 3654 2572 virtute,

384 2600 551 2654 terra;
571 2594 886 2663 conjuncta:
903 2591 1035 2646 sint.
1065 2592 1221 2650 Sicut
1243 2609 1380 2662 ergo
1394 2592 1652 2662 regiones
1675 2599 2004 2660 terrarum,-
2063 2590 2160 2646 sed
2187 2591 2288 2646 Dei
2318 2591 2490 2646 solius
2515 2591 2714 2646 fuisset
2738 2593 2921 2663 gratia
2949 2599 3280 2664 protegente
3305 2610 3656 2665 congressus,

383 2683 466 2742 ita
492 2688 628 2740 sunt
655 2687 872 2738 mentes
899 2686 1242 2746 sanctorum,
1288 2697 1410 2752 quae
1437 2681 1573 2736 dum
1601 2681 1843 2738 vicissim
1873 2681 1980 2736 sibi
2061 2686 2118 2734 et
2145 2679 2354 2752 absque
2383 2680 2499 2737 ulla
2517 2681 2721 2736 virtute
2749 2681 3036 2752 patientiae
3067 2698 3200 2750 sure,
3231 2682 3420 2737 divina
3439 2689 3660 2740 tantum

381 2769 677 2828 conferunt
705 2771 850 2842 quod
884 2775 1236 2845 acceperunt,
1263 2769 1424 2840 quasi
1462 2769 1678 2826 fructus
1717 2787 1850 2828 suos
1891 2788 1976 2826 re-
2058 2769 2426 2841 opitulatione
2438 2770 2717 2836 suffultus,
2732 2769 3071 2842 multiplices
3087 2770 3212 2826 illas
3229 2788 3294 2825 ac
3308 2777 3430 2825 tota
3443 2771 3658 2827 inimici

375 2859 577 2930 aiones
601 2858 928 2930 regionibus
957 2859 1311 2932 impendunt,
1343 2859 1483 2918 utin
1501 2875 1618 2915 una
1636 2875 1831 2916 omnes
1851 2860 1977 2916 cha-
2011 2857 2386 2932 _crudelitate
2436 2859 2696 2929 quaesitas
2741 2859 3119 2914 tentationum
3168 2861 3344 2914 moles
3389 2866 3447 2914 et
3489 2860 3662 2915 exitia

379 2927 549 3010 ritate
568 2927 903 3020 junguntur.
934 2927 1058 3003 Sed
1080 2947 1230 3006 inter
1255 2947 1374 3006 haec
1397 2948 1686 3004 sciendum
1710 2955 1814 3015 est,
1848 2949 1982 3024 quia
1998 2927 2043 2994 ο
2059 2947 2398 3017 pertulisset,
2435 2927 2714 3025 quomodo
2742 2965 2855 3002 non
2893 2948 3048 3002 illam
3087 2949 3492 3004 calumniosam
3533 2949 3650 3004 dia-

380 3039 528 3097 sicut
563 3038 727 3098 electi
773 3037 981 3110 quique
1018 3037 1122 3094 hoc
1159 3053 1382 3108 semper
1411 3037 1469 3092 in
1505 3037 1632 3094 aliis
1678 3038 1980 3096 attendunt
2059 3034 2216 3090 holus
2237 3051 2404 3106 quam
2429 3036 2586 3110 prius
2613 3036 2878 3092 emiserat
2902 3054 3092 3091 vocem
3121 3037 3386 3092 adversus
3415 3054 3544 3092 eum
3567 3039 3660 3110 ju-

383 3128 533 3199 quod
555 3143 596 3187 β
638 3126 756 3184 Deo
783 3127 988 3185 melius
1029 3132 1366 3198 acceperunt
1409 3143 1579 3197 quam
1609 3126 1736 3198 ipsi,
1779 3133 1844 3184 ut
1881 3143 1976 3182 eos
2059 3124 2200 3204 stius
2248 3124 2506 3179 iterasset
2546 3143 2557 3178 :
2601 3127 2870 3194 Nunquid
2907 3129 3085 3194 gratis
3129 3128 3227 3180 Job
3280 3130 3408 3188 colit
3457 3129 3653 3194 Deum,

381 3216 489 3276 sibi
514 3217 578 3272 in
607 3215 946 3287 cogitatione
981 3215 1297 3287 praeferant,
1329 3232 1501 3287 seque
1528 3215 1640 3274 illis
1670 3216 1727 3272 in
1745 3216 1976 3272 humili-
2061 3229 2242 3268 nonne
2263 3219 2323 3267 tu
2349 3217 2572 3269 vallasti
2597 3232 2743 3282 eum,
2765 3232 2830 3268 ac
2853 3217 3080 3268 domum
3101 3219 3236 3285 ejus.
3263 3222 3312 3270 et
3334 3219 3656 3273 universam

382 3312 500 3367 tate
547 3303 942 3372 substernunt;
967 3304 1047 3358 ita
1078 3303 1446 3376 reproborum
1481 3321 1645 3360 mens
1687 3322 1977 3378 nunquam
2059 3304 2426 3357 substantiam
2453 3306 2568 3371 ejus
2604 3320 2716 3373 per
2740 3307 3061 3368 circuitum,
3095 3307 3186 3358 sed
3227 3308 3390 3374 aufer
3421 3321 3656 3359 manum

380 3395 718 3460 considerat,
765 3393 904 3465 quid
954 3395 1102 3452 alter
1137 3393 1268 3449 boni
1307 3393 1568 3464 amplius,
1609 3411 1778 3465 quam
1834 3395 1972 3466 ipse,
2061 3397 2234 3458 tuam,
2267 3391 2323 3446 id
2355 3398 2458 3458 est,
2491 3393 2612 3450 sine
2643 3409 2774 3448 eum
2814 3393 2932 3448 suis
2957 3409 3181 3448 mecum
3224 3393 3432 3448 viribus
3461 3393 3654 3450 decer-

381 3483 483 3544 sed
509 3483 645 3556 quid
673 3483 804 3543 boni
833 3483 954 3554 ipse
983 3482 1226 3554 amplius
1255 3498 1424 3554 quam
1449 3483 1595 3538 alter
1614 3483 1817 3538 habeat
1839 3503 1852 3552 ;
1876 3501 1976 3539 ne-
2060 3487 2198 3544 tare,
2230 3483 2342 3534 nisi
2376 3484 2438 3535 in
2465 3483 2664 3549 faciem
2693 3487 2849 3538 tuam
2885 3483 3216 3538 benedia‘crit
3248 3485 3389 3536 tibi?
3421 3485 3556 3552 (Job.
3592 3487 3650 3553 x.)

381 3591 492 3644 que
509 3577 766 3644 pensant.
793 3588 916 3644 que
960 3571 1107 3628 bona
1123 3571 1356 3642 spiritus
1381 3572 1526 3626 alter
1569 3573 1863 3643 acceperit,
1919 3579 1978 3628 et
2060 3569 2168 3624 Sed
2213 3586 2340 3624 cum
2388 3570 2601 3626 nullam
2657 3570 3044 3641 hujuscemodi
3100 3571 3514 3642 querimoniam
3569 3587 3656 3626 ca-

377 3660 520 3734 ipsis
535 3661 742 3730 desint,
767 3661 865 3718 sed
895 3676 1019 3732 quae
1039 3660 1185 3720 bona
1211 3661 1350 3732 ipsis
1379 3667 1436 3716 et
1463 3677 1585 3732 quae
1615 3661 1765 3717 mala
1789 3661 1978 3719 adsint
2057 3657 2368 3714 luinniosus
2387 3658 2562 3712 hostis
2579 3665 2707 3729 post
2724 3659 3046 3714 conﬂictum
3068 3660 3273 3714 audeat
3291 3661 3516 3726 iterare,
3539 3676 3654 3718 non

381 3750 608 3818 alteris;
647 3755 708 3804 et
741 3765 870 3806 cum
913 3749 1270 3820 omnipotens
1303 3749 1452 3803 Deus
1491 3749 1563 3803 ad
1604 3749 1710 3804 hoc
1739 3748 1977 3819 smgulis
2059 3747 2180 3812 Dei,
2209 3749 2310 3802 sed
2339 3748 2488 3802 illius
2518 3765 2578 3802 se
2613 3749 2824 3802 victum
2851 3747 3066 3802 viribus
3099 3751 3415 3804 conﬁtetur.
3449 3750 3650 3819 (Greg.)

383 3839 618 3897 virtutes
651 3837 884 3902 dividat,
926 3843 990 3892 ut
1039 3837 1280 3894 alterum
1335 3837 1500 3893 alteri
1545 3837 1604 3894 in
1639 3837 1976 3907 cogitatione
2060 3837 2316 3908 Superna
2337 3853 2470 3907 ergo
2499 3836 2678 3908 pietas
2697 3838 2854 3908 prius
2876 3838 2996 3908 agit
3015 3837 3074 3891 in
3103 3837 3263 3892 nobis
3292 3837 3506 3911 aliquid
3533 3838 3654 3894 sine

381 3926 660 3992 humiliet,
703 3926 774 3984 ad
813 3925 919 3984 hoc
955 3923 1178 3997 reprobi
1211 3925 1547 3996 pertrahunt
1583 3925 1794 3983 bonum
1827 3926 1975 3997 quod
2058 3925 2236 3992 nobis,
2258 3930 2321 3980 ut
2347 3925 2753 3996 subsequenter
2771 3943 2992 3998 quoque
3011 3931 3202 3982 nostro
3223 3926 3398 3981 libero
3419 3927 3652 3983 arbitrio

383 4019 737 4086 acceperunt,
776 4019 842 4072 ut
877 4029 944 4071 ex
987 4029 1056 4069 eo
1089 4013 1150 4068 in
1191 4013 1434 4071 elatione
1463 4015 1792 4086 perdantur.
1837 4016 1974 4071 dum
2056 4013 2284 4080 bonum,
2311 4015 2459 4086 quod
2481 4016 2604 4086 jam
2629 4016 2966 4087 appetimus,
2999 4021 3132 4086 agat
3158 4015 3468 4081 nobiscum,
3501 4015 3650 4089 quod

379 4117 607 4174 semper
656 4101 1014 4162 considerant
1053 4100 1202 4157 bona
1229 4119 1351 4172 quae
1388 4103 1494 4174 ipsi
1537 4103 1746 4158 habent
1787 4110 1844 4160 et
1879 4104 1973 4160 alii
2055 4109 2247 4160 tamen
2273 4121 2375 4175 per
2416 4104 2729 4176 impensam
2762 4105 3008 4176 gratiam
3044 4104 3105 4159 in
3136 4111 3385 4162 extremo
3414 4105 3649 4176 judicio,

381 4207 496 4250 non
505 4189 734 4259 habent,
757 4196 817 4246 et
833 4186 1141 4262 numquam
1153 4191 1500 4262 perpendere
1517 4193 1745 4250 student
1765 4198 1975 4264 quanta

379 4281 529 4339 bona
553 4280 651 4340 alii
682 4281 912 4347 habent,
949 4286 1010 4338 et
1040 4280 1146 4352 ipsi
1203 4297 1316 4338 non
1356 4280 1582 4340 habent.
1637 4281 1796 4348 Quod
1841 4299 1974 4353 ergo

377 4371 569 4433 divina
575 4369 756 4444 pietas
769 4370 829 4426 in
840 4375 1208 4440 augmentum
1220 4369 1467 4442 disponit
1493 4370 1849 4437 humilitatis,
1873 4371 1978 4428 hoc

377 4466 597 4520 mentes
613 4459 864 4532 reprobae
882 4459 941 4517 in
961 4465 1327 4530 augmentum
1357 4465 1583 4514 vertunt
1609 4460 1887 4526 elationis,
1920 4468 1978 4516 et

379 4565 448 4608 ex
491 4548 815 4607 diversitate
857 4565 1160 4608 munerum
1205 4565 1244 4607 ει
1291 4548 1435 4606 bono
1489 4549 1778 4616 deﬁciunt,
1826 4551 1974 4604 unde

375 4652 626 4695 crescere
657 4637 720 4694 in
757 4635 1094 4695 humilitatis
1121 4636 1268 4697 bono
1304 4637 1637 4694 debuerunt.
1672 4639 1978 4710 Propterea

377 4741 512 4797 ergo
541 4741 768 4781 necesse
799 4731 904 4792 est,
935 4725 1137 4780 fratres
1157 4726 1492 4794 charissimi,
1515 4729 1657 4783 utin
1685 4727 1840 4784 vobis
1872 4729 1977 4784 hoc

377 4830 604 4887 semper
637 4813 890 4870 debeatis
927 4815 1176 4886 aspicere
1222 4816 1370 4887 quod
1414 4817 1602 4872 minus
1630 4815 1849 4872 habetis
1880 4835 1891 4884 ;
1917 4817 1975 4870 in

2054 4193 2138 4250 ita
2179 4199 2502 4248 remuneret
2529 4195 2588 4252 in
2623 4193 2805 4260 nobis,
2841 4210 2908 4247 ac
2947 4194 2994 4248 si
3031 4193 3164 4248 solis
3196 4194 3560 4266 processisset
3585 4210 3650 4250 ex

2055 4281 2234 4336 nobis.
2268 4282 2412 4346 Quia
2439 4284 2590 4338 enim
2618 4282 2808 4336 divina
2830 4299 2932 4336 nos
2971 4281 3208 4348 bonitas,
3237 4289 3301 4337 ut
3331 4283 3656 4339 innocentes

2056 4371 2224 4426 faciat
2248 4371 2534 4442 praevenit,
2553 4371 2760 4428 Paulus
2777 4370 2860 4426 ait
2881 4389 2892 4424 :
2913 4372 3108 4428 Gratia
3128 4377 3314 4426 autem
3338 4373 3433 4426 Dei
3453 4387 3579 4425 sum
3599 4372 3658 4426 id

2057 4462 2200 4529 quod
2217 4478 2361 4514 sum.
2377 4461 2446 4514 Et
2464 4459 2596 4530 quia
2613 4459 2870 4514 eamdem
2887 4460 3130 4530 gratiam
3144 4466 3398 4516 nostrum
3415 4459 3654 4515 liberum

2057 4549 2354 4604 arbitrium
2389 4549 2663 4620 sequitur,
2693 4549 2973 4620 adjungit,
3003 4555 3053 4604 et
3089 4553 3281 4618 gratia
3309 4552 3426 4619 ejus
3471 4551 3533 4603 in
3574 4564 3656 4602 me

2057 4645 2320 4695 evacuate
2337 4654 2448 4692 non
2459 4641 2590 4706 fuit,
2607 4639 2696 4692 sed
2707 4639 3090 4695 abundantius
3107 4641 3223 4692 ittis
3239 4639 3496 4692 omnibus
3512 4638 3656 4692 tabo-

2057 4729 2201 4782 ravi.
2223 4726 2332 4790 Qui
2362 4727 2497 4782 dum
2538 4744 2597 4781 se
2634 4726 2704 4781 de
2731 4743 2790 4781 se
2823 4727 2964 4782 nihil
2992 4743 3113 4782 esse
3141 4725 3506 4798 conspiceret,
3540 4725 3652 4779 ait:

2057 4815 2179 4869 Non
2203 4820 2384 4868 autem
2405 4832 2524 4883 ego;
2565 4822 2622 4870 et
2649 4821 2840 4870 tamen
2878 4815 3015 4886 quia
3043 4831 3103 4868 se
3135 4831 3258 4868 esse
3286 4813 3500 4886 aliquid
3528 4830 3656 4870 cum

378 4903 649 4976 proximis
675 4919 806 4958 vero
835 4903 982 4974 quod
1009 4903 1162 4960 vobis
1189 4905 1432 4977 amplius
1455 4912 1808 4976 acceperunt,
1843 4923 1976 4976 qua-
2051 4903 2241 4973 gratia
2287 4903 2518 4971 invenit,
2562 4905 2836 4976 adjunxit,
2891 4906 2984 4958 sed
3029 4906 3219 4972 gratia
3275 4905 3376 4958 Dei
3421 4918 3653 4956 mecuni.

377 4998 546 5050 tenus
586 4993 721 5052 dum
764 5008 934 5064 super
967 4992 1334 5065 vosmetipsos
1370 5010 1466 5048 eos
1511 5010 1612 5064 pro
1654 4993 1798 5049 bono
1828 4993 1976 5066 quod
2056 4993 2182 5048 Non
2207 4993 2358 5048 enim
2381 4994 2594 5051 diceret
2612 5011 2842 5065 mecmn,
2861 4993 2909 5048 si
2929 5009 3057 5047 cum
3075 4991 3450 5064 praeveniente
3471 4990 3660 5061 gratia

379 5081 489 5154 ipsi
523 5081 736 5141 habent
782 5089 843 5138 et
885 5097 982 5152 vos
1026 5097 1139 5140 non
1187 5081 1406 5138 habetis
1451 5081 1720 5152 aspicitis,
1765 5081 1835 5136 ad
1873 5083 1978 5137 hoc
2059 5080 2404 5152 subsequens
2433 5082 2672 5140 liberum
2696 5081 2995 5138 arbitrium
3013 5097 3131 5141 non
3155 5079 3406 5139 haberet.
3433 5079 3507 5136 Ut
3525 5095 3658 5151 ergo

379 5186 605 5242 quoque
625 5170 990 5227 obtinendum
1019 5171 1193 5226 etiam
1206 5187 1300 5224 vos
1324 5187 1392 5226 ex
1411 5169 1730 5228 humilitate
1760 5187 1978 5228 cresca-
2057 5187 2119 5225 se
2148 5170 2269 5226 sine
2296 5171 2482 5241 gratia
2511 5171 2652 5228 nihil
2681 5187 2804 5228 esse
2831 5170 3172 5238 ostenderet,
3194 5170 3295 5236 ait,
3329 5185 3441 5226 non
3461 5184 3572 5238 ego,
3594 5174 3661 5222 ut

382 5261 474 5316 tis.
489 5260 550 5318 Si
577 5260 728 5316 enim
757 5268 816 5316 et
841 5278 937 5315 vos
959 5261 1017 5314 in
1037 5259 1149 5314 illis
1171 5263 1399 5330 accepta
1427 5257 1572 5314 bona
1609 5260 1975 5332 perpenditis,
2060 5276 2190 5314 vero
2213 5277 2402 5316 secum
2420 5261 2665 5332 gratiam
2681 5265 2973 5332 operatam
2991 5276 3113 5315 esse
3129 5275 3232 5332 per
3247 5257 3486 5316 liberum
3503 5255 3658 5314 arbi-

385 5349 538 5408 etilli
558 5349 617 5407 in
648 5349 804 5405 vobis
826 5348 1185 5404 considerant
1215 5347 1364 5402 dona
1386 5365 1510 5420 quae
1543 5349 1780 5414 habetis,
1823 5349 1981 5404 vicis-
2062 5349 2235 5405 trium
2296 5350 2728 5417 demonstraret,
2800 5349 3080 5421 adjungit,
3145 5349 3236 5404 sed
3305 5348 3495 5421 gratia
3561 5347 3662 5402 Dei

279 5503 286 5510 ,
385 5439 496 5497 sim
545 5456 638 5496 vos
679 5439 787 5498 alis
825 5437 1079 5508 uincitis.
1126 5443 1192 5494 ut
1223 5436 1477 5496 excitatis
1513 5455 1738 5509 semper
1773 5440 1844 5494 ad
1873 5455 1980 5496 οω-
2063 5455 2294 5494 mecum.
