3974 6188
303 260 364 315 HI
692 251 1262 310 ENARRATIONUN
1302 250 1377 304 ΙΝ
1418 249 1569 303 ΕΡΡ.
1612 244 1823 301 PAULI
1866 244 1999 301 LIB.
2042 244 2135 300 X1.
2172 274 2236 282 -——
2276 243 2351 301 IN
2394 240 2612 296 EPIST.
2656 243 2678 296 Ι
2717 242 2813 298 AD
2855 238 3016 294 COR.
3382 238 3482 295 142

344 386 434 438 Sivr
446 384 575 434 enim
597 396 707 447 rgo,
728 383 839 432 sive
862 382 949 431 illi
978 381 1055 431 sic
1069 378 1437 457 prirdi'camus
1465 380 1513 426 et
1538 377 1616 426 sic
1639 374 1810 426 rredi—
1830 377 1870 432 Α
1892 388 2018 451 tias,
2051 403 2172 456 qua;
2190 390 2609 455 consequuntur
2627 398 2873 437 errorem
2892 381 3059 445 illius,
3084 397 3212 437 cum
3233 396 3343 455 quo
3362 381 3484 455 agi,—

295 476 420 527 distis.
442 468 658 537 (,Ambr.)
682 469 799 521 Hoc
819 474 905 521 est
931 466 1079 537 quod
1112 482 1284 536 supra
1304 462 1654 533 signiﬁcavit,
1681 460 1813 532 quia
1894 482 2005 540 tur,
2044 492 2165 545 qum
2191 482 2381 527 tamen
2410 472 2476 525 ad
2512 473 2614 525 hoc
2644 471 2961 525 inferuntur
2992 486 3025 524 θ
3056 469 3201 527 bono
3232 476 3289 527 et
3318 470 3480 529 docto

293 551 1813 627 noninferioremgratiaminpraedicationeaccepit,quam
1894 564 2143 625 homine,
2184 568 2248 615 ut
2290 561 2345 619 in
2391 560 2477 614 his
2507 555 2840 614 erubescens
2866 558 2979 625 ille,
3033 559 3193 627 cujus
3235 574 3483 619 errorem

294 649 427 705 caeteri
441 647 679 718 apostoli,
695 646 791 699 sed
803 662 973 699 unam
985 650 1155 716 atque
1173 643 1428 696 eamdem
1447 660 1457 694 :
1473 640 1621 694 unde
1635 638 1814 708 magis
1898 656 2334 721 consequuntur,
2351 649 2611 705 eumdem
2630 648 2915 718 relinquat
2931 663 3200 711 errorem,
3220 647 3355 720 quia
3364 648 3412 707 si
3427 649 3489 719 in

291 733 1437 810 arguitperfidiamCorinthiorum,quiacum
1458 728 1817 783 manifestata
1898 741 2095 795 eodem
2125 755 2355 797 manere
2396 737 2654 803 voluerit,
2688 728 2915 793 neéesse
2955 742 3059 799 est,
3095 741 3159 795 ut,
3190 736 3363 803 etiam
3388 736 3489 805 illa

293 836 401 883 esset
420 826 699 880 credulitas
749 825 866 879 hazc
905 823 1054 895 apud
1101 838 1295 877 omnes
1333 819 1622 884 Ecclesias,
1658 817 1715 870 hi
1746 815 1815 869 ab
1900 845 2021 899 qua;
2044 829 2277 883 damnat
2292 833 2486 882 tenere
2505 829 2738 895 cogatur
2767 843 2778 877 ε
2811 841 2925 879 non
2954 824 3105 891 enim
3135 840 3267 891 vera
3290 824 3479 895 Nam.

290 919 365 971 hac
388 916 475 970 ﬁde
501 922 555 968 et
583 932 682 986 spe
710 913 1076 978 desciverant,
1112 927 1280 982 quam
1313 908 1550 983 subjecit
1577 907 1767 960 dicens
1801 924 1811 957 :
1900 917 1996 986 bat
2022 917 2323 991 Apostolus
2342 932 2468 971 cum
2497 914 2710 971 diceret
2732 914 2946 989 :1Veque
2976 914 3229 972 Christus
3249 929 3494 984 amr“.

291 1005 336 1060 Si
349 1011 495 1059 autem
516 1005 763 1058 Christus
775 1003 1116 1073 praedicatur
1138 1001 1281 1070 quod
1292 999 1597 1061 resurrexit
1611 1014 1643 1049 a
1665 1010 1817 1049 mor-

291 1098 384 1157 tuis,
399 1094 637 1163 quomodo
648 1094 841 1146 dicunt
853 1092 1081 1159 quidam
1096 1093 1159 1143 in
1170 1090 1333 1153 vobis,
1351 1090 1617 1157 quoniam
1634 1100 1817 1138 resur-

290 1187 412 1236 rectio
429 1187 765 1234 mortuorum
782 1184 979 1235 nonest
1005 1184 1029 1232 ?
1044 1179 1107 1233 Si
1118 1183 1305 1231 autem
1320 1177 1654 1229 resurrectio
1673 1189 1817 1226 mor-

288 1276 461 1324 tuorum
489 1286 595 1323 non
623 1275 715 1335 est,
744 1285 912 1337 neque
937 1269 1185 1324 Christus
1205 1267 1512 1319 resurrexit
1533 1283 1547 1316 :
1568 1265 1820 1316 siautem

288 1362 482 1417 Christus
496 1376 599 1412 non
619 1360 945 1421 resurrexit,
963 1360 1153 1411 inanis
1175 1361 1248 1409 est
1265 1356 1392 1422 fides
1402 1359 1603 1415 vestra,
1628 1353 1820 1405 inanis

286 1448 705 1517 estetprzdicatio
736 1451 945 1499 nostra.
976 1446 1105 1499 Haec
1127 1461 1161 1501 a
1179 1443 1336 1497 falsis
1360 1441 1630 1514 apostolis
1660 1445 1822 1495 erant

284 1538 462 1603 tradita,
492 1536 584 1608 qui
601 1535 892 1591 Christum
910 1551 1090 1606 neque
1120 1539 1337 1599 natum,
1361 1547 1544 1607 neque
1574 1530 1631 1583 in
1654 1544 1820 1584 carne
1904 1539 2371 1595 resurrectionem
2391 1543 2745 1593 mortuorum
2768 1535 2936 1611 ;ipsis
2954 1541 3145 1591 autem
3162 1536 3317 1603 falsis
3336 1553 3498 1611 mp“.

284 1643 481 1697 passum,
534 1642 717 1697 neque
764 1623 1137 1679 resurrexisse
1180 1621 1524 1689 asserebant,
1576 1636 1715 1692 quos
1766 1624 1823 1671 ct

1916 1629 2092 1693 iiatis,
2118 1628 2382 1698 quoniam
2404 1643 2535 1685 vera
2563 1630 2743 1693 erant,
2759 1640 3105 1694 consequens
3120 1624 3229 1691 erit
3242 1641 3495 1691 resurre-

282 1716 475 1769 Joannes
499 1715 785 1786 apostolus
813 1713 1062 1779 denotat,
1086 1711 1233 1783 quod
1265 1711 1551 1766 Christum
1581 1709 1638 1762 in
1656 1724 1822 1762 carne
1841 1704 1889 1764 B
1908 1718 2017 1773 otio
2054 1723 2424 1775 mox-morum.
2457 1717 2601 1773 Cum
2646 1730 2778 1784 ergo
2808 1713 2923 1781 sint
2951 1730 3094 1769 verm
3124 1714 3497 1781 εοῃηθχὶομβε

283 1804 453 1857 venisse
475 1803 785 1875 negabant;
818 1802 969 1856 unde
1000 1801 1137 1855 dicit
1164 1819 1175 1853 :
1206 1802 1314 1868 Qui
1344 1805 1504 1868 negat
1536 1800 1821 1854 Christum
1905 1824 2019 1865 non
2040 1807 2222 1861 solum
2250 1821 2528 1869 verarum,
2553 1803 2651 1865 sed
2672 1803 2844 1859 etiam
2884 1802 3154 1865 falsarum
3188 1804 3499 1873 sententia,

279 1896 325 1946 in
347 1910 489 1948 carne-
508 1896 730 1959 venisse,
753 1893 841 1962 hic
856 1891 1323 1946 estAntichristus
1337 1895 1425 1953 ;et
1440 1891 1538 1958 qui
1556 1892 1715 1956 negat
1738 1886 1823 1939 Fi-
1905 1913 2052 1963 rum,
2103 1895 2264 1955 facile
2314 1900 2401 1949 est,
2444 1892 2737 1959 veritatem
2776 1891 3186 1957 connexiopum
3225 1893 3398 1961 etiam
3436 1894 3499 1963 in

282 1984 409 2046 lium,
433 1999 517 2035 nec
536 1984 757 2036 Patrem
788 1982 942 2034 habet
957 1981 1014 2047 {1
1029 1982 1189 2033 Joan.
1227 1982 1304 2047 η).
1326 1978 1427 2033 Isti
1459 1975 1823 2031 ambulabant
1908 1985 2110 2040 scholis
2125 1984 2358 2049 discere,
2383 1999 2504 2055 quae
2528 1987 2732 2053 ριιεειει-
2751 1980 3057 2037 Ecclesia“;
3076 1987 3210 2049 sum
3239 1988 3500 2051 ςβεηεεη.

1898 1010 2000 1075 erit,
2021 1014 2079 1063 et
2098 1007 2194 1061 illa
2207 1005 2337 1073 alia,
2357 1007 2548 1061 inanis
2566 1010 2641 1059 est
2654 1005 2973 1072 praedicatio
2994 1008 3204 1068 nostra,
3226 1006 3420 1070 inanis
3440 1009 3493 1061 et

1896 1098 2026 1165 ﬁdes
2047 1101 2243 1161 vestra,
2269 1099 2327 1149 et
2352 1093 2613 1164 deinceps
2630 1092 2760 1157 alia,
2785 1108 2906 1163 quae
2922 1091 3152 1159 omnino
3173 1091 3317 1157 falsa
3335 1097 3488 1162 sunt,

1901 1184 2035 1257 quia
2052 1190 2109 1249 et
2125 1184 2381 1241 Christus
2401 1181 2724 1248 resurrexit,
2749 1186 2806 1234 et
2836 1197 2949 1237 non
2980 1186 3103 1235 erat
3346 1198 3491 1252 prie.—

1901 1273 2105 1335 dicatio
2163 1289 2377 1338 eorum,
2431 1270 2525 1342 qui
2566 1271 2670 1324 hoc
2717 1267 3148 1335 annuntiabant,
3197 1286 3302 1339 nec
3354 1271 3495 1341 ﬁdes

1903 1378 2118 1428 eorum,
2139 1361 2234 1433 qui
2263 1361 2366 1415 hoc
2395 1359 2769 1425 crediderant,
2797 1357 2893 1425 sed
2914 1357 3024 1413 ista
3049 1358 3191 1425 falsa,
3206 1359 3497 1427 verissime

1904 1450 2379 1507 connectcbantur
2393 1449 2475 1509 illi
2496 1447 2789 1523 sententia:
2806 1462 2917 1517 qua
2930 1445 3221 1503 dicebatur
3238 1464 3353 1515 non
3372 1465 3497 1517 esse

276 2072 671 2141 etquorumdam
689 2071 861 2129 ﬁdem
875 2086 944 2123 ne
960 2069 1396 2140 imprudentesa
1412 2065 1828 2137 mundisapien-
1907 2074 2118 2131 uarum
2152 2078 2344 2131 autem
2368 2071 2572 2127 veritas
2612 2070 2671 2126 in
2703 2069 2911 2125 sanctis
2932 2068 3111 2139 libris,
3136 2076 3195 2129 et,
3210 2070 3272 2140 ip
3310 2071 3498 2142 Εεειερ

275 2158 394 2212 tibus
433 2160 820 2231 judicarentur
864 2157 1279 2223 subvertebant,
1338 2156 1472 2228 quia
1520 2155 1827 2229 prudentes
1908 2162 2147 2223 sinsticis
2165 2160 2556 2230 investiganda
2569 2166 2684 2227 est;
2708 2159 2830 2230 ipsa
2856 2165 3049 2226 tamen
3072 2159 3278 2227 veritas
3299 2175 3503 2230 conne-

272 2249 424 2302 srculi
456 2250 690 2303 stultum
716 2248 992 2319 judicant,
1034 2264 1163 2303 cum
1202 2245 1441 2301 audiunt
1469 2243 1828 2299 resurrectio-
1908 2251 2139 2307 xjonum
2195 2266 2308 2307 non
2352 2249 2613 2305 instituta
2633 2287 2648 2315 ,
2705 2247 2803 2301 sed
2860 2246 3252 2310 animadversa
3303 2254 3390 2313 est
3430 2248 3504 2315 ab

270 2355 374 2393 nem
400 2344 763 2399 mortuorum.
802 2337 961 2401 Quod
990 2336 1056 2405 si,
1098 2335 1302 2407 inquit,
1335 2351 1528 2388 verum
1559 2339 1661 2397 est,
1697 2333 1830 2404 quia
1910 2339 2232 2397 hominibus
2259 2345 2319 2393 et
2338 2342 2550 2405 notata,
2577 2342 2641 2395 ut
2659 2351 2786 2391 eam
2818 2335 3037 2411 possim;
3054 2336 3140 2389 vel
3160 2335 3396 2405 discere,
3415 2338 3502 2399 vel

269 2426 487 2481 Christus
512 2445 632 2483 non
662 2427 985 2495 resurrexit,
1021 2426 1146 2480 falsi
1186 2442 1381 2481 sumus
1412 2423 1823 2495 praedicatores,
1910 2429 2127 2494 docere,
2149 2443 2283 2483 nam
2320 2432 2406 2481 est
2428 2426 2487 2481 in
2505 2441 2695 2485 rerum
2722 2423 2942 2481 ratione
2961 2428 3253 2497 perpetua,
3272 2431 3330 2493 g1;
3355 2424 3500 2493 divi,

268 2521 313 2568 et
337 2516 455 2569 ﬁdes
480 2523 669 2570 vestra
714 2516 900 2570 inanis
947 2516 1072 2568 erit.
1124 2516 1241 2568 Hoc
1271 2514 1423 2569 enim
1468 2512 1830 2567 crediderunt
1910 2518 2062 2572 nitus
2083 2516 2362 2575 instituta.
2389 2515 2545 2569 Sicut
2571 2513 2723 2567 enim
2755 2512 2850 2583 qui
2870 2517 3066 2566 narrat
3093 2513 3349 2571 ordinem
3363 2520 3504 2573 tem-

265 2604 494 2673 Apostolo
521 2605 883 2678 praedicante,
920 2604 1052 2676 quia
1085 2603 1295 2658 mortui
1315 2606 1627 2672 resurgent,
1647 2607 1704 2654 et
1724 2600 1829 2653 hac
1909 2623 2130 2689 Porum,
2146 2622 2257 2663 non
2270 2621 2397 2661 eum
2418 2604 2540 2674 ipse
2558 2601 2843 2673 componit
2866 2620 2877 2653 :
2896 2607 2952 2657 et
2966 2602 3215 2661 locorum
3225 2602 3386 2671 situs,
3403 2609 3505 2674 aut

266 2709 345 2763 spe
359 2695 568 2748 attracti
591 2699 731 2748 sunt
745 2695 817 2748 ad
831 2693 1016 2747 ﬁdem.
1044 2693 1204 2757 Quod
1218 2692 1414 2765 utique
1436 2692 1505 2745 ad
1527 2691 1829 2745 detrimcn-
1912 2702 2143 2753 naturas
2163 2694 2496 2755 animalium
2514 2692 2601 2747 vel
2623 2691 2992 2767 serpentium,
3024 2691 3111 2744 vel
3124 2690 3377 2762 lapidum
3405 2692 3503 2766 qui

266 2787 363 2835 tum
390 2783 607 2843 illorum
652 2784 921 2854 proﬁcere
949 2783 1166 2845 asserit,
1202 2782 1248 2834 si
1279 2780 1639 2834 crediderunt
1680 2777 1828 2850 quod
1912 2784 2176 2851 ostendit,
2206 2799 2322 2841 non
2341 2799 2431 2839 res
2460 2780 2707 2847 ostendit
2733 2779 2803 2837 ab
2832 2778 3155 2834 hominibus
3183 2779 3500 2849 institutas:

260 2871 480 2925 futurum
511 2890 629 2927 non
663 2878 779 2939 est;
801 2878 859 2926 et
883 2871 1112 2944 pudoris
1144 2875 1246 2937 est,
1264 2875 1330 2925 ut
1350 2869 1553 2940 aliquis
1572 2869 1832 2940 proﬁtea-
1913 2880 1970 2931 et
1988 2874 2082 2927 ille
2112 2872 2208 2953 qui
2229 2872 2580 2926 demonstrat
2600 2869 2788 2923 sidera
2807 2884 3120 2943 eorumque
3149 2874 3357 2938 motus,
3387 2885 3504 2939 non

265 2964 342 3011 tur
364 2961 460 3015 hoc
477 2979 536 3015 se
565 2960 893 3028 credidisse,
931 2960 1078 3032 quod
1106 2960 1309 3013 falsum
1338 2964 1439 3013 est.
1466 2958 1535 3011 Et
1569 2972 1832 3011 verecun-
1861 3027 1893 3032 _
1914 2980 1948 3016 θ,
1969 2979 2028 3016 se
2058 2962 2143 3015 vel
2175 2960 2245 3014 ab
2274 2960 2501 3015 homine
2534 2958 2723 3029 aliquo
2754 2973 2877 3015 rem
2907 2956 3229 3015 institutam
3265 2958 3501 3029 demo“.

259 3048 386 3103 diam
400 3068 527 3121 ergo
544 3051 662 3104 illis
682 3050 903 3118 incutit,
930 3027 1215 3103 etlabores
1237 3048 1463 3102 illorum
1497 3046 1632 3100 dicit
1658 3045 1832 3099 infru-
1852 3027 1897 3087 ﬂ
1913 3055 2083 3117 Strat;
2105 3049 2187 3103 sic
2196 3049 2367 3103 etiam
2380 3027 2647 3118 quidicit;
2663 3047 2806 3103 Cum
2824 3045 3027 3105 falsum
3049 3051 3136 3105 est
3154 3046 3305 3121 quod
3317 3027 3507 3117 com.

260 3142 474 3203 ctuosos,
495 3140 541 3192 si
563 3139 774 3210 quoda
800 3138 954 3191 falsis
978 3137 1244 3209 apostolis
1285 3136 1605 3202 audierunt,
1639 3151 1829 3188 verum
1914 3139 2123 3211 quitur,
2164 3154 2388 3192 necesse
2437 3142 2541 3203 est,
2591 3141 2655 3188 ut
2685 3134 2888 3190 falsum
2917 3134 2994 3189 sit
3031 3134 3180 3206 quod
3215 3136 3501 3209 praecedit,

254 3233 342 3292 est,
370 3228 496 3298 quia
522 3228 740 3282 mortui
769 3244 881 3281 non
910 3230 1224 3297 resurgent,
1258 3225 1405 3296 quod
1439 3241 1607 3279 nemo
1636 3223 1831 3294 utique
1914 3227 2201 3282 verissime
2216 3226 2370 3291 dicit,
2394 3240 2575 3297 neque
2594 3224 2714 3295 ipse
2733 3223 2867 3277 facit
2878 3228 2942 3277 ut
2953 3222 3036 3277 ita
3059 3223 3152 3291 sit,
3164 3224 3264 3278 sed
3282 3229 3507 3295 tantum

255 3314 313 3367 de
332 3333 385 3369 se
408 3318 626 3389 patitur
656 3316 876 3381 audire,
908 3322 973 3370 ut
997 3316 1249 3369 videntes
1277 3315 1381 3368 hoc
1407 3320 1604 3367 contra
1633 3330 1693 3366 se
1710 3328 1833 3365 esse

252 3412 651 3460 reverterentur
678 3406 750 3460 ad
777 3404 1018 3476 primam
1048 3404 1237 3458 ﬁdem.
1271 3405 1602 3461 Invenimur
1647 3407 1833 3455 autem

253 3498 293 3544 et
314 3495 439 3561 falsi
476 3501 632 3549 testes
688 3496 804 3557 Dei,
846 3497 1113 3564 quoniam
1165 3495 1547 3546 testimonium
1582 3492 1833 3544 diximus

248 3582 517 3638 adversum
544 3586 744 3649 Deum,
780 3585 923 3653 quod
961 3585 1309 3636 suscitaverit
1332 3581 1635 3647 Christum,
1672 3596 1833 3653 quem

254 3685 346 3724 non
373 3677 686 3727 suscitat-it.
719 3671 825 3736 Qui
862 3672 1063 3727 asserit
1092 3670 1241 3742 quod
1281 3670 1569 3725 Christum
1613 3669 1762 3722 Deus
1802 3685 1837 3721 a

250 3760 461 3815 mortuis
508 3761 827 3827 suscitavit,
870 3760 1041 3814 falsus
1080 3765 1166 3813 est
1194 3759 1375 3823 testis,
1406 3759 1454 3812 si
1496 3776 1608 3813 non
1643 3764 1729 3812 est
1758 3757 1835 3811 fa-

247 3854 378 3902 ctum
405 3869 418 3915 ;
444 3851 728 3905 virtutem
758 3855 948 3905 tamen
977 3849 1075 3903 Dei
1106 3848 1389 3920 praedicat,
1426 3865 1539 3902 non
1558 3848 1751 3919 utique
1772 3853 1837 3901 ut

247 3935 504 4005 inimicus,
541 3940 646 4011 qui
688 3943 806 3992 tam
851 3938 1182 3995 admirabile
1230 3938 1440 3991 factum
1475 3936 1663 3990 virtuti
1713 3938 1836 4007 ejus

246 4026 467 4081 ascribit.
491 4028 667 4091 Quod
690 4027 736 4080 si
768 4043 961 4083 verum
989 4032 1092 4094 est,
1116 4027 1248 4098 quia
1266 4027 1527 4081 excitavit
1549 4026 1835 4095 Christum

1912 3317 1996 3371 ita
2022 3333 2143 3371 esse
2172 3315 2538 3369 demonstrat.
2573 3314 2650 3368 Ex
2678 3312 2785 3369 hac
2811 3312 3008 3385 regula
3052 3312 3193 3371 illud
3218 3319 3327 3381 est,
3356 3314 3508 3393 quod

1915 3406 1983 3460 de
2010 3405 2276 3476 Apostolo
2296 3401 2877 3469 commemoravimus,
2910 3401 3175 3472 praecedit

1917 3511 2037 3551 esse
2055 3492 2524 3551 resurrectionem
2554 3497 2926 3557 mortuarum,
2942 3492 3090 3567 quod
3121 3491 3385 3557 dicebant
3402 3492 3505 3562 illi,

1916 3600 2154 3653 quorum
2181 3597 2430 3639 errorem
2442 3581 2731 3641 destruere
2744 3570 2963 3647 volebat
2983 3580 3303 3653 Apostolus.
3330 3582 3504 3651 Porro

1916 3672 2071 3725 illam
2096 3669 2438 3725 sententiam
2466 3668 2895 3740 prmcedentem,
2928 3684 3042 3738 qua
3092 3668 3355 3737 dicebant
3393 3686 3507 3740 non

1917 3777 2037 3815 esse
2051 3758 2517 3815 resurrectionem
2528 3762 2881 3815 mortuorum
2900 3756 3214 3817 necessario
3224 3758 3501 3831 sequitur,

1917 3865 2100 3921 neque
2116 3848 2371 3902 Christus
2386 3844 2711 3910 resurrexit,
2726 3844 2830 3899 hoc
2850 3850 3042 3904 autem
3063 3845 3210 3915 quod
3224 3845 3502 3920 sequimt,

1917 3938 2121 3992 falsum
2134 3944 2236 4005 est,
2255 3935 2510 3991 Christus
2525 3934 2676 3993 enim
2696 3933 3022 3999 resurrexit;
3035 3933 3240 4001 falsum
3256 3939 3505 4009 estergo,

1919 4026 2067 4097 quod
2086 4023 2639 4097 praecedit,praecedit
2652 4027 2861 4089 autem,
2881 4037 2994 4081 non
3012 4039 3138 4081 esse
3152 4024 3511 4089 resurrectio-

251 4127 278 4163 a
290 4116 535 4181 mortuis,
551 4116 700 4188 quid
711 4116 841 4171 huic
851 4115 1149 4172 dicendum
1167 4122 1269 4181 est,
1289 4115 1384 4187 qui
1399 4121 1456 4169 et
1469 4115 1630 4169 testis
1642 4121 1839 4169 contra
1918 4131 2048 4173 nem
2080 4120 2453 4177 mortuorum.
2468 4113 2566 4167 Est
2582 4111 2757 4184 igitur
2778 4111 3115 4169 resurrectio
3133 4116 3506 4187 mortuorum,

246 4199 404 4256 Deum
434 4204 617 4259 falsus
662 4210 769 4269 est,
802 4209 859 4257 et
905 4221 1045 4275 opus
1093 4205 1214 4279 ejus
1255 4204 1556 4259 stultitiam
1592 4203 1838 4259 asserit?
1909 4202 2515 4279 .quodtotumbreviter
2533 4201 3511 4274 itadiciturzﬁnonestresurrectio

249 4288 373 4343 Nam
395 4295 445 4344 si
466 4297 694 4346 mortui
721 4308 833 4349 non
854 4299 1173 4361 resurgunt,
1192 4310 1361 4362 neque
1383 4293 1632 4347 Christus
1655 4308 1839 4347 resur-
1862 4346 1901 4363 η
1921 4298 2293 4359 mortuorum,
2335 4308 2518 4363 neque
2565 4291 2823 4347 Christus
2867 4291 3177 4362 resurrexit
3201 4331 3214 4345 .
3257 4292 3515 4363 Christus

246 4382 386 4432 rexit.
419 4383 580 4447 Quod
607 4384 661 4434 si
694 4380 945 4435 Christus
982 4397 1095 4435 non
1134 4385 1460 4449 resurrcmit,
1500 4382 1681 4436 adhuc
1709 4384 1836 4435 estis
1854 4380 1902 4418 μ
1922 4388 2112 4439 autem
2131 4381 2439 4439 resurrexit
2462 4386 2578 4437 :est
2591 4380 2766 4451 igitur
2786 4380 3508 4451 resurrectiomortuorum.

249 4468 299 4517 in
322 4473 546 4545 peccatis
579 4473 802 4535 vestris,
834 4486 959 4537 ergo
1004 4472 1103 4539 qui
1132 4472 1483 4524 dormierunt
1520 4474 1583 4525 in
1625 4472 1841 4525 Christo
1924 4471 2040 4524 Hoc
2071 4486 2203 4540 ergo
2235 4470 2382 4547 quod
2412 4468 2774 4543 consequenti
2793 4467 2999 4533 ablato,
3022 4467 3313 4535 auferimur
3342 4468 3514 4540 etiam

238 4559 530 4620 perierunt.
554 4559 767 4615 Terret
787 4557 931 4624 illos,
967 4564 1048 4623 ut,
1082 4558 1213 4630 quia
1226 4576 1394 4615 nemo
1416 4558 1520 4613 sibi
1541 4560 1685 4612 male
1697 4559 1834 4625 vult,
1921 4559 2236 4623 necessario
2248 4559 2395 4631 quod
2415 4558 2695 4631 prmwdit,
2710 4573 2824 4627 non
2838 4556 3212 4627 instituerunt
3231 4557 3506 4629 homines,

242 4640 411 4701 doleat
429 4647 567 4711 illis,
599 4648 717 4703 hoc
740 4646 973 4719 coepisse
1005 4648 1249 4715 credere,
1284 4648 1432 4720 quod
1463 4653 1660 4702 contra
1689 4648 1840 4719 ipsos
1920 4648 2017 4702 sed
2046 4648 2430 4717 ostenderunt,
2475 4652 2531 4701 et
2559 4648 2676 4703 haec
2703 4645 2900 4717 regula
2927 4645 3174 4721 pertinet
3202 4647 3275 4717 ad
3307 4647 3514 4719 verita-

240 4738 312 4786 est
340 4752 351 4786 :
384 4736 515 4807 quis
536 4736 704 4790 enim
733 4742 963 4809 peccata
977 4736 1082 4791 sibi
1098 4737 1337 4811 remissa
1351 4737 1497 4793 nolit
1517 4737 1753 4791 audire?
1773 4738 1842 4791 Et
1920 4743 2037 4791 tem
2058 4736 2485 4804 connexionum,
2516 4752 2630 4793 non
2652 4735 2722 4790 ad
2751 4735 3047 4805 veritatem
3077 4737 3509 4809 sententiarum.

242 4821 321 4890 qui
342 4823 717 4880 dormierunt
732 4824 791 4878 in
804 4825 1046 4891 Christo,
1064 4826 1374 4898 perierunt.
1398 4826 1568 4881 Addit
1581 4826 1651 4879 ad
1665 4831 1840 4881 terro-

240 4923 359 4975 rem,
381 4914 516 4985 quia
538 4915 857 4969 charorum
878 4931 1111 4969 suorum
1143 4931 1432 4969 excessum
1465 4915 1665 4968 nolunt
1695 4915 1840 4969 aesti-

240 5013 377 5054 mare
391 5003 791 5072 perditionem
818 5022 829 5055 :
857 5003 954 5074 qui
983 5003 1133 5057 enim
1154 5003 1257 5057 sub
1280 5004 1382 5057 hac
1410 5020 1507 5077 spe
1540 5004 1609 5057 de
1637 5004 1839 5059 saeculo

241 5087 494 5155 exierunt,
513 5092 647 5146 sive
678 5091 854 5146 occidi
882 5109 996 5146 non
1017 5092 1347 5159 timuerunt,
1386 5092 1518 5169 quia
1544 5109 1839 5166 resurgere

243 5181 475 5250 exeniplo
510 5180 737 5235 Christi
766 5181 1145 5249 crediderunt,
1180 5188 1236 5235 et
1256 5198 1367 5236 non
1398 5188 1483 5235 est
1511 5199 1725 5249 verum,
1751 5199 1842 5253 pe-

246 5262 459 5325 rierunt.
498 5270 631 5323 Hoc
664 5269 775 5323 illis
798 5269 953 5335 dicit,
989 5270 1136 5341 quod
1174 5286 1366 5324 amore
1397 5287 1627 5324 suorum
1649 5270 1842 5324 defun-

245 5360 437 5411 ctorum
467 5360 691 5413 nolunt
718 5359 937 5427 audire,
977 5365 1041 5413 ut
1066 5359 1180 5412 illis
1208 5365 1467 5431 amputet
1500 5359 1647 5429 quod
1684 5360 1841 5430 prius

250 5456 329 5509 per
341 5462 600 5502 errorem
614 5447 879 5502 volebant
890 5448 1105 5503 audire.
1129 5449 1190 5516 (Α
1202 5466 1270 5519 ug
1280 5451 1316 5519 .)
1341 5449 1486 5502 Sunt
1508 5448 1678 5502 etiam
1701 5465 1842 5503 verae

250 5538 613 5595 munexiones
646 5537 1110 5606 ratiocinationis,
1131 5537 1300 5592 falsas
1321 5537 1593 5592 habentes
1622 5543 1843 5593 senten-

1924 4826 2032 4880 Sed
2060 4827 2117 4879 in
2148 4826 2264 4888 hoc,
2283 4825 2403 4881 loco
2439 4824 2508 4878 de
2537 4823 2946 4887 resurrectione
2976 4841 3104 4895 cum
3133 4832 3415 4899 ageretur,
3454 4833 3516 4899 ει

1922 4915 2116 4985 regula
2146 4913 2505 4981 connexionis
2539 4929 2671 4969 vera
2692 4919 2799 4981 est,
2832 4919 2895 4969 et
2920 4913 3045 4987 ipsa
3064 4914 3128 4985 in
3154 4915 3513 4988 conclusione

1921 5004 2218 5059 sententia.

1975 5093 2038 5147 Si
2052 5097 2112 5147 in
2126 5095 2227 5151 hac
2240 5096 2353 5148 vita
2370 5098 2591 5148 tantum
2603 5096 2665 5147 in
2679 5093 2893 5150 Christo
2902 5098 3179 5163 sperantes
3189 5109 3402 5163 sumus,
3414 5100 3514 5157 mi-

1921 5184 2264 5239 serabiliores
2285 5199 2476 5237 sumus
2492 5184 2749 5239 omnibus
2769 5183 3104 5241 hominibus.
3134 5181 3379 5256 (Ambit)
3402 5186 3517 5253 Ma-

1923 5271 2192 5337 nifestum
2218 5276 2325 5339 est,
2353 5272 2486 5347 quia
2513 5271 2572 5326 in
2600 5272 2705 5339 hac
2733 5271 2849 5329 vita
2870 5270 3150 5343 praesenti,
3184 5271 3517 5344 etinfutura

1925 5377 2217 5431 speramus
2243 5361 2303 5425 in
2342 5361 2598 5427 Christo;
2631 5377 2734 5415 nec
2771 5361 2923 5429 enim
2953 5360 3043 5421 hic
3091 5360 3302 5431 deserit
3320 5380 3515 5435 serves

1923 5465 2055 5503 suos
2085 5450 2360 5517 Christus,
2401 5451 2500 5505 sed
2546 5451 2642 5517 dat
2831 5448 3095 5520 gratiam,
3122 5456 3186 5506 et
3228 5450 3290 5507 in
3324 5453 3518 5523 [litura

1925 5545 2091 5593 erunt
2108 5537 2166 5597 in
2194 5539 2375 5611 gloria
2404 5546 2615 5601 aeterna
2646 5558 2656 5592 :
2690 5539 2776 5597 sin
2796 5544 2989 5597 autem
3006 5538 3214 5611 {unum
3234 5540 3359 5597 vitae
3389 5561 3517 5616 spes
