4034 6162
409 325 508 382 143

872 357 883 365 -
937 359 942 370 -
988 325 1050 380 B.
1093 323 1365 380 ΒΑΒΛΝΙ
1403 322 1633 377 MAURI
1686 320 2020 376 ARCHIEP.
2064 320 2388 376 MOGUNT.
2431 319 2726 374 OPERUM
2764 316 2949 372 PARS
2986 317 3085 372 III.

3578 316 3673 371 144

405 466 520 505 non
540 455 707 514 esset,
730 447 989 503 omnibus
1017 447 1358 511 hominibus,
1379 445 1527 517 quod
1551 445 1691 500 dixit
1712 443 2000 498 miserabi-
2018 451 2064 508 A
2080 445 2290 500 bonum
2309 444 2616 498 secundum
2644 441 2978 514 Apostolum
3018 443 3070 508 (Ι
3101 440 3240 494 Tim.
3272 443 3372 508 x1),
3403 439 3500 510 qui
3535 439 3680 493 divi-

403 539 574 594 liores
594 554 844 593 essemus
866 556 879 604 ;
907 543 970 591 ut
986 536 1120 608 quid
1141 535 1293 590 enim
1307 535 1546 607 jejunis,
1561 535 1783 604 vigiliae,
1798 534 1997 599 exitus,

406 628 622 683 munda
639 627 768 694 vita,
787 624 1030 697 justitia,
1055 624 1460 690 misericordia,
1500 641 1670 688 mors,
1715 623 1763 676 si
1797 639 1896 694 pro
1917 621 2003 676 his

409 717 564 771 nulla
579 731 794 770 merces
815 715 924 768 erit
943 713 1004 768 in
1022 713 1213 768 futuro
1229 714 1254 766 Τ
1277 712 1556 769 Increduli
1580 717 1772 766 autem
1791 712 1878 766 vel
1899 711 2005 766 hac

407 805 523 860 vita
565 805 850 860 fruuntur.
887 803 1079 872 (Casa)
1133 803 1264 858 Haec
1307 801 1540 873 quaestio
1572 801 1824 873 ipsorum
1860 799 2004 854 solet

408 893 627 948 animos
645 907 990 964 permovere,
1013 892 1109 964 qu_i
1121 908 1322 963 parum
1336 890 1486 957 fidei,
1501 891 1586 945 vel
1607 889 1854 945 scientiae
1878 906 2004 960 pos-

410 980 678 1048 sidentes,
711 980 916 1034 merita
949 985 1272 1035 sanctorum
1303 980 1390 1032 vel
1409 977 1642 1050 praemia
1656 995 1780 1050 quae
1799 995 1914 1032 non
1941 977 2000 1032 in

408 1067 672 1142 praesenti
699 1069 1030 1137 redduntur,
1073 1068 1171 1123 sed
1200 1069 1448 1140 reposita
1476 1073 1612 1122 sunt
1639 1067 1700 1122 in
1727 1067 2000 1134 futurum,

407 1158 758 1214 arbitrantur
775 1159 834 1214 in
863 1159 1034 1230 hujus
1059 1157 1388 1230 temporalis
1416 1157 1544 1212 vitae
1561 1155 1833 1211 brevitate
1845 1155 2006 1210 resti-

409 1247 514 1304 tui.
537 1249 838 1312 Caeterum,
851 1263 973 1312 nos,
989 1246 1085 1318 qui
1103 1262 1218 1302 non
1239 1260 1434 1301 sumus
1452 1245 1514 1301 in
1531 1245 1636 1300 hac
1655 1245 1768 1300 vita
1781 1250 2005 1299 tantum

410 1341 703 1410 sperantes
732 1336 793 1391 in
813 1335 1056 1403 Christo,
1089 1351 1160 1390 ne
1185 1335 1496 1390 secundum
1542 1335 1874 1406 Apostolum
1899 1333 2006 1388 mi-

411 1425 766 1482 serabiliores
787 1425 965 1480 simus
991 1424 1254 1479 omnibus
1272 1423 1615 1490 hominibus,
1649 1424 1783 1495 quia
1799 1423 2011 1478 scilicet

410 1515 471 1571 in
485 1515 592 1570 hoc
609 1513 822 1569 mundo
832 1513 975 1569 nihil
995 1513 1437 1585 promissionum
1455 1513 1810 1584 recipientes,
1837 1511 2008 1566 etiam

411 1605 472 1659 in
489 1603 680 1658 futuro
696 1619 792 1658 eas
807 1618 909 1674 pro
923 1602 1028 1657 hac
1042 1601 1434 1656 incredulitate
1445 1601 1766 1673 perdamus,
1791 1599 2010 1672 Opinio-

411 1691 580 1748 nibus
603 1708 798 1747 eorum
817 1707 931 1746 non
951 1690 1221 1746 debemus
1253 1706 1463 1758 errare,
1495 1707 1567 1744 ne
1596 1691 1858 1762 ignorata
1868 1706 2011 1743 verae

2083 533 2234 588 tibus
2255 535 2424 604 hujus
2447 533 2640 588 mundi
2658 531 2940 604 praecepit,
2959 535 3024 585 ut
3037 529 3200 584 facile
3221 528 3492 592 tribuant,
3526 545 3680 582 com-

2085 623 2374 678 municent
2390 621 2791 693 indigentibus,
2811 619 3198 675 thesaurizent
3221 617 3328 672 sibi
3344 617 3683 672 fundamen-

2082 719 2208 767 tum
2235 711 2444 767 bonum
2475 711 2534 764 in
2572 710 2844 774 futurum,
2877 715 2942 764 ut
2971 725 3072 780 per
3121 709 3222 762 has
3257 706 3687 778 apprehendant

2083 818 2273 856 veram
2303 801 2479 855 vitam
2515 819 2526 852 :
2560 805 2618 854 et
2644 799 2952 854 secundum
2983 797 3347 867 Evangelium
3388 797 3534 863 (Luc.
3567 801 3684 862 xvx)

2083 889 2241 945 bonae
2272 896 2406 944 sunt
2434 889 2544 944 illis
2592 889 2688 960 qui
2741 888 2955 942 faciunt
3001 887 3107 941 sibi
3137 885 3348 940 amicos
3377 885 3446 938 de
3490 885 3685 956 iniquo

2083 995 2426 1034 mammona.
2460 978 2594 1042 Quae
2625 994 2852 1031 rursum
2883 980 3282 1047 retorquentur
3327 974 3399 1028 ad
3446 974 3679 1039 malum,

2087 1084 2215 1122 cum
2245 1067 2315 1122 ad
2343 1067 2760 1121 recondendum
2777 1065 3188 1131 tantummodo,
3206 1064 3293 1117 vel
3313 1063 3383 1117 ad
3402 1062 3681 1117 luxuriam

2087 1161 2486 1227 congeruntur,
2525 1161 2581 1210 et
2608 1172 2719 1210 non
2761 1155 2833 1208 ad
2874 1171 3009 1210 usus
3045 1153 3427 1224 indigentium
3456 1151 3684 1222 dispen-

2087 1251 2302 1301 santur.
2323 1247 2576 1300 Potestas
2592 1261 2814 1316 quoque
2835 1250 2894 1299 et
2912 1245 3109 1309 honor,
3137 1243 3497 1314 corporisque
3511 1241 3685 1296 robur

2088 1351 2154 1389 ac
2180 1335 2411 1400 sanitas,
2456 1350 2625 1405 quam
2664 1333 2777 1388 sint
2829 1333 3016 1388 media
3049 1338 3108 1387 et
3145 1331 3442 1403 utrobique
3483 1347 3684 1385 conve-

2090 1423 2324 1489 nientia,
2345 1423 2516 1478 etiam
2541 1440 2606 1476 ex
2622 1423 2728 1477 hoc
2749 1421 2910 1476 facile
2927 1421 3341 1492 comprobatur,
3357 1420 3505 1492 quod
3522 1418 3686 1474 multi

2091 1518 2416 1573 sanctorum
2444 1513 2504 1566 in
2533 1511 2722 1566 Veteri
2736 1512 3100 1566 Testamento
3117 1509 3305 1582 positi,
3323 1510 3412 1563 his
3426 1508 3688 1564 omnibus

2093 1606 2151 1656 et
2176 1602 2235 1656 in
2263 1601 2499 1656 summis
2529 1601 2738 1655 divitiis
2768 1606 2826 1655 et
2853 1599 3096 1655 culmine
3125 1599 3560 1670 dignitatum,et
3573 1597 3690 1651 for-

2091 1690 2333 1744 titudine
2353 1690 2602 1762 corporis
2615 1689 2925 1756 constituti,
2945 1689 3060 1743 Deo
3083 1705 3304 1760 quoque
3315 1686 3690 1758 acceptissimi

411 1780 754 1837 definitionis
775 1779 1076 1846 sententia,
1095 1779 1408 1835 titubantes
1431 1795 1497 1834 ac
1514 1778 1721 1850 trepidi
1741 1777 2010 1833 tentatio-
2029 1768 2074 1828 Β
2091 1779 2261 1834 fuisse
2282 1785 2620 1847 noscuntur;
2641 1792 2672 1832 e
2687 1779 2907 1834 diverso
2927 1777 3024 1849 qui
3045 1778 3133 1832 his
3159 1778 3306 1832 male
3339 1776 3498 1832 abusi
3535 1781 3688 1841 sunt,

414 1869 580 1926 nibus
611 1885 954 1936 moveamur,
986 1885 1116 1924 cum
1147 1867 1360 1922 eisdem
1389 1884 1611 1940 quoque
1638 1885 1742 1922 nos
1769 1867 2010 1921 traditos

414 1957 737 2025 viderimus,
763 1957 850 2012 vel
886 1957 1322 2012 inconstantiam
1349 1957 1580 2023 scilicet,
1611 1956 1698 2010 vel
1735 1955 2012 2011 incuriam

414 2048 796 2102 humanarum
817 2063 1007 2102 rerum
1021 2046 1314 2118 Deo,quod
1329 2045 1480 2100 dictu
1493 2061 1715 2117 quoque
1734 2045 1891 2100 nefas
1903 2051 2008 2111 est,

415 2135 758 2192 ascribentes
789 2153 800 2190 :
835 2135 969 2208 quia
1021 2140 1244 2190 sanctos
1291 2135 1444 2188 vivos
1473 2140 1735 2206 recteque
1765 2135 2015 2188 viventes

415 2225 478 2280 in
505 2223 821 2280 tentatione
841 2240 957 2279 non
980 2228 1258 2296 protegat,
1285 2240 1387 2278 nec
1415 2222 1576 2277 bonis
1606 2240 1691 2289 ea,
1726 2240 1848 2294 quae
1870 2221 2019 2277 bona

417 2319 568 2381 sunt,
601 2329 704 2368 nec
732 2313 897 2368 malis
927 2313 1078 2368 mala
1115 2311 1392 2367 retribuat
1420 2312 1480 2366 in
1499 2311 1782 2384 praesenti,
1806 2316 1863 2366 et
1889 2328 2018 2367 cum

416 2403 530 2459 illis
557 2401 816 2458 damnari
856 2417 1196 2469 mereamur,
1231 2417 1371 2472 quos
1400 2401 1714 2472 Sophonias
1743 2399 2020 2472 propheta

417 2491 700 2564 castigans
733 2509 746 2544 :
777 2493 879 2560 qui
905 2492 1120 2556 dicunt,
1151 2490 1354 2560 inquit,
1387 2493 1452 2544 in
1479 2491 1734 2544 cordibus
1745 2492 1881 2555 suis,
1899 2490 2018 2545 Non

418 2581 582 2649 faciet
605 2582 876 2636 Dominus
908 2579 1055 2645 bene,
1075 2581 1168 2633 sed
1192 2595 1361 2648 neque
1375 2581 1540 2647 faciet
1560 2582 1703 2633 male
1734 2577 1912 2648 (Soph.
1946 2577 2016 2646 1);

418 2669 506 2723 vel
523 2672 814 2722 certecum
829 2666 940 2721 illis
951 2667 1325 2732 inveniamur,
1348 2666 1445 2738 qui
1475 2665 1802 2738 hujusmodi
1838 2667 2022 2738 queri-

427 2755 634 2812 moniis
661 2757 843 2812 Deum
868 2755 1289 2826 blasphemasse
1311 2755 1800 2822 dicuntur,0mnis
1819 2756 1914 2826 qui
1943 2756 2023 2810 fa-

2095 1873 2152 1924 et
2165 1886 2231 1923 ea
2244 1868 2314 1922 ad
2337 1867 2717 1923 ministerium
2745 1885 2861 1923 sum
2883 1867 3149 1938 nequitiae
3171 1867 3549 1932 detorserunt,
3576 1882 3692 1920 non

2094 1957 2378 2012 immerito
2393 1959 2480 2012 vel
2495 1957 2678 2029 puniti
2696 1963 2846 2024 sunt,
2860 1957 2948 2011 vel
2968 1955 3243 2023 exstincti,
3264 1955 3414 2027 quod
3434 1955 3694 2026 frequen-

2093 2053 2184 2101 ter
2211 2048 2535 2118 Regnorum
2563 2046 2708 2100 liber
2738 2045 2950 2100 indicat
2973 2045 3202 2100 factum.
3239 2045 3320 2099 De
3354 2044 3478 2116 ipsa
3519 2043 3694 2100 etiam

2097 2141 2279 2190 morte
2300 2153 2365 2190 ac
2390 2135 2524 2202 vita,
2557 2135 2692 2206 quia
2715 2135 2912 2190 mediae
2942 2140 3092 2201 sunt,
3123 2134 3210 2188 vel
3231 2133 3408 2189 sancti
3436 2132 3689 2199 Joannis,

2097 2225 2350 2280 velJudae
2367 2225 2630 2279 nativitas
2645 2229 2992 2296 protestatur
3011 2242 3022 2278 :
3041 2223 3210 2278 unius
3233 2239 3476 2294 namque
3494 2221 3554 2276 in
3570 2227 3697 2276 tan-

2099 2319 2222 2368 tum
2249 2313 2474 2370 sibimet
2500 2313 2616 2368 vita
2640 2313 2869 2386 profuit,
2899 2318 2965 2367 ut
3007 2312 3132 2367 aliis
3175 2329 3397 2384 quoque
3421 2311 3696 2382 gaudium

2099 2410 2257 2460 ortus
2288 2405 2411 2474 ejus
2439 2403 2742 2458 contulisse
2773 2403 3008 2468 dicatur,
3055 2401 3365 2456 secundum
3409 2400 3548 2456 illud
3583 2419 3594 2454 :
3627 2401 3697 2456 Et

2101 2496 2272 2548 multi
2297 2509 2461 2563 super
2489 2495 2780 2547 nativitate
2818 2496 2936 2560 ejus
2973 2491 3297 2560 gaudebunt
3325 2489 3476 2560 (Luc.
3511 2494 3571 2560 ι).
3613 2490 3696 2544 De

2103 2581 2336 2636 alterius
2361 2599 2493 2638 vero
2523 2581 2730 2636 dicitur
2763 2581 2878 2635 vita
2913 2599 2924 2634 :
2957 2583 3167 2635 Bonum
3202 2585 3321 2638 erat
3349 2583 3419 2647 ei,
3447 2582 3499 2634 si
3530 2584 3698 2634 natus

2104 2687 2218 2724 non
2263 2673 2458 2738 fuisset
2486 2671 2644 2725 homo
2674 2673 2768 2724 itte
2815 2670 3029 2737 (Matth.
3063 2685 3214 2736 xxvr;
3247 2670 3419 2723 Marc.
3453 2671 3583 2736 xw).
3617 2669 3699 2722 De

2105 2764 2286 2813 morte
2297 2759 2468 2814 etiam
2487 2757 2737 2826 Joannis,
2753 2758 3117 2830 omniumque
3128 2765 3448 2812 sanctorum
3470 2756 3694 2811 dicitur:

428 2845 508 2900 cit
533 2844 767 2910 malum,
801 2843 982 2898 bonus
1005 2848 1092 2898 est
1120 2843 1182 2898 in
1209 2849 1510 2916 conspectu
1541 2843 1788 2910 Domini,
1805 2849 1862 2898 et
1879 2845 2022 2899 tales
2105 2850 2349 2903 Pretiosa
2378 2851 2440 2902 in
2467 2853 2750 2918 conspectu
2771 2849 2999 2903 Domini
3037 2863 3186 2902 mors
3215 2852 3541 2901 sanctorum
3583 2849 3704 2914 ejus

435 2933 756 3006 eiplacent;
785 2937 1045 2988 autcerte
1067 2931 1164 2988 ubi
1185 2938 1272 2987 est
1284 2933 1435 2988 Deus
1439 2931 1879 3004 justitiae7illam
1893 2949 2027 3005 quo-
2111 2938 2276 3004 (Psal.
2309 2941 2450 3007 cxv).
2491 2937 2571 2991 De
2599 2937 2756 2992 Judae
2781 2941 2972 2991 autem
3007 2953 3071 2990 ac
3111 2935 3558 3001 similium,mors
3583 2950 3706 3004 pec-

427 3037 536 3095 que
547 3020 957 3094 blasphemiam
977 3039 1099 3093 quae
1118 3021 1175 3076 in
1187 3019 2023 3093 subsequentibusdescribitur,
2054 3089 2087 3097 Α
2108 3031 2360 3080 calorum
2379 3029 2616 3096 pessima
2637 3025 2803 3097 (Psal.
2833 3030 3048 3094 xxxm).
3069 3025 3376 3080 Inﬁrmitas
3392 3023 3564 3078 etiam
3584 3040 3707 3077 car-

421 3089 691 3166 similiter
705 3089 1078 3182 adjungentes
1102 3128 1113 3163 :
1143 3112 1324 3166 Vanus
1349 3089 1425 3165 est
1453 3114 1560 3180 qui
1594 3113 1762 3165 servit
1781 3111 1902 3173 Deo,
1924 3115 2024 3165 aut
2045 3089 2089 3152 ϐ
2109 3114 2196 3168 nis
2223 3089 2510 3170 interdum
2525 3089 2693 3186 quam
2713 3113 2785 3169 sit
2804 3089 3118 3180 commoda,
3151 3112 3346 3168 Lazari
3363 3111 3542 3182 ipsius
3569 3127 3708 3182 pau-

423 3202 574 3270 quod
585 3203 1014 3256 emolumentum
1025 3203 1177 3270 ,quia
1193 3201 1463 3254 custodiri
1467 3215 1588 3254 mus
1593 3205 1860 3269 praecepta
1871 3202 2025 3268 ejus?
2109 3203 2258 3274 peris
2277 3203 2514 3258 ulcerosi
2526 3203 2816 3258 beatitudo
2837 3203 3206 3268 demonstrat,
3221 3202 3382 3273 cujus
3404 3217 3532 3255 cum
3547 3200 3709 3255 nulla

425 3292 619 3360 etquia
637 3289 1048 3344 ambulavimus
1069 3291 1247 3342 tristes
1257 3303 1446 3342 coram
1457 3290 1588 3342 Dom
1596 3291 1720 3342 ino?
1742 3289 1901 3356 (Mat.
1922 3290 2024 3356 ιιι.)
2109 3293 2221 3347 alia
2229 3293 2501 3348 virtutum
2515 3291 2717 3347 merita
2732 3293 3022 3364 Scriptura
3032 3295 3434 3347 commemoret
3456 3291 3602 3356 (Luc.
3623 3293 3704 3358 x),

427 3377 578 3450 Ergo
600 3394 752 3433 nunc
771 3375 964 3432 beatos
989 3375 1231 3431 dicimus
1251 3382 1598 3448 arrogantes,
1619 3377 1666 3431 si
1690 3377 1918 3448 quidem
1947 3377 2028 3432 di-
2109 3397 2211 3452 pro
2222 3381 2328 3436 hoc
2345 3383 2463 3436 solo
2479 3381 2626 3452 quod
2643 3385 2952 3451 egestatem
2973 3387 3030 3435 et
3048 3379 3437 3434 inﬁrmitatem
3455 3377 3707 3450 corporis

430 3465 958 3522 tatisuntfacientes
976 3465 1346 3537 impietatem,
1371 3470 1428 3520 et
1445 3470 1806 3520 tentaverunt
1827 3468 2031 3534 (sic),et
2111 3469 2521 3541 patientissime
2561 3470 2840 3536 toleravit,
2891 3469 3078 3524 sinum
3131 3468 3370 3522 Abrahae
3419 3467 3708 3539 possidere

429 3555 568 3611 salvi
585 3554 718 3610 facti
745 3559 898 3610 sunt.
923 3553 1320 3621 Quamobrem,
1341 3560 1408 3608 ut
1427 3555 1572 3610 hanc
1592 3553 2022 3626 ignorationem,
2109 3557 2436 3614 beatissima
2463 3565 2614 3614 sorte
2643 3559 2974 3631 promeruit.
2998 3559 3230 3629 Egestas
3253 3573 3476 3629 quoque
3492 3574 3556 3610 ac
3580 3573 3708 3628 per-

430 3659 554 3717 quae
583 3643 898 3718 pravissimi
917 3643 1088 3715 hujus
1114 3643 1323 3698 erroris
1342 3643 1503 3699 radix
1513 3649 1570 3698 et
1593 3661 1762 3699 causa
1783 3648 1887 3711 est,
1902 3661 2027 3716 pos-
2106 3647 2422 3703 secutiones
2441 3653 2498 3702 et
2514 3648 2754 3720 injuriae,
2771 3665 2894 3719 qua:
2913 3647 3065 3702 mala
3083 3645 3205 3702 esse
3223 3646 3396 3702 totius
3422 3645 3573 3715 vulgi
3593 3645 3712 3716 cpi-

429 3733 608 3790 είωιιδ
637 3733 890 3800 evadere,
923 3732 1172 3805 Primum
1202 3749 1367 3788 110888
1407 3733 1695 3798 debemus.
1727 3733 1860 3804 quid
1897 3750 2026 3788 vere
2108 3737 2916 3809 nionecensentur,quamsint
2929 3737 3173 3791 utilesac
3192 3735 3520 3790 necessariae
3533 3733 3707 3788 etiam

431 3823 508 3880 sit
533 3821 764 3890 bonum,
787 3822 922 3895 quid
942 3821 1176 3888 malum,
1203 3821 1351 3876 etita
1370 3821 1598 3877 demum
1620 3839 1790 3894 super
1805 3821 1894 3876 his
1913 3838 2026 3876 non
2109 3843 2175 3880 ex
2206 3826 2311 3880 hoc
2339 3826 2554 3898 liquido
2591 3825 3007 3898 comprobatur,
3042 3824 3191 3897 quod
3233 3824 3412 3880 sancti
3443 3823 3549 3878 viri
3595 3839 3710 3878 non

431 3912 636 3969 falsum
653 3911 826 3983 vulgi,
853 3911 951 3966 sed
979 3927 1170 3966 veram
1203 3911 1621 3983 Scripturarum
1641 3911 2026 3966 deﬁnitionem
2109 3916 2292 3972 solum
2323 3932 2418 3970 eas
2457 3932 2748 3986 nunquam
2785 3915 2962 3970 vitare
2991 3915 3306 3980 voluerunt,
3340 3912 3710 3967 verumetiam

431 4006 692 4056 tenentes
723 4000 958 4054 minime
1000 3993 1315 4054 infidelium
1345 4000 1638 4054 hominum
1683 4001 2030 4072 decipiemur
2111 4005 2318 4060 virtute
2341 4021 2565 4059 summa
2584 4005 2670 4058 vel
2693 4009 3040 4076 appetentes,
3058 4003 3145 4057 vel
3164 4003 3384 4058 fortiter
3401 4002 3710 4056 tolerantes

433 4105 644 4145 errore.
670 4087 804 4144 Tria
821 4093 956 4142 sunt
973 4088 1165 4142 omnia
1185 4105 1309 4159 quae
1339 4088 1398 4143 in
1419 4089 1526 4143 hoc
1557 4089 1768 4144 mundo
1791 4095 1941 4156 sunt,
1973 4089 2030 4144 id
2113 4093 2281 4149 amici
2309 4094 2410 4148 Dei
2443 4094 2643 4160 effecti,
2677 4098 2902 4148 aeternae
2923 4093 3050 4147 vitae
3073 4091 3355 4164 stipendia
3377 4096 3511 4146 sunt
3521 4105 3712 4146 conse-

437 4182 542 4243 est,
566 4175 798 4242 bonum,
812 4175 1047 4243 malum,
1071 4175 1342 4232 medium.
1363 4176 1644 4232 Debemus
1660 4178 1850 4249 itaque
1869 4194 2034 4233 nosse
2115 4183 2250 4251 cuti,
2273 4182 2438 4238 beato
2449 4183 2716 4256 Apostolo
2738 4182 3066 4238 concinente
3088 4199 3099 4235 :
3121 4185 3346 4251 Propter
3367 4182 3511 4251 quod
3523 4183 3712 4250 placeo

437 4264 574 4338 quid
593 4263 818 4337 proprie
829 4263 1202 4336 bonum,quid
1221 4265 1662 4336 malum,quidve
1675 4266 1750 4321 sit
1759 4267 2030 4334 medium,

437 4359 504 4410 ut
531 4359 724 4410 nostra
753 4352 910 4421 ﬁdes,
932 4369 1068 4408 vera
1087 4353 1322 4408 scientia
1349 4354 1714 4422 communita,
1738 4354 1799 4410 in
1817 4355 2033 4411 cunctis

435 4441 844 4501 tentationibus
877 4412 1210 4498 inconcussa
1250 4442 1534 4514 perduret.
1589 4412 1742 4498 Nihil
1771 4444 1946 4514 igitur
1975 4412 2098 4499 inD

437 4533 606 4590 rebus
633 4533 908 4590 duntaxat
932 4532 1198 4588 humanis
1218 4531 1524 4604 principale
1549 4531 1756 4588 bonum
1779 4549 1901 4588 esse
1920 4550 2037 4588 cre-

439 4622 686 4678 dandum
709 4629 815 4688 est,
845 4621 954 4677 nisi
978 4621 1155 4677 virtus
1193 4621 1370 4676 animi
1391 4622 1620 4694 solaque
1651 4622 1790 4678 ﬁdes
1818 4622 2038 4677 sincera

2116 4274 2259 4327 mihi
2277 4275 2338 4328 in
2362 4273 2792 4341 inﬁrmitatibus
2823 4273 2906 4339 (II
2917 4274 3039 4329 Cor.
3070 4274 3220 4341 χχιι),
3253 4270 3312 4325 in
3333 4267 3709 4333 contumeliis,

2114 4362 2174 4416 in
2193 4361 2640 4426 necessitatibus,
2663 4361 2722 4416 in
2733 4359 3231 4434 persecutionibus,
3249 4360 3308 4414 in
3324 4358 3598 4430 angustiis
3609 4374 3714 4428 pro

2117 4449 2340 4506 Christo
2371 4451 2507 4506 Cum
2539 4453 2691 4504 enim
2711 4453 2994 4517 inﬁrmor,
3027 4455 3162 4503 tunc
3183 4453 3374 4518 potens
3399 4463 3546 4511 sum,
3579 4444 3716 4516 quia

2115 4542 2296 4593 virtus
2326 4542 2390 4592 in
2432 4541 2764 4607 inﬁrmitate
2788 4540 3119 4608 perﬁcitur;
3155 4542 3213 4591 et
3244 4535 3453 4590 idcirco
3478 4534 3582 4600 illi,
3615 4533 3714 4605 qui

2117 4627 2354 4682 summis
2383 4627 2570 4682 saeculi
2599 4627 2768 4698 hujus
2785 4625 3016 4693 divitiis,
3041 4631 3100 4681 et
3116 4623 3444 4691 honoribus,
3469 4627 3714 4694 acpote—

439 4726 544 4766 nos
569 4710 642 4765 ad
663 4711 855 4765 divina
881 4711 1212 4783 perducens,
1237 4711 1319 4766 illi
1348 4710 1690 4766 immutabili
1727 4711 1874 4767 bono
1903 4712 2037 4767 facit
2117 4715 2356 4770 statibus
2384 4715 2746 4781 extolluntur,
2779 4731 2893 4768 non
2931 4731 2998 4768 ex
3033 4713 3122 4768 his
3171 4711 3476 4784 principale
3503 4710 3716 4765 bonum

433 4798 650 4871 jugiter
698 4798 974 4855 inhaerere
997 4818 1010 4867 ;
1043 4806 1102 4855 et
1131 4801 1446 4856 econtrario
1485 4801 1629 4856 nihil
1665 4801 1881 4856 malum
1911 4819 2036 4857 esse
2117 4803 2425 4858 obtinuisse
2447 4802 2709 4858 credendi
2735 4807 2888 4870 sunt,
2923 4801 3072 4874 quod
3089 4801 3152 4856 in
3180 4801 3316 4856 solis
3341 4816 3464 4856 esse
3491 4797 3717 4852 virtuti-

440 4887 742 4944 dicendum
761 4893 865 4955 est,
889 4887 998 4942 nisi
1012 4895 1301 4960 peccatum
1323 4889 1680 4961 solum,quod
1701 4907 1737 4945 a
1755 4889 1902 4946 bono
1919 4891 2035 4946 Deo
2115 4893 2220 4948 bus
2237 4893 2525 4960 definitur,
2539 4893 2638 4948 sed
2657 4891 2909 4946 medium
2923 4891 3222 4962 quiddam:
3242 4889 3378 4962 quia
3395 4889 3541 4944 sicut
3546 4886 3719 4959 justis

439 4993 542 5034 nos
559 4991 828 5048 separans
849 4976 998 5032 malo
1019 4976 1240 5032 diabolo
1258 4978 1391 5032 facit
1411 4979 1681 5050 copulari.
1702 4979 1887 5034 Media
1906 4984 2038 5035 sunt
2116 4997 2182 5036 ac
2201 4981 2272 5036 ad
2301 4981 2622 5036 necessaria
2641 4979 2932 5036 utentibus
2959 4977 3126 5034 utilia
3143 4977 3263 5032 haec
3281 4994 3404 5032 esse
3431 4975 3722 5047 reperiun-

443 5081 568 5141 quaa
616 5064 766 5121 inter
790 5071 1091 5136 utramque
1118 5071 1338 5137 partem
1357 5083 1458 5138 pro
1489 5068 1691 5124 affectu
1722 5075 1783 5123 et
1804 5068 2036 5124 arbitrio
2117 5077 2230 5136 tur,
2243 5076 2301 5124 et
2311 5070 2623 5138 commoda,
2643 5069 2992 5125 occasionem
3009 5083 3254 5138 namque
3269 5065 3588 5139 operisboni
3605 5064 3722 5120 fru-

444 5155 659 5213 utentis
677 5153 970 5228 depravari
981 5159 1238 5226 possunt,
1263 5160 1326 5210 ut
1343 5161 1499 5227 puta,
1523 5157 1749 5226 divitia),
1764 5163 2033 5230 potestas,
2119 5164 2351 5232 ctusque
2378 5159 2438 5214 in
2456 5159 2608 5214 illius
2635 5158 2761 5214 vitae
2790 5157 3116 5230 parturiunt
3142 5156 3476 5221 aeternitate,
3501 5155 3582 5208 ita
3609 5153 3722 5208 illis

444 5246 644 5313 honor,
659 5243 1104 5317 roburcorporis,
1120 5242 1350 5310 sanitas,
1366 5245 1743 5316 pulchritudo,
1767 5246 1881 5302 vita
1893 5247 2033 5320 ipsa,
2120 5248 2216 5320 qui
2238 5248 2384 5302 male
2398 5246 2909 5320 opibusabutuntur
2921 5245 3153 5301 inutiles
3177 5249 3312 5301 sunt
3331 5242 3725 5315 atqueincom-

443 5333 533 5390 vel
551 5349 721 5400 mors,
751 5337 1074 5407 paupertas,
1105 5331 1404 5388 inﬁrmitas
1451 5335 1654 5402 carnis,
1697 5335 1939 5408 injuriae,
1983 5342 2041 5391 et
2119 5337 2300 5393 modae
2320 5342 2378 5392 et
2401 5336 2746 5392 occasionem
2773 5335 2986 5406 peccati
3017 5334 3329 5406 mortisque
3361 5331 3719 5388 concinnant.

447 5427 652 5480 cetera
665 5421 754 5478 his
771 5421 999 5489 similia,
1017 5438 1140 5495 quae
1160 5437 1263 5494 pro
1283 5421 1556 5494 qualitate
1574 5431 1633 5479 et
1659 5425 1859 5482 affectu
1872 5431 2037 5481 uten-
2119 5427 2282 5482 Nunc
2306 5432 2492 5482 autem
2513 5427 2762 5484 Christus
2785 5426 3095 5479 resurrexit
3123 5439 3158 5478 a
3186 5425 3426 5478 mortuis
3450 5423 3726 5491 primitiae

445 5511 539 5578 tis,
567 5511 654 5568 vel
686 5511 758 5567 ad
789 5511 996 5567 bonam
1025 5515 1262 5584 possunt
1283 5515 1502 5583 partem
1531 5514 1818 5584 proficere,
1853 5515 1937 5569 vel
1965 5515 2034 5570 ad
2117 5517 2549 5581 dormientium,
2581 5517 2848 5585 quoniam
2871 5514 3094 5584 quidem
3116 5528 3220 5584 per
3249 5513 3524 5567 hominem
3548 5525 3720 5575 mors,

447 5600 678 5659 malam.
727 5600 871 5658 Nam
905 5604 964 5657 et
1001 5599 1208 5656 divitiae
1251 5599 1554 5672 proficiunt
1592 5601 1917 5676 frequenter
1962 5603 2034 5659 ad
2117 5610 2164 5660 et
2178 5620 2285 5676 per
2305 5606 2584 5660 hominem
2601 5605 2932 5660 resurrectio
2949 5606 3320 5658 mortuorum.
3345 5599 3584 5669 (Amer
3602 5597 3723 5654 Hoc
