4034 6162
339 321 422 376 145
779 315 1357 372 ENARRATIONUM
1394 318 1470 373 IN
1511 319 1665 374 EPP.
1707 320 1920 376 PAULI
1961 322 2096 377 LIB.
2138 323 2318 378 XL—
2348 324 2426 379 IN
2464 325 2686 382 EPIST.
2729 328 2752 382 Ι
2790 328 2886 384 ΑΒ
2926 331 3088 390 COR.
3470 329 3574 389 146

331 446 492 500 dicens
517 442 691 515 tangit
713 442 1250 514 pseudoprophetas,
1267 443 1363 514 qui
1384 443 1668 498 Christum
1692 449 1885 498 natum
1905 447 1957 506 Α
1977 447 2144 502 zebub
2199 449 2449 516 principe
2503 449 2903 506 damoniorum
2965 454 3054 508 hic
3105 456 3256 524 ejecit
3304 455 3572 511 daemones

329 533 594 604 negabant,
625 549 689 586 ac
715 549 818 604 per
843 533 951 586 hoc
969 547 1080 586 non
1098 531 1469 586 resurrexisse
1493 549 1740 599 carnem,
1761 533 1892 604 quia
1979 536 2108 601 (Luc
2154 539 2251 604 χι).
2302 536 2447 590 Nam
2486 542 2730 592 rectores
2773 541 3134 598 tenebrarum
3189 543 3430 616 legimus
3477 562 3573 618 ap-

329 625 407 695 qui
437 629 589 677 natus
620 637 732 676 non
761 627 867 687 est,
899 637 1001 674 nec
1024 620 1282 675 moritur.
1335 620 1426 675 Sic
1465 627 1656 676 autem
1695 621 1896 692 probat
1975 622 2192 694 pellari,
2217 627 2274 678 et
2300 624 2474 678 alium
2493 627 2686 681 mundi
2708 627 2878 700 hujus
2896 630 3206 702 principem
3233 635 3568 706 nuncupari,

327 713 580 768 Christum
603 709 977 765 resurrexisse
1024 725 1059 762 a
1100 709 1358 775 mortuis,
1397 709 1529 780 quia
1561 709 1730 764 homo
1764 709 1889 777 fuit,
1976 728 2116 783 quos
2134 713 2751 784 tamengradusbeatus
2767 718 3068 790 Apostolus
3087 721 3146 775 in
3169 720 3424 777 futurum
3441 739 3572 778 cum

325 807 376 858 ut
391 799 608 855 dubium
635 816 750 854 non
777 797 1150 854 sithominem
1179 815 1216 851 a
1241 798 1406 852 Deoa
1423 798 1662 854 mortuis
1691 799 1892 854 excita-
1939 854 1944 859 ,
1975 801 2167 854 omnia
2192 801 2404 856 fuerint
2423 802 2644 858 Christo
2657 804 2914 877 subjecta
2944 808 3148 863 asserit
3174 811 3523 866 evacuandos
3553 829 3566 866 ;

322 898 442 955 tum,
491 895 553 944 ut
591 889 724 960 quia
769 893 996 960 peccato
1039 887 1282 941 hominis
1331 902 1482 941 mors
1511 887 1740 942 inventa
1783 892 1886 955 est,
1973 889 2110 944 Cum
2140 891 2451 955 tradiderit,
2487 891 2766 963 inquiens,
2789 911 3024 964 regnum
3049 899 3154 952 Deo
3181 903 3232 952 et
3250 900 3571 965 Patri,cum

323 979 502 1034 Christi
513 977 734 1049 justitia
745 977 1214 1033 resurrectionem
1227 976 1500 1031 meruerit
1515 983 1885 1032 mortuorum.
1971 982 2312 1032 evacuaverit
2339 996 2557 1034 omnem
2576 985 2978 1053 principatum,
2998 991 3047 1040 et
3059 991 3377 1055 potestatem
3403 993 3454 1042 et
3480 990 3573 1044 do—

377 1067 517 1122 Sicut
542 1069 693 1121 enim
722 1070 786 1120 in
827 1067 1009 1121 Adam
1049 1081 1232 1120 omnes
1261 1068 1609 1133 maritantur,
1641 1069 1721 1121 ita
1749 1071 1797 1121 et
1827 1070 1890 1122 in
1973 1069 2356 1123 minutionem.
2391 1068 2551 1133 Quod
2579 1071 2775 1142 utique
2798 1089 2909 1128 non
2939 1073 3104 1146 aliter
3123 1075 3206 1142 ﬁt,
3223 1075 3333 1131 nisi
3359 1075 3574 1134 fuerint

319 1159 504 1215 Christo
531 1173 714 1210 omnes
758 1156 1208 1224 viviﬁcabuntur.
1251 1155 1370 1209 Hoc
1423 1155 1576 1222 dicit,
1603 1155 1697 1228 qui
1746 1156 1893 1211 sicut
1973 1156 2042 1211 de
2062 1156 2312 1228 ipsorum
2335 1157 2548 1212 ditione
2575 1159 2798 1228 sublati,
2819 1179 2993 1234 supra
3006 1163 3219 1234 quosin
3248 1165 3570 1222 hocsazculo

320 1246 474 1301 Adam
521 1261 754 1317 peccans
791 1250 1034 1299 mortem
1061 1244 1293 1309 invenit,
1333 1250 1392 1299 et
1435 1261 1630 1299 omnes
1663 1262 1728 1299 ex
1767 1247 1889 1316 ejus
1972 1251 2296 1317 potestates,
2329 1263 2430 1302 seu
2449 1247 2881 1318 dominationes,
2912 1252 2998 1306 vel
3018 1252 3367 1325 principatus
3392 1255 3574 1310 admi~

319 1334 507 1404 origine
532 1333 718 1388 tenuit
753 1339 820 1388 ut
847 1333 1243 1398 dissolvantur,
1275 1333 1354 1387 ita
1381 1339 1438 1388 et
1493 1333 1748 1388 Christus
1775 1351 1888 1389 non
1970 1334 2211 1390 nistrare
2239 1341 2564 1392 noscuntur.

317 1439 524 1494 peccans
549 1429 608 1476 et
625 1439 728 1494 per
753 1423 860 1477 hoc
885 1423 1109 1478 vincens
1155 1427 1415 1489 mortem,
1457 1423 1593 1494 quia
1645 1422 1741 1494 qui
1773 1439 1887 1478 non
2045 1424 2258 1493 Oportet
2288 1429 2473 1480 autem
2505 1429 2670 1482 illum
2701 1444 2952 1497 regnare,
2993 1431 3159 1485 donec
3187 1437 3356 1501 ponat
3383 1447 3571 1490 omnes

318 1517 498 1583 peccat,
529 1511 703 1566 vincit
729 1517 990 1579 mortem,
1022 1511 1155 1583 quia
1171 1527 1323 1566 mors
1343 1527 1409 1565 ex
1427 1515 1672 1582 peccato,
1703 1513 1888 1567 omni-
1972 1515 2227 1567 inimicos
2253 1515 2353 1568 sub
2373 1515 2601 1584 pedibus
2629 1520 2762 1585 ejus.
2785 1517 3097 1573 Novissima
3121 1525 3307 1575 autem
3335 1523 3570 1578 inimica

319 1599 405 1655 bus
423 1600 508 1672 qui
537 1607 674 1656 sunt
719 1617 785 1655 ex
832 1602 956 1672 ejus
999 1617 1228 1672 corpore
1271 1600 1567 1672 acquisivit
1607 1601 1798 1667 vitam,
1833 1601 1892 1656 id
1973 1603 2286 1656 destruetur
2316 1619 2492 1670 mors;
2532 1609 2724 1660 omnia
2761 1609 2910 1662 enim
2951 1609 3178 1678 subjecit
3215 1609 3317 1664 sub
3343 1609 3572 1679 pedibus

318 1695 391 1745 est
427 1690 908 1744 resurrectionem.
951 1689 1215 1754 Quamvis
1255 1706 1388 1760 ergo
1431 1690 1756 1760 generalem
1794 1691 1892 1745 tri-
1915 1766 1938 1768 ῃ
1973 1695 2108 1760 ejus.
2137 1691 2376 1762 (Ambr.)
2407 1692 2526 1748 Hoc
2552 1693 2706 1762 dicit,
2728 1695 3082 1766 quiatradito
3102 1713 3276 1768 regno
3310 1697 3440 1768 ﬁnis
3465 1698 3574 1754 erit

317 1779 479 1833 buerit
505 1779 995 1844 resurrectionem,
1019 1785 1084 1832 ut
1109 1778 1254 1833 sicut
1269 1778 1329 1832 in
1355 1778 1536 1833 Adam
1558 1780 1891 1838 omnes.sive
1913 1766 2188 1846 Bmundi,
2223 1780 2456 1852 impleta
2492 1757 2920 1851 resurrectione,
2945 1785 3096 1856 quod
3119 1757 3352 1858 quidam
3384 1757 3572 1844 territi

313 1869 433 1939 justi
458 1869 567 1922 sive
595 1868 816 1938 injusti,
853 1867 1192 1933 moriuntur,
1230 1867 1310 1922 ita
1337 1873 1396 1922 et
1421 1868 1481 1922 in
1519 1868 1742 1923 Christo
1771 1875 1891 1923 tam
1973 1869 2274 1940 asperitate
2304 1871 2598 1938 sermonis,
2619 1872 2756 1926 dum
2784 1874 2946 1945 quasi
2981 1874 3073 1946 pie
3103 1875 3298 1932 volunt
3337 1876 3570 1944 sentire,

317 1973 488 2012 omnes
521 1957 832 2023 credentes,
867 1973 1039 2028 quam
1071 1955 1386 2012 difﬁdentes
1417 1961 1730 2028 resurgant,
1763 1957 1894 2013 licet
1973 1975 2008 2014 a
2035 1959 2378 2030 proprietate
2397 1977 2594 2014 sensus
2612 1961 2898 2017 declinant
2919 1963 3180 2031 ;horrent
3198 1964 3352 2019 enim
3369 1981 3574 2021 sonum

315 2046 376 2100 ad
399 2063 613 2118 pinnam
633 2046 909 2100 increduli
929 2065 942 2114 ;
959 2051 1151 2100 tamen
1169 2045 1435 2100 viviﬁcari
1455 2046 1734 2114 videntur,
1758 2046 1893 2118 quia
1971 2046 2124 2102 verbi
2146 2047 2439 2104 audientes
2469 2067 2481 2102 :
2509 2068 2534 2100 (ι
2553 2065 2681 2104 cum
2693 2050 3240 2124 tradideritregnum
3254 2053 3371 2108 Deo
3383 2059 3442 2108 et
3470 2054 3574 2109 Pa-

313 2151 523 2206 corpora
547 2152 654 2190 sua
675 2135 966 2207 recipient,
985 2136 1106 2206 jam
1122 2151 1236 2189 non
1260 2135 1540 2204 morituri,
1560 2136 1658 2190 sed
1672 2136 1892 2207 passuri
1973 2136 2066 2203 tri,
2082 2157 2108 2190 »
2124 2143 2389 2209 putantes
2405 2139 2768 2194 traditionem
2786 2140 2930 2196 hanc
2949 2141 3182 2212 regni,si
3190 2143 3354 2212 juxta
3370 2157 3574 2198 sonum

310 2241 512 2296 ptenam
547 2227 608 2279 in
651 2225 733 2279 eis
761 2224 882 2280 sine
923 2225 1053 2290 ﬁne,
1097 2225 1246 2295 quod
1299 2225 1526 2279 credere
1565 2225 1886 2280 noluerunt.
1971 2225 2123 2280 verbi
2151 2226 2518 2297 intelligatur,
2557 2245 2791 2283 vacuam
2838 2245 3151 2297 remanere,
3193 2233 3260 2284 ut
3296 2230 3346 2285 si
3374 2231 3570 2298 tradit,

308 2313 474 2383 (Aug)
500 2314 665 2370 Sicut
685 2317 748 2369 in
769 2313 1186 2385 Adam,inquit,
1217 2330 1402 2368 omnes
1425 2317 1773 2380 moriuntur,
1806 2317 1886 2369 ita
1965 2316 2086 2386 jam
2123 2316 2244 2387 ipse
2288 2332 2403 2370 non
2451 2315 2674 2384 habeat,
2707 2318 2868 2388 quasi
2895 2319 3066 2373 Pater
3109 2316 3344 2374 tradens
3381 2318 3574 2374 omnia

305 2409 346 2455 et
365 2406 421 2456 in
432 2403 643 2458 Christo
655 2418 841 2457 omnes
858 2404 1312 2471 viviﬁcabuntur.
1331 2402 1475 2467 Quia
1484 2402 1631 2457 sicut
1643 2402 1702 2456 in
1713 2419 1886 2474 regno
1968 2404 2109 2459 Filio
2130 2405 2480 2460 evacuaverit
2495 2422 2574 2460 se.
2615 2406 2762 2460 Nam
2789 2406 2910 2478 ipse
2927 2406 3200 2480 Dominus
3228 2407 3339 2462 ait:
3368 2407 3571 2464 Omnia

307 2491 486 2546 mortis
509 2508 682 2546 nemo
709 2492 831 2546 sine
869 2491 1072 2558 Adam,
1118 2491 1200 2546 ita
1241 2491 1301 2545 in
1334 2507 1506 2562 regno
1547 2491 1672 2546 vitae
1718 2508 1886 2547 nemo
1968 2493 2111 2547 mihi
2133 2493 2341 2547 tradita
2385 2499 2518 2548 sunt
2543 2511 2579 2548 a
2622 2496 2784 2548 Patre
2840 2511 2956 2548 meo
3013 2497 3162 2562 (Luc.
3214 2499 3294 2566 Χ).
3347 2495 3419 2552 Et
3445 2501 3576 2568 post

303 2579 409 2633 sine
438 2581 695 2646 Christo;
719 2581 864 2634 sicut
890 2597 992 2652 per
1015 2581 1197 2634 Adam
1217 2580 1493 2648 homines,
1511 2580 1594 2634 ita
1613 2597 1716 2652 per
1731 2581 1888 2635 Chri-
1969 2598 2038 2636 ea
2067 2599 2079 2635 :
2113 2583 2234 2636 Ha’c
2272 2587 2346 2636 est
2390 2587 2592 2648 autem,
2661 2583 2862 2655 inquit,
2924 2587 3040 2638 vita
3081 2590 3308 2652 aeterna,
3362 2591 3428 2640 ut
3481 2601 3571 2640 co-

300 2675 433 2724 stum
460 2686 659 2724 omnes
673 2669 814 2740 justi
836 2669 1122 2736 homines;
1153 2669 1300 2724 sicut
1325 2687 1426 2740 per
1468 2670 1650 2724 Adam
1689 2686 1886 2724 omnes
1967 2675 2231 2739 gnoscant
2257 2676 2304 2724 te
2315 2675 2494 2726 solum
2511 2678 2560 2727 et
2590 2688 2783 2727 rerum
2799 2674 2994 2739 Deum,
3008 2677 3059 2728 et
3077 2690 3237 2743 quem
3255 2676 3464 2729 misisti
3487 2675 3572 2730 Je-

300 2759 543 2813 mortales
574 2759 640 2813 in
668 2775 834 2830 pcena
861 2758 992 2814 facti
1023 2765 1157 2814 sunt
1181 2759 1284 2813 ﬁlii
1323 2759 1528 2822 seaculi,
1573 2759 1654 2814 ita
1693 2764 1750 2813 et
1785 2775 1888 2830 per
1967 2776 2093 2814 sum
2143 2761 2426 2816 Christum
2464 2762 2644 2829 (Joan.
2701 2765 2855 2830 xvu).
2916 2762 3054 2816 Ecce
3103 2768 3375 2834 regnante
3428 2761 3572 2818 Filio

297 2847 564 2902 Christum
595 2864 796 2903 omnes
816 2847 1164 2902 immortales
1177 2847 1395 2903 ﬁuntin
1405 2850 1591 2919 gratia
1603 2847 1730 2902 Filii
1759 2848 1880 2902 Dei.
1967 2854 2169 2920 regnat
2187 2854 2246 2904 et
2271 2849 2458 2904 Pater.
2492 2849 2783 2916 Quomodo
2831 2856 3023 2906 autem
3053 2852 3286 2908 tradens
3330 2866 3574 2923 regnum

297 2937 664 3007 Unusquisque
701 2943 888 2992 autem
925 2940 990 2992 in
1045 2954 1142 2992 suo
1193 2939 1390 2992 ordine
1437 2936 1676 3006 (Ambr.)
1725 2938 1887 2992 Nunc
1967 2937 2143 2992 Filius
2173 2955 2441 2994 evacuare
2461 2956 2522 2993 se
2549 2939 2889 3007 crederetur,
2923 2956 3051 2995 cum
3079 2941 3231 2996 dicat
3246 2940 3482 3012 angelus
3499 2939 3573 2997 ad

293 3025 498 3080 ordines
562 3025 997 3080 resurrectionis
1053 3027 1174 3081 vult
1239 3042 1534 3098 exponere,
1620 3042 1692 3082 ne
1759 3026 1886 3082 ideo
1968 3027 2249 3082 Mariam:
2281 3029 2350 3083 Et
2387 3029 2541 3083 dabit
2575 3031 2669 3083 illi
2711 3030 2982 3084 Dominus
3019 3030 3161 3084 Deus
3188 3031 3366 3084 sedem
3393 3029 3574 3084 David

292 3121 538 3185 putarent
585 3113 909 3170 fabulosum
948 3131 1089 3180 esse,
1141 3115 1276 3188 quia
1301 3114 1511 3170 factum
1553 3115 1736 3170 adhuc
1771 3129 1946 3190 nona
1961 3119 2144 3186 patris
2160 3119 2266 3182 sui,
2302 3122 2352 3172 et
2372 3117 2626 3186 regnabit
2657 3120 2722 3172 in
2758 3118 2916 3171 domo
2950 3118 3114 3172 Jaeob
3165 3120 3230 3172 in
3274 3122 3568 3188 atomum,

292 3207 368 3258 est
401 3204 456 3260 in
512 3204 754 3270 caeteris,
795 3204 1021 3259 ordines
1055 3205 1168 3259 illis
1209 3205 1454 3277 exponit,
1497 3208 1555 3260 et
1602 3209 1878 3276 tempora,
1962 3211 2013 3260 et
2041 3209 2203 3274 regni
2228 3209 2344 3276 ejus
2371 3221 2485 3260 non
2523 3209 2631 3260 erit
2663 3208 2794 3274 ﬁnis
2827 3206 2970 3270 (Luc.
3029 3209 3086 3274 ι).
3149 3206 3221 3262 Et
3256 3205 3456 3262 Daniel
3501 3205 3572 3262 de

292 3293 499 3364 quando
526 3294 744 3349 factum
775 3293 867 3359 sit,
898 3298 956 3348 et
987 3293 1210 3366 quando
1239 3294 1494 3348 futurum
1541 3298 1646 3360 est,
1695 3299 1760 3349 ut
1795 3309 1884 3349 re-
1963 3295 2163 3350 eodem
2191 3311 2364 3364 regno
2393 3294 2530 3349 dicit
2557 3295 2708 3350 inter
2733 3300 2970 3350 caetera:
3002 3296 3144 3350 Deus
3173 3297 3292 3350 οωιε
3315 3296 3574 3350 excitavit

291 3390 510 3455 surgant
538 3382 773 3438 mortui.
790 3385 1062 3437 Primitias
1089 3383 1358 3438 Christus.
1389 3383 1542 3438 Sicut
1573 3388 1631 3437 et
1651 3383 1709 3436 in
1735 3383 1884 3437 Acti-
1964 3385 2126 3438 aliud
2162 3399 2397 3452 regnum
2426 3385 2572 3452 quod
2601 3399 2896 3454 nunquam
2919 3389 3328 3454 corrumpetur,
3359 3401 3426 3439 ea
3475 3385 3574 3440 hoc

293 3470 384 3526 bus
420 3473 810 3544 apostolorum
857 3477 1103 3527 testatur
1141 3471 1414 3544 scriptum
1449 3487 1570 3526 esse
1603 3472 1662 3526 in
1693 3471 1884 3543 Moyse
1966 3489 2202 3540 regnum
2227 3475 2619 3526 erita’ternum
2641 3474 2804 3540 (Dan.
2841 3473 2918 3543 ιι).
2955 3474 3134 3528 Nemo
3163 3489 3298 3544 ergo
3355 3471 3577 3528 dubitet

291 3561 344 3615 Si
371 3562 653 3634 passibilis
674 3561 948 3628 Christus,
971 3562 1018 3616 si
1047 3561 1203 3633 prior
1220 3577 1457 3633 surgens
1476 3577 1542 3615 ex
1554 3560 1810 3627 mortuis,
1829 3566 1887 3616 et
1967 3561 2174 3616 Filium
2226 3577 2452 3633 semper
2497 3567 2868 3630 regnaturum
2913 3578 3042 3616 cum
3083 3561 3272 3616 Patre.
3320 3559 3574 3616 Traditio

291 3658 494 3706 cetera.
519 3651 692 3706 Prior
717 3667 852 3722 ergo
885 3651 1212 3718 resurrexit,
1253 3657 1316 3706 ut
1349 3649 1532 3705 forma
1558 3651 1722 3704 ﬁeret
1771 3665 1888 3704 cre-

293 3740 540 3795 dentibus
568 3739 700 3795 sibi.
723 3741 932 3795 Deinde
958 3741 1020 3793 hi
1045 3743 1144 3809 qui
1167 3745 1300 3794 sunt
1332 3740 1557 3806 Christi,
1582 3743 1682 3808 qui
1709 3742 1772 3793 in
1791 3740 1888 3794 ad-

292 3837 441 3884 ventu
469 3834 588 3900 ejus
621 3830 995 3884 crediderunt.
1016 3829 1133 3883 Hoc
1163 3827 1372 3901 duplici
1393 3829 1558 3883 modo
1569 3828 1888 3899 intelligen-

293 3917 577 3990 dum,quia
593 3924 656 3973 et
675 3919 735 3972 in
755 3918 996 3973 adventu
1006 3919 1055 3990 ej
1062 3935 1128 3972 us
1146 3919 1391 3973 secundo
1401 3917 1580 3972 sancti
1594 3923 1889 3987 resurgent

287 4008 434 4077 juxta
463 4008 641 4062 ﬁdem
669 4007 1032 4079 Apocalypsis
1061 4007 1314 4073 Joannis,
1353 4007 1497 4061 sicut
1525 4012 1582 4060 et
1608 4007 1669 4060 in
1705 4005 1888 4076 primo

293 4097 520 4151 adventu
552 4113 688 4151 cum
701 4097 960 4161 surrexit,
981 4097 1160 4150 multa
1189 4112 1425 4167 corpora
1453 4101 1776 4149 sanctorum
1803 4111 1888 4149 re-

292 4192 653 4241 surrexerunt
679 4187 752 4240 ad
769 4185 1226 4258 protestationem
1251 4185 1440 4239 evicta:
1462 4184 1658 4238 mortis
1675 4201 1740 4238 ac
1757 4201 1888 4256 spo-

1968 3656 2161 3704 autem
2187 3649 2304 3706 haec
2331 3657 2419 3705 est
2455 3650 2636 3721 regni,
2679 3655 2743 3704 ut
2787 3667 2916 3705 cum
2957 3650 3150 3705 omnia
3185 3649 3328 3706 Filio
3363 3649 3576 3705 fuerint

1969 3737 2222 3810 subjecta
2241 3744 2300 3792 et
2325 3738 2686 3793 adoraverint
2721 3739 2882 3794 illum
2917 3744 2984 3793 ut
3009 3739 3190 3794 Deum
3213 3757 3227 3806 ;
3276 3739 3566 3794 destructa

1968 3831 2170 3895 morte,
2229 3833 2363 3882 tunc
2420 3826 2598 3882 Filius
2663 3827 2922 3881 ostendet
2993 3826 3107 3880 illis
3173 3841 3286 3880 non
3351 3841 3413 3880 se
3449 3841 3574 3882 esse

1976 3934 2042 3970 ex
2073 3933 2183 3987 quo
2210 3921 2344 3970 sunt
2371 3915 2580 3981 omnia,
2615 3915 2714 3969 sed
2744 3931 2848 3986 per
2893 3931 3061 3986 quem
3087 3918 3222 3970 sunt
3249 3912 3461 3981 omnia,
3515 3919 3576 3970 et

1975 4005 2080 4060 hoc
2127 4004 2235 4059 erit
2273 4005 2498 4058 tradere
2539 4020 2777 4074 regnum
2815 4005 2931 4058 Deo
2977 3994 3036 4058 et
3075 4003 3251 4071 Patri,
3273 4001 3570 4060 ostendere

1971 4094 2154 4166 ipsum
2199 4110 2320 4148 esse
2376 4111 2444 4148 ex
2472 4109 2583 4164 quo
2626 4092 2809 4148 omnis
2846 4093 3164 4148 Paternitas
3199 4093 3260 4148 in
3315 4091 3467 4147 malis
3509 4096 3570 4148 et

1970 4183 2030 4238 in
2070 4189 2222 4238 terra
2256 4181 2600 4249 nominatur,
2633 4187 2692 4237 et
2721 4189 2857 4238 tunc
2893 4183 3002 4239 erit
3048 4181 3197 4236 ﬁnis.
3254 4181 3574 4238 Destructio

295 4274 447 4330 liataa.
464 4276 582 4331 Sub
599 4291 858 4346 unaergo
875 4274 1576 4346 signiﬁcationeduplicem
1589 4275 1889 4328 adventum
1971 4273 2200 4344 quidem
2226 4272 2444 4339 mortis,
2483 4277 2571 4326 est
2598 4271 2936 4327 resurrectio
2970 4276 3348 4328 mortuorum.
3384 4268 3574 4341 (Aug.)

294 4363 506 4420 Domini
534 4363 985 4436 comprehendit.
1973 4361 2186 4417 Deinde
2225 4361 2354 4416 ﬁnis
2379 4377 2507 4416 cum
2533 4359 2835 4416 tradiderit
2861 4377 3102 4430 regnum
3144 4360 3262 4414 Deo
3303 4365 3363 4414 et
3395 4359 3572 4414 Patri.

357 4455 560 4508 Deinde
585 4456 736 4521 ﬁnis,
771 4469 899 4508 cum
933 4454 1230 4507 tradiderit
1259 4469 1496 4520 regnum
1519 4453 1620 4506 Deo
1643 4457 1692 4506 et
1709 4453 1886 4518 Patri,
1910 4450 2180 4510 DTradet
2195 4450 2390 4521 itaque
2420 4466 2658 4521 regnum
2677 4450 2793 4504 Deo
2815 4455 2874 4504 et
2894 4449 3050 4502 Patri
3080 4447 3356 4502 Dominus
3381 4453 3575 4502 noster

291 4545 774 4597 cumevacuaverit
813 4557 1036 4596 omnem
1055 4544 1462 4611 principatum,
1487 4546 1535 4595 et
1550 4547 1889 4610 potestatem,
1970 4541 2132 4595 Jesus
2159 4539 2436 4604 Christus,
2467 4555 2578 4594 non
2606 4555 2667 4592 se
2695 4537 2827 4592 inde
2857 4540 3140 4608 separato,
3159 4535 3458 4602 necPatre,
3473 4549 3578 4590 nec

294 4633 806 4686 «dominationem.
833 4631 1035 4698 (Cass)
1061 4629 1268 4685 Idcirco
1285 4630 1392 4684 dici
1407 4629 1772 4700 principatus,
1804 4629 1890 4683 vel
1973 4627 2186 4700 Spiritu
2208 4633 2420 4695 sancto,
2439 4627 2704 4698 quoniam
2718 4625 2988 4698 perducet
3015 4623 3309 4679 credentes
3327 4622 3400 4678 ad
3449 4638 3578 4678 cou-

295 4726 618 4790 potestates,
652 4719 894 4775 evidenti
905 4735 1203 4791 possumus
1218 4719 1435 4774 ratione
1445 4718 1726 4788 colligere,
1743 4717 1890 4788 quod
1972 4717 2400 4788 templationem
2425 4715 2650 4784 Dei,ubi
2665 4721 2752 4770 est
2769 4714 2896 4769 ﬁnis
2917 4713 3172 4769 omnium
3186 4712 3464 4794 bonarum
3490 4727 3578 4767 ac-

294 4809 498 4864 scilicet
506 4810 598 4864 vel
609 4809 844 4863 diversis
856 4807 1119 4880 gentibus
1145 4807 1525 4874 dominentur,
1559 4823 1622 4861 ac
1643 4807 1888 4878 praesint,
1974 4807 2214 4873 tionum,
2229 4811 2288 4860 et
2301 4805 2524 4876 requies
2550 4804 2897 4876 sempiterna
2915 4809 2972 4858 et
2982 4803 3276 4876 gaudium,
3296 4801 3447 4875 quod
3463 4816 3578 4857 non

297 4899 372 4952 vel
381 4905 534 4953 certe
562 4899 714 4970 quod
741 4899 801 4952 in
817 4897 1111 4952 inferiores
1121 4896 1375 4969 spiritus,
1397 4904 1567 4968 atque
1594 4895 1888 4953 daemonia.
1975 4896 2262 4950 auferetur
2279 4911 2314 4950 a
2329 4892 2506 4948 nobis.
2525 4894 2642 4948 Hoc
2655 4893 2806 4948 enim
2825 4893 3105 4964 signiﬁcat
3132 4891 3406 4948 Dominus
3428 4889 3487 4945 in
3510 4905 3576 4946 eo

295 4987 358 5040 de
393 4988 604 5060 quibus
632 4987 804 5041 etiam
837 4987 1180 5058 Evangelicae
1216 4986 1466 5058 legiones
1510 5003 1630 5041 esse
1666 4985 1895 5058 propria
1976 4985 2126 5056 quod
2140 4983 3232 5051 ait:lterumvidebovos,etgaudebiteor
3249 4983 3578 5044 vestrum,et

295 5076 540 5148 ipsorum
561 5076 909 5132 confessione
928 5081 1227 5142 testantur,
1258 5092 1388 5130 suos
1411 5080 1708 5130 exerceant
1733 5074 1892 5145 prin-

295 5167 506 5237 cipatus
531 5185 546 5233 ;
580 5183 694 5221 non
724 5166 877 5220 enim
905 5164 1330 5220 Dominationes
1359 5164 1469 5218 dici
1513 5169 1738 5234 posunt,
1783 5162 1893 5218 nisi

300 5254 559 5320 habeant,
582 5255 641 5309 in
681 5271 821 5326 quos
857 5254 1129 5308 ditionem
1159 5271 1274 5308 suae
1306 5251 1705 5307 dominationis
1735 5268 1894 5306 exer-

299 5352 454 5399 ceant
478 5365 492 5412 ;
523 5361 630 5398 nec
657 5349 962 5415 potestates
981 5360 1046 5398 ac
1073 5343 1429 5414 Principatus
1447 5343 1630 5396 vocari
1659 5346 1892 5412 queunt,

305 5434 403 5486 nisi
432 5433 651 5488 fuerint
676 5450 849 5504 super
877 5449 1016 5504 quos
1059 5419 1165 5486 Sibi
1209 5431 1494 5486 vindicent
1527 5431 1893 5502 principatus,

305 5524 443 5592 quod
491 5522 669 5576 etiam
697 5523 758 5576 in
790 5521 1086 5592 Evangelia
1115 5521 1401 5592 designari
1443 5538 1479 5576 a
1514 5520 1907 5592 blaspheman-

308 5609 798 5668 tibusPharisaaeis
811 5610 1265 5666 manifestissime
1298 5609 1640 5681 reperimus:
1678 5611 1743 5665 In
1761 5611 1906 5666 Beel-

1973 5075 2246 5144 gaudium
2257 5077 2499 5126 vestrum
2513 5088 2670 5126 nemo
2681 5074 2828 5126 tollet
2839 5087 2874 5125 a
2882 5069 3333 5138 vobis(Joan.xv1)
3343 5067 3581 5122 .Fideles

1977 5163 2182 5234 quippe
2203 5163 2326 5233 ejus
2355 5178 2494 5233 quos
2526 5160 2767 5216 redemit
2800 5159 3074 5231 sanguine
3121 5174 3222 5212 suo
3257 5156 3393 5211 dicti
3446 5161 3582 5211 sunt

1977 5269 2213 5323 regnum
2243 5252 2385 5322 ejus.
2403 5252 2540 5308 Cum
2553 5252 2914 5316 evacuaverit,
2938 5247 3140 5319 inquit,
3171 5261 3390 5301 omnem
3410 5247 3582 5314 prin-

1979 5328 2240 5417 cipatum,
2277 5347 2326 5395 et
2357 5357 2574 5394 omnem
2593 5343 2910 5410 potestatem
2949 5342 2999 5391 et
3043 5338 3330 5390 virtutem.
3363 5333 3428 5412 id
3473 5338 3577 5400 est,

1979 5437 2042 5484 ut
2103 5431 2418 5486 necessario
2471 5446 2584 5485 non
2629 5429 2704 5483 sit
2755 5425 3100 5498 dispensatio
3147 5422 3584 5479 similitudinum

1989 5537 2090 5592 per
2118 5520 2398 5590 angelicos
2437 5519 2802 5592 principatus,
2829 5522 2885 5570 et
2931 5519 3256 5587 potestates,
3306 5517 3365 5568 et
3406 5511 3585 5567 virtu-

1989 5616 2093 5675 tes,
2127 5625 2192 5662 ex
2213 5625 2452 5688 quarum
2490 5623 2730 5684 persona
2772 5621 2880 5660 non
2925 5603 3382 5684 inconvenienter
3418 5599 3586 5654 intel-
