4034 6162
385 331 485 398 147

970 341 1032 394 Β.
1074 337 1346 396 RABANI
1385 336 1614 396 MAURI
1665 331 2000 396 ARCHIEP.
2043 332 2366 395 MOGUNT.
2409 330 2704 394 OPERUM
2743 325 2926 392 PARS
2964 334 3062 392 III.

3547 337 3650 394 148

378 465 576 539 ligitur
615 462 723 524 dici
775 469 834 522 in
883 467 1110 522 Cantico
1155 467 1496 522 canticorum
1543 465 1614 520 ad
1661 481 1922 538 sponsam
1957 465 2352 526 :ATrinitatis
2379 465 2727 536 incorporea,
2760 469 2817 518 et
2845 461 3654 531 incommutabilis,e‘tsibimet

373 551 784 614 Similitudines
803 559 938 613 auri
945 559 1212 624 faciemus
1248 555 1350 610 tibi
1376 572 1499 609 cum
1529 555 1974 610 distinctionibus

376 643 615 716 argenti,
649 647 997 716 quoadusque
1016 652 1112 698 res
1136 645 1198 698 in
1223 639 1471 699 recubitu
1497 661 1594 698 suo
1622 647 1696 698 est
1726 644 1970 712 (Canta),

373 730 432 790 id
460 735 564 801 est,
599 727 962 806 quoaduSque
981 731 1236 788 Christus
1264 734 1323 788 in
1343 735 1555 788 secreto
1585 749 1688 787 suo
1717 735 1819 798 est,
1840 731 1972 804 quia

373 823 488 878 vita
513 825 706 879 nostra
730 827 806 878 est
825 815 1140 878 abscondita
1177 839 1302 878 cum
1351 819 1562 877 Christo
1587 823 1650 876 in
1677 822 1799 876 Deo.
1833 822 1970 877 Cum

373 907 640 978 Christus,
675 905 878 983 inquit,
901 915 1226 982 apparuerit
1255 915 1370 966 vita
1397 916 1736 978 vestra,tunc
1789 917 1837 966 et
1880 925 1971 964 vos

371 1000 706 1070 apparebitis
730 1017 856 1055 cum
903 1003 1000 1056 illo
1028 1003 1092 1056 in
1125 1003 1308 1069 gloria
1333 999 1550 1072 (Coloss.
1588 1003 1687 1070 III).
1720 1001 1836 1054 Nec
1891 1001 1971 1054 sic

371 1079 714 1144 arbitremur
767 1087 1053 1144 Christum
1095 1081 1439 1144 traditurum
1485 1105 1720 1161 regnum
1758 1090 1874 1143 Deo
1913 1095 1971 1144 et

369 1167 545 1246 Patri,
575 1181 641 1234 ut
669 1175 882 1233 adimat
909 1175 1046 1247 sibi;
1077 1196 1208 1233 nam
1231 1181 1287 1232 et
1305 1173 1411 1233 hoc
1431 1177 1659 1250 quidam
1685 1178 1968 1250 vaniloqui

369 1259 747 1322 crediderunt.
763 1268 905 1322 Cum
923 1268 1072 1322 enim
1086 1267 1291 1322 dicitur
1298 1267 1522 1322 tradere
1535 1283 1771 1338 regnum
1782 1267 1898 1322 Deo
1914 1271 1971 1321 et

369 1355 545 1422 Patri,
572 1373 683 1410 non
703 1363 999 1427 separatur
1013 1357 1152 1428 ipse,
1167 1357 1300 1428 quia
1322 1353 1489 1410 simul
1505 1366 1633 1410 cum
1646 1353 1812 1410 Patre
1821 1367 1969 1410 unus

369 1435 519 1500 Deus
561 1451 665 1500 eet.
693 1444 801 1499 Sed
841 1445 1157 1500 divinarum
1199 1445 1616 1516 Scripturarum
1658 1445 1968 1500 incuriosos

369 1529 855 1588 etcontentionum
869 1535 1150 1588 studiosos
1158 1533 1302 1588 fallit
1310 1531 1966 1605 verbum,quodpositum

368 1627 472 1688 est,
505 1621 688 1690 donec,
707 1613 789 1676 ita
813 1639 1057 1694 namque
1089 1623 1361 1694 sequitur,
1387 1626 1590 1692 oportet
1621 1625 1769 1676 enim
1800 1626 1965 1678 illum

365 1713 792 1779 regnare,done‘c
804 1715 1172 1780 ponatomnes
1190 1705 1279 1766 ini
1284 1715 1446 1766 micas
1465 1713 1564 1766 sub
1585 1711 1812 1780 pedibus
1825 1714 1961 1779 ejus,

2055 551 2560 618 consubstantialis,
2594 559 2652 608 et
2681 557 2957 608 coaeterna
2999 557 3221 607 natura.
3257 553 3490 622 (Ambr.)
3535 553 3654 610 Hoc

2055 648 2141 697 est
2166 643 2345 698 Deum
2375 659 2496 698 esse
2523 643 2714 698 omnia
2753 643 2812 696 in
2843 641 3122 708 omnibus,
3166 643 3301 712 quia
3329 657 3456 698 cum
3489 643 3653 698 discit

2055 733 2238 786 omnis
2287 737 2546 787 creatura
2567 737 2735 803 caput
2763 743 2930 786 suum
2960 747 3083 786 esse
3104 726 3410 796 Christum,
3443 731 3652 788 Christi

2053 828 2245 876 autem
2267 825 2436 893 caput
2477 816 2657 876 Deum
2695 821 2940 887 Patrem,
2977 820 3168 874 omnia
3193 820 3253 874 in
3281 821 3540 876 omnibus
3567 827 3654 876 est
3683 837 3696 842 ·

2053 911 2202 965 Deus
2229 911 2415 964 Pater.
2450 909 2694 976 Hoc-est,
2733 911 2798 964 ut
2827 913 3086 964 creatura
3114 909 3298 964 omnis
3323 915 3503 964 unum
3529 927 3652 965 sen-

2050 999 2174 1064 tiat,
2196 1003 2253 1054 et
2279 1012 2393 1054 una
2419 1011 2549 1054 Voce
2580 999 2762 1053 omnis
2797 998 2994 1068 lingua
3038 995 3350 1054 caelestium
3377 1002 3436 1053 et
3471 1003 3650 1054 terre-
3707 991 3710 996 ’

2050 1089 2253 1144 strium
2286 1095 2343 1143 et
2369 1087 2716 1144 infernorum
2754 1089 3091 1142 conﬁteatur
3115 1100 3294 1142 unum
3319 1103 3441 1142 esse
3471 1087 3650 1144 Deum

2051 1194 2116 1231 ex
2147 1190 2255 1248 quo
2283 1179 2416 1232 sunt
2444 1167 2651 1231 omnia.
2697 1178 2756 1232 Si
2794 1179 2983 1231 autem
3012 1176 3262 1242 dixisset,
3291 1182 3356 1231 ut
3382 1177 3457 1232 sit
3497 1174 3648 1232 Deus

2051 1267 2110 1321 in
2129 1266 2406 1333 omnibus,
2431 1266 2842 1336 intelligeretur
2861 1265 3088 1337 quidem
3125 1265 3183 1319 in
3206 1263 3466 1321 omnibus
3501 1281 3643 1332 esse,

2051 1352 2145 1410 sed
2170 1371 2271 1426 per
2283 1356 2545 1410 affectum
2564 1361 2664 1410 aut
2679 1365 3035 1408 communem
3047 1367 3296 1420 sensum,
3321 1371 3434 1410 non
3454 1357 3645 1410 tamen

2051 1461 2118 1499 ea
2137 1444 2260 1516 ipsa
2277 1459 2342 1498 ex
2373 1443 2492 1516 ipso
2525 1461 2666 1498 esse.
2694 1443 2802 1498 Sed
2834 1448 2958 1497 etim
2993 1439 3152 1508 dixit,
3184 1447 3454 1498 omniain
3471 1447 3650 1498 omni-

2048 1531 2166 1600 bus,
2201 1530 2304 1588 hoc
2332 1533 2826 1604 signiﬁcavit,quia
2848 1537 2905 1587 et
2934 1543 2999 1586 ex
3055 1532 3177 1604 ipso
3224 1535 3374 1600 sunt,
3421 1539 3479 1586 et
3512 1533 3649 1604 ipsis

2049 1627 2135 1677 est
2151 1641 2161 1675 :
2196 1639 2261 1676 ex
2279 1622 2418 1694 ipso,
2444 1622 2578 1693 quia
2587 1621 2656 1676 ab
2679 1622 2801 1693 ipso
2817 1626 3008 1676 creata
3023 1627 3180 1676 sunt:
3207 1621 3266 1675 in
3281 1621 3417 1692 ipsis
3433 1621 3644 1687 autem,

2049 1711 2182 1783 quia
2209 1709 2267 1766 in
2306 1711 2558 1765 omnium
2603 1711 2948 1765 confessione
2985 1726 3131 1764 unus
3177 1713 3263 1764 est
3318 1708 3486 1765 Deus.
3520 1711 3646 1766 Non

365 1799 637 1871 tanquam
657 1817 786 1855 cum
829 1801 1078 1872 posuerit
1108 1818 1220 1855 non
1242 1801 1317 1854 sit
1337 1802 1706 1871 regnaturus;
1739 1817 1841 1854 nec
1871 1789 1962 1854 in-
1989 1784 2036 1848 Β
2053 1807 2243 1855 tamen
2272 1803 2352 1854 sic
2365 1799 2660 1871 subjicitur
2684 1800 2832 1854 ﬁlius
2861 1799 3014 1854 Patri
3046 1799 3190 1854 sicut
3219 1799 3334 1854 ﬁlio
3366 1805 3642 1854 creatura.

363 1887 644 1959 telligunt,
667 1883 747 1944 ita
765 1889 979 1944 dictum
1006 1891 1151 1944 sicut
1164 1893 1250 1944 est
1277 1889 1442 1944 illud:
1464 1884 1866 1957 Con/innatum
1887 1893 1963 1942 est

365 1983 456 2030 cor
468 1971 620 2049 ejus,[
638 1993 752 2032 non
779 1977 1219 2044 commovebitur,
1252 1975 1418 2032 donec
1445 1979 1814 2046 videat'super
1842 1981 1959 2032 ini-

361 2068 530 2120 micos
571 2075 695 2120 suos
735 2065 898 2135 (Psal.
941 2070 1078 2136 cxx);
1112 2083 1226 2122 non
1255 2067 1406 2121 enim
1435 2078 1562 2121 cum
1590 2055 1800 2120 videbit
1839 2066 1961 2137 jam

361 2149 820 2210 commovebitur.

361 2243 368 2248 ’
434 2241 573 2298 Cum
600 2241 786 2299 autem
815 2245 1002 2300 dicat:
1053 2243 1255 2300 Omnia
1291 2247 1528 2315 subjecta
1573 2245 1802 2311 suntet,
1842 2245 1962 2298 sine

359 2325 526 2387 dubio
539 2337 742 2402 praeter
760 2351 887 2388 eum
909 2338 1008 2404 qui
1022 2329 1248 2404 subjecit
1273 2337 1325 2389 ei
1344 2337 1534 2388 omnia
1557 2343 1573 2389 Ξ
1603 2349 1728 2388 cum
1773 2339 1961 2388 autem

357 2415 598 2491 subjecta
626 2421 719 2478 illi
734 2424 950 2492 fuerint
979 2426 1330 2488 omnia,tunc
1355 2426 1464 2492 ipse
1492 2425 1666 2478 Filius
1693 2423 1962 2494 subjectus

359 2505 466 2564 erit
497 2509 606 2576 illi,
633 2515 733 2580 qui
754 2512 862 2566 sibi
889 2514 1114 2582 subjecit
1158 2515 1368 2578 omnia,
1401 2513 1462 2568 ut
1491 2507 1563 2566 sit
1581 2513 1738 2567 ‘Deus
1769 2513 1960 2566 omnia

360 2590 428 2652 in
470 2600 746 2654 omnibus.
775 2596 1009 2670 (Ambia)
1042 2601 1199 2656 Idem
1228 2618 1426 2656 sensus
1455 2606 1558 2667 est,
1601 2614 1769 2672 quem
1811 2609 1962 2654 nunc

358 2679 542 2758 aperit
565 2691 630 2742 ut
658 2687 980 2744 manifestat
1013 2684 1147 2760 quid
1172 2689 1246 2744 sit
1267 2683 1490 2744 tradere
1514 2683 1694 2743 ﬁlium
1721 2702 1958 2759 regnum

358 2765 474 2830 Deo
495 2781 554 2830 et
581 2773 756 2844 Patri,
789 2769 893 2832 hoc
913 2783 1104 2833 tamen
1125 2778 1284 2832 addit
1308 2779 1376 2832 ad
1399 2795 1646 2844 sensum,
1682 2778 1815 2850 quia
1841 2777 1960 2832 tra-

358 2853 499 2919 dens
525 2857 698 2920 Pater
725 2857 842 2921 ﬁlio
871 2883 1108 2938 regnum
1129 2884 1241 2922 non
1279 2885 1340 2921 se
1369 2867 1670 2938 Subjecerit
1697 2865 1768 2933 ei,
1817 2865 1962 2922 sicut

358 2942 510 3009 ﬁlius
562 2945 720 3010 Patri
765 2964 826 3010 se
863 2955 1119 3027 subjecit,
1153 2957 1523 3027 incongruum
1567 2961 1654 3011 est
1694 2957 1865 3023 enim,
1897 2957 1960 3011 ut

357 3031 528 3098 Pater
564 3035 898 3116 subjiciatur
924 3041 1060 3100 ﬁlio.
1097 3045 1301 3100 Omnia
1337 3061 1472 3116 ergo
1509 3041 1748 3116 subjecit
1793 3043 1962 3100 Pater

2047 1891 2109 1946 Ut
2127 1893 2200 1944 sit
2221 1891 2379 1954 Deus,
2407 1881 2607 1960 inquit,
2642 1893 2832 1943 omnia
2863 1892 2925 1943 in
2965 1891 3240 1942 omnibus.
3277 1889 3466 1960 (Aug)
3500 1889 3652 1954 Quid

2043 1984 2130 2034 est
2151 1979 2302 2032 enim
2331 1979 2483 2032 aliud
2519 1978 2666 2050 quod
2711 1994 2812 2048 per
2852 1977 3184 2049 prophetam
3221 1977 3362 2032 dixit
3390 1997 3402 2031 :
3433 1977 3543 2033 Ero
3570 1982 3645 2032 ili

2043 2066 2228 2122 lorum
2251 2069 2410 2133 Deus,
2436 2073 2485 2122 et
2503 2069 2613 2136 ipsi
2642 2069 2810 2121 erunt
2849 2065 2992 2120 mihi
3026 2065 3222 2136 plebs?
3268 2069 3398 2132 (Jer.
3419 2068 3513 2136 x1.)
3535 2065 3645 2122 nisi

2042 2171 2145 2227 ego
2167 2173 2263 2211 ero
2286 2157 2436 2211 unde
2466 2157 2761 2221 satientur,
2795 2171 2897 2225 ego
2925 2171 3022 2210 ero
3043 2165 3408 2227 quaecumqm
3445 2155 3515 2210 ab
3547 2155 3646 2210 ho-

2041 2243 2289 2300 minibUs
2343 2245 2579 2299 honeste
2623 2237 3034 2310 desiderantur,
3089 2249 3147 2298 et
3191 2245 3326 2312 vita,
3382 2249 3440 2300 et
3467 2244 3640 2313 salus,

2041 2341 2097 2390 ct
2115 2335 2311 2400 victus,
2346 2340 2404 2388 et
2437 2333 2616 2406 copia,
2667 2335 2724 2388 et
2776 2325 2976 2404 gloria,-
3007 2337 3065 2388 et
3108 2334 3306 2399 honor,
3335 2339 3394 2388 et
3431 2353 3559 2406 pax,
3584 2341 3642 2390 et

2043 2423 2233 2478 omnia
2284 2422 2458 2491 bona;
2500 2423 2581 2477 sic
2625 2421 2776 2477 enim
2817 2427 2874 2477 et
2919 2417 3060 2476 illud
3105 2427 3256 2476 recte
3307 2421 3644 2494 intelligitur

2043 2507 2192 2584 quod
2222 2509 2302 2567 ait
2335 2513 2654 2582 Apostolus,
2686 2517 2748 2565 ut
2773 2515 2846 2566 sit
2870 2509 3010 2566 Deus
3039 2513 3227 2566 omnia
3260 2513 3324 2565 in
3363 2513 3637 2566 omnibus.

2043 2599 2168 2672 Ipse
2197 2593 2324 2656 ﬁnis
2345 2599 2453 2655 erit
2480 2595 2887 2655 desideriorum
2913 2599 3254 2668 nostrorum,
3271 2600 3365 2672 qui
3391 2601 3512 2656 sine
3529 2602 3642 2656 ﬁne

2039 2685 2337 2756 videbitur,
2371 2689 2492 2744 sine
2539 2689 2764 2744 fastidio
2819 2689 3121 2754 amabitur,
3162 2687 3285 2744 sine
3311 2689 3641 2760 fatigatione

2045 2778 2382 2834 laudabitur.
2410 2777 2527 2833 Hoc
2557 2792 2780 2846 munus,
2807 2771 2897 2833 hic
2935 2778 3186 2844 aﬁ‘ectus,
3205 2777 3302 2837 hic
3331 2781 3488 2834 actus
3517 2793 3643 2851 pro-

2041 2867 2184 2922 fecto
2231 2869 2341 2923 erit
2387 2867 2646 2922 omnibus
2680 2867 2827 2922 sicut
2874 2867 2996 2939 ipsa
3035 2867 3151 2922 vita
3183 2868 3366 2942 omnis
3407 2873 3636 2924 mterna.

2040 2953 2303 3027 Alioquin
2321 2957 2456 3027 quid
2481 2959 2684 3025 facient
2699 2959 2798 3026 qui
2812 2953 3172 3026 baptizantur
3185 2973 3291 3026 pro
3312 2960 3565 3023 mortuis,
3591 2961 3644 3012 si

2041 3049 2270 3100 omnino
2301 3044 2514 3100 mortui
2544 3055 2656 3100 nan
2684 3049 2992 3115 vesurgent.
3046 3039 3284 3115 (Ambr.)
3309 3044 3374 3102 In
3417 3045 3639 3102 tantum

361 3123 497 3199 tilio,
528 3131 595 3188 ut
620 3133 886 3189 similiter
922 3127 1324 3190 honoriﬁcetur
1353 3127 1518 3202 ﬁlius,
1555 3131 1701 3189 sicut
1735 3118 2019 3189 honori-(3
2042 3137 2224 3189 ratam
2275 3137 2334 3189 et
2379 3133 2638 3188 stabilem
2679 3129 2800 3188 vult
2850 3133 3144 3189 ostendere
3173 3133 3638 3190 resurrectionem

359 3209 562 3277 ﬁcatur
588 3219 647 3277 et
674 3221 862 3278 Pater.
895 3223 1038 3279 Cum
1068 3238 1200 3294 ergo
1249 3224 1438 3278 Omnia
1468 3217 1720 3278 confessa
1748 3217 1960 3278 fuerint

359 3301 648 3366 Christum
676 3305 878 3380 Deum,
895 3311 1181 3368 substrata
1191 3311 1426 3384 pedibus
1448 3313 1590 3384 ejus,
1613 3317 1748 3368 tunc
1762 3317 1819 3366 et
1839 3311 1960 3384 ipse

357 3387 618 3455 Christus
637 3395 913 3456 Dominus
937 3401 1234 3474 subjicitur
1252 3399 1368 3457 Deo
1399 3399 1574 3469 Patri,
1615 3405 1681 3456 ut
1709 3401 1784 3456 sit
1809 3399 1959 3456 Deus

357 3481 550 3544 omnia
581 3488 644 3544 in
685 3489 963 3546 Omnibus.
1001 3489 1121 3545 Hoc
1161 3489 1298 3546 dicit
1343 3491 1474 3564 quia
1520 3507 1647 3546 cum
1703 3489 1958 3544 omnium

291 3577 300 3588 ‘
356 3565 684 3649 Principum
709 3575 770 3634 et
801 3574 1236 3646 Potestatum,et
1287 3571 1746 3635 Dominationum
1789 3575 1960 3633 fuerit

356 3681 551 3738 pressa
603 3657 887 3738 superbia,
937 3673 996 3722 et
1038 3661 1397 3724 adoraverint
1455 3667 1740 3722 Christum
1797 3667 1955 3738 quasi

355 3741 555 3822 Deum,
577 3758 713 3811 tunc
731 3761 790 3811 et
799 3752 1056 3812 Christus
1071 3757 1533 3829 prapterunicam
1561 3743 1956 3812 auctoritatem

354 3831 538 3898 Patris
553 3837 734 3900 Deum
749 3837 978 3917 quidem
993 3863 1053 3900 se
1067 3838 1326 3900 ostendet
1345 3843 1442 3900 sed
1465 3836 1535 3900 de
1551 3845 1686 3912 Deo,
1703 3851 1768 3900 ut
1787 3845 1955 3900 Unius

353 3925 614 4004 principii
637 3923 894 3990 sublimis
931 3939 988 3988 et
1013 3923 1312 3989 ineﬁ‘abilis
1343 3934 1650 3990 auctoritas
1677 3937 1906 3988 maneat
1939 3952 1951 3986 :

352 4017 459 4075 hoc
475 4019 581 4088 est,
603 4019 880 4092 subjicere
894 4039 954 4076 se
969 4013 1174 4077 Filium
1191 4023 1364 4078 Patri.
1393 4018 1578 4094 (Aug.)
1604 4024 1745 4077 Cum
1762 4027 1954 4077 autem

351 4097 575 4172 dixerit,
620 4106 755 4180 quia
791 4111 984 4164 omnia
1035 4103 1290 4182 subjecta
1323 4111 1456 4165 sunt
1486 4111 1557 4177 ei,
1592 4109 1953 4165 manifestum

353 4201 440 4250 est
469 4189 618 4268 quod
639 4197 843 4268 praeter
879 4215 1031 4266 eum,
1063 4197 1160 4270 qui
1188 4197 1426 4270 subjecit
1454 4199 1561 4253 sibi
1609 4199 1817 4253 omnia.
1869 4199 1956 4253 Ita

352 4294 487 4356 ergo
503 4279 738 4356 quilibet
763 4283 1124 4342 existimetde
1152 4287 1318 4342 Patre
1343 4280 1772 4358 intelligendum
1804 4283 1953 4358 quod

351 4364 654 4445 subjecerit
684 4367 875 4430 omnia
911 4368 1045 4442 ﬁlio,
1079 4381 1144 4431 ut
1186 4377 1372 4448 ipsum
1398 4377 1579 4430 ﬁlium
1609 4375 1714 4430 sibi
1761 4377 1954 4431 omnia

2040 3224 2484 3289 mortuorum,ut
2509 3223 2827 3295 exemplum
2839 3218 2934 3278 det
2963 3235 3158 3278 eorum
3187 3224 3284 3294 qui
3309 3222 3428 3278 tam
3457 3224 3638 3280 securi

2039 3313 2202 3368 erant
2231 3313 2300 3367 de
2334 3311 2522 3367 futura
2553 3311 2979 3377 resurrectione,
3010 3313 3265 3367 utetiam
3284 3319 3386 3384 pro
3401 3313 3640 3368 mortuis

2039 3399 2528 3474 baptizarentur,si
2547 3415 2714 3474 quem
2729 3401 2871 3456 forte
2885 3407 3036 3456 mors
3051 3401 3637 3474 praevenisset,timeti-

2037 3483 2142 3556 tes,
2172 3505 2242 3545 ne
2270 3493 2372 3545 aut
2396 3492 2562 3558 male,
2595 3491 2691 3546 aut
2714 3503 2826 3545 non
2856 3489 3296 3562 resurgeretqui
3325 3491 3638 3564 baptizatus

2038 3585 2152 3634 non
2173 3577 2536 3644 fuerat,viVus
2584 3576 2812 3635 nomine
2849 3580 3057 3634 mbrtui
3096 3579 3420 3650 ﬁngebatur
3451 3580 3638 3648 ;unde

2037 3664 2276 3739 subjecit
2303 3687 2313 3721 :
2350 3670 2550 3736 ρωποι
2581 3653 3048 3738 baptizanturpr'o
3068 3669 3224 3724 illis?
3237 3667 3504 3742 Exemplo
3533 3667 3638 3725 hoc

2038 3771 2150 3812 non
2179 3758 2388 3812 factum
2418 3753 2644 3812 illorum
2664 3757 2882 3829 probat,
2918 3756 3016 3812 sed
3045 3757 3211 3812 ﬁxam
3259 3756 3430 3814 ﬁdem
3456 3759 3516 3814 in
3551 3773 3637 3814 re-

2037 3847 2382 3902 surrectione
2403 3843 2665 3901 ostendit.
2700 3848 2844 3914 Quid
2869 3853 2917 3902 et
2945 3864 3043 3901 nos
3063 3847 3458 3916 periclitamur
3482 3851 3639 3903 omni

2036 3931 2174 3990 hora
2193 3931 2469 4005 ?quotidie
2499 3939 2710 3990 morior
2734 3951 2837 4005 pro
2867 3939 3048 4005 gloria
3065 3941 3262 4000 vestra,
3287 3951 3456 4006 quam
3471 3937 3636 3992 habeo

2035 4027 2100 4078 in
2128 4027 2385 4079 Dmnino.
2419 4015 2666 4080 Dicendo
2687 4022 2819 4095 quid
2850 4025 2908 4078 et
2934 4039 3036 4079 nos
3069 4011 3454 4096 periclitamur
3474 4026 3498 4079 7
3518 4025 3636 4080 dis-

2035 4109 2210 4167 crevit
2227 4129 2516 4184 personas,
2547 4114 2848 4168 ostendens
2883 4113 2995 4168 non
3026 4113 3342 4168 Catholicos
3371 4131 3512 4179 esse,
3535 4115 3630 4186 qui

2035 4217 2136 4272 pro
2149 4202 2386 4256 mortuis
2399 4198 2842 4275 baptizabantur.
2860 4197 3114 4274 Denique
3125 4219 3298 4274 supra
3315 4201 3458 4257 dixit
3470 4221 3481 4256 :
3491 4205 3636 4271 Quid

2035 4285 2082 4344 et
2117 4291 2476 4359 baptism-tur
2493 4307 2594 4360 pro
2624 4294 2740 4346 illis
2767 4290 3070 4362 ?Nunquid
3087 4297 3144 4346 et
3161 4291 3511 4362 baptizamur
3531 4309 3631 4364 pro

2031 4377 2190 4433 illis?
2237 4396 2370 4434 nam
2402 4385 2459 4434 et
2499 4380 2718 4450 Jephte,
2755 4379 3010 4451 quamvis
3047 4381 3106 4434 in
3146 4398 3208 4435 re
3241 4397 3366 4453 quae
3403 4379 3630 4452 accepta
3705 4405 3712 4410 ι

350 4459 776 4540 subjecissenon
792 4467 953 4538 putet
970 4483 980 4518 :
998 4447 1389 4538 inseparabilis
1417 4466 1569 4520 enim
1599 4469 1684 4520 est
1702 4447 2016 4537 OperatioD
2033 4469 2157 4523 ﬁeri
2177 4485 2288 4523 non
2319 4471 2509 4540 posset
2534 4447 2715 4524 ﬁdelis
2752 4447 3011 4524 inventus
3048 4473 3152 4537 est,
3179 4447 3418 4524 offerens
3455 4447 3628 4524 ﬁliam

349 4539 535 4608 Patris
551 4551 610 4608 et
630 4545 750 4618 ﬁlii,
781 4545 1032 4626 alioquin
1067 4573 1169 4610 nec
1217 4555 1336 4628 ipse
1363 4555 1533 4610 Pater
1560 4551 1799 4626 subjecit
1842 4544 1949 4608 sibi

349 4641 559 4710 omnia,
584 4641 684 4697 sed
707 4638 856 4698 ﬁlius
881 4645 933 4698 ei
963 4635 1226 4716 subjecit,
1254 4644 1350 4718 qui
1383 4644 1433 4700 ei
1488 4653 1728 4716 regnum
1751 4641 1942 4712 tradit,

349 4729 409 4786 et
465 4731 700 4786 evacuat
749 4748 978 4788 omnem
1024 4733 1420 4806 principatum,
1473 4739 1531 4790 et
1572 4741 1794 4788 omnem
1846 4747 1947 4804 po-

347 4819 614 4875 testatem
639 4817 698 4874 et
723 4811 1008 4875 virtutem.
1025 4821 1107 4876 De
1124 4820 1241 4878 ﬁlio
1270 4825 1475 4896 quippe
1495 4815 1763 4878 istadicta
1792 4827 1942 4889 sunt,

349 4925 478 4964 cum
497 4901 813 4977 tradiderit,
831 4907 1035 4982 inquit,
1055 4929 1288 4980 regnum
1303 4915 1406 4967 Deo
1419 4917 1468 4968 et
1481 4907 1660 4978 Patri,
1679 4919 1802 4966 (nun
1829 4922 1948 4966 era-

349 4991 596 5053 cuave-rit
632 5015 851 5054 omnem
875 5003 1280 5070 principatum,
1307 5007 1355 5056 et
1393 5019 1608 5056 onmem
1630 5001 1946 5070 potestatem

346 5093 396 5143 et
413 5085 708 5154 virtutem;
745 5086 864 5160 ipse
897 5089 1050 5144 enim
1091 5089 1328 5162 subjecit
1361 5090 1737 5163 qui'evacuat.
1800 5089 1945 5146 Illud

345 5182 537 5232 autem
547 5178 697 5250 quod
707 5169 812 5234 ait:
829 5177 965 5233 Cum
986 5183 1169 5234 autem
1185 5183 1236 5234 ei
1253 5185 1444 5234 omnia
1455 5181 1692 5249 subjecta
1703 5169 1939 5248 fuerint,

350 5273 576 5322 tuncet
613 5270 724 5336 ipse
766 5264 1037 5337 subjectus
1066 5271 1173 5322 erit
1221 5272 1320 5338 qui
1359 5269 1452 5323 illi
1475 5271 1699 5338 subjecit
1727 5273 1937 5336 omnia,

347 5349 695 5410 ideodictum
707 5361 886 5424 est,ne
907 5357 1203 5428 quisquam
1225 5357 1712 5428 putarethabitum
1732 5358 1941 5414 Christi

346 5435 442 5515 qui
475 5461 542 5498 ex
569 5440 820 5499 humana
845 5449 1104 5501 creatura
1130 5451 1420 5518 susceptus
1463 5451 1567 5515 est,
1609 5455 1938 5503 conversum

344 5537 543 5604 postea
567 5529 626 5588 in
652 5529 834 5604 ipsam
864 5529 1236 5602 divinitatem,
1268 5536 1422 5589 velut
1460 5537 1669 5591 certius
1721 5553 1940 5608 expres-

2031 4558 2524 4624 Suam,secundum
2561 4563 2752 4613 votum
2790 4575 2954 4613 suum
2987 4559 3134 4630 quod
3181 4559 3350 4614 stulte
3403 4564 3629 4614 voverat

2033 4645 2234 4715 (Judic.
2261 4651 2360 4715 xx).
2406 4641 2532 4702 Non
2587 4664 2720 4718 ergo
2752 4645 2962 4703 factum
3018 4648 3304 4720 probatur,
3363 4648 3461 4705 sed
3504 4665 3628 4720 per-

2029 4737 2344 4791 Severantia
2369 4737 2500 4791 ﬁdei
2528 4737 2587 4791 in
2615 4732 2934 4808 exemplum
2965 4735 3265 4808 profertur.
3316 4736 3626 4792 Prmdican-

2027 4825 2170 4880 tium
2191 4826 2440 4896 pericula
2465 4829 2520 4880 et
2548 4825 2767 4881 labores
2795 4831 3071 4881 memerat
3100 4825 3290 4882 dicens
3313 4845 3326 4880 :

2101 4910 2246 4982 Quid
2271 4911 2318 4969 et
2347 4931 2444 4970 nos
2459 4918 2888 4984 periclitamur?
2903 4921 2958 4970 et
2973 4913 3326 4982 subauditur,
3360 4915 3468 4971 nisi
3483 4915 3625 4988 quia

2027 5017 2318 5074 Speramus
2341 4996 2591 5060 futuram
2617 5005 3104 5072 resurrectionem,
3127 5003 3273 5060 sicut
3301 5009 3474 5077 supra
3509 5021 3626 5059 me-

2026 5097 2229 5148 morat.
2261 5093 2452 5149 Securi
2482 5095 2653 5162 enim,
2687 5094 2821 5165 quia
2861 5090 2988 5164 post
3020 5094 3188 5150 istam
3223 5100 3462 5150 mortem
3491 5100 3624 5148 itera

2023 5181 2138 5236 vita
2147 5183 2686 5255 sequetur,pericula
2697 5199 2808 5238 non
2818 5181 3024 5238 timent
3041 5183 3198 5239 illata
3216 5183 3287 5239 ab
3300 5181 3622 5240 inﬁdelibus

2023 5275 2252 5340 propter
2277 5271 2458 5326 zelum
2480 5271 2722 5337 illorum,
2739 5283 2879 5342 quos
2909 5272 3044 5343 quia
3069 5270 3428 5328 crediderunt
3438 5272 3618 5344 perdi-

2021 5345 2188 5423 disse,
2202 5356 2410 5415 dolent.
2419 5359 2862 5415 Sollicitudinem
2871 5377 3004 5432 ergo
3016 5377 3176 5416 suam
3189 5361 3438 5417 ostendit
3447 5375 3616 5434 quam

2021 5447 2262 5502 habebat
2289 5461 2424 5519 erga
2450 5449 2945 5515 salutemillorum,
2977 5453 3214 5522 propter
3232 5451 3472 5521 gloriam
3491 5467 3617 5522 pro-

2020 5535 2249 5590 missam
2279 5537 2730 5606 aDomino,sicut
2738 5539 2863 5593 etin
2877 5538 3000 5610 lege
3011 5539 3224 5594 dictum
3236 5540 3322 5594 est
3345 5557 3358 5594 :
3379 5557 3405 5591 «
3419 5539 3615 5594 Exalta

343 5620 485 5676 serit
499 5613 769 5677 deitatem
787 5638 910 5692 quae
941 5638 1055 5676 non
1081 5629 1169 5676 est
1195 5627 1472 5692 creatura,
1502 5623 1600 5679 sed
1630 5633 1716 5679 est
1750 5626 1936 5681 unitas
2017 5626 2160 5682 sicut
2207 5627 2344 5682 tuba
2371 5639 2560 5682 vocem
2596 5633 2774 5698 tuam,
2796 5629 2844 5682 si
2869 5627 2928 5684 te
2973 5627 3258 5686 audierint
3309 5629 3612 5686 increverit
