4034 6162
377 273 459 328 H9

802 260 1380 324 ENARRATIONUM
1417 261 1492 318 IN
1531 257 1686 316 EPP':
1729 259 1941 317 PAULI
1982 259 2117 316 LIB.
2159 263 2254 316 ΧΙ.
2291 293 2354 303 --
2401 262 2478 318 IN
2517 261 2738 320 EPIST.
2781 263 2802 319 Ι
2843 265 2938 319 AD
2978 265 3140 324 COR.

3505 269 3606 324 150

370 399 557 454 animas
568 394 813 450 illorum.
832 413 857 447 ι)
875 393 958 449 Ad
973 395 1076 448 hoc
1087 389 1389 446 festinabat
1401 386 1698 460 Apostolus
1713 403 1937 459 semper
1951 391 2000 446 A
2013 385 2279 452 divinam,
2305 385 2437 458 quia
2457 387 2552 458 qui
2574 387 2853 444 caelestem
2869 389 3154 460 justitiam
3175 397 3360 450 servat
3368 394 3489 448 sine
3508 393 3608 448 du-

367 485 624 548 sollicitus,
647 491 710 538 ut
729 483 912 555 gloria
941 483 1022 536 illi
1050 485 1326 535 cresceret
1353 475 1502 548 apud
1537 477 1716 531 Deum
1748 478 1934 548 acqui-

363 577 464 630 sitze
490 571 680 628 salutis
710 573 1038 627 multorum.
1071 571 1262 638 (Aug)
1288 568 1552 636 Quotidie,
1577 565 1780 636 inquit,
1815 581 1932 619 mo-

361 669 463 720 rior
481 679 575 733 per
601 667 841 716 vestram
865 663 1126 730 gloriam,
1163 660 1389 726 fratres.
1416 653 1533 709 Hoc
1559 669 1629 709 ne
1660 653 1785 727 quis
1811 655 1930 710 exi-

2015 472 2106 528 bio
2127 475 2184 528 in
2203 475 2308 529 hac
2327 477 2588 547 praesenti
2609 477 2888 548 perfectus
2903 485 3006 532 est.
3045 481 3431 546 Ignorantiam
3453 485 3605 538 enim

2014 563 2345 632 Deiquidam
2359 566 2556 619 habent
2578 585 2592 620 :
2611 567 2684 620 ad
2700 571 3062 622 reverentiam
3077 569 3223 623 vobis
3235 573 3446 641 loquor.
3473 571 3607 627 Pro-

2013 654 2256 724 positum
2277 650 2377 707 Dei
2409 654 2732 724 ignorantes
2761 654 2840 722 hi,
2874 657 2968 728 qui
2999 656 3148 712 inter
3193 675 3288 714 eos
3316 665 3604 717 converte-

359 751 526 807 stimet
571 751 650 805 ita
695 751 929 815 dictum,
979 753 1250 820 tanquam
1299 744 1346 798 si
1397 741 1698 809 diceretur,
1746 749 1932 798 vestra
2010 739 2234 807 bantur,
2255 748 2506 796 mortuos
2520 745 2936 798 resurrecturos
2955 745 3192 800 stultum
3211 744 3606 805 essedicebant

354 840 512 912 gloria
527 857 620 894 me
638 838 767 894 fecit
789 837 1038 909 quotidie
1061 835 1222 901 mori,
1245 835 1390 888 sicut
1413 831 1637 898 dicitur,
1661 849 1760 903 per
1779 833 1928 886 illius

354 929 718 1000 magisterium
747 927 944 982 doctus
965 926 1142 980 factus
1163 930 1266 990 est,
1292 922 1349 976 id
1371 929 1474 986 est,
1496 920 1647 974 illius
1669 921 1926 991 magiste-

351 1020 423 1072 rio
447 1019 649 1072 factum
671 1023 775 1082 est,
812 1021 877 1070 ut
903 1015 1145 1087 perfecte
1175 1013 1489 1076 doceretur,
1525 1009 1716 1065 Graeca
1745 1025 1927 1065 exem-

349 1107 504 1178 plaria
541 1102 874 1177 dijudicant,
922 1105 980 1158 in
1025 1099 1229 1175 quibus
1274 1102 1546 1172 scriptum
1593 1106 1696 1160 est,
1729 1091 1792 1160 νὴ
1829 1091 1926 1162 τὴν

346 1185 578 1263 ὑμετέραν
610 1183 896 1265 καύχησιν,
932 1189 1078 1263 quod
1111 1203 1224 1246 non
1242 1189 1352 1244 nisi
1382 1205 1415 1242 a
1438 1189 1668 1259 jurante
1698 1185 1922 1242 dicitur.

349 1283 419 1337 Ita
435 1299 560 1352 ergo
584 1281 921 1352 intelligitur
949 1280 1279 1352 praecepisse
1316 1293 1388 1332 ne
1417 1279 1660 1348 juretur,
1688 1291 1758 1331 ne
1779 1276 1926 1348 quis-

347 1385 493 1441 quam
519 1369 668 1425 sicut
705 1371 914 1424 bonum
959 1373 1190 1440 appetat
1225 1364 1648 1438 jusjurandum,
1691 1372 1747 1420 et
1782 1365 1922 1420 assi—

2010 829 2256 884 credere.
2291 829 2421 886 Ideo
2443 831 2713 902 pudorem
2729 831 2841 886 illis
2865 831 3068 888 incutit
3093 834 3251 906 quasi
3282 832 3606 906 impruden-

2009 916 2179 986 tibus,
2212 917 2514 974 credebant
2533 919 2686 976 enim
2709 919 2809 986 eis,
2836 921 2931 994 qui
2965 921 3348 993 ignorantiam
3377 925 3480 982 Dei
3508 926 3604 986 ha-

2007 1007 2204 1062 bentes
2231 1015 2427 1063 contra
2464 1008 2567 1064 Dei
2611 1015 2826 1064 statuta
2869 1009 3162 1066 docebant.
3194 1009 3302 1070 Sed
3335 1012 3474 1070 dicit
3497 1019 3604 1072 ali-

2007 1113 2078 1166 qu
2088 1101 2132 1151 is
2149 1117 2165 1152 :
2184 1099 2455 1165 Quomodo
2469 1113 2742 1166 resurgun
2754 1103 3172 1169 tmortui,quali
3185 1105 3372 1176 autem
3383 1119 3602 1176 corpore

2009 1187 2278 1240 veniunt?
2311 1185 2422 1240 Hos
2450 1183 2590 1240 dixit
2615 1187 2988 1258 ignorantiam
3010 1186 3112 1243 Dei
3134 1174 3340 1246 habere
3362 1174 3603 1266 quorum

2008 1273 2320 1346 depravatae
2335 1277 2627 1332 sententia:
2645 1273 2815 1330 verba
2825 1275 3062 1348 protulit
3074 1275 3266 1334 dicens
3287 1299 3300 1333 :
3327 1279 3602 1348 Quemad-

2007 1365 2237 1419 modum
2276 1371 2571 1434 resurgent
2613 1365 2840 1431 mortui,
2887 1381 2998 1438 quo
3037 1373 3227 1422 autem
3257 1385 3488 1444 corpore
3514 1388 3603 1424 ve-

2005 1454 2166 1507 nient
2193 1458 2216 1506 ?
2245 1453 2332 1507 cui
2355 1469 2600 1524 congrue
2627 1453 2936 1525 respondit,
2961 1455 3152 1511 dicens
3176 1475 3188 1510 :
3213 1456 3505 1534 Insipiens,
3540 1463 3599 1514 tu

343 1457 532 1514 duitate
568 1456 804 1530 jurandi
843 1459 914 1514 ad
959 1457 1274 1530 perjurium
1315 1471 1414 1528 per
1461 1455 1923 1509 consuetudinem

2006 1543 2150 1611 quod
2159 1546 2395 1596 seminus
2409 1559 2520 1597 non
2531 1546 2847 1612 viviﬁeatur
2859 1548 2973 1600 nisi
2977 1549 3140 1614 prius
3154 1547 3600 1603 moriatur.Cum

341 1546 618 1602 dilabatur.
650 1550 847 1619 Itaque
869 1547 1144 1602 Dominus
1167 1547 1330 1600 docet
1351 1544 1491 1599 nihil
1525 1561 1648 1599 esse
1671 1551 1788 1599 tam
1818 1544 1923 1598 vile

339 1635 388 1692 in
413 1638 681 1692 creaturis
701 1638 823 1703 Dei,
846 1641 911 1690 ut
931 1653 1035 1708 per
1055 1637 1158 1690 hoc
1178 1634 1415 1707 quisque
1436 1633 1806 1706 pejerandum
1829 1649 1922 1687 ar—
1944 1705 1973 1708 Α
2005 1629 2236 1684 animali
2265 1629 2490 1685 homine
2513 1647 2624 1686 non
2643 1631 2842 1704 utique
2861 1632 3005 1704 legis
3025 1635 3360 1690 auctoritate
3373 1635 3515 1708 agis,
3537 1641 3601 1692 ut

337 1725 571 1780 bitretur.
599 1725 834 1790 Quando
853 1743 887 1780 a
928 1705 1168 1780 summis
1196 1705 1375 1795 usque
1408 1723 1478 1777 ad
1509 1705 1709 1776 infima
1735 1721 1923 1776 divina
1942 1705 1989 1768 Β
2008 1717 2275 1791 exemplis
2295 1720 2546 1784 suadeat,
2570 1738 2692 1792 quae
2721 1721 2768 1775 si
2789 1722 3066 1795 reciperet
3091 1739 3204 1778 non
3219 1705 3436 1781 erraret
3462 1744 3475 1794 ;
3499 1705 3599 1781 sed

335 1814 668 1885 providentia
721 1820 909 1869 creata
965 1819 1254 1884 regantur,
1316 1811 1590 1883 incipiens
1635 1826 1670 1866 a
1717 1811 1922 1865 throno
2004 1807 2236 1880 physica
2254 1809 2489 1876 ratione,
2507 1806 2577 1864 de
2607 1826 2720 1882 qua
2739 1810 2845 1864 sibi
2865 1809 3172 1880 blanditur,
3197 1818 3262 1870 ut
3275 1828 3390 1869 non
3407 1813 3600 1870 credat

337 1903 425 1958 Dei
452 1919 630 1975 usque
670 1904 740 1956 ad
782 1904 1048 1974 capillum
1077 1900 1265 1956 album
1309 1908 1366 1956 et
1399 1902 1659 1972 nigrum;
1699 1906 1756 1954 et
1790 1899 1922 1954 hinc
2003 1912 2296 1970 resurgere
2311 1896 2890 1954 resolutaetemortua
2906 1899 3598 1972 corpora.0stenditenim

335 1991 490 2046 etiam
518 1999 726 2046 caetera
751 1991 1166 2061 intelliguntur,
1197 2005 1320 2062 quae
1358 1989 1550 2044 omnia
1583 1987 1778 2060 utique
1811 1988 1919 2044 dici
2003 1993 2228 2040 mortua
2255 2003 2480 2042 rursum
2512 1988 2765 2059 reparari
2797 1985 2868 2044 ad
2897 1986 3091 2058 vitam,
3115 1995 3174 2045 et
3200 1987 3594 2064 multiplicata,

333 2093 432 2134 non
471 2085 750 2150 poterant,
793 2081 938 2135 sicut
975 2081 1133 2146 illud,
1168 2079 1317 2150 quod
1357 2079 1918 2133 commemoravimus
2000 2073 2935 2133 utconfundaturerrorhumanus.
2959 2079 3026 2134 Et
3044 2077 3190 2149 quod
3203 2083 3465 2145 seminas,
3483 2097 3596 2136 non

330 2165 524 2223 dictum
553 2167 630 2223 ab
668 2169 971 2241 Apostolo:
1009 2169 1258 2236 Quotidie
1300 2170 1513 2222 morior
1555 2183 1654 2236 per
1680 2173 1917 2222 vestram
2001 2179 2197 2234 corpus
2225 2165 2366 2234 quod
2394 2167 2658 2233 futurum
2687 2172 2760 2220 est
2789 2169 3048 2234 seminas,
3089 2165 3183 2221 sed
3214 2166 3432 2223 nudum
3459 2184 3594 2238 gra-

327 2260 549 2325 gloriam
623 2273 790 2328 quam
831 2254 1198 2327 jurationem,
1229 2261 1294 2310 ut
1331 2253 1574 2311 Domino
1615 2271 1676 2310 se
1711 2253 1915 2310 debere
2001 2269 2158 2319 num,
2183 2259 2388 2322 utputa
2402 2256 2579 2308 tritici
2592 2261 2691 2308 aut
2711 2257 2953 2325 alicujus
2969 2261 3310 2310 ceterorum.
3330 2253 3471 2310 Deus
3487 2273 3592 2312 au-

330 2345 641 2400 ostenderet
693 2345 948 2410 addidit;
1000 2362 1168 2415 quam.
1211 2346 1375 2398 habeo
1422 2348 1486 2398 in
1525 2345 1736 2400 Christo
1787 2347 1913 2400 Jesu
2000 2349 2100 2396 tem
2127 2343 2221 2396 dat
2239 2345 2356 2396 illis
2375 2357 2568 2411 corpus
2577 2349 2746 2412 prout
2768 2346 2904 2409 vult,
2923 2349 2972 2397 et
2990 2343 3294 2414 unicuique
3314 2347 3592 2399 seminum

332 2433 547 2488 Domino
585 2441 788 2488 nostro.
1991 2434 2287 2500 promi-um
2307 2447 2519 2500 corpus.
2547 2430 2760 2502 (Greg.)
2791 2429 3001 2486 Paulus
3029 2429 3318 2503 apostolus
3346 2432 3538 2488 dicens
3575 2452 3588 2488 :

387 2523 447 2578 Si
469 2525 778 2578 secundum
809 2523 1105 2586 hominem,
1124 2523 1197 2576 ad
1213 2524 1405 2577 bestias
1431 2524 1681 2591 pugnavi
1699 2521 1910 2592 Ephesi,
1996 2519 2122 2574 Non
2153 2535 2354 2591 corpus
2378 2517 2525 2591 quod
2555 2520 2808 2576 futurum
2837 2525 2926 2574 est
2955 2520 3220 2590 seminas,
3245 2519 3344 2577 sui
3372 2521 3590 2580 nudum

326 2611 451 2681 quid
475 2615 628 2666 mihi
636 2613 855 2681 prodest
875 2615 926 2666 si
946 2613 1158 2665 mortui
1185 2627 1297 2665 non
1331 2609 1655 2677 res-urgent?
1677 2611 1910 2680 (Ambr.)
1993 2625 2256 2680 granum,
2285 2608 2390 2664 hoc
2428 2608 2678 2665 insinuat
2709 2609 2856 2682 quod
2885 2609 3160 2676 videmus,
3193 2608 3328 2684 quia
3347 2626 3589 2684 granum

321 2700 428 2755 Hoc
453 2706 562 2767 est,
593 2699 641 2754 si
663 2699 972 2755 secundum
994 2699 1303 2755 humanum
1325 2715 1552 2754 sensum
1585 2699 1701 2771 (qui
1722 2701 1914 2754 videns
1995 2713 2124 2752 cum
2152 2698 2338 2752 culmo
2367 2704 2425 2752 et
2449 2698 2598 2753 foliis
2625 2697 2895 2766 nascitur,
2919 2699 3068 2772 quod
3089 2699 3210 2755 sine
3228 2697 3416 2756 culmo
3431 2706 3488 2756 et
3504 2699 3588 2757 fo-

315 2788 408 2844 hoc
449 2791 504 2844 in
551 2805 750 2844 rerum
801 2794 1062 2844 naturam
1103 2805 1215 2843 non
1255 2789 1474 2855 cadere,
1523 2793 1588 2843 ut
1624 2805 1753 2842 caro
1791 2789 1911 2860 jam
1995 2783 2084 2840 liis
2105 2787 2436 2842 seminatur.
2461 2785 2561 2842 Ille
2582 2789 2773 2860 itaque
2786 2785 2844 2842 in
2860 2795 3165 2860 augmento
3182 2789 3378 2862 gloriae
3405 2805 3589 2846 resur-

316 2879 484 2933 soluta
504 2879 854 2934 reformetur
875 2879 942 2932 ad
973 2877 1166 2944 vitam,
1191 2879 1423 2932 minime
1457 2877 1635 2932 credit
1663 2879 1911 2934 futuram
1995 2874 2276 2943 rectionis,
2304 2893 2416 2930 non
2437 2875 2783 2948 dixit.,grano
2802 2875 3036 2934 seminis
3049 2879 3244 2934 deesse
3271 2874 3420 2952 quod
3441 2883 3583 2947 erat,

316 2970 782 3023 resurrectionem
812 2971 1208 3036 mortuorum),
1241 2966 1438 3022 bestiis
1475 2967 1662 3021 offerri
1695 2981 1806 3021 non
1835 2967 1910 3021 ti-
1938 3029 1972 3038 Α
1993 2965 2092 3018 sed
2121 2964 2203 3019 illi
2236 2980 2357 3019 esse
2381 2964 2530 3036 quod
2575 2982 2686 3020 non
2715 2971 2854 3020 erat.
2891 2965 3100 3036 (Amb.)
3143 2967 3202 3022 Si
3236 2985 3340 3038 ego
3369 2965 3585 3024 nudum

314 3059 442 3123 tnui,
463 3056 608 3112 nihil
630 3054 857 3128 profeci.
883 3055 992 3110 Sed
1027 3073 1138 3110 non
1307 3064 1410 3122 est,
1451 3056 1584 3127 quia
1617 3062 1802 3110 certus
1841 3056 1910 3110 de
1932 3029 2233 3124 Cgranum
2265 3029 2595 3121 seminatur,
2629 3061 2687 3109 et
2713 3053 2814 3110 Dei
2847 3029 2989 3110 nutu
3026 3029 3442 3128 quodaminodo
3477 3055 3585 3113 ele-

311 3147 580 3217 promissa
627 3146 764 3210 vita,
800 3161 913 3200 non
959 3146 1141 3199 solum
1175 3143 1387 3210 timuit,
1425 3145 1523 3198 sed
1568 3151 1625 3199 et
1670 3143 1911 3199 libenter
1993 3149 2310 3198 mentorum
2342 3143 2656 3198 ministerio
2684 3143 2950 3199 vestitum
2980 3144 3246 3216 resurgit,
3278 3144 3459 3202 multa
3501 3163 3586 3202 se-

308 3234 490 3289 bestiis
512 3235 710 3290 oﬂ‘erri
743 3251 802 3288 se
848 3251 1048 3305 passus
1081 3239 1186 3301 est,
1221 3233 1367 3288 sicut
1407 3235 1556 3287 inter
1591 3241 1791 3288 caetera
1828 3234 1909 3288 ait
1991 3248 2117 3286 cum
2147 3231 2356 3287 habens
2386 3233 2735 3288 incrementa
2753 3232 3018 3288 utilitatis
3037 3232 3316 3301 humanae,
3333 3251 3435 3290 cur
3449 3251 3580 3307 ergo

307 3322 357 3378 in
375 3324 608 3378 Actibus
633 3323 1019 3394 apostolorum
1043 3341 1052 3376 :
1072 3323 1180 3391 Ego
1209 3326 1357 3376 enim
1376 3337 1488 3376 non
1511 3326 1686 3376 solum
1713 3324 1903 3390 ligari,
1991 3338 2101 3375 non
2132 3321 2394 3375 credibile
2423 3321 2524 3376 Dei
2550 3323 2755 3376 virtute
2785 3321 2860 3378 sit
2889 3327 3178 3379 mortuum
3207 3340 3370 3397 posse
3397 3340 3580 3380 resur-

307 3413 391 3466 sed
418 3421 466 3468 et
489 3417 646 3468 mori
669 3417 904 3482 paratus
934 3429 1058 3465 sum
1075 3415 1139 3465 in
1158 3413 1537 3478 Hierosolyma
1561 3427 1666 3480 pro
1685 3415 1907 3465 nomine
1986 3425 2139 3480 gere,
2155 3409 2448 3464 meliorata
2466 3416 2694 3464 tantum
2713 3399 3049 3480 substantia,
3065 3428 3179 3468 non
3190 3428 3425 3469 numero
3439 3409 3582 3468 mul-

303 3500 524 3557 Domini
546 3504 734 3556 nostri
759 3503 883 3555 Jesu
918 3501 1127 3554 Christi
1156 3500 1290 3568 (Act.
1320 3504 1456 3568 χχι).
1985 3499 2301 3570 tiplicatum
2323 3498 2348 3551 ?
2373 3497 2519 3562 Quid
2546 3517 2680 3571 ergo
2697 3501 3008 3573 requiritur
3027 3501 3098 3556 ab
3108 3499 3320 3557 infideli
3335 3517 3578 3573 quocor-

366 3592 766 3645 Handucemus
785 3595 835 3642 et
850 3589 1116 3652 bibamus,
1135 3605 1258 3642 cras
1273 3592 1420 3643 enim
1444 3591 1768 3642 moriemur.
1787 3589 1906 3644 Hoc
1985 3603 2121 3658 pore
2147 3593 2444 3658 resurgant
2483 3589 2710 3656 mortui,
2732 3607 2860 3644 cum
2881 3591 3134 3662 exempla
3173 3589 3482 3661 praedicant.
3507 3589 3578 3646 ad

304 3677 367 3731 ab
402 3679 550 3734 Isaia
591 3678 876 3752 propheta
915 3676 1126 3731 dictum
1164 3683 1250 3731 est
1308 3679 1436 3743 (Isa.
1481 3680 1637 3745 xxu),
1675 3683 1904 3748 propter
1985 3677 2172 3742 fidem,
2205 3677 2350 3730 hanc
2381 3677 2688 3732 melioratae
2729 3679 3172 3744 resurrectionis,
3207 3695 3318 3732 non
3359 3678 3578 3734 amissaa

301 3768 394 3822 bos
432 3769 530 3840 qui
581 3767 748 3839 quasi
789 3765 930 3820 nihil
977 3765 1232 3820 futurum
1277 3770 1424 3820 esset
1469 3772 1596 3836 post
1637 3771 1896 3832 mortem,
1982 3764 2328 3830 substantiae,
2364 3782 2477 3837 qua
2508 3767 2800 3838 proprium
2845 3783 3046 3838 corpus
3085 3764 3336 3840 recipiet,
3367 3768 3426 3822 in
3465 3783 3576 3839 quo

301 3857 470 3912 ventri
538 3863 771 3911 tantum
827 3853 1129 3909 studebant
1180 3854 1459 3925 quomodo
1513 3869 1733 3924 pecora.
1799 3855 1901 3909 sic—
1982 3859 2203 3909 creatus
2220 3853 2402 3908 Adam
2423 3853 3083 3926 est?(Aug.)Secundum
3096 3851 3578 3926 hocergodixerat

300 3952 354 4000 ut
419 3953 477 4000 et
551 3945 616 4000 hi
696 3944 793 4016 qui
857 3943 1178 3998 Corinthios
1253 3943 1652 4014 depravabant.
1724 3943 1901 3998 Nolite
1982 3960 2095 3998 non
2124 3961 2316 4012 corpus
2346 3945 2490 4014 quod
2519 3947 2781 4012 futurum
2811 3948 2885 3998 est
2912 3945 3176 4014 seminas,
3204 3958 3388 4017 neque
3421 3945 3572 4000 enim

294 4035 486 4100 seduci,
505 4039 886 4103 corrumpunt
919 4049 1092 4087 mores
1123 4034 1283 4086 bonos
1312 4036 1584 4100 colloquia
1613 4036 1785 4087 mala.
1805 4033 1896 4088 Si-
1981 4050 2091 4089 non
2122 4033 2372 4088 triticum
2395 4033 2503 4088 erit
2521 4051 2588 4088 ex
2603 4034 2810 4101 tritico,
2848 4033 2948 4088 sed
2977 4033 3110 4105 quia
3137 4051 3304 4090 nemo
3327 4035 3574 4091 seminat

293 4124 516 4193 gniﬁcat
565 4121 1022 4178 confabulatione
1062 4121 1341 4176 malorum
1383 4121 1677 4176 hominum
1722 4123 1894 4176 everti
1977 4121 2228 4178 herbam.
2251 4123 2334 4178 vel
2348 4122 3574 4198 stipulam,etmultipliciainpaleategumen-

294 4228 444 4283 posse
502 4212 722 4266 bonum
773 4210 1142 4282 propositum,
1189 4209 1491 4264 assiduitas
1538 4211 1690 4264 enim
1739 4215 1894 4282 pravi
1976 4216 2384 4283 tagranorum,
2407 4229 2536 4266 cum
2563 4211 2766 4286 quibus
2784 4219 2979 4267 tamen
3006 4212 3226 4268 semina
3240 4221 3567 4285 exsurgunt,

291 4303 548 4374 colloquii
571 4301 739 4355 vitiat
768 4306 1036 4364 mentem,
1061 4315 1124 4353 ac
1144 4315 1246 4370 per
1285 4299 1388 4353 hoc
1423 4299 1493 4352 ab
1531 4299 1668 4370 ipsis
1701 4316 1959 4374 caven-n
1976 4301 2103 4356 ideo
2122 4302 2219 4364 ait,
2233 4305 2323 4356 sed
2341 4303 2558 4357 nudum
2581 4319 2848 4370 granum,
2875 4301 3004 4356 hinc
3028 4301 3218 4356 volens
3239 4302 3532 4357 ostendere
3555 4320 3566 4354 :

289 4391 436 4444 dum.
485 4391 828 4460 Quicunque
879 4388 1028 4442 enim
1077 4394 1362 4459 acceptam
1416 4388 1583 4442 ﬁdem
1614 4389 1893 4444 custodire
1913 4388 1958 4406 υ
1977 4390 2111 4462 quia
2131 4391 2177 4444 si
2195 4391 2342 4444 Deus
2362 4396 2550 4463 potest
2563 4391 2768 4446 addere
2791 4390 2939 4460 quod
2961 4405 3073 4444 non
3093 4395 3218 4444 erat
3235 4389 3294 4444 in
3314 4389 3468 4444 nudo
3488 4406 3571 4444 se-

287 4480 418 4537 vult.
459 4479 716 4533 maxime
757 4477 904 4531 inter
951 4477 1072 4548 ipsa
1123 4477 1288 4530 initia
1335 4481 1754 4548 perstrepentes
1800 4477 1894 4531 de-
1975 4479 2146 4544 mine,
2167 4480 2344 4533 multo
2375 4478 2555 4550 magis
2583 4485 2769 4550 potest
2796 4493 3059 4550 reparare
3075 4475 3224 4550 quod
3245 4481 3369 4532 erat
3393 4473 3569 4532 inho-

290 4567 377 4622 bet
406 4567 616 4628 vitare,
657 4571 723 4622 ut
759 4565 994 4638 impleat
1035 4565 1184 4637 quod
1211 4567 1350 4620 utile
1385 4565 1674 4637 judicavit.
1708 4565 1895 4621 Sobrii
1977 4568 2146 4622 minis
2166 4584 2414 4639 corpore.
2448 4567 2576 4622 Jam
2605 4585 2736 4621 vero
2765 4567 2914 4637 quod
2934 4563 3194 4638 adjungit
3215 4563 3285 4620 ad
3313 4563 3571 4644 differen-

287 4663 455 4722 estote,
501 4659 735 4722 vigilate
768 4657 932 4723 justi,
967 4661 1016 4709 et
1054 4658 1222 4710 nolite
1255 4669 1492 4725 peccare.
1530 4655 1892 4726 Vigilandum
1977 4658 2113 4712 tiam
2136 4657 2380 4729 pertinet
2407 4655 2821 4726 resurgentium
2842 4661 3072 4728 propter
3089 4653 3338 4711 diversas
3359 4653 3569 4728 glorias

289 4751 477 4800 monet
511 4762 590 4800 ne
631 4743 1106 4799 circumventione
1153 4744 1307 4815 pravi
1343 4761 1542 4798 sensus
1581 4745 1748 4816 capti,
1782 4751 1838 4799 et
1861 4761 1896 4800 a

286 4833 389 4890 fide
407 4833 649 4890 abducti
679 4835 1123 4905 depravarentur
1143 4839 1497 4888 mortuorum
1526 4833 1891 4889 resurrectio-

287 4939 410 4978 nem
447 4941 572 4979 non
603 4923 902 4977 credendo.
943 4923 1132 4977 Justos
1178 4939 1300 4977 esse
1349 4923 1630 4994 praecepit,
1680 4929 1745 4977 ut
1782 4941 1893 4978 non

287 5011 464 5068 solum
482 5021 782 5068 terrenam
795 5012 1075 5083 justitiam
1099 5012 1370 5074 excolunt,
1395 5013 1491 5066 sed
1511 5018 1570 5066 et
1586 5013 1888 5078 caelestem,

287 5103 415 5171 quia
441 5110 680 5157 terrena
693 5101 919 5173 justitia
939 5102 1202 5156 meritum
1243 5117 1353 5155 non
1373 5101 1524 5168 facit,
1538 5101 1685 5156 sicut
1705 5107 1762 5156 et
1780 5118 1892 5157 non

287 5191 412 5246 facit
431 5209 624 5247 neum.
648 5191 798 5256 Quid
819 5191 971 5244 enim
993 5207 1262 5260 magnum
1285 5196 1372 5244 est
1399 5190 1583 5244 aliena
1603 5207 1715 5244 non
1737 5191 1895 5244 tolle-

287 5298 359 5340 re.
383 5283 604 5352 quippe
623 5298 751 5335 cum
781 5280 888 5334 hoc
906 5279 1127 5333 timoris
1142 5279 1261 5333 sit?
1294 5296 1560 5348 magnum
1595 5285 1786 5334 autem
1808 5286 1894 5334 est

287 5369 350 5423 de
368 5371 610 5442 proprio
629 5387 743 5424 non
767 5368 997 5422 habenti
1017 5355 1238 5439 largiri,
1257 5368 1374 5422 haec
1393 5373 1478 5422 est
1495 5385 1629 5422 vera
1643 5369 1888 5440 justitia.

289 5458 351 5512 Et
367 5467 432 5513 ut
458 5475 588 5513 non
605 5465 853 5530 peccent,
880 5457 1135 5528 subjecit,
1159 5457 1307 5511 unde
1327 5457 1565 5526 intelligi
1587 5459 1761 5512 voluit
1781 5475 1892 5512 non

290 5548 653 5617 sejustitiam
679 5547 1053 5618 temporalem
1081 5546 1414 5600 servandam
1447 5543 1764 5613 mandasse,
1795 5548 1890 5601 sed

1977 4745 2226 4800 fidelium
2257 4751 2426 4817 atque
2455 4751 2797 4800 sanctorum.

2047 4835 2168 4890 Non
2197 4841 2378 4889 omnis
2406 4851 2534 4889 caro
2564 4835 2750 4890 eadem
2782 4851 2928 4889 caro.
2968 4837 3097 4890 Alia
3133 4838 3356 4908 quidem
3394 4837 3567 4890 homi-

1974 4941 2134 4989 num,
2157 4927 2274 4978 alia
2307 4941 2580 4994 pecorum,
2613 4926 2734 4980 alia
2765 4927 3075 4990 volucrum,
3104 4928 3224 4980 alia
3237 4928 3500 4994 piscium,
3517 4930 3568 4978 et

1975 5029 2204 5083 corpora
2234 5016 2484 5081 caelestia,
2517 5019 2565 5067 et
2597 5030 2826 5083 corpora
2847 5017 3155 5069 terrestria.
3177 5013 3280 5070 Sed
3305 5016 3426 5068 alia
3444 5016 3568 5082 qui-

1975 5104 2096 5156 dem
2123 5105 2414 5158 carlrstium
2443 5105 2642 5170 gloria,
2679 5105 2797 5158 alia
2821 5109 3008 5160 autem
3039 5105 3404 5156 terrestrium.
3435 5103 3565 5158 Alia

1975 5194 2202 5246 claritas
2231 5195 2378 5258 solis,
2409 5195 2526 5246 alia
2550 5196 2780 5248 claritas
2801 5196 2968 5256 lunae,
2997 5197 3046 5246 et
3063 5192 3182 5245 alia
3201 5194 3432 5246 claritas
3445 5196 3567 5247 stel-

1976 5285 2159 5334 larum
2197 5299 2213 5334 :
2243 5285 2398 5334 stella
2427 5284 2577 5336 enim
2599 5299 2634 5336 a
2654 5283 2810 5335 stella
2831 5279 3024 5348 differt
3047 5283 3110 5334 in
3129 5282 3402 5348 claritate,
3421 5285 3500 5336 sic
3517 5287 3566 5336 et

1974 5371 2300 5422 resurrectio
2311 5376 2452 5424 mort
2461 5387 2598 5424 uor-u
2609 5388 2656 5423 m
2669 5369 2749 5425 .In
2761 5367 2850 5423 his
2859 5365 3122 5424 omnibus
3133 5368 3240 5424 iste
3249 5386 3448 5425 sensus
3457 5377 3563 5438 est,

1973 5458 2018 5511 si
2047 5475 2258 5529 genera
2267 5459 2470 5519 carnis,
2489 5476 2617 5513 cum
2637 5459 2752 5512 sint
2778 5464 2978 5512 cuncta
2995 5457 3277 5525 mortalia,
3293 5459 3560 5515 differunt

1973 5555 2165 5602 tamen
2195 5549 2344 5602 inter
2369 5566 2430 5602 se
2450 5565 2550 5618 pro
2569 5545 2987 5602 diversitatibus
3017 5537 3412 5614 animantium,
3438 5555 3493 5602 et
3512 5549 3560 5600 si
