4034 6162
352 231 451 289 151
943 232 1010 288 Β.
1051 230 1335 286 RABANI.
1360 228 1593 287 MAURI
1630 227 1966 285 ARCHIEP.
2005 226 2329 284 MOGUNT.
2370 226 2668 283 OPERUM
2702 224 2890 282 PARS
2927 226 3057 282 III.~
3523 222 3627 280 152

350 372 725 430 corporacum
737 356 853 412 sint
861 355 1050 411 omnia
1064 353 1795 420 visibilia,djﬂ'erunttamen
1804 352 1956 407 inter
1968 353 2020 413 A
2034 351 2505 408 resurrectionem
2523 351 2779 407 futuram
2798 356 3177 420 mortuorum,
3200 360 3267 407 ut
3302 355 3531 423 accepta
3547 365 3636 407 ra-

349 462 414 502 se
451 462 554 518 pro
582 443 1001 500 diversitatibus
1037 443 1308 509 locorum,
1340 441 1491 497 unde
1528 441 1642 496 alia
1673 447 1760 496 est
1793 441 1954 496 coele-
2032 441 2188 498 tione
2207 456 2374 496 nemo
2394 439 2664 511 ambigat.

350 535 530 590 stium
554 534 758 605 gloria,
791 533 905 588 alia
931 531 1311 599 terrestrium,
1352 535 1410 586 et
1446 530 1495 585 si
1531 530 1592 586 in
1619 530 1756 586 locis
1785 528 1956 585 subli-
2105 527 2434 585 Seminatur
2447 532 2511 584 in
2524 531 2897 598 corruptione,
2912 531 3095 598 surgit
3108 531 3172 584 in
3192 531 3635 599 incorruptione.

354 622 541 679 mibus
561 639 690 677 cum
719 621 834 676 sint
855 624 1058 676 cuncta
1074 619 1342 688 coelestia,
1356 619 1624 674 diﬁ‘erunt
1642 619 1814 674 etiam
1834 618 1960 690 ipsa
2040 618 2334 674 Seminare
2363 623 2450 674 est
2469 617 2727 690 sepelire,
2762 622 2828 673 ut
2861 621 3260 690 corrumpatur
3288 635 3302 672 :
3343 634 3638 690 resurgere

353 709 705 767 claritatibus
736 696 1038 776 luminum,
1079 725 1195 764 non
1227 707 1437 764 mirum
1473 714 1561 763 est
1596 708 1748 780 quod
1782 708 1843 762 in
1872 723 1958 762 re-
2038 712 2231 764 autem
2259 707 2319 763 in
2338 706 2719 778 incorruptela
2740 707 2864 778 jam
2889 707 3292 762 exsuscitatum
3335 723 3449 762 non
3474 723 3638 779 posse

355 799 705 858 surrectione
728 803 1104 865 mortuorum,
1125 796 1359 853 distabit
1391 797 1576 868 gloria
1602 797 1953 853 meritorum.
2040 795 2345 868 corrumpi,
2372 795 2470 850 sed
2498 794 2705 850 habere
2724 794 3038 852 claritatem
3053 795 3518 851 immortalitatis.
3541 794 3633 852 Se-

347 887 598 959 (Ambr.}
615 887 758 942 Cum
779 902 847 941 ex
868 886 1068 942 eadem
1100 903 1288 941 massa
1312 886 1497 942 omnis
1515 902 1646 942 caro
1670 886 1746 942 sit
1767 904 1779 940 :
1806 885 1958 941 unde
2039 888 2298 940 minatur
2317 887 2381 939 in
2400 887 2735 953 ignominia,
2752 888 2994 954 resurgit
3015 887 3079 939 in
3098 885 3383 954 gloria.In
3398 884 3637 956 ignomi-

356 981 415 1032 et
453 975 735 1048 quomodo
753 975 814 1030 in
844 975 932 1030 his
951 980 1114 1030 tanta
1136 974 1432 1030 diversitas
1460 979 1565 1042 est,
1609 980 1676 1031 ut
1712 991 1827 1030 una
1854 974 1959 1029 im-
2039 974 2136 1028 nia
2160 973 2491 1040 seminatur,
2516 973 2651 1044 quia
2675 973 2811 1030 dum
2838 973 2897 1030 in
2926 973 3126 1029 tetrico
3148 973 3404 1045 punitur,
3422 975 3489 1029 ﬁt
3512 973 3637 1029 feti-

353 1080 533 1138 pensa
548 1064 759 1120 faceret
782 1080 994 1135 genera
1013 1064 1233 1119 diversa
1253 1065 1279 1118 'l
1297 1064 1501 1120 Dicant
1519 1080 1669 1119 nunc
1693 1063 1958 1136 sophista
2039 1062 2196 1131 dum,
2245 1067 2303 1118 et
2342 1067 2521 1118 scatet
2559 1061 2842 1119 vermibus
2869 1081 2881 1116 :
2932 1068 3126 1133 surget
3177 1068 3369 1118 autem
3408 1061 3469 1117 in
3510 1063 3635 1134 glo-

355 1153 554 1212 mundi
590 1156 650 1208 et
675 1157 1015 1208 scrutatores
1055 1153 1325 1221 siderum,
1371 1153 1420 1208 si
1465 1152 1654 1208 valent
1709 1168 1961 1224 compre-
2040 1152 2129 1206 ria
2146 1150 2282 1223 quia
2308 1151 2708 1206 exsuscitatum
2735 1155 2793 1206 et
2812 1151 3006 1206 lumen
3025 1151 3135 1206 erit
3152 1157 3210 1206 et
3237 1151 3453 1207 nullam
3471 1167 3637 1223 squa-

352 1242 621 1310 hendere,
654 1258 778 1314 qua
807 1247 969 1297 extra
993 1258 1054 1297 se
1089 1246 1241 1308 sunt,
1277 1258 1406 1297 cum
1437 1241 1572 1314 quid
1607 1241 1760 1296 intra
1788 1257 1849 1297 se
1884 1240 1961 1296 sit
2039 1240 2175 1296 loris
2213 1239 2485 1312 injuriam
2525 1239 2793 1312 patietur.
2824 1238 3150 1296 Seminatur
3176 1244 3242 1296 in
3282 1243 3630 1309 inﬁrmitate,

357 1331 652 1387 nesciant?
678 1330 934 1402 Denique
954 1347 1151 1386 omnes
1183 1330 1459 1386 mundani
1486 1331 1823 1402 philosoPhi,
1859 1329 1959 1404 qui
2038 1332 2223 1400 surgit
2263 1331 2328 1383 in
2371 1331 2594 1384 virtute.
2639 1329 2704 1385 In
2748 1329 3079 1384 inﬁrmitate
3121 1328 3455 1397 seminatur,
3505 1328 3640 1400 quia

357 1427 609 1477 mentem
628 1435 792 1476 suam
811 1420 924 1490 legi
954 1419 1058 1475 Dei
1077 1419 1398 1488 humiliare,
1415 1424 1480 1475 ut
1501 1419 1671 1475 ﬁdem
1691 1420 1815 1491 ejus
1839 1435 1960 1474 sus-
2039 1417 2329 1473 immobile
2355 1423 2444 1472 est
2465 1423 2524 1473 et
2548 1417 2832 1488 irregibile
2861 1436 2874 1472 :
2907 1417 3092 1489 surgit
3116 1423 3311 1473 autem
3332 1417 3392 1472 in
3409 1417 3637 1485 virtute,

358 1509 631 1585 cipegent,
670 1509 993 1575 noluerunt,
1043 1507 1266 1563 diversa
1306 1525 1531 1580 semper
1573 1514 1632 1563 et
1677 1508 1963 1564 contraria
2043 1507 2175 1580 quia
2196 1508 2319 1578 jam
2340 1511 2527 1562 totum
2554 1507 2745 1562 vivum
2769 1506 2880 1561 erit
2907 1523 2974 1561 ac
3000 1512 3282 1578 vegetum.
3313 1505 3644 1563 Seminatur

357 1601 696 1665 asserentes,
740 1597 1087 1653 inanissimis
1127 1596 1602 1669 disputationibus
1634 1596 1873 1652 invicem
1901 1613 1961 1652 se
2044 1612 2239 1666 corpus
2265 1598 2529 1661 animale,
2553 1597 2738 1664 surgit
2766 1611 2962 1666 corpus
2989 1598 3243 1666 spiritale
3272 1597 3468 1665 (0ass.)
3487 1595 3646 1652 Licet

359 1686 746 1754 confoderunt,
761 1685 893 1757 quia
906 1685 965 1740 in
984 1685 1140 1740 nullo
1157 1685 1362 1741 horum
1379 1686 1692 1742 testiﬁcata
1710 1685 1962 1741 veritatis
1976 1669 2026 1731 Β
2043 1685 2197 1740 enim
2208 1683 2639 1757 pronuntiemus
2648 1685 2948 1740 nonnullas
2958 1700 3079 1740 esse
3094 1683 3378 1757 spiritales
3388 1689 3642 1752 naturas,

354 1776 582 1846 signum
601 1773 860 1846 agnitum
879 1778 984 1842 est,
1009 1774 1161 1847 quod
1188 1775 1577 1848 antepositum
1600 1773 1786 1830 verbis
1813 1790 1964 1831 com-
2042 1780 2110 1829 ut
2124 1779 2260 1829 sunt
2271 1772 2492 1845 Angeli,
2508 1772 2866 1844 Arcbangeli,
2892 1779 3216 1845 caeteraque
3238 1772 3495 1840 virtutes,
3524 1773 3648 1846 ipsa

365 1858 662 1919 niendaret
676 1863 1011 1930 doctrinam,
1055 1863 1201 1918 sicut
1228 1868 1285 1918 et
1314 1863 1466 1919 Deus
1509 1864 1755 1919 decrevit
1801 1863 1964 1918 disci-
2045 1879 2267 1936 quoque
2311 1861 2501 1917 anima
2530 1868 2742 1929 nostra,
2776 1862 2864 1917 vel
2907 1868 3059 1917 certe
3100 1878 3200 1917 aer
3242 1861 3351 1917 iste
3401 1861 3641 1931 subtilis,

361 1949 530 2025 plina
555 1956 781 2019 nostra,
809 1969 933 2024 qua
954 1967 1069 2006 non
1084 1950 1270 2007 verbis
1285 1952 1573 2024 probatur,
1607 1953 1707 2008 sed
1731 1952 1960 2021 virtute,
2044 1957 2238 2007 tamen
2256 1952 2597 2024 incorporea
2626 1950 2949 2006 nullatenus
2984 1950 3328 2007 aestimanda
3356 1956 3510 2018 sunt,
3548 1951 3647 2006 ha-

361 2041 454 2098 cui
489 2057 605 2097 non
649 2045 889 2113 possunt
933 2039 1105 2096 verba
1147 2041 1428 2097 resistere.
1478 2041 1965 2106 Quemadmodum
2045 2040 2182 2096 bent
2221 2040 2374 2096 enim
2427 2039 2738 2095 secundum
2783 2056 2843 2095 se
2886 2056 3108 2112 corpus,
3156 2055 3268 2111 quo
3301 2037 3637 2095 subsistunt.

363 2145 499 2200 ergo
529 2147 596 2185 ex
613 2147 732 2186 una
758 2129 1017 2203 impensa
1043 2129 1265 2185 diversa
1293 2130 1671 2186 animantium
1699 2147 1828 2186 caro
1855 2135 1962 2199 est,
2046 2129 2203 2185 Licet
2230 2129 2408 2184 multo
2434 2128 2663 2183 tenuius
2697 2145 2869 2200 quam
2896 2135 3091 2184 nostra
3133 2134 3268 2183 sunt
3299 2145 3534 2200 corpora
3558 2145 3645 2184 se-

361 2219 450 2274 ita
469 2223 527 2273 et
542 2218 712 2274 unius
738 2218 924 2273 carnis
944 2218 1190 2274 hominis
1209 2219 1441 2275 diversa
1458 2225 1627 2274 erunt
1662 2219 1967 2290 dignitates
2047 2218 2294 2273 cundum
2313 2217 2565 2290 Apostoli
2591 2217 2933 2273 sententiam
2951 2217 3035 2272 ita
3059 2217 3316 2285 dicentis,
3340 2222 3390 2272 et
3416 2232 3647 2288 corpora

364 2306 427 2362 in
482 2307 913 2374 resurrectione,
941 2312 1007 2362 ut
1060 2307 1189 2362 talis
1237 2307 1624 2380 unusquisque
1676 2314 1965 2380 appareat,
2050 2309 2297 2373 caelestia,
2329 2311 2380 2361 et
2405 2321 2634 2375 corpora
2658 2290 2979 2372 terrestria;
3000 2311 3060 2362 et
3085 2305 3314 2374 iterum,
3331 2304 3646 2361 seminatur

367 2395 554 2470 qualis
574 2395 748 2451 fuerit
772 2395 984 2464 meriti,
1015 2396 1221 2468 quippe
1248 2413 1377 2452 cum
1414 2397 1588 2452 etiam
1614 2397 1708 2451 hic
1742 2397 1972 2452 diversi-
2050 2411 2246 2470 corpus
2271 2398 2538 2462 animale,
2571 2397 2755 2464 surgit
2777 2411 2972 2464 corpus
2990 2398 3271 2465 spiritale;
3306 2394 3508 2466 quibus
3534 2411 3652 2449 ma-

371 2490 552 2540 tatem
572 2501 872 2557 corporum
901 2484 1210 2540 videamus.
1243 2485 1314 2541 Et
1343 2501 1596 2558 corpora,
1630 2485 1835 2557 inquit,
1865 2502 1972 2541 coe-
2050 2484 2253 2539 nifeste
2275 2483 2557 2555 colligitur
2583 2483 2726 2539 nihil
2740 2499 2862 2540 esse
2891 2483 3305 2555 incorporeum,
3335 2483 3444 2538 nisi
3467 2484 3650 2539 Deum

372 2573 540 2628 lestia
568 2578 627 2628 et
648 2573 960 2628 terrestria.
996 2573 1107 2629 Sed
1130 2574 1243 2629 alia
1263 2573 1493 2644 quidem
1519 2574 1828 2629 caelestium
1855 2575 1973 2646 glo-
2051 2573 2255 2641 solum,
2278 2579 2337 2628 et
2361 2572 2567 2627 idcirco
2607 2573 2716 2644 ipsi
2760 2572 3154 2628 tantummodo
3182 2588 3346 2644 posse
3392 2578 3650 2645 penetra-

371 2661 478 2729 ria,
502 2661 616 2716 alia
635 2667 829 2716 autem
864 2661 1240 2716 terrestrium.
1269 2661 1533 2718 Calestia
1571 2679 1808 2735 corpora
1840 2669 1974 2719 sunt
2051 2661 2192 2717 biles
2236 2678 2432 2716 omnes
2463 2661 2857 2733 spiritalesque
2892 2666 3063 2733 atque
3094 2661 3503 2718 intellectuales
3526 2678 3650 2717 esse

375 2749 814 2821 resurgentium,
847 2749 1142 2804 terrestria
1159 2755 1352 2805 autem
1388 2756 1694 2823 antequam
1729 2751 1974 2807 morian—
2052 2750 2415 2817 substantias,
2447 2766 2514 2806 eo
2543 2750 2693 2822 quod
2721 2750 2892 2819 solus,
2921 2755 2980 2804 et
3007 2755 3180 2818 totus,
3205 2755 3264 2806 et
3289 2750 3496 2822 ubique
3515 2755 3574 2806 et
3590 2751 3650 2806 in

371 2845 489 2906 tur,
517 2843 618 2894 aut
633 2844 888 2909 surgant,
909 2842 976 2894 ut
1003 2838 1138 2910 quia
1165 2839 1423 2894 Christus
1442 2839 1684 2895 caelestis
1703 2845 1808 2908 est,
1821 2858 1889 2896 ex
1906 2857 1972 2896 eo
2053 2839 2314 2896 omnibus
2357 2839 2452 2907 sit,
2498 2839 2581 2894 ita
2624 2844 2692 2894 ut
2735 2845 2795 2895 et
2845 2839 3214 2910 cogitationes
3258 2839 3573 2907 hominum,
3596 2845 3651 2894 et

251 2942 269 2953 ί
373 2943 610 2999 corpora
637 2926 887 2982 calestia
911 2926 1210 2996 dicantur;
1239 2945 1306 2983 ex
1340 2928 1523 2984 Adam
1549 2945 1700 2997 vero,
1715 2929 1848 3001 quia
1863 2935 1975 2984 ter-
1998 2985 2038 3001 η
2054 2929 2307 2985 internos
2359 2934 2566 2996 motus,
2611 2929 2768 2984 adita
2820 2928 3028 2984 mentis
3067 2929 3333 2984 universa
3368 2926 3649 3001 inspiciat,

371 2985 570 3072 restris
588 3020 694 3085 est,
709 3015 1006 3071 terrestria
1019 2985 1271 3088 corpora.
1291 3015 1424 3073 Alia
1441 3020 1672 3073 claritas
1690 2985 1838 3080 stilis.
1855 3022 1974 3073 alia
1994 2985 2040 3047 Ο
2055 3022 2224 3090 atque
2243 2985 2566 3090 perlustret:
2586 3017 2669 3073 De
2688 3017 2810 3090 ipso
2829 3017 3110 3090 siquidem
3131 3019 3250 3073 solo
3270 2985 3656 3090 pronuntiavit

372 3107 602 3160 claritas
636 3107 803 3171 lunae,
833 3107 951 3158 alia
971 3106 1202 3159 claritas
1229 3107 1542 3172 stellarum,
1574 3108 1732 3161 stella
1759 3109 1910 3161 enim
1937 3123 1974 3161 a
2055 3106 2252 3163 beatus
2275 3107 2597 3178 Apostolus,
2627 3106 2820 3162 dicens
2852 3106 3037 3176 (Hebr.
3070 3109 3180 3178 Iv):
3216 3108 3374 3162 Vivus
3401 3110 3552 3162 enim
3579 3110 3654 3165 est

370 3195 532 3247 stella
547 3193 734 3260 αἰπενί
751 3194 816 3246 in
830 3194 1104 3247 claritate.
1125 3191 1303 3248 Unius
1319 3198 1536 3249 natura
1556 3194 1975 3265 comparatione
2054 3211 2232 3252 sermo
2241 3197 2342 3252 Dei
2367 3201 2415 3250 et
2436 3197 2651 3265 efﬁcax,
2665 3201 2715 3250 et
2737 3199 2957 3250 acutior
2974 3210 3140 3266 super
3157 3212 3374 3251 omnem
3394 3197 3654 3266 gladium

371 3280 556 3337 utitur
575 3280 648 3336 ad
683 3280 1000 3336 indiscreta
1045 3280 1374 3337 substantia
1426 3282 1772 3338 reddendam
1808 3284 1976 3339 ratio-
2055 3286 2373 3354 ancipitem,
2395 3290 2445 3340 et
2463 3287 2782 3355 pertingens
2804 3300 2974 3354 usque
3002 3286 3076 3339 ad
3093 3286 3421 3340 divisionem
3449 3286 3655 3339 anima

372 3385 542 3424 nem:
575 3369 711 3441 quia
728 3369 876 3424 sicut
901 3370 985 3425 sol
999 3375 1059 3425 et
1079 3371 1216 3426 luna
1234 3374 1292 3425 et
1317 3371 1491 3426 stella
1512 3387 1642 3426 cum
1666 3371 1780 3428 sint
1805 3373 1976 3429 unius
2056 3378 2107 3429 et
2134 3376 2387 3443 spiritus,
2400 3389 2723 3444 compagum
2751 3389 2960 3443 quoque
2987 3379 3036 3428 et
3064 3375 3464 3440 medullarum,
3481 3378 3532 3428 et
3543 3374 3653 3428 dis-

377 3457 607 3531 quidem
636 3463 872 3526 natura,
912 3457 1145 3514 diversa
1171 3465 1366 3514 tamen
1402 3459 1677 3516 claritatis
1705 3467 1863 3530 sunt;
1896 3461 1976 3516 ita
2057 3468 2279 3518 cretura
2292 3465 2763 3532 cogitationum,et
2779 3465 3156 3518 intentionum
3167 3463 3366 3530 cordis,
3390 3467 3440 3517 et
3455 3468 3652 3518 nonest

377 3552 438 3602 et
464 3545 722 3603 homines
750 3563 881 3602 cum
914 3547 1030 3602 sint
1054 3548 1224 3603 unius
1259 3549 1502 3620 generis,
1551 3549 1755 3605 merito
1782 3556 1977 3606 tamen
2057 3556 2317 3606 creatura
2345 3551 2646 3606 invisibilis
2676 3553 2741 3606 in
2769 3556 3051 3622 conspectu
3081 3555 3220 3621 ejus,
3249 3554 3442 3606 omnia
3466 3556 3653 3606 autem

375 3633 679 3690 dissimiles
703 3640 872 3691 erunt
890 3635 949 3690 in
965 3636 1167 3707 gloria,
1203 3643 1270 3692 ut
1297 3637 1543 3693 claritati
1578 3637 1713 3693 solis
1751 3639 1978 3695 illorum
2058 3640 2212 3695 nuda
2227 3645 2277 3695 et
2289 3646 2482 3710 aperta
2495 3645 2627 3695 sunt
2648 3642 2820 3696 oculis
2835 3643 2983 3710 ejus;
2998 3644 3057 3697 et
3074 3639 3273 3697 beatus
3285 3639 3470 3696 David
3485 3641 3651 3709 (Psal.

375 3723 623 3810 dignitas
675 3728 1015 3796 exaequetur,
1083 3725 1182 3797 qui
1245 3726 1615 3782 centesimum
1677 3743 1978 3783 numerum
2059 3731 2253 3799 xxxn):
2285 3732 2386 3800 qui
2410 3731 2592 3799 ﬁngit,
2623 3728 2829 3802 inquit,
2858 3732 3197 3799 singillatim
3235 3730 3401 3785 corda
3432 3745 3651 3795 eorum;

374 3810 604 3880 habent,
627 3812 725 3885 qui
745 3818 811 3868 ut
840 3812 1072 3885 perfecti
1109 3819 1300 3869 essent
1340 3815 1510 3887 primi
1548 3816 1760 3887 gradus
1789 3816 1979 3872 amuli
2059 3823 2118 3874 et
2132 3817 2366 3874 iterum:
2393 3819 2510 3888 Ipse
2528 3821 2679 3874 enim
2702 3821 2853 3874 novit
2867 3823 3079 3875 occulta
3096 3819 3275 3874 cordis
3299 3819 3464 3888 (Psal.
3482 3823 3654 3889 XLIII.)

368 3899 618 3968 fuerunt,
637 3900 708 3956 de
735 3900 939 3972 quibus
959 3901 1174 3958 dictum
1193 3907 1314 3958 est:
1340 3905 1492 3959 Tunc
1511 3907 1661 3974 justi
1685 3906 1979 3974 fulgebunt
2060 3907 2302 3979 [Ambn]
2329 3906 2591 3962 Animale
2621 3923 2825 3980 corpus
2853 3912 2959 3977 est,
2980 3907 3115 3963 dum
3133 3906 3272 3963 cibis
3285 3912 3654 3975 sustentatur,

337 3991 516 4061 _sicut
554 3993 635 4043 sol
676 3992 741 4044 in
782 4005 952 4058 regno
979 3992 1165 4045 Patris
1197 3994 1291 4045 sui
1335 3993 1548 4060 (Matth.
1586 3997 1723 4063 xm).
1768 3994 1978 4050 Lunari
2060 4000 2126 4053 ut
2142 3996 2326 4050 vivat:
2361 3996 2614 4068 spiritale
2644 4001 2835 4052 autem
2855 4013 2983 4051 cum
3000 3997 3205 4052 horum
3223 3997 3366 4052 nihil
3383 3995 3659 4069 indigebit

374 4082 569 4132 autem
604 4076 848 4132 claritati
891 4077 951 4131 hi
989 4079 1353 4150 comparandi
1393 4086 1544 4146 sunt,
1580 4081 1677 4152 qui
1705 4083 1981 4153 sexagesi-
2062 4101 2390 4139 conversum
2424 4085 2484 4140 in
2527 4085 2722 4140 vitam.
2759 4085 2966 4140 Omnia
3000 4085 3324 4158 supradicta
3358 4085 3463 4141 hoc
3488 4101 3658 4140 sensu

377 4180 536 4219 mum
579 4180 883 4220 numerum
931 4164 1095 4220 bonis
1141 4166 1405 4240 operibus
1451 4170 1685 4224 mercati
1733 4178 1884 4238 sunt,
1914 4177 1981 4227 ut
2059 4173 2418 4241 clauduntur,
2449 4191 2564 4229 non
2603 4174 2757 4229 enim
2800 4190 3003 4246 corpus
3034 4175 3280 4230 animale
3312 4190 3538 4247 semper
3568 4174 3662 4229 hic

372 4253 603 4365 secundi
616 4253 826 4324 gradus
845 4254 1113 4365 merith
1139 4255 1432 4365 haberent).
1450 4258 1638 4314 Stellis
1659 4264 1851 4360 autem
1870 4260 2041 4365 cla-D
2060 4261 2267 4318 habere
2294 4266 2483 4335 potest
2513 4262 2788 4335 Spiritum
2817 4269 3074 4318 sanctum
3091 4270 3276 4364 ;.tunc
3302 4279 3454 4330 vero,
3483 4263 3543 4318 id
3571 4269 3658 4318 est

374 4340 620 4398 rioribus
638 4359 836 4398 eorum
862 4343 1068 4398 merita
1084 4346 1464 4417 comparanda
1500 4353 1651 4417 sunt,
1676 4349 1772 4420 qui
1807 4351 1978 4422 trige-
1993 4340 2041 4365 ¹¹
2056 4351 2116 4407 in
2145 4351 2574 4419 resurrectione,
2604 4367 2830 4425 semper
2848 4351 3100 4408 manebit
3115 4344 3175 4408 in
3194 4352 3402 4408 sanctis
3425 4369 3439 4406 :
3464 4358 3658 4424 surget

372 4431 585 4486 simum
624 4448 945 4501 numerum,
977 4433 1134 4488 tertii
1178 4433 1389 4506 gradus
1435 4435 1770 4508 dignitatem
1805 4439 1976 4510 justis
2061 4457 2262 4513 corpus
2307 4439 2562 4514 spiritale
2599 4440 2748 4513 quod
2791 4440 2970 4512 possit
3002 4440 3086 4497 ire
3141 4440 3365 4497 obviam
3406 4441 3650 4496 Christo.

371 4518 662 4577 laboribus
683 4521 1043 4593 quaesierunt.
1077 4523 1453 4595 Sequentibus
1470 4541 1603 4581 vero
1631 4527 1827 4594 stellis,
1851 4544 1975 4600 qua
2054 4528 2212 4585 Sicut
2238 4533 2508 4601 scriptum
2553 4534 2658 4584 est:
2690 4530 2886 4585 Factus
2923 4535 2999 4585 est
3030 4532 3256 4600 primus
3292 4531 3452 4586 homo
3477 4531 3657 4586 Adam
3744 4550 3755 4559 ·

374 4608 526 4664 inter
549 4609 729 4664 claras
757 4615 815 4665 et
842 4610 1192 4667 obscuriores
1220 4613 1419 4669 media
1467 4619 1619 4683 sunt,
1655 4622 1975 4687 peccatores
2054 4621 2120 4674 in
2137 4621 2395 4674 animum
2423 4621 2712 4685 viventem,
2742 4621 3076 4676 novissimus
3091 4619 3272 4674 Adam
3292 4622 3358 4675 in
3385 4621 3656 4689 spiritum

375 4695 632 4751 domines
651 4698 948 4768 coaptandi
966 4704 1118 4766 sunt,
1133 4700 1229 4772 qui
1251 4701 1321 4756 de
1339 4701 1522 4757 tribus
1539 4703 1748 4759 nullius
1764 4706 1974 4775 gradus
2052 4709 2442 4776 viviﬁcantem.
2474 4707 2802 4764 Notandum
2825 4714 2931 4775 est,
2964 4707 3115 4780 quod
3151 4725 3281 4764 cum
3305 4707 3450 4764 duos
3474 4707 3655 4763 Adam

377 4783 653 4839 honorem
671 4785 905 4857 adipisci
923 4787 1238 4844 voluerunt.
1251 4791 1488 4846 Tetricis
1509 4796 1702 4847 autem
1720 4794 1897 4849 stellis
1917 4801 1976 4851 et
2054 4796 2209 4864 dicit,
2243 4796 2497 4868 ejusdem
2530 4801 2748 4853 natura
2787 4802 3059 4870 utrosque
3098 4797 3470 4865 demonstrat,
3503 4795 3654 4869 quod

373 4871 629 4929 omnium
646 4873 984 4945 novissimis,
1016 4877 1361 4948 perﬁdorum
1397 4881 1736 4936 resurrectio
1772 4882 1973 4939 similis
2054 4889 2252 4941 contra
2295 4885 2653 4954 Manichaos,
2681 4891 2742 4942 et
2776 4885 3211 4959 Apollinaristas
3247 4885 3403 4953 facit,
3435 4885 3531 4958 qui
3559 4901 3655 4941 ne-

369 4965 474 5048 est,
507 4961 643 5033 quia
663 4979 914 5018 errorem
941 4966 1138 5033 secuti,
1170 4967 1348 5023 stellis
1372 4969 1432 5022 in
1453 4985 1703 5024 errorem
1725 4971 1976 5028 ducenti-
2052 4980 2194 5047 gant
2229 4975 2332 5032 Dei
2373 4974 2559 5031 Verbo
2607 4975 2917 5048 perfectum
2964 4975 3253 5033 hominem
3307 4991 3431 5031 esse
3475 4991 3658 5030 susce—

367 5047 474 5105 bus
513 5052 879 5124 comparandi
915 5060 1082 5123 sunt;
1115 5055 1262 5111 sicut
1307 5057 1445 5121 dicit
1488 5057 1548 5112 in
1589 5058 1840 5130 Epistola
1870 5078 1975 5117 sua
2054 5070 2237 5135 ptum.
2612 5047 2625 5048 γ
2694 5090 2707 5101 ε

369 5137 547 5195 Iudas
564 5140 870 5212 apostolus.
903 5142 1214 5211 Inﬁdelitas
1233 5145 1387 5200 enim
1417 5161 1529 5200 non
1558 5152 1745 5219 potest
1761 5149 1971 5206 claram
2123 5155 2194 5209 Et
2222 5170 2335 5209 non
2353 5156 2537 5224 prius,
2550 5155 2694 5225 quod
2717 5157 2972 5225 spiritale
2991 5160 3084 5222 est,
3108 5156 3202 5211 sed
3229 5156 3375 5226 quod
3401 5157 3655 5210 animale

368 5227 841 5317 resurrectionem
867 5229 1096 5299 habere,
1127 5233 1262 5305 quia
1279 5233 1427 5290 sicut
1452 5234 1620 5291 carbo
1653 5236 1842 5293 cinere
1867 5256 1972 5295 suo
2053 5248 2148 5310 est,
2172 5244 2385 5312 deinde,
2407 5245 2840 5317 quodspiritale,
2863 5247 3090 5314 primus
3111 5245 3348 5300 homode
3373 5249 3525 5300 terra
3546 5247 3655 5299 ter-

369 5320 666 5404 coopertus
685 5316 1016 5387 obcacatur,
1055 5321 1141 5376 ita
1167 5328 1228 5378 et
1253 5322 1312 5377 hi
1347 5324 1586 5395 perﬁdia
1617 5341 1723 5380 sua
1767 5328 1976 5384 erroris
2057 5347 2247 5399 renus,
2259 5333 2529 5388 secundus
2552 5316 2784 5388 homode
2803 5337 2928 5389 calo
2947 5336 3386 5404 caleslis,qualis
3405 5337 3657 5388 terrenus

366 5402 616 5494 tenebris
644 5407 975 5464 circumdati
995 5409 1120 5466 luce
1141 5409 1432 5466 carebunt.
1456 5413 1544 5468 Ita
1571 5413 1680 5469 erit
1715 5419 1772 5471 et
1789 5432 1976 5472 resur-
2058 5424 2190 5476 tales
2203 5424 2431 5478 terreni.
2447 5421 2704 5477 Caelestis
2725 5421 2950 5490 dicitur,
2977 5421 3112 5494 quia
3129 5402 3245 5478 non
3258 5423 3521 5480 humana
3544 5420 3657 5476 fra-

367 5492 545 5548 rectio
565 5501 946 5556 mortuorum.
966 5498 1233 5571 Exempla
1263 5500 1380 5568 dat,
1412 5506 1479 5558 ut
1494 5517 1610 5558 non
1636 5503 1712 5559 sit
1735 5503 1974 5562 dubium
2052 5508 2293 5581 gilitatis
2333 5509 2468 5578 ritu,
2507 5510 2606 5566 sed
2643 5510 2846 5569 divinae
2876 5492 3194 5590 maiestatis
3226 5518 3393 5580 nutu,
3426 5517 3485 5567 et
3522 5525 3653 5565 con-
