4034 6162
311 299 393 356 153

724 295 1304 371 ENARRATIONUM
1342 297 1418 353 IN
1458 297 1610 352 EPP.
1654 298 1868 354 PAULI
1909 299 2047 355 LIB.
2092 301 2188 355 X1.
2225 331 2289 344 «ν-
2322 300 2400 355 IN
2440 298 2659 354 EPIST.
2702 300 2728 354 I
2779 299 2875 353 AD
2915 298 3075 354 COR.

3440 300 3540 357 154

306 431 470 497 ceptus
509 427 604 485 est,
652 426 709 475 et
751 421 969 478 enixus.
1011 423 1157 478 Nam
1188 440 1366 497 usque
1413 425 1552 479 adeo
1600 431 1861 480 naturam
1882 428 2217 493 Aanimale,
2252 428 2415 498 quale
2448 427 2760 481 animatum
2789 432 2875 479 est
2894 424 2991 479 Dei
3023 425 3180 489 ﬂatu,
3212 441 3339 481 cum
3367 425 3544 481 factus

306 522 523 571 nostram
564 510 776 571 habuit,
838 518 904 566 ut
944 513 1219 567 secundus
1266 514 1447 568 Adam
1509 514 1744 577 dicatur,
1807 522 1863 568 et

306 606 461 657 homo.
1036 663 1050 675 .

360 693 416 745 Et
457 693 629 759 quatis
674 692 899 742 celestis
947 693 1077 744 tales
1122 697 1171 745 et
1204 695 1443 745 caelestes.
1492 692 1550 746 Si
1602 692 1746 757 ideo,
1798 698 1863 747 ut

302 779 513 834 haeretici
542 778 751 842 volunt,
777 779 956 832 nostri
983 780 1206 849 generis
1227 786 1550 852 assumptus
1568 781 1733 835 homo
1750 798 1861 835 non

300 870 401 931 fuit,
432 868 519 939 qui
550 867 788 921 caelestis
821 867 1043 933 dicitur,
1082 885 1214 937 ergo
1246 886 1347 923 nec
1381 870 1473 924 isti
1504 876 1719 924 natura:
1767 886 1863 923 no-

297 966 404 1012 stra
429 960 552 1010 sunt
582 956 676 1026 qui
706 956 961 1011 cmlestes
996 958 1382 1029 appellantur:
1415 959 1460 1011 si
1493 975 1622 1014 vero
1661 960 1729 1012 de
1775 960 1862 1012 his

298 1062 437 1099 nemo
462 1044 694 1105 dubitat,
728 1062 831 1098 nec
850 1046 920 1099 de
941 1046 1032 1099 illo
1052 1052 1139 1100 est
1156 1046 1574 1115 ambigendum.
1598 1047 1660 1115 (Α
1672 1060 1779 1115 ug.)
1799 1049 1860 1102 In

300 1134 372 1188 his
392 1150 513 1203 ergo
549 1132 731 1187 verbis
760 1135 1015 1205 Apostoli
1048 1135 1249 1206 quibus
1281 1136 1361 1189 ait
1401 1155 1411 1188 :
1445 1135 1772 1192 Seminatur
1802 1140 1862 1191 in

295 1226 628 1291 corruptione,
663 1226 847 1290 surgit
878 1226 940 1277 in
990 1227 1488 1293 incorruptionem,
1530 1230 1587 1281 et
1622 1225 1856 1295 reliqua,

292 1312 513 1382 nunquid
542 1311 623 1364 fas
646 1318 734 1364 est
756 1317 955 1382 putare
986 1313 1184 1367 melius
1204 1330 1438 1384 corpora
1468 1320 1661 1369 nostra
1680 1331 1861 1367 resur-

292 1408 500 1465 rectura,
533 1417 704 1471 quam
733 1400 963 1465 Christi,
1001 1418 1126 1457 cum
1154 1402 1223 1455 de
1262 1403 1355 1455 illo
1400 1404 1473 1457 sit
1509 1404 1860 1475 propositum

291 1490 594 1560 exemplum,
649 1489 800 1559 quod
852 1490 1090 1544 ﬁdeliter
1128 1491 1436 1556 intendere,
1489 1498 1545 1544 et
1590 1509 1690 1563 per
1738 1494 1860 1562 ejus

288 1578 499 1647 gratiam
524 1594 753 1649 sperare
784 1578 1107 1643 debeamus,
1144 1596 1208 1633 ac
1246 1598 1345 1652 per
1374 1581 1479 1634 hoc
1512 1581 1662 1635 nullo
1694 1582 1859 1635 modo

288 1666 446 1737 potuit
464 1684 661 1737 corpus
693 1667 903 1721 Christi
925 1684 1049 1721 cum
1074 1670 1428 1739 corruptione
1459 1686 1770 1737 resurgere,
1813 1671 1860 1725 si

1945 516 2035 570 est
2060 518 2227 569 homo
2250 516 2306 569 in
2342 516 2587 571 animam
2610 515 2813 577 vivam,
2837 514 3007 566 etiam
3028 514 3209 584 ipsum
3230 531 3295 567 ex
3314 514 3545 569 animali

1944 604 2196 675 Spiritale
2228 605 2348 657 sine
2382 603 2577 656 mortis
2606 604 2923 657 interventu
2954 602 3546 668 futurum,nisitrans—

1942 694 2156 763 gressio
2187 693 2447 764 prmeepti
2482 692 2634 762 prius
2683 691 2980 745 commisso
3003 698 3227 761 peccato
3265 693 3547 762 inﬁigeret

1944 799 2187 852 pomum,
2213 798 2381 852 quam
2401 782 2549 834 Deus
2572 786 2802 835 servata)
2818 780 3051 849 jnstitize
3074 780 3235 834 daret
3258 798 3540 836 coronam.

1944 871 2101 925 Unde
2129 871 2401 924 Dominus
2432 870 2687 924 Christus
2716 886 2817 939 per
2845 885 2946 921 nos
2976 869 3047 921 ad
3080 885 3181 922 nos
3212 869 3381 933 venit,
3415 887 3543 924 cum

1943 965 2261 1030 peceatores
2278 961 2464 1028 justus
2500 958 2727 1017 invenit,
2761 974 2861 1028 per
2892 962 3102 1011 statum
3133 958 3543 1027 quodammodo

1944 1048 2277 1103 humilitatis
2308 1054 2530 1101 nostrae.
2557 1048 2701 1100 Nam
2729 1064 2830 1117 per
2860 1046 3293 1109 animalenobis,
3320 1047 3419 1099 hoc
3436 1056 3541 1113 est,

1944 1155 2044 1207 per
2067 1138 2300 1191 mortale
2316 1154 2516 1207 corpus
2538 1136 2819 1206 apparuit,
2838 1135 2931 1205 qui
2957 1135 3168 1205 utique,
3195 1135 3241 1188 si
3258 1136 3541 1202 voluisset,

1942 1242 2067 1279 cum
2088 1242 2318 1296 corpore
2338 1225 2643 1278 immortali
2664 1224 2926 1295 primitus
2944 1224 3283 1277 advenisset:
3302 1225 3398 1277 sed
3413 1225 3546 1295 quia

1943 1331 2043 1368 nos
2075 1314 2394 1368 humilitate
2430 1314 2554 1367 Filii
2584 1314 2683 1366 Dei
2717 1312 2901 1366 sanari
2925 1312 3235 1382 opoxtebat,
3267 1329 3443 1383 usque
3474 1314 3544 1367 ad

1941 1410 2193 1458 nostram
2213 1402 2598 1456 inﬁrmitatem
2619 1401 2925 1465 descendit,
2951 1408 3006 1454 et
3022 1402 3129 1454 ﬁde
3142 1402 3366 1455 inostrm
3379 1403 3546 1456 meri-

1942 1498 2063 1547 tum
2080 1510 2142 1546 ac
2163 1492 2457 1563 praemium
2482 1491 2684 1544 virtute
2702 1507 2815 1543 sua)
2835 1490 3260 1544 resurrectionis
3276 1491 3539 1546 ostendit.

1944 1582 2073 1636 Ideo
2114 1582 2384 1653 sequitur,
2441 1581 2741 1651 Apostolus
2783 1579 2913 1633 dicit
2950 1596 2959 1630 :
2998 1580 3339 1635 Nouissimas
3364 1582 3541 1634 Adam

1944 1674 2001 1724 in
2040 1674 2301 1739 spiritum
2342 1673 2707 1738 ririﬁcantem
2741 1687 2750 1720 :
2787 1668 2900 1721 sive
2932 1668 3280 1735 intelligatur
3330 1668 3544 1738 primus

288 1764 513 1808 nostrum
554 1757 613 1809 in
664 1756 1081 1827 incorruptione
1112 1764 1557 1812 resurrecturum
1583 1759 1858 1828 promitti-
1878 1749 2143 1821 BAdam,
2178 1759 2271 1829 qui
2296 1760 2363 1811 de
2385 1759 2608 1829 pulvere
2632 1764 2761 1810 ante
2792 1758 3065 1810 formatus
3083 1764 3187 1821 est,
3221 1756 3336 1809 sive
3366 1757 3545 1811 novis-

285 1850 380 1897 tur.
420 1845 647 1898 Constat
695 1845 885 1915 itaque
933 1862 1034 1898 nec
1079 1845 1447 1901 dubitandum
1497 1854 1601 1909 est,
1661 1865 1861 1918 corpus

285 1934 488 1997 Christi,
520 1933 671 2003 quod
706 1933 837 1987 licet
874 1936 1288 2004 corruptionem
1330 1936 1641 2005 putredinis
1674 1936 1731 1989 in
1771 1953 1860 1988 se-

285 2023 455 2093 pulcro
493 2039 603 2076 non
650 2023 873 2081 viderit.
934 2024 1080 2076 unde
1123 2024 1393 2094 scriptum
1434 2030 1536 2091 est,
1572 2024 1671 2078 nec
1701 2024 1860 2079 dabis

284 2118 515 2166 sanctum
540 2117 706 2165 tuum
736 2111 924 2164 videre
955 2113 1387 2183 corruptionem,
1413 2114 1580 2167 clavis
1600 2120 1791 2167 tamen
1807 2119 1864 2167 et

284 2200 459 2254 lancea
488 2199 779 2271 perrumpi
821 2200 1024 2271 potuit,
1057 2218 1204 2255 nunc
1236 2202 1464 2255 omnino
1508 2202 1565 2255 in
1618 2203 1865 2257 incorru-

282 2289 452 2359 ptione
481 2289 793 2343 consistere
818 2308 829 2357 ;
859 2297 914 2343 et
944 2290 1089 2360 quod
1118 2290 1177 2343 in
1208 2291 1547 2344 contumelia
1568 2291 1859 2362 passionis,

282 2378 569 2448 mortisque
601 2378 951 2432 seminatum
982 2385 1084 2443 est,
1109 2395 1255 2433 nunc
1285 2395 1405 2432 esse
1448 2379 1503 2433 in
1533 2380 1714 2448 gloria
1738 2380 1863 2435 vita:

277 2473 509 2534 zeternze;
543 2475 602 2521 et
631 2467 783 2537 quod
806 2468 1134 2521 inﬁrmitate
1156 2468 1337 2538 potuit
1355 2468 1623 2537 cruciﬁgi,
1644 2468 1863 2522 nuncin

276 2555 463 2609 virtute
492 2573 737 2626 regnare
770 2574 780 2608 :
815 2561 872 2609 et
901 2557 1047 2626 quod
1070 2562 1192 2610 erat
1218 2573 1417 2627 corpus
1452 2557 1695 2611 animale
1722 2574 1862 2628 quo-

273 2644 409 2698 niam
447 2661 511 2698 ex
559 2646 747 2699 Adam
771 2651 1059 2715 sumptum
1092 2652 1195 2711 est,
1229 2662 1375 2699 nunc
1419 2663 1540 2699 esse
1587 2646 1859 2717 spiritale,

272 2734 405 2803 quod
444 2734 672 2805 spiritui
706 2735 829 2803 jam
880 2734 1327 2804 inseparabiliter
1388 2736 1707 2806 copulatum
1755 2741 1857 2789 est.

272 2822 397 2876 Cum
426 2824 577 2876 enim
610 2823 779 2876 vellet
807 2823 1108 2893 Apostolus
1126 2824 1433 2894 decorpore
1451 2824 1858 2877 animaliadhi-

269 2910 384 2963 bere
411 2912 805 2966 testimonium
840 2911 1274 2982 Scripturarum,
1308 2913 1445 2967 illud
1475 2913 1679 2983 posuit,
1712 2912 1860 2983 quod

268 2999 316 3053 in
344 3000 542 3055 Genesi
588 3000 802 3070 legitur
832 3000 943 3056 λεί
976 3007 1069 3065 est,
1122 3001 1322 3071 inquit,
1374 3018 1568 3069 corpus
1608 3004 1855 3055 animate.

1942 1848 2117 1901 simus
2146 1849 2345 1913 Adam,
2378 1848 2469 1917 qui
2495 1847 2563 1899 de
2594 1847 2806 1915 virgine
2840 1851 3162 1916 procreatus
3187 1851 3307 1907 est;
3342 1847 3455 1899 sive
3486 1847 3542 1900 in

1941 1953 2278 2007 unoquoque
2298 1936 2524 1989 homine
2546 1942 2846 2005 utrumque
2864 1935 3227 2005 compleatur,
3245 1942 3307 1988 ut
3328 1935 3543 2005 primus

1943 2026 2123 2079 Adam
2141 2026 2215 2079 sit
2246 2026 2413 2078 homo
2436 2025 2491 2079 in
2509 2041 2739 2095 corpore
2758 2024 2999 2088 mortali,
3018 2023 3352 2077 novissimus
3362 2012 3540 2077 Adam

1943 2114 2092 2167 idem
2120 2115 2238 2185 ipse
2272 2114 2328 2167 in
2372 2130 2602 2184 corpore
2649 2112 2953 2166 immortali
2981 2130 2991 2163 :
3025 2117 3215 2165 tamen
3245 2112 3392 2165 inter
3428 2112 3545 2166 ani-

1948 2220 2098 2256 mam
2128 2204 2423 2267 viventem,
2458 2207 2514 2255 et
2534 2202 2796 2272 spiritum
2831 2200 3203 2254 viviﬁcantem
3240 2201 3343 2254 hoc
3374 2202 3544 2254 inter-

1949 2310 2068 2345 esse
2089 2292 2280 2356 voluit,
2316 2297 2377 2344 ut
2406 2291 2517 2343 illic
2546 2291 2621 2343 sit
2649 2307 2849 2360 corpus
2880 2290 3143 2354 animale,
3169 2290 3256 2343 hic
3269 2290 3538 2360 spiritale.

1946 2380 2150 2433 Anima
2180 2380 2383 2451 quippe
2407 2379 2463 2432 in
2488 2395 2717 2449 corpore
2748 2378 2979 2431 animali
3018 2378 3151 2430 vivit
3173 2378 3419 2448 quidem,
3445 2378 3542 2432 sed

1947 2485 2057 2521 non
2084 2468 2325 2521 viviﬁcat
2359 2484 2533 2538 usque
2575 2468 2643 2520 ad
2685 2467 3045 2520 auferendam
3076 2466 3492 2536 corruptionem
3527 2485 3539 2533 ;

1947 2557 2005 2609 in
2038 2573 2268 2626 corpore
2321 2573 2449 2610 vero
2488 2556 2747 2627 spiritali,
2788 2555 3053 2625 quoniam
3089 2555 3330 2625 perfecte
3361 2555 3543 2609 adhae-

1944 2662 2073 2698 rens
2105 2645 2342 2700 Domino
2372 2661 2515 2699 unus
2545 2645 2777 2716 spiritus
2799 2650 2901 2707 est,
2922 2645 3000 2697 sic
3025 2644 3281 2709 viviﬁcat,
3304 2650 3369 2697 ut
3384 2644 3546 2714 spiri-

1944 2735 2057 2787 tale
2084 2751 2285 2805 corpus
2307 2735 2528 2799 efﬁciat,
2548 2734 2848 2787 absumens
2869 2750 3093 2786 omnem
3105 2734 3540 2804 corruptionem,

1941 2824 2155 2877 nullam
2195 2829 2451 2876 metuens
2491 2823 2941 2894 separationem;
2983 2823 3217 2893 proinde
3250 2822 3538 2893 sequitur:

1941 2912 2045 2965 Sed
2066 2928 2176 2965 non
2194 2915 2358 2980 prius
2389 2913 2532 2980 quod
2569 2914 2822 2979 spiritale
2849 2917 2942 2975 est,
2983 2913 3073 2964 sed
3102 2913 3245 2979 quod
3274 2914 3539 2974 animale,

1936 3006 2119 3069 postea
2156 3003 2426 3069 spiritale.
2466 3002 2691 3054 Primus
2736 3001 2893 3053 homo
2937 3001 2999 3052 dc
3051 3006 3217 3063 terra,
3269 3005 3539 3064 terrenus,

265 3095 331 3142 est
353 3095 397 3142 et
426 3067 700 3158 spiritale,
734 3093 876 3143 sicut
906 3095 955 3143 et
973 3067 1241 3158 scriptum
1270 3096 1345 3143 est
1377 3110 1392 3144 :
1428 3067 1620 3144 Factus
1650 3096 1725 3144 est
1741 3093 1862 3159 pri-
1882 3067 2210 3143 Csccundus
2222 3070 2843 3147 homodcctrlowwlestis
2864 3107 2874 3141 :
2893 3092 3076 3157 qualis
3104 3093 3374 3153 terrenus,
3411 3090 3544 3141 tales

268 3194 376 3231 mus
398 3180 577 3233 Adam
610 3182 675 3232 in
700 3182 957 3232 animam
988 3183 1270 3243 viventem,
1306 3187 1372 3233 ut
1399 3178 1458 3232 in
1497 3180 1745 3233 animam
1786 3181 1862 3232 vi-

264 3283 395 3330 vam,
418 3268 634 3321 recoles
666 3272 836 3331 certe,
889 3268 1363 3338 quemadmodum
1415 3268 1688 3339 scriptum
1717 3274 1802 3321 est
1841 3287 1854 3322 :

264 3354 656 3425 Etinsu/‘ﬂarit
692 3357 832 3409 Deus
882 3359 943 3410 in
981 3358 1175 3423 faciem
1226 3359 1343 3425 ejus
1383 3360 1582 3426 ﬂatum
1615 3360 1755 3423 vita,
1810 3362 1859 3410 et

259 3446 424 3510 factus
453 3450 532 3497 est
544 3446 711 3497 homo
730 3447 789 3497 in
802 3447 1059 3497 animam
1083 3448 1349 3498 virentem
1370 3446 1520 3512 (Gen.
1539 3449 1617 3514 ιι.)
1636 3446 1858 3500 Dictum

264 3540 337 3585 est
360 3540 551 3587 autem
583 3534 658 3587 de
681 3532 1021 3587 animalibus
1059 3552 1069 3585 :
1104 3536 1373 3599 Producat
1416 3540 1565 3587 terra
1604 3538 1859 3589 animam

262 3626 427 3675 riram
452 3624 612 3681 (Gen.
648 3622 1065 3691 1.)Intelligitur
1085 3639 1217 3692 ergo
1246 3639 1447 3693 corpus
1472 3622 1714 3677 animale
1751 3624 1859 3677 dici

263 3710 431 3763 simile
458 3710 689 3765 cmteris
728 3709 1086 3776 animalibus,
1128 3717 1357 3782 propter
1390 3712 1588 3765 mortis
1628 3712 1861 3767 dissolu-

261 3799 456 3853 tionem
484 3806 545 3854 et
563 3800 1011 3870 corruptionem,
1031 3816 1152 3870 quae
1170 3801 1419 3870 quotidie
1442 3800 1578 3854 cibis
1591 3801 1856 3867 reﬁcitur,

263 3894 311 3941 et
328 3895 520 3958 postea
540 3896 817 3960 superata
838 3888 1143 3942 animantis
1176 3906 1445 3959 compago
1480 3889 1803 3944 dissolvitur
1843 3909 1855 3944 :

261 3976 497 4046 spiritale
528 3983 731 4031 autem
762 3994 963 4047 corpus
976 3978 1121 4047 quod
1138 3979 1257 4047 jam
1272 3995 1398 4032 cum
1418 3978 1619 4048 spiritu
1634 3978 1862 4032 immor-

259 4066 358 4118 tale
392 4074 480 4119 est
513 4085 524 4118 :
578 4065 839 4136 quamvis
884 4066 1138 4119 nonnulli
1178 4066 1540 4130 arbitrentur,
1574 4075 1707 4120 tunc
1739 4068 1857 4120 ﬁeri

1942 3184 1991 3231 et
2021 3181 2247 3243 terreni,
2282 3184 2330 3231 et
2358 3181 2541 3246 qualis
2579 3180 2816 3241 cwlcstis,
2856 3181 2986 3231 tates
3031 3183 3077 3230 et
3112 3181 3354 3231 calcstcs.
3389 3175 3543 3230 Sicut

1935 3270 2281 3334 portavinnm
2324 3269 2555 3334 imagcm
2590 3269 2813 3329 terreni,
2848 3273 3129 3334 portemus
3160 3272 3207 3320 et
3240 3270 3541 3334 imaginem

1942 3359 2057 3424 ejus
2086 3359 2185 3424 qui
2207 3357 2270 3409 de
2300 3359 2424 3409 c0310
2454 3361 2545 3408 est.
2580 3355 2725 3418 Quid
2759 3361 2846 3409 est
2876 3356 3056 3426 qualis
3083 3361 3360 3421 terrenus,
3402 3356 3544 3409 tales

1945 3450 2002 3497 et
2028 3444 2283 3498 terreni?
2324 3445 2429 3498 nisi
2464 3445 2728 3498 mortales
2772 3461 2838 3498 ex
2869 3445 3126 3503 mortali:
3169 3450 3226 3498 et
3264 3445 3396 3515 quid
3436 3450 3539 3509 est,

1944 3534 2126 3603 qualis
2154 3534 2412 3593 ccelestis,
2437 3535 2578 3587 tales
2608 3540 2664 3587 et
2690 3535 2989 3588 ccelestes?
3038 3534 3147 3587 nisi
3196 3534 3543 3587 immortales

1942 3623 2565 3693 perimmortalitatem,
2598 3623 2733 3676 illud
2755 3641 2856 3693 per
2877 3624 3077 3687 Adam,
3115 3624 3219 3675 hoc
3258 3640 3358 3693 per
3386 3622 3545 3676 Chri-

1943 3717 2113 3764 stum.
2151 3712 2424 3765 Dominus
2468 3718 2657 3765 autem
2709 3712 2779 3764 ad
2816 3712 2917 3765 hoc
2946 3717 3203 3764 terrenus
3234 3712 3408 3765 factus
3435 3718 3539 3778 est,

1942 3816 2069 3852 cum
2090 3806 2237 3853 esset
2260 3800 2517 3864 cmlestis,
2558 3807 2622 3853 ut
2649 3816 2743 3853 eos
2771 3801 2866 3870 qui
2895 3800 3105 3853 terreni
3149 3804 3311 3852 erant
3335 3800 3543 3852 faceret

1942 3889 2212 3953 cmlestes,
2240 3888 2345 3940 hoc
2373 3896 2476 3954 est,
2510 3888 2635 3941 ideo
2668 3906 2733 3941 ex
2755 3888 3059 3942 immortali
3091 3888 3344 3941 mortalis
3364 3887 3541 3941 factus

1944 3983 2046 4043 est,
2079 3977 2416 4031 assumendo
2446 3977 2589 4031 servi
2620 3977 2878 4041 formam,
2904 3993 3014 4030 non
3030 3976 3255 4031 Domini
3273 3976 3541 4030 mutando

1944 4072 2223 4129 naturam,
2247 4073 2311 4119 ut
2341 4083 2435 4119 eos
2463 4067 2557 4137 qui
2590 4067 2854 4119 mortales
2882 4074 3061 4125 erant,
3094 4066 3299 4120 faceret
3318 4066 3542 4119 immor-

257 4171 441 4226 corpus
476 4155 763 4225 spiritale,
784 4170 927 4207 ‘cum
953 4155 1074 4223 jam
1107 4160 1163 4207 et
1189 4155 1373 4225 ipsum
1388 4162 1859 4226 corpusmutatur
1941 4156 2080 4207 tales
2113 4155 2485 4225 impertienda
2510 4156 2847 4209 dominicam
2870 4156 3132 4225 gratiam,
3155 4174 3266 4209 non
3283 4155 3541 4209 servilem

258 4241 306 4295 in
333 4244 627 4313 spiritum,
662 4249 719 4296 et
741 4242 889 4313 quod
904 4243 1070 4296 homo
1094 4249 1215 4296 erat
1235 4260 1299 4296 ex
1321 4260 1550 4313 corpore
1574 4251 1628 4296 et
1655 4244 1857 4313 spiritu
1940 4243 2211 4313 injuriam
2243 4244 2553 4298 retinendo.
2588 4247 2771 4311 Igitur
2798 4249 2939 4299 sicut
2966 4248 3314 4314 portarimus
3346 4248 3542 4311 imagi-

257 4336 550 4403 utrumque
584 4348 654 4385 ac
673 4337 856 4385 totum
880 4331 1102 4401 spiritui
1134 4332 1260 4395 erit,
1296 4332 1455 4401 quasi
1485 4332 1688 4385 dixerit
1714 4334 1920 4403 Apo-h
1943 4349 2065 4385 nem
2098 4336 2253 4387 illius
2287 4337 2515 4397 terreni,
2534 4339 2812 4401 portemus
2829 4340 2875 4386 et
2896 4337 3196 4401 imaginem
3221 4335 3388 4401 hujus
3401 4336 3544 4386 cccle-

255 4421 435 4483 stolus,
462 4421 790 4475 seminatur
820 4436 1021 4490 corpus
1051 4426 1244 4489 surget
1272 4420 1522 4490 spiritus.
1544 4421 1694 4474 Dixit
1711 4423 1857 4491 Apo—
1878 4420 2035 4474 “stis
2066 4422 2318 4490 (Ambr.).
2354 4422 2617 4475 Peccator
2647 4422 2953 4489 imaginem
2976 4422 3107 4475 Adae
3125 4426 3331 4491 portat,
3355 4422 3543 4490 justus

253 4509 435 4573 stolus,
469 4510 797 4563 seminatur
819 4525 1019 4579 corpus
1037 4509 1299 4563 animale.
1322 4515 1513 4578 surget
1533 4526 1733 4579 corpus
1749 4510 1859 4580 spi-
1940 4526 2068 4562 vero
2091 4510 2395 4579 imaginem
2425 4510 2653 4564 Cnristi.
2692 4511 2835 4578 Ergo
2859 4509 3001 4562 sicut
3030 4508 3375 4579 portavimus
3398 4515 3544 4561 vete-

255 4598 419 4652 ritale.
455 4599 712 4652 Proinde
736 4598 882 4651 sicut
911 4598 1155 4651 animale
1185 4614 1387 4668 corpus
1408 4614 1517 4651 non
1550 4598 1852 4663 estanima,
1939 4616 2059 4651 rem
2091 4599 2377 4652 hominem
2408 4605 2538 4652 ante
2580 4598 2942 4668 baptismum,
2976 4597 3056 4651 ita
3082 4604 3139 4650 et
3174 4603 3301 4667 post
3329 4596 3577 4668 baptis-'

254 4688 335 4740 sed
372 4705 585 4760 corpus
621 4706 632 4739 :
668 4687 750 4740 ita
784 4692 841 4740 et
870 4686 1120 4757 spiritale
1162 4703 1382 4757 corpus,
1439 4703 1550 4740 non
1593 4687 1855 4758 spiritum

252 4775 509 4831 debemus
532 4781 760 4846 putare,
785 4776 881 4829 sed
903 4792 1121 4846 corpus.
1145 4775 1281 4839 Quis
1306 4792 1473 4846 porro
1499 4776 1705 4830 audeat
1742 4777 1857 4847 opi-

250 4865 361 4917 nari
389 4866 475 4918 vel
513 4865 731 4918 Christi
763 4880 962 4934 corpus
1011 4881 1122 4917 non
1165 4864 1417 4934 spiritale
1459 4865 1851 4929 resurrexisse,

256 4953 327 5005 vel
364 4955 410 5007 si
448 4953 718 5025 spiritale
764 4952 1087 5017 resurrexit,
1122 4969 1234 5006 non
1264 4954 1385 5023 jam
1427 4969 1627 5023 corpus
1661 4953 1851 5019 fuisse,

255 5041 336 5094 sed
364 5043 663 5113 Spiritum,
699 5058 828 5095 cum
851 5042 971 5111 jam
1002 5042 1325 5111 opinionem
1354 5042 1754 5112 discipulorum
1773 5059 1855 5094 re-

254 5128 425 5184 fellat?
464 5129 574 5184 ubi
626 5146 755 5183 eum
787 5130 1040 5183 videntes
1079 5130 1467 5183 existimarent
1494 5148 1553 5183 se
1592 5130 1853 5201 spiritum

254 5218 440 5283 videre,
479 5220 571 5272 ait
619 5236 629 5270 :
664 5220 889 5287 Palpate
917 5224 965 5271 ct
1005 5220 1175 5272 ridete
1205 5222 1339 5287 quia
1363 5222 1599 5288 spiritus
1629 5236 1853 5274 carnem

253 5314 411 5362 ctossa
430 5324 552 5362 non
571 5307 748 5371 habet,
764 5310 1002 5361 sicutmc
1031 5310 1224 5361 videtis
1254 5309 1618 5377 halicrc(Luc.
1653 5312 1804 5375 xxxv)
1834 5328 1850 5372 ;

251 5395 352 5461 jam
373 5412 513 5467 ergo
544 5395 648 5449 illa
676 5412 807 5450 caro
836 5396 1087 5467 spiritale
1117 5403 1240 5451 erat
1272 5414 1493 5468 corpus,
1526 5414 1627 5450 nec
1660 5402 1850 5450 tamen

255 5485 471 5553 spiritus
522 5490 673 5549 erat,
724 5484 824 5538 sed
861 5500 1061 5553 corpus
1100 5486 1254 5539 nulla
1289 5485 1521 5539 alterius
1570 5491 1748 5538 morte
1782 5485 1851 5538 ab

257 5574 427 5628 anima
459 5572 868 5627 resolvendum
898 5579 1064 5644 atque
1085 5574 1850 5644 separandum,sicutcorpus

1940 4704 2095 4740 mum
2118 4693 2406 4757 portemus
2440 4703 2664 4739 novum.

2008 4778 2118 4831 Hoc
2147 4782 2333 4829 autem
2367 4777 2505 4837 dico,
2539 4777 2760 4841 fratres,
2797 4777 3058 4843 quoniam
3095 4791 3222 4828 caro
3250 4781 3300 4829 et
3314 4777 3543 4843 sanguis

1938 4882 2171 4932 regnum
2204 4867 2301 4918 Dei
2330 4880 2441 4917 non
2462 4865 2830 4931 possidebunt,
2870 4880 3039 4932 nequc
3054 4867 3334 4933 corrupt-io
3356 4868 3541 4918 incor-

1940 4956 2214 5021 ruptelam
2254 4953 2563 5020 possidebit.
2610 4952 2956 5023 Frequenter
2998 4953 3275 5024 scriptura
3314 4970 3540 5007 carnem

1938 5059 2037 5111 pro
2059 5040 2319 5111 operibus
2351 5040 2605 5094 nominat
2636 5042 2838 5109 carnis,
2871 5049 2935 5097 ut
2963 5042 3038 5096 ibi
3075 5061 3085 5095 :
3134 5043 3221 5096 Vos
3252 5049 3436 5096 autem
3477 5046 3537 5095 in

1936 5147 2103 5184 carne
2154 5147 2263 5184 non
2308 5133 2450 5194 estis,
2495 5132 2585 5183 sed
2632 5134 2693 5184 in
2742 5136 2945 5199 spiritu
2989 5133 3159 5198 (llam.
3207 5134 3318 5198 vm)
3354 5131 3415 5200 [G
3452 5132 3538 5202 R.]

1934 5218 2115 5271 Aliter
2154 5236 2301 5284 caro,
2340 5219 2483 5271 sicut
2509 5224 2610 5285 est,
2646 5236 2883 5289 regnum
2922 5220 3023 5273 Dei
3068 5235 3179 5272 non
3210 5218 3536 5289 possidebit,

1936 5307 2043 5361 nisi
2084 5307 2512 5361 immortalitate
2547 5309 2765 5362 vestita.
2814 5310 2878 5362 In
2913 5323 3071 5360 sacro
3100 5308 3342 5378 eloquio,
3375 5309 3540 5363 aliter

1935 5413 2062 5449 caro
2084 5395 2289 5449 dicitur
2315 5397 2477 5465 juxta
2512 5402 2792 5461 naturam,
2828 5402 2997 5465 atque
3033 5396 3197 5450 aliter
3226 5398 3389 5467 juxta
3425 5399 3537 5451 cul-

1933 5502 2083 5555 pam,
2120 5485 2202 5537 vel
2238 5486 2672 5556 corruptionem.
2710 5486 2852 5538 Caro
2874 5485 3079 5556 quippe
3096 5486 3258 5556 juxta
3274 5492 3534 5539 naturam

1933 5574 2078 5628 sicut
2105 5574 2375 5646 scriptum
2419 5582 2521 5629 est.
2562 5576 2671 5629 Iloc
2702 5590 2853 5627 nunc
2881 5590 2937 5627 os
2966 5592 3030 5628 ea:
3069 5577 3275 5629 ossibus
3305 5577 3456 5638 meis,
3486 5579 3535 5627 et
