3974 6188
435 261 535 326 155

1025 227 1088 326 is.
1129 257 1402 324 RABANI
1440 263 1671 324 MAURI
1715 257 2051 323 ARCHIEP.
2095 261 2418 324 MOGUNT.
2461 263 2758 324 OPERUM
2795 261 2980 324 PARS
3018 259 3118 324 III.

3605 269 3708 326 156

433 410 561 453 caro
585 399 648 456 de
693 405 859 452 carne
893 413 1014 452 mea
1043 396 1192 464 (Gen.
1233 397 1312 463 η’).
1361 387 1426 448 Et
1457 411 1472 448 :
1514 379 1742 448 Verbum
1779 406 1909 448 caro
1939 388 2322 461 fa—Acatores
2349 385 2701 464 intelligendi
2729 395 2881 458 sunt,
2906 393 3003 464 qui
3030 392 3203 447 etiam
3231 391 3478 449 viventes
3497 393 3703 451 mortui

435 485 584 541 ctum
610 492 702 552 est,
721 493 772 540 et
798 485 1064 540 habitavit
1103 487 1169 538 in
1217 485 1371 538 nobis
1405 482 1562 553 (Joan
1591 487 1628 551 Ι)
1654 502 1669 545 ;
1717 499 1846 537 caro
1895 493 2024 535 vero

428 574 590 648 juxta
615 576 833 647 culpam
863 574 1006 628 sicut
1032 573 1302 644 scriptum
1322 578 1408 626 est
1439 590 1449 625 :
1477 571 1596 627 Non
1611 573 1953 641 permanebit
1965 574 2027 625 in

433 667 748 719 hominibus
786 667 906 718 istis
941 665 1172 732 spiritus
1215 677 1385 727 meus,
1429 677 1486 714 eo
1535 657 1680 730 quod
1715 667 1847 714 sunt
1899 673 2028 714 caro

434 755 582 820 (Gen.
626 757 722 821 Vi),
777 758 832 808 et
871 753 1017 806 sicut
1063 748 1363 805 Psalmista
1395 750 1475 804 ait
1509 767 1519 803 :
1569 751 1901 804 Memoratus
1929 753 2022 814 est,

429 847 562 913 quia
593 858 720 896 caro
748 847 899 904 sunt,
935 845 1168 910 spiritus
1196 839 1396 894 vadens
1420 846 1468 894 et
1501 855 1611 893 non
1625 840 1840 892 rediens
1855 835 2020 908 (Psal.

427 937 536 996 cu).
569 925 730 986 Unde
759 936 816 984 et
846 928 1134 1000 discipulis
1164 927 1372 983 PauhIS
1407 927 1628 982 dicebat
1662 946 1672 980 :
1721 923 1814 981 Vos
1840 932 2022 981 autem

427 1024 488 1074 in.
519 1037 686 1075 carne
714 1037 827 1075 non
847 1023 990 1082 estis,
1011 1021 1174 1072 sed-in
1191 1021 1415 1086 spiritu.
1439 1019 1634 1088 Neque
1651 1016 1709 1070 in
1729 1031 1896 1070 carne
1916 1032 2027 1070 non

427 1111 606 1174 erant,
633 1108 835 1180 quibus
856 1109 1134 1180 Epistolas
1155 1105 1592 1172 transmittebat,
1628 1104 1726 1159 sed
1759 1105 1894 1176 quia
1907 1121 2029 1175 pas—

425 1199 611 1252 siones
640 1198 950 1252 carnalium
977 1191 1385 1250 desideriorum
1414 1195 1684 1258 vicerant,
1713 1195 1832 1264 jam
1867 1193 2026 1246 liberi

425 1305 526 1358 per
549 1287 814 1342 virtutem
845 1287 1076 1358 spiritus
1097 1285 1154 1339 in
1184 1301 1350 1339 carne
1383 1301 1494 1338 non
1518 1289 1698 1338 erant.
1714 1279 1874 1348 Quod
1894 1299 2026 1352 ergo

426 1371 634 1430 Paulus
655 1377 940 1447 apostolus
969 1372 1106 1428 dicit
1137 1392 1148 1427 :
1177 1375 1318 1440 Quia
1341 1389 1468 1426 caro
1483 1376 1770 1441 etsanguis
1792 1386 2027 1439 regnum

425 1467 524 1520 Dei
549 1467 820 1534 possidere
861 1481 972 1518 non
1004 1469 1248 1532 possunt,
1295 1477 1522 1516 carnem
1559 1458 1678 1516 vult
1719 1457 2026 1515 secundum

426 1554 649 1625 culpam
673 1553 934 1624 intelligi,
976 1569 1089 1606 non
1128 1567 1356 1605 carnem
1395 1551 1700 1605 secundum
1741 1555 2023 1604 naturam.

425 1637 586 1698 Unde
615 1649 672 1697 et
703 1659 848 1708 mox,
877 1643 1009 1714 quia
1037 1657 1264 1695 carnem
1293 1641 1600 1694 secundum
1635 1639 1855 1710 culpam
1877 1638 2026 1692 dice-

2107 499 2230 536 esse
2269 483 2532 536 dicuntur
2577 487 2642 536 ut
2689 483 2759 536 ad
2807 496 3052 553 poenam,
3102 488 3200 536 aut
3236 483 3602 550 immortales,
3643 489 3708 539 ut

2107 572 2316 641 absque
2337 572 2527 643 aliqua
2557 571 2938 625 membrorum
2969 571 3343 626 diminutione
3371 581 3702 644 resurgant;

2107 661 2193 713 vel
2213 667 2361 714 certe
2383 659 2714 732 simpliciter
2734 677 2928 714 omnes
2949 665 3200 714 mortuos
3219 677 3532 731 resurgere,
3549 662 3703 730 dicit,

2110 755 2166 804 et
2187 750 2334 803 solos
2362 755 2584 804 sanctos
2612 765 2738 803 cum
2767 748 2874 815 his,
2899 746 2995 820 qui
3024 749 3129 803 vivi
3159 746 3296 820 justi
3340 749 3551 805 inventi
3584 749 3706 806 fue-

2108 837 2224 892 rint
2242 839 2299 892 in
2321 837 2560 908 gloriam
2591 838 2898 892 immutari.
2935 839 3114 908 (Anq)
3139 837 3204 893 In
3243 844 3450 906 atomo,
3501 839 3702 912 inquit,

2111 927 2214 980 hoc
2243 933 2345 986 est.
2380 927 2438 980 in
2463 931 2669 997 puncto
2704 927 2992 998 temporis,
3009 925 3156 998 quod
3169 926 3338 982 dividi
3362 945 3471 983 non
3483 935 3702 1000 potest;

2110 1013 2168 1068 in
2201 1016 2315 1069 ictu
2336 1016 2499 1082 oculi,
2531 1015 2637 1069 hoc
2681 1021 2784 1080 est,
2816 1017 2873 1069 in
2912 1031 3134 1070 summa
3161 1017 3478 1082 celeritate;
3525 1019 3583 1072 in
3610 1035 3707 1073 no-

2110 1105 2337 1158 vissima
2365 1105 2519 1168 tuba,
2563 1105 2666 1158 hoc
2700 1111 2802 1169 est,
2856 1105 2914 1158 in
2959 1103 3261 1160 novissimo
3319 1107 3498 1177 signo,
3557 1107 3705 1179 quod

2111 1192 2354 1259 dabitur,
2378 1197 2441 1247 ut
2468 1194 2578 1247 ista
2604 1190 3008 1264 compleantur.
3041 1193 3184 1258 Quid
3208 1195 3283 1248 sit
3301 1201 3521 1250 atomus
3544 1196 3705 1251 multi

2109 1286 2355 1336 vestrum
2387 1296 2498 1336 non
2520 1289 2730 1336 norunt
2753 1298 2763 1334 :
2797 1287 3020 1340 atomus
3033 1289 3118 1336 est
3135 1283 3258 1358 τόμι
3279 1285 3468 1348 sectio,
3481 1290 3704 1340 atomus

2110 1375 2213 1435 est,
2248 1372 2456 1438 Graece,
2491 1372 2637 1442 quod
2669 1372 2845 1425 secari
2873 1388 2984 1426 non
3016 1377 3232 1442 potest;
3263 1373 3362 1427 sed
3389 1380 3612 1428 atomus
3643 1375 3703 1428 in

2108 1476 2340 1530 corpore
2367 1461 2757 1531 corpusculum
2789 1467 2874 1542 est
2895 1457 3077 1527 breve,
3114 1459 3260 1531 quod
3269 1462 3388 1531 jam
3403 1479 3514 1516 non
3534 1461 3704 1517 habet

2108 1547 2204 1603 ubi
2224 1553 2470 1614 secetur;
2499 1553 2721 1603 atomus
2751 1549 2807 1602 in
2839 1556 3093 1620 tempore
3125 1557 3475 1605 momentum
3512 1551 3698 1618 breve,

2110 1639 2257 1709 quod
2282 1639 2402 1708 jam
2432 1655 2544 1692 non
2563 1637 2733 1692 habet
2759 1638 2854 1691 ubi
2885 1635 3184 1705 dividatur,
3201 1639 3348 1693 verbi
3360 1637 3545 1710 gratia
3559 1640 3702 1712 lapis

426 1737 532 1799 ret,
565 1731 812 1786 ostendit
839 1707 1084 1785 subdens
1119 1749 1129 1782 :
1167 1730 1346 1798 Neque
1367 1731 1648 1798 corruptio
1674 1707 2022 1796 incorrupte-
2045 1707 2092 1768 Β
2110 1707 2214 1794 est,
2227 1707 2410 1780 divide
2421 1741 2550 1780 eum
2562 1725 2620 1780 in
2633 1733 2821 1798 partes
2834 1733 2889 1780 et
2901 1733 3087 1798 partes
3112 1728 3261 1798 ipsas
3275 1707 3523 1783 dividein
3542 1707 3702 1800 lapil-

428 1825 544 1876 [ατη
567 1822 878 1890 possidebit.
914 1819 978 1875 In
1009 1820 1108 1874 illa
1151 1836 1284 1888 ergo
1324 1817 1564 1872 caelestis
1611 1817 1792 1887 Regni
1823 1817 2022 1886 gloria,
2107 1817 2210 1882 los,
2227 1816 2449 1886 lapillos
2465 1813 2714 1870 dividein
2727 1831 2907 1886 grana
2923 1804 3124 1880 arente,
3137 1817 3705 1887 granaarentedivide

425 1925 554 1964 caro
585 1907 892 1964 secundum
927 1914 1188 1963 naturam
1210 1907 1335 1973 erit,
1361 1907 1457 1962 sed
1491 1906 1799 1960 secundum
1818 1905 2028 1976 passio-
2109 1906 2166 1958 in
2180 1901 2623 1958 minutissimum
2637 1903 3172 1976 pulverem,perveni
3185 1906 3255 1960 ad
3268 1905 3514 1976 aliquam
3526 1907 3709 1960 minu-

427 1999 516 2053 nis
557 1998 837 2053 desideria
868 2015 979 2052 non
1022 1998 1148 2062 erit,
1181 1997 1314 2068 quia
1345 1995 1560 2050 devicto
1599 1995 1796 2049 mortis
1835 1995 2026 2048 aculeo
2110 1993 2270 2058 tiam,
2303 2009 2471 2064 quam
2487 1994 2607 2064 jam
2637 2009 2826 2048 secare
2856 2009 2967 2048 non
2991 1999 3168 2064 potes,
3201 1994 3306 2048 hoc
3336 2011 3468 2064 ergo
3497 1995 3555 2048 in
3589 2011 3710 2049 cor-

428 2081 487 2142 in
516 2094 727 2142 aeterna
753 2087 1169 2158 incorruptione
1192 2083 1467 2156 regnabit.
1495 2085 1554 2152 (Α
1567 2088 1680 2152 ug.)
1699 2083 1841 2138 Cum
1859 2081 2031 2154 igitur
2112 2097 2246 2154 pore
2261 2081 2547 2153 'quomodo
2580 2082 2654 2136 sit
2679 2085 2920 2136 atomus.
2955 2081 3019 2136 In
3050 2089 3303 2153 tempore
3337 2099 3482 2148 vero,
3518 2099 3712 2154 quem-

429 2177 500 2232 de
539 2177 949 2232 resurrectione
993 2175 1244 2246 corporis
1266 2174 1567 2246 Apostolus
1609 2171 1903 2244 disputans
1937 2173 2032 2226 do-
2115 2169 2417 2225 admodum
2448 2185 2629 2224 annus
2670 2166 2823 2224 verbi
2858 2171 3045 2242 gratia
3091 2177 3312 2225 secatur
3365 2171 3422 2226 in
3465 2187 3708 2236 menses,

434 2271 604 2332 ceret,
636 2271 830 2320 nostra
850 2282 1085 2337 corpora
1103 2263 1369 2320 futuraex
1384 2259 1836 2334 corruptibilibus
1855 2263 2032 2316 incor—
2114 2274 2336 2314 menses
2356 2259 2683 2314 dividuntur
2715 2261 2772 2314 in
2795 2257 2934 2326 dies,
2967 2260 3087 2314 dies
3119 2261 3300 2315 adhuc
3343 2261 3401 2314 in
3429 2261 3597 2314 horas
3630 2259 3715 2314 di-

435 2353 742 2427 ruptibilia,
764 2350 1693 2426 etexcontemptibilibusgloriosa,
1713 2369 1778 2405 ex
1792 2349 2032 2405 infirmis
2061 2339 2070 2344 ’
2113 2349 2226 2402 vidi
2257 2355 2509 2420 possunt,
2543 2350 2694 2404 horae
2728 2349 2912 2404 adhuc
2959 2344 3016 2402 in
3063 2355 3253 2420 partes
3299 2356 3712 2405 momentorum

434 2445 620 2509 fortia,
645 2461 712 2498 ex
747 2443 1084 2498 animalibus
1111 2442 1406 2514 spiritalia,
1441 2443 1545 2495 hoc
1581 2447 1665 2496 est
1693 2457 1757 2494 ex
1787 2439 2034 2494 mortali-
2116 2437 2388 2509 quasdam
2409 2437 2793 2508 productiores
2828 2437 3138 2492 admittunt
3163 2437 3480 2502 divisiones,
3513 2453 3717 2510 usque-

435 2533 540 2588 bus
570 2533 930 2598 immortalia,
969 2531 1222 2602 subjecit,
1257 2538 1425 2602 atque
1438 2531 1518 2584 ait
1543 2549 1553 2582 :
1576 2532 1684 2585 Hoc
1697 2534 1880 2583 autem
1894 2531 2031 2595 dico,
2119 2541 2229 2596 quo
2256 2523 2446 2580 venias
2474 2527 2544 2580 ad
2573 2532 2797 2580 tantum
2818 2531 3088 2596 punctum
3118 2527 3407 2598 temporis,
3439 2534 3496 2580 et
3521 2541 3720 2598 quam-

431 2623 656 2689 fratrcs,
689 2623 823 2690 quia
855 2638 982 2674 caro
1029 2626 1079 2674 et
1107 2623 1337 2688 sanguis
1381 2635 1614 2687 regnum
1651 2620 1744 2672 Dei
1766 2619 2036 2686 possidere
2119 2615 2248 2669 dam
2281 2615 2552 2669 momenti
2582 2615 2812 2682 stillam,
2847 2623 2912 2669 ut
2950 2615 3180 2686 produci
3211 2632 3322 2670 non
3349 2615 3554 2688 'possit,
3587 2631 3718 2670 cum

433 2726 546 2764 non
571 2713 801 2779 possunt
819 2729 832 2770 :
866 2714 923 2763 et
943 2727 1014 2763 ne
1031 2709 1330 2780 quisquam
1343 2713 1571 2780 putaret
1583 2707 1886 2762 secundum
1912 2706 2036 2760 sub-

438 2799 707 2853 stantiam
749 2795 934 2852 carnis
980 2798 1086 2851 hoc
1129 2795 1460 2868 Apostolum
1494 2795 1776 2862 deﬁnisse,
1815 2793 2036 2865 aperuit

441 2883 576 2959 quid
604 2885 833 2952 diceret,
857 2885 1270 2956 subjungendo,
1289 2901 1458 2954 neque
1481 2887 1762 2953 corruptio
1782 2887 2037 2938 incorru-

431 2979 677 3047 ptionem.
704 2976 1022 3044 possidebit;
1053 2981 1328 3046 tanquam
1353 2973 1581 3039 diceret,
1597 2973 1744 3044 quod
1759 2971 2035 3039 dixi,'caro

2117 2703 2260 2757 nihil
2295 2703 2502 2758 habeat
2537 2705 2804 2769 medium,
2846 2703 2950 2758 iste
2982 2711 3066 2758 est
3096 2709 3318 2759 atomus
3354 2705 3412 2759 ir.
3439 2713 3716 2776 tempore.

2119 2794 2260 2847 Cum
2309 2791 2539 2846 dixisset
2575 2793 2635 2846 in
2682 2799 2888 2860 atomo,
2929 2791 3184 2864 subjecit,
3221 2801 3494 2865 quantum
3530 2799 3722 2868 potest

2117 2879 2239 2936 ﬁeri
2270 2878 2504 2936 actionis
2521 2889 2578 2936 et
2595 2889 2780 2936 motus
2795 2880 2852 2936 in
2864 2883 2972 2936 isto
2985 2887 3172 2936 atomo
3183 2882 3454 2954 temporis
3471 2901 3481 2936 :
3502 2879 3566 2938 In
3578 2883 3716 2950 ictu,

2118 2970 2319 3041 inquit,
2352 2971 2516 3037 oculi,
2541 2973 2782 3041 quantus
2803 2977 2889 3024 est
2907 2971 3052 3024 ictus
3069 2971 3232 3035 oculi,
3257 2985 3368 3025 non
3399 2986 3507 3043 quo
3529 2973 3723 3043 palpe-

439 3023 672 3047 [πη-’ν’-
704 3023 1018 3044 ι-’ννηηνννι
1059 3023 1328 3046 -’“·-Ἰ“-“---
1357 3023 1494 3027 --ν--
1513 3023 1581 3039 -νν
1603 3023 1744 3044 1"'"
1765 3023 1891 3039 ή-ν--τ
1913 3023 1988 3026 --ήί
2009 3023 2029 3026 -
2119 3023 2319 3041 νίηνιέίίνι
2365 3023 2374 3024 ί
2397 3023 2436 3024 η
2505 3023 2516 3037 π
2556 3023 2613 3041 ιη
2814 3023 2822 3024 η
2877 3023 2950 3024 νη
3081 3023 3090 3024 ί
3113 3023 3232 3035 “mw
3258 3023 3368 3025 νην
3408 3023 3498 3043 ἰ’-⁷
3530 3023 3546 3042 ι
3572 3023 3651 3043 η-ιν
3674 3023 3688 3026 ν

439 3071 497 3119 et
523 3063 753 3135 sanguis
780 3075 1018 3134 regnum
1047 3061 1148 3118 Dei
1176 3080 1286 3117 non
1319 3061 1700 3134 possidebunt,
1731 3061 1856 3116 ideo
1901 3061 2032 3127 dixi,
2059 3023 2102 3086 Ο
2119 3058 2270 3112 biam
2285 3063 2571 3112 moventes
2589 3057 2902 3114 claudimus
2918 3059 3162 3125 oculum,
3181 3061 3266 3112 vel
3287 3060 3590 3131 aperimus,
3617 3059 3718 3114 sed

434 3154 568 3226 quia
599 3153 884 3225 corruptio
905 3152 1382 3223 incorruptionem
1419 3167 1532 3205 non
1563 3147 1886 3221 possidebit.
1920 3151 2037 3204 Hoc
2118 3148 2290 3202 ictum
2311 3143 2447 3202 dicit
2460 3148 2976 3202 oculiemissionem
2990 3147 3278 3203 radiorum
3304 3150 3374 3203 ad
3397 3147 3609 3219 aliquid
3637 3147 3720 3203 vi-

433 3258 567 3312 ergo
595 3234 715 3296 loco
746 3242 974 3296 nomine
1003 3241 1187 3295 carnis
1203 3246 1260 3294 et
1287 3240 1596 3310 sanguinis,
1620 3237 2034 3310 corruptionem
2117 3237 2390 3304 dcudum;
2409 3253 2537 3291 mox
2553 3243 2617 3292 ut
2632 3233 2784 3290 enim
2799 3239 3086 3307 aperueris
3102 3238 3325 3292 oculum
3337 3237 3616 3292 emittitur
3632 3255 3724 3292 ra-

435 3330 794 3386 mortalitatis
835 3329 1076 3400 intelligi
1115 3325 1308 3384 voluit.
1349 3329 1622 3399 Denique,
1670 3335 1940 3399 tanquam
1983 3324 2034 3382 ei
2116 3325 2242 3380 dius
2260 3332 2412 3392 tuus,
2445 3343 2557 3380 non
2595 3323 2718 3380 dico
2751 3327 2821 3380 ad
2855 3327 3128 3397 parietem
3153 3328 3488 3397 proximum,
3521 3328 3618 3382 sed
3645 3329 3721 3382 ad

435 3416 736 3485 diceretur,
789 3419 1068 3490 quomodo
1109 3435 1238 3473 caro
1278 3417 1404 3484 erit,
1449 3423 1506 3472 et
1546 3430 1674 3471 caro
1717 3430 1830 3471 non
1874 3417 2035 3471 erit?
2117 3419 2367 3469 montem
2385 3416 2549 3485 longe
2569 3409 2900 3482 distantem;
2923 3431 3027 3470 nec
3041 3416 3165 3470 dico
3181 3417 3251 3470 ad
3274 3422 3522 3470 montem
3541 3415 3720 3488 quiin

433 3505 750 3580 respondet,
773 3524 902 3562 caro
934 3507 1139 3578 quippe
1162 3507 1289 3573 erit,
1324 3505 1591 3578 quoniam
1614 3507 1886 3564 Dominus
1910 3509 2038 3576 post
2115 3509 2269 3557 terra
2289 3501 2414 3558 ideo
2439 3503 2659 3558 videtur
2687 3505 2822 3574 quia
2849 3505 3137 3575 proximus
3163 3511 3266 3570 est,
3315 3503 3372 3558 in
3415 3505 3621 3572 sidera,
3655 3505 3716 3560 in

440 3597 909 3652 resurrectionem
939 3595 1020 3650 ait
1053 3614 1064 3648 :
1101 3599 1324 3664 Palpate
1351 3601 1400 3648 et
1431 3597 1616 3659 ridete,
1645 3596 1778 3664 quia
1805 3597 2037 3662 spiritus
2119 3593 2312 3658 solem,
2337 3593 2394 3645 in
2425 3593 2635 3658 lunam,
2662 3609 2782 3663 qum
2797 3599 2917 3646 tam
2949 3609 3154 3664 magno
3182 3593 3474 3648 intervallo
3498 3594 3718 3648 distant

437 3701 665 3740 carnem
704 3691 752 3739 et
787 3701 906 3738 ossa
940 3701 1053 3738 non
1099 3685 1270 3748 habet,
1319 3687 1462 3738 sicut
1490 3701 1574 3738 me
1610 3684 1803 3738 videtis
1845 3685 2038 3737 habere
2119 3683 2340 3747 aterra,
2373 3693 2501 3734 mox
2531 3686 2594 3735 ut
2622 3680 2842 3736 radium
2875 3679 3148 3748 emiseris,
3165 3679 3242 3735 ibi
3255 3689 3358 3749 est,
3383 3683 3515 3754 quia
3529 3681 3718 3754 spatia

441 3773 589 3842 (Luc.
625 3777 766 3843 xxiv)
781 3793 798 3838 ;
829 3789 958 3828 caro
991 3778 1180 3828 autem
1203 3789 1316 3828 non
1345 3773 1471 3839 erit,
1503 3773 1767 3842 quoniam
1807 3787 1934 3826 caro
1988 3777 2038 3826 et
2120 3785 2289 3840 quam
2315 3770 2425 3824 cito
2439 3769 2752 3824 transvolat
2775 3770 2834 3824 in
2858 3776 3068 3836 atomo,
3098 3771 3156 3824 in
3189 3769 3304 3826 ictu
3331 3769 3495 3835 oculi,
3530 3772 3588 3825 in
3617 3787 3718 3826 no-

435 3865 664 3932 sa'nguis
695 3876 932 3931 regnum
953 3863 1052 3916 Dei
1080 3877 1193 3916 non
1219 3860 1587 3930 possidebunt,
1620 3859 1848 3932 exponit
1885 3856 2036 3932 quod
2117 3859 2348 3912 vissima
2365 3855 2528 3921 tuba;
2569 3857 2728 3929 signo
2751 3855 2846 3912 illo
2874 3859 3004 3913 dato
3036 3860 3105 3912 de
3126 3859 3262 3914 coelo
3292 3859 3349 3914 in
3379 3859 3470 3915 die
3489 3856 3712 3931 judicii.

437 3951 641 4006 dixerit
669 3947 938 4020 adjiciens
973 3969 982 4002 :
1010 3951 1138 4004 Ecce
1169 3953 1497 4016 mysterium
1524 3951 1643 4003 dico
1666 3949 1833 4014 nobis,
1853 3965 2037 4003 omnes
2121 3947 2286 4002 Canet
2315 3947 2464 4002 enim
2489 3949 2617 4001 tuba
2633 3951 2902 4002 etmortui
2913 3949 3539 4017 resurgentincorrupti,
3555 3955 3604 4002 et
3618 3965 3717 4003 nos

437 4039 658 4108 quidem
675 4053 950 4105 resurgem
962 4055 1042 4102 us,
1057 4040 1147 4091 sed
1163 4053 1271 4090 non
1285 4036 2036 4094 omnesimmutabim.ur.Vel
2120 4038 2605 4090 commutabimur.
2639 4036 2962 4105 Ergoistam
2977 4037 3474 4091 commutationem
3505 4035 3562 4090 in
3599 4051 3719 4092 me-

439 4127 584 4182 sicut
608 4126 786 4180 Graeci
815 4125 1030 4180 codices
1049 4123 1258 4178 habent
1287 4143 1298 4177 :
1328 4127 1522 4180 Omnes
1553 4128 1773 4194 quidem
1803 4127 2036 4179 dormie-
2065 4153 2077 4166 ι
2117 4123 2226 4177 lius
2251 4116 2372 4177 sine
2392 4121 2740 4178 dubitatione
2753 4131 2973 4196 oportet
2987 4123 3244 4195 intelligi,
3279 4126 3411 4196 quia
3426 4141 3643 4192 omnes,
3659 4131 3722 4182 et

440 4231 583 4281 mus,
617 4231 728 4268 non
759 4220 940 4268 tamen
962 4227 1146 4267 omnes
1177 4215 1628 4267 immutabimur.
1665 4216 1848 4282 (Aug.)
1880 4211 2038 4268 Hanc
2113 4212 2252 4282 justi
2281 4218 2338 4266 et
2358 4211 2570 4282 injusti,
2607 4213 2974 4267 resurrecturi
2994 4218 3143 4280 sunt,
3176 4215 3320 4268 sicut
3355 4210 3628 4268 Dominus
3657 4211 3719 4268 in

436 4301 888 4358 immutationem
908 4307 1100 4356 utrum
1121 4301 1387 4367 deterius,
1414 4319 1485 4356 an
1498 4301 1559 4356 in
1579 4301 1782 4356 melius
1799 4303 2035 4373 intelligi
2053 4343 2102 4402 D
2122 4301 2420 4371 Evangelio
2449 4299 2700 4372 loquitur
2729 4319 2738 4354 :
2776 4303 2882 4368 Qui
2911 4303 3036 4356 bene
3073 4305 3338 4369 fecerunt,
3369 4307 3431 4358 in
3471 4315 3723 4357 resurre-

436 4393 694 4459 voluerit,
728 4389 997 4446 inferiora
1048 4391 1456 4444 demonstrant.
1509 4391 1644 4445 Ecce
1707 4392 2036 4462 mysterium

439 4483 579 4548 dico,
600 4481 996 4536 obscuritatem
1015 4479 1295 4550 significat
1313 4479 1654 4534 nominando
1682 4479 2034 4552 mysterium.

443 4569 865 4640 0mnes,inquit,
885 4581 1160 4636 resurgem
1168 4584 1249 4632 us,
1260 4583 1368 4622 non
1383 4583 1566 4622 omnes
1583 4569 1883 4623 immutabi
1886 4585 1978 4623 mu
1987 4582 2036 4622 r.

442 4659 678 4726 (Ambr.)
713 4658 922 4712 Omnes
947 4663 1138 4710 autem
1166 4657 1424 4712 homines
1463 4661 1775 4727 resurgent,
1809 4658 1906 4711 sed
1934 4657 2038 4712 soli

442 4743 536 4817 qui
569 4744 857 4815 regnaturi
889 4751 1021 4798 sunt
1049 4745 1109 4798 in
1129 4746 1366 4815 gloriam
1387 4744 1772 4800 mutabuntur.
1798 4745 2034 4812 Siveita,

441 4849 636 4888 omnes
685 4831 1049 4901 resurgimus,
1081 4831 1176 4902 qui
1206 4834 1261 4888 in
1291 4833 1532 4888 adventu
1577 4834 1787 4889 Christi
1827 4835 2035 4888 mortui

440 4921 776 4980 invenimur.
792 4934 904 4974 non
917 4935 1112 4974 omnes
1129 4920 1205 4974 im
1213 4922 1596 4989 mutabuntur,
1621 4923 1718 4993 qui
1733 4923 1790 4976 in
1805 4939 2034 4994 corpore

437 5017 568 5066 sunt
613 5009 841 5081 reperti,
875 5007 1008 5080 quia
1043 5007 1220 5062 sancti
1257 5007 1361 5064 soli
1387 5009 1751 5066 beatitudinis
1795 5009 2033 5081 gloriam

437 5105 874 5171 consequentur.
905 5098 966 5150 In
998 5103 1286 5165 momento,
1319 5101 1382 5153 in
1410 5103 1519 5153 ictu
1545 5103 1707 5154 oculi.
1734 5100 1842 5154 Per
1859 5100 2033 5154 ictum

436 5190 601 5256 oculi,
623 5187 859 5242 nimiam
887 5183 1219 5240 brevitatem
1247 5187 1368 5240 vult
1387 5184 1702 5258 signiﬁcare
1737 5189 2027 5255 momenti,

436 5280 500 5334 ut
526 5283 738 5348 quanta
763 5276 838 5332 sit
861 5269 961 5328 Dei
997 5275 1251 5344 potentia
1279 5292 1346 5329 ex
1377 5275 1800 5332 resurrectionis
1832 5279 2029 5331 celeri-

437 5369 552 5422 tate
577 5379 896 5436 cognoscas.
929 5365 996 5416 In
1019 5367 1316 5417 novissima
1348 5367 1496 5432 tuba,
1531 5372 1582 5419 et
1612 5367 1822 5420 mortui
1848 5381 2032 5420 resur-

435 5461 561 5526 gent
605 5451 936 5519 incorrupti,
975 5457 1024 5504 et
1058 5463 1154 5506 nos
1187 5455 1641 5508 immutabimur.
1681 5453 2029 5509 Novissimus

434 5545 706 5600 adventus
735 5535 1069 5609 intelligitur
1097 5537 1326 5610 Christi,
1357 5543 1566 5598 mortui
1594 5547 1786 5599 autem
1801 5545 1886 5597 vel
1903 5559 2028 5615 pec-

2120 4393 2352 4444 ctionem
2365 4393 2514 4456 vita;
2539 4394 2637 4460 qui
2648 4395 2788 4444 male
2808 4396 3054 4458 egerunt,
3079 4395 3142 4445 in
3161 4391 3723 4462 resurrectionemju-

2120 4481 2256 4534 dicii
2285 4479 2464 4543 (Joan.
2487 4480 2560 4544 vi,
2587 4477 2864 4548 judicium
2885 4481 3172 4550 appellans
3186 4497 3408 4552 pcenam
3423 4478 3724 4552 sempiter-

2121 4581 2272 4634 nam,
2307 4565 2452 4620 sicut
2481 4567 2590 4620 aiio
2610 4563 2766 4621 loco:
2802 4569 2908 4634 Qui
2933 4583 3044 4622 non
3061 4567 3468 4640 credit,inquit,
3473 4573 3598 4638 jam.
3619 4573 3725 4640 ju-

2119 4658 2334 4710 dicatus
2361 4659 2436 4708 est
2469 4655 2643 4723 (Joan.
2676 4660 2774 4724 III).
2805 4653 3046 4712 Proinde
3074 4655 3176 4724 illi,
3210 4658 3304 4729 qui
3334 4656 3404 4711 ad
3437 4655 3720 4728 judicium

2119 4744 2487 4798 resurrecturi
2497 4751 2646 4809 sunt,
2666 4759 2778 4798 non
2793 4746 3150 4800 commutabu
3157 4753 3290 4801 ntur
3299 4745 3356 4800 in
3372 4745 3524 4801 illam
3538 4745 3725 4802 incor-

2119 4829 2401 4904 ruptelam
2428 4845 2550 4904 quae
2571 4849 2673 4888 nec
2699 4833 2907 4888 doloris
2925 4835 3340 4906 corruptionem
3371 4838 3487 4908 pati
3509 4843 3722 4908 potest,

2118 4921 2216 4975 illa
2243 4936 2485 4992 namque
2516 4919 2765 4977 ﬁdelium
2781 4928 2868 4976 est
2881 4929 3050 4994 atque
3065 4930 3386 4979 sanctorum
3419 4943 3431 4978 :
3461 4923 3553 4980 isti
3582 4943 3726 4984 vero

2116 5015 2386 5083 perpetua
2405 5007 2760 5082 corruptione
2772 5011 3188 5078 cruciabuntur,
3203 5017 3338 5081 quia
3349 5015 3403 5082 ig
3411 5018 3498 5069 nis
3517 5028 3718 5070 eoruin

2117 5113 2230 5153 non
2264 5103 2661 5168 erstinguetur,
2709 5105 2756 5153 et
2795 5103 2996 5154 vermis
3041 5115 3232 5155 eorum
3277 5117 3390 5155 non
3443 5106 3724 5158 morietur

2117 5189 2308 5255 (Marc.
2323 5190 2419 5256 ix).
2435 5187 2581 5252 Quid
2601 5187 2706 5242 sibi
2719 5205 2850 5259 ergo
2866 5189 2986 5243 vult
2999 5190 3108 5244 ista
3123 5189 3425 5257 distinctio,
3441 5197 3490 5246 et
3501 5195 3726 5248 mortui

2114 5281 2400 5344 resurgent
2428 5281 2760 5346 incorrupti,
2776 5283 2822 5332 et
2855 5294 2949 5332 nos
2971 5281 3421 5346 immutabimur,
3448 5279 3555 5335 nisi
3577 5283 3722 5351 quia

2113 5381 2311 5420 omnes
2339 5360 2648 5437 incorrupti
2677 5371 2990 5438 resurgent,
3025 5367 3123 5422 sed
3153 5384 3218 5422 ex
3243 5367 3331 5422 his
3358 5367 3498 5440 justi
3533 5369 3718 5426 etiam

2111 5451 2565 5510 immutabuntur
2588 5455 2647 5508 in
2673 5453 2828 5508 illam
2863 5456 3319 5527 incorruptelam,
3351 5457 3441 5512 cui
3472 5457 3714 5514 omnino

2108 5539 2262 5598 nulla
2283 5543 2460 5614 possit
2477 5556 2676 5597 nocere
2701 5545 3004 5615 corruptio,
3035 5561 3099 5600 ac
3127 5561 3228 5616 per
3245 5547 3350 5600 hoc
3379 5549 3474 5618 qui
3501 5549 3558 5602 in
3575 5564 3713 5604 eam
