3974 6188
285 351 357 414 157

676 346 1252 410 ENARRATIONUM
1290 350 1368 411 IN
1405 355 1560 412 EPP.
1602 353 1817 411 PAULI
1862 348 2000 411 LIB.
2042 347 2138 411 XI.
2183 388 2247 398 -—
2289 348 2368 435 IN
2406 350 2625 411 EPIST.
2670 357 2694 413 Ι
2732 356 2828 413 ΑΙ)
2867 356 3029 415 COR.

3394 361 3495 417 158

283 478 1171 551 noncommutabunturincorrupti
1184 480 1411 552 quidem
1426 480 1987 553 resurgentin-Aset
2021 483 2283 537 resistere
2318 482 2610 551 voluntati,
2660 489 2718 539 et
2772 501 2900 539 cum
2956 485 3147 540 dolore
3201 485 3478 554 cohibere,

282 572 480 641 tegntatc
497 568 1002 633 membrorum,sed
1016 575 1205 623 tamen
1217 570 1610 643 corrumpendi
1621 571 1812 626 dolore

284 676 670 734 panarum,cum
693 658 978 712 audierint
1000 676 1011 709 :
1040 660 1116 711 [te
1137 662 1197 713 in
1224 661 1405 728 ignem
1424 667 1691 715 mternum
1715 663 1814 730 qui

276 756 455 820 paratus
489 754 558 801 est
607 748 824 801 diabolo
854 752 901 800 et
938 751 1147 815 angelis
1185 751 1301 817 ejus
1340 750 1555 815 (Matth.
1590 752 1744 815 xxv},
1777 767 1811 803 a

280 855 359 908 quo
385 837 556 891 auditu
587 837 738 890 malo
776 837 965 907 justus
1005 853 1115 889 non
1153 836 1392 891 timebit.
1432 832 1514 893 De
1556 838 1653 893 illa
1680 855 1809 893 vero

276 924 652 980 commutatione
667 926 954 995 justorum
982 942 1106 978 cum
1138 924 1369 980 dixisset
1385 943 1479 981 nos
1513 932 1813 981 commula-

276 1016 435 1079 bimur,
452 1020 717 1084 tanquam
731 1030 1108 1084 quaereremus
1124 1015 1404 1084 quomodo
1419 1015 1569 1069 istud
1585 1017 1702 1081 ﬁat,
1729 1017 1809 1069 vel

275 1103 411 1174 qualis
428 1102 511 1156 illa
535 1103 903 1157 commutatio
926 1102 1113 1156 futura
1142 1103 1233 1169 sit,
1274 1104 1532 1174 adjungit
1554 1112 1607 1159 et
1637 1105 1805 1159 dicit:

275 1192 439 1260 Oportet
450 1195 589 1244 enim
612 1193 972 1260 corruptibile
989 1192 1084 1244 hoc
1108 1192 1335 1245 induere
1354 1197 1805 1262 incorruptelam,

271 1285 307 1335 τι
331 1284 525 1333 mortale
554 1280 653 1334 hoc
684 1281 914 1333 induere
935 1281 1595 1345 inmortalitatem.Non,
1616 1289 1681 1336 ut
1695 1283 1810 1354 opi-

272 1368 721 1430 nor,dubitandum
751 1373 836 1422 est
864 1370 1172 1423 secundum
1198 1370 1302 1423 hoc
1331 1366 1541 1424 dictum
1567 1373 1742 1436 :,Caro
1757 1377 1813 1425 et

269 1461 451 1526 sanguis
476 1474 709 1526 regnum
740 1460 838 1512 Dei
879 1475 986 1511 non
1017 1459 1387 1527 possidebunt,
1422 1460 1555 1530 quia
1592 1478 1705 1515 non
1735 1460 1811 1515 ibi

266 1547 350 1599 erit
365 1544 624 1617 corruptio
646 1550 703 1600 et
732 1546 1046 1600 mortalitas
1069 1548 1253 1601 carnis
1285 1554 1342 1601 et
1360 1550 1652 1619 sanguinis
1687 1568 1696 1602 :
1728 1568 1811 1603 se-

266 1635 459 1688 cundum
496 1635 600 1688 has
651 1635 801 1689 enim
851 1636 1151 1706 qualitates
1190 1636 1293 1690 hoc
1332 1638 1451 1691 loco
1490 1655 1716 1692 carnem
1755 1645 1811 1693 et

263 1724 538 1794 sanguinem
562 1724 928 1795 nuncupavit.
958 1724 1192 1795 (.4mbr.)
1237 1725 1333 1780 Est
1355 1728 1501 1796 quod
1530 1727 1730 1794 induit,
1755 1734 1813 1782 et

1895 589 2064 642 quam
2087 570 2539 639 delectationem,
2565 573 2698 644 quia
2732 574 2792 627 in
2812 566 3031 628 defectu
3054 580 3138 628 est
3176 575 3377 630 animae
3398 572 3491 629 de-

1892 661 2117 714 terioris
2136 662 2362 726 etlectze,
2383 663 2511 731 jure
2534 668 2776 716 mortem
2796 656 3278 718 vocamus.Virtus
3303 670 3492 719 autem

1893 750 2102 820 peccati
2122 751 2209 804 lex
2238 756 2340 815 est,
2366 750 2499 822 quia
2517 746 2694 805 multo
2730 748 3054 805 sceleratius
3080 757 3137 805 et
3164 752 3496 821 ﬂagitiosius

1897 855 2018 910 quae
2040 839 2127 893 lex
2149 834 2408 910 prohibet
2439 839 2887 905 committuntur,
2916 857 3086 910 quam
3118 840 3165 894 si
3194 841 3352 895 nulla
3372 843 3495 912 lege

1894 927 2345 998 prohiberentur.
2386 928 2541 983 Tunc
2576 928 2766 999 itaque
2807 928 3071 999 absorpta
3107 929 3216 982 erit
3245 946 3397 983 mors
3436 931 3494 985 in

1893 1016 2142 1081 victoria,
2166 1034 2291 1070 cum
2315 1034 2415 1087 per
2445 1016 2944 1071 sanctiﬁcationem
2986 1017 3045 1070 in
3068 1017 3221 1070 omni
3252 1012 3496 1072 hominis

1894 1112 2051 1175 parte
2065 1105 2309 1175 perfecta
2328 1104 2697 1159 delectatione
2716 1105 3058 1176 spiritalium
3073 1106 3367 1160 delectatio
3382 1124 3498 1161 car-

1892 1194 2035 1247 nalis
2058 1194 2343 1248 obruetur.
2366 1195 2608 1248 Aculeus
2641 1200 2831 1247 autem
2857 1193 3054 1247 mortis
3078 1201 3366 1265 peccatum
3391 1202 3494 1261 est,

1892 1284 2051 1352 cujus
2071 1284 2370 1353 punctione
2390 1284 2538 1336 facta
2561 1288 2646 1336 est
2664 1300 2842 1336 mors:
2872 1289 3161 1353 peccatum
3183 1284 3340 1354 quasi
3355 1300 3499 1337 scor-

1895 1371 2019 1442 pius
2064 1378 2168 1435 est,
2206 1372 2443 1443 pupugit
2491 1388 2591 1425 nos
2631 1378 2687 1425 et
2744 1372 2951 1425 mortui
2993 1388 3206 1425 sumus.
3235 1371 3343 1426 Sed
3367 1388 3500 1442 quo-

1895 1459 2060 1514 modo
2091 1468 2194 1526 est,
2222 1468 2285 1515 ut
2329 1462 2566 1527 dicatur,
2615 1460 2710 1513 ubi
2750 1466 2835 1513 est
2883 1476 3034 1513 mors
3074 1460 3305 1514 victoria
3348 1461 3499 1514 tua?

1895 1544 1999 1603 hoc
2029 1549 2179 1603 enim
2220 1549 2379 1603 nobis
2413 1567 2525 1603 non
2562 1550 2621 1603 in
2684 1549 2786 1603 hac
2814 1549 2947 1616 vita,
2981 1549 3076 1602 sed
3110 1548 3167 1602 in
3216 1566 3498 1604 resurrec-

1894 1638 2047 1692 tione
2086 1639 2457 1710 promittitur,
2502 1645 2637 1693 tunc
2677 1634 2904 1692 dabitur
2943 1638 3151 1692 sanctis
3184 1644 3249 1693 ut
3271 1655 3499 1709 peccare

1894 1744 1995 1781 nec
2055 1724 2227 1782 velint
2277 1728 2526 1791 omnino,
2559 1745 2660 1781 nec
2716 1728 2950 1798 possint.
2985 1728 3086 1781 Deo
3134 1733 3320 1781 autem
3362 1743 3495 1796 gra-

263 1818 328 1865 est
349 1813 587 1866 similiter
618 1814 1032 1867 indumentum.
1060 1812 1245 1883 (Aug)
1291 1816 1431 1869 Cum
1448 1833 1580 1886 ergo
1603 1796 1872 1870 necre—B
1897 1820 2003 1871 tias
2056 1820 2155 1886 qui
2195 1817 2343 1871 dedit
2384 1818 2536 1871 nobis
2582 1820 2873 1870 rictoriam
2916 1833 3015 1885 per
3069 1813 3365 1869 Dominum
3407 1833 3501 1870 no-

259 1900 482 1954 surrectio
509 1901 656 1967 ﬁeri,
690 1902 797 1956 nisi
834 1919 987 1955 mors
1008 1903 1370 1973 praecesserit,
1404 1921 1507 1958 nec
1526 1903 1815 1959 dormitio-

259 2006 361 2042 nem
385 1988 652 2059 possimus
672 1990 767 2044 illo
805 1988 925 2043 loco
948 1990 1261 2061 intelligere
1278 1991 1386 2045 nisi
1405 1998 1664 2059 mortem,
1681 2012 1814 2065 quo-

257 2076 391 2130 modo
426 2096 617 2131 omnes
652 2080 739 2131 vel
778 2079 1062 2133 dormient
1099 2080 1185 2133 vel
1242 2086 1557 2151 resurgent,
1600 2081 1647 2135 si
1694 2087 1811 2136 tam

258 2166 387 2219 multi
407 2183 533 2237 quos
553 2167 619 2221 in
645 2184 877 2239 corpore
916 2169 1245 2223 inventurus
1276 2177 1361 2224 est
1389 2170 1666 2236 Christus,
1710 2188 1814 2226 nec

254 2254 507 2322 dormient,
540 2273 650 2311 nec
666 2257 1005 2327 resurgent?
1046 2258 1103 2312 Si
1144 2275 1278 2328 ergo
1298 2264 1520 2313 sanctos
1541 2261 1636 2330 qui
1660 2277 1814 2331 repe-

254 2344 439 2398 riuntur
458 2345 686 2399 Christo
714 2346 972 2400 veniente
1002 2347 1268 2413 viventes,
1301 2347 1463 2418 eique
1499 2348 1555 2402 in
1594 2347 1813 2402 obviam

250 2432 364 2503 rapi,
386 2435 784 2489 crediderimus
828 2436 887 2489 in
918 2436 1112 2489 eodem
1153 2440 1337 2507 raptu,
1374 2435 1443 2489 de
1484 2436 1814 2492 mortalibus

249 2523 531 2592 corporibus
551 2523 826 2591 exituros,
852 2529 909 2577 et
924 2524 995 2578 ad
1016 2525 1212 2579 eadem
1230 2542 1354 2579 mox
1374 2524 1717 2581 immortalia
1732 2544 1815 2581 re-

249 2609 445 2675 dituros,
463 2613 652 2667 nullas
668 2613 728 2666 in
742 2611 923 2666 verbis
940 2613 1189 2684 Apostoli
1209 2614 1490 2685 patiemur
1500 2616 1809 2685 angustias,

244 2699 336 2750 sive
348 2699 431 2753 ubi
446 2701 578 2755 dicit
605 2719 619 2753 :
657 2703 738 2755 Tu
756 2704 899 2771 quod
916 2706 1154 2756 seminus
1186 2720 1297 2758 non
1326 2706 1666 2771 oiviﬁcatur,
1699 2694 1815 2759 nisi

242 2791 377 2854 prius
405 2792 716 2853 moriatur;
747 2790 862 2844 sive
887 2791 981 2844 ubi
1013 2791 1182 2846 dicit:
1211 2792 1405 2847 Omnes
1442 2809 1807 2861 resurgemus,

241 2877 667 2933 autdormiemus
696 2896 900 2945 omnes,
919 2879 1052 2951 quia
1068 2896 1169 2934 nec
1183 2881 1262 2934 illi
1290 2898 1391 2952 per
1420 2882 1812 2936 immortalita-

243 2968 335 3017 tem
362 2966 806 3033 vivificabuntur,
858 2969 967 3022 nisi
1015 2969 1251 3040 quilibet
1288 2971 1581 3040 paululum
1619 2974 1811 3024 tamen

239 3061 346 3107 ante
365 3057 698 3121 moriantur,
741 3074 805 3110 ac
840 3075 939 3128 per
976 3058 1079 3111 hoc
1100 3064 1156 3111 et
1194 3075 1228 3112 a
1266 3059 1677 3114 resurrectione
1698 3076 1811 3112 non

1894 1910 2075 1959 strum
2141 1907 2326 1959 Jesum
2400 1906 2709 1962 (F'hrislum.
2783 1905 3089 1959 Victoriam
3158 1904 3307 1959 illius
3371 1922 3497 1976 pec-

1895 1994 2023 2060 cati,
2082 1995 2140 2047 in
2181 2011 2290 2065 quo
2328 1994 2413 2047 lex
2455 2011 2554 2066 per
2612 1992 2893 2047 carnalem
2949 1999 3200 2047 nostram
3250 1994 3501 2048 volunta-

1893 2089 2009 2136 tem
2030 2082 2214 2138 fuerat
2240 2083 2545 2149 intirmata,
2580 2099 2747 2153 quam
2766 2082 3021 2136 Christus
3043 2099 3204 2136 cruce
3222 2083 3499 2153 extemplo

1895 2172 2190 2226 destruxit.
2224 2174 2431 2240 Itaque,
2464 2174 2670 2239 fratres
2711 2174 2819 2224 mei
2853 2170 3055 2237 dilecti,
3093 2172 3311 2224 stabiles
3343 2173 3499 2225 estote

1896 2267 1943 2314 et
1975 2262 2295 2325 immobiles,
2334 2262 2676 2313 abundantes
2712 2262 2769 2313 in
2808 2276 2960 2327 opere
3001 2260 3246 2324 Domini,
3290 2275 3498 2327 semper

1896 2351 2121 2403 scientes
2152 2352 2296 2417 quod
2328 2350 2483 2402 labor
2502 2350 2676 2405 cester
2702 2364 2811 2400 non
2840 2349 3122 2400 estinanis
3152 2350 3213 2399 in
3243 2347 3494 2401 Domino.

1898 2437 2138 2492 Reddita
2156 2436 2583 2491 resurrectionis
2605 2436 2840 2501 ratione,
2880 2435 2948 2488 de
2984 2452 3094 2505 qua
3141 2428 3495 2500 hmsitabant,

1897 2524 2156 2580 hortatur
2178 2543 2272 2580 eos
2296 2526 2353 2580 in
2383 2525 2483 2579 Dei
2508 2542 2673 2596 opere
2705 2541 3054 2594 permanere,
3073 2524 3193 2594 jam
3214 2528 3394 2578 certos
3430 2522 3498 2576 de

1898 2614 2265 2670 retributione
2288 2616 2495 2670 futura.

2492 2719 2725 2775 CAPUT
2755 2720 2900 2774 XVI.

1894 2812 2066 2867 Docet
2110 2812 2414 2880 Apostolus
2463 2809 2741 2881 quomodo
2780 2809 3234 2881 conversandum
3266 2813 3343 2861 est
3369 2823 3498 2861 cum

1964 2878 2255 2936 extraneis
2279 2882 2331 2934 et
2360 2878 2582 2947 vicinis,
2608 2898 2675 2934 ac
2705 2880 2767 2933 in
2794 2879 2910 2950 ﬁne
2936 2878 3221 2949 Epistolas
3248 2881 3499 2932 annectit

1965 2955 2393 3006 salutationem.

1967 3061 2107 3113 Nam
2140 3061 2202 3112 de
2234 3062 2465 3113 collectis
2491 3074 2608 3127 qum
2636 3062 2782 3127 ﬁunt
2811 3061 2875 3111 in
2912 3063 3143 3121 sanctos,
3172 3059 3313 3110 sicut
3342 3057 3494 3109 ordi-

239 3152 377 3197 emnt
395 3146 579 3213 alieni,
605 3147 672 3200 in
696 3163 808 3217 qua
826 3147 1161 3201 dormitione
1182 3149 1521 3218 praecedunt,
1557 3148 1810 3218 quamvis
1832 3121 1876 3181 Ο
1898 3152 2033 3205 navi
2084 3150 2334 3202 Ecclesiis
2376 3148 2622 3211 Galatiae,
2655 3151 2735 3202 ita
2771 3152 2818 3199 et
2852 3163 2941 3199 vos
2974 3148 3157 3213 facite.
3192 3147 3295 3198 Per
3321 3160 3496 3198 unam

238 3229 531 3288 brevissima
545 3252 669 3289 non
685 3242 878 3289 tamen
900 3235 1070 3290 nulla.
1089 3236 1227 3290 Cum
1255 3243 1439 3291 autem
1475 3234 1703 3291 mortale
1715 3238 1812 3291 hoc

236 3322 450 3376 induerit
471 3328 1126 3391 immortalitatem,tunc
1149 3329 1237 3391 [iet
1256 3341 1432 3378 sermo
1456 3328 1555 3393 qui
1573 3329 1810 3394 scriptus

234 3414 295 3462 est
316 3429 331 3462 :
353 3412 618 3481 Absorpta
657 3419 733 3466 est
765 3430 914 3467 mors
942 3418 1005 3467 in
1034 3417 1287 3470 victoria.
1321 3413 1557 3483 (Ambr.)
1590 3415 1663 3468 Ut
1689 3432 1811 3468 eva-

233 3498 383 3552 cuatis
401 3502 582 3555 causis
620 3502 827 3555 mortis
853 3519 955 3573 per
974 3502 1222 3556 divinam
1255 3502 1543 3556 victoriam
1564 3519 1629 3556 ac
1650 3503 1697 3556 si
1718 3503 1810 3557 ab-

232 3592 392 3657 sorpta
416 3606 566 3643 mors
598 3598 818 3661 pereat.
857 3592 954 3645 Ubi
981 3597 1055 3644 est
1086 3608 1232 3643 mors
1261 3594 1525 3644 stimulus
1548 3597 1696 3657 tuus,
1716 3593 1812 3645 ubi

233 3681 289 3726 est
315 3694 447 3729 mors
478 3682 727 3735 victoria
768 3680 898 3733 tua?
943 3680 1129 3749 (Aug)
1165 3680 1447 3750 PrOpheta
1479 3697 1543 3732 ex
1574 3697 1813 3750 persona

226 3762 473 3830 illstorum
492 3760 757 3838 loquitur
786 3767 1181 3822 insultantium
1198 3768 1386 3822 morti.
1419 3770 1586 3834 Tunc,
1606 3769 1806 3839 inquit,

232 3853 301 3914 ﬁet
330 3869 516 3921 sermo,
562 3860 675 3925 qui
718 3860 956 3925 scriptus
995 3862 1069 3911 est
1105 3875 1116 3909 :
1151 3854 1418 3926 Absorpta
1449 3863 1522 3910 est
1565 3874 1709 3911 mors
1750 3861 1809 3911 in

235 3942 452 4007 victoria,
468 3947 568 3997 ubi
597 3949 684 3998 est
702 3960 846 3998 mors
860 3945 1389 4000 contcnliotuahlbi
1414 3952 1489 4000 est
1509 3962 1654 4000 mors
1682 3963 1811 4001 acu-

235 4033 324 4082 leus
354 4035 511 4085 tuus?
536 4037 774 4087 aculeus
799 4040 985 4088 autem
1017 4038 1211 4089 mortis
1238 4038 1312 4088 est
1335 4041 1637 4103 peccatum.
1671 4033 1814 4089 Mor-

234 4125 327 4170 tem
345 4119 657 4190 signiﬁcari
689 4123 932 4177 arbitror
946 4124 1049 4176 hoc
1078 4125 1197 4177 loco
1219 4124 1501 4177 carnalem
1523 4131 1816 4179 consuetu-

233 4205 411 4273 dinem,
444 4228 568 4281 quae
587 4212 813 4265 resistit
835 4212 991 4281 bonae
1004 4213 1275 4266 voluntati
1296 4212 1666 4267 delectatione
1678 4218 1818 4267 tem-

236 4298 481 4363 poralium
502 4301 918 4354 fruendorum:
957 4316 1069 4355 non
1093 4302 1243 4355 enim
1275 4301 1574 4368 diceretur,
1607 4301 1701 4355 ubi
1733 4310 1818 4357 est

1891 3234 2123 3291 sabbati.
2148 3236 2386 3304 (Ambr.)
2404 3234 2483 3290 De
2501 3235 2817 3307 sumptibus
2834 3234 2970 3288 dicit
2999 3234 3094 3305 qui
3123 3249 3225 3305 per
3250 3233 3499 3303 singulas

1894 3325 2164 3380 Ecclesias
2189 3326 2407 3378 collecti
2445 3326 2853 3396 Jerosolymam
2896 3322 3103 3377 sanctis
3152 3321 3493 3393 pauperibus

1893 3413 2282 3468 mittebantur.
2306 3414 2431 3468 Una
2452 3413 2669 3467 sabbati
2694 3412 2989 3467 Dominica
3003 3411 3124 3465 dies
3140 3417 3243 3477 est,
3270 3411 3415 3464 sicut
3432 3410 3492 3464 in

1894 3503 2193 3573 Evangelia
2214 3503 2420 3557 dicitur
2439 3502 2743 3556 Dominum
2772 3518 2887 3556 una
2916 3498 3134 3555 sabbati
3164 3500 3492 3554 surrexisse.

1896 3594 2276 3661 Unusquisque
2302 3597 2545 3649 oestrum
2568 3593 2717 3659 apud
2740 3608 2791 3643 se
2814 3591 3108 3644 recondens
3132 3591 3276 3658 quod
3298 3592 3347 3641 ei
3369 3591 3495 3641 bene

1888 3683 2184 3748 placuerit,
2211 3686 2272 3733 ut
2300 3697 2406 3733 non
2433 3697 2558 3733 cum
2584 3696 2802 3741 uenero,
2829 3684 2961 3732 tunc
2990 3681 3217 3731 collecta:
3238 3681 3395 3744 ﬁant.
3424 3677 3501 3730 Ut

1894 3769 2164 3839 paulatim
2198 3770 2546 3822 reservantes
2576 3783 2686 3821 non
2715 3783 2829 3821 una
2858 3767 2997 3819 hora
3033 3766 3256 3835 gravari
3312 3782 3372 3817 se
3401 3780 3500 3834 pu-

1892 3861 2111 3923 tent,ut
2138 3856 2343 3909 hilares
2370 3856 2591 3909 datores
2611 3854 2917 3924 diligantur
2950 3872 2981 3907 a
3008 3854 3145 3907 Deo.
3162 3853 3297 3907 Cum
3312 3857 3511 3905 autem.

1893 3948 2052 4015 fuero
2064 3960 2317 4015 prmsens,
2334 3960 2682 4015 quoscunque
2697 3944 2871 4012 proba
2880 3946 3066 3996 veritis
3074 3957 3174 4010 per
3187 3942 3488 4010 epistolam,

1897 4036 1989 4088 hos
2008 4038 2223 4088 mittam
2234 4036 2481 4103 perferre
2497 4037 2743 4102 gratiam
2756 4037 2997 4089 vestram
3009 4032 3338 4096 Jerusalem,
3356 4030 3499 4099 quod

1898 4127 1948 4177 si
1961 4126 2197 4192 dignum
2208 4125 2400 4191 fuerit,
2418 4129 2481 4176 ut
2496 4139 2735 4191 egoeam,
2755 4137 2959 4175 mecm:
2992 4122 3166 4174 ibunt.
3185 4119 3292 4173 Per
3316 4135 3377 4172 se
3391 4119 3500 4173 cla-

1898 4229 2025 4265 rum
2057 4218 2162 4278 est,
2190 4212 2323 4282 quia
2341 4214 2645 4281 utrumque
2665 4222 2857 4263 eorum
2881 4209 3113 4263 arbitrio
3136 4207 3495 4279 derelinquit,

1898 4306 1964 4354 ut
1991 4307 2046 4354 et
2074 4301 2221 4371 quod
2247 4300 2505 4355 dederint
2525 4305 2799 4371 portetur,
2823 4302 2880 4352 et
2898 4316 2998 4369 per
3020 4315 3157 4369 quos
3171 4297 3495 4361 direxerint,

233 4388 488 4442 contentio
518 4396 645 4456 tua,
679 4389 724 4442 si
746 4406 858 4443 non
877 4390 1176 4444 restitisset
1196 4399 1252 4443 et
1269 4391 1881 4462 repugnaret.lpsiusD
1901 4390 2009 4460 ipsi
2039 4396 2188 4444 eant.
2238 4390 2389 4456 Quod
2418 4393 2467 4442 si
2494 4391 2749 4456 dignum,
2787 4388 2989 4458 inquit,
3020 4388 3193 4454 fuerit
3225 4390 3285 4439 ut
3322 4391 3369 4437 et
3406 4402 3498 4453 ego

233 4477 483 4531 contentio
514 4479 703 4532 etiam
734 4478 826 4532 illo
858 4479 977 4532 loco
1005 4478 1339 4532 describitur
1368 4479 1507 4545 (Gal.
1542 4484 1597 4547 ν)
1635 4497 1644 4531 :
1678 4480 1817 4535 Caro

230 4570 531 4633 concupiscit
562 4569 841 4624 adversus
868 4570 1155 4635 spiritum,
1169 4571 1400 4635 spiritus
1415 4570 1677 4625 atlversus
1698 4584 1817 4622 car-

232 4658 425 4715 nem,ut
447 4672 557 4709 non
582 4672 714 4725 qua
735 4658 906 4712 cultis
926 4655 1260 4724 [πται-ἱδἘῆ
1286 4672 1419 4726 ergo
1442 4673 1543 4728 per
1569 4656 1814 4710 sanctiﬁ-

228 4741 472 4797 cationem
495 4745 837 4815 perfectam,
881 4750 942 4799 ut
981 4760 1176 4799 omnes
1222 4747 1474 4799 carnales
1509 4747 1811 4816 appetitus,

230 4830 400 4896 spiritu
438 4842 644 4887 nostro
676 4833 998 4888 illuminato
1041 4838 1097 4888 et
1120 4826 1428 4899 ~viviticato,
1454 4833 1637 4888 eidem
1658 4834 1815 4889 bona;

230 4917 498 4976 voluntatis
518 4912 1092 4993 subjiciantur.Hanc
1120 4928 1309 4977 autem
1328 4929 1567 4977 mortem
1590 4928 1814 4993 peccato

230 5010 525 5075 meruimus,
551 5012 712 5082 quod
734 5017 1026 5083 peccatUm
1060 5019 1183 5066 erat
1203 5012 1527 5066 omnimodo
1560 5011 1618 5065 in
1638 5011 1813 5065 libero

229 5092 446 5164 arbitrio,
490 5112 628 5154 eum
670 5099 730 5153 in
786 5101 1047 5171 paradiso
1092 5098 1281 5155 nullus
1330 5101 1489 5153 dolor
1526 5100 1812 5169 denegatae

230 5182 586 5243 delectationis
633 5190 915 5244 voluntati
970 5189 1131 5244 bonze
1192 5189 1436 5244 hominis
1492 5186 1806 5243 resistebat.

231 5270 469 5330 Stimulus
504 5285 702 5332 autem
749 5283 944 5332 mortis
972 5284 1046 5333 est
1086 5286 1385 5348 peccatum.
1422 5274 1660 5345 (Ambr.)
1708 5279 1809 5333 Sa-

229 5362 343 5428 gitta
360 5369 558 5422 mortis
581 5376 884 5439 peccatum
908 5385 1007 5439 per
1042 5368 1187 5439 quod
1211 5368 1412 5422 animm
1453 5367 1805 5438 jugulantur.

242 5448 385 5508 Virtus
411 5474 542 5513 vero
569 5462 789 5526 peccati
816 5462 919 5511 lca.
940 5457 1121 5512 Deum
1142 5456 1340 5511 fortius
1367 5462 1423 5511 et
1442 5458 1811 5527 majuslitper

234 5541 484 5599 scientiam
502 5551 833 5618 peccatum,
878 5562 1011 5615 ergo
1042 5544 1269 5601 aculeus
1299 5546 1497 5599 mortis
1518 5553 1807 5616 peccatum

236 5634 313 5693 Bt.
337 5635 462 5702 quia
478 5640 724 5707 peccato
746 5635 895 5688 facta
923 5642 1007 5690 est
1031 5635 1348 5703 delectatio,
1372 5648 1495 5707 qua:
1527 5635 1650 5705 jam
1679 5648 1804 5704 pos-

1899 4497 2039 4545 cam,
2068 4494 2279 4532 mecum
2312 4480 2491 4531 ibunt.
2512 4479 2573 4532 Id
2606 4484 2708 4541 est,
2734 4477 2781 4529 si
2811 4476 2940 4529 talis
2970 4475 3139 4529 fuerit
3166 4473 3373 4527 oblatio
3402 4488 3497 4525 ve-

1898 4575 2034 4635 stra,
2061 4584 2183 4639 qua:
2215 4584 2340 4621 mea
2370 4580 2591 4637 quoque
2629 4563 3015 4636 persecutione
3039 4562 3240 4616 debeat
3269 4560 3492 4615 deferri.

1911 4654 2127 4712 Veniam
2149 4660 2331 4709 autem
2353 4658 2425 4708 ad
2444 4672 2532 4709 vos
2562 4664 2688 4707 cum
2706 4653 3081 4706 Macedoniam
3096 4652 3490 4719 pertransiero,

1898 4763 2030 4800 nam
2062 4746 2433 4798 Macedoniam
2457 4742 2989 4811 pertransibo,apud
3004 4756 3091 4794 vos
3122 4742 3306 4793 autem
3325 4741 3493 4807 forsi-

1901 4841 1995 4887 tan
2031 4835 2274 4896 manebo,
2298 4835 2376 4885 vel
2409 4834 2575 4884 etiam.
2604 4830 2870 4893 hiemabo,
2896 4835 2958 4883 ut
2988 4846 3073 4883 vos
3104 4845 3187 4881 me
3216 4829 3495 4881 deducatis

1896 4937 2217 4990 quocunque
2231 4924 2363 4973 iero.
2384 4921 2515 4974 Nolo
2527 4922 2673 4973 enim
2687 4934 2775 4972 ros
2794 4934 2946 4972 nunc
2956 4921 3019 4971 in
3033 4919 3277 4971 transitu
3289 4917 3490 4982 videre,

1895 5027 2047 5080 Spero
2067 5014 2212 5064 enim
2242 5026 2323 5061 me
2334 5012 2691 5077 aliquantum
2712 5011 2969 5076 temporis
2991 5021 3325 5059 mansurum
3346 5006 3496 5072 apud

1895 5118 2001 5163 ros,
2029 5103 2079 5153 si
2108 5101 2376 5153 Dominus
2390 5100 2725 5165 permiserit.
2744 5097 2888 5161 Quia
2915 5095 2994 5149 ita
3023 5112 3082 5148 se
3109 5099 3287 5164 agunt
3308 5093 3490 5146 Mace-

1894 5189 2086 5252 dones,
2112 5192 2176 5241 ut
2196 5202 2307 5240 non
2337 5185 2412 5239 sit
2432 5202 2656 5239 necesse
2687 5186 2825 5239 mihi
2848 5180 2995 5256 apud
3034 5200 3127 5236 eos
3175 5180 3389 5235 diutius
3408 5198 3491 5233 re-

1894 5294 2141 5341 manere,
2178 5274 2324 5346 apud
2366 5292 2460 5329 vos
2479 5291 2703 5328 necesse
2734 5280 2837 5339 est,
2870 5278 2934 5327 ut
2956 5288 3234 5335 maneam,
3256 5270 3342 5324 vel
3373 5266 3490 5324 hie-

1893 5383 2041 5419 mem
2072 5383 2084 5417 :
2116 5366 2293 5418 multa
2310 5365 2461 5418 enim
2484 5370 2616 5418 sunt
2638 5381 2759 5434 qua;
2775 5363 3129 5431 corrigantur
3148 5378 3182 5414 a
3200 5358 3373 5426 vobis,
3389 5359 3490 5413 sic-

1891 5461 1953 5508 ut
1976 5454 2224 5509 medicus
2246 5453 2321 5508 ibi
2365 5470 2581 5507 moram
2625 5448 2812 5516 habet,
2843 5450 2938 5504 ubi
2976 5451 3162 5521 plures
3190 5454 3483 5519 mgrotant.

1890 5544 2116 5597 Manebo
2145 5549 2329 5595 autem
2358 5542 2555 5612 Ephesi
2586 5557 2753 5610 usque
2796 5540 2869 5593 ad
2896 5541 3255 5604 Pentecosten,
3285 5540 3488 5592 ostium

1886 5637 2076 5689 autem
2105 5628 2247 5686 mihi
2265 5640 2515 5701 aper.‘um
2538 5634 2614 5684 est
2646 5642 2934 5697 magnum,
2952 5632 3000 5682 et
3024 5627 3257 5693 cuidem,
3281 5624 3372 5681 sed
3388 5622 3486 5680 ad-
