4034 6162
417 249 516 305 159

1008 248 1070 303 Β.
1115 245 1386 301 RABANI
1425 244 1657 300 MAURI
1699 240 2034 300 ARCHIEP.
2076 241 2401 298 MOGUNT.
2446 241 2742 298 OPERUM
2779 239 2963 296 PARS
3003 241 3102 296 III.

3587 241 3689 298 160

411 375 650 428 versarii
677 375 861 426 multi.
893 370 1026 426 Ideo
1061 367 1137 422 ibi
1165 366 1521 439 permanebo,
1555 367 1688 438 quia
1715 383 1841 422 cum
1872 365 2014 420 mihi
2033 367 2080 424 A
2101 365 2388 424 Charitate
2406 381 2506 436 pro
2524 363 2970 431 vobis,vestrum,
2993 382 3095 436 pro
3117 382 3244 420 mea
3262 365 3476 432 laetitia,
3501 383 3689 420 meum

413 463 639 518 evidens
680 461 846 515 datus
887 461 961 515 sit
998 459 1184 513 aditus
1224 457 1582 528 praedicandi,
1621 463 1754 510 sunt
1780 456 2010 528 plurimi

415 551 509 622 qui
539 551 821 604 resistant.
853 548 919 602 Si
943 554 1126 602 autem
1160 549 1367 601 venerit
1406 547 1730 610 Timotheus,
1753 547 1925 599 videte
1953 549 2012 598 ut

415 643 532 695 sine
564 643 757 694 timore
791 641 863 690 sit
889 638 1040 705 apud
1071 653 1178 702 vos,
1211 638 1310 704 qui
1337 651 1468 704 opus
1496 636 1726 688 Domini
1753 639 2014 703 operatur

413 732 558 783 sicut
585 733 634 782 et
653 743 761 794 ego,
789 743 854 780 ne
881 729 1006 795 quis
1033 729 1198 780 illum
1218 730 1460 793 spernat.
1485 724 1615 778 Sine
1635 722 2014 778 tribulationis

416 815 736 882 formidine,
755 815 841 870 vel
863 814 1034 868 etiam
1055 814 1224 867 vestri
1246 819 1618 884 contemptus.
1645 814 1896 867 Deducile
1915 829 2014 865 au-

419 910 520 958 tem
539 908 704 960 illum
722 908 785 958 in
792 921 939 974 pace,
959 909 1022 957 ut
1037 906 1217 957 veniat
1229 904 1303 957 ad
1322 919 1424 969 me,
1439 907 1670 971 exspecto
1683 905 1828 956 enim
1845 904 2012 955 illum

419 1011 546 1050 cum
559 995 856 1062 fratribus.
876 993 1030 1047 Nihil
1049 992 1429 1058 admittentes,
1451 991 1599 1062 quod
1615 991 1683 1044 ad
1702 990 1875 1044 animi
1896 991 2018 1060 ejus

419 1083 678 1154 proﬁciat
715 1081 1019 1136 laesionem.
1057 1084 1130 1136 De
1166 1083 1355 1150 Apollo
1386 1086 1568 1134 autem
1610 1083 1787 1148 fratre
1825 1085 2017 1133 notum

418 1174 565 1226 vobis
591 1174 752 1240 facio,
787 1175 921 1240 quia
952 1173 1194 1224 multum
1217 1173 1382 1223 illum
1407 1172 1598 1238 rogavi
1627 1172 1811 1222 ven-ire
1831 1170 1904 1222 ad
1929 1185 2017 1222 vos

421 1277 546 1314 cmn
577 1261 868 1329 fratribus,
903 1265 952 1313 et
990 1262 1178 1328 utique
1209 1275 1320 1312 non
1355 1261 1466 1327 fuit
1496 1261 1749 1313 voluntas
1775 1263 1836 1311 ut
1869 1273 2020 1311 nunc

421 1352 832 1416 reniret,oeniet
847 1353 1032 1402 autem
1050 1364 1172 1402 cum
1191 1353 1562 1417 opportunum
1582 1348 1775 1414 fuerit.
1794 1348 2021 1415 Vigilate

421 1445 558 1493 state
592 1441 656 1492 in
683 1440 804 1506 fide,
845 1439 1090 1492 viriliter
1155 1439 1320 1505 agite,
1368 1438 1781 1504 confortamini,
1831 1438 2019 1490 omnia

420 1533 598 1582 vestra
611 1543 736 1580 cum
749 1527 1018 1580 charitate
1029 1528 1188 1594 ﬁant.
1207 1527 1322 1593 Vigi
1324 1529 1430 1579 late
1441 1525 1592 1578 enim
1603 1525 1809 1578 mentis
1822 1524 2016 1591 oculis,

424 1616 492 1670 ad
510 1615 716 1670 diaboli
731 1615 967 1669 astutias
983 1615 1390 1686 praecavendas,
1405 1615 1572 1678 State,
1589 1613 1723 1684 quia
1740 1612 2020 1668 stantibus

2091 459 2423 514 refecerunt.
2463 456 2768 521 Cognoscite
2814 471 2940 522 ergo
2971 455 3310 524 hujusmodi.
3354 455 3514 511 Unde
3558 455 3690 510 alibi

2093 549 2174 604 ait
2207 547 2424 614 (Philip.
2457 546 2533 612 Ill)
2569 561 2580 594 :
2619 542 2924 610 Cognoscile
2952 560 3036 596 eos
3061 546 3162 612 qui
3190 548 3267 598 ita
3287 546 3598 609 ambulant,
3627 551 3690 598 ut

2095 639 2339 692 habeatis
2357 636 2602 702 formam
2625 637 2896 694 nostram,
2917 632 3018 686 hos
3041 633 3374 703 cognoscite,
3398 634 3688 701 honorate,

2096 725 2492 796 cognoscentes
2523 737 2719 775 eorum
2747 719 2996 774 studium
3022 721 3108 776 vel
3135 721 3404 776 laborem.

2165 815 2428 870 Salutant
2456 826 2546 864 vos
2587 810 2833 864 Ecclesia
2871 810 3032 876 Asia.
3073 810 3337 866 Salutant
3376 827 3464 864 vos
3495 814 3558 865 in
3587 813 3693 866 Do-

2097 907 2257 958 mino
2297 905 2542 955 multum
2585 901 2788 968 Aquila
2819 904 2866 951 et
2896 901 3176 963 Priscilla,
3209 916 3336 954 cum
3375 917 3438 954 ea
3484 917 3602 975 quae
3631 904 3693 956 in

2099 995 2256 1046 domo
2284 1005 2475 1044 eorum.
2504 994 2580 1043 est
2605 989 2864 1052 Ecclesia,
2889 990 3040 1057 apud
3067 1004 3200 1057 quos
3213 992 3398 1043 ‘eliam
3428 990 3690 1059 hospitor.

2100 1079 2476 1136 Domesticam
2489 1077 2976 1147 congregationem
2994 1076 3364 1132 fraternitatis
3394 1079 3695 1134 Ecclesiam

2100 1169 2428 1226 nominavit.
2461 1165 2725 1222 Salutant
2744 1182 2833 1219 vos
2846 1167 3052 1234 fratres
3067 1183 3268 1220 omnes.
3286 1168 3533 1223 Salutate
3553 1171 3698 1222 invi~

2100 1276 2211 1314 cem
2243 1262 2307 1312 in
2335 1259 2515 1311 osculo
2541 1261 2743 1310 sancto.
2781 1256 3195 1310 Salutatiomea
3222 1272 3395 1310 manu
3425 1258 3610 1310 Pauli.
3633 1257 3698 1313 Si

2099 1351 2224 1418 quis
2241 1362 2354 1401 non
2364 1350 2520 1399 amat
2532 1347 2833 1399 Dominum
2851 1349 3102 1398 nostrum
3121 1345 3305 1398 Jesum
3319 1344 3696 1411 Christum,sit

2100 1437 2400 1491 anathema
2422 1435 2778 1488 maranatha.
2805 1433 2996 1504 (Aug)
3018 1433 3200 1488 Simul
3219 1440 3276 1488 et
3303 1434 3494 1488 Graeco
3523 1439 3580 1488 et
3599 1434 3700 1506 Sy-

2101 1543 2164 1580 ro
2197 1525 2379 1579 utitur
2403 1523 2590 1577 verbo.
2612 1524 2832 1592 Siquis,
2849 1521 3052 1593 inquit,
3077 1522 3197 1576 Non
3225 1529 3378 1577 amat
3397 1524 3697 1578 Dominum

2101 1619 2173 1670 sit
2203 1615 2498 1668 anathema
2518 1613 2872 1666 maranatha.
2900 1612 3217 1666 Anathema
3237 1613 3412 1666 Greco
3439 1628 3698 1666 sermone

423 1704 648 1759 difficile
663 1721 892 1758 somnus
907 1703 1142 1774 obrepit.
1163 1705 1296 1761 Viril
1303 1706 1406 1757 iter
1422 1706 1584 1771 agite,
1605 1703 1858 1756 mulieris
1869 1703 2018 1756 enim
2039 1691 2086 1750 B
2105 1704 2246 1759 dixit
2275 1703 2686 1766 condemnatus,
2703 1701 3038 1754 maranatba
3062 1700 3316 1754 deﬁnivit
3338 1703 3504 1754 donec
3515 1703 3700 1755 Domi-

424 1795 608 1848 omnis
637 1793 1013 1848 inconstantia
1051 1798 1107 1846 et
1127 1793 1368 1846 varietas
1391 1792 1694 1862 judicatur.
1729 1793 2019 1859 Conforta-

425 1887 592 1949 mini,
607 1888 672 1937 ut
691 1883 737 1938 si
755 1883 814 1937 in
833 1887 1018 1936 vestra
1034 1882 1240 1936 virtute
1261 1881 1758 1953 profectus,omnia
1772 1897 1883 1934 non
1904 1880 2021 1934 ina-

425 1973 514 2027 nis
525 1971 718 2043 gloriaa
732 1971 1019 2036 causa,sed
1037 1971 1328 2025 charitatis
1339 1970 1523 2039 gratia
1539 1969 1719 2024 facere
1737 1969 2018 2024 festinate.

490 2061 708 2118 Obsecro
725 2067 909 2115 autem
933 2077 1040 2126 vos,
1056 2063 1278 2128 fratres,
1296 2063 1462 2114 nostis
1478 2061 1702 2112 domum
1719 2060 2016 2128 Stephanat,

428 2155 478 2204 et
524 2150 818 2204 Fortunati
871 2155 920 2203 et
967 2150 1215 2214 Achaici,
1258 2151 1523 2216 quoniam
1569 2154 1701 2202 sunt
1753 2151 2025 2216 primitiae

428 2240 720 2306 Achaia,et
734 2242 794 2292 in
809 2241 1185 2292 nn'nisterium
1201 2242 1520 2292 sanctorum
1531 2254 1584 2290 se
1600 2237 2020 2303 ordinaverunt,

430 2333 492 2382 ut
511 2345 600 2383 vos
621 2329 850 2396 subjecti
868 2330 988 2380 sitis
1004 2327 1226 2391 talibus,
1244 2332 1293 2379 et
1312 2327 1468 2379 omni
1485 2329 1796 2394 eooperanti
1815 2331 1863 2379 et
1885 2327 2029 2379 labo—

432 2419 592 2470 ranti
619 2419 681 2470 in
713 2417 876 2470 vobis.
894 2417 1108 2471 Gaudeo
1120 2420 1306 2469 autem
1323 2417 1385 2468 in
1401 2417 1698 2484 praesentia
1720 2415 2024 2483 Stephana’,

431 2511 480 2560 et
501 2507 814 2571 Fortunati,
835 2511 884 2560 et
904 2504 1134 2560 Achaici
1149 2507 1416 2572 quoniam
1438 2505 1496 2556 id
1511 2505 1654 2570 quod
1675 2505 1822 2560 vobis
1845 2505 2028 2558 deerat

432 2596 542 2662 ipsi
565 2595 1026 2660 adimpleverunt.
1061 2591 1206 2655 Quia
1239 2596 1543 2664 praesentes
1573 2597 1706 2645 sunt
1733 2591 1883 2662 apud
1912 2609 2026 2656 vos,

433 2687 490 2735 et
511 2681 622 2734 illis
643 2696 912 2750 magnum
930 2679 1164 2749 potestis
1181 2679 1388 2732 habere
1404 2681 1713 2750 profectum
1734 2699 1744 2732 ε
1771 2680 1886 2734 sive
1900 2680 2033 2751 quia

433 2769 570 2824 mihi
598 2773 873 2822 venerunt
895 2785 996 2840 pro
1009 2767 1164 2822 vobis
1179 2768 1502 2823 ministrare
1529 2769 1772 2823 ofﬁcium
1786 2769 2032 2824 charita-

431 2859 524 2914 tis.
555 2860 871 2926 Refecerunt
899 2863 1084 2912 autem
1121 2863 1168 2910 et
1198 2873 1380 2912 meum
1406 2861 1673 2928 spiritum
1694 2864 1742 2912 et
1770 2864 2030 2912 vestrum.

2103 1809 2210 1847 nus
2237 1793 2438 1844 redeat.
2475 1789 2713 1858 (Ambr.)
2747 1789 2904 1844 Sicut
2932 1789 3043 1842 illis
3081 1789 3176 1859 qui
3207 1806 3337 1844 eum
3363 1796 3576 1856 amant,
3607 1807 3698 1844 re-

2102 1880 2350 1951 demptio
2379 1885 2646 1932 venturus
2663 1885 2748 1932 est
2773 1878 3049 1944 Christus,
3072 1878 3151 1932 ita
3169 1878 3300 1945 illis,
3316 1879 3410 1950 qui
3438 1895 3566 1932 eum
3585 1896 3698 1934 non

2105 1975 2316 2036 amant,
2349 1967 2865 2033 anathematizabit,
2888 1967 2944 2020 id
2966 1973 3068 2033 est,
3101 1974 3166 2022 ut
3194 1968 3320 2022 illos
3346 1967 3702 2023 abominetur

2106 2065 2164 2114 et
2195 2059 2412 2130 perdat.
2461 2057 2798 2111 Maranatha
2827 2057 3006 2126 magis
3036 2057 3242 2128 Syrum
3279 2063 3365 2111 est
3392 2073 3561 2128 quam
3592 2058 3705 2111 He-

2105 2147 2338 2212 braeum,
2370 2147 2599 2202 tametsi
2628 2163 2692 2200 ex
2723 2146 2965 2200 conﬁnio
2986 2151 3355 2217 utrarumque
3383 2147 3706 2218 linguarum

2109 2237 2322 2308 aliquid
2364 2235 2663 2290 Hebraeum
2696 2240 2877 2302 sonat,
2911 2240 2969 2289 et
3009 2235 3415 2306 interpretatur
3442 2237 3710 2290 Dominus

2111 2331 2294 2380 noster
2310 2329 2476 2380 venit.
2493 2326 2687 2381 Gratia
2703 2327 2930 2380 Domini
2947 2326 3217 2378 vobiscum
3229 2325 3494 2396 .Propria:
3509 2341 3710 2380 manus

2112 2420 2382 2470 consueta
2399 2413 2754 2486 subscriptio.
2781 2413 3039 2468 Charitas
3061 2430 3180 2468 mea
3203 2430 3328 2468 cum
3350 2416 3606 2468 omnibus
3618 2431 3710 2468 vo-

2113 2506 2212 2558 bis.
2231 2505 2308 2560 Ut
2320 2504 2600 2576 quomodo
2619 2519 2714 2557 vos
2736 2519 2840 2573 ego
2859 2503 3052 2574 diligo,
3068 2503 3149 2556 ita
3172 2507 3230 2556 et
3243 2502 3301 2556 in
3322 2502 3544 2557 Christo
3566 2503 3710 2558 invi-

2111 2610 2232 2647 cem
2252 2593 2517 2663 diligatis.
2546 2595 2614 2648 In
2645 2593 2858 2646 Christo
2874 2593 3020 2645 Jesu.
3047 2592 3171 2646 Non
3195 2591 3501 2646 secundum
3526 2592 3712 2646 saeculi

2113 2683 2466 2736 charitatem.
2483 2682 2678 2738 Amen.
2695 2681 3060 2734 Contirmatio
3091 2687 3177 2736 est
3202 2681 3605 2736 benedictionis
3623 2682 3714 2736 hic

2114 2787 2320 2839 sermo,
2335 2773 2481 2826 sicut
2495 2771 2754 2843 superius
2777 2770 2897 2842 ipse
2913 2770 3280 2836 demonstrat,
3295 2770 3604 2836 Quomodo,
3624 2771 3712 2826 in—

2118 2861 2336 2932 quiens,
2367 2861 2516 2916 dicet
2549 2879 2560 2914 :
2594 2861 2776 2914 Amen
2820 2876 2990 2931 super
3025 2865 3184 2914 tuam
3223 2859 3712 2915 benedictionem?

1131 3118 1666 3248 LIBER
1742 3119 3016 3254 DUODECIMUS.

579 3427 1142 3508 EXPOSITIO
1200 3433 1320 3508 IN
1368 3433 1983 3512 EPISTOLAM
2029 3434 2183 3509 AD
2233 3432 2890 3512 CORINTHIOS
2937 3431 3562 3509 SECUNDAM.

2244 3590 2318 3606 —

975 3665 1502 3723 ARGUMENTUM.
2060 3671 2103 3730 C
2125 3669 2260 3724 Saul
2299 3669 2450 3723 enim
2479 3673 2802 3740 persecutor
2831 3673 2954 3722 erat
2981 3667 3083 3720 viri
3112 3667 3310 3732 sancti,
3357 3665 3487 3720 inde
3515 3681 3721 3720 nomen

503 3752 804 3822 Apostolus
825 3753 1032 3808 Paulus
1065 3762 1194 3826 post
1221 3762 1404 3811 actam
1453 3775 1488 3811 a
1529 3757 1836 3813 Corinthiis
1864 3757 2040 3830 poeni-
2122 3757 2294 3812 habet
2357 3759 2465 3813 iste
2523 3758 2789 3830 quoniam
2849 3755 3290 3829 persequebatur
3357 3755 3722 3820 Christianos,

432 3841 672 3896 tentiam
692 3843 1121 3898 consolatoriam
1134 3845 1214 3899 eis
1227 3845 1421 3901 scribit
1437 3847 1742 3918 Epistolam
1757 3848 2034 3912 a'l‘roade,
2121 3853 2319 3918 postea
2345 3848 2415 3902 de
2441 3848 2610 3902 Saulo
2636 3847 2816 3902 factus
2835 3852 2920 3900 est
2960 3847 3187 3901 Paulus.
3212 3845 3358 3910 Quid
3389 3851 3474 3898 est
3489 3845 3728 3899 Paulus?

437 3935 494 3982 et
511 3930 835 3984 collaudans
873 3949 969 3985 eos
999 3933 1258 3988 hortatur
1279 3935 1348 3988 ad
1390 3936 1640 4000 meliora,
1677 3937 2038 3991 contristatos
2121 3937 2392 3991 modicus.
2419 3937 2564 4008 Ergo
2611 3937 2834 4008 quando
2875 3937 3096 3999 Saulus,
3160 3933 3453 4006 superbus,
3499 3935 3680 3988 elatus
3715 3952 3726 3986 :

437 4017 784 4087 quidem,scd
800 4020 1128 4073 emendatos
1141 4024 1459 4076 ostendens.
1484 4025 1664 4094 Hujus
1678 4043 1810 4094 ergo
1824 4026 2040 4096 Episto-
2123 4027 2349 4096 quando
2363 4027 2590 4090 Paulus,
2606 4025 2855 4090 humilis,
2873 4025 3143 4085 modicus,
3159 4024 3286 4078 ideo
3306 4024 3386 4077 sic
3406 4023 3690 4094 loquimur
3714 4041 3724 4076 :

437 4105 503 4158 lae
533 4106 858 4176 principalis
883 4113 970 4161 est
993 4111 1453 4180 causa,quoniam
1483 4113 1542 4166 in
1571 4114 1753 4183 prima
1781 4131 1882 4184 pro
1906 4131 2039 4185 quo-
2121 4117 2289 4186 paulo
2311 4121 2438 4186 post
2467 4114 2662 4168 videbo
2711 4121 2787 4181 te,
2847 4114 2904 4168 id
2943 4121 3046 4180 est,
3083 4120 3210 4184 post
3239 4113 3539 4167 modicum.
3576 4112 3723 4166 Audi

438 4193 698 4248 rumdam
722 4195 961 4266 peccatis
981 4197 1235 4252 doctores
1255 4216 1450 4254 eorum
1463 4203 1739 4272 praecipue
1760 4203 2040 4274 corripue—
2124 4205 2258 4274 quia
2290 4204 2542 4258 modicus
2571 4204 2750 4258 factus
2780 4209 2884 4270 est,
2918 4220 3010 4272 ego
3040 4206 3190 4256 enim
3232 4218 3356 4256 sum
3395 4205 3725 4256 novissimus

438 4288 545 4348 rat,
565 4288 625 4338 et
642 4283 885 4338 multum
910 4285 1134 4341 fuerant
1145 4288 1487 4342 contristati:
1511 4307 1659 4344 nunc
1675 4308 1768 4345 eos
1786 4293 2040 4346 consola-
2121 4297 2492 4362 apostolorum
2515 4295 2566 4360 (Ι
2591 4295 2712 4348 Cor.
2744 4296 2860 4360 xv),
2877 4298 2951 4360 et,
2977 4293 3122 4346 mihi
3139 4295 3376 4345 mini-mo
3405 4297 3723 4345 sanctorum

437 4377 549 4440 tur,
569 4388 734 4428 suum
771 4373 852 4428 eis
890 4391 1207 4446 proponens
1223 4378 1558 4448 exemplum,
1601 4384 1658 4433 et
1685 4381 1889 4434 docens
1927 4399 2038 4436 non
2121 4383 2549 4448 omnmm,dicit
2574 4382 2684 4436 alio
2713 4383 2834 4436 loco
2866 4383 3076 4451 (Ephes.
3114 4385 3210 4450 ιιι).
3245 4381 3334 4435 Sic
3368 4387 3490 4435 erat
3510 4379 3570 4434 in
3596 4395 3725 4450 apo-

437 4461 640 4516 debere
667 4479 814 4533 aegre
835 4463 980 4519 ferre
1001 4465 1150 4538 quod
1179 4483 1280 4537 pro
1302 4467 1540 4522 aliorum
1560 4474 1692 4522 sunt
1707 4471 1888 4524 salute
1918 4488 2036 4524 cor-
2119 4471 2278 4526 stolis
2304 4478 2581 4542 tanquam
2604 4471 2826 4524 timbria
2847 4471 3188 4536 vestimenti,
3215 4471 3312 4548 sed
3341 4469 3529 4539 tetigit
3547 4467 3726 4522 Eccle-

436 4552 602 4622 repti,
621 4569 749 4606 cum
767 4553 884 4624 ipse
907 4571 1006 4625 pro
1029 4554 1212 4609 aliena
1228 4555 1408 4610 salute
1432 4557 1693 4628 periculis
1710 4559 1958 4630 quotidie
1983 4566 2039 4614 et
2119 4560 2204 4614 sia
2229 4560 2484 4632 gentium
2515 4567 2786 4631 tanquam
2817 4561 3029 4614 ﬂuxum
3051 4561 3290 4630 patiens,
3323 4565 3381 4612 et
3395 4563 3590 4613 sancta
3617 4563 3722 4612 est.

440 4640 609 4694 morti
629 4639 936 4712 subjaceat.
2127 4651 2365 4718 (Ambr.)
2414 4649 2700 4714 Quaeritur
2723 4667 2822 4704 cur
2851 4649 2909 4703 in
2939 4649 3199 4703 omnibus
3237 4648 3488 4720 epistolis
3533 4653 3728 4702 contra

961 4751 1194 4806 CAPUT
1217 4753 1520 4808 ΡῙΠΜΠΜ,
2121 4755 2289 4792 usum
2311 4739 2697 4810 epistolarum,
2717 4739 2899 4810 primo
2921 4755 3085 4793 suum
3116 4755 3322 4792 nomen
3351 4743 3540 4808 ponat,
3557 4753 3726 4809 quam

442 4835 634 4910 Captat
661 4835 1027 4910 benevolentia
1049 4839 1362 4894 Corinthios
1386 4857 1487 4910 per
1506 4859 1636 4896 suas
1654 4844 2040 4898 tribulatione-s
2123 4844 2318 4882 eorum
2337 4828 2406 4880 ad
2422 4844 2561 4898 quos
2578 4828 2780 4882 littera?
2802 4827 3179 4893 destinantura
3217 4827 3315 4880 sed
3344 4827 3448 4880 hoc
3463 4826 3734 4880 δηιοτῆτι·

512 4905 596 4988 (ιιι.
615 4908 965 4988 εαξσίίαηᾷαιῃ
996 4905 1458 4988 ᾳιιεηιι“οηεηη,ἐι
1483 4919 1704 4968 excusat
1731 4931 1784 4968 se
1818 4916 1881 4968 de
1905 4931 2040 4985 pro-
2122 4917 2197 4971 tis
2220 4922 2306 4970 est
2335 4917 2624 4987 apostolici
2657 4917 2891 4982 ordinis,
2920 4935 3033 4988 qua
3062 4915 3372 4970 minoribus
3394 4915 3606 4981 scribit,
3625 4915 3736 4968 sic-

513 4981 773 5031 missione
803 4981 879 5031 eis
907 4981 1076 5046 facta.
1905 4981 1924 4985 ⁷

2123 5011 2186 5060 ut
2215 5006 2387 5060 etiam
2429 5007 2650 5075 judices
2694 5007 2880 5061 saeculi
2906 5007 3105 5071 solent,
3131 5007 3201 5059 ad
3233 5022 3328 5059 eos
3360 5021 3501 5076 quos
3531 5009 3738 5074 regunt

514 5085 724 5138 Paulus
750 5085 1036 5154 Apostolus
1059 5088 1548 5160 ChristiJesu,per
1565 5095 1901 5146 voluntatem
1924 5095 2036 5147 Dei.
2079 5093 2332 5167 ‘scripta
2377 5095 2640 5166 dirigere.
2691 5099 2794 5151 Per
2859 5100 3197 5150 voluntatem
3258 5097 3376 5149 Dei.
3437 5095 3560 5160 Dei,
3623 5111 3736 5148 non

444 5173 632 5242 (Aug)
652 5174 819 5228 Amat
841 5175 1050 5230 Paulus
1063 5175 1197 5230 disci
1220 5194 1254 5230 a
1275 5177 1436 5231 nobis
1459 5187 1685 5248 peccata
1718 5198 1821 5235 sua
1842 5187 1908 5236 ut
1924 5183 2042 5252 glo—
2121 5185 2414 5238 hominum
2439 5185 2921 5252 voluntate,simul
2937 5190 3002 5238 ut
3013 5185 3274 5238 ostendat
3285 5201 3396 5238 non
3407 5184 3529 5238 sine
3549 5183 3737 5238 Patris

442 5259 694 5314 rificetur
711 5262 806 5316 ille
824 5263 920 5333 qui
958 5265 1129 5318 talem
1163 5265 1422 5320 morbum
1450 5269 1685 5338 sanavit,
1701 5271 2041 5341 magnitudi-
2121 5275 2409 5328 voluntate
2436 5291 2496 5329 se
2525 5275 2759 5328 missum
2787 5291 2823 5328 a
2844 5274 3087 5328 Christo.
3106 5275 3168 5328 Et
3195 5274 3504 5328 Timotheus
3528 5275 3729 5342 frater,

441 5366 572 5404 nem
593 5349 744 5404 enim
775 5352 1018 5406 vulneris
1048 5371 1248 5408 manus
1286 5355 1486 5410 medici
1501 5358 1696 5425 secuit,
1729 5365 1786 5413 et
1800 5361 2036 5414 sanavit.
2123 5363 2368 5417 Ecclesia:
2403 5365 2520 5429 Dei,
2562 5381 2680 5432 qua:
2717 5369 2792 5417 est
2836 5363 3109 5418 Corinthi.
3163 5365 3290 5419 Non
3339 5363 3482 5417 dixit
3521 5363 3733 5417 Paulus

441 5438 560 5492 Vox
581 5438 679 5492 illa
709 5439 778 5494 de
800 5441 938 5495 caelo
960 5445 1262 5513 prostravit
1295 5452 1728 5515 persecutorem,
1771 5455 1828 5502 et
1865 5451 2043 5506 erexit
2123 5451 2540 5520 etTimotheus,
2574 5454 2706 5524 quia
2742 5469 2856 5506 non
2879 5452 3044 5506 ambo
3093 5452 3356 5524 apostoli.
3402 5452 3489 5506 Ad
3521 5452 3733 5524 Philip-

441 5527 885 5598 praedicatorem,
909 5531 1110 5587 occidit
1133 5533 1366 5588 Saulum
1391 5540 1448 5590 et
1469 5535 1766 5594 vivificavit
1778 5538 2039 5605 Paulum,
2125 5557 2325 5611 penses
2352 5558 2501 5608 vero,
2532 5542 2630 5596 ubi
2677 5558 2791 5598 non
2819 5548 2942 5597 erat
2983 5547 3146 5598 tanta
3199 5542 3508 5598 auctoritas
3539 5557 3729 5596 neces-
