4034 6162
338 308 409 364 lbl

735 305 1312 360 ENARRATIONUM
1347 306 1426 360 IN
1464 305 1617 360 EPP.
1659 291 1874 363 PAULI
1912 309 2048 362 LIB.
2089 307 2295 363 XII.—
2323 309 2400 363 IN
2439 308 2660 366 EPIST.
2705 309 2754 364 Il
2792 310 2888 365 AD
2927 311 3088 370 COR.

3453 312 3556 368 162

332 432 462 494 saria,
489 429 618 483 servi
664 429 832 484 ambo
887 436 1189 502 ponuntur.
1236 433 1376 488 Cum
1430 434 1685 488 omnibus
1739 451 1872 489 san-
1892 437 1943 496 Α
1961 435 2081 489 vius
2096 435 2324 500 ferrent,
2351 437 2396 490 si
2417 435 2833 508 corriperentur
2857 455 3076 493 errores
3090 439 3316 494 illorum
3347 439 3417 493 ab
3447 441 3554 506 his,

331 525 420 575 etis.
452 519 539 574 llic
576 519 754 574 sancti
801 527 1037 590 possunt
1080 520 1256 592 accipi
1304 521 1640 588 sacerdotes,
1685 523 1780 594 qui
1818 524 1877 577 in

331 611 474 681 prima
499 615 778 678 ponuntur
804 609 1108 663 Dominum
1130 610 1468 677 invocantes,
1493 618 1550 666 et
1570 612 1640 665 ad
1671 612 1878 684 Philip-

1961 525 2056 595 qui
2078 525 2192 580 lucc
2214 531 2331 578 tam
2363 542 2564 596 aspera
2591 525 2908 580 tolerabant
2941 545 3041 598 pro
3077 527 3206 582 illis.
3241 528 3376 592 Quis
3405 529 3557 583 enim

1961 613 2304 668 medicorum
2325 631 2435 667 non
2455 620 2658 683 arguat
2670 622 2990 688 susceptum
3004 633 3168 671 suum
3182 618 3560 688 negligentius

330 715 489 770 penses
524 714 646 751 cum
691 697 978 769 Episcopis
1027 705 1085 752 et
1120 699 1476 765 Diaconibus,
1510 701 1638 755 ideo
1684 707 1874 756 autem
1959 719 2018 756 se
2035 689 2631 767 tractantemmecurze
2645 703 2934 758 medicinae
2962 706 3084 775 ejus
3111 705 3232 760 sine
3260 707 3458 761 eﬁ'ectu
3478 724 3562 762 re-

331 795 484 860 postea
527 785 924 850 nominantur,
975 804 1043 841 ne
1101 805 1302 858 parum
1351 788 1728 860 intelligentes
1783 809 1877 845 eos

327 877 594 948 premissos
635 893 757 929 esse
805 881 1088 946 putarent,
1120 894 1248 932 cum
1274 878 1394 947 jam
1425 878 1538 932 sint
1583 879 1638 932 in
1693 880 1878 933 Eccle-

327 967 391 1020 sia
402 965 784 1035 comprehensi.
809 967 916 1032 Qui
938 971 1068 1019 sunt
1092 969 1152 1020 in
1177 970 1438 1020 universa
1459 967 1686 1022 Achaia.
1708 969 1881 1038 Cujus

328 1061 395 1109 est
415 1054 718 1124 metropolis
745 1053 1068 1108 Corinthus.
1090 1055 1284 1110 Gratia
1305 1056 1450 1109 vobis
1481 1061 1528 1109 et
1557 1072 1670 1124 pas:
1694 1073 1728 1110 a
1753 1058 1876 1110 Deo.

326 1143 509 1198 Gratias
544 1147 720 1211 agunt
755 1143 873 1196 Deo
909 1142 1221 1214 gaudentes
1259 1161 1318 1197 se
1357 1143 1483 1198 ideo
1511 1145 1788 1198 consolari
1817 1151 1884 1199 ut

326 1232 411 1304 ipsi
448 1231 572 1285 alios
626 1231 1006 1286 consolentur.
1051 1235 1370 1287 Benedictus
1424 1234 1563 1287 Deus
1618 1239 1666 1287 et
1719 1236 1883 1288 Pater

325 1324 514 1376 Domini
539 1323 717 1374 nostri
737 1323 867 1375 Jesu
899 1322 1125 1386 Christi,
1151 1324 1314 1376 Pater
1343 1324 1878 1377 misericordiarum.

325 1409 442 1473 Quia
480 1425 537 1461 ex
585 1409 708 1480 ipso
756 1410 943 1463 omnis
989 1410 1390 1465 misericordia.
1443 1412 1508 1464 Et
1537 1413 1677 1466 Deus
1719 1415 1884 1466 totius

323 1501 690 1552 consolationis.
734 1498 798 1552 Id
856 1504 960 1564 est,
1009 1499 1264 1570 perfecta:
1307 1500 1722 1567 consolationis,
1755 1501 1887 1571 quia

324 1603 414 1640 non
438 1591 512 1639 est
543 1586 731 1640 minus
770 1587 830 1640 in
859 1587 1217 1642 tribulatione
1251 1589 1535 1642 solatium.
1568 1590 1673 1656 Qui
1697 1607 1884 1644 conso-

322 1678 450 1729 latur
462 1691 549 1728 nos
568 1679 629 1730 in
645 1692 913 1744 pressura
936 1683 1142 1732 nostra.
1158 1679 1208 1732 Ν
1211 1695 1284 1732 on
1304 1679 1361 1731 in
1382 1677 1681 1749 aliquibus,
1698 1679 1796 1733 sed
1828 1679 1886 1732 in

1963 799 2207 846 maneat.

2031 881 2136 935 Sed
2163 883 2268 948 ipsi
2299 883 2358 933 in
2393 882 2546 934 nobis
2577 897 2894 950 responsum
2943 885 3133 936 mortis
3160 884 3474 948 habuimus,
3501 890 3559 938 ut

1967 986 2077 1022 non
2105 973 2282 1022 simus
2312 971 2536 1036 ﬁdentes
2566 973 2627 1024 in
2664 972 2834 1026 nobis.
2853 973 2944 1024 sed
2973 975 3033 1024 in
3066 974 3184 1037 Deo,
3219 975 3318 1041 qui
3336 977 3562 1027 suscitat

1965 1063 2229 1111 mortuos.
2256 1059 2497 1112 Tantam
2540 1058 2900 1113 insolentiam
2937 1059 3251 1130 iniquitatis
3287 1061 3565 1130 signiﬁcat

1963 1145 2329 1200 insurrexisse
2361 1153 2555 1202 contra
2601 1149 2728 1201 ﬁdei
2777 1147 3185 1219 praedicatores,
3223 1156 3288 1203 ut
3323 1157 3562 1204 mortem

1967 1241 2097 1288 ante
2128 1236 2316 1290 oculos
2343 1235 2634 1301 haberent,
2669 1237 2912 1308 denique
2949 1237 3126 1308 erepti
3166 1238 3235 1291 de
3266 1237 3387 1309 ipsa
3413 1256 3565 1310 pres-

1966 1340 2098 1377 sura
2143 1325 2502 1379 resuscitatos
2552 1342 2610 1379 se
2658 1325 2870 1380 dicunt.
2905 1326 2994 1380 Sic
3024 1327 3176 1380 enim
3219 1326 3410 1382 afﬁicti
3439 1328 3562 1381 fue-

1967 1418 2115 1476 rant,
2156 1419 2221 1467 ut
2268 1414 2635 1484 desperarent
2677 1414 2746 1468 de
2787 1415 3047 1484 prmsenti
3091 1415 3222 1469 vita.
3273 1416 3381 1470 Sed
3432 1417 3566 1487 quia

1966 1500 2116 1555 Deus
2160 1502 2420 1573 praesidia
2458 1519 2560 1555 sua
2603 1519 2714 1556 non
2767 1510 2936 1573 negat
2981 1503 3037 1557 in
3085 1504 3414 1559 necessitate
3465 1523 3565 1576 po-

1968 1591 2108 1654 sitis,
2162 1591 2400 1644 maxime
2458 1591 2594 1657 suis,
2644 1591 2854 1663 eripuit
2899 1592 3024 1646 illos
3078 1593 3441 1664 desperantes
3497 1593 3566 1647 de

1969 1679 2302 1751 semetipsis,
2357 1681 2592 1734 ﬁdentes
2637 1686 2828 1736 autem
2884 1682 2952 1734 de
3003 1681 3157 1749 Deo;
3198 1682 3376 1736 nimia
3416 1681 3567 1736 enim

321 1763 559 1818 omnibus.
600 1765 662 1820 Ut
685 1768 961 1834 possimus
990 1771 1038 1820 et
1079 1769 1185 1835 ipsi
1213 1770 1490 1821 consolari
1514 1783 1598 1821 eos
1628 1771 1727 1837 qui
1754 1774 1886 1823 sunt
1904 1756 1950 1816 Β
1969 1785 2231 1840 pressura
2250 1768 2488 1824 deﬁcere
2515 1786 2574 1823 se
2599 1769 3024 1840 proﬁtebantur,
3039 1770 3380 1826 nisiadesset
3396 1772 3564 1826 Deus.

321 1856 372 1907 in
396 1855 534 1908 omni
546 1856 831 1922 angustia,
848 1871 950 1923 per
961 1855 1388 1910 exhortationem
1403 1872 1512 1925 qua
1528 1857 1888 1910 exliortamur

317 1948 357 1996 et
382 1946 474 2012 ipsi
495 1959 528 1996 a
563 1944 690 2000 Deo.
726 1943 1032 2014 Propterea
1058 1943 1382 2010 liberamur,
1419 1950 1482 1999 ut
1525 1951 1582 2000 et
1618 1962 1719 2000 nos
1750 1945 1887 2000 alios

317 2031 558 2086 consolari
596 2037 656 2085 et
683 2031 753 2086 de
792 2032 1026 2087 tristitia
1062 2032 1298 2088 liberare
1329 2034 1630 2105 possimus,
1664 2040 1764 2089 aut
1809 2035 1890 2088 ita

313 2121 524 2175 formam
553 2119 716 2175 nobis
742 2121 842 2174 dat
870 2122 1009 2176 alios
1035 2123 1378 2190 consolandi,
1414 2129 1472 2178 et
1499 2140 1599 2195 per
1627 2124 1888 2177 exhorta-

314 2211 519 2272 tionem,
551 2227 670 2281 qua
711 2210 819 2281 ipsi
875 2228 911 2264 a
955 2211 1070 2266 Deo
1117 2211 1492 2279 consolamur,
1535 2213 1890 2283 agnoscimus

314 2299 441 2369 quod
483 2299 635 2354 Deus
673 2298 998 2353 timentium
1027 2317 1086 2354 se
1115 2301 1402 2355 neminem
1439 2301 1812 2372 derelinquat,
1837 2307 1894 2356 et

314 2388 468 2442 multo
499 2388 682 2459 magis
726 2387 786 2442 in
823 2387 1012 2442 futuro
1058 2395 1401 2455 remuneret,
1433 2407 1574 2461 quos
1614 2391 1785 2444 etiam
1833 2390 1893 2446 in

315 2478 552 2547 presenti
573 2495 692 2532 non
720 2477 949 2532 deserit.
985 2477 1259 2544 Quoniam
1290 2483 1433 2534 sicut
1463 2481 1750 2534 abundant
1770 2495 1895 2548 pas-

312 2569 468 2620 siones
480 2567 705 2631 Christi,
729 2571 810 2621 ita
819 2573 868 2621 et
877 2583 976 2636 per
991 2568 1062 2622 Ch
1076 2571 1278 2622 ristum
1290 2570 1539 2622 abundat
1565 2572 1732 2622 etiam
1763 2585 1891 2622 con—

308 2657 482 2724 solatio
510 2661 725 2723 nostra,
747 2661 814 2710 ut
839 2661 896 2710 et
929 2656 1127 2710 Petrus
1159 2663 1244 2711 est
1277 2657 1346 2711 de
1375 2673 1596 2712 carcere
1625 2652 1894 2711 liberatus

311 2743 430 2807 (Act.
462 2749 582 2812 xu);
617 2749 680 2798 et
721 2744 843 2816 ipse
891 2745 1097 2800 Paulus
1141 2746 1354 2800 visione
1395 2745 1621 2801 Domini
1669 2751 1728 2800 et
1764 2762 1894 2801 voce

307 2835 660 2888 conﬁrmatus
689 2833 746 2888 in
788 2835 1000 2905 templo
1045 2834 1181 2903 (Act.
1226 2839 1382 2905 XXII).
1414 2835 1536 2891 Sive
1573 2840 1760 2889 autem
1789 2852 1894 2890 an-

305 2926 529 2988 gustiam
560 2926 826 2993 patimur
857 2939 962 2992 pro
989 2929 1167 2978 vestra
1195 2925 1585 2990 exhortatione,
1617 2929 1668 2978 et
1698 2927 1892 2978 salute.

307 3009 436 3074 Quia
462 3029 558 3066 vos
597 3011 673 3065 ad
718 3012 959 3066 salutem
988 3012 1299 3080 hortamur,
1319 3013 1433 3067 sive
1451 3018 1516 3067 ut
1535 3011 1688 3068 vobis
1715 3030 1899 3068 exem-

307 3100 446 3170 plum
501 3101 820 3156 tolerantia:
867 3100 1214 3172 praebeamus
1272 3120 1282 3155 :
1347 3119 1478 3156 nam
1535 3101 1896 3157 manifestum

305 3195 397 3252 est,
439 3189 572 3260 quia
601 3206 706 3260 pro
735 3205 846 3260 quo
887 3190 1153 3260 patimur,
1185 3190 1304 3261 ipse
1333 3189 1492 3244 nobis
1519 3190 1680 3244 adest
1709 3207 1900 3245 conso-

305 3277 418 3332 lans
447 3295 570 3344 nos,
594 3295 702 3349 per
721 3277 1113 3332 liberationem
1142 3279 1384 3350 eripiens
1411 3296 1513 3334 nos
1541 3279 1610 3333 de
1637 3296 1900 3351 pressura

306 3365 624 3421 interventu
675 3367 990 3438 majestatis
1043 3385 1175 3423 suae.
1206 3368 1330 3425 Sive
1359 3374 1544 3422 autem
1575 3384 1898 3437 pressuram

301 3460 566 3523 patimur,
595 3472 706 3526 pro
731 3462 912 3510 vestra
939 3458 1314 3511 exhortatione
1339 3462 1389 3511 et
1415 3459 1592 3511 salute
1623 3474 1634 3508 :
1667 3459 1776 3510 sive
1806 3473 1900 3510 ea;-

307 3545 677 3600 hortationem
732 3549 1142 3614 consequimur,
1161 3562 1265 3614 pro
1292 3551 1471 3600 vestra
1508 3546 1894 3612 exhortatione,

305 3651 413 3703 qua
441 3640 716 3704 operatur
739 3651 843 3703 per
867 3638 1201 3703 patientiam
1221 3636 1540 3688 earumdem
1554 3638 1896 3703 passionum,

307 3739 431 3792 quas
459 3730 509 3777 et
557 3739 662 3778 nos
689 3725 965 3791 patimur,
1000 3728 1049 3776 et
1087 3740 1202 3792 spes
1253 3729 1442 3778 nostra
1491 3729 1638 3778 certa
1681 3729 1754 3778 est
1797 3739 1902 3792 pro

304 3813 455 3876 robis,
491 3816 638 3882 quia
665 3815 872 3866 scimus
901 3813 1044 3880 quod
1076 3815 1126 3866 si
1151 3814 1285 3866 socii
1313 3815 1436 3866 estis
1461 3815 1804 3881 passionum,
1827 3829 1905 3865 sic

305 3905 347 3953 ct
373 3903 788 3956 consolationis.
823 3899 1176 3954 Generaliter
1211 3900 1476 3972 loquitur,
1509 3907 1573 3955 ut
1613 3901 1748 3972 quia
1779 3917 1901 3955 cre-

302 3988 550 4044 dentium
577 4006 754 4045 causa
783 3989 1198 4060 persecutiones
1227 3990 1587 4060 patiebantur
1613 4007 1648 4044 a
1675 3989 1903 4062 perﬁdis

302 4077 531 4149 subjecti
563 4078 798 4150 injuriis
826 4083 884 4132 et
909 4077 1169 4144 caedibus,
1201 4078 1280 4133 sic
1310 4079 1516 4133 iterum
1561 4078 1768 4134 auxilio
1799 4078 1900 4132 Dei

301 4164 684 4222 liberarentur
713 4167 788 4222 ad
817 4167 1254 4222 consolationem
1285 4167 1632 4222 credentium
1656 4185 1727 4222 ne
1747 4184 1903 4222 scan-

300 4254 487 4310 dalum
529 4255 692 4328 passi
735 4273 771 4310 a
811 4256 923 4310 ﬁde
963 4255 1300 4324 exciderent,
1344 4257 1479 4327 quia
1523 4256 1744 4328 injuriae
1774 4273 1903 4327 apo-

297 4343 572 4400 stolorum
616 4345 957 4400 tentationes
996 4350 1159 4400 erant
1189 4345 1557 4412 credentium,
1589 4346 1732 4400 sicut
1771 4345 1905 4399 scri-

299 4438 454 4503 ptum
485 4441 581 4489 est
623 4433 684 4488 in
731 4434 1004 4506 propheta
1041 4434 1310 4488 Zacharia
1342 4452 1354 4486 :
1389 4436 1700 4489 Percutiam
1726 4440 1906 4503 pasto-

299 4537 429 4588 rem,
463 4530 516 4578 et
547 4525 942 4592 dispergentur
975 4540 1090 4578 oves
1116 4526 1296 4592 gregis
1328 4523 1508 4590 (Zach.
1532 4528 1668 4592 xm).
1701 4524 1906 4587 Quam-

298 4611 374 4665 vis
397 4611 606 4667 futura
633 4611 866 4666 credant
894 4611 1104 4676 ﬁdeles,
1123 4617 1315 4666 tamen
1341 4611 1488 4666 inter
1515 4611 1641 4682 ipsa
1669 4612 1905 4683 primor-

299 4699 388 4754 dia
438 4717 731 4773 pressum
785 4700 1018 4755 novellis
1062 4699 1274 4755 faciunt
1320 4699 1670 4766 scandalum,
1703 4705 1906 4772 putant

298 4789 446 4844 enim
477 4788 719 4844 inanem
765 4806 887 4844 esse
931 4789 1382 4861 promissionem,
1415 4789 1462 4844 si
1495 4789 1547 4844 vi
1577 4806 1906 4861 oppressum

299 4877 547 4933 viderint
596 4877 1014 4950 praedicantem.
1048 4879 1156 4934 Sed
1195 4878 1242 4934 si
1276 4880 1397 4949 jam
1436 4880 1634 4933 ﬁrmus
1673 4884 1759 4932 est
1783 4895 1904 4933 cre-

297 4967 452 5034 dens,
495 4967 850 5038 compatitur
875 4984 1003 5022 cum
1047 4985 1149 5022 suo
1178 4968 1469 5039 magistro,
1504 4967 1682 5022 ﬁdens
1709 4967 1778 5022 de
1808 4984 1906 5038 spe

301 5055 514 5123 futura,
551 5062 622 5111 ut
657 5055 825 5111 simul
853 5056 1187 5123 consoletur,
1220 5073 1348 5111 cum
1377 5074 1486 5128 quo
1517 5061 1574 5110 et
1602 5056 1834 5128 patitur.

367 5146 497 5202 Non
529 5149 690 5200 enim
715 5148 972 5200 volumus
1001 5149 1262 5214 ignorare
1287 5162 1395 5211 vos,
1427 5147 1651 5213 fratres,
1681 5146 1744 5199 de
1761 5160 1911 5214 pres-

301 5250 435 5289 sura
459 5239 810 5304 nostra,quz
821 5235 972 5302 facta
989 5241 1065 5290 est
1094 5238 1156 5289 in
1173 5234 1466 5304 Asia,quia
1493 5250 1664 5304 supra
1687 5236 1910 5288 modum

300 5327 530 5390 gravati
573 5340 769 5382 sumus
809 5340 982 5392 supra
1027 5327 1308 5389 virtutem,
1341 5327 1422 5378 ita
1461 5329 1526 5377 ut
1576 5325 1790 5378 taederet
1819 5339 1915 5377 nos

304 5415 471 5468 etiam
501 5415 709 5467 vivere.
742 5412 876 5469 Ideo
916 5412 1202 5484 passiones
1257 5429 1648 5484 pressurarum
1705 5412 1918 5467 indicat

303 5517 477 5574 prope
508 5517 700 5572 usque
739 5502 813 5557 ad
853 5506 1097 5557 mortem
1142 5501 1358 5568 allatas,
1391 5507 1458 5557 ut
1486 5501 1749 5557 ostendat
1793 5518 1916 5573 quae

308 5591 456 5646 mala
483 5588 696 5648 salutis
707 5590 936 5648 illorum
961 5607 1130 5647 causa
1158 5589 1536 5663 patiebantur,
1566 5596 1633 5648 ut
1659 5605 1772 5646 non
1789 5605 1915 5662 gra-

1971 1861 2078 1927 Q-ui
2103 1860 2166 1912 de
2199 1862 2366 1912 tantis
2384 1862 2647 1927 periculis
2668 1862 2874 1928 eripuit
2907 1876 3000 1913 nos
3028 1865 3078 1913 et
3107 1863 3254 1914 eruit
3277 1881 3293 1914 :
3317 1864 3381 1915 in
3408 1877 3568 1930 quem

1968 1963 2272 2016 speramus,
2307 1951 2570 2016 quoniam
2597 1953 2644 2001 et
2672 1949 2853 2002 adhuc
2879 1950 3500 2018 eripiet,adjucantibus
3521 1955 3570 2004 ct

1971 2037 2117 2090 vobis
2149 2039 2209 2090 in
2239 2039 2486 2090 oratione
2510 2053 2613 2105 pro
2638 2038 2791 2090 nobis
2822 2043 2883 2090 ut
2903 2054 2966 2090 ex
2997 2041 3304 2092 multorum
3319 2041 3570 2108 personis

1971 2129 2087 2194 ejus
2116 2141 2233 2194 qua
2274 2127 2334 2178 in
2381 2126 2532 2178 nobis
2568 2131 2643 2179 est
2673 2127 2989 2180 donationis
3021 2142 3122 2195 per
3150 2131 3352 2182 multos
3375 2131 3572 2196 gratia:

1972 2219 2219 2281 agantur
2253 2229 2356 2282 pro
2401 2215 2571 2268 nobis.
2609 2215 2726 2268 Hoc
2755 2214 2909 2280 dicit,
2957 2215 3222 2285 quoniam
3257 2216 3443 2286 gratia
3471 2215 3572 2270 Dei

1974 2302 2282 2355 multorum
2309 2319 2477 2356 causa
2504 2303 2791 2356 consolata
2821 2310 2906 2356 est
2933 2304 3232 2373 apostolos,
3254 2303 3310 2356 id
3331 2309 3434 2368 est,
3457 2320 3574 2357 om-

1976 2390 2131 2444 nium
2145 2390 2514 2456 credentium,
2530 2408 2769 2461 quorum
2780 2408 2951 2445 causa
2966 2397 3022 2445 et
3038 2408 3312 2462 pressurae
3327 2392 3408 2445 eis
3421 2392 3574 2462 inge-

1977 2478 2358 2541 rebantur.Ac
2385 2496 2485 2550 per
2503 2479 2606 2533 hoc
2633 2479 2765 2550 quia
2791 2480 3044 2534 omnium
3073 2497 3242 2534 causa
3271 2486 3376 2546 est,
3389 2480 3573 2535 cuncti

1976 2569 2092 2622 Deo
2101 2567 2313 2638 gratias
2324 2568 2721 2633 referant,cum
2733 2574 2914 2622 cessat
2924 2569 3288 2636 tentatio,aut
3298 2569 3574 2636 oritur,si-

1975 2657 2094 2711 mul
2115 2656 2496 2711 obsecrentur.
2518 2659 2706 2713 Gloria
2731 2660 2882 2711 enim
2901 2663 3089 2712 nostra
3108 2658 3216 2712 haec
3236 2664 3311 2711 est
3342 2662 3574 2713 testimo-

1976 2749 2156 2800 mium
2179 2749 2518 2800 conscientia
2531 2751 2744 2800 nostra.
2763 2747 2880 2800 Hoc
2907 2746 3060 2812 dicit,
3083 2746 3216 2817 quia
3237 2747 3306 2800 de
3327 2763 3429 2801 sua
3448 2763 3574 2801 con-

1979 2833 2215 2888 scientia
2242 2833 2676 2905 praesumebant,
2711 2851 2832 2906 quae
2870 2851 3014 2905 pura
3052 2840 3176 2888 erat
3213 2834 3283 2888 ab
3314 2835 3468 2890 omni
3497 2835 3573 2890 si-

1979 2923 2306 2990 mulatione,
2332 2922 2696 2993 quamobrem
2727 2923 2796 2976 de
2825 2923 2925 2977 Dei
2957 2924 3180 2978 auxiliis
3209 2941 3322 2978 non
3353 2923 3574 2980 difﬁde-

1979 3013 2134 3067 bant.
2169 3012 2369 3080 (ἆνερ.)
2403 3013 2609 3066 Sancta
2639 3011 2883 3066 Ecclesia
2919 3011 2978 3065 in
3024 3012 3322 3082 Evangelio
3357 3013 3570 3080 (Matth,

1980 3105 2114 3170 xxv)
2157 3101 2348 3155 decem
2377 3100 2684 3170 virginibus
2727 3100 2928 3154 similis
2955 3100 3340 3166 denuntiatur,
3375 3100 3432 3154 in
3465 3117 3575 3172 qua

1981 3190 2114 3260 quia
2142 3190 2276 3244 mali
2305 3206 2433 3243 cum
2463 3189 2624 3244 bonis
2643 3195 2700 3243 et
2728 3189 2950 3261 reprobi
2979 3207 3105 3243 cum
3128 3189 3318 3244 electis
3341 3189 3574 3244 admixti

1981 3284 2131 3345 sunt,
2162 3285 2312 3333 recte
2341 3279 2540 3333 similis
2566 3278 2875 3349 virginibus
2914 3278 3283 3350 prudentibus
3318 3284 3376 3333 et
3406 3277 3575 3334 fatuis

1981 3386 2103 3422 esse
2127 3367 2455 3439 perhibetur
2477 3386 2487 3420 :
2513 3372 2647 3421 sunt
2669 3384 2911 3438 namque
2932 3367 3184 3439 plerique
3205 3369 3573 3436 continentes,

1984 3457 2080 3528 qui
2112 3457 2182 3510 ab
2212 3457 2474 3512 exteriori
2519 3473 2578 3510 se
2622 3457 2878 3528 appetitu
2908 3457 3251 3523 custodiunt,
3287 3464 3346 3511 et
3380 3475 3478 3528 spe
3505 3457 3577 3512 ad

1984 3546 2256 3601 interiora
2292 3545 2609 3617 rapiuntur,
2627 3562 2854 3600 carnem
2882 3551 3188 3611 macerant,
3213 3553 3269 3600 et
3287 3551 3406 3600 toto
3436 3542 3580 3600 desi-

1983 3635 2140 3690 derio
2167 3637 2238 3690 ad
2267 3651 2569 3706 supernam
2600 3634 2842 3706 patriam
2879 3635 3166 3700 anhelant,
3199 3641 3410 3688 aeterna
3432 3652 3576 3706 pra:-

1984 3724 2097 3778 mia
2138 3730 2424 3796 expetunt,
2467 3741 2567 3794 pro
2610 3722 2894 3776 laboribus
2934 3723 3051 3776 suis
3095 3723 3343 3794 recipere
3383 3724 3578 3778 laudes

1984 3813 2262 3867 humanas
2286 3813 2504 3878 nolunt,
2537 3812 2596 3864 hi
2627 3811 2897 3864 nimirum
2925 3811 3164 3880 gloriam
3193 3827 3354 3865 suam
3385 3827 3498 3865 non
3518 3811 3577 3865 in

1985 3919 2081 3955 ore
2103 3901 2395 3956 hominum
2419 3905 2654 3972 ponunt,
2669 3900 2767 3953 sed
2787 3899 2937 3952 intra
2965 3898 3365 3953 conscientiam
3395 3905 3580 3952 conte-

1982 3995 2150 4060 gunt:
2176 3995 2234 4044 et
2258 3995 2391 4044 sunt
2419 3988 2670 4060 plerique
2699 3988 2795 4059 qui
2824 4002 3025 4060 corpus
3055 4005 3154 4059 per
3179 3987 3579 4042 abstinentiam

1984 4079 2266 4150 afﬂigunt,
2281 4079 2376 4133 sed
2389 4078 2457 4132 de
2469 4078 2591 4150 ipsa
2602 4094 2705 4133 sua
2717 4077 3057 4132 abstinentia
3066 4078 3348 4132 humanos
3363 4077 3580 4132 favores

1985 4185 2050 4223 ex
2054 4167 2543 4240 petunt,doctrinae
2555 4167 3274 4238 inserviunt,indigentibus
3287 4167 3465 4222 multa
3475 4167 3583 4221 lar-

1983 4259 2235 4328 giuntur,
2255 4257 2351 4310 sed
2373 4257 2538 4312 fatuae
2552 4257 2798 4329 profecto
2816 4263 2948 4311 sunt
2965 4257 3228 4327 virgines,
3247 4256 3381 4328 quia
3405 4257 3584 4312 solam

1987 4347 2171 4401 laudis
2199 4347 2536 4401 transitoria:
2579 4346 3010 4402 retributionem
3041 4352 3316 4416 quierunt,
3349 4345 3498 4400 unde
3526 4352 3584 4400 et

1987 4440 2179 4506 aperte
2190 4434 3024 4504 subditueruinque/‘atuwnon
3035 4436 3582 4502 sumpseruntoteum

1985 4541 2104 4578 secu
2113 4541 2164 4576 m
2173 4564 2185 4590 ,
2189 4525 2481 4592 prudentes
2493 4529 2678 4578 autem
2700 4538 2952 4590 acceperu
2961 4526 3022 4574 nt
3040 4524 3217 4574 oleum
3235 4523 3298 4573 in
3310 4523 3453 4574 casis
3467 4523 3584 4574 suis

1987 4629 2115 4667 cum
2137 4613 2502 4681 lampadibus,
2521 4628 2622 4682 per
2642 4612 2826 4665 oleum
2845 4609 3048 4682 quippe
3059 4608 3210 4662 nitor
3223 4608 3418 4679 gloriae
3439 4609 3583 4662 desi-

1984 4706 2210 4772 gnatur,
2242 4700 2467 4754 vascula
2503 4705 2691 4753 autem
2738 4703 2932 4752 nostra
2971 4703 3106 4752 sunt
3147 4697 3334 4765 corda,
3367 4697 3428 4754 in
3457 4699 3583 4770 qui-

1987 4788 2090 4843 bus
2154 4788 2387 4842 terimus
2446 4793 2646 4840 cuncta
2699 4803 2820 4856 qua:
2880 4785 3212 4857 cogitamus.
3273 4785 3587 4843 Prudentes

1989 4894 2119 4932 vero
2149 4877 2336 4930 oleum
2373 4876 2434 4929 in
2468 4875 2616 4929 vasis
2666 4875 2894 4941 habent,
2931 4875 3064 4947 quia
3107 4875 3352 4930 nitorem
3393 4876 3586 4947 gloriae

1989 4966 2138 5020 intra
2167 4964 2566 5019 conscientiam
2587 4970 2800 5028 tenent,
2821 4965 2994 5019 Paulo
3023 4970 3329 5020 attestante
3351 4965 3446 5036 qui
3468 4966 3582 5019 ait:

1989 5055 2178 5110 Gloria
2203 5058 2390 5108 nostra
2404 5053 2512 5107 hac
2524 5058 2596 5106 est
2615 5056 2988 5107 testimonium
3011 5057 3353 5108 conscientia:
3369 5059 3585 5108 nostra:

1992 5142 2158 5198 fatuae
2201 5147 2392 5196 autem
2436 5141 2680 5212 virgines
2721 5142 2908 5196 oleum
2952 5158 3142 5196 secum
3182 5158 3296 5195 non
3334 5147 3584 5204 sumunt,

1997 5233 2130 5303 quia
2155 5231 2396 5303 gloriam
2425 5231 2575 5285 intra
2607 5230 3006 5286 conscientiam
3037 5246 3149 5283 non
3187 5229 3414 5296 habent,
3453 5230 3589 5286 dum

1995 5321 2140 5376 hanc
2149 5320 2219 5375 ab
2231 5337 2326 5375 ore
2337 5320 2718 5392 proximorum
2730 5323 3005 5391 quaerunt.
3015 5319 3092 5385 Qu
3099 5321 3154 5372 ia
3169 5321 3230 5372 in
3239 5321 3590 5387 simplicitate

1999 5412 2509 5476 etsinceritate,non
2521 5413 2584 5464 in
2595 5411 2867 5478 sapientia
2880 5409 3592 5480 carnali,sedingratial)ci

1997 5501 2303 5554 conversati
2310 5515 2502 5553 sumus
2515 5502 2577 5553 in
2589 5499 2687 5552 hoc
2697 5497 3312 5562 mundo,abundantius
3323 5502 3504 5551 autem
3516 5499 3592 5552 ad

1995 5605 2104 5644 cos.
2131 5586 2340 5658 (Amb.)
2376 5588 2507 5644 Haec
2547 5592 2634 5644 est
2667 5585 2849 5658 gloria
2875 5585 3226 5642 conscientia
3255 5601 3424 5656 quam
3453 5584 3593 5640 dixit
