3974 6188
415 196 515 276 iss

998 196 1062 257 Β.
1106 198 1378 258 RABANI
1416 194 1648 255 MAURI
1685 189 2022 253 ARCHIEP.
2064 192 2388 257 MOGUN’I‘.
2430 190 2728 252 OPEBUM
2763 192 2948 251 PARS
2986 192 3085 255 III.

3582 192 3680 254 164

411 325 740 400 simplicitas
767 329 826 383 et
850 324 1161 390 sinceritas,
1191 328 1249 378 et
1274 321 1407 397 quia
1423 321 1542 376 haec
1567 321 1637 377 de
1664 319 1767 376 Dei
1795 319 2005 379 doctri-
2021 321 2202 388 Atur,
2226 319 2378 392 quod
2396 319 2697 392 Apostolus
2714 336 2940 393 semper
2955 318 3181 395 sprevit.
3205 318 3469 390 Spiritale
3495 324 3682 375 autem

413 433 490 471 na
520 420 670 481 sunt,
702 414 927 487 adjecit,
963 431 990 464 ς(
1022 428 1134 466 non
1163 411 1223 465 in
1253 409 1531 486 sapientia
1558 408 1790 476 carnali,
1822 408 1922 465 sed
1947 408 2010 464 in

413 504 600 576 gratia
624 503 754 572 Dei;
789 523 815 555 ι)
848 507 914 557 ut
942 500 1261 556 ostenderet
1288 516 1403 554 non
1429 499 1692 554 humanae
1719 497 2008 571 sapientia:

415 593 513 649 sed
551 591 892 663 Evangelicae
937 588 1324 662 praedicationi
1350 587 1586 642 liberam
1626 604 1686 642 se
1727 586 2010 642 conscien-

413 682 554 737 tiam
585 680 919 736 exhibuisse.
963 677 1260 734 Praeterita
1306 676 1549 744 refricat,
1595 677 1700 731 hoc
1741 675 1892 730 enim
1933 675 2010 730 si-

412 771 662 842 gniﬁcat,
703 768 851 840 quod
898 767 958 822 in
1005 767 1190 839 prima
1236 765 1475 839 epistola
1525 765 1715 836 arguit
1766 764 2012 820 fucatam

414 857 868 931 praedicationem
908 857 1071 928 juxta
1111 856 1426 910 humanum
1462 871 1691 909 sensum
1737 859 2008 926 aptatam,

413 948 577 1018 cuius
591 946 986 1019 praedicatores
1013 944 1223 1017 duplici
1249 960 1456 1016 genere
1492 943 1552 997 in
1580 942 1861 1019 sapientia
1887 958 2010 996 car-

414 1035 531 1091 nali
555 1040 799 1102 accusat,
828 1034 963 1107 quia
997 1040 1053 1091 et
1076 1034 1240 1105 juxta
1268 1031 1465 1088 mundi
1494 1047 1723 1086 sensum
1751 1030 2013 1105 praedica-

412 1123 569 1192 bant,
585 1141 656 1179 ne
679 1123 843 1183 facile
863 1123 1213 1180 oﬁenderent
1231 1121 1491 1177 homines
1507 1127 1565 1176 et
1581 1127 1826 1195 quaestus
1845 1136 2014 1175 causa

415 1214 521 1271 hoc
562 1213 806 1285 agebant
842 1211 1089 1284 propriis
1129 1210 1302 1271 lucris
1340 1208 1661 1287 carnalibus
1697 1208 2007 1264 studentes.

413 1302 576 1359 Unde
622 1308 680 1358 et
729 1301 1033 1373 Apostolus
1077 1314 1371 1371 nunquam
1419 1315 1454 1353 a
1501 1297 1810 1354 Corinthiis
1854 1314 2011 1354 sum-

416 1396 548 1463 ptus
601 1390 781 1445 voluit
833 1389 1103 1461 accipere,
1150 1405 1221 1442 ne
1279 1387 1369 1442 his
1420 1386 1768 1442 occasionem
1826 1387 2008 1455 daret,

416 1496 483 1537 eo
531 1479 680 1552 quod
726 1478 928 1533 similis
974 1478 1056 1532 eis
1111 1483 1259 1533 esset
1305 1477 1363 1531 in
1413 1476 1519 1533 hac
1573 1493 1654 1531 re.
1705 1476 1850 1531 Hinc
1903 1480 2008 1540 est,

419 1568 568 1640 quod
597 1567 750 1633 dicit,
780 1586 807 1619 «
853 1566 1233 1622 abundantius
1269 1564 1418 1638 apud
1446 1582 1543 1620 vos
1571 1563 1900 1636 simpliciter
1924 1581 2016 1619 su-

2090 414 2226 467 tunc
2244 407 2579 481 dispositum
2600 422 2715 462 non
2742 408 3030 481 impletur,
3053 408 3280 483 quando
3306 408 3691 480 providentius

2089 497 2301 570 aliquid
2323 513 2425 573 pro
2443 497 2625 552 salute
2663 496 2866 552 animae
2885 496 3211 569 meditatur,
3226 497 3370 552 sicut
3389 501 3447 552 et
3463 497 3694 571 Aposto-

2092 586 2180 642 lus
2221 585 2349 641 ideo
2397 601 2511 645 non
2556 585 2812 661 implevit
2855 585 3005 658 quod
3047 585 3318 652 voluerat,
3346 591 3416 640 ut
3453 601 3556 657 per
3591 585 3696 641 hoc

2094 675 2279 751 ipsum
2310 674 2572 731 meliores
2590 674 2967 745 efﬁcerentur,
2989 674 3228 731 scientes
3258 674 3385 730 ideo
3411 674 3694 731 distulisse

2093 781 2245 831 eum,
2269 763 2403 835 quia
2428 762 2660 835 quidam
2689 763 2873 818 adhuc
2901 763 3053 821 inter
3081 780 3178 818 eos
3207 779 3322 818 non
3347 779 3408 818 se
3438 763 3697 836 puriﬁca-

2093 858 2292 908 verant
2322 869 2358 906 a
2396 851 2657 927 peccatis.
2697 853 2761 908 Ut
2797 855 2888 919 sit,
2925 851 3127 924 inquit,
3159 854 3317 923 apud
3346 869 3449 917 me,
3494 859 3588 919 est,
3621 858 3695 908 est

2094 958 2226 1009 non,
2241 957 2372 1008 non,
2386 941 2492 995 hoc
2518 941 2799 1012 signiﬁcat
2816 940 2953 1013 quia
2981 957 3093 997 non
3114 939 3270 996 aliud
3296 941 3414 1013 egit
3431 957 3601 1013 quam
3622 942 3697 997 sit

2092 1030 2394 1102 agendum,
2428 1029 2562 1103 quia
2592 1029 2808 1085 utilitas
2853 1029 3249 1105 anteponenda
3286 1035 3373 1085 est
3398 1030 3692 1086 voluntati.

2093 1119 2200 1174 Hic
2247 1135 2446 1174 sensus
2490 1117 2761 1191 spiritalis
2801 1125 2930 1174 est:
2976 1118 3216 1175 carnalis
3257 1124 3448 1174 autem
3500 1136 3697 1174 sensus

2093 1207 2174 1263 sic
2199 1212 2472 1275 mutatur,
2513 1212 2580 1265 ut
2618 1212 2927 1280 anteponat
2957 1208 3303 1265 voluntatem
3344 1207 3594 1264 utilitati.
3612 1209 3699 1264 Fi-

2092 1299 2229 1353 delis
2257 1303 2446 1351 autem
2474 1298 2616 1354 Deus
2656 1299 2793 1367 quia
2829 1313 3009 1351 sermo
3052 1303 3241 1352 noster
3265 1300 3368 1369 qui
3407 1299 3519 1366 fuit
3547 1299 3701 1367 apud

2103 1402 2199 1445 vos
2213 1402 2324 1440 non
2339 1391 2415 1441 est
2446 1387 2509 1441 in
2538 1388 2657 1451 illo,
2689 1390 2764 1440 est
2781 1390 2829 1439 ct
2845 1385 3094 1441 non.Sed
3118 1391 3193 1441 est
3220 1389 3284 1441 in
3314 1389 3430 1454 illo,
3463 1391 3554 1440 est.
3579 1384 3699 1441 Hoc

2094 1479 2182 1529 est
2207 1473 2358 1546 quod
2386 1473 2523 1528 dicit
2549 1479 2608 1529 et
2642 1473 2715 1531 ad
2744 1474 2974 1529 Galatas
3006 1491 3018 1526 :
3046 1473 3114 1529 Si
3141 1490 3264 1544 quw
3292 1476 3560 1541 destruri,
3589 1474 3700 1529 hac

2095 1564 2281 1620 eadem
2309 1564 2530 1631 adi/ica,
2540 1565 3030 1632 prevaricatorem
3051 1580 3134 1616 me
3152 1565 3422 1618 constituo
3439 1559 3579 1631 (Gal.
3613 1567 3695 1633 ιι).

418 1674 546 1712 mus
595 1655 926 1721 conversati,
964 1674 990 1707 »
1027 1655 1162 1729 quia
1190 1671 1319 1711 cum
1349 1652 1420 1709 ab
1461 1653 1590 1708 aliis
1629 1654 1926 1726 acceperit,
1956 1652 2028 1708 ab
2045 1644 2231 1709 ΒΜθο
2253 1667 2388 1721 ergo
2410 1651 2632 1706 ﬁdelem
2652 1651 2712 1706 in
2733 1668 2794 1708 se
2809 1651 2945 1707 dicit
2960 1650 3547 1725 Deipraadicationem,
3562 1667 3700 1707 nam

417 1746 506 1801 his
536 1744 734 1812 noluit,
764 1752 838 1799 ne
866 1744 1140 1816 arguendi
1157 1761 1254 1799 eos
1281 1742 1679 1798 auctoritatem
1707 1741 2012 1799 amitteret.

417 1835 542 1892 Non
573 1837 724 1889 enim
757 1837 876 1889 alia
905 1836 1231 1903 scripsimus
1265 1833 1429 1897 vobis,
1464 1848 1634 1902 quam
1667 1848 1786 1902 qua:
1813 1834 2016 1901 legistis

417 1929 467 1978 et
493 1925 826 1992 cognoscitis.
859 1922 939 1979 Ea
978 1939 1038 1977 se
1077 1921 1212 1976 dicit
1242 1919 1502 1987 scribere,
1537 1936 1660 1992 quae
1689 1936 1804 1974 non
1833 1920 2017 1975 solum

418 2011 624 2066 litteris
663 2016 976 2077 cernerent,
1009 2010 1105 2065 sed
1146 2015 1205 2065 et
1249 2008 1513 2081 operibus
1551 2010 1676 2080 ejus
1720 2008 2020 2064 manifesta

416 2099 710 2168 haberent,
762 2105 830 2154 ut
871 2098 1137 2172 probaret
1175 2115 1243 2154 ea
1292 2113 1416 2171 qum
1455 2098 1712 2170 loquitur
1745 2097 1920 2169 gestis
1957 2113 2018 2152 se

416 2187 672 2261 implere,
723 2186 927 2260 quibus
973 2188 1418 2260 uniuscujusque
1466 2200 1627 2241 mens
1671 2191 1730 2241 et
1769 2185 2020 2261 proposi-

416 2283 541 2332 tum
573 2276 772 2332 discat.
795 2276 965 2346 Spero
983 2282 1169 2331 autem
1186 2276 1332 2346 quod
1344 2290 1514 2345 usque
1542 2278 1606 2330 in
1635 2277 1802 2343 ﬁnem
1830 2291 2020 2343 cogno-

417 2368 588 2433 scitis,
620 2369 764 2420 sicut
797 2371 847 2420 et
884 2367 1206 2434 cognovistis
1236 2380 1334 2420 nos
1363 2379 1427 2419 ea
1449 2369 1631 2437 parte,
1664 2366 1800 2433 quia
1839 2366 2021 2432 gloria

416 2459 596 2509 vestra
625 2470 837 2519 sumus,
863 2457 1004 2508 sicut
1034 2459 1084 2508 rt
1110 2470 1199 2508 ros
1229 2457 1423 2509 nostra
1441 2455 1504 2507 in
1524 2454 1611 2507 die
1638 2453 1868 2508 Domini
1893 2454 2021 2507 Jesu
2046 2482 2065 2493 ς

418 2542 644 2597 Christi.
674 2541 953 2597 Proﬁcere
994 2541 1122 2596 illos
1154 2547 1345 2613 sperat
1384 2558 1451 2595 ex
1470 2557 1555 2607 eo,
1582 2540 1734 2612 quad
1767 2541 1889 2612 jam
1917 2557 2024 2595 cae-

418 2635 621 2701 perant
649 2630 912 2685 meliores
941 2629 1106 2696 effici,
1139 2629 1364 2701 cognito
1395 2629 1597 2684 aﬂ‘ectu
1626 2628 1774 2684 circa
1803 2645 1863 2684 se
1878 2631 2025 2700 Apo-

419 2718 570 2785 stoli,
584 2722 641 2773 et
660 2717 1052 2790 gloriabantur
1066 2718 1124 2772 in
1143 2734 1210 2773 eo
1229 2718 1384 2772 velut
1400 2717 1501 2772 ﬁlii
1529 2717 1592 2772 in
1622 2723 1783 2790 patre
1810 2718 2024 2778 charis-

2094 1741 2214 1795 htec
2256 1739 2470 1795 faciunt
2511 1740 2851 1807 adulatores,
2881 1741 3209 1813 frequenter
3232 1740 3383 1796 enim
3413 1758 3484 1797 ne
3512 1741 3701 1796 homi-

2098 1846 2198 1886 nes
2251 1829 2555 1897 oﬁ’endant,
2588 1845 2712 1905 quae
2755 1845 2889 1885 vera
2928 1835 3062 1885 sunt
3102 1828 3558 1902 praetermittunt.
3600 1831 3704 1886 Dei

2098 1921 2249 1978 enim
2276 1919 2453 1973 Filius
2482 1920 2637 1976 Jesus
2663 1920 2914 1976 Christus
2941 1921 3042 1993 qui
3058 1921 3123 1974 in
3149 1920 3300 1977 vobis
3319 1935 3422 1989 per
3451 1935 3548 1974 nos
3558 1934 3704 1991 pree-

2097 2009 2312 2063 dieatus
2343 2011 2439 2072 est,
2465 2022 2567 2076 per
2593 2024 2679 2066 me
2705 2013 2756 2062 et
2778 2005 3080 2063 Silvanum
3107 2013 3158 2067 et
3191 2008 3548 2077 Timotheum,
3582 2023 3703 2065 non

2098 2098 2212 2165 fuit
2241 2099 2305 2150 in
2346 2098 2465 2162 illo,
2497 2102 2594 2163 est,
2627 2102 2678 2151 et
2706 2112 2819 2151 non
2841 2115 2858 2150 :
2887 2098 2980 2151 sed
3003 2102 3099 2167 est,
3115 2099 3178 2152 in
3205 2100 3306 2152 illo
3331 2099 3464 2166 fuit.
3491 2097 3700 2165 (Amb.)

2099 2184 2387 2248 Quantum
2435 2183 2508 2238 ad
2553 2182 2786 2239 idoneos
2844 2184 3236 2257 praedicatores
3292 2184 3554 2256 pertinet,
3595 2184 3706 2239 hoc

2101 2271 2268 2330 debet
2289 2289 2429 2340 esse,
2442 2278 2509 2328 ut
2522 2271 2596 2327 sit
2613 2273 2761 2347 apud
2790 2289 2906 2339 eos,
2929 2278 3034 2341 est,
3052 2279 3156 2337 est,
3179 2289 3312 2343 non,
3337 2289 3470 2340 non,
3496 2279 3562 2333 ut
3587 2289 3706 2328 non

2103 2360 2256 2416 aliud
2270 2360 2496 2429 faciant,
2510 2377 2682 2433 quam
2706 2361 2892 2416 sciunt
2912 2362 3079 2417 utile:
3106 2361 3241 2434 quia
3256 2361 3408 2417 enim
3437 2361 3705 2435 frequen-

2101 2455 2192 2504 ter
2218 2449 2368 2504 aliud
2401 2449 2679 2518 volumus,
2705 2467 2874 2523 quam
2905 2456 2992 2506 est
3017 2450 3176 2517 utile,
3195 2467 3266 2507 ne
3294 2451 3552 2509 voluntas
3577 2450 3708 2505 vin-

2102 2543 2194 2593 cat
2222 2538 2546 2605 utilitatem,
2575 2538 2702 2593 ideo
2722 2539 3024 2611 Apostolus
3042 2539 3316 2594 voluntati
3351 2555 3465 2595 suae
3494 2539 3709 2599 utilita-

2103 2631 2220 2682 tem
2234 2627 2558 2701 praeposuit,
2583 2643 2653 2682 ne
2679 2627 2789 2685 iret
2816 2628 2887 2683 ad
2915 2628 3061 2684 illos.
3092 2628 3158 2684 In
3186 2627 3408 2691 Christo
3436 2628 3587 2683 enim
3619 2629 3709 2685 Je-

2108 2732 2175 2770 su
2203 2732 2315 2771 non
2341 2715 2452 2771 fuit
2485 2721 2588 2782 est,
2634 2721 2693 2771 et
2733 2733 2866 2785 non,
2909 2717 3008 2772 sed
3049 2723 3136 2772 est
3176 2717 3237 2772 in
3284 2716 3380 2771 illo
3409 2716 3530 2785 fuit,
3569 2716 3711 2789 quia

429 2806 593 2874 simo,
605 2807 755 2862 unde
771 2812 829 2861 et
844 2806 1146 2878 Apostolus
1163 2806 1402 2877 gloriam
1422 2822 1583 2861 suam
1594 2805 1769 2860 videri
1784 2811 2030 2863 testatur
2109 2820 2401 2877 nunquam
2431 2804 2585 2859 aliud
2604 2805 2781 2861 voluit
2809 2822 2981 2878 quam
3000 2805 3148 2878 quod
3177 2811 3264 2861 est
3290 2804 3449 2875 utile,
3481 2822 3710 2881 semper

426 2895 488 2949 in
520 2895 668 2950 ﬁlios
696 2894 1039 2964 obedientes,
1071 2900 1130 2950 et
1172 2899 1304 2950 tunc
1351 2893 1557 2950 debere
1585 2895 1762 2950 videri
1802 2895 2028 2966 quando
2057 2961 2088 2966 _
2108 2893 2262 2948 enim
2281 2893 2672 2964 voluntasejus
2683 2911 2814 2950 cum
2832 2894 3077 2951 utilitate
3089 2899 3202 2964 est;
3222 2911 3324 2951 nec
3343 2900 3431 2950 est
3441 2895 3710 2951 immuta-

416 2983 665 3054 prodest,
699 2983 757 3038 id
786 2987 891 3051 est,
908 2982 971 3038 in
995 2961 1085 3038 die
1098 2981 1299 3059 judicii
1318 2981 1440 3037 Dei.
1468 2983 1588 3037 Hoc
1603 2961 2024 3054 dicens,_persev
2047 2961 2090 3022 ο
2108 2987 2218 3050 tus,
2250 2988 2318 3038 ut
2344 2981 2553 3037 faceret
2579 2961 2819 3052 “invitus,
2850 2983 2998 3041 sicut
3025 2961 3216 3052 homo,
3247 2984 3396 3057 quod
3425 2989 3512 3039 est
3539 2984 3703 3051 utile,

418 3072 729 3127 vorandum
756 3076 968 3127 monet.
2105 3077 2206 3127 ant
2230 3070 2542 3143 ambigeret
2553 3072 2624 3128 de
2637 3071 3046 3147 aliquibus,aut
3064 3078 3314 3128 mutaret
3324 3073 3698 3128 voluntatem.

491 3160 559 3216 Et
588 3161 691 3216 hac
717 3162 924 3230 ﬁducia
952 3162 1236 3216 volueram
1255 3162 1421 3230 prius
1439 3162 1824 3216 venireadvos
1852 3166 1916 3216 ut
1937 3177 2023 3216 se-
2105 3161 2373 3232 Quotquot
2413 3164 2565 3217 enim
2604 3163 2996 3232 promissiones
3033 3163 3135 3219 Dei
3175 3167 3328 3231 sunt,
3370 3165 3435 3216 in
3471 3164 3570 3216 illo
3601 3166 3703 3218 est.

416 3250 660 3304 wndam
702 3251 951 3318 gratiam
979 3249 1266 3316 haberetis,
1302 3253 1351 3302 et
1378 3264 1480 3318 per
1508 3265 1600 3303 ros
1631 3233 1931 3304 transirem
1960 3252 2024 3305 in
2106 3251 2228 3305 Ideo
2257 3255 2307 3304 et
2338 3267 2440 3321 per
2482 3253 2667 3320 ipsum
2706 3266 2873 3307 anwn
2913 3252 3017 3306 Deo
3045 3251 3118 3305 ad
3143 3253 3387 3320 gloriam
3428 3255 3705 3309 nostram.

417 3338 815 3404 Macedoniam,
848 3342 899 3392 et
936 3341 1141 3392 iterum
1170 3352 1206 3391 α
1234 3338 1554 3392 Macedonia
1579 3341 1824 3393 venirem
1850 3339 2024 3393 advos
2104 3337 2465 3394 Manifestum
2502 3344 2588 3394 est
2624 3338 2758 3411 quia
2810 3355 3034 3413 semper
3076 3338 3136 3392 in
3175 3339 3292 3394 Deo
3333 3337 3542 3394 veritas
3592 3343 3706 3405 est,

417 3431 471 3480 et
486 3442 524 3480 a
545 3427 693 3480 vobis
705 3427 902 3480 deduci
916 3427 982 3480 in
993 3424 1402 3480 JudseamHaec
1412 3425 1619 3480 ﬁducia
1637 3442 1704 3480 ex
1724 3427 2024 3485 emendata

417 3518 504 3570 est
530 3513 648 3569 vita
695 3514 942 3569 illorum.
974 3514 1112 3569 Jam‘
1143 3514 1296 3568 enim
1345 3519 1404 3569 et
1441 3513 1760 3570 desiderare
1795 3531 1858 3570 se
1894 3515 2022 3571 illos

416 3602 716 3674 signiﬁcat,
750 3619 890 3675 quos
924 3607 1055 3659 ante
1083 3601 1379 3674 indignum
1398 3607 1522 3658 erat
1548 3603 1755 3658 videre.
1787 3603 2020 3659 Plenam

417 3706 552 3763 ergo
569 3691 814 3763 gratiam
826 3690 1159 3746 habuissent
1167 3691 1237 3746 de
1259 3690 1503 3746 adventu
1522 3692 1664 3763 ejus,
1681 3691 1816 3763 quia
1830 3692 2019 3765 imago

415 3785 503 3836 est
517 3780 770 3852 epistola,
785 3780 1085 3853 praesentia
1101 3785 1294 3835 autem
1312 3781 1539 3836 veritas.
1572 3781 1699 3836 Non
1711 3786 1798 3836 est
1822 3781 2016 3853 itaque

416 3868 680 3942 otiosum,
711 3869 846 3940 quia
872 3869 1115 3924 voluerit
1138 3869 1222 3924 ire
1250 3873 1310 3923 et
1335 3885 1449 3924 non
1480 3869 1567 3937 iit,
1600 3869 1841 3942 intelligi
1867 3869 2020 3925 enim

418 3941 538 4012 vult
557 3973 679 4012 esse
691 3957 910 4028 aliquos
924 3957 1074 4012 inter
1093 3973 1210 4024 eos,
1228 3972 1471 4028 quorum
1492 3973 1662 4013 causa
1673 3958 2018 4014 voluntatem

416 4060 580 4099 suam
617 4060 731 4099 non
776 4044 1046 4115 implevit,
1081 4050 1149 4099 ut
1182 4044 1436 4100 adhibita
1462 4061 1635 4117 opera
1661 4045 2022 4119 puriﬁcaren—

417 4138 531 4188 tur.

2104 3426 2210 3482 hoc
2264 3433 2369 3493 est,
2417 3443 2605 3495 amen,
2658 3427 3016 3483 manifestata
3071 3443 3173 3500 per
3219 3427 3524 3495 Christum,
3580 3433 3716 3499 post

2102 3532 2205 3588 per
2241 3517 2524 3591 apostolos
2583 3517 2885 3590 praedicata
2929 3516 3001 3573 ad
3054 3514 3294 3589 gloriam
3335 3515 3458 3583 Dei,
3512 3515 3712 3588 signo-

2100 3620 2230 3659 rum
2280 3605 2583 3660 virtutibus
2641 3605 3029 3661 testimonium
3091 3603 3517 3678 perhibentibus
3573 3621 3716 3660 vera

2100 3710 2241 3759 esse,
2293 3710 2416 3769 quae
2470 3693 2732 3766 promisit
2797 3694 2949 3750 Deus
3000 3710 3104 3768 per
3156 3693 3444 3748 Christum
3515 3693 3712 3749 Domi-

2098 3799 2237 3838 num
2295 3789 2571 3839 nostrum.
2623 3782 2817 3838 Gloria
2874 3782 3026 3839 enim
3092 3781 3194 3838 Dei
3255 3787 3374 3849 est,
3436 3798 3564 3836 cum
3634 3782 3709 3837 ab

2095 3869 2192 3929 illo
2221 3872 2429 3940 omnia,
2463 3877 2522 3926 et
2556 3887 2660 3944 per
2704 3871 2886 3938 illum,
2918 3876 2976 3926 et
3012 3870 3071 3926 in
3116 3870 3214 3925 illo
3262 3887 3385 3926 esse
3413 3868 3703 3928 dicuntur.

2099 3962 2209 4028 Qui
2236 3966 2421 4017 autem
2449 3963 2746 4030 conﬁrmat
2769 3977 2864 4015 nos
2887 3962 3162 4017 vobiscum
3181 3963 3244 4016 in
3271 3961 3502 4026 Christo,
3527 3965 3578 4014 et
3599 3963 3709 4031 qui

2100 4052 2265 4102 unwit
2304 4064 2401 4103 nos
2442 4050 2602 4114 Deus,
2634 4053 2683 4102 et
2729 4051 2831 4118 qui
2876 4051 3128 4118 signavit
3175 4064 3290 4115 nos,
3333 4053 3384 4103 et
3423 4048 3568 4102 dedit
3605 4050 3704 4119 pi-

2097 4151 2245 4203 gnus
2288 4139 2523 4206 spiritus
2568 4139 2635 4191 in
2681 4137 2936 4191 cordibus
2982 4139 3205 4195 nostris.
3241 4134 3527 4195 Christum
3563 4134 3708 4193 dicit

487 4221 599 4276 Hoc
611 4236 736 4289 ergo
757 4222 1023 4289 cogitans,
1050 4222 1314 4291 nunquid
1341 4223 1557 4276 levitate
1583 4238 1718 4276 usus
1745 4237 1892 4289 sum,
1919 4228 2074 4299 aut“
2097 4224 2432 4280 conﬁrmare
2448 4229 2646 4296 gentes
2666 4224 2725 4283 in
2757 4224 2926 4280 ﬁdem
2954 4225 3292 4299 promissam
3319 4223 3546 4291 Iudaeis,
3561 4224 3704 4296 quia

423 4326 544 4380 quae
562 4312 735 4378 cogito
752 4310 1055 4364 secundum
1081 4324 1307 4364 carnem
1332 4312 1523 4381 cogito,
1547 4315 1612 4364 ut
1639 4313 1712 4365 sit
1737 4312 1887 4380 apud
1912 4310 2075 4379 me,”
2098 4311 2220 4385 ipse
2247 4318 2335 4368 est
2364 4311 2460 4385 qui
2490 4312 2621 4368 fecit
2648 4318 2889 4389 utraque
2906 4329 3105 4383 unum,
3119 4313 3176 4370 id
3196 4316 3300 4379 est,
3326 4311 3706 4371 circumcisio-

421 4403 518 4466 est,
549 4404 645 4466 est,
679 4414 812 4466 non,
844 4412 978 4453 non.
1010 4395 1293 4463 Quoniam
1321 4396 1485 4465 dixit,
1513 4398 1803 4454 volueram
1830 4399 2021 4454 venire
2101 4416 2233 4456 nem
2263 4406 2322 4458 et
2344 4401 2704 4475 praeputium,
2733 4401 2794 4457 in
2820 4418 2936 4458 uno
2964 4418 3107 4457 novo
3132 4401 3361 4458 homine
3378 4401 3588 4463 faciens
3602 4418 3704 4477 pa-

418 4487 490 4544 ad
519 4504 634 4557 vos,
683 4492 740 4542 et
779 4502 895 4542 non
939 4485 1025 4555 iit,
1075 4485 1301 4555 ideirco,
1333 4487 1605 4557 Nunquid
1647 4490 1860 4543 levitate
1888 4504 2020 4543 usus
2101 4505 2243 4549 cem.
2280 4490 2554 4547 Dominus
2590 4506 2725 4562 ergo
2763 4491 3061 4547 conﬁrmat
3101 4495 3160 4546 et
3192 4490 3362 4558 Deus,
3402 4493 3503 4563 qui
3529 4495 3706 4549 unxit

400 4593 564 4643 sum,
590 4575 798 4648 inquit,
819 4580 921 4630 aut
939 4579 1244 4646 quamgito
1269 4577 1572 4631 secundum
1595 4591 1822 4631 carnem
1847 4580 2019 4645 cogito
2102 4595 2216 4646 nos,
2240 4578 2298 4634 id
2328 4584 2433 4645 est,
2462 4578 2561 4652 qui
2590 4578 2747 4635 dedit
2774 4579 2989 4651 regiam
3016 4578 3520 4649 honoriﬁcentiam,
3552 4578 3705 4637 sicut

420 4671 483 4720 ut
511 4668 584 4720 sit
610 4666 761 4734 apud
787 4680 872 4718 me
900 4668 977 4718 cst
1005 4669 1055 4718 et
1083 4680 1216 4720 non.
1238 4665 1320 4720 Ac
1349 4663 1396 4719 si
1424 4669 1619 4736 aperte
1649 4663 1800 4720 dicat
1814 4665 2018 4722 idcirco
2097 4665 2235 4722 dicit
2274 4667 2474 4723 Petrus
2512 4667 2819 4740 apostolus,
2859 4671 2995 4739 quia
3036 4684 3250 4735 sumus,
3288 4667 3492 4746 inquit,
3521 4683 3705 4742 genus

422 4750 818 4808 mutabilitatis
827 4766 968 4806 aura
978 4767 1091 4806 non
1108 4752 1890 4824 moveat,quialevitatisvitio
1903 4770 2017 4809 non
2097 4759 2279 4825 regale
2306 4756 2371 4825 (Ι
2395 4758 2543 4812 Petr.
2576 4759 2656 4828 ιι),
2688 4772 2793 4829 per
2827 4756 3153 4812 unctionem
3180 4756 3510 4833 spiritalem.
3533 4756 3705 4828 cujus

422 4837 1110 4910 succumbo,quiavidetur
1119 4840 1216 4915 qui
1227 4841 1790 4914 dicitaliquid,etnon
1802 4842 2021 4898 facitle-
2099 4848 2268 4915 typus
2290 4842 2401 4898 fuit
2427 4843 2488 4900 in
2516 4842 2746 4916 regibus
2769 4844 3110 4901 Iudaeorum.
3127 4845 3236 4914 Qui
3250 4849 3300 4901 el
3311 4846 3559 4914 signavit
3574 4860 3697 4911 nas,

422 4930 596 4986 vitate
613 4927 718 4983 uti.
734 4927 865 4982 Ideo
885 4943 958 4981 ne
977 4926 1122 4982 forte
1139 4927 1294 4984 istud
1311 4929 1380 4984 de
1393 4929 1662 5002 Apostolo
1672 4929 2018 4986 arbitraren-
2099 4931 2285 4986 dando
2305 4931 2568 5004 spiritum
2597 4948 2766 4989 suum
2791 4932 2954 4988 nobis
2980 4933 3204 5004 pignus,
3223 4938 3288 4992 ut
3311 4949 3425 4989 non
3450 4931 3708 5007 ambiga-

422 5025 538 5086 tur,
555 5018 662 5074 hoc
674 5020 898 5090 purgat,
913 5014 1167 5087 quianon
1188 5015 1340 5070 istud
1355 5017 1570 5085 leviter,
1584 5018 1683 5073 sed
1699 5034 1828 5073 cum
1841 5019 2021 5075 consi-
2099 5036 2228 5075 mus
2255 5019 2325 5076 de
2354 5021 2646 5093 promissis
2683 5022 2824 5093 ejus.
2857 5021 2917 5077 Si
2953 5022 3107 5076 enim
3145 5021 3327 5078 adhuc
3365 5020 3705 5078 mortalibus

422 5108 500 5164 lio
533 5106 685 5174 fecit,
729 5112 796 5161 ut
835 5120 950 5161 non
995 5103 1258 5177 impleret
1305 5106 1456 5176 quod
1503 5107 1876 5179 disposuerat.
1907 5109 2019 5164 Aut
2100 5108 2363 5181 spiritum
2395 5124 2561 5165 suum
2589 5109 2845 5179 credidit,
2876 5109 3109 5166 dubium
3135 5125 3249 5166 non
3278 5115 3382 5179 est,
3415 5110 3550 5187 quin
3571 5111 3701 5183 jam

424 5197 813 5266 nunquidquae
824 5196 1014 5262 cogito,
1031 5191 1236 5264 inquit,
1249 5194 1547 5275 secqndum
1561 5211 1786 5252 carnem
1810 5197 2019 5268 cogito?
2099 5197 2512 5254 immortalibus
2539 5198 2711 5253 addat
2736 5199 2808 5254 ad
2834 5199 3092 5272 gloriam.
3119 5199 3310 5256 Unum
3333 5204 3526 5255 tamen
3550 5216 3699 5273 opus

426 5285 523 5361 qui
550 5285 702 5339 enim
741 5283 1050 5338 secundum
1078 5297 1306 5337 carnem
1348 5281 1575 5354 cogitat,
1603 5288 1742 5341 tunc
1765 5301 1880 5342 non
1907 5285 2017 5340 im-
2099 5285 2236 5342 dicit
2247 5286 2432 5343 Patris
2446 5291 2505 5342 et
2518 5286 2664 5355 Filii,
2676 5288 2811 5360 quia
2819 5292 2879 5343 et
2892 5286 3179 5344 Christum
3206 5288 3342 5343 dicit
3358 5289 3703 5344 conﬁrmare

424 5374 544 5448 plet
570 5388 694 5444 quae
733 5369 996 5441 disponit,
1029 5369 1256 5443 quando
1295 5375 1397 5425 aut
1442 5373 1700 5445 personis
1726 5374 2018 5446 ampliori-
2100 5379 2159 5430 et
2185 5374 2386 5431 Deum.
2404 5375 2585 5440 Quem
2611 5375 2763 5431 enim
2791 5377 3090 5432 conﬁrmat
3116 5377 3282 5445 ﬁlius,
3312 5378 3611 5433 conﬁrmat
3634 5385 3702 5434 et

423 5463 530 5519 bus
572 5461 771 5528 defert,
805 5464 906 5514 aut
931 5464 1086 5515 certe
1112 5458 1302 5527 lucris,
1333 5464 1436 5515 aut
1459 5456 1827 5532 apparatibus
1849 5461 2019 5518 vinci-
2096 5463 2287 5533 Pater,
2300 5469 2503 5521 etcum
2529 5464 2630 5522 dat
2652 5464 2930 5537 Spiritum
2942 5464 3130 5536 Pater,
3146 5466 3247 5527 dat
3270 5470 3332 5527 et
3356 5464 3549 5535 Filius,
3562 5465 3703 5541 quia
